4086 6168
424 355 574 427 {Oli

1428 349 1914 420 HUMBEHTUS
1960 351 2026 416 S.
2073 350 2149 415 Il.
2194 350 2265 415 Ε.
2311 346 2807 416 GARDINALIS.

3640 343 3826 408 .1012

420 495 487 555 X.
519 497 597 554 De
635 492 1037 567 imperfectimze
1066 490 1403 564 baptismatis
1432 490 1813 546 haereticorum
1839 494 2062 543 senten-
2093 486 2150 553 Α
2175 484 2343 542 XVII.
2377 481 2776 558 Recapitulatio
2821 482 2975 540 unde
3020 498 3207 555 supra.
3248 477 3453 538 Deinde
3502 478 3648 535 beati
3713 478 3823 535 Au-

498 588 595 644 tiae
620 585 932 640 sanctorum
961 583 1213 636 Patrum.

423 674 515 731 ΧΙ.
543 674 642 731 Ubi
663 679 978 728 sanctorum
1015 672 1246 724 Patrum
1291 666 1579 722 sententia?
1623 666 1971 735 promuntur,
2005 663 2067 717 in

496 763 690 834 quibus
718 763 831 816 sint
861 760 1107 815 haeretici
1137 756 1374 811 vitandi.

427 852 547 909 XII.
578 853 654 907 De
692 848 1131 905 ordinationibus
1188 846 1590 907 hzcreticorum,
1626 842 1796 913 juxta
1844 842 2071 896 beatum

499 940 891 997 Innocentium.

426 1030 573 1086 XIII.
610 1027 755 1085 Unde
777 1042 963 1096 supra,
994 1024 1293 1079 secundum
1322 1025 1536 1078 beatum
1568 1022 1905 1090 Gregorium.

428 1116 571 1172 XIV.
619 1114 1011 1186 Recapitulatio
1065 1113 1411 1184 superiorum
1466 1110 1859 1165 sententiarum
1923 1107 2072 1161 beati

502 1204 748 1273 Gregorii
775 1206 965 1260 contra
995 1203 1159 1267 falsos
1188 1203 1676 1269 argumentatores.

427 1293 548 1350 XV.
580 1294 656 1349 De
669 1294 911 1363 pr0priis
939 1295 991 1344 et
1021 1290 1341 1360 impropriis
1366 1286 1714 1351 dictionibus,
1747 1287 1795 1340 et
1832 1285 2071 1340 vanitate

499 1382 959 1437 Simoniacorum.

428 1469 574 1526 XVI.
606 1468 884 1524 Sententia
910 1468 1089 1521 sancti
1118 1465 1389 1522 Ambrosii
1421 1464 1487 1521 de
1512 1462 1950 1522 ordinationibus
1983 1461 2069 1519 Si-

500 1557 901 1613 moniacorum.

2247 576 2457 647 gustz'ni
2484 577 2780 631 sententia.

2176 665 2377 729 XVIII.
2404 666 2478 719 De
2504 663 2877 719 mercantibus
2901 663 3324 719 ecclesiasticam
3349 659 3675 731 dignitatem
3703 674 3827 712 san-

2249 760 2457 809 ctorum
2488 756 2721 807 Patrum
2747 753 3053 808 sententiae.

2181 842 2325 898 XIX.
2352 842 2607 913 Reputsio
2635 857 2824 896 eorum
2854 842 2950 911 qui
2977 840 3169 895 dicunt
3204 838 3549 893 Simoniacos
3589 836 3830 907 gratiam

2254 931 2456 986 habere
2481 948 2515 985 α
2544 947 2651 1001 qua
2681 930 3048 1001 deponantur.

2181 1018 2296 1074 XX.
2332 1018 2482 1086 Quod
2512 1017 2812 1072 Simoniaei
2836 1018 2956 1073 sine
2984 1017 3089 1088 ﬁde
3115 1016 3249 1083 sint,
3280 1015 3527 1085 quodque
3552 1015 3661 1070 sibi
3704 1030 3831 1070 con-

2250 1108 2542 1162 sentientes
2572 1106 2679 1177 ﬁde
2704 1109 2944 1179 privent.

2183 1196 2323 1251 XXI.
2358 1196 2610 1267 Reputsio
2640 1212 2829 1252 eorum
2857 1197 2953 1267 qui
2981 1194 3167 1251 dicunt
3195 1192 3392 1249 haberi
3413 1196 3463 1247 et
3484 1194 3632 1265 juste
3664 1207 3835 1263 posse-

2251 1284 2376 1339 dari
2398 1284 2671 1356 Spiritum
2699 1292 2950 1340 sanctum
2979 1283 3048 1340 ab
3076 1298 3135 1338 eo
3166 1282 3265 1353 qui
3294 1282 3500 1351 iniuste
3529 1282 3760 1353 accepit.

2182 1374 2505 1445 Exptieiunt
2531 1373 2778 1445 capitula
2808 1372 2943 1429 libri
2966 1372 3141 1445 primi
3180 1369 3623 1428 Antisimoniaci.

1286 1779 1749 1873 INCIPIT
1829 1777 2446 1872 LIBELLUS
2516 1776 2982 1872 PRIMUS

430 1954 643 2013 Contra
668 1955 971 2014 haereticos
1001 1959 1058 2013 et
1086 1954 1338 2012 maxime
1368 1954 1753 2021 Simoniacos,
1786 1954 1972 2010 instar
2000 1952 2218 2025 dialogi
2241 1953 2361 2025 sub
2389 1954 2626 2010 nomine
2657 1952 3026 2025 Corruptoris
3054 1955 3112 2008 et
3140 1950 3511 2024 Correptoris,
3529 1948 3719 2005 editus
3751 1949 3822 2004 ab

1210 2027 1550 2095 Humberto,
1584 2030 1796 2083 sancta:
1823 2026 2094 2082 Romanis
2124 2023 2393 2081 Ecclesiae
2424 2025 2704 2081 cardinali
2756 2023 3049 2098 episcopo.

1926 2156 2331 2170 _

962 2259 1188 2315 CAPUT
1227 2259 1537 2315 PRIMUM.

501 2349 862 2405 Conanp'roa.
898 2347 961 2402 In
991 2347 1553 2419 ipsocontroversize
1585 2362 1707 2404 suae
1758 2346 2070 2414 vestibulo,

429 2436 679 2509 prteﬁxis
708 2435 933 2507 aliquot
962 2436 1032 2490 ad
1065 2435 1461 2491 defensionem
1486 2435 1576 2491 sui
1602 2451 1962 2506 suorumque
1984 2451 2076 2489 ea-

430 2523 838 2599 pitulis,quasi
870 2524 1225 2595 quibusdam
1258 2523 1607 2596 muscipulis
1633 2523 1847 2595 aptatis
1867 2527 1969 2579 aut
1986 2539 2075 2578 ca-

430 2612 597 2669 sibus
606 2613 681 2694 ad
694 2611 1134 2685 illaqueandum
1147 2613 1314 2667 incau
1324 2616 1412 2668 tos
1427 2612 2075 2684 praetensis,subversus

430 2701 743 2758 subversor
783 2705 960 2773 atque
990 2702 1268 2758 seductus
1292 2701 1834 2767 seductor,tandem
1864 2699 2077 2756 violen-

428 2794 527 2847 tus
540 2790 613 2847 ab
631 2789 979 2846 insidiarum
996 2789 1283 2846 cuniculis
1304 2790 1749 2863 emergit,atque
1770 2791 1827 2845 in
1847 2790 1965 2845 haec
1984 2808 2075 2845 ar-

430 2884 713 2954 gumenta
725 2880 797 2934 ad
813 2880 1219 2936 suﬁ'ocandum
1241 2878 1498 2935 irretitos
1522 2883 1755 2952 repente
1780 2879 2035 2950 erumpit
2061 2896 2073 2935 :

502 2970 914 3025 Coawnroa.«
929 2968 1031 3024 His
1050 2984 1188 3041 ergo
1220 2968 1450 3024 relectis
1481 2968 2076 3041 capitulis,ojustitize

432 3055 761 3124 dilectores,
776 3055 1318 3127 liquidiusaudislis
1340 3057 1495 3128 quod
1516 3074 1548 3111 ει
1564 3057 2079 3129 pseudoepiscopis

436 3144 726 3201 ordinatio
749 3145 902 3201 facta
931 3150 1130 3217 posset
1160 3149 1286 3201 rata
1314 3146 1657 3201 consistere.
1693 3169 1715 3197 ι

501 3233 861 3290 Coanema.
894 3233 1299 3289 Veneﬁcorum
1328 3238 1419 3289 est
1448 3233 1731 3290 mortiferi
1754 3232 1947 3306 poculi
1978 3250 2080 3289 ora

433 3320 799 3392 aliquantulo
821 3320 991 3377 melle
1017 3321 1301 3391 imbuere,
1335 3326 1400 3377 ut
1431 3326 1785 3393 praegustata
1832 3322 2077 3378 dulcedo

429 3406 838 3464 incunctanter
866 3408 1040 3464 faciat
1070 3409 1367 3465 absorberi
1400 3410 1685 3481 quidquid
1704 3415 1971 3482 superest
2002 3411 2077 3467 le-

427 3493 607 3550 thale.
640 3495 801 3558 Quod
833 3494 945 3551 iste
974 3495 1363 3552 calumniator
1393 3498 1600 3553 fecisse
1630 3498 1917 3570 arguitur,
1950 3500 2072 3568 ubi,

2102 2258 2151 2323 B
2182 2256 2381 2313 nulfus
2394 2275 2428 2313 a
2442 2256 2855 2330 CaroloMagno
2867 2257 3218 2330 imperatore
3230 2257 3830 2327 computatursextus,

2186 2350 2287 2401 aut
2302 2346 2777 2418 septimus.0uod
2796 2346 2844 2402 si
2868 2345 3189 2419 capitulum
3209 2343 3355 2400 illud
3372 2344 3586 2399 idcirco
3613 2358 3687 2399 ex
3701 2359 3832 2398 con-

2183 2435 2315 2491 cilio
2332 2435 2562 2492 Niczeno
2580 2436 2802 2508 putavit
2823 2433 3323 2507 prastitulandum,
3343 2432 3482 2504 quia
3506 2431 3737 2504 aliquot
3751 2447 3835 2487 ca-

2184 2523 2372 2595 pitula
2389 2540 2591 2580 eorum
2614 2542 2742 2597 quae
2764 2524 3089 2595 subjunxit,
3112 2539 3181 2579 ex
3195 2522 3296 2579 illo
3316 2520 3564 2578 concilio
3584 2520 3732 2589 sint;
3751 2518 3833 2576 vel

2184 2613 2523 2669 admonitus
2537 2618 2851 2685 cognoscat
2868 2612 3097 2668 nullum
3115 2610 3259 2667 inibi
3278 2627 3341 2667 se
3353 2608 3681 2681 subjecisse
3703 2625 3835 2681 pra:-

2184 2704 2272 2756 ter
2287 2701 2479 2757 solum
2502 2703 2574 2757 de
2592 2702 2855 2758 Catharis
2881 2701 3225 2773 capitulum.
3250 2700 3397 2756 Hinc
3427 2714 3566 2771 ergo
3598 2702 3837 2770 apparet

2185 2794 2441 2860 quantus
2472 2790 2548 2845 sit
2588 2789 2979 2846 calumniator
3027 2790 3151 2862 qui,
3180 2789 3367 2845 victus
3415 2803 3635 2852 errore,
3671 2802 3833 2843 men-

2184 2878 2382 2934 tiendo
2412 2895 2648 2951 quoque
2677 2883 2879 2935 contra
2901 2879 3224 2935 maximum
3242 2881 3300 2934 et
3316 2875 3718 2933 omnimundo
3741 2890 3836 2931 no-

2184 2966 2483 3023 tissimum
2496 2968 2941 3041 venerabileque
2953 2963 3837 3037 concilium,impudenterlaboo

2186 3060 2277 3111 rat
2296 3073 2574 3129 apparere
2590 3057 2908 3113 victor.Sed
2927 3058 3054 3129 jam
3078 3056 3233 3112 dicta
3269 3054 3431 3110 illius
3469 3052 3834 3110 eventilando

2188 3145 2615 3201 discernantur.

2825 3234 3060 3291 CAPUT
3101 3236 3171 3290 ΙΙ.

2259 3324 2565 3381 Praemisso
2588 3324 2795 3381 Leonis
2816 3341 2978 3398 papa:
2995 3323 3151 3380 beati
3170 3327 3228 3379 et
3248 3322 3449 3395 magni
3468 3321 3731 3377 doctoris
3752 3336 3838 3376 ca-

2186 3412 2395 3485 pitulo,
2424 3429 2677 3470 errorem
2711 3429 2886 3469 suum
2910 3412 3285 3469 corroborare
3324 3414 3573 3467 conatur
3620 3425 3694 3465 ex
3746 3424 3833 3475 eo,

2185 3501 2353 3572 quasi
2383 3502 2457 3557 de
2487 3500 2838 3558 Simoniacis
2868 3506 2971 3557 aut
2991 3504 3145 3557 certe
3167 3502 3237 3556 de
3263 3498 3396 3556 aliis
3426 3498 3716 3555 haereticis
3738 3496 3841 3553 ali-

429 3581 665 3638 ordiens
685 3582 1573 3657 tendiculascapitulorum,quaa
1597 3602 2069 3657 quaquaversum
2102 3614 2145 3681 Ο
2184 3589 2316 3661 quis
2332 3589 2451 3647 illic
2472 3590 2525 3647 ei
2546 3590 2723 3646 fuerit
2737 3596 3016 3658 sermo,et
3038 3606 3152 3645 non
3175 3589 3371 3660 potius
3396 3588 3471 3643 de
3499 3584 3832 3654 catholicis,

428 3670 845 3727 emendicando
859 3676 916 3727 et
926 3688 1044 3728 suae
1058 3671 1473 3744 disputationis
1487 3673 1709 3729 foribus
1722 3675 2071 3747 praeﬁgendo

430 3764 791 3833 corruperat,
821 3759 970 3816 inﬁt.

497 3849 900 3905 Coannmn.«
919 3849 1141 3905 Abhinc
1167 3849 1443 3923 praeclara
1464 3856 1795 3923 sequuntur
1814 3852 2072 3909 testimo-

426 3937 545 4004 nia,
564 3938 781 4008 quibus
801 3954 962 4009 papas
975 3938 1234 3995 Formosi
1256 3938 1546 3995 ordinatio
1578 3945 1705 3996 rata
1734 3945 1791 3996 et
1811 3940 2072 4013 legitima

424 4039 553 4080 esse
585 4028 966 4081 monstratur.
1003 4048 1031 4075 ››

495 4111 857 4169 Conanma.
881 4114 1041 4170 Hanc
1072 4116 1478 4173 sententiolam
1511 4134 1701 4187 suam,
1726 4122 1791 4173 ut
1819 4118 1868 4173 ei
1893 4119 2071 4174 maxi-

424 4214 591 4255 mum
621 4199 953 4256 conciliaret
981 4202 1253 4268 favorem,
1287 4209 1344 4258 et
1381 4206 1655 4261 omnibus
1685 4206 1940 4261 efﬁceret
1982 4222 2069 4262 re-

422 4288 737 4344 verendam
778 4288 867 4344 vel
914 4305 982 4346 ex
1012 4290 1267 4346 maxime
1295 4295 1353 4346 et
1376 4293 1565 4363 primo
1610 4294 1816 4365 synodi
1864 4298 2067 4351 aucto-

424 4376 616 4443 ritate,
634 4375 779 4432 falso
804 4377 1175 4448 praetitulavit
1203 4395 1271 4435 ex
1300 4380 1545 4437 concilio
1574 4381 1827 4438 Niczeno.

493 4464 557 4518 In
572 4479 688 4535 qua
708 4464 1374 4539 utiquepraasumptione
1390 4468 1583 4540 qualis
1596 4468 1844 4526 habetur
1858 4471 1918 4527 in
1932 4472 2071 4527 sub-

422 4553 806 4624 sequentibus
838 4554 1112 4624 innotuit,
1147 4556 1248 4628 qui
1296 4556 1486 4628 ipsam
1533 4575 1652 4613 suaa
1711 4560 2065 4617 narrationis

411 4640 660 4711 januam
717 4643 1041 4711 mendacio,
1076 4645 1217 4716 quin
1258 4646 1454 4717 potius
1484 4647 1807 4720 sacrilegio,
1832 4648 2061 4720 polluit.

316 4732 327 4745 '
417 4727 616 4799 Neque
637 4730 793 4786 enim
816 4732 1137 4804 capitulum
1160 4732 1305 4788 illud
1329 4734 1715 4806 primum,aut
1741 4736 2063 4795 versiculus

416 4813 479 4870 in
501 4820 629 4871 toto
650 4818 879 4874 Nicano
899 4820 986 4876 vel
1012 4821 1072 4875 in
1090 4821 1285 4894 aliquo
1315 4827 1448 4894 post
1472 4823 1667 4895 ipsum
1699 4826 1942 4882 concilio
1972 4827 2059 4882 in-

414 4904 685 4972 venitur;
714 4922 820 4962 nec
849 4908 921 4963 de
952 4925 1113 4980 papae
1147 4911 1409 4965 Formosi
1440 4912 1827 4982 ordinatione,
1859 4919 2057 4972 utrum

415 4995 543 5047 rata
572 5009 644 5048 an
678 4993 839 5049 irrita
862 4994 1131 5051 habenda
1161 4997 1255 5063 sit,
1285 4997 1610 5070 quidquam
1642 5000 1700 5054 in
1718 5002 2063 5069 Nicaano,vel

412 5079 475 5136 in
500 5080 694 5153 aliquo
711 5087 843 5155 post
864 5083 1058 5156 ipsum
1083 5086 1324 5142 concilio
1345 5091 1757 5153 tractatur,aut
1777 5097 2064 5149 monstra-

411 5172 669 5240 tur,cum
689 5172 865 5228 etiam
885 5172 972 5229 vel
995 5172 1199 5229 leviter
1214 5173 1327 5230 tale
1348 5175 1491 5246 quid
1515 5177 1799 5249 suspicari
1822 5180 2061 5237 inﬁnitas

413 5257 647 5314 sultitize
670 5264 986 5332 reputetur.
1014 5262 1157 5317 Nam
1183 5261 1336 5318 inter
1356 5262 1649 5321 Nicaanam
1685 5269 1974 5338 synodum
2003 5274 2061 5325 et

412 5361 626 5416 papam
657 5348 999 5405 Formosum
1034 5351 1338 5423 quingenti
1372 5356 1429 5407 et
1457 5352 1713 5425 amplius
1745 5357 1881 5411 anni
1907 5358 2058 5413 inve-

411 5431 659 5488 niuntur
686 5439 751 5489 ut
779 5442 922 5508 puta
954 5438 1107 5494 inter
1138 5441 1458 5495 maximum
1492 5439 1938 5499 Constantinum
1998 5451 2056 5503 et

407 5518 813 5590 imperatorem
843 5527 1173 5595 Arnulfum,
1206 5529 1376 5598 cujus
1423 5527 1709 5597 adjutorio
1737 5529 2049 5590 Formosus

409 5608 736 5666 Romanum
756 5613 1055 5682 praevaluit
1067 5616 1310 5672 retinere
1322 5614 1933 5687 pontiﬁcatum.Porro
1947 5624 2050 5677 Ar-

2182 3677 2398 3749 siquos
2421 3679 2566 3734 forte
2583 3679 2873 3751 praepositi
2895 3678 3160 3735 Ecclesia;
3177 3677 3529 3749 ignorantia,
3562 3691 3662 3731 seu
3692 3689 3835 3745 prse-

2181 3767 2536 3838 sumptione,
2559 3765 2646 3822 vel
2668 3766 3013 3823 necessitate
3033 3784 3151 3823 non
3179 3765 3506 3822 secundum
3529 3761 3833 3819 subtilita-

2180 3858 2299 3911 tem
2322 3870 2612 3911 canonum
2635 3859 3109 3922 consecrant,aut
3128 3852 3528 3911 consecrarint
3558 3851 3833 3924 aliquan-

2180 3943 2429 3999 do.Fieri
2449 3944 2603 4000 enim
2626 3945 2903 4016 potuit,et
2922 3943 3152 4015 poterit,
3163 3946 3225 3999 ut
3244 3947 3349 3999 aut
3367 3939 3677 4008 unum,vel
3693 3941 3831 4009 duo,

2180 4034 2283 4087 aut
2300 4030 2477 4087 simul
2498 4032 2618 4086 haec
2637 4032 2751 4087 tria
2773 4030 3030 4104 capitula
3047 4030 3404 4088 consecratis
3420 4028 3707 4095 desint,id
3724 4030 3835 4095 est,

2180 4122 2247 4173 ut
2278 4135 2381 4174 nec
2408 4135 2442 4174 a
2466 4118 2691 4176 clericis
2723 4121 2842 4175 sint
2869 4119 3060 4186 electi,
3085 4135 3190 4175 nec
3214 4136 3248 4175 a
3276 4119 3549 4192 plebibus
3570 4116 3834 4190 expetiti,

2178 4222 2283 4262 nec
2304 4223 2337 4261 a
2366 4207 2820 4279 provincialibus
2852 4208 3141 4281 episcopis
3198 4225 3333 4264 cum
3395 4203 3832 4279 metropolitani

2167 4295 2393 4367 judicio
2418 4299 2779 4365 consecrati;
2813 4297 3031 4369 quibus
3056 4302 3253 4353 tamen
3303 4295 3668 4354 consecratio
3715 4310 3831 4349 non

2176 4386 2359 4453 deest,
2404 4386 2543 4459 quia
2580 4387 2707 4442 sine
2767 4386 3108 4459 pecuniaria
3168 4385 3482 4443 venalitate
3529 4385 3695 4441 facta
3749 4384 3836 4439 est

2176 4475 2445 4546 quamvis
2472 4490 2541 4531 ex
2568 4476 2759 4531 tribus
2789 4475 3145 4548 supradictis
3173 4474 3447 4547 capitulis
3476 4489 3626 4546 vaga
3655 4476 3719 4528 et
3744 4470 3830 4526 in-

2175 4562 2401 4619 stabilis
2449 4564 2691 4619 fluctuet
2747 4568 2805 4619 et
2862 4564 3411 4636 aberret.Alioquin,
3441 4564 3491 4619 si
3550 4560 3722 4618 nulla
3762 4559 3823 4615 in

2173 4652 2258 4707 eis
2304 4655 2460 4708 esset
2505 4651 2765 4724 episcopi
2818 4652 3197 4721 consecratio,
3233 4651 3398 4708 nulla
3443 4668 3649 4708 eorum
3698 4668 3833 4708 om-

2173 4741 2311 4796 nino
2356 4745 2511 4796 esset
2548 4740 2859 4808 ordinatio,
2907 4740 3178 4812 quamvis
3228 4738 3472 4797 clericos
3515 4741 3576 4796 in
3629 4742 3828 4799 Eccle-

2170 4828 2295 4895 siis,
2328 4846 2455 4901 quas
2484 4828 2557 4884 ad
2590 4828 2856 4901 proprios
2897 4828 3203 4901 episcopos
3252 4829 3647 4902 pertinebant,
3682 4847 3825 4887 con-

2173 4921 2336 4973 sueto
2344 4917 2570 4988 judicio
2601 4916 3061 4988 praesidentium,
3097 4921 3164 4973 ut
3192 4917 3274 4973 ita
3301 4917 3552 4984 dicatur,
3587 4918 3826 4975 ordina-

2174 5010 2319 5061 rent.
2354 5005 2551 5076 Neque
2580 5004 2736 5060 enim
2773 5004 3046 5076 quaslibet
3077 5004 3357 5072 Ecclesia,
3390 5020 3495 5061 nec
3525 5005 3829 5077 quodlibet

2163 5093 2455 5165 judicium
2486 5093 2673 5148 eidem
2693 5092 3132 5164 praesidentium
3155 5093 3343 5167 potuit
3361 5098 3462 5149 aut
3482 5094 3694 5167 poterit
3711 5094 3821 5151 ali-

2171 5182 2404 5254 quando
2434 5181 2664 5237 efﬁcere
2694 5187 2759 5237 ut
2787 5181 2999 5254 aliquis
3033 5182 3221 5254 possit
3267 5181 3444 5261 alicui
3489 5182 3628 5239 dare
3655 5182 3819 5254 quod

2167 5272 2581 5343 comprobatur
2608 5270 2731 5342 ipse
2764 5270 2926 5327 nullo
2957 5272 3129 5327 modo
3159 5268 3391 5340 habere,
3424 5270 3820 5329 consecratio-

2167 5376 2301 5415 nem
2332 5363 2519 5415 ratam
2550 5358 2682 5414 aliis
2714 5358 3047 5414 ministrare
3096 5360 3357 5416 oratione
3389 5376 3499 5416 sua
3528 5365 3583 5416 et
3611 5376 3817 5432 opera-

2164 5448 2322 5504 tione
2354 5463 2532 5520 quam
2564 5447 2677 5503 sibi
2709 5446 2822 5520 ipsi
2853 5446 3187 5503 nullatenus
3211 5448 3404 5519 potuit
3423 5449 3818 5519 accipere,aut

2162 5537 2219 5592 in
2251 5551 2313 5592 se
2334 5535 2776 5592 habere.Nonne
2793 5534 3137 5591 laudabilior
3156 5535 3215 5590 in
3233 5535 3343 5592 hoc
3363 5535 3648 5593 ordinatio
3668 5533 3811 5591 laici

2158 5622 2428 5682 catholici
2440 5623 2754 5681 haberetur
2767 5639 2945 5694 quam
2957 5624 3049 5694 cuj
3060 5622 3273 5682 uslibet
3284 5624 3539 5685 heretici
3551 5622 3812 5697 episcOpi
