4086 6168
214 414 218 417 -
260 359 424 432 {Olli

865 371 1281 438 ADVERSUS
1329 365 1799 437 SIMONIACOS
1846 362 2050 434 LIBRI
2096 369 2323 437 TRES.
2359 407 2435 422 —
2469 375 2701 440 LIBER
2747 377 3064 444 PRlMUS.

3511 377 3669 446 1014

258 501 458 560 sisolo
479 502 705 577 judicio
733 505 1136 581 episcoporum
1168 506 1430 565 ecclesiis
1460 507 1897 581 przesidentium
1928 507 1982 573 Α
2015 509 2313 576 munione,
2346 508 2479 567 licet
2508 527 2605 569 eos
2637 512 2860 586 jugiter
2900 512 3253 570 admoneant
3283 513 3471 572 facere
3505 516 3669 574 fruc-

261 598 458 665 posset
482 594 620 651 dare
652 612 828 667 quam
851 599 1002 670 quod
1030 615 1144 653 non
1176 597 1355 653 habet
1379 601 1402 652 Ρ
1429 597 1575 652 Nam
1602 596 1913 652 laicusno-

256 683 461 747 ster,si
477 685 793 740 necessitas
806 687 1083 757 postulat,
1099 687 1156 741 in
1178 686 1522 743 remissione
1544 690 1910 758 peccatorum

253 785 360 841 per
376 770 660 841 Spiritum
681 778 952 828 sanctum
977 774 1254 845 baptizat,
1281 775 1435 846 quod
1459 775 1765 829 haereticus
1789 773 1912 845 qui-

250 856 400 913 libet
414 859 646 914 etiamsi
668 861 978 933 episcopus
992 863 1242 931 dicatur,
1268 863 1412 917 nulli
1437 862 1750 934 aliquando
1765 881 1908 934 prae-

253 950 396 1002 stat.
449 950 611 1014 Quod
663 949 786 1020 ipse
818 950 1024 1007 beatus
1058 953 1190 1019 Leo,
1232 953 1290 1007 in
1333 951 1463 1007 aliis
1515 951 1906 1008 Decretalibus

250 1036 404 1102 suis,
451 1037 535 1092 sic
568 1038 876 1108 proﬁtetur
914 1045 980 1095 ut
1021 1040 1218 1112 ipsum
1251 1057 1481 1112 quoque
1511 1041 1803 1112 baptisma
1833 1042 1904 1096 ab

248 1124 542 1181 haereticis
566 1126 622 1180 in
666 1129 902 1184 nomine
933 1135 1148 1186 sancta:
1181 1131 1486 1186 Trinitatis
1531 1132 1753 1195 datum,
1801 1132 1904 1186 for-

248 1229 410 1268 mam
440 1218 670 1270 tantum
703 1216 985 1288 baptismi
1018 1219 1143 1273 sine
1177 1219 1662 1274 sanctiﬁcationis
1692 1220 1904 1274 virtute

244 1301 468 1383 habere
500 1308 799 1375 protestet.
837 1307 924 1368 Hi,
955 1308 1252 1379 inquiens,
1287 1308 1385 1378 qui
1415 1307 1772 1378 baptismum
1831 1309 1902 1362 ab

246 1390 540 1447 hareticis
573 1399 939 1466 acceperunt,
976 1413 1111 1450 cum
1149 1396 1420 1468 baptizati
1453 1400 1585 1451 ante
1614 1413 1726 1451 non
1763 1396 1896 1451 fuis-

245 1484 381 1536 sent
413 1480 538 1536 sola
558 1481 741 1536 sancti
764 1482 1016 1554 Spiritus
1042 1484 1418 1553 invocatione,
1445 1503 1546 1558 per
1577 1486 1900 1557 impositio-

244 1585 386 1624 nem
409 1587 715 1637 manuum,
743 1573 1128 1628 conﬁrmandi
1155 1578 1320 1641 sunt,
1344 1575 1482 1643 quia
1504 1576 1750 1630 formam
1775 1580 1900 1630 tan-

241 1663 382 1714 tum
414 1660 708 1732 baptismi,
732 1661 859 1716 sine
877 1663 1356 1719 sanctiﬁcationis
1373 1664 1608 1732 virtute,
1633 1682 1900 1738 sumpse-

242 1754 413 1805 runt.
452 1773 476 1798 ››
514 1751 579 1805 Et
609 1750 760 1806 hanc
792 1751 1076 1823 regulam,
1121 1757 1186 1807 ut
1223 1753 1404 1818 scitis,
1458 1756 1804 1811 servandam
1837 1757 1895 1811 in

2022 599 2119 652 tus
2151 598 2357 672 dignos
2381 603 2750 672 pmnitentize,
2777 609 2832 660 et
2852 603 3035 661 solam
3054 602 3476 678 indulgentiam
3509 622 3668 679 qua:-

2023 701 2146 741 rere
2177 692 2235 742 et
2265 696 2617 761 exspectare.

2653 782 2887 838 CAPUT
2939 783 3036 838 III.

2091 865 2148 920 Si
2181 881 2316 938 ergo
2346 868 2576 924 Cathari
2607 887 2709 941 pro
2741 872 2849 927 hoc
2883 872 3126 927 minimo
3157 887 3369 940 errore,
3405 871 3523 928 imo
3560 888 3664 945 pro

2017 950 2124 1008 hac
2157 954 2406 1011 nimium
2429 974 2627 1013 severa
2648 963 2705 1014 et
2727 959 2924 1015 minus
2946 960 3197 1014 discreta
3219 959 3506 1015 sententia
3535 977 3664 1027 sua,

2015 1045 2332 1113 computati
2369 1051 2507 1100 sunt
2533 1047 2804 1112 haeretici,
2838 1065 2972 1103 cum
3007 1049 3061 1102 in
3093 1047 3255 1102 nullo
3287 1047 3399 1103 alio
3430 1049 3666 1103 dissen-

2012 1129 2160 1184 tiant
2191 1149 2224 1185 a
2251 1134 2488 1189 veritate
2521 1135 2815 1191 catholicae
2839 1136 2997 1204 ﬁdei,
3031 1153 3131 1191 nec
3153 1136 3280 1191 sine
3313 1153 3525 1191 manus
3555 1138 3660 1192 im-

2013 1219 2299 1288 positione
2331 1228 2569 1293 possent
2615 1225 2686 1278 ad
2734 1224 2953 1279 clerum
2987 1225 3341 1279 catholicum
3403 1224 3660 1293 admitti,

2011 1313 2276 1377 potestne
2300 1316 2399 1364 aut
2432 1313 2642 1381 poterit
2667 1315 2956 1384 majorum
2991 1318 3047 1367 et
3079 1315 3342 1384 pejorum
3367 1313 3661 1369 haeretico-

2009 1413 2141 1451 rum
2190 1399 2498 1467 ordinatio,
2542 1405 2662 1468 aut,
2729 1407 2792 1456 ut
2831 1402 3065 1467 dicitur,
3127 1401 3488 1456 consecratio
3533 1407 3660 1456 rata

2008 1484 2230 1554 haberi,
2265 1505 2438 1560 quam
2466 1495 2817 1546 revertentes
2834 1490 3066 1546 Cathari
3091 1491 3216 1546 sine
3239 1507 3449 1545 manus
3473 1491 3659 1561 impo-

2007 1576 2218 1632 sitione
2252 1595 2360 1632 non
2396 1585 2644 1650 possunt
2676 1581 2942 1652 adipisci,
2982 1580 3069 1635 vel
3116 1579 3365 1635 retinere
3417 1579 3550 1646 sibi,
3584 1584 3659 1646 et,

2007 1670 2072 1719 ut
2103 1668 2438 1737 expressius
2487 1669 2701 1739 dicam,
2735 1687 2767 1723 a
2797 1669 3143 1724 Simoniacis
3174 1668 3573 1724 ordinationes
3605 1674 3662 1724 et

2007 1756 2472 1811 consecrationes
2519 1761 2884 1828 praesumpta:
2917 1757 3042 1812 sine
3085 1757 3283 1827 aliqua
3324 1757 3659 1812 considera-

239 1839 520 1894 omnibus
545 1839 818 1894 Ecclesiis
849 1840 1257 1912 prmdicamus,
1292 1847 1357 1896 ut
1385 1842 1680 1898 lavacrum
1714 1845 1894 1899 semel
1926 1877 1972 1941 B
2003 1843 2158 1897 tione
2189 1848 2245 1897 et
2276 1844 2681 1899 retractatione
2704 1846 2758 1898 in
2785 1845 3130 1900 catholicam
3161 1844 3481 1900 Ecclesiam
3513 1862 3653 1900 sus-

235 1926 460 1982 initum
492 1927 654 1983 nulla
684 1928 990 1984 iteratione
1024 1929 1292 1997 violetur,
1327 1932 1554 1987 dicente
1581 1933 1890 2003 Apostolo:

240 2039 260 2064 α
302 2015 470 2071 Unus
501 2017 674 2082 Deus,
701 2034 817 2072 una
840 2017 1006 2084 ﬁdes,
1031 2036 1214 2074 unum
1248 2020 1542 2092 baptisma
1565 2022 1786 2092 (Ep/tes.
1814 2040 1888 2087 1v,

230 2106 314 2174 5),
353 2126 376 2155 ι
416 2106 586 2177 cujus
619 2105 838 2161 ablutio
870 2105 1030 2161 nulla
1064 2107 1366 2164 iteratione
1410 2112 1741 2164 temeranda
1784 2116 1888 2178 est,

231 2195 366 2261 sed,
412 2198 480 2249 ut
511 2195 766 2250 diximus
798 2195 922 2250 sola
966 2195 1346 2252 sanctiﬁcatio
1406 2199 1589 2253 sancti
1640 2199 1892 2270 Spiritus

225 2282 566 2338 invocanda
595 2288 705 2348 est,
739 2287 803 2338 ut
834 2284 988 2355 quod
1029 2286 1099 2339 ab
1134 2285 1421 2341 haereticis
1465 2304 1636 2342 nemo
1679 2289 1891 2359 accipit

218 2388 263 2427 -ο,
297 2371 609 2427 catholicis
638 2373 1042 2427 sacerdotibus
1075 2378 1486 2444 consequatur.

305 2459 527 2531 Liquet
556 2476 714 2532 ergo,
736 2478 803 2515 ex
833 2461 926 2516 his
951 2462 1272 2517 beatissimi
1298 2463 1501 2518 Leonis
1520 2465 1714 2532 dictis,
1749 2465 1888 2537 bap-

226 2548 421 2604 tisma
443 2547 842 2602 haereticorum
870 2549 1116 2603 formam
1137 2552 1364 2604 tantum
1387 2550 1473 2605 vel
1497 2551 1748 2621 speciem
1774 2551 1889 2606 veri

225 2637 616 2708 baptismatis
655 2637 889 2703 habere,
937 2641 993 2692 et
1041 2636 1332 2692 lavacrum
1383 2638 1500 2693 sive
1532 2639 1888 2694 ablutionem

226 2725 582 2798 corporibus
617 2725 1010 2795 solummodo,
1045 2743 1158 2780 non
1182 2727 1355 2781 etiam
1381 2727 1712 2792 animabus,
1747 2745 1888 2799 prse-

224 2820 415 2880 stare,
469 2814 604 2886 quia
636 2815 762 2870 sine
793 2814 1275 2870 sanctiﬁcationis
1315 2815 1528 2871 virtute
1573 2821 1673 2871 aut
1703 2816 1890 2872 sancti

222 2903 494 2976 Spiritus
516 2903 974 2959 sanctiﬁcatione
997 2903 1170 2957 datur
1191 2908 1246 2958 et
1268 2903 1584 2975 accipitur;
1611 2906 1765 2976 quod
1785 2906 1890 2959 uti-

221 3008 345 3064 que
379 2992 454 3047 ab
490 2991 774 3047 haereticis
805 3007 974 3046 nemo
1006 2990 1215 3062 accipit
1245 2991 1331 3045 vel
1382 2993 1778 3063 consequitur.
1829 2994 1886 3046 Si

220 3085 436 3138 autem
463 3080 822 3152 baptismum
846 3079 1074 3134 Domini
1089 3080 1590 3148 Jesu,secundum
1616 3082 1886 3153 Baptistae

221 3171 305 3226 sit
338 3168 752 3224 testimonium
785 3169 842 3224 in
864 3168 1084 3240 Spiritu
1117 3175 1340 3235 sancto,
1368 3170 1432 3223 ﬁt
1455 3175 1511 3224 et
1536 3169 1652 3241 egit
1676 3174 1736 3224 ut
1767 3187 1880 3225 om-

223 3258 406 3312 nium
457 3256 726 3312 remissio
771 3260 1141 3328 peccatorum
1193 3273 1260 3310 ex
1308 3256 1405 3311 illo
1439 3257 1621 3312 valeat
1660 3259 1802 3326 ﬁeri,
1831 3243 1960 3312 etC

218 3352 406 3401 vetus
437 3346 613 3401 homo
645 3350 842 3400 noster
859 3345 1143 3411 renovari,
1181 3351 1419 3416 apparet
1449 3345 1743 3417 baptisma
1775 3346 1889 3400 hae-

221 3434 578 3500 reticorum,
611 3434 749 3506 quia
773 3434 898 3489 sine
921 3433 1110 3488 sancti
1143 3433 1396 3504 Spiritus
1431 3435 1890 3490 sanctiﬁcatione

222 3526 494 3588 constat,
516 3523 733 3578 nullam
759 3522 976 3592 peccati
994 3522 1421 3586 remissionem,
1441 3520 1660 3576 nullam
1681 3523 1889 3578 veteris

220 3610 502 3667 hominis
522 3609 977 3676 renovationem,
1003 3611 1099 3665 sed
1127 3609 1309 3665 solam
1336 3610 1620 3665 visibilem
1641 3611 1888 3667 ablutio-

219 3715 366 3755 nem
401 3698 651 3771 operari.
683 3699 845 3764 Quod
878 3703 1030 3753 certe
1062 3715 1175 3752 non
1207 3702 1443 3769 propter
1473 3699 1730 3770 aliquam
1763 3717 1891 3756 san-

217 3790 502 3844 ctitatem
537 3787 626 3842 sui
658 3787 742 3842 vel
776 3786 1159 3842 reverentiam
1203 3786 1472 3842 catholici
1524 3805 1639 3843 non
1680 3789 1890 3844 iterare

216 3880 683 3943 consenserunt,
707 3877 806 3931 sed
832 3874 1174 3931 scandalum
1198 3876 1567 3931 contentiosa:
1599 3882 1655 3931 et
1683 3878 1888 3949 inepta:

214 3964 641 4021 multitudinis
686 3965 1003 4036 prudenter
1032 3963 1375 4027 devitantes,
1430 3969 1495 4019 ut
1541 3982 1889 4037 quocunque

211 4055 406 4111 modo
427 4052 660 4109 Christo
685 4051 883 4124 plures
899 4053 1263 4120 reducerent,
1286 4050 1580 4107 lavacrum
1599 4069 1798 4108 eorum
1822 4071 1914 4109 er

211 4142 462 4199 meliori
495 4141 697 4212 utique
719 4146 884 4212 parte
905 4141 1310 4212 imperfectum
1343 4141 1734 4212 permiserunt
1762 4159 1889 4198 esse

212 4236 461 4298 ratum;
492 4230 576 4285 sic
602 4235 798 4285 tamen
829 4234 890 4285 ut
925 4247 957 4285 a
984 4228 1288 4285 catholicis
1337 4229 1755 4294 sacerdotibus,
1790 4248 1892 4302 per

211 4335 524 4376 manuum
562 4318 999 4390 impositionem
1033 4322 1090 4374 et
1125 4318 1312 4373 sancti
1365 4317 1615 4389 Spiritus
1660 4319 1889 4374 invoca-

210 4409 478 4474 tionem,
513 4407 802 4479 accipiant
825 4424 1001 4477 quam
1036 4406 1259 4460 nullam
1293 4405 1577 4461 hactenus
1600 4407 1893 4463 habebant

211 4497 759 4553 sanctiﬁcationem
791 4495 848 4549 in
880 4499 1248 4566 peccatorum
1298 4495 1772 4551 emundationem
1805 4502 1889 4550 at-

211 4603 337 4658 que
352 4585 676 4640 vetustatis
691 4583 1146 4639 innovationem.
1170 4583 1235 4637 Et
1250 4588 1313 4638 ut
1329 4583 1696 4639 manifestius
1711 4586 1800 4639 ani
1813 4603 1893 4638 m-
1925 4609 1968 4671 Β

208 4677 615 4731 advertamus
665 4677 896 4744 quantae
949 4672 1407 4743 imperfectionis
1434 4672 1775 4742 judicentur
1805 4674 1891 4729 vel

208 4762 587 4832 habeantur,
612 4761 788 4816 etiam
814 4761 1152 4833 postipsam
1179 4760 1565 4830 recepticnem
1590 4777 1757 4816 suam
1776 4764 1896 4818 uni-

203 4849 449 4908 versali
469 4866 690 4905 canone
713 4851 1016 4922 praeﬁxum
1035 4853 1123 4904 est
1149 4853 1214 4902 ut
1235 4865 1405 4904 nemo
1427 4849 1631 4904 talium
1659 4868 1893 4922 promo-

209 4945 448 4998 ventur
477 4938 549 4993 ad
582 4938 1006 4994 catholicorum
1039 4936 1259 4993 clerum
1288 4955 1301 5003 ;
1333 4941 1389 4991 et
1417 4937 1465 4991 si
1490 4938 1561 4992 de
1592 4937 1764 5005 clero,
1799 4941 1898 5010 qui

210 5029 389 5102 apud
418 5027 726 5084 haereticos
740 5031 981 5099 putatur
992 5025 1206 5092 existit,
1223 5024 1372 5081 laica
1392 5030 1619 5081 tantum
1637 5044 1898 5083 commu-

212 5119 416 5174 nione
451 5120 763 5172 contentus
795 5117 892 5182 sit,
936 5115 1192 5186 exceptis
1243 5113 1530 5180 Catharis,
1560 5132 1708 5186 quos
1746 5117 1900 5172 solos

211 5210 451 5264 sancta
480 5205 712 5260 Niczcna
733 5205 993 5277 synodus
1023 5203 1079 5257 in
1115 5202 1267 5257 clero
1299 5219 1402 5257 suo
1429 5203 1696 5258 inventos
1720 5204 1776 5258 in
1804 5223 1900 5260 ca-

211 5295 465 5352 tholica
495 5311 621 5350 esse
642 5292 946 5366 permittit,
982 5309 1085 5348 nec
1109 5296 1305 5346 tamen
1333 5291 1458 5346 sine
1481 5309 1692 5348 manus
1715 5294 1901 5366 impo-

211 5385 479 5443 sitione.
505 5382 773 5453 quamvis
806 5397 1034 5454 magnae
1055 5385 1110 5435 et
1133 5378 1419 5434 mirabilis
1453 5379 1572 5433 sint
1600 5382 1900 5437 conscien-

210 5474 343 5542 tiae,
380 5487 495 5526 nec
537 5471 596 5525 in
630 5471 824 5543 aliquo
855 5470 1088 5525 devenit
1119 5487 1152 5524 a
1183 5468 1478 5523 catholica:
1511 5470 1641 5524 ﬁdei
1674 5473 1903 5527 confes-

211 5562 409 5618 sione
457 5562 516 5612 et
569 5559 896 5630 apostolica:
949 5557 1210 5612 Ecclesiae
1255 5555 1498 5622 unitate,
1538 5575 1642 5613 nec
1677 5559 1735 5613 in
1779 5561 1902 5616 sola

210 5647 724 5713 criminosorum,
757 5664 934 5720 quam
981 5645 1240 5701 devitant
1279 5645 1612 5716 exceptione
1643 5652 1699 5703 et
1742 5666 1898 5705 com-

2002 1931 2313 2002 cipientur,
2349 1949 2496 2003 quos
2537 1934 2764 2004 pejores
2793 1933 3022 1987 Arianis
3050 1933 3302 2004 septima
3332 1937 3388 1988 et
3417 1933 3648 1988 univer-

2000 2020 2141 2075 salis
2195 2021 2450 2092 synodus
2503 2021 2560 2075 in
2611 2021 2857 2093 epistola
2897 2022 3238 2092 patriarchae
3289 2022 3520 2077 Tarasii
3577 2023 3648 2077 ad

1998 2109 2317 2163 Adrianum
2351 2126 2562 2181 papam
2609 2110 3005 2165 indubitanter
3043 2109 3361 2165 difﬁnivit?
3397 2110 3653 2182 Denique

1995 2198 2192 2253 Ariani
2215 2215 2554 2269 quanquam
2576 2198 2636 2253 in
2659 2199 2767 2253 hoc
2781 2199 3030 2255 maxime
3051 2204 3245 2254 errent
3263 2200 3416 2272 quod
3438 2199 3648 2255 Filium

1998 2287 2278 2342 minorem
2303 2287 2468 2341 Patre
2489 2291 2544 2342 et
2566 2293 2888 2343 creaturam
2914 2305 3042 2344 esse
3057 2293 3346 2354 asserunt,
3363 2289 3646 2360 Spiritum

1998 2394 2228 2449 quoque
2251 2381 2520 2431 sanctum
2538 2377 2818 2432 minorem
2845 2381 3007 2449 patre
3028 2382 3084 2432 et
3106 2376 3270 2446 Filio,
3291 2381 3468 2449 atque
3489 2394 3648 2432 crea-

1996 2469 2187 2521 turam
2213 2484 2224 2521 :
2257 2467 2397 2520 dum
2422 2470 2618 2521 tamen
2657 2471 2972 2538 utrumque
2995 2466 3218 2528 dicunt,
3249 2471 3644 2539 neutrumque

1997 2572 2198 2611 eorum
2251 2555 2352 2609 ulli
2389 2554 2625 2609 omnino
2673 2560 2970 2621 creaturae,
3020 2555 3131 2610 nisi
3182 2555 3428 2610 Domino
3471 2555 3648 2622 Patri,

1996 2644 2252 2699 Creatori
2286 2643 2603 2698 visibilium
2637 2644 2899 2698 omnium
2933 2647 2989 2696 et
3019 2643 3427 2710 invisibilium,
3465 2643 3650 2712 subji-

1997 2749 2125 2787 cere
2176 2733 2557 2787 contendunt.
2609 2733 2681 2785 At
2724 2731 3062 2797 Simoniaci,
3106 2730 3348 2784 minime
3389 2731 3645 2784 contenti

1997 2824 2160 2874 tanto
2200 2820 2546 2874 Arianorum
2587 2818 2911 2890 sacrilegio,
2963 2817 3422 2889 omnipotentem
3466 2817 3650 2888 Spiri-

1993 2912 2118 2962 tum
2152 2913 2423 2963 sanetum
2456 2925 2570 2962 non
2595 2911 2827 2962 tantum
2859 2906 3144 2961 minorem
3188 2907 3354 2960 Patre
3392 2909 3450 2961 et
3481 2904 3646 2972 Filio,

1995 3013 2096 3051 seu
2112 2997 2438 3065 subjectum
2461 2995 2566 3050 soli
2586 2996 2736 3050 Patri
2751 3001 2806 3050 et
2821 2995 2984 3063 Filio,
3005 2995 3102 3049 sed
3119 2994 3292 3049 etiam
3315 2993 3644 3066 semetipsis

1991 3085 2346 3149 inferiorem,
2372 3089 2545 3156 atque
2577 3084 2962 3156 sibimetipsis
2997 3084 3323 3150 subditum,
3360 3088 3642 3154 tanquam

1992 3173 2293 3243 quodlibet
2314 3173 2512 3228 venale
2534 3177 2588 3227 et
2605 3173 2713 3228 vile
2737 3172 3093 3245 mancipium
3112 3174 3378 3238 credunt,
3405 3176 3488 3239 ut,
3506 3170 3646 3226 velit

1995 3261 2160 3325 nolit,
2194 3261 2425 3316 obediat
2445 3261 2841 3316 voluntatibus
2864 3266 2924 3316 et
2953 3262 3192 3316 vocibus
3214 3277 3436 3328 eorum,
3467 3263 3643 3332 atque

1999 3349 2276 3403 funiculis
2308 3352 2563 3420 pecunia:
2595 3354 2876 3404 attractus
2901 3353 3000 3404 aut
3030 3348 3188 3403 velut
3218 3348 3410 3404 aureis
3438 3364 3640 3403 eorum

1999 3437 2217 3492 catenis
2265 3436 2559 3508 alligatus,
2595 3437 2959 3508 plenitudine
2991 3455 3108 3492 suae
3141 3435 3642 3504 sanctiﬁcationis,

1999 3530 2056 3580 et
2085 3525 2282 3596 gratiae
2313 3524 2610 3596 sacrilegis
2640 3525 2903 3597 ipsorum
2937 3525 3165 3592 ofﬁciis,
3192 3531 3249 3580 et
3277 3524 3647 3580 exsecrandis

1998 3613 2534 3669 consecrationibus
2566 3613 2958 3679 administret,
2993 3629 3315 3684 eorumque
3357 3611 3648 3666 venalitati

2000 3719 2102 3757 seu
2136 3702 2453 3774 Operationi
2489 3707 2847 3772 c00peretur.
2882 3702 3043 3765 Quod
3080 3707 3145 3754 ut
3175 3702 3245 3754 ad
3279 3703 3644 3754 momentum

2000 3791 2310 3853 aestimare,
2335 3790 2718 3844 intolerabilis
2733 3793 2821 3843 est
2841 3795 2896 3844 et
2915 3789 3058 3843 forte
3080 3785 3500 3842 irremissibilis
3523 3786 3649 3840 bla-

1999 3879 2303 3950 sphemiae,
2329 3877 2538 3950 quiain
2563 3878 2844 3948 Spiritum
2867 3880 2956 3932 est
2979 3891 3215 3947 peccare
3233 3879 3336 3930 aut
3355 3878 3509 3930 certe
3527 3891 3650 3929 ver-

1997 3969 2141 4023 bum
2170 3967 2228 4020 in
2253 3984 2386 4021 eum
2412 3966 2619 4020 dicere.
2640 3963 3298 4028 Quasolamstimatione
3312 3961 3649 4029 Simonille,

2000 4061 2166 4111 secta:
2181 4071 2378 4109 eorum
2400 4053 2624 4125 primus
2639 4058 2840 4109 auctor
2856 4053 3166 4126 etsignifer
3179 4071 3212 4108 a
3225 4069 3337 4125 quo
3355 4057 3411 4108 et
3426 4051 3536 4124 ipsi
3555 4067 3650 4124 ag-

1999 4134 2401 4208 nominantur,
2419 4141 2947 4214 irrecuperabilitcr
2962 4142 3276 4197 damnatus
3298 4144 3403 4197 est.
3419 4139 3650 4206 Quiuti-

1999 4250 2112 4303 que
2134 4247 2366 4302 quoquo
2384 4231 2555 4284 modo
2570 4230 3041 4301 possetexcusari
3055 4229 3139 4286 vel
3168 4229 3468 4303 religionis
3488 4228 3660 4285 novi-

1999 4318 2226 4384 tate,vcl
2245 4319 2337 4388 ign
2349 4318 2692 4374 orantiasub
2708 4323 2866 4374 tanta
2878 4319 3126 4391 Spiritus
3141 4319 3326 4374 sancti
3343 4318 3652 4385 evidentia,

2001 4425 2118 4480 qua
2149 4406 2369 4461 scilicet
2399 4406 2721 4463 delectatus
2754 4414 2853 4462 aut
2875 4408 3336 4479 obstupefactus,
3367 4410 3652 4476 tanquam

2000 4498 2188 4552 adhuc
2221 4496 2381 4550 rudis
2415 4495 2470 4549 in
2500 4497 2810 4568 baptismo,
2832 4501 2886 4551 et
2911 4494 3237 4549 novitiusin
3264 4493 3391 4548 ﬁdei
3420 4493 3652 4558 notitia,

2004 4590 2236 4657 repente
2269 4584 2354 4640 vel
2389 4589 2452 4639 ut
2478 4590 2754 4640 strenuus
2787 4591 2841 4640 et
2875 4583 3187 4654 impatiens
3219 4597 3518 4636 morarum
3536 4581 3656 4635 dis-

2001 4674 2253 4747 cipulus,
2300 4678 2421 4728 tam
2456 4672 2867 4728 inaestimabile
2898 4673 3115 4726 donum
3154 4668 3408 4724 scientiae
3439 4669 3511 4723 ab
3532 4668 3655 4724 efﬁ-

2006 4765 2240 4819 cacibus
2266 4761 2566 4833 magistris
2587 4761 2892 4816 aestimavit
2921 4760 3094 4815 etiam
3127 4774 3261 4813 cum
3293 4773 3528 4813 summa
3555 4772 3655 4831 pe-

2011 4853 2194 4908 cunire
2242 4850 2630 4922 expetendum
2665 4849 2775 4903 sibi
2810 4853 2865 4903 et
2894 4848 3318 4920 accipiendum.
3352 4848 3462 4903 Sed
3493 4847 3658 4904 inex-

2010 4939 2290 4997 cusabilis
2335 4936 2554 4993 exstitit
2597 4937 2781 4992 beatis
2813 4936 3092 5009 apostolis
3125 4937 3291 4992 Petro
3336 4941 3393 4992 et
3419 4935 3656 5005 Joanni,

2009 5031 2149 5084 adeo
2185 5033 2246 5082 ut
2270 5026 2366 5081 ille
2401 5024 2756 5080 mitissimus
2787 5027 3015 5094 Petrus,
3046 5029 3102 5081 et
3132 5026 3244 5080 Bar
3283 5025 3467 5090 Jonze,
3498 5026 3654 5080 idem

2009 5120 2184 5174 Filius
2213 5115 2483 5171 columba?
2513 5113 3010 5184 simplicissimus,
3043 5119 3099 5169 et
3138 5113 3659 5169 innocentissimus

2012 5207 2174 5261 nulla
2206 5203 2658 5258 mansuetudine
2680 5208 2990 5269 reservata,
3010 5203 3193 5271 nulla,
3218 5207 3284 5255 ut
3307 5200 3550 5255 rudibus
3568 5216 3660 5254 as-

2013 5295 2160 5350 solet
2192 5294 2336 5358 ﬁeri,
2375 5292 2641 5345 modesta
2685 5289 3083 5362 increpatione
3127 5288 3451 5362 praemissa,
3501 5286 3663 5342 nulla

2013 5381 2409 5439 satisfactione
2443 5378 2744 5450 requisita,
2764 5379 2926 5433 nulla
2948 5377 3354 5432 emendatione
3375 5379 3665 5447 exspecta-

2012 5476 2092 5539 ta,
2124 5469 2288 5524 nulla
2317 5467 2710 5522 admonitione
2743 5471 2804 5521 ut
2837 5467 3109 5537 deinceps
3139 5463 3253 5519 tale
3299 5465 3439 5536 quid
3473 5468 3663 5520 atten-

2014 5565 2137 5615 tare
2165 5561 2390 5612 caveret
2431 5555 2712 5623 adhibita,
2757 5557 2814 5610 in
2863 5554 3260 5611 miserrimum
3304 5553 3472 5609 illum
3505 5557 3666 5610 tanto

2015 5648 2135 5705 zelo
2160 5645 2392 5716 exarsit,
2427 5649 2591 5700 tanta
2621 5645 2934 5717 asperitate
2966 5642 3270 5701 infremuit
3301 5646 3366 5700 ut
3397 5659 3514 5699 non
3548 5655 3666 5698 ser-
