4106 6178
407 403 415 406 -
455 325 622 398 .1015

1343 303 1360 314 ’
1469 330 1958 400 HUMBERTUS
2001 331 2068 396 s.
2113 329 2189 397 Β.
2234 329 2306 398 E.
2344 297 2853 404 CARDINALIS.

3701 339 3854 412 101.6

458 466 816 540 vatojudicii
836 467 1056 539 ordine,
1083 467 1247 544 prius
1267 469 1404 528 data
1426 465 2096 527 sententiairrevocabili
2123 465 2180 536 Α
2206 464 2470 542 ipsorum
2518 471 2746 545 primus
2782 472 3121 551 recogitent,
3152 479 3210 534 et
3236 471 3325 534 vel
3361 489 3488 534 sero
3535 479 3856 549 agnoscant

463 574 628 614 reum
644 558 1013 616 anathemate
1027 560 1223 616 feriret
1238 560 1438 615 dicens
1455 577 1467 616 :
1487 583 1514 609 «
1539 557 1794 614 Pecunia
1808 561 1908 612 tua
1921 562 2113 617 tecum

465 645 542 702 sit
571 646 633 701 in
664 647 1048 718 perditionem
1082 649 1216 720 (Act.
1249 666 1373 714 VIII,
1406 648 1494 719 20)
1522 665 1534 715 ;
1572 669 1598 696 ››
1633 647 1841 702 deinde
1880 661 2114 702 omnem

466 749 704 789 causam
735 738 929 803 tantae,
953 741 1008 792 et
1031 740 1151 792 tam
1174 737 1488 808 repentinae
1520 735 1916 792 damnationis
1947 735 2113 790 inno-

465 826 712 878 tesceret
753 823 1115 896 subjungens
1149 842 1160 879 :
1199 848 1227 875 ‹‹
1262 824 1547 890 Quoniam
1587 825 1806 879 donum
1840 824 1940 879 Dei
1971 823 2116 879 exis-

466 910 686 966 timasti
718 911 965 982 pecunia
987 913 1272 984 possideri
1306 913 1510 983 (Ibid.).
1539 935 1566 960 »
1591 912 1720 968 Mox
1743 911 2117 984 qualemcun-

468 1016 578 1070 que
610 998 932 1070 spiritualis
962 1001 1161 1072 gratiae
1192 1002 1518 1073 portionem
1541 1001 1959 1056 existimationi
1987 1002 2114 1071 ejus

467 1088 763 1158 denegans
792 1087 934 1143 dicit
965 1107 977 1144 :
1017 1111 1044 1139 «
1076 1090 1201 1145 Non
1232 1089 1447 1144 esttibi
1480 1106 1614 1160 pars
1645 1106 1833 1161 neque
1848 1107 1975 1145 sors
1993 1105 2112 1144 ser-

467 1192 640 1232 mone
670 1176 781 1232 isto
809 1178 966 1249 (Ibid.
1002 1218 1016 1244 ,
1049 1180 1162 1249 21),
1186 1200 1212 1226 ››
1237 1178 1458 1233 scilicet
1487 1177 1548 1232 in
1579 1178 1730 1233 dono
1761 1179 1891 1232 isto.
1925 1177 2116 1232 Aede-

467 1281 632 1320 mum
660 1266 747 1320 sic
779 1267 910 1335 ejus
934 1265 1256 1336 nequitiam
1277 1271 1334 1321 et
1366 1267 1557 1322 cordis
1587 1267 1933 1338 pravitatem
1965 1284 2120 1323 exse-

467 1358 684 1419 cratus,
706 1353 1079 1409 vehementer
1101 1355 1398 1425 redarguit
1420 1371 1432 1408 :
1455 1378 1481 1403 ‹‹
1503 1355 1611 1409 Cor
1627 1355 1782 1410 enim
1807 1360 1974 1411 tuum
1997 1373 2113 1411 non

464 1443 553 1494 est
595 1443 817 1494 rectum
848 1457 1042 1495 coram
1073 1441 1351 1508 Domino;
1387 1441 1446 1495 in
1476 1441 1605 1497 felle
1645 1441 1805 1497 enim
1837 1443 2116 1497 amaritu-

465 1527 642 1594 dinis,
669 1531 726 1582 et
755 1527 1108 1600 obligatione
1139 1529 1472 1601 iniquitatis
1501 1530 1664 1586 video
1696 1535 1752 1586 te
1781 1547 1909 1586 esse
1932 1531 2114 1602 (Ibz'd.,

462 1615 553 1684 21,
585 1615 697 1685 23).
735 1637 763 1664 »
787 1616 1166 1687 Tandemque
1187 1617 1259 1672 ad
1285 1617 1688 1690 paenitentiam
1712 1624 2110 1691 provocatum,

463 1702 752 1758 incertum
801 1707 858 1758 et
902 1703 1154 1760 dubium
1185 1723 1254 1760 ex
1284 1710 1450 1762 tanta
1490 1706 1871 1780 blasphemiae
1914 1709 2116 1766 remis-

466 1791 629 1847 sione
659 1792 864 1858 eﬂ‘ecit,
899 1792 1099 1850 dicens
1134 1811 1146 1850 :
1182 1817 1208 1844 ‹‹
1246 1796 1646 1852 Paenitentiam
1676 1796 1875 1868 itaque
1905 1813 2010 1869 age
2041 1798 2112 1853 ab

465 1878 575 1935 hac
600 1879 862 1951 nequitia
891 1883 1012 1948 tua,
1046 1886 1102 1938 et
1131 1900 1270 1956 roga
1298 1884 1633 1951 Dominum,
1668 1885 1717 1940 si
1749 1885 1894 1940 forte
1915 1885 2112 1941 remit-

466 1971 624 2023 tatur
652 1968 759 2024 tibi
784 1968 906 2024 hznc
926 1971 1198 2043 cogitatio
1219 1972 1409 2028 cordis
1430 1972 1513 2028 tui
1533 1973 1690 2044 (Ibid.
1725 1974 1838 2045 22).
1867 1996 1896 2022 ››
1921 1976 1980 2029 In
2000 1992 2116 2046 qua

467 2057 671 2130 utique
699 2058 762 2112 B.
795 2059 948 2114 Petri
975 2059 1183 2115 ultima
1213 2061 1273 2115 in
1306 2061 1604 2117 Simonem
1636 2062 1943 2133 sententia,
1967 2062 2115 2117 nihil

467 2144 581 2200 nisi
613 2146 884 2218 cogitatio
932 2147 1126 2203 cordis
1177 2149 1570 2221 redarguitur,
1621 2149 1773 2205 sicut
1818 2154 1875 2206 et
1925 2151 2116 2223 prima

467 2231 818 2289 existimatio
839 2238 1069 2289 tantum
1101 2237 1545 2292 condemnatur.

1099 2323 1334 2379 CAPUT
1383 2325 1478 2379 IV.

541 2409 742 2484 Itaque
786 2409 915 2464 luce
962 2409 1176 2466 clarius
1225 2417 1315 2468 est
1365 2413 1640 2470 omnibus
1681 2416 1831 2470 sacri
1881 2416 2112 2488 capitis,

469 2495 726 2564 Petrum,
761 2497 955 2551 nimiae
988 2498 1276 2570 patientiae
1295 2504 1353 2555 et
1383 2501 1688 2558 rusticanae
1721 2503 2114 2576 simplicitatis

466 2582 681 2652 virum,
703 2601 1075 2657 nequaquam
1093 2604 1198 2643 suo
1212 2588 1492 2650 instinctu
1507 2591 1833 2647 ethumana
1844 2594 2115 2665 passione

469 2687 572 2728 seu
587 2674 1023 2744 perturbatione
1045 2683 1425 2746 commotum,
1447 2682 1569 2734 tam
1587 2681 1951 2753 repentinam
1971 2686 2117 2738 tam-

470 2777 583 2833 que
614 2761 940 2818 districtam
963 2763 1213 2821 dictasse
1234 2767 1606 2835 sententiam,
1639 2769 1740 2824 sed
1762 2770 1958 2841 ipsum
1980 2771 2116 2844 Spi-

470 2849 649 2904 ritum
679 2855 952 2907 sanctum
993 2852 1054 2907 in
1084 2853 1249 2910 Petro
1281 2855 1448 2927 quasi
1477 2855 1534 2910 in
1569 2857 1788 2929 templo
1819 2875 1926 2914 suo
1955 2859 2118 2915 habi-

469 2941 692 2993 tantem
721 2943 943 2996 tantam
975 2959 1090 2998 non
1123 2943 1329 3000 tulisse
1351 2943 1650 3016 injuriam,
1686 2946 2114 3019 blasphemiam

470 3029 528 3083 et
543 3027 982 3101 contumeliam,
1010 3031 1360 3104 penitusque
1377 3033 1770 3106 indignatum,
1791 3037 1965 3108 cujus
1985 3039 2112 3108 jam

469 3115 568 3171 ira:
599 3132 769 3173 nemo
802 3119 1072 3175 resistere
1102 3125 1314 3192 potest,
1348 3126 1544 3194 atque,
1581 3127 1646 3179 ut
1675 3123 1735 3178 in
1757 3124 1966 3182 Genesi
1993 3142 2114 3182 me-

2221 558 2321 614 ubi
2347 561 2599 632 jaceant,
2631 566 2687 620 et
2713 565 2870 636 quod
2894 567 3020 639 jam
3062 583 3178 623 non
3210 566 3452 623 secundi
3487 565 3560 622 ab
3582 565 3730 638 ipso,
3761 567 3854 623 sed

2223 647 2408 703 multo
2439 647 2754 722 plusquam
2795 652 3094 710 millesimi
3125 654 3186 710 in
3218 654 3477 711 Ecclesia
3515 654 3854 721 subsistant,

2223 737 2456 793 credere
2485 739 2611 795 ausi
2643 756 2707 795 se
2737 757 2840 813 per
2869 743 3178 815 pecuniam
3209 745 3543 801 sacerdotes
3569 743 3657 799 vel
3703 743 3853 801 aliud

2223 825 2524 896 quodlibet
2553 828 2927 886 ecclesiastici
2957 833 3178 888 ordinis
3206 849 3380 905 posse
3424 833 3570 902 fieri,
3601 837 3704 888 aut
3734 851 3855 905 pro-

2224 915 2455 982 mereri,
2487 933 2588 972 seu
2616 918 2752 974 dare
2783 918 2960 974 alicui
2984 921 3165 994 gratis
3187 921 3275 978 vel
3306 922 3488 995 pretio
3514 940 3528 990 ;
3553 923 3858 994 quodcon-

2221 1008 2342 1059 stat
2372 1004 2532 1076 ipsos
2564 1005 2723 1062 nullo
2755 1009 2928 1064 modo
2963 1010 3224 1082 potuisse
3254 1028 3358 1084 per
3398 1011 3709 1084 pecuniam
3754 1012 3861 1068 adi-

2223 1092 2388 1164 pisci,
2419 1097 2776 1165 protestante
2799 1097 3058 1170 principe
3075 1098 3475 1172 apostolorum
3498 1099 3747 1172 principi
3780 1100 3858 1171 ip-

2221 1198 2423 1237 sorum
2454 1182 2675 1239 Simoni
2710 1202 2722 1240 :
2759 1209 2786 1235 ‹‹
2819 1186 2944 1241 Non
2975 1193 3063 1244 est
3094 1205 3231 1260 pars
3260 1189 3388 1257 tibi,
3424 1205 3616 1260 neque
3649 1205 3780 1246 sors
3805 1190 3857 1245 in

2221 1287 2490 1327 sermone
2539 1272 2651 1328 isto
2701 1274 2834 1344 (Aet.
2869 1293 2994 1343 VIII,
3023 1277 3137 1349 2i).
3175 1300 3203 1327 ››
3245 1279 3310 1333 In
3338 1295 3458 1350 qua
3488 1279 3692 1350 utique
3725 1296 3857 1350 pre-

2222 1360 2850 1431 sumptionevenialior
2868 1368 2957 1421 est
2972 1382 3132 1422 error
3152 1367 3327 1439 Magi,
3349 1367 3450 1439 qui
3465 1370 3695 1423 tantum
3717 1368 3858 1424 aesti-

2223 1448 2404 1504 mavit
2419 1449 2638 1504 donum
2667 1452 2892 1508 Domini
2913 1455 3161 1526 pecunia
3174 1471 3346 1527 posse
3367 1455 3858 1528 possideri,quam

2223 1537 2471 1592 istorum
2522 1539 2620 1610 qni
2653 1547 2899 1614 crepunt
2926 1548 2984 1600 et
3029 1545 3356 1614 confidunt,
3403 1545 3649 1618 insuper
3687 1549 3745 1601 et
3778 1546 3858 1600 di-

2223 1629 2365 1682 cunt
2395 1643 2457 1682 se
2489 1625 2636 1683 illud
2668 1629 3055 1689 nihilominus
3078 1633 3329 1705 pecunia
3359 1634 3654 1705 accepisse
3681 1635 3859 1706 possi-

2222 1715 2378 1781 dere,
2409 1722 2466 1772 et
2506 1717 2744 1774 cuilibet
2781 1720 2939 1776 dare.
2982 1721 3129 1777 Nam
3178 1722 3228 1777 si
3277 1721 3388 1778 hoc
3419 1739 3537 1778 non
3565 1723 3860 1786 crederent

2219 1803 2525 1877 episcopos
2555 1823 2617 1862 se
2646 1822 2750 1877 per
2778 1809 3088 1880 pecuniam
3123 1827 3238 1866 non
3277 1811 3540 1882 potuisse
3581 1811 3728 1879 ﬁeri,
3758 1829 3855 1868 no-

2221 1892 2452 1948 biscum
2482 1896 2539 1948 et
2567 1894 2680 1966 ipsi
2713 1896 3119 1968 praedicarent,
3155 1903 3214 1955 et
3243 1899 3503 1956 ofﬁcium
3534 1917 3645 1968 non
3685 1917 3860 1956 suum

2222 1999 2508 2056 usurpare
2546 1989 2862 2053 cessarent,
2899 1988 3364 2062 perditionisque
3397 2007 3508 2046 sua
3537 1990 3857 2050 damnatio-

2223 2091 2357 2130 nem
2372 2074 2566 2147 potius
2581 2091 2756 2147 quam
2771 2075 2926 2148 aliqu
2936 2093 3029 2132 am
3042 2077 3391 2150 episcopalis
3402 2078 3699 2137 ministerii
3712 2081 3866 2137 ordi-

2224 2163 2542 2233 nationem,
2558 2179 2662 2220 seu
2681 2166 3179 2222 consecrationem
3190 2167 3324 2224 aliis
3339 2184 3456 2225 non
3469 2169 3862 2234 communica-

2223 2257 2374 2308 rent.
2395 2252 2453 2308 Si
2469 2256 2666 2309 autem
2681 2255 2944 2322 credunt,
2961 2254 3266 2312 manifeste
3276 2257 3529 2315 haeretici
3540 2263 3698 2326 sunt,
3715 2261 3863 2332 pejo-

2223 2358 2316 2397 res
2329 2340 2428 2397 illo
2441 2342 2542 2413 qui
2559 2341 2668 2397 hoc
2680 2342 2844 2414 prius
2861 2343 3218 2400 existimavit
3229 2344 3319 2401 vel
3337 2347 3866 2418 cogitavittantum.

2221 2429 2279 2484 Si
2313 2447 2444 2486 vero
2475 2447 2589 2488 non
2623 2431 2890 2499 credunt,
2919 2448 3025 2487 cur
3064 2433 3326 2490 ofﬁcium
3369 2434 3628 2492 alienum
3658 2453 3871 2509 praesu-

2224 2523 2413 2586 munt,
2455 2522 2513 2574 et
2551 2519 2707 2590 quod
2748 2518 2859 2576 sibi
2909 2536 3026 2576 non
3075 2521 3294 2579 habent
3322 2539 3427 2579 nec
3459 2524 3517 2579 in
3548 2525 3869 2584 ministerio

2224 2608 2536 2663 concedere
2553 2624 2618 2664 se
2639 2607 2770 2664 aliis
2791 2625 2908 2664 non
2925 2625 3118 2681 posse,
3143 2627 3247 2667 cur
3269 2628 3386 2668 non
3406 2615 3869 2686 recognoscant?

2293 2697 2363 2750 Et
2386 2695 2444 2752 in
2471 2696 2579 2751 hoc
2617 2714 2848 2770 quoque
2879 2698 3184 2755 manifeste
3224 2699 3482 2757 haeretici
3511 2707 3654 2758 sunt
3698 2708 3758 2759 et
3783 2703 3872 2761 de-

2223 2788 2482 2857 sperant,
2515 2790 2619 2840 ant
2643 2791 2798 2842 certe
2830 2787 2889 2841 in
2920 2803 3025 2860 spe
3055 2787 3458 2861 blasphemias
3497 2792 3866 2862 quotidianus

2223 2873 2424 2945 primae
2455 2889 2574 2928 sua),
2599 2873 2658 2927 in
2682 2874 2966 2946 Spiritum
2988 2881 3258 2932 sanctum
3289 2876 3677 2950 blasphemiae
3696 2880 3869 2937 male-

2223 2960 2362 3016 dicti
2387 2961 2739 3034 adjungunt,
2771 2965 2993 3036 pejores
3011 2964 3109 3022 illo
3139 2982 3246 3022 suo
3277 2966 3562 3040 magistro
3589 2969 3721 3042 qui,
3751 2973 3874 3043 post

2221 3049 2618 3123 repulsionem
2649 3068 2840 3121 suam,
2877 3069 2983 3109 nec
3011 3070 3074 3110 se
3104 3055 3399 3127 accepisse
3417 3056 3508 3112 vel
3530 3057 3752 3116 habere
3777 3060 3870 3115 do-

2221 3154 2367 3196 num
2389 3139 2642 3207 Domini,
2677 3144 2948 3197 sanctum
2977 3141 3242 3199 videlicet
3263 3143 3569 3216 Spiritum,
3602 3147 3868 3216 credidit,

467 3204 798 3277 taphoricos
823 3207 1056 3280 legitur,
1079 3213 1301 3266 tactum
1328 3211 1525 3268 dolore
1545 3213 1738 3269 cordis
1759 3213 2112 3275 intrinsecus
2143 3197 2186 3266 (ἶ
2225 3244 2330 3283 nec
2373 3227 2650 3300 cuiquam
2695 3245 2908 3286 manus
2956 3236 3192 3304 propter
3233 3197 3343 3288 hob
3389 3233 3701 3306 imposuit,
3735 3197 3867 3292 eum,

469 3293 622 3366 (Gen.
653 3312 730 3363 v1,
762 3296 838 3367 6),
873 3301 930 3352 et
959 3305 1377 3369 praecaventem
1411 3301 1470 3356 in
1504 3302 1700 3358 futuro
1747 3304 2111 3364 animadver-

468 3381 630 3436 sione
659 3383 987 3439 detestabili
1017 3390 1074 3440 et
1094 3387 1338 3442 terribili
1367 3392 1570 3446 contra
1599 3390 1903 3448 avaritiam
1934 3394 2110 3469 Magi,

467 3472 525 3523 et
554 3473 909 3526 sectatorum
938 3474 1066 3543 ejus
1094 3473 1499 3545 impudentem
1529 3482 1586 3533 et
1620 3496 1727 3535 sua
1757 3487 2111 3550 quaerentem

463 3557 1002 3629 praesumptionem,
1020 3562 1367 3618 venerabilis
1378 3563 1529 3619 Petri
1543 3565 1890 3635 defendisse,
1913 3573 1972 3625 et
1992 3572 2112 3628 vin-

465 3643 694 3701 dicasse
723 3646 921 3718 gratiae
952 3664 1073 3704 suae
1103 3647 1454 3720 libertatem,
1489 3653 1626 3724 quia
1655 3656 1973 3725 putabatur
2009 3676 2110 3730 pe-

464 3732 635 3790 cunia
653 3751 825 3806 posse
847 3735 1030 3808 redigi
1054 3736 1114 3792 in
1136 3737 1491 3795 servitutem.
1521 3741 1695 3798 Porro
1723 3746 2106 3818 vesanusille,

464 3825 624 3878 tanto
654 3822 874 3879 tonitru
907 3823 1269 3897 fulminaque
1289 3828 1598 3884 verborum
1630 3835 2107 3905 perterrefactus,

465 3909 863 3981 apostolorum
884 3911 1350 3971 intercessionea
1380 3933 1442 3971 se
1462 3922 1683 3974 tantam
1707 3919 1808 3976 Dei
1839 3921 2107 3997 indigna-

463 3997 680 4052 tionem
713 3999 966 4054 amoveri
998 4002 1280 4072 quaesivit,
1304 4004 1502 4061 dicens
1529 4024 1540 4062 :
1575 4029 1603 4057 α
1629 4007 1847 4080 Rogate
1867 4028 1968 4068 vos
1997 4017 2106 4070 Do-

459 4084 688 4139 minum
720 4103 823 4157 pro
843 4093 1026 4157 me,ut
1046 4089 1193 4144 nihil
1214 4093 1408 4148 veniat
1436 4111 1613 4167 super
1633 4113 1725 4152 me
1745 4115 1946 4155 eorum
1979 4118 2104 4173 quas

454 4171 690 4228 dixistis
719 4176 854 4243 (Act.
887 4193 1009 4245 VIII,
1041 4177 1154 4249 24).
1187 4201 1214 4229 ››
1249 4180 1410 4243 Quod
1443 4187 1635 4239 tamen
1667 4185 1900 4244 nullum
1930 4171 2107 4263 super

455 4259 564 4316 hoc
594 4261 664 4317 ab
696 4261 779 4318 eis
809 4263 1044 4334 meruit,
1070 4281 1176 4322 nec
1205 4271 1345 4323 tunc
1367 4286 1470 4325 nec
1501 4277 1704 4342 postea
1733 4259 2104 4347 responsum,

454 4353 520 4404 ut
577 4351 794 4422 posteri
859 4351 1154 4410 discerent
1211 4373 1389 4427 quam
1466 4375 1704 4417 enorme
1762 4363 2105 4425 incurrisset

453 4437 866 4510 praecipitium,
899 4441 991 4496 cui
1023 4459 1129 4499 nec
1161 4443 1274 4516 ipsi
1307 4446 1492 4500 sancti
1538 4449 1785 4520 apostoli
1825 4469 2106 4524 praesum-

2220 3315 2318 3372 ille
2345 3315 2498 3372 hanc
2519 3319 2748 3372 tantum
2771 3322 3116 3390 potestatem
3138 3320 3502 3392 quaesivisset
3533 3323 3608 3378 ab
3638 3329 3867 3396 aposto-

2219 3404 2314 3475 lis,
2339 3408 2404 3460 ut
2432 3404 2758 3477 cuicunque
2789 3422 3000 3463 manus
3029 3407 3374 3481 imponeret,
3420 3411 3714 3484 acciperet
3741 3411 3865 3486 Spi-

2218 3493 2398 3549 ritum
2430 3497 2720 3550 sanctum.
2756 3493 2946 3551 Malus
2974 3495 3096 3564 ille,
3119 3497 3258 3568 quia
3285 3499 3359 3554 ad
3389 3498 3500 3555 hoc
3531 3499 3750 3556 obtulit
3778 3519 3871 3573 pe-

2218 3581 2482 3649 cuniam;
2515 3583 2743 3653 pejores
2773 3582 2891 3653 isti,
2926 3584 3066 3656 quia
3096 3603 3213 3642 non
3243 3586 3436 3643 solum
3459 3588 3729 3658 offerunt,
3762 3589 3867 3646 sed

2217 3669 2393 3726 etiam
2424 3669 2797 3742 pertinaciter
2817 3672 3141 3729 conferunt.
3161 3674 3349 3731 Malus
3378 3675 3496 3744 ille,
3527 3677 3686 3748 quia,
3717 3694 3869 3736 non-

2216 3758 2356 3813 dum
2387 3775 2423 3814 a
2451 3758 2824 3814 conversione
2846 3776 2954 3816 sua
2969 3761 3215 3818 dimidio
3245 3780 3398 3820 anno
3428 3763 3657 3836 expleto
3678 3765 3740 3822 in
3758 3765 3869 3824 hoc

2214 3844 2588 3917 sacrilegium
2612 3845 2792 3902 semel
2814 3848 3030 3917 evasit;
3057 3853 3275 3920 quanto
3296 3851 3523 3922 pejores
3551 3849 3676 3920 isti,
3709 3853 3869 3925 quia,

2215 3932 2286 3988 ab
2327 3937 2490 3989 utero
2527 3933 2779 3990 carnalis
2829 3935 3053 4004 matris,
3089 3937 3204 3992 ﬁde
3243 3937 3462 3995 Christi
3500 3947 3806 4014 suscepta,
3836 3958 3870 3997 δ

2213 4021 2465 4095 pueritia
2522 4039 2711 4094 usque
2763 4023 2833 4079 ad
2892 4024 3122 4080 senium
3171 4025 3319 4082 nihil
3390 4026 3553 4083 aliud
3609 4029 3868 4103 cogitare

2211 4115 2315 4166 aut
2344 4126 2515 4183 agere
2543 4113 2873 4183 appetunt?
2899 4112 3226 4171 Sceleratus
3255 4114 3373 4184 ille,
3406 4116 3548 4188 quia
3584 4123 3703 4174 nec
3745 4135 3866 4175 cor-

2210 4203 2413 4271 reptus
2461 4203 2563 4256 aut
2591 4201 2928 4258 admonitus
2975 4204 3307 4275 paenitendo
3358 4205 3636 4278 resipuit;
3683 4206 3866 4264 multo

2210 4287 2607 4344 sceleratiores
2636 4288 2755 4358 isti,
2779 4290 2917 4361 quia
2945 4291 3369 4365 incorrigibiles
3389 4297 3448 4350 et
3479 4293 3866 4366 impaeniten-

2209 4378 2297 4432 tes
2327 4376 2534 4444 eﬂ‘ecti,
2570 4376 2850 4448 nullaque
2887 4379 3282 4452 increpatione
3326 4381 3416 4438 vel
3461 4382 3866 4444 admonitione

2211 4464 2568 4536 compuncti,
2628 4465 2884 4522 alienum
2942 4469 3202 4526 officium
3255 4469 3346 4526 vel
3398 4469 3640 4538 locum,
3689 4489 3865 4546 quem

452 4530 697 4634 pserunt
714 4528 1020 4634 porrigere
1051 4548 1170 4587 suae
1200 4532 1641 4634 intercessionis
1672 4555 1936 4611 manum,
1967 4544 2096 4615 jus-
2129 4565 2176 4630 D
2211 4553 2322 4608 sibi
2345 4559 2973 4626 prmsumpseruntnon
3003 4557 3366 4630 relinquunt,
3386 4560 3633 4632 neojugi
3667 4578 3737 4618 se
3756 4577 3868 4634 pa:-

451 4613 570 4670 tius
601 4615 872 4671 arbitrari
895 4635 1029 4673 eum
1051 4637 1085 4674 a
1111 4637 1220 4676 sua
1237 4623 1651 4682 communione
1671 4613 1999 4687 abscissum
2022 4632 2099 4688 ir-

450 4703 833 4760 revocabilem
864 4705 960 4762 irza
1006 4708 1238 4765 Domini
1271 4711 1745 4785 relinquendum,
1777 4719 1917 4789 quia
1946 4721 2102 4778 inex-

2213 4639 2466 4696 nitentiae
2521 4641 2879 4713 subducunt,
2934 4643 2984 4700 si
3042 4645 3188 4702 forte
3244 4648 3579 4706 remittatur
3623 4649 3720 4707 eis
3765 4648 3866 4708 ali-

2210 4729 2446 4798 quando
2498 4731 2652 4801 quod
2705 4748 2902 4789 secum
2956 4733 3174 4791 multos
3232 4735 3635 4807 perdiderunt,
3689 4743 3866 4810 atque

448 4789 662 4892 piabile
691 4792 1228 4892 animadvertebant
1256 4801 1384 4872 ejus
1414 4801 1733 4892 piaculum.
1768 4807 1930 4869 Quod
1953 4810 2002 4865 si
2034 4815 2100 4867 ut
2207 4789 2604 4873 damnationis
2627 4835 2748 4874 suae
2769 4819 3038 4892 contagio
3055 4789 3866 4888 EcclesiamChri—s—ti'iriie‘o;

447 4875 895 4985 (Eer'ysostomus
913 4881 1072 4985 ait“?
1105 4887 1276 4943 ruina
1298 4891 1753 4960 przscedentium
1775 4895 2096 4956 admonitio
2205 4909 2368 4985 runt.
2391 4905 2656 4978 Nequam
2674 4906 2791 4976 ille,
2815 4875 2979 4979 quia”.
2993 4909 3087 4964 vix
3107 4911 3247 4966 dum
3265 4928 3419 4968 anno
3445 4911 3628 4970 altero
3657 4931 3701 4970 α
3726 4931 3862 4985 pas—

446 4962 618 5072 debet
647 4981 773 5020 esse
801 4971 1194 5072 sequentium,
1230 4997 1259 5024 »
1292 4977 1662 5034 considerare
1692 4981 1976 5042 debemus
2001 5003 2094 5043 se-
2203 4981 2368 5048 sione
2398 4962 2631 5049 Domini
2661 4994 2931 5067 inccepto,
2958 4995 3299 5068 hujusmodi
3320 5015 3637 5072 aggressus
3654 4962 3762 5059 est
3780 5002 3863 5059 fa-

445 5054 703 5108 cundum
725 5055 881 5125 quod
907 5057 1064 5114 idem
1088 5061 1288 5118 doctor
1313 5066 1640 5140 subjungit,
1675 5070 1813 5142 quia
1843 5095 1871 5124 «
1906 5075 1954 5130 si
1979 5076 2091 5132 fre-

444 5145 690 5214 quenter
718 5142 1099 5204 ceciderimus
1130 5148 1189 5203 in
1234 5150 1446 5220 ipsam,
1479 5155 1667 5228 magis
1713 5159 1946 5216 veniam
1974 5179 2092 5218 me-

441 5234 644 5287 rentur
673 5229 755 5284 illi
792 5232 891 5302 qui
923 5233 1098 5304 primi
1125 5238 1459 5295 ceciderunt
1501 5258 1678 5314 quam
1729 5263 1835 5302 nos
1873 5250 1972 5319 qui
2003 5268 2088 5307 se-

440 5319 637 5373 cundi.
674 5342 703 5368 »
733 5319 931 5388 Unde,
950 5339 1108 5396 rogo,
1144 5328 1381 5384 tandem
1404 5332 1885 5403 expergiscantur
1903 5338 2087 5396 Simo-

2202 5081 2392 5150 cinus,
2426 5081 2648 5139 nullius
2696 5088 2934 5156 propter
2963 5084 3071 5141 hoc
3121 5087 3413 5158 reprobati
3455 5089 3731 5162 exemplo
3770 5091 3863 5146 do-

2198 5170 2434 5226 territus
2459 5187 2472 5236 ;
2507 5169 2693 5226 multo
2715 5175 2911 5230 tamen
2934 5174 3244 5248 nequiores
3260 5175 3529 5249 isti,quia
3547 5182 3687 5249 post
3700 5177 3862 5238 milia

2197 5260 2253 5310 et
2283 5255 2538 5328 amplius
2554 5275 2588 5314 a
2610 5260 3115 5331 condemnatione,
3141 5268 3198 5319 et
3221 5264 3635 5336 reprobatione
3663 5264 3858 5338 ipsius

2195 5344 2348 5418 Magi
2373 5363 2577 5417 annos,
2593 5348 2873 5420 exemplis
2895 5350 3412 5410 innumerabilium
3431 5354 3858 5410 damnatorum

439 5405 612 5504 niaci}
646 5410 702 5461 et
729 5423 932 5508 eorum
962 5411 1154 5467 intimi
1184 5416 1526 5472 cubicularii
1549 5424 1724 5490 atque
1753 5423 1853 5477 ﬁdi
1884 5426 2084 5495 pe.dis-
2191 5405 2361 5503 quasi
2388 5436 2728 5492 audaciores
2758 5405 2966 5508 enecti,
2999 5455 3115 5495 non
3148 5440 3429 5498 desinunt
3467 5445 3706 5498 tantum
3749 5441 3861 5496 cri-

437 5493 625 5601 sequi:
659 5499 742 5562 ut,
773 5496 1037 5557 videntes
1068 5508 1348 5601 quantum
1381 5505 1613 5563 ruinam
1643 5507 1976 5583 incurrerit,
2007 5517 2079 5572 ad
2190 5536 2324 5576 men
2356 5523 2620 5594 aggredi,
2651 5529 2708 5580 et
2737 5525 2869 5597 plus
2890 5525 3018 5598 ipso
3045 5527 3328 5601 magistro
3359 5545 3468 5587 suo
3498 5529 3639 5586 inea
3671 5529 3858 5600 culpa

437 5585 962 5658 quantumcunque
996 5591 1382 5663 praecipitium
1423 5593 1730 5652 devolutus
1771 5599 1847 5654 sit
1879 5608 2080 5661 auctor
2187 5585 3860 5692 perseverandovtransgredicontranuemanifestamVeri-
