4106 6178
282 344 442 414 1017

885 344 1296 413 ADVERSUS
1342 344 1821 412 SIMONIAGOS
1864 340 2076 410 LIBRI
2121 344 2349 412 TRES.
2380 382 2458 394 —
2488 350 2722 416 LIBER
2762 349 3085 419 PRIMUS.

3527 350 3691 421 1οη

272 478 446 549 .tatis,
472 494 601 553 qua
628 478 899 539 Christus
940 487 1046 551 est,
1079 482 1429 541 sententiam
1460 481 1785 552 credentes,
1815 480 1924 537 do-
1955 477 2013 546 Α
2042 480 2308 549 sacratio,
2342 482 2496 540 sicut
2522 502 2705 559 supra
2724 485 2871 543 satis
2891 484 3240 556 ostenditur,
3275 464 3375 546 sed
3404 488 3542 563 quia
3560 489 3688 549 sine

270 574 486 628 centes
515 573 573 626 et
593 567 896 642 iacientes,
922 571 1203 643 Spiritum
1227 576 1492 628 sanctum
1525 588 1642 627 non
1663 569 1845 642 gratis
1868 585 1930 625 se

281 661 600 732 accepisse,
634 664 736 715 aut
764 661 904 716 dare
949 661 1270 730 conﬁdunt,
1303 661 1434 733 ipsa
1460 661 1714 717 Veritate
1739 663 1928 732 prote-

279 753 498 816 stante,
534 771 561 798 «
588 748 779 804 Gratis
809 749 1136 821 accepistis,
1156 750 1341 821 gratis
1356 750 1486 804 date
1504 750 1709 819 (Matth.
1729 766 1784 815 χ,
1802 750 1877 817 8).
1900 770 1929 796 ››

282 838 429 894 Hinc
459 854 596 910 ergo
628 841 789 909 patet
812 836 949 909 quia
979 854 1353 909 nequaquam
1371 838 1651 909 Spiritum
1673 835 1931 892 veritatis

282 926 584 997 accipiunt
601 925 701 997 qui
716 942 829 981 non
851 926 1032 997 gratis
1054 926 1310 998 accipere
1323 930 1611 998 quarunt.
1632 924 1777 991 Quid
1796 941 1931 996 ergo

282 1014 526 1072 tandem
548 1014 878 1086 accipiunt?
898 1014 1172 1086 spiritum
1191 1014 1391 1087 utique
1421 1014 1730 1079 mendacii,
1756 1028 1931 1084 quem

280 1104 410 1161 sine
426 1103 607 1159 dubio
620 1104 761 1159 dant
778 1102 897 1160 sive
913 1120 1027 1159 non
1052 1104 1234 1176 gratis
1248 1104 1369 1158 sive
1388 1104 1571 1175 gratis
1588 1103 1799 1174 cuique
1816 1117 1935 1157 ma-

266 1192 742 1265 ,nusimponunt;
762 1210 951 1265 neque
970 1193 1125 1248 enim
1149 1192 1306 1248 aliud
1327 1209 1502 1265 quam
1528 1192 1682 1264 quod
1704 1207 1933 1262 accepe-

279 1285 425 1337 runt
442 1281 582 1337 dare
602 1279 1015 1352 possunt,quia
1030 1297 1219 1352 neque
1230 1280 1302 1335 de
1322 1279 1558 1335 tribulis
1574 1280 1935 1350 ﬁcus,neque

277 1370 354 1425 de
375 1370 527 1425 rubo
547 1369 944 1425 vindemiatur
962 1369 1276 1440 aliquando
1291 1385 1421 1425 uva.
1447 1369 1707 1440 Denique
1724 1368 1933 1440 gratia,

266 1458 397 1515 nisi
426 1458 615 1530 gratis
645 1458 985 1531 accipiatur,
1018 1457 1207 1531 gratia
1236 1475 1352 1514 non
1374 1462 1482 1527 est,
1518 1474 1624 1513 nec
1647 1456 1761 1512 dici
1782 1461 1935 1512 recte

276 1550 496 1620 potest.
529 1546 842 1602 Simoniaci
871 1550 1069 1602 autem
1090 1563 1205 1601 non
1236 1546 1419 1618 gratis
1451 1545 1748 1617 accipiunt
1777 1545 1932 1616 quod

272 1634 602 1707 accipiunt.
637 1635 820 1707 Igitur
848 1634 1096 1707 gratiam
1128 1651 1253 1705 quae
1287 1634 1538 1690 maxime
1569 1634 1627 1689 in
1664 1633 1931 1689 ecclesia-

272 1723 458 1789 sticis
479 1723 782 1779 ordinibus
793 1728 1068 1795 operatur
1085 1740 1200 1779 non
1215 1723 1585 1795 accipiunt,si
1599 1727 1793 1778 autem
1817 1739 1934 1778 non

284 1811 603 1884 accipiunt,
635 1828 741 1868 nec
771 1812 1027 1880 habent;
1061 1812 1112 1867 si
1155 1829 1269 1868 non
1300 1812 1536 1877 habent,
1570 1829 1672 1868 nec
1706 1811 1889 1884 gratis
1918 1827 1932 1879 ;

268 1918 478 1974 neque
508 1918 625 1957 non
654 1902 840 1971 gratis
870 1901 1147 1972 cuiquam
1192 1902 1330 1957 dare
1356 1905 1606 1974 possunt
1636 1901 1790 1972 quod
1823 1916 1937 1955 non

268 1988 525 2048 habent.
542 1989 690 2056 Quid
706 2005 842 2063 ergo
865 1990 1045 2045 dant?
1063 1989 1321 2061 profecto
1348 1991 1502 2061 quod
1526 1989 1760 2045 habent.
1791 1988 1939 2055 Quid

283 2084 486 2138 autem
503 2079 750 2135 habent!
774 2078 1044 2150 spiritum
1076 2078 1277 2149 utique
1298 2078 1607 2133 mendacii.
1642 2077 1941 2142 Quomodo

282 2168 397 2225 hoc
428 2167 794 2240 probamus?
835 2166 981 2233 Quia
1019 2167 1067 2222 si
1097 2166 1349 2239 Spiritus
1378 2166 1661 2231 veritatis,
1692 2169 1943 2221 testante

278 2256 418 2329 ipsa
446 2256 703 2312 Veritate
735 2256 806 2311 de
837 2272 955 2327 qua
982 2254 1263 2326 procedit,
1294 2254 1476 2326 gratis
1503 2253 1809 2325 accipitur,
1842 2252 1941 2324 qui

280 2363 408 2403 non
438 2346 623 2418 gratis
654 2344 938 2416 accipitur
961 2343 1163 2417 procul
1187 2344 1364 2399 dubio
1386 2342 1630 2415 spiritus
1656 2341 1943 2398 mendacii

294 2450 429 2492 esse
458 2432 839 2491 convincitur.

954 2521 1182 2577 CAPUT
1220 2521 1287 2575 V.

368 2612 484 2668 Sed
497 2611 634 2667 binc
639 2612 766 2682 jam
778 2611 851 2666 ad
866 2609 1295 2667 discussionem
1314 2608 1593 2681 propositi
1608 2607 1845 2680 capituli
1864 2624 1949 2664 re-

280 2705 617 2768 vertamur,
650 2704 707 2757 et
728 2700 965 2755 beatum
988 2696 1393 2767 Leonem,illic
1416 2696 1946 2769 pseudoepiscopos

294 2792 881 2857 commemorantem,
957 2805 1073 2843 non
1138 2791 1339 2842 contra
1410 2786 1772 2843 Simoniacos
1842 2802 1945 2842 seu

291 2893 685 2951 quoscunque
728 2875 873 2932 alios
920 2875 1242 2941 haereticos,
1285 2875 1387 2930 sed
1420 2879 1620 2930 contra
1659 2875 1946 2946 quosdam

289 2965 622 3024 catholicos
651 2982 785 3021 eum
825 2964 986 3022 illius
1016 2964 1174 3020 modi
1224 2963 1455 3036 regulas
1502 2964 1819 3036 praeﬁxisse
1848 2965 1945 3019 de-

280 3058 719 3121 monstremus.
751 3055 820 3109 Et
847 3054 920 3109 de
968 3052 1318 3109 Simoniacis
1367 3052 1628 3123 quidem,
1675 3069 1777 3108 seu
1813 3052 1948 3108 aliis

296 3144 759 3217 quibuscunque
790 3142 1077 3198 haereticis
1097 3159 1213 3198 non
1235 3140 1469 3197 eumibi
1499 3141 1758 3197 locutum
1789 3142 1949 3197 sufﬁ-

290 3233 521 3291 cienter
547 3235 638 3288 est
692 3231 963 3303 superius
1011 3230 1501 3298 demonstratum,
1552 3246 1708 3284 nunc
1751 3235 1947 3286 autem

280 3320 456 3393 quod
476 3320 549 3375 de
568 3319 1105 3393 pseudoepiscopis,
1124 3323 1319 3375 tamen
1341 3317 1662 3387 catholicis,
1676 3318 1950 3390 loquatur

294 3412 399 3465 est
444 3409 989 3465 demonstrandum.
1044 3408 1389 3480 Quicunque
1428 3412 1801 3465 consecratur
1827 3408 1946 3480 epi-

282 3513 522 3569 scopus
567 3498 893 3555 secundum
944 3497 1263 3553 decretales
1311 3500 1651 3553 sanctorum
1692 3496 1947 3570 regulas,

284 3584 467 3659 prius
497 3591 587 3641 est
613 3603 648 3642 a
687 3585 837 3643 clero
887 3584 1217 3658 eligendus,
1265 3586 1475 3642 deinde
1523 3603 1557 3641 a
1587 3585 1751 3658 plebe
1779 3601 1947 3658 expe-

279 3675 537 3740 tendus,
586 3675 944 3746 tandemque
974 3692 1009 3730 a
1045 3673 1630 3746 comprovincialibus
1661 3674 1950 3747 episcopis

286 3778 436 3821 cum
488 3761 923 3834 metropolitani
964 3761 1190 3833 judicio
1240 3764 1693 3819 consecrandus.
1751 3763 1949 3835 Neque

272 3851 457 3909 enim
480 3849 653 3906 aliter
682 3856 877 3907 certus
907 3854 965 3906 et
994 3852 1297 3919 fundatus,
1330 3851 1418 3907 vel
1439 3868 1611 3908 verus
1640 3852 1950 3925 episcOpus

282 3940 413 3997 dici
444 3937 535 3996 vel
566 3938 766 3994 haberi
797 3939 1027 4012 poterit,
1061 3938 1176 3994 nisi
1220 3948 1442 3996 certum
1474 3940 1694 3996 clerum
1744 3944 1801 3996 et
1842 3958 1949 4012 po-

283 4027 509 4103 pulum
536 4027 753 4099 quibus
782 4026 979 4100 prassit
1017 4026 1307 4094 habuerit,
1342 4032 1399 4083 et
1427 4044 1461 4082 a
1490 4028 1947 4100 comprovincia-

283 4117 457 4174 libus
488 4116 615 4172 suis
648 4117 991 4173 auctoritate
1030 4115 1485 4188 metropolitani,
1518 4116 1589 4172 ad
1623 4134 1796 4188 quem
1825 4117 1949 4173 vice

283 4204 635 4281 apostolicae
653 4204 808 4261 sedis
829 4221 970 4261 cura
998 4204 1014 4259 i
1021 4200 1186 4277 peius
1209 4203 1516 4277 provinciae
1538 4204 1789 4276 pertinet
1813 4222 1947 4261 con-

280 4293 626 4353 secrandus
674 4293 889 4363 fuerit;
942 4309 1050 4350 nec
1092 4297 1307 4361 certus,
1357 4309 1462 4349 nec
1510 4293 1811 4363 fundatus,
1844 4310 1949 4351 nec

285 4399 497 4450 verus,
527 4383 627 4439 sed
652 4382 1188 4455 pseudoepiscopus
1224 4381 1508 4438 dicendus
1532 4386 1621 4438 est
1646 4386 1701 4438 et
1729 4382 1948 4439 haben-

276 4472 436 4541 -dus,
464 4486 573 4527 nec
592 4471 746 4527 inter
766 4471 1043 4528 canonice
1066 4471 1358 4544 plantatos
1384 4470 1473 4526 vel
1507 4472 1689 4527 factos
1726 4471 1948 4542 episco-

2039 569 2191 627 clero
2209 575 2267 628 et
2287 571 2474 643 plebe,
2488 578 2544 629 et
2559 575 2992 647 metropolitani
3010 575 3384 647 auctoritate,
3399 582 3456 633 et
3475 579 3687 637 idcirco

2040 676 2156 716 non
2170 677 2297 716 esse
2314 661 2702 719 dubitandum
2716 665 3061 733 hujusmodi
3076 665 3379 738 episcopos
3393 666 3686 740 indignos,

2040 749 2257 819 quibus
2279 750 2575 807 tribuatur
2600 753 2753 824 quod
2779 754 3022 809 docetur
3042 772 3157 810 non
3190 755 3370 811 fuisse
3395 757 3535 811 dum
3559 773 3692 811 con-

2042 842 2412 894 secrarentur
2490 840 2788 909 collatum,
2852 845 3008 897 certa
3063 842 3287 899 scilicet
3342 845 3693 917 propriaque

2041 927 2337 998 parochia,
2365 932 2423 983 et
2464 934 2651 985 certos
2677 931 3060 1002 propriosque
3093 931 3334 988 clericos
3380 932 3692 989 ordinandi

2043 1016 2379 1081 auctoritas,
2415 1021 2514 1072 aut
2544 1019 3042 1089 quemadmodum
3078 1020 3148 1075 de
3174 1022 3530 1092 presbyteris
3564 1022 3691 1078 sine

2044 1103 2281 1159 nomine
2328 1105 2629 1161 titulorum
2673 1106 2956 1163 ordinatis
3013 1107 3073 1161 in
3118 1108 3387 1163 Africano
3447 1108 3691 1165 concilio

2043 1191 2275 1265 legitur,
2309 1211 2604 1265 nusquam
2637 1196 2972 1251 ministrent
2988 1204 3085 1250 aut
3116 1197 3409 1267 ordinent,
3430 1198 3500 1253 ad
3535 1198 3689 1267 inju-

2044 1280 2194 1336 riam
2224 1298 2427 1336 eorum
2460 1282 2558 1353 qui
2581 1283 2726 1339 tales
2756 1300 2874 1339 non
2897 1284 3175 1340 canonice
3197 1284 3556 1341 ordinavere.
3582 1286 3691 1342 Ubi

2042 1373 2240 1425 tamen
2271 1374 2327 1425 et
2356 1371 2413 1425 in
2448 1371 2684 1443 quibus,
2736 1376 2791 1426 et
2822 1389 2924 1443 per
2954 1390 3128 1443 quos,
3176 1377 3232 1428 et
3263 1372 3513 1444 qualiter
3539 1374 3693 1430 ordi-

2045 1459 2202 1514 natio
2216 1458 2418 1514 talium
2444 1460 2627 1531 possit
2648 1461 2888 1527 stare,in
2914 1462 3039 1532 ipso
3059 1460 3314 1532 capitulo
3331 1462 3461 1532 subj
3471 1478 3695 1534 ungens

2045 1548 2267 1603 curavit
2295 1549 2715 1605 demonstrare.
2761 1549 2818 1605 Si
2863 1551 2961 1621 qui
3010 1555 3208 1606 autem
3242 1549 3434 1607 clerici
3465 1550 3536 1606 ab
3567 1551 3698 1608 istis

2044 1636 2562 1708 pseudoepiSCOpis
2604 1638 2662 1692 in
2685 1637 2959 1694 Ecclesiis
2992 1638 3243 1694 ordinati
3275 1642 3433 1704 sunt,
3469 1656 3597 1710 quae
3624 1641 3695 1695 ad

2044 1724 2312 1797 proprios
2342 1726 2645 1797 episc0pos
2678 1726 3067 1797 pertinebant,
3088 1731 3144 1781 et
3175 1726 3463 1782 ordinatio
3492 1744 3695 1783 eorum

2046 1818 2326 1870 consueto
2340 1814 2564 1883 judicio
2586 1814 3025 1885 prasidentium
3050 1815 3200 1871 facta
3216 1818 3328 1880 est,
3356 1820 3545 1886 potest
3572 1821 3700 1871 rata

2050 1901 2274 1968 haberi,
2324 1901 2404 1956 ita
2453 1905 2518 1956 ut
2560 1900 2705 1972 ipsis
2753 1902 3027 1958 Ecclesiis
3076 1906 3462 1974 perseverent.
3512 1902 3699 1958 Aliter

2051 1995 2248 2047 autem
2279 2008 2430 2046 vana
2462 1990 2732 2045 habenda
2777 1995 2867 2046 est
2911 1991 3220 2056 ordinatio,
3269 2008 3395 2061 quae
3435 2007 3541 2047 nec
3573 1991 3697 2048 loco

2052 2080 2296 2136 fundata
2323 2083 2538 2135 estnec
2570 2079 2914 2135 auctoritate
2938 2079 3355 2135 munita.Patet
3377 2095 3512 2151 ergo
3535 2080 3695 2151 quia,

2052 2168 2100 2224 si
2119 2168 2358 2224 clericos
2380 2185 2865 2241 quorumcumque
2881 2168 3290 2240 episcoporum
3315 2168 3579 2239 proprias
3603 2170 3700 2225 Ec-

2053 2255 2262 2312 clesiae
2294 2256 2880 2327 habentium,judicio
2902 2274 3105 2313 eorum
3136 2261 3194 2312 et
3223 2272 3512 2313 consensu
3543 2257 3697 2313 ordi-

2052 2345 2337 2410 naverint,
2366 2349 2490 2399 rata
2508 2344 2797 2401 ordinatio
2816 2345 3017 2401 haberi
3040 2347 3247 2418 possit,
3268 2346 3351 2402 ita
3372 2353 3433 2400 ut
3462 2362 3697 2418 perma-

2054 2438 2230 2491 neant
2259 2432 2451 2489 clerici
2475 2435 2545 2489 ab
2560 2435 2643 2490 eis
2663 2435 2917 2491 ordinati
2939 2435 2996 2490 in
3019 2452 3260 2491 suorum
3291 2435 3698 2507 episcoporum

2054 2522 2346 2591 Ecclesiis,
2380 2522 2521 2593 quia
2550 2522 2680 2579 istis
2712 2540 2829 2579 non
2864 2529 3002 2579 sunt
3032 2540 3178 2596 quas
3209 2524 3347 2580 dent
3394 2541 3428 2579 a
3457 2540 3519 2579 se
3540 2524 3701 2579 ordi—

2054 2610 2198 2667 nati.
2234 2612 2318 2667 Ita
2344 2611 2502 2667 enim
2534 2613 2892 2670 consecratio
2921 2629 3123 2671 eorum
3152 2613 3434 2668 hactenus
3464 2612 3703 2669 instabi-

2056 2698 2127 2755 lis
2144 2701 2414 2757 munitur
2425 2702 2768 2758 auctoritate
2785 2707 3123 2759 caaterorum
3138 2702 3701 2773 episcoporum,fun-

2054 2788 2230 2844 datur
2255 2788 2404 2859 loco,
2435 2788 2494 2844 in
2527 2789 2803 2845 Ecclesiis
2836 2790 3055 2846 scilicet
3084 2806 3306 2845 eorum.

2688 2879 2923 2935 CAPUT
2962 2879 3056 2934 VI.

2128 2966 2273 3022 Hinc
2292 2984 2363 3023 ne
2387 2966 2519 3039 quis
2546 2984 2812 3039 perverse
2834 2969 3145 3024 contendat
3160 2966 3501 3039 hujusmodi
3520 2984 3697 3039 pseu-

2056 3055 2438 3128 doepiscopos
2460 3072 2577 3111 non
2598 3072 2769 3128 posse
2800 3056 3115 3129 aliquando
3148 3061 3305 3112 ratas
3330 3057 3515 3112 facere
3545 3055 3698 3111 ordi-

2058 3144 2343 3208 nationes,
2379 3145 2671 3215 quomodo
2704 3162 2809 3200 nec
2848 3144 3210 3201 Simoniacos
3260 3162 3363 3200 seu
3411 3143 3703 3216 quoslibet

1978 3216 2021 3282 C
2061 3231 2205 3287 alios
2236 3232 2537 3288 haereticos
2561 3250 2575 3301 ;
2610 3236 2712 3288 aut
2732 3236 2884 3288 certe
2904 3232 3264 3288 Simoniacos
3285 3249 3388 3288 seu
3413 3231 3701 3304 quoslibet

2057 3319 2204 3376 alios
2263 3319 2563 3377 haereticos
2619 3326 2778 3377 ratas
2818 3321 3214 3377 ordinationes
3261 3321 3448 3377 facere
3506 3337 3699 3392 posse,

2057 3410 2350 3481 quomodo
2379 3414 2436 3465 et
2466 3410 2611 3466 istos
2636 3428 2650 3478 ;
2684 3415 2861 3482 atque
2893 3428 3009 3466 uno
3044 3411 3218 3466 modo
3239 3409 3539 3466 habendos
3559 3410 3703 3466 istos

2048 3504 2110 3555 et
2138 3498 2289 3567 illos,
2326 3503 2423 3567 ut:
2432 3504 2593 3572 puta,
2622 3500 2899 3571 quoniam
2927 3499 3407 3572 pseudoepiscopi
3430 3498 3707 3554 dicuntur

2058 3588 2155 3644 isti
2202 3588 2376 3643 sicuti
2431 3593 2490 3644 et
2546 3588 2652 3656 illi,
2712 3588 2933 3644 scilicet
2990 3588 3121 3643 falsi
3180 3588 3458 3662 episcopi,
3518 3587 3703 3643 anim-

2057 3678 2336 3743 advertat,
2406 3676 2675 3749 quisquis
2736 3676 2833 3733 ille
2908 3680 3017 3744 est,
3077 3675 3291 3731 falsum
3369 3691 3484 3728 non
3550 3690 3702 3729 sem-

2057 3784 2161 3838 per
2206 3765 2574 3822 uniformiter
2624 3765 2759 3832 dici,
2795 3766 2895 3821 sed
2928 3764 3245 3835 aliquando
3275 3779 3342 3817 ex
3372 3765 3555 3832 parte,
3590 3760 3699 3815 ali-

2057 3856 2290 3926 quando
2321 3872 2390 3910 ex
2408 3858 2549 3921 toto,
2577 3855 2730 3925 quod
2748 3854 2856 3908 hoc
2877 3851 3217 3924 quotidiano
3241 3850 3515 3906 facillime
3544 3866 3703 3905 com-

2057 3943 2338 4015 probatur
2358 3941 2643 4013 exemplo.
2668 3940 2889 3995 Dicitur
2905 3939 3174 4011 equidem
3196 3954 3475 3994 nummus
3497 3937 3703 4008 falsus,

2059 4032 2159 4104 qui
2194 4039 2385 4086 tamen
2407 4028 2579 4084 aliter
2598 4045 2660 4084 se
2682 4028 2858 4084 habet
2873 4028 3035 4084 visus
3065 4045 3099 4083 a
3117 4026 3515 4099 vigilantibus,
3539 4025 3707 4082 aliter

2059 4136 2094 4175 a
2122 4117 2574 4174 dormientibus.
2606 4117 2753 4172 Nam
2784 4116 2889 4186 illi,
2910 4121 3012 4173 aut
3040 4116 3101 4172 in
3133 4120 3486 4189 caragmate,
3511 4120 3614 4172 aut
3643 4115 3703 4171 in

2057 4206 2319 4274 materie,
2353 4209 2456 4261 aut
2481 4209 2633 4262 certe
2652 4209 2884 4261 tantum
2909 4206 2969 4261 in
2994 4207 3248 4279 pondere
3278 4205 3445 4271 fallit,
3476 4205 3586 4261 iste
3608 4222 3706 4261 au-

2056 4298 2174 4351 tem
2203 4294 2265 4349 in
2298 4294 2547 4361 cunctis,
2597 4294 2736 4366 quia
2788 4311 2894 4351 nec
2924 4294 3163 4363 exstitit,
3215 4310 3321 4349 nec
3350 4292 3566 4358 existit,
3599 4309 3703 4348 nec

2057 4383 2283 4450 existet,
2314 4383 2417 4438 sed
2447 4400 2517 4439 ex
2543 4387 2664 4439 toto
2714 4400 2777 4439 se
2806 4384 3023 4439 falsum
3055 4388 3163 4452 est,
3214 4385 3271 4437 et
3309 4380 3475 4435 nihil.
3511 4381 3702 4436 Unum

2057 4473 2296 4544 quidem
2322 4471 2432 4528 etsi
2454 4472 2713 4528 humana
2730 4472 3110 4544 praesumptio
3132 4470 3390 4526 maximo
3412 4472 3512 4524 aut
3534 4466 3704 4524 mini-

287 4578 409 4634 pos
462 4560 935 4632 computandus;
987 4559 1145 4633 quia,
1187 4575 1321 4615 cum
1373 4558 1682 4631 episcopus
1722 4560 1950 4616 dicatur
1977 4581 2025 4647 D
2057 4578 2152 4618 mo
2184 4562 2275 4617 sui
2305 4565 2504 4617 tenore
2537 4562 2785 4628 fraudat,
2818 4565 3015 4617 tamen
3038 4559 3126 4615 vel
3158 4575 3364 4647 parum
3393 4560 3494 4647 aut
3519 4556 3703 4647 pluri-

286 4649 781 4722 superintendms,
832 4652 935 4705 aut
984 4649 1445 4720 superinspz'ciens
1501 4647 1596 4701 cui
1652 4648 1804 4703 clero
1848 4652 1950 4704 aut

284 4738 391 4794 cui
427 4736 643 4809 populo
672 4737 771 4793 hic
800 4736 939 4793 talis
960 4735 1407 4808 superintendit,
1432 4735 1531 4807 qui
1551 4734 1769 4791 nullius
1788 4735 1949 4805 cleri,

274 4825 644 4898 nulliusque
673 4826 874 4899 populi
905 4824 1121 4898 quibus
1146 4824 1590 4897 superintendat
1609 4824 1948 4880 electionem

285 4914 536 4982 habuit,
570 4915 813 4987 insuper
836 4919 892 4972 et
919 4913 1353 4985 metropolitani
1386 4917 1562 4984 atque
1592 4915 1950 4986 comprovin-

278 5004 543 5069 cialium
562 5004 906 5060 auctoritate
926 5002 1154 5059 caruit?
1172 5002 1335 5067 Quod
1356 5005 1550 5057 autem
1571 5001 1631 5058 in
1654 5002 1950 5075 proposito

272 5093 693 5166 subsequitur
739 5091 1028 5166 capitulo:
1089 5114 1119 5142 ‹‹
1171 5091 1333 5147 Unde
1377 5106 1529 5163 saepe
1587 5092 1832 5163 quaestio
1880 5092 1951 5148 de

284 5182 461 5241 male
486 5187 719 5255 accepto
740 5181 962 5241 honore
983 5184 1283 5247 nascatur,
1305 5180 1441 5251 quis
1462 5180 1722 5251 ambigat
1740 5198 1953 5252 nequa-

289 5287 490 5346 quam
511 5271 645 5328 istis
666 5271 1046 5329 tribuendum
1062 5270 1221 5343 quod
1241 5269 1480 5325 docetur
1499 5285 1615 5325 non
1638 5270 1821 5326 fuisse
1845 5270 1956 5327 col-

276 5362 510 5428 latum,
548 5382 577 5411 »
607 5361 690 5417 ita
736 5366 827 5418 est
869 5359 1339 5432 intelligendum,
1386 5358 1668 5415 honorem
1714 5361 1952 5431 quidem

278 5449 714 5524 episcopalem,
770 5449 992 5507 scilicet
1047 5447 1566 5515 consecrationem,
1626 5454 1950 5521 acceptum,

272 5542 401 5601 sed
427 5537 603 5607 male,
638 5556 753 5598 non
784 5539 924 5611 quia
949 5555 1052 5610 per
1083 5537 1393 5611 pecuniam
1412 5538 1500 5594 vel
1526 5555 1560 5594 a
1582 5536 1951 5609 Simoniacis,

269 5626 498 5689 taliter
521 5626 678 5691 enim
708 5626 873 5690 nulla
900 5625 1216 5700 praeveniro
1246 5630 1443 5698 posset
1465 5629 1564 5683 aut
1591 5625 1793 5684 haberi
1823 5643 1956 5685 con-

2057 4667 2221 4706 mum
2251 4650 2441 4705 eidem
2490 4651 2608 4705 dat.
2658 4649 2919 4705 Alterum
2968 4647 3259 4703 diabolica
3287 4645 3483 4700 illusio
3523 4644 3703 4700 totius

2058 4739 2364 4812 probitatis
2393 4755 2641 4794 vacuum
2686 4738 2876 4809 ﬁngit,
2920 4736 3118 4807 nilque
3149 4735 3233 4790 illi
3280 4739 3489 4807 praeter
3517 4733 3704 4791 solam

2059 4828 2455 4900 deceptionem
2488 4826 2775 4881 attribuit.
2805 4826 2837 4881 J
2844 4842 2944 4880 ure
2972 4841 3106 4897 ergo
3128 4841 3197 4881 ex
3216 4822 3517 4881 catholicis
3540 4840 3708 4896 pseu-

2059 4917 2444 4988 doepiscopus
2466 4913 2611 4968 falso
2640 4913 2878 4985 quidem
2904 4930 3145 4970 nummo
3173 4918 3579 4986 comparatur;
3604 4913 3705 4970 sed

2058 5022 2236 5078 quem
2268 5005 2528 5059 humana
2554 5019 2669 5068 ars,
2704 5002 2813 5058 etsi
2842 5003 2903 5058 in
2935 5002 3233 5075 aliquibus
3273 5003 3702 5075 imperfectum,

2059 5095 2118 5149 in
2150 5092 2446 5164 aliquibus
2466 5096 2660 5147 tamen
2689 5091 3008 5163 perfectum
3032 5092 3263 5149 format.
3297 5092 3471 5146 Porro
3501 5108 3569 5145 ex
3589 5091 3704 5144 ha;-

2060 5181 2258 5239 reticis
2288 5179 2823 5252 pseudoepiscopus
2857 5180 3002 5236 falso
3050 5180 3252 5236 itidem
3304 5193 3547 5232 nummo
3577 5177 3704 5246 jure

2061 5268 2423 5327 assimilatur
2450 5268 2552 5325 sed
2584 5285 2759 5339 quem
2792 5269 3079 5326 diabolica
3108 5286 3204 5324 ars
3232 5269 3291 5322 in
3323 5282 3384 5321 se
3411 5268 3531 5319 toto
3557 5262 3704 5319 nihil

2062 5358 2424 5421 existentem,
2459 5358 2519 5412 in
2551 5356 2676 5413 sola
2707 5362 2903 5414 tamen
2935 5357 3209 5412 illusione
3238 5354 3559 5427 perfectum
3590 5354 3703 5408 for-

2064 5451 2206 5504 mat.
2240 5448 2312 5501 At
2341 5451 2542 5501 noster
2561 5463 2864 5513 nummus,
2900 5445 3167 5517 quamvis
3216 5442 3424 5508 falsus,
3455 5440 3706 5513 alicujus

2065 5541 2263 5592 tamen
2290 5534 2458 5607 pretii
2512 5535 2642 5604 erit,
2677 5539 3147 5607 quantaecunque
3194 5531 3470 5590 falsitatis
3497 5531 3695 5588 fuerit.

2062 5626 2211 5685 Nam
2233 5623 2283 5681 si
2316 5623 2660 5697 reprobatur
2684 5641 2754 5682 ex
2774 5625 3049 5698 pondere,
3076 5622 3419 5698 probabitur
3437 5638 3508 5679 ex
3522 5624 3702 5679 mate-
