4106 6178
431 383 433 386 ‹
457 331 611 401 1019

1466 329 1952 403 HUMBEB'I‘US
1999 332 2062 396 S.
2111 329 2186 394 Β.
2232 325 2303 395 Ε.
2350 330 2846 399 CARDINALIS.

3692 329 3848 397 10⁸10

457 473 562 541 rie,
595 476 652 530 et
681 487 750 530 ex
779 477 1140 548 caragmate;
1172 477 1274 532 aut
1301 473 1348 532 si
1381 490 1497 531 non
1530 490 1599 530 ex
1637 471 1867 530 duobus
1899 469 2098 539 simul,
2128 465 2183 536 Α
2212 473 2278 526 ut
2292 468 2547 544 episcopi
2567 461 3310 542 uniuscujusquedioecesis
3331 464 3402 526 ad
3419 459 3704 526 Ecclesiae
3727 485 3840 526 non

456 581 524 620 ex
554 581 670 619 uno
687 569 880 621 tamen
904 565 1114 622 horum
1137 565 1314 621 trium
1347 563 1544 637 aliquo
1573 565 1745 619 modo
1765 562 2108 635 approbabi-

455 655 664 708 tur.lta
693 659 782 710 est
803 659 998 709 noster
1021 654 1556 726 pseudoepiscopus
1583 656 2106 725 quantumcunque

459 741 656 797 minus
679 743 922 814 justitize
953 744 1010 798 in
1055 761 1116 798 se
1148 744 1378 809 habeat,
1413 748 1609 797 tamen
1642 741 1922 813 probatur
1951 741 2102 812 apud

457 830 640 886 Deum
674 837 729 886 et
772 832 1038 887 homines
1079 850 1232 888 sana:
1278 832 1513 900 mentis,
1565 835 1665 885 aut
1709 847 1777 885 ex
1830 829 1962 884 ﬁdei
2014 829 2103 884 vel

455 921 585 975 vitae
640 939 758 975 suae
813 921 1164 989 sinceritate,
1217 927 1317 976 aut
1372 938 1440 975 ex
1481 920 1604 975 sola
1648 919 2100 986 consecratione,

459 1010 724 1078 quamvis
773 1012 1114 1083 reprobetur
1144 1028 1210 1066 ex
1267 1010 1549 1065 electione
1605 1008 1998 1063 stertentium.
2033 1009 2102 1062 At

457 1096 641 1153 falsus
657 1105 1425 1171 nummus,quantaecunquc
1442 1097 1814 1169 perfectionis
1829 1099 2104 1167 appareat

456 1185 537 1240 nil
570 1192 678 1250 est,
713 1188 931 1243 nullius
962 1194 1050 1242 est
1083 1187 1247 1258 pretii
1275 1191 1376 1241 aut
1398 1185 1675 1241 momenti
1701 1185 1758 1238 in
1781 1183 2104 1255 quamlibet

456 1281 678 1347 partem
703 1276 791 1331 sui
825 1281 1039 1343 exstat;
1061 1293 1236 1346 quem
1256 1274 1342 1330 vel
1365 1276 1597 1330 credere
1621 1289 1930 1328 nummum
1952 1289 2099 1340 esse,

455 1365 656 1428 fuisse,
681 1365 766 1419 vel
803 1366 939 1432 fore,
974 1364 1367 1435 perniciosum
1396 1367 1485 1418 est
1516 1361 1909 1419 mendacium.
1945 1361 2027 1415 Ita
2049 1365 2104 1415 et

453 1450 792 1506 haereticoru
804 1469 856 1506 m
875 1469 1012 1523 pseu
1024 1452 1908 1524 doepiscopus,quantzecunque
1927 1449 2102 1504 conti-

453 1539 684 1605 nentiae,
717 1539 802 1593 vel
838 1541 1181 1608 sanctitatis,
1209 1541 1256 1596 si
1289 1541 1401 1596 dici
1423 1541 1615 1609 debet,
1638 1540 1918 1602 videatur,
1945 1539 2099 1609 apud

452 1626 634 1681 Deum
667 1631 863 1682 tamen
896 1633 952 1683 et
968 1628 1234 1684 homines
1258 1628 1552 1700 pervigilis
1574 1627 1766 1683 cordis
1785 1627 1928 1681 nihil
1951 1643 2102 1682 com-

450 1719 709 1786 putatur,
744 1716 881 1786 quia
911 1717 1193 1788 quidquid
1227 1717 1352 1772 sine
1376 1718 1488 1772 fide
1521 1721 1628 1783 est,
1656 1719 1957 1788 peccatum
1990 1718 2096 1771 est.

449 1803 628 1866 Quem
663 1805 817 1876 quod
866 1805 1150 1860 hactenus
1180 1806 1411 1860 credere
1452 1805 1790 1876 episc0pum
1824 1821 1940 1858 non
1971 1808 2095 1859 tan-
2128 1839 2176 1904 B

447 1894 754 1949 tummodo
785 1899 1108 1966 peccatum,
1143 1895 1242 1949 sed
1267 1894 1524 1949 immane
1548 1910 1780 1965 quoque
1800 1897 1888 1949 est
1918 1893 2094 1948 sacri-

448 1980 689 2053 legium,
725 1982 861 2038 hinc
885 1984 956 2037 ad
989 1987 1199 2038 nostra:
1243 1983 1584 2038 assertionis
1615 1981 2091 2048 affirmationem,

443 2070 588 2126 libet
608 2071 742 2127 huic
773 2072 1056 2143 opusculo
1087 2071 1420 2143 aliquorum
1451 2072 1707 2127 inserere
1741 2085 2092 2126 commemo-

447 2160 757 2225 rationem,
793 2160 892 2232 qui
923 2177 1026 2215 nec
1058 2178 1092 2215 a
1120 2160 1271 2214 clero
1298 2160 1457 2215 fuere
1486 2159 1674 2224 electi,
1710 2176 1816 2214 nec
1847 2176 1880 2213 a
1910 2158 2092 2230 plebi-

445 2247 558 2303 bus
580 2249 834 2319 expetiti,
860 2265 963 2303 nec
987 2249 1534 2320 metropolitanijud
1551 2248 1655 2304 icio
1681 2266 1714 2303 a
1733 2247 2094 2319 comprovin-

445 2334 692 2391 cialibus
723 2336 1010 2408 episcopis
1040 2337 1382 2403 consecrati,
1407 2342 1462 2392 et
1493 2341 1688 2392 tamen
1717 2353 1783 2391 ex
1807 2336 1928 2392 sola
1960 2353 2091 2391 con-

445 2423 769 2479 secratione
788 2428 961 2479 tanta:
979 2426 1365 2489 auctoritatis,
1385 2425 1734 2491 sanctitatis,
1748 2430 1803 2480 et
1823 2424 2092 2479 utilitatis

443 2509 662 2564 inventi
695 2514 830 2567 sunt
864 2511 922 2566 in
951 2513 1208 2568 Ecclesia
1232 2513 1444 2568 Christi
1477 2518 1539 2567 ut
1567 2531 1736 2568 nemo
1769 2513 1880 2568 nisi
1915 2511 2091 2567 sacri-

443 2597 610 2669 legus
638 2605 954 2672 praesumat
984 2617 1081 2656 eos
1103 2601 1630 2673 pseudoepiscopos
1654 2602 1711 2656 in
1738 2601 1933 2673 aliquo
1966 2617 2093 2672 pro-

445 2687 614 2742 fiteri.
651 2694 715 2743 Et
744 2688 932 2760 primo
962 2690 1200 2760 quidem
1229 2690 1599 2746 beatissimos
1635 2689 1930 2762 apostolos
1959 2689 2089 2744 uni-

440 2777 683 2832 versalis
728 2777 996 2833 Ecclesia:
1047 2779 1385 2834 fundatores
1432 2783 1489 2835 et
1541 2780 1835 2851 principes
1891 2779 1949 2833 in
1983 2779 2092 2833 hoc

444 2880 993 2934 commemoramus,
1051 2867 1166 2922 nisi
1210 2867 1614 2938 justissimum
1674 2868 2094 2922 arbitraremur

445 2951 601 3024 leges
630 2957 686 3008 et
716 2958 955 3011 naturas
998 2955 1330 3012 necessario
1367 2959 1580 3023 tacere,
1614 2957 1713 3011 ubi
1739 2955 2091 3012 benedictio-

447 3059 602 3110 nem,
635 3043 884 3114 gratiam
912 3048 968 3099 et
997 3044 1246 3117 gloriam
1279 3046 1438 3101 dedit
1468 3045 1766 3119 legislator
1791 3050 1848 3101 et
1864 3039 2095 3100 natUra-

446 3147 579 3185 rum
612 3132 918 3188 Dominus.

2215 560 2367 616 irent
2392 566 2711 616 extraneas.
2738 559 2855 615 Hoc
2886 558 3042 615 enim
3073 557 3344 631 primitus
3393 561 3630 631 propter
3657 574 3847 631 perse-

2214 649 2467 706 cutionis
2489 647 3736 721 tempusindifferenteragebatur,siquidem
3753 663 3848 719 pro

2214 737 2406 794 taliter
2435 738 2714 794 ordinatis
2743 736 2920 793 talem
2946 737 3206 809 regulam
3234 737 3346 792 alia
3367 737 3624 808 synodus
3651 753 3851 808 propo-

2217 828 2369 883 suit:
2405 851 2433 877 ‹‹
2467 828 2523 883 Si
2557 827 2688 899 quis
2721 826 3029 898 episcopus
3059 825 3359 881 ordinatus
3390 826 3460 879 ad
3497 824 3847 895 parochiam,

2212 916 2270 971 in
2305 933 2420 988 qua
2452 917 2754 972 ordinatus
2784 920 2890 982 est,
2918 916 3139 970 nimine
3161 914 3573 986 proficiscitur,
3599 931 3710 969 non
3748 931 3847 969 sua

2215 1007 2407 1078 culpa,
2441 1008 2562 1072 sed,
2594 1006 2714 1062 sive
2743 1004 2956 1078 populo
2999 1008 3326 1076 respuente,
3357 1009 3458 1059 aut
3487 1007 3725 1076 propter
3753 1002 3847 1058 ali-

2213 1096 2536 1167 quamlibet
2565 1096 2736 1152 aliam
2769 1111 3028 1161 causam,
3062 1109 3175 1148 non
3227 1092 3568 1148 necessitate
3617 1092 3846 1160 factam,

2211 1185 2365 1240 hunc
2397 1185 2676 1241 honorem
2728 1183 3166 1253 ministerioque
3213 1180 3549 1253 participari
3597 1184 3844 1246 tantum,

2211 1291 2318 1330 nec
2347 1290 2481 1328 eum
2515 1272 2744 1328 misceri
2774 1272 2948 1326 rebus
2979 1270 3269 1337 Ecclesiae,
3307 1271 3364 1324 in
3398 1287 3517 1341 qua
3547 1269 3842 1324 collectam

2210 1362 2463 1418 celebrat
2509 1361 2792 1429 Ecclesiae,
2844 1361 2944 1416 sed
2993 1360 3280 1414 sustinere
3337 1359 3492 1430 quod
3542 1359 3843 1430 provincia:

2211 1452 2470 1524 synodus
2501 1467 2606 1506 suo
2620 1449 2844 1521 judicio
2873 1448 3292 1504 terminaverit.
3324 1469 3352 1494 ιι
3380 1447 3526 1502 Hinc
3556 1463 3691 1519 ergo
3723 1464 3842 1518 per-

2211 1541 2502 1612 pendetur
2532 1545 2763 1595 nostros
2792 1537 3109 1594 catholicos
3138 1537 3276 1592 olim
3299 1540 3357 1592 et
3380 1540 3583 1608 postea
3603 1536 3726 1592 sine
3753 1536 3844 1591 tri-

2210 1630 2322 1684 bus
2345 1629 2462 1684 illis
2476 1628 2746 1700 capitulis
2768 1627 3261 1684 consecrationem
3284 1629 3469 1681 ratam
3493 1625 3840 1690 obtinuisse;

2207 1718 2509 1774 haereticos
2538 1735 2672 1774 vero
2702 1733 2929 1784 omnes,
2978 1720 3035 1771 et
3084 1715 3432 1771 nominatim
3463 1715 3840 1780 Simoniacos,

2208 1806 2430 1863 nullam
2462 1807 2698 1863 omnino
2732 1823 2837 1862 nec
2875 1811 3036 1872 tunc,
3068 1821 3172 1860 nec
3207 1808 3428 1876 postea,
3475 1805 3703 1860 etiamsi
3728 1803 3842 1858 illis

2204 1897 2315 1952 tria
2338 1896 2440 1952 illa
2457 1897 2650 1951 adsint
2669 1894 2945 1967 capitula,
2967 1893 3237 1948 videlicet
3255 1892 3460 1947 electio
3481 1891 3634 1958 cleri,
3668 1908 3837 1962 expo-

2205 1983 2442 2040 stulatio
2468 1982 2688 2055 populi,
2705 1981 3114 2053 judiciumque
3136 1979 3575 2052 metropolitani,
3598 1979 3731 2050 quia
3749 1978 3836 2032 in-

2204 2071 2477 2127 fidelibus
2497 2070 2644 2126 nihil
2667 2069 2971 2125 munditia:
2991 2069 3079 2125 vel
3102 2070 3298 2140 gratia":
3317 2073 3500 2141 potest
3522 2067 3837 2130 adhaerere,

2204 2161 2384 2216 donec
2415 2160 2589 2215 corda
2635 2176 2837 2215 eorum
2871 2159 2984 2214 ﬁde
3029 2159 3406 2213 mundentur.
3468 2157 3596 2212 Haec
3642 2160 3838 2211 tamen

2203 2249 2471 2315 dicendo,
2504 2248 2585 2304 ita
2615 2252 2950 2303 sanctorum
2980 2248 3216 2302 Patrum
3248 2250 3581 2302 nostrorum
3612 2245 3839 2299 ordina-

2199 2336 2415 2392 tionem
2439 2353 2805 2401 veneramur,
2819 2352 2886 2391 ex
2903 2336 3250 2390 necessitate
3271 2335 3553 2405 temporis
3573 2337 3630 2388 et
3643 2349 3841 2388 eorum

2204 2426 2458 2481 maxima
2470 2424 2834 2492 auctoritate,
2851 2428 2916 2479 ut
2937 2423 3186 2495 posteris
3205 2424 3486 2478 nostriset
3508 2422 3681 2477 nobis
3702 2421 3841 2492 ipsis

2202 2531 2305 2586 per
2325 2515 2524 2569 omnia
2545 2517 2940 2569 contestemur
2959 2512 3379 2568 ecclesiasticas
3399 2511 3636 2582 regulas
3657 2512 3843 2566 obser-

2199 2608 2398 2658 vatum
2430 2603 2521 2668 iri,
2555 2603 2694 2674 quia
2721 2602 2996 2673 antiquos
3031 2605 3266 2656 excusat
3301 2598 3623 2654 necessitas
3653 2605 3712 2654 et
3740 2616 3842 2654 sua

2202 2691 2441 2746 libertas
2466 2710 2478 2758 ;
2509 2692 2820 2746 modernos
2853 2694 3048 2746 autem
3080 2691 3314 2744 accusat
3343 2687 3472 2743 sola
3500 2704 3607 2743 sua
3637 2687 3842 2743 volun-

2202 2783 2294 2834 tas
2316 2782 2372 2833 et
2402 2778 2722 2834 temeritas.

2825 2866 3054 2922 CAPUT
3091 2866 3212 2920 VII.

2272 2957 2639 3012 Conaur'roa.
2657 2955 2919 3011 Audistis
2931 2955 3102 3010 etiam
3126 2953 3284 3025 quia,
3303 2952 3455 3008 sicut
3473 2953 3671 3008 denuo
3695 2953 3842 3025 quis-

2203 3062 2378 3117 quam
2409 3045 2690 3117 baptizari
2724 3062 2840 3100 non
2873 3045 3062 3109 debet,
3090 3043 3174 3098 ita
3195 3057 3298 3098 nec
3327 3043 3518 3098 denuo
3551 3043 3612 3097 in
3644 3043 3840 3099 eodem

2203 3135 2407 3190 ordine
2437 3135 2764 3190 consecrari
2795 3137 3004 3206 potest.

517 3219 680 3276 Unde
711 3225 873 3277 tanta
897 3222 1220 3294 taliumque
1264 3223 1698 3278 ordinationum
1731 3224 1924 3279 debita
1953 3239 2086 3278 cum
2119 3205 2161 3271 C
2270 3224 2639 3279 Coanup'ron.
2674 3205 2813 3288 Quis
2844 3222 2986 3277 dicit
3014 3224 3115 3276 aut
3157 3221 3331 3276 sentit
3362 3221 3554 3274 denuo
3586 3219 3840 3292 aliquem

446 3307 767 3364 reverentia
803 3309 1059 3364 salutata
1089 3311 1725 3381 prmtermittentes,nec
1752 3329 1863 3366 non
1905 3316 1961 3367 et
1992 3312 2090 3366 illa

447 3411 623 3466 quam
647 3396 758 3465 ipsi
782 3397 932 3451 beati
953 3397 1197 3468 apostoli
1217 3398 1478 3469 exemplo
1492 3399 1723 3453 Domini
1747 3403 1803 3453 et
1825 3399 2090 3470 magistri

447 3483 538 3538 sui
570 3483 791 3552 Asiam,
843 3485 1152 3556 Europam,
1200 3490 1256 3540 et
1285 3487 1534 3542 Africam
1568 3487 1858 3559 episcopis
1883 3487 2088 3558 hujus-

449 3571 605 3626 modi
639 3570 1403 3644 illustrarunt,maximeque
1422 3579 1648 3640 Petrus,
1667 3576 1762 3647 qui
1791 3593 1957 3630 suam
1977 3577 2087 3631 Ita-

446 3659 608 3726 liam,
633 3665 690 3715 et
706 3664 944 3716 cunctas
967 3661 1184 3718 Gallias
1208 3662 1442 3718 directis
1463 3663 1936 3734 praedicatoribus
1954 3663 2090 3719 tali-

443 3753 532 3804 ter
557 3767 590 3804 a
619 3767 680 3806 se
725 3751 1010 3807 ordinatis
1041 3755 1172 3823 post
1218 3751 1514 3807 Christum
1559 3768 1790 3807 currere
1835 3751 1986 3819 fecit,
2023 3770 2091 3808 ex

446 3839 696 3910 posteris
743 3855 944 3895 eorum
978 3840 1151 3912 longo
1183 3844 1314 3911 post
1361 3844 1620 3912 tempore
1665 3841 1813 3896 duos
1859 3844 2086 3896 tantum

443 3927 988 4004 commemorandos
1019 3929 1396 3994 arbitramur,
1423 3929 1520 4000 qui
1546 3930 1671 3998 jam
1705 3929 2090 4002 promulgatis

443 4014 578 4068 inde
621 4015 802 4068 sacris
855 4015 1176 4071 canonibus
1219 4015 1415 4072 taliter
1447 4016 1698 4071 ordinati
1744 4022 2086 4084 noscuntur,

443 4101 596 4157 sicut
627 4100 684 4154 in
730 4101 982 4158 Historia
1029 4105 1350 4176 Tripartita
1404 4104 1641 4177 legitur.
1691 4105 2000 4178 Perigenes
2029 4106 2090 4161 in

443 4189 625 4244 Petris
657 4190 962 4246 ordinatur
990 4192 1323 4262 episcopus,
1356 4197 1412 4247 ct
1457 4192 1735 4264 quoniam
1769 4193 1922 4250 cives
1953 4212 2090 4250 eum

443 4278 739 4349 suscipere
783 4279 1117 4348 noluerunt,
1173 4281 1446 4335 Romana:
1487 4280 1738 4336 civitatis
1779 4282 2090 4355 episcopus

434 4366 765 4438 jussiteum
790 4368 1170 4424 inthronizari
1195 4368 1253 4423 in
1269 4368 2092 4443 Corinthomctropoli,defun-

441 4458 532 4510 cto
563 4457 692 4526 ejus
738 4458 1028 4529 episcopo,
1079 4457 1268 4530 eique,
1312 4459 1495 4513 donec
1545 4459 1780 4528 advixit,
1819 4460 2090 4517 Ecclesiae

2201 3313 2261 3366 in
2294 3312 2496 3368 eodem
2528 3311 2731 3366 ordine
2762 3310 3088 3366 consecrari
3120 3309 3329 3381 posse?
3359 3308 3530 3364 Absit
3556 3310 3731 3364 nobis
3761 3308 3840 3364 sic

2200 3397 2429 3469 sapere!
2466 3397 2622 3452 Inter
2640 3395 2755 3451 alia
2783 3397 3054 3468 equidem
3075 3413 3202 3467 quae
3234 3412 3410 3466 super
3433 3395 3546 3449 hoc
3567 3412 3601 3450 a
3623 3397 3838 3450 sanctis

2201 3487 2467 3541 Patribus
2496 3485 2851 3557 accepimus,
2879 3485 3054 3540 etiam
3087 3484 3239 3539 beati
3270 3501 3429 3555 papae
3462 3483 3723 3556 Gregorii
3755 3501 3842 3538 ca-

2200 3574 2454 3647 pitulum
2479 3574 2843 3646 propositum
2861 3572 3430 3650 debitaveneratione
3452 3572 3841 3643 suscepimus.

2201 3663 2363 3718 Sicut
2380 3664 2534 3718 enim
2566 3664 2690 3735 ipse
2712 3663 2929 3718 ibidem
2945 3661 3426 3731 testatur,merito
3440 3661 3743 3730 judicatus
3757 3664 3844 3715 est

2202 3752 2300 3823 qui
2327 3751 2443 3807 tale
2472 3751 2694 3823 aliquid
2719 3753 2903 3808 facere
2925 3751 3036 3805 fuit
3060 3749 3539 3815 ausus,videlicet
3561 3749 3701 3821 quia
3718 3750 3848 3805 Pro-

2203 3841 2344 3894 bum
2379 3841 2542 3912 prius
2574 3839 2806 3911 lapsum
2839 3840 2910 3895 ab
2940 3839 3130 3894 officio
3161 3837 3431 3910 deposuit
3473 3842 3532 3893 et
3561 3840 3847 3910 pmniten—

2201 3927 2292 3982 tia:
2329 3928 2675 4000 supposuit;
2733 3945 2847 4000 qua
2893 3927 3139 3999 expleta,
3194 3927 3465 3982 eumdem
3523 3944 3740 3984 rursus
3793 3929 3849 3982 in

2203 4018 2407 4072 eodem
2439 4017 2663 4079 ordine.
2710 4017 2880 4088 quasi
2937 4017 3238 4089 presbyter
3283 4032 3590 4086 nunquam
3624 4017 3850 4084 fuisset,

2205 4105 2578 4160 consecravit.
2623 4106 2782 4168 Quod
2833 4105 3036 4178 utique
3085 4104 3246 4160 nullo
3290 4105 3463 4160 modo
3490 4105 3604 4160 fuit
3633 4111 3741 4160 aut
3770 4109 3852 4160 est

2201 4194 2515 4266 agendum,
2545 4194 2645 4248 sed
2677 4195 2724 4249 si
2773 4194 3074 4265 depositus
3116 4194 3366 4266 quisque
3396 4193 3618 4262 injuste
3652 4198 3850 4265 postea

2199 4281 2478 4337 innocens
2501 4282 2841 4354 reperiatur,
2867 4283 3019 4339 sicut
3039 4281 3348 4338 concilium
3373 4280 3727 4337 Toletanum
3743 4289 3849 4337 sta-

2199 4371 2335 4436 tuit,
2358 4372 2629 4443 episcopo
2661 4371 2828 4444 virga
2858 4376 2915 4427 et
2945 4371 3220 4436 annulus,
3246 4370 3585 4442 presbytero
3617 4370 3850 4443 planeta

2199 4462 2256 4514 et
2285 4459 2540 4515 orarium
2573 4459 2804 4526 dantur,
2840 4463 2896 4516 et
2926 4460 3026 4527 sic,
3054 4474 3158 4531 per
3187 4462 3422 4514 caeteros
3443 4459 3849 4527 ordines,uni-

441 4545 691 4634 praefuit.
717 4546 1010 4634 Sisinnius
1032 4563 1265 4618 quoque
1285 4546 1969 4620 Constantinopolitanus
1991 4567 2089 4605 an-
2119 4570 2168 4634 ι)
2198 4548 2409 4620 cuique
2424 4548 2577 4619 quod
2592 4547 2852 4603 ablatum
2877 4549 3849 4620 fuit,cumdeponeretur.lnventus

438 4631 608 4688 tistes
639 4633 902 4689 Proclum
933 4635 992 4689 in
1021 4635 1218 4691 Cituco
1245 4635 1622 4701 consecravit,
1650 4638 1747 4708 qui
1770 4642 2085 4710 antequam

440 4721 904 4792 proficisceretur
943 4723 1216 4789 Cizicum,
1260 4725 1413 4779 cives
1441 4726 1817 4795 procedentes
1849 4726 2080 4782 Dalma-

439 4808 590 4863 tium
661 4810 1012 4865 monachum
1059 4811 1398 4882 episcopum
1442 4813 1676 4867 sibimet
1714 4814 2080 4870 ordinarunt.

441 4896 658 4951 Mansit
675 4913 810 4967 ergo
835 4897 1073 4954 Proclus
1093 4917 1204 4954 non
1220 4898 1444 4955 habens
1464 4899 1777 4956 Ecclesium
1799 4903 2091 4975 propriam

441 4983 539 5055 qui
560 4987 752 5038 tamen
777 4984 834 5038 in
857 4986 1120 5041 doctrina
1136 4987 1494 5044 Ecclsiarum
1508 4988 2092 5061 Constantinopoleos

437 5071 601 5127 valde
621 5073 880 5140 florebat;
902 5078 1101 5145 postea
1119 5075 1178 5129 in
1193 5076 1306 5131 Con
1317 5077 1836 5148 stantinopolitana
1853 5080 1988 5134 sede
2002 5080 2089 5134 in-

436 5161 498 5216 th
508 5161 822 5217 ronizatus.
849 5167 890 5215 A
903 5168 1103 5234 pparet
1115 5180 1250 5235 ergo
1266 5171 1538 5220 neutrum
1555 5183 1588 5220 a
1601 5166 1752 5221 clero
1771 5167 1857 5222 vel
1876 5169 2088 5240 populo

439 5250 620 5306 fuisse
633 5249 812 5306 electu
825 5268 1057 5322 m,quos
1073 5268 1189 5306 non
1204 5256 1465 5325 receptos
1479 5257 1565 5309 est
1581 5255 2091 5312 manifestum.Su-

439 5338 637 5408 perius
658 5339 831 5394 etiam
868 5340 1068 5396 eadem
1097 5339 1348 5396 Historia
1367 5342 1722 5396 mentionem
1747 5343 1966 5400 faciens
1998 5363 2086 5401 se-

440 5425 614 5479 cundi
632 5427 976 5483 universalis
995 5428 1476 5495 concilii,sciliret
1494 5430 2085 5503 Constantinopolita-

440 5511 699 5578 ni,dicit:
721 5515 1120 5572 Firmaverunt
1145 5534 1352 5572 rursus
1375 5518 1571 5572 Patres
1593 5517 1885 5575 Nicaenam
1908 5522 2083 5578 ﬁdem

439 5605 495 5659 et
506 5601 864 5674 patriarchas
877 5604 1745 5672 constituerunt,distribuentes
1759 5609 2086 5681 provincias

2199 4640 2392 4693 autem
2424 4637 2483 4691 in
2515 4635 2712 4708 aliquo
2743 4652 2980 4693 excersu
3010 4636 3229 4702 leviori,
3252 4636 3480 4708 privata
3509 4637 3852 4708 paenitentia

2193 4724 2515 4782 satisfactio
2538 4726 2620 4781 ita
2642 4726 2722 4797 inj
2733 4726 2971 4797 ungitur
2989 4730 3054 4780 ut
3080 4730 3279 4780 tamen
3313 4741 3426 4780 non
3456 4725 3849 4797 deponantur,

2200 4815 2304 4870 sed
2317 4815 2556 4870 omnino
2573 4814 2656 4870 eis
2671 4815 2810 4870 ordo
2829 4831 3000 4886 quem
3015 4815 3233 4871 habent
3244 4819 3850 4886 conservetur,quem-

2203 4903 2519 4958 admodum
2550 4905 2677 4974 ipse
2724 4903 2932 4959 beatus
2962 4903 3276 4975 Gregorius
3309 4903 3367 4957 in
3401 4901 3516 4958 ﬁne
3545 4902 3849 4974 prmsentis

2201 4990 2441 5062 capituli
2472 4991 2726 5047 sensisse
2756 4992 3160 5063 cognoscitur;
3184 4991 3340 5062 quod
3371 4990 3465 5046 hic
3488 4991 3850 5046 subtraxisse

2199 5080 2616 5150 comprobatur
2645 5078 2806 5134 vafer
2826 5078 2923 5136 ille
2946 5083 3003 5135 et
3033 5080 3323 5152 impurus,
3358 5079 3499 5150 quia
3528 5079 3720 5134 sensit
3736 5080 3848 5135 evi—

2199 5169 2406 5223 denter
2448 5167 2728 5222 obsistere
2767 5167 2892 5223 suis
2938 5167 3425 5224 cavillationibus.
3478 5167 3536 5223 Si
3569 5168 3729 5239 quis,
3763 5167 3883 5233 in-_

2199 5257 2429 5328 quiens,
2462 5255 2521 5308 in
2572 5254 2678 5310 levi
2728 5257 2976 5313 forsitan
3030 5256 3204 5330 culpa
3234 5275 3267 5312 a
3314 5256 3640 5312 sacerdotio
3669 5255 3842 5320 venit,

2197 5345 2534 5417 puanitentia
2554 5343 2728 5400 indici
2747 5347 2938 5414 debet,
2963 5351 3020 5404 et
3045 5351 3242 5402 tamen
3267 5346 3409 5401 ordo
3433 5345 3672 5401 servari.
3698 5345 3844 5400 Nam

2195 5450 2299 5506 pro
2330 5433 2736 5490 criminalibus
2762 5436 2920 5505 juste
2953 5435 3279 5508 depositus,
3313 5438 3416 5490 aut
3446 5450 3585 5501 non,
3625 5437 3726 5488 aut
3756 5433 3849 5486 vix

2195 5521 2489 5578 invenitur
2506 5522 2639 5594 quis
2662 5521 2817 5578 licite
2841 5525 3167 5582 restitutus.
3184 5524 3345 5591 Quod
3370 5522 3422 5578 si
3443 5523 3656 5593 injuste
3670 5521 3849 5592 depo-

2194 5611 2363 5678 situs,
2396 5611 2748 5678 restituitur,
2783 5614 3280 5682 quemadmodum
3313 5629 3380 5668 ex
3411 5608 3649 5668 concilio
3683 5609 3850 5666 Tole-
