4106 6178
281 345 426 413 1021

877 355 1294 423 ADVERSUS
1341 353 1814 421 SIMONIACOS
1863 358 2068 427 LIBRI
2111 360 2338 425 TllES.
2370 397 2446 412 —
2475 364 2708 428 LIBER
2752 364 3076 466 PRIMUS.

3523 377 3679 441 I022

279 487 410 582 tano
440 502 620 560 supra
638 487 884 582 dicitur;
900 491 1266 582 justeautem
1294 491 1593 564 depositus
1620 509 1916 582 nusquam
1948 493 2005 562 Α
2031 495 2128 552 isti
2160 499 2289 570 ejus
2317 499 2588 574 discipuli
2640 502 2982 576 probantur.
3015 506 3140 570 Qua
3185 509 3338 565 certe
3385 509 3680 582 parilitate

278 580 332 632 et
352 593 648 649 nunquam
664 577 819 635 licite
842 581 1184 637 restituitur.
1210 584 1484 637 Inventus
1506 586 1699 637 autem
1723 581 1781 637 in
1809 583 1913 636 mi-

276 682 383 722 nus
403 667 675 739 gravibus
697 671 1052 735 excessibus,
1073 687 1186 726 non
1202 671 1438 742 quidem
1456 671 1786 742 deponitur,
1811 671 1912 726 sed

273 755 456 811 eidem
489 773 597 811 suo
628 757 829 813 ordine
843 764 1128 815 reservato
1161 759 1503 830 aliquandiu
1528 760 1600 814 ab
1629 759 1754 831 ipso
1777 776 1912 813 sus-

266 844 555 916 penditur.
590 845 729 909 Quis
754 847 989 902 tandem
1013 849 1202 903 denuo
1221 848 1571 904 acatholicis
1607 864 1909 903 consecra-

267 937 360 988 tus
389 935 694 1005 arguitur?
723 935 1037 1006 siquidem,
1073 937 1325 1008 exceptis
1378 936 1908 1006 irreprehensibilis

265 1020 389 1076 vita:
421 1021 671 1090 clericis,
706 1024 960 1095 amplius
992 1025 1082 1080 his
1116 1025 1305 1080 tribus
1353 1025 1706 1096 supradictis
1739 1041 1910 1096 gene-

267 1110 427 1166 ribus
458 1111 517 1166 in
550 1111 836 1168 catholica
859 1131 974 1168 non
995 1114 1386 1185 reperiuntur.
1421 1117 1538 1167 Aut
1567 1113 1722 1167 enim
1746 1115 1908 1183 juste

271 1199 519 1271 depositi
551 1206 739 1268 erunt,
764 1206 868 1257 aut
898 1203 1134 1273 injuste,
1161 1206 1262 1258 aut
1291 1207 1443 1257 certe
1475 1218 1587 1256 non
1620 1202 1904 1273 depositi;

263 1294 315 1344 et
335 1289 383 1344 si
409 1289 467 1344 in
490 1289 804 1346 levioribus
822 1292 1012 1364 culpis
1036 1292 1392 1362 inventijam
1414 1293 1753 1363 quicunque
1777 1291 1908 1364 plus

261 1378 350 1434 his
383 1383 543 1445 sunt,
573 1383 735 1434 extra
763 1380 1115 1437 catholicam
1145 1380 1464 1437 Ecclesiam
1497 1382 1697 1454 procul
1729 1382 1906 1437 dubio

264 1472 417 1523 sunt.
443 1468 594 1524 Sunt
617 1467 774 1524 enim
805 1468 1059 1536 heeretici
1085 1475 1184 1525 aut
1213 1471 1492 1542 episcopi,
1524 1476 1628 1527 aut
1665 1472 1904 1544 presby-

261 1557 392 1625 teri,
422 1574 524 1613 seu
545 1557 796 1624 diaconi,
843 1558 934 1614 vel
964 1559 1374 1632 cujuscunque
1406 1561 1650 1618 alterius
1683 1563 1904 1635 gradus

263 1645 458 1702 clerici
491 1647 648 1702 dicti.

330 1735 495 1792 Unde
525 1753 584 1793 se
603 1752 839 1808 quoque
867 1737 1122 1806 nolente,
1142 1739 1492 1811 Spinosulus
1515 1742 1626 1812 (14)
1645 1741 1754 1798 iste
1785 1760 1902 1799 suae

262 1840 540 1897 perversae
569 1825 912 1882 intentionis
944 1827 1200 1898 initium,
1248 1829 1715 1902 progressionem
1748 1837 1805 1888 et
1835 1834 1904 1888 ﬁ-
1939 1865 1988 1930 B

259 1929 413 1981 nem,
447 1915 789 1986 procedente
820 1915 1236 1989 disputatione,
1263 1920 1524 1975 noscitur
1535 1921 1661 1992 jam
1691 1921 1908 1978 revela-

259 2019 338 2068 re,
369 2009 428 2060 et
448 2003 606 2060 velut
635 2005 957 2077 implicitus
985 2005 1197 2062 ericius
1219 2013 1394 2080 caput
1422 2027 1619 2078 suum,
1639 2015 1696 2065 et
1727 2013 1904 2083 pedes

258 2094 644 2166 caudamque,
668 2095 975 2151 accedente
995 2112 1166 2168 aqua,
1183 2097 1412 2168 cogitur
1430 2098 1736 2169 explicare.
1765 2101 1906 2155 Con-

259 2187 372 2238 stat
395 2181 554 2239 enim
586 2200 721 2240 eum
762 2183 1134 2255 pertinaciter
1171 2185 1479 2241 defendere
1510 2187 1582 2242 ab
1613 2187 1904 2245 haereticis

259 2275 313 2326 et
332 2271 664 2344 specialiter
691 2289 725 2327 a
741 2273 1088 2328 Simoniacis
1111 2274 1429 2340 ordinatos,
1454 2275 1593 2345 quia
1611 2275 1668 2329 in
1701 2277 1899 2333 catho-

257 2359 384 2428 lica,
398 2361 623 2417 sicutin
642 2361 1041 2434 superioribus
1059 2363 1290 2418 abunde
1316 2369 1693 2432 monstratur,
1714 2368 1896 2423 semel

255 2455 529 2522 acceptus
561 2451 702 2507 ordo
724 2468 838 2507 non
872 2448 1134 2508 iteratur.
1162 2453 1411 2509 Laborat
1437 2470 1668 2526 quoque
1698 2457 1899 2526 variis,

255 2539 354 2594 sed
385 2538 554 2594 vanis
585 2540 950 2609 argumentis
983 2544 1242 2596 astruere
1275 2542 1429 2612 quod
1469 2559 1503 2596 a
1551 2542 1898 2602 Simoniacis

252 2625 503 2682 ordinati
534 2627 660 2683 sine
691 2627 1029 2699 pmnitentia
1071 2633 1128 2684 et
1157 2645 1368 2684 manus
1398 2630 1772 2702 impositione
1801 2635 1896 2690 de-

252 2713 389 2770 bent
419 2715 480 2770 in
509 2715 660 2772 clero
691 2715 977 2772 catholico
1009 2717 1230 2784 haberi,
1265 2722 1322 2772 et
1345 2717 1403 2772 in
1435 2735 1500 2774 eo
1534 2737 1894 2790 permanere,

251 2808 315 2866 ut
345 2809 490 2876 puta
517 2805 733 2875 quibus
767 2804 910 2860 nihil
936 2805 1088 2861 desit
1116 2805 1175 2860 in
1208 2805 1366 2861 nulla
1393 2808 1598 2878 gratia.
1629 2810 1744 2865 Nos
1764 2827 1896 2867 vero

249 2892 684 2950 sufficientibus
705 2899 1047 2950 sanctorum
1073 2895 1306 2950 Patrum
1330 2895 1602 2968 superius
1633 2915 1897 2970 compro-

249 2981 520 3037 bavimus
551 2983 908 3039 testimoniis
937 2983 1296 3040 Simoniacos
1336 2984 1636 3041 haereticos
1668 2988 1896 3058 pejores

247 3087 375 3127 esse
405 3071 680 3143 pessimis
710 3071 961 3128 Arianis.
985 3074 1054 3128 Et
1084 3073 1132 3128 si
1164 3073 1354 3128 adhuc
1385 3074 1688 3129 dubitatur
1708 3092 1781 3130 an
1815 3076 1897 3131 Si-

245 3159 500 3216 moniaci
532 3160 650 3215 sint
679 3160 931 3216 habendi
955 3160 1231 3229 haeretici,
1254 3160 1622 3217 revolvantur
1650 3163 1891 3218 catholi-

244 3265 450 3306 corum
483 3249 718 3305 Patrum
747 3250 818 3305 de
847 3249 1094 3306 diversis
1115 3227 1432 3305 haeresibus
1452 3249 1607 3317 libri,
1633 3252 1727 3307 SS.
1759 3253 1890 3322 Epi-
1924 3227 1966 3293 Ο

237 3337 470 3411 phanii,
502 3338 818 3402 Philastrii,
842 3338 1175 3412 Augustini,
1208 3342 1663 3409 ceterorumque
1682 3339 1780 3411 qui
1803 3341 1889 3395 in-

239 3427 320 3483 de
344 3430 485 3482 sunt
503 3427 752 3484 scribere
765 3428 975 3495 conati,
999 3433 1056 3483 et
1075 3429 1133 3482 in
1157 3428 1430 3483 omnibus
1443 3429 1890 3500 deprehendun-

234 3520 341 3572 tur
370 3515 708 3582 Simoniaci,
759 3516 860 3588 qui
889 3521 946 3572 et
975 3516 1287 3572 Simoniaci
1320 3516 1378 3570 in
1410 3516 1685 3589 Catalogo
1719 3517 1892 3573 haere-

231 3621 380 3662 seon
413 3605 694 3677 primum,
720 3622 974 3678 quorum
992 3609 1195 3661 auctor
1216 3604 1439 3672 Simon,
1465 3606 1513 3659 si
1537 3607 1804 3662 damnari
1827 3612 1891 3661 ut

230 3693 591 3750 manifestus
638 3694 946 3750 haereticus
987 3693 1220 3758 meruit,
1271 3693 1409 3763 quia
1452 3694 1760 3749 aestimavit
1803 3695 1886 3749 vel

226 3782 518 3855 cogitavit
537 3782 817 3854 Spiritum
841 3785 1111 3839 sanctum
1127 3782 1372 3853 pecunia
1394 3799 1455 3837 se
1478 3799 1648 3853 posse
1667 3800 1886 3839 merca-

222 3875 361 3928 tum
395 3870 490 3939 iri,
525 3875 582 3927 et
619 3872 836 3943 quibus
867 3870 1039 3927 vellet
1068 3870 1265 3942 largiri
1292 3889 1304 3937 ;
1339 3871 1572 3928 videant
1603 3873 1712 3944 ipsi
1745 3873 1885 3944 quid

224 3963 574 4016 mereantur
589 3959 728 4031 quia
743 3959 1068 4016 certissime
1089 3960 1335 4015 credunt
1357 3977 1417 4015 se
1437 3961 1759 4033 episcopos;
1787 3977 1883 4032 pe-

221 4049 408 4106 cunia
438 4049 850 4116 intercedente,
883 4066 1054 4120 posse
1083 4050 1172 4104 vel
1195 4050 1454 4120 potuisse
1487 4051 1631 4121 ﬁeri,
1665 4055 1722 4106 et
1743 4067 1885 4106 con-

219 4138 591 4195 secrationes
605 4138 692 4193 vel
719 4137 1115 4194 ordinationes
1145 4139 1573 4196 ecclesiasticas
1604 4140 1880 4210 cuiquam

217 4228 546 4300 impertiri.
579 4227 702 4283 Nisi
728 4228 884 4284 enim
917 4229 1026 4284 hoc
1058 4245 1120 4283 se
1151 4244 1324 4300 posse
1343 4229 1662 4293 crederent,
1697 4245 1730 4283 a
1761 4233 1886 4284 tan-

213 4320 284 4372 ta
316 4316 776 4388 praesumptione
806 4334 868 4373 se
898 4319 1341 4390 suspenderent.
1363 4319 1442 4372 Ex
1462 4334 1577 4389 qua
1597 4321 1751 4373 certe
1774 4335 1883 4373 sua

211 4404 639 4473 aestimatione,
671 4405 722 4461 si
753 4406 953 4462 Simon
985 4407 1082 4463 ille
1113 4407 1387 4479 pessimis
1434 4408 1664 4462 Arinnis
1715 4408 1880 4478 pejor

209 4494 528 4549 evidenter
573 4495 940 4565 praedicatur,
972 4497 1250 4567 quoniam
1283 4496 1396 4551 sibi
1427 4497 1708 4568 Spiritum
1742 4513 1876 4550 san-

2023 603 2330 654 concussa,
2365 608 2600 647 necesse
2632 593 2740 648 erit
2760 593 3121 651 Simoniacos
3143 613 3276 651 cum
3303 598 3413 654 sibi
3434 602 3672 670 paribus

2020 677 2250 734 Arianis
2284 697 2481 749 parem
2505 681 2678 736 etiam
2703 686 2905 738 contra
2932 700 2992 738 se
3014 684 3319 741 catholicis
3337 694 3670 758 exspectare

2023 767 2392 822 sententiam.
2429 770 2627 841 Itaque
2658 772 2773 840 iam
2810 789 2923 826 non
2958 773 3192 840 nostris,
3227 775 3328 830 sed
3377 776 3666 847 antiquis-

2021 854 2330 922 simorum,
2362 862 2416 912 et
2435 875 2536 928 per
2557 859 2754 914 omnia
2784 860 3207 916 catholicorum
3237 868 3294 918 et
3322 863 3668 921 orthodoxe-

2023 961 2152 998 rum
2189 946 2426 1000 Patrum
2452 947 2810 1019 impetantur
2840 949 3083 1020 spiculis
3105 955 3162 1004 et
3192 951 3518 1008 obruantur
3540 972 3678 1010 sen-

2019 1032 2236 1099 tentiis,
2271 1039 2354 1099 ut,
2387 1037 2709 1091 secundum
2741 1037 3069 1092 Salomonis
3099 1038 3308 1110 elogia,
3346 1042 3444 1110 qui
3495 1059 3556 1097 se
3587 1044 3674 1098 di-

2019 1123 2164 1177 vites
2181 1123 2472 1190 ali‘ectant,
2509 1125 2652 1179 nihil
2677 1143 2764 1190 se,
2789 1126 2898 1180 nisi
2924 1131 3244 1182 extremam
3262 1127 3540 1200 inepiam,
3566 1131 3667 1186 ha-

2019 1211 2153 1265 bere
2186 1213 2366 1280 (Prov.
2409 1231 2487 1278 x1,
2519 1214 2641 1282 22);
2667 1215 2754 1269 vel
2781 1232 2908 1270 sero
2938 1216 3306 1279 erubescant,
3334 1216 3473 1284 sive,
3501 1219 3670 1287 juxta

2021 1300 2115 1354 Dei
2150 1304 2324 1371 atque
2366 1302 2551 1357 Patris
2582 1303 2709 1372 ejus
2741 1302 3196 1368 attestationem,
3233 1304 3331 1358 ubi
3362 1305 3667 1376 evigilave-

2018 1388 2136 1442 rint
2175 1406 2208 1444 a
2251 1406 2458 1445 somno
2490 1407 2596 1446 suo
2637 1408 2843 1446 omnes
2883 1391 2988 1444 viri
3021 1391 3380 1459 divitiarum,
3432 1394 3578 1448 nihil
3611 1395 3668 1450 in

2018 1476 2293 1534 manibus
2353 1479 2494 1546 suis,
2557 1479 2613 1534 id
2671 1485 2762 1535 est
2818 1479 3288 1536 ordinationibus
3341 1481 3672 1538 inveniatur

2017 1567 2186 1638 (Psal.
2223 1585 2382 1632 Lxxv,
2410 1571 2486 1636 6).
2520 1569 2714 1624 Primo
2747 1573 2940 1624 tamen
2987 1568 3084 1624 hic
3115 1567 3420 1624 calumniae
3469 1588 3668 1627 eorum

2016 1671 2253 1711 summa
2283 1657 2614 1728 sufﬁgatur,
2657 1675 2723 1712 ac
2759 1657 2969 1713 deinde
3015 1657 3382 1714 evidentibus
3430 1659 3669 1716 Patrum

2016 1743 2364 1800 fulminibus
2385 1745 2772 1802 confodiatur.

2624 1834 2858 1890 CAPUT
2908 1834 3057 1889 VIII.

2088 1923 2453 1979 Genaunos.
2506 1923 2668 1978 Unde
2700 1940 2882 1994 supra
2910 1922 2970 1976 in
3001 1923 3330 1978 canonibus
3375 1923 3665 1995 apostolo-

2017 2028 2170 2076 rum,
2203 2028 2351 2082 quos
2383 2015 2622 2066 sanctus
2656 2011 2915 2067 Isidorus
2964 2011 3329 2082 recipiendos
3371 2028 3498 2067 esse
3528 2029 3663 2068 con-

2015 2099 2211 2155 ﬁrmat
2243 2117 2256 2154 :
2294 2122 2322 2150 «
2353 2100 2409 2155 Si
2435 2100 2566 2171 quis
2588 2099 2920 2171 episcopus,
2945 2103 3046 2154 aut
3068 2099 3386 2171 presbyter,
3410 2105 3511 2154 aut
3541 2102 3663 2156 dia-

2013 2204 2197 2243 conus
2227 2189 2545 2243 secundam
2579 2205 2789 2243 manus
2813 2187 3246 2259 impositionem
3280 2188 3562 2260 acceperit
3591 2189 3664 2244 ab

2013 2275 2230 2348 aliquo,
2263 2278 2610 2349 deponatur.
2643 2282 2700 2332 et
2730 2277 2856 2348 ipse
2887 2277 2984 2348 qui
3019 2292 3154 2331 eum
3173 2277 3442 2332 ordinare
3474 2282 3664 2333 tenta-

2009 2365 2170 2420 verit.
2189 2367 2334 2421 Nam
2357 2383 2455 2422 eos
2478 2367 2573 2437 qui
2599 2367 2669 2420 ab
2695 2365 2981 2436 ejusmodi
3008 2364 3282 2436 baptizati
3307 2365 3542 2436 fuerint,
3576 2366 3661 2423 vel

2009 2454 2280 2521 ordinati,
2312 2472 2497 2527 neque
2529 2454 2752 2522 fideles,
2793 2471 2983 2525 neque
3015 2452 3258 2510 clericos
3291 2472 3418 2510 esse
3468 2456 3663 2527 possi-

2008 2542 2123 2598 bile
2154 2548 2262 2599 est.
2299 2567 2326 2592 »

2079 2632 2442 2688 Coansp'roa.
2476 2632 2619 2688 Cum
2669 2632 2829 2698 dicit,
2863 2632 3016 2688 unde
3062 2649 3262 2703 supra,
3296 2635 3452 2702 patet
3503 2633 3655 2703 quod

2007 2723 2338 2792 praecedens
2364 2727 2539 2792 caput
2567 2721 2751 2776 sancti
2775 2719 3035 2792 Gregorii
3061 2720 3368 2790 supposito
3399 2720 3654 2791 capitulo

2006 2809 2404 2880 apostolorum
2424 2809 2548 2864 ideo
2571 2810 2891 2880 conjungat
2916 2813 2975 2862 ut
2993 2806 3074 2862 nil
3093 2807 3322 2862 ditferre
3344 2806 3658 2863 catholico-

2006 2915 2137 2952 rum
2167 2903 2225 2953 et
2266 2897 2670 2953 haereticorum
2721 2896 3149 2952 ordinationem
3194 2899 3440 2963 astruat,
3485 2897 3652 2965 dum,

2005 2987 2159 3057 quod
2174 2987 2231 3041 S.
2252 2987 2565 3058 Gregorius
2587 3002 2764 3057 super
2785 2984 3205 3040 catholicorum
3227 2985 3652 3041 ordinationem

2004 3069 2333 3147 specialiter
2353 3079 2727 3146 protestetur,
2755 3075 2864 3130 iste
2883 3074 2952 3129 ad
2986 3073 3390 3128 haereticorum
3425 3079 3650 3145 partem

2003 3164 2350 3234 generaliter
2379 3164 2692 3219 transferre
2714 3168 2974 3228 conatur,
2999 3160 3168 3233 quasi
3187 3161 3433 3233 apostoli
3455 3167 3648 3218 vetue-

2003 3253 2121 3308 rint
2150 3253 2221 3308 ab
2254 3253 2558 3318 haereticis,
2615 3258 2680 3306 ut
2709 3251 2941 3318 dicitur,
2986 3251 3284 3305 ordinatos
3329 3250 3647 3306 secundam

2001 3358 2214 3397 manus
2248 3341 2678 3412 impositionem
2703 3358 2736 3394 a
2757 3338 3054 3394 catholicis
3075 3338 3550 3410 accipere.'Hinc,
3583 3356 3652 3394 ex

1998 3429 2394 3501 apostolorum
2443 3429 2766 3485 canonibus
2811 3428 2936 3484 sola
2982 3427 3236 3499 capitula
3283 3445 3300 3481 ι
3349 3427 3484 3497 (15),
3532 3444 3648 3482 non

1998 3522 2228 3574 tantum
2248 3519 2589 3574 auctoritate
2602 3518 2752 3574 beati
2771 3517 2971 3573 Isidori
2989 3521 3270 3588 quantam
3290 3517 3650 3572 sanctissimi

1998 3626 2160 3680 papa:
2191 3607 2507 3665 Clementis
2551 3613 2606 3663 et
2636 3607 3027 3678 plurimorum
3061 3621 3467 3660 successorum
3500 3606 3646 3674 ejus,

1998 3699 2268 3754 novimus
2299 3698 2506 3752 debere
2529 3697 2735 3768 recipi:
2771 3697 2893 3761 sed,
2919 3695 3074 3750 sicut
3105 3711 3173 3748 ex
3203 3692 3562 3748 authenticis
3594 3697 3651 3747 et

1997 3786 2253 3858 antiquis
2283 3784 2716 3855 exemplaribus
2739 3782 2954 3854 poterit
2985 3781 3239 3852 probari,
3265 3795 3520 3850 praesens
3551 3795 3644 3833 ca-

1995 3874 2249 3946 pitulum
2297 3877 2524 3929 constat
2573 3871 2702 3926 istic
2734 3869 2967 3940 proprio
2999 3884 3176 3923 sensu
3209 3872 3265 3922 et
3311 3865 3645 3938 integritate

1993 3962 2148 4018 circa
2186 3962 2276 4016 sui
2308 3962 2482 4015 ﬁnem
2517 3957 2772 4014 fraudari
2805 3963 2861 4012 et
2892 3956 3125 4028 privari,
3161 3959 3219 4011 et
3244 3954 3497 4010 alienum
3534 3955 3645 4027 ﬁg-

1993 4054 2258 4106 mentum
2290 4049 2478 4104 eidem
2509 4045 2843 4118 appositum
2873 4045 2981 4101 sub
3014 4044 3206 4116 specie
3236 4043 3373 4100 veri.
3407 4043 3553 4098 Nam
3584 4044 3644 4098 in

1993 4137 2423 4210 antiquioribus
2455 4140 2511 4191 et
2539 4133 2932 4190 veracioribus
2955 4132 3280 4188 canonibus
3305 4133 3385 4187 ita
3417 4133 3641 4188 inveni-

1992 4230 2124 4282 tur:
2163 4250 2189 4276 «
2214 4227 2272 4282 Si
2295 4225 2428 4298 quis
2448 4224 2768 4281 secundam
2796 4239 3007 4278 manus
3031 4221 3465 4294 impositionem
3491 4238 3645 4277 acce-

1992 4317 2160 4388 perit,
2193 4316 2500 4385 dejiciatur
2521 4315 2666 4386 ipse,
2694 4318 2744 4369 et
2779 4313 2881 4385 qui
2908 4330 3041 4369 eum
3075 4313 3408 4369 reordinare
3455 4315 3642 4366 tenta-

1988 4406 2152 4473 verit,
2187 4406 2299 4461 nisi
2333 4407 2478 4461 forte
2508 4421 2642 4460 eum
2675 4407 2746 4460 ab
2781 4404 3070 4460 haereticis
3109 4401 3443 4458 ordinatum
3477 4416 3642 4454 com-

1990 4495 2338 4566 probaverit.
2375 4517 2402 4543 »
2436 4494 2610 4549 Porro
2655 4495 2810 4565 quod
2856 4508 3040 4562 caupo
3073 4489 3169 4544 ille
3215 4487 3637 4559 nequissimus,

208 4587 389 4637 ctum
424 4582 712 4653 subjicere
733 4584 1018 4654 quaesivit,
1051 4583 1364 4640 Simoniaci
1408 4585 1558 4655 ejus,
1594 4584 1875 4656 quoniam
1910 4590 1954 4654 ι)
1986 4583 2286 4638 subtracto
2317 4583 2447 4637 vino
2478 4584 2671 4650 Sorec,
2707 4579 3025 4637 admiscuit
3054 4595 3122 4633 ex
3153 4576 3414 4632 cisternae
3464 4574 3638 4630 dissi-

207 4670 470 4727 omnino
502 4675 730 4726 tantum
753 4672 916 4728 nefas
949 4673 1216 4737 credunt,
1249 4672 1468 4742 quibus
1491 4673 1618 4742 jam
1650 4673 1874 4744 pejores

203 4759 448 4815 erunt?
493 4759 692 4831 Neque
741 4761 898 4816 enim
951 4761 1178 4832 pejores
1214 4761 1446 4816 Arianis
1477 4761 1535 4815 in
1579 4761 1872 4817 haereseon

202 4845 501 4919 Catalogo
522 4847 968 4919 dignoscuntur.
992 4849 1190 4905 Palam
1213 4865 1349 4921 ergo
1374 4849 1758 4918 Simoniacos,
1794 4849 1871 4904 si-

201 4939 322 4992 cut
351 4940 617 5007 tempore
646 4937 729 4992 ita
748 4941 806 4992 et
825 4954 1038 5005 errore,
1062 4937 1304 5010 reliquis
1333 4937 1624 4994 bzsreticis
1648 4938 1870 5010 priores

199 5039 372 5080 esse.
407 5024 649 5090 Verum,
682 5042 754 5081 ne
775 5043 955 5098 supra
980 5027 1220 5082 modum
1244 5026 1589 5098 przegravari
1617 5043 1678 5082 se
1700 5044 1734 5082 a
1765 5044 1868 5083 no-

197 5112 310 5168 bis
342 5117 607 5180 causent,
630 5130 802 5186 pares
821 5131 920 5170 eos
940 5114 1170 5171 Arianis
1196 5117 1433 5171 tandem
1467 5117 1869 5182 concedimus,

197 5200 490 5273 quamvis
521 5205 818 5259 auctorem
841 5220 1044 5260 eorum
1066 5203 1364 5259 Simonem
1386 5204 1621 5259 Arianis
1643 5220 1870 5276 perver-

195 5288 442 5345 siorem
465 5293 1109 5362 praemonstraverimus
1131 5308 1246 5363 quo
1268 5292 1470 5363 utique
1485 5293 1872 5364 perversiores

279 5431 399 5506 (Η)
434 5431 561 5506 Non
591 5433 838 5506 videtur,
872 5433 1064 5506 inquit
1090 5433 1390 5506 Fabricius
1413 5433 1696 5505 (Biblioth.
1730 5434 1868 5506 med.

191 5506 254 5556 et
289 5499 398 5578 inf.
435 5503 554 5578 L_at.
589 5504 684 5573 1V,
708 5499 833 5577 306)
856 5499 983 5578 esse
1014 5499 1226 5562 nomen
1251 5499 1516 5578 hominis
1543 5505 1866 5578 proprium,

193 5574 310 5628 sed
345 5573 613 5656 posituﬂm
645 5573 891 5656 convicti
924 5577 1050 5634 loco
1083 5578 1141 5632 in
1175 5576 1505 5648 spinosiora
1544 5573 1868 5634 adversarii

189 5646 506 5704 acumina.
534 5646 690 5706 EDIT.
724 5652 967 5707 PATROL.

1987 4675 2129 4744 patae
2161 4673 2351 4744 aquis,
2378 4676 2440 4726 ut
2460 4672 2796 4743 propinaret
2828 4687 2862 4724 a
2895 4685 2956 4724 se
2977 4665 3261 4736 deceptis,
3289 4664 3534 4720 dicendo
3565 4664 3636 4720 ab

1982 4761 2272 4831 ejusmodi
2307 4761 2645 4832 baptizatos,
2671 4757 3093 4822 velordinatos,
3114 4771 3226 4809 non
3246 4770 3417 4826 posse
3447 4770 3639 4825 neque

1983 4849 2183 4904 ﬁdeles
2233 4864 2420 4919 neque
2450 4846 2691 4901 clericos
2723 4861 2872 4913 esse,
2919 4859 3024 4898 nec
3056 4842 3114 4897 in
3148 4842 3257 4898 iste
3300 4846 3636 4898 sanctorum

1982 4937 2404 5010 apostolorum,
2422 4950 2525 4988 nec
2547 4934 2604 4988 in
2628 4933 2824 5005 aliquo
2857 4931 3276 4988 catholicorum
3297 4931 3528 4986 Patrum
3545 4933 3634 4986 in-

1981 5026 2211 5082 venitur
2255 5041 2495 5080 canone.
2534 5023 2596 5077 In
2630 5040 2747 5094 qua
2777 5039 2886 5077 sua
2930 5021 3309 5077 fraudulenta
3359 5037 3633 5091 pransum-

1982 5115 2200 5187 ptione,
2239 5114 2325 5169 vel
2359 5113 2612 5183 profanae
2643 5111 2801 5167 vocis
2833 5111 3108 5176 novitate,
3143 5109 3266 5166 sole
3296 5108 3512 5164 clarius
3546 5109 3633 5162 in-

1982 5203 2233 5258 noteseit
2263 5218 2439 5273 quam
2473 5200 2551 5255 sit
2600 5199 2990 5271 recipiendus,
3032 5199 3118 5254 vel
3163 5197 3511 5260 audiendus,
3573 5195 3633 5248 in

1981 5289 2327 5362 praecedenti
2354 5292 2456 5343 aut
2477 5287 2855 5358 subsequenti
2880 5304 2989 5342 sua
3011 5283 3427 5357 disputatione.
3452 5281 3631 5338 Mani-

2017 5433 2164 5513 .(15)
2198 5429 2363 5486 Solos
2392 5428 2840 5513 quinquaginta
2881 5443 3131 5513 canones
3174 5424 3432 5513 admittit
3468 5423 3631 5480 Gela-

1981 5498 2127 5568 sius,
2149 5498 2547 5572 sequenti—bus
2581 5498 2740 5557 inter
2769 5498 3100 5572 apocrypha
3143 5498 3466 5563 recensitis,
3500 5513 3630 5552 can.

1981 5575 2200 5641 Sancta,
2235 5573 2369 5629 dist.
2407 5575 2491 5628 15.
