4106 6178
358 312 361 314 ’
450 347 604 414 i023

1459 347 1943 416 HUMBERTUS
1989 346 2055 414 Β.
2101 347 2175 415 R.
2223 348 2291 413 E.
2340 347 2835 415 CARDlNALlS.

3673 344 3861 413 .1034

444 483 592 543 fests
611 481 768 542 enim
797 481 1124 560 impugnat,
1158 487 1232 555 et,
1267 487 1555 559 quantum
1574 483 1635 541 in
1667 499 1729 541 se
1759 488 1868 551 est,
1893 484 2088 543 cassat
2115 485 2171 556 Α
2199 501 2353 544 rum.
2387 483 2448 543 Si
2480 501 2617 560 ergo
2647 482 3052 544 haereticon
3082 499 3294 542 manus
3323 477 3616 556 impositio
3665 496 3858 556 prava

444 581 502 634 et
529 591 805 633 evacuare
827 576 1127 634 contendit
1146 580 1410 633 sanctam
1451 576 1741 633 Nicasnam
1773 576 2086 648 synodum,

444 683 572 738 qua:
599 664 774 720 etiam
807 665 1152 736 capitulum,
1185 667 1338 737 quod
1377 665 1544 721 nobis
1589 665 1964 736 phreneticus
1994 661 2091 718 ille

445 755 671 828 putavit
700 755 772 810 ad
795 755 1192 812 defensionem
1218 756 1309 811 sui
1333 757 1390 810 in
1414 754 1911 826 subsequentibus
1942 752 2088 823 obji-

443 845 739 909 ciendum,
773 845 1066 911 continet;
1099 844 1158 898 in
1183 862 1298 916 quo
1319 844 1570 912 Cathari,
1605 843 1823 898 scilicet
1851 841 2091 896 vicinio-

443 951 536 990 res
566 932 863 989 catholicae
900 933 1032 989 ﬁdei
1061 933 1337 998 hazretici,
1383 933 1427 988 si
1464 933 1697 1004 quando
1738 933 1808 988 ad
1841 929 2091 986 catholi-

442 1039 571 1077 cam
605 1023 868 1090 veniunt,
894 1040 1103 1078 manus
1125 1022 1555 1094 impositionem
1584 1021 1865 1092 accipere,
1889 1020 2090 1090 sicque

442 1111 501 1166 in
523 1111 804 1167 catholico
829 1111 980 1167 clero
1004 1128 1342 1183 permanere
1355 1113 1687 1165 censentur.
1709 1109 1906 1179 Neque
1930 1107 2088 1164 enim

440 1203 768 1272 putandum
791 1206 880 1256 est
902 1205 1134 1255 sanctos
1159 1200 1352 1254 Patres
1376 1199 1429 1252 id
1453 1199 1730 1254 statuisse
1743 1197 2088 1253 deNovatio-

441 1291 860 1354 norumlaicis,
895 1290 993 1360 qui
1018 1288 1236 1343 nullam
1271 1305 1483 1344 manus
1514 1288 1953 1360 impositionem
1985 1303 2088 1358 pro

438 1379 836 1450 adipiscendis
866 1377 1172 1432 ordinibus
1205 1381 1580 1448 acceperunt;
1616 1377 1715 1430 sed
1751 1377 1819 1431 de
1852 1375 2088 1431 illorum
2133 1407 2135 1409 ι

437 1469 684 1532 clericis,
721 1467 936 1538 quibus
967 1484 1000 1520 a
1031 1484 1147 1521 suae
1179 1470 1349 1522 sectae
1370 1465 1696 1538 praepositis
1730 1481 1938 1521 manus
1976 1466 2087 1520 im-

439 1556 624 1627 posita
649 1555 776 1620 fuit,
795 1555 938 1609 utad
954 1553 1253 1625 quodlibet
1274 1554 1665 1610 ministerium
1687 1569 2090 1626 promoveren-

436 1651 532 1702 tur
554 1645 776 1701 altaris.
803 1645 1025 1711 Quibus
1040 1645 1111 1699 ad
1135 1644 1483 1700 catholicam
1506 1645 1877 1700 venientibus
1899 1662 2032 1699 cum
2055 1661 2090 1701 a

437 1735 736 1792 catholicis
761 1733 1161 1790 sacerdotibus
1185 1751 1394 1789 manus
1419 1733 1761 1805 imponitur,
1782 1752 1975 1790 nonne
1996 1752 2086 1791 se-

437 1825 689 1880 cundam
722 1841 933 1878 manus
962 1823 1398 1894 impositionem
1431 1824 1691 1895 accipere
1725 1824 2086 1879 noscuntur?
2114 1852 2162 1918 B

433 1915 613 1980 Quam
651 1913 779 1968 ideo
814 1930 846 1967 a
877 1911 1178 1968 catholicis
1219 1911 1538 1983 accipiunt,
1571 1913 1711 1984 quia
1751 1914 1823 1967 ab
1852 1912 2078 1968 haereti-

435 2000 518 2059 cis
549 2001 800 2058 ordinati
830 2002 1304 2074 comprobantur,
1329 2000 1470 2055 utin
1488 2019 1667 2074 supra
1689 2002 1841 2058 dicto
1862 2017 2082 2057 canone

435 2091 831 2165 apostolorum
853 2091 1175 2146 secundum
1200 2089 1507 2162 antiquam
1527 2091 2079 2162 veritatem‘legitur,

434 2197 613 2253 quam
645 2178 739 2234 hic
771 2179 1089 2234 mendosus
1119 2179 1458 2233 emendator
1479 2179 1820 2235 subtrahere
1844 2195 1958 2234 non
1987 2195 2080 2233 ve-

435 2269 606 2332 ritus,
638 2267 816 2323 etiam
850 2271 1052 2321 sancto
1082 2266 1309 2322 Nicasno
1342 2266 1586 2322 concilio
1621 2267 1885 2339 publicas
1925 2267 2080 2336 inju-

435 2356 552 2410 rias
584 2356 875 2427 irrogasse
905 2354 1377 2423 deprehenditur.
1411 2355 1562 2420 Quin
1591 2356 1767 2411 etiam
1811 2355 1909 2410 illa
1953 2356 2082 2425 ejus

436 2442 739 2499 conclusio
761 2442 1126 2498 consideretu
1138 2443 1258 2508 r,in
1280 2444 1682 2514 quadifﬁnivit
1699 2445 1770 2499 ab
1793 2443 2082 2514 ejusmodi

438 2530 794 2602 baptizatos,
820 2529 906 2585 vel
928 2530 1225 2586 ordinatos
1239 2547 1343 2585 nec
1367 2531 1564 2588 ﬁdeles
1583 2549 1686 2587 nec
1703 2531 1942 2587 clericos
1955 2547 2084 2587 esse

435 2637 627 2693 posse.
659 2620 820 2684 Quod
849 2620 897 2674 si
931 2619 1010 2674 ita
1032 2622 1141 2685 est,
1175 2623 1239 2674 ut
1270 2620 1341 2674 de
1372 2620 1591 2676 cazteris
1623 2620 1857 2676 interim
1880 2624 2080 2675 tacea-

435 2712 552 2777 tur,
609 2712 838 2764 constat
882 2708 1233 2763 Novatianos
1285 2707 1585 2764 haereticos
1617 2709 1685 2765 ad
1735 2707 2082 2764 catholicam

427 2801 827 2865 transeuntes,
853 2797 1022 2868 quasi
1042 2812 1075 2850 a
1105 2795 1248 2851 facie
1274 2795 1461 2851 leonis
1493 2797 1709 2869 fugere,
1741 2798 1842 2853 sed
1875 2813 2082 2852 ursum

440 2887 524 2943 eis
540 2902 864 2950 occurrere,
882 2887 1044 2952 dum,
1072 2901 1175 2957 per
1193 2884 1628 2958 impositionem
1651 2903 1863 2942 manus
1885 2886 2082 2941 catho-

442 2975 538 3029 lici
569 2974 908 3040 sacerdotis,
940 2974 1048 3030 hoc
1079 2973 1164 3030 eis
1195 2976 1266 3030 ad
1298 2974 1614 3047 perniciem
1663 2975 1978 3042 confertur,
2013 2991 2084 3031 ne

441 3063 713 3134 deinceps
744 3063 876 3136 ipsi,
909 3063 997 3119 vel
1029 3064 1100 3119 ab
1131 3064 1182 3118 ei
1217 3064 1491 3136 baptizati
1522 3069 1620 3119 aut
1650 3065 1924 3132 ordinati,
1949 3081 2081 3136 pos-

442 3152 560 3208 sint
591 3151 789 3208 ﬁdeles
821 3157 921 3209 aut
949 3152 1140 3208 clerici
1167 3153 1390 3208 haberi.
1422 3157 1572 3209 Sane
1601 3153 1708 3208 hoc
1740 3163 1906 3226 pacto
1936 3152 2081 3209 tole-

2198 580 2308 644 est,
2341 575 2761 632 catholicorum
2792 579 2987 632 autem
3015 580 3192 642 recta,
3225 578 3383 648 patet
3412 572 3572 629 illam
3603 588 3853 646 pravam

2198 682 2265 721 ex
2295 667 2546 738 quadam
2579 670 2731 722 recte
2755 665 2993 721 omnino
3011 683 3161 721 vana
3192 663 3578 720 similitudine
3605 663 3856 720 abusive

2198 756 2312 811 dici
2343 756 2683 821 secundam,
2710 772 2845 810 cum
2878 755 3041 811 nulla
3071 751 3538 811 substantialiter
3556 769 3662 808 seu
3697 755 3854 808 acci-

2198 845 2506 902 dentaliter
2543 846 2612 901 ad
2654 845 2897 900 invicem
2943 845 3195 902 habeant
3240 842 3852 900 connumerationem.

2197 935 2366 1005 Nam,
2399 935 2447 991 si
2481 935 2602 990 haec
2635 951 2762 1006 quae
2803 934 3040 990 abusive
3067 934 3281 990 dicitur
3310 930 3586 994 secunda,
3628 931 3854 988 nihilo-

2199 1023 2396 1082 minus
2436 1041 2612 1096 prava
2660 1023 2748 1079 vel
2800 1025 3030 1095 pravior
3066 1026 3241 1088 esset,
3276 1037 3391 1076 non
3425 1020 3551 1089 jam
3582 1019 3851 1091 abusive,

2198 1114 2298 1168 sed
2326 1129 2458 1168 vere
2487 1113 2779 1168 diceretur
2800 1113 3079 1168 secunda.
3120 1113 3286 1167 Nunc
3307 1124 3463 1175 vero,
3484 1123 3616 1162 cum
3637 1109 3724 1164 sit
3748 1109 3856 1166 illa

2198 1220 2395 1274 prava,
2430 1203 2544 1258 ista
2572 1207 2766 1257 autem
2797 1206 2974 1269 recta,
3007 1206 3236 1258 constat
3278 1201 3336 1254 in
3385 1196 3615 1253 duabus
3641 1201 3848 1268 rebus,

2198 1291 2312 1347 sibi
2345 1291 2582 1347 omnino
2613 1290 2918 1346 contrariis
2948 1297 3005 1346 et
3035 1289 3444 1353 dissimilibus,
3488 1308 3602 1346 non
3632 1290 3851 1346 debere

2197 1381 2312 1435 dici
2344 1381 2593 1452 primam
2617 1383 2672 1435 et
2691 1381 3033 1448 secundam,
3057 1381 3158 1436 sed
3178 1397 3355 1436 unam
3387 1379 3572 1447 illam,
3595 1397 3775 1436 unam
3790 1384 3852 1435 et

2197 1468 2394 1526 istam.
2417 1468 2740 1525 Identidem
2773 1467 3143 1524 sentiendum
3160 1473 3216 1524 et
3244 1469 3316 1524 de
3344 1469 3849 1536 ordinationibus,

2197 1559 2337 1625 sive,
2389 1561 2454 1612 ut
2481 1557 2898 1613 obtrectatores
2927 1557 3312 1624 contendunt,
3352 1559 3425 1613 de
3461 1559 3848 1614 reordinatio-

2197 1646 2391 1703 nibus.
2428 1646 2687 1717 Denique
2719 1647 2767 1701 si
2799 1645 3104 1701 haereticus
3137 1650 3269 1718 post
3296 1645 3636 1702 haereticum
3667 1644 3849 1702 alicui

2196 1751 2409 1790 manus
2440 1734 2723 1806 imponat,
2756 1752 2933 1806 prava
2961 1734 3049 1791 vel
3081 1735 3312 1808 pravior
3344 1740 3436 1792 est
3466 1735 3849 1800 reordinatio,

2198 1831 2248 1879 el
2279 1822 2408 1879 ideo
2439 1839 2545 1878 nec
2587 1823 2900 1889 ordinatio,
2932 1821 3032 1879 sed
3068 1824 3240 1879 unica
3263 1825 3556 1897 purgatio;
3580 1841 3761 1896 quam
3784 1824 3842 1880 si

2191 1911 2516 1988 catholicus
2537 1915 2670 1983 post
2689 1910 3040 1967 catholicum
3055 1911 3266 1968 iterare
3297 1914 3313 1985 (
3321 1917 3386 1968 ut
3404 1914 3656 1986 putatur)
3685 1929 3844 1984 prse-

2189 2001 2390 2067 sumit,
2425 2004 2648 2056 rectum
2671 2000 2798 2056 sine
2819 1999 3201 2073 ambiguitate
3233 2018 3404 2074 pravo
3432 2000 3750 2068 confundit;
3775 2005 3848 2056 et

2191 2090 2320 2146 ideo
2343 2105 2458 2144 non
2480 2089 2764 2145 dicendus
2783 2096 2868 2145 est
2892 2089 3276 2157 reordinasse,
3302 2091 3401 2147 sed
3425 2107 3483 2146 se
3512 2094 3569 2146 et
3592 2089 3783 2145 alium
3811 2105 3854 2146 ι

2191 2183 2346 2235 recto
2375 2179 2447 2234 ad
2479 2194 2723 2251 pravum
2755 2179 3058 2234 seduxisse
3086 2179 3174 2235 vel
3207 2179 3532 2236 attraxisse.
3593 2179 3855 2250 Propter

2191 2270 2348 2340 quod
2366 2266 2668 2339 przemisso
2690 2266 3086 2338 apostolorum
3109 2267 3360 2339 capitulo
3373 2267 3682 2338 judicandi
3705 2273 3856 2323 sunt

2191 2357 2386 2424 ambo,
2421 2355 2644 2412 scilicet
2674 2355 3021 2427 deponendi,
3055 2356 3194 2428 quia
3221 2357 3567 2413 catholicam
3607 2356 3850 2412 ordina-

2191 2445 2410 2500 tionem
2447 2443 2772 2499 iterandam
2804 2449 3095 2517 putantes,
3115 2462 3220 2518 par
3234 2445 3559 2518 periculum
3581 2445 3856 2501 incurre-

2189 2538 2348 2589 runt.
2375 2533 2505 2588 Hazc
2521 2549 2655 2588 cum
2682 2533 2765 2588 ita
2787 2533 2924 2604 sint,
2957 2533 3095 2590 solis
3115 2534 3465 2590 Simoniacis
3487 2535 3728 2606 praefata
3747 2534 3859 2590 Pa-

2187 2627 2349 2677 trum
2381 2620 2583 2693 regula
2605 2621 2664 2675 in
2691 2620 2854 2676 nullo
2872 2625 3109 2693 putatur
3130 2638 3257 2679 esse
3284 2622 3638 2690 necessaria,
3671 2623 3856 2694 quasi

2191 2709 2304 2782 ipsi
2335 2714 2438 2764 aut
2485 2726 2600 2764 non
2632 2711 3015 2782 computandi
3055 2710 3176 2767 sint
3221 2711 3512 2778 haeretici;
3555 2715 3658 2766 ant
3689 2715 3857 2766 certe

2189 2797 2501 2870 ejusmodi,
2535 2798 2748 2870 quibus
2790 2816 2825 2854 a
2853 2798 3139 2856 catholica
3170 2799 3249 2856 nil
3281 2801 3480 2872 gratiae
3509 2798 3854 2872 spiritualis

2192 2887 2379 2960 possit
2434 2885 2702 2953 conferri,
2764 2889 2974 2958 utputa
3031 2887 3244 2958 quibus
3302 2886 3606 2959 plenitudo
3654 2885 3854 2940 sancti

2189 2976 2447 3049 Spiritus
2477 2975 2549 3031 ad
2580 2977 2800 3043 votum,
2833 2975 2954 3031 sive
2983 2976 3187 3049 gratis,
3210 2975 3332 3032 sive
3362 2991 3479 3031 non
3500 2974 3687 3048 gratis
3711 2989 3855 3029 eam

2191 3065 2391 3138 largiri
2423 3065 2621 3133 velint,
2652 3064 2972 3120 famulatur
2988 3064 3077 3120 vel
3110 3065 3472 3137 obsequitur.

2839 3153 3067 3210 CAPUT
3105 3154 3193 3210 1X.

439 3241 681 3297 rabilius
711 3241 828 3297 illis
848 3243 1036 3297 fuerat
1062 3243 1148 3298 sic
1169 3259 1510 3314 permanere
1539 3259 1716 3314 quam
1740 3220 1810 3297 ad
1839 3242 2082 3298 catholi-
2110 3220 2153 3287 Ο
2263 3242 2478 3298 Verum
2510 3241 2648 3313 quia
2677 3258 2712 3296 a
2740 3241 3041 3298 catholicis
3071 3243 3350 3300 adversus
3387 3241 3693 3298 haereticos
3727 3241 3860 3298 cla-

435 3346 566 3384 cam
599 3330 888 3397 accedere,
921 3334 978 3385 ct
1007 3330 1149 3384 inibi
1185 3348 1396 3387 manus
1441 3331 1898 3402 impositionem,
1949 3336 2083 3404 post

438 3415 600 3471 illam
633 3434 808 3488 quam
843 3435 877 3472 a
924 3418 1049 3473 suis
1101 3423 1461 3490 acceperant,
1513 3421 1792 3491 accipere.
1853 3420 2082 3492 Duplici

438 3521 694 3577 namque
708 3505 1051 3561 contritione
1073 3507 1306 3562 contriti
1333 3507 1654 3579 probantur
1674 3525 1926 3580 quorum
1939 3510 2082 3581 bap-

438 3592 615 3649 tisma
639 3592 729 3649 vel
761 3593 1068 3650 clericatus
1100 3594 1178 3649 nil
1202 3596 1327 3666 jam
1360 3613 1488 3651 esse
1509 3613 1681 3667 posse
1713 3597 2080 3668 praedicatur.

437 3682 549 3738 Sed
579 3683 730 3738 absit
748 3700 782 3738 a
803 3683 969 3739 nobis
994 3683 1101 3739 hoc
1121 3684 1210 3739 vel
1232 3683 1428 3740 leviter
1446 3684 1737 3740 aestimare
1763 3686 1775 3741 ι
1809 3685 2081 3757 Alioquin

436 3775 495 3827 et
520 3771 752 3827 Niczena
781 3773 1039 3843 synodus
1068 3773 1430 3829 convincitur
1458 3790 1713 3829 errorem
1741 3791 1856 3830 non
1882 3791 2084 3847 ampu-

433 3864 611 3929 tasse,
646 3861 747 3916 sed
790 3878 1182 3934 propagasse;
1217 3861 1519 3934 sanctique
1568 3862 1786 3931 Patres,
1829 3863 2084 3919 auctori-

433 3953 614 4005 tatem
635 3951 764 4020 ejus
782 3952 986 4019 secuti,
1012 3950 1460 4024 quibuscunque
1481 3951 1767 4008 haereticis
1790 3953 1862 4008 ad
1888 3952 2084 4008 catho-

434 4035 611 4094 licam
642 4053 844 4093 eorum
888 4041 1330 4098 transeuntibus
1369 4057 1580 4096 manus
1627 4041 1981 4114 imposuere,
2013 4057 2084 4096 ex

435 4125 609 4183 malis
637 4128 864 4200 pejores
894 4128 987 4184 hic
1017 4133 1074 4185 et
1102 4130 1161 4184 in
1193 4131 1389 4185 futuro
1429 4130 1688 4186 etfacere.

506 4213 651 4270 Hinc
681 4231 816 4288 ergo
857 4216 1240 4273 calomniator
1289 4217 1407 4284 ille,
1451 4218 1500 4272 si
1546 4235 1734 4275 caecus
1773 4219 2083 4291 utrobique

434 4321 550 4360 non
580 4309 689 4372 est,
716 4305 843 4376 jam
865 4306 1162 4362 evidenter
1183 4322 1598 4378 recognoscere
1618 4312 1810 4380 potest
1841 4323 1946 4364 nec
1974 4308 2083 4364 lai-

435 4410 534 4450 cos
564 4393 964 4450 haereticorum
984 4396 1055 4451 ad
1085 4395 1581 4466 communionem,
1605 4414 1709 4454 nec
1736 4397 1978 4455 clericos
2009 4399 2082 4455 ad

436 4483 656 4541 clerum
689 4485 746 4540 in
773 4485 1056 4541 catholica
1076 4486 1282 4541 debere
1314 4485 1535 4558 suscipi
1566 4487 1694 4544 sine
1714 4489 2084 4561 impositione

2190 3335 2403 3399 matur,
2438 3347 2573 3386 cum
2616 3330 2848 3402 utrique
2875 3331 2950 3400 ise
2989 3332 3371 3404 proﬁteantur
3411 3330 3760 3394 catholicos,
3793 3334 3857 3386 et

2190 3420 2499 3475 alterutros
2527 3417 2616 3473 vel
2640 3414 2884 3474 invicem
2907 3435 2969 3475 se
2989 3420 3186 3476 dicant
3215 3420 3531 3486 haereticos,
3554 3418 3636 3474 ita
3668 3424 3764 3487 ut,
3792 3420 3857 3474 in

2190 3508 2370 3580 hujus
2400 3508 2654 3581 plagosae
2679 3507 2906 3580 Egypti
2925 3508 3318 3580 palpabilibus
3341 3508 3450 3564 hoc
3469 3512 3665 3563 nostro
3688 3511 3862 3563 tem-

2190 3613 2328 3670 pore
2359 3597 2638 3663 tenebris,
2673 3613 2787 3652 non
2820 3596 2976 3651 facili
3006 3597 3254 3670 perspici
3285 3597 3475 3670 possit
3502 3597 3630 3669 quis
3656 3597 3862 3666 cujus

2190 3685 2433 3758 spiritus
2465 3684 2563 3754 sit,
2595 3684 3005 3757 praetermissis
3044 3686 3318 3742 omnibus
3369 3685 3462 3740 his
3513 3686 3579 3740 de
3611 3683 3864 3754 quibus

2190 3774 2719 3846 impraesentiarum
2742 3773 2994 3830 dubitari
3018 3777 3226 3847 potest,
3250 3773 3515 3830 catholici
3545 3789 3618 3829 an
3646 3772 3862 3830 haere-

2190 3863 2288 3919 tici
2317 3863 2573 3919 habendi
2605 3862 2743 3931 sint,
2777 3863 2851 3917 ad
2880 3863 3028 3919 duos
3049 3868 3281 3920 tantum
3303 3880 3371 3920 ex
3401 3861 3864 3934 antiquissimis

2191 3955 2597 4024 retorquentur
2616 3951 2821 4025 stylus,
2847 3966 2992 4023 quos
3008 3955 3200 4008 certos
3219 3957 3277 4009 et
3290 3952 3618 4008 diﬂ'amatos
3645 3949 3863 4008 hero-

2191 4041 2357 4108 ticos,
2391 4045 2505 4097 uta
2529 4040 2746 4097 sanctis
2765 4039 3040 4097 Patribus
3061 4041 3334 4098 concordi
3353 4039 3643 4097 sententia
3665 4039 3866 4096 dm-

2192 4133 2358 4187 natos
2387 4130 2462 4186 ab
2499 4128 2666 4185 initio
2696 4128 2876 4185 fuisse
2919 4129 3170 4202 ambigit
3212 4128 3429 4186 nullus.
3481 4129 3550 4184 Et
3575 4125 3862 4200 priorem

2191 4219 2430 4291 quidem
2462 4218 2648 4274 sancti
2669 4217 2940 4291 apostoli,
2966 4217 3217 4275 alterum
3250 4235 3382 4276 vero
3413 4219 3772 4274 detexerunt
3801 4220 3869 4274 et

2191 4308 2616 4364 damnaverunt
2626 4306 2785 4362 omni
2803 4307 3024 4364 mundo
3045 4307 3343 4364 reverendi
3365 4307 3562 4363 Patres
3589 4303 3865 4362 Nicaeae

2192 4395 2418 4469 synodi,
2453 4399 2512 4451 et
2538 4398 2671 4466 post
2698 4411 2798 4452 eos
2818 4400 3106 4469 quotquot
3135 4396 3296 4453 fuere
3313 4395 3401 4452 vel
3429 4398 3565 4452 sunt
3591 4392 3870 4452 catholi-

2192 4501 2270 4541 cae
2318 4485 2474 4541 ﬁdei.
2515 4483 2791 4540 Decimus
2841 4489 3035 4542 autem
3085 4485 3385 4542 Simonem
3437 4486 3666 4557 Magum
3699 4499 3865 4542 cum

437 4590 652 4630 manus
682 4573 954 4630 catholici
988 4574 1308 4631 sacerdotis
1339 4580 1474 4646 post
1500 4573 1662 4630 illam
1684 4593 1862 4647 quam
1893 4596 1927 4633 a
1957 4580 2083 4636 suis
2115 4590 2161 4656 ι)
2192 4574 2316 4631 suis
2347 4572 2729 4642 Simonianis,
2752 4576 2808 4629 et
2827 4574 3032 4631 Arium
3058 4574 3520 4632 Alexandrinum
3549 4573 3871 4646 presbyte-

438 4663 731 4734 accepisse
760 4664 1045 4719 sciuntur.
1079 4664 1330 4731 Etenim,
1353 4663 1403 4718 si
1432 4662 1565 4718 laici
1588 4664 1820 4733 fuerint,
1842 4682 1944 4738 per
1959 4684 2084 4724 ma-

440 4768 552 4805 nus
585 4752 1019 4822 impositionem
1065 4755 1121 4808 et
1146 4751 1483 4807 chrismatis
1513 4751 1847 4808 unctionem
1883 4754 1938 4808 in
1973 4755 2086 4811 ﬁde

438 4839 900 4908 conﬁrmantur;
953 4841 1002 4895 si
1057 4840 1269 4910 clerici,
1307 4839 1692 4896 nihilominus
1743 4857 1844 4912 per
1875 4859 2087 4898 manus

437 4925 873 4997 impositionem
900 4933 1244 5000 permanent
1264 4929 1321 4983 in
1355 4929 1577 4996 ordine,
1608 4944 1782 4998 quem
1804 4929 2088 4988 hactenus

439 5013 718 5070 habuisse
739 5015 1104 5072 videbantur.
1125 5017 1288 5073 Unde
1319 5015 1506 5088 liquet
1534 5018 1849 5074 secundam
1876 5036 2088 5077 manus

438 5103 876 5176 impositionem
901 5105 1297 5161 authenticam
1327 5121 1457 5160 esse
1482 5109 1539 5160 et
1565 5109 2085 5178 pernecessariam,

439 5193 489 5248 si
530 5198 727 5249 tamen
779 5211 812 5249 a
859 5194 1160 5250 catholicis
1203 5199 1335 5266 post
1365 5193 1687 5262 haereticos,
1727 5214 1841 5252 non
1892 5206 2084 5254 autem

438 5287 571 5354 post
599 5283 920 5340 catholicos
953 5285 1070 5340 ﬁat.
1107 5286 1240 5350 Quae
1280 5288 1477 5338 tamen
1525 5300 1734 5340 manus
1761 5285 2083 5358 impositio,

441 5370 488 5425 si
513 5372 830 5442 prudenter
851 5373 1190 5440 advertitur,
1206 5388 1579 5444 nequaquam
1601 5375 1858 5430 secunda
1878 5381 1980 5432 aut
2004 5376 2087 5432 a1-

438 5461 565 5513 tera
593 5465 745 5516 recte
776 5463 878 5517 sed
913 5463 1020 5518 rite
1051 5462 1285 5517 dicitur.
1320 5461 1468 5515 Nam
1500 5461 1704 5516 beatus
1735 5479 1886 5536 papa
1915 5466 2086 5522 Inno-

443 5545 669 5602 centius
699 5551 964 5606 omnium
993 5551 1396 5606 haereticorum
1421 5564 1633 5604 manus
1652 5550 2086 5622 impositionem

441 5649 570 5693 esse
599 5652 838 5708 pravam
877 5641 1254 5710 protestetur,
1286 5643 1503 5694 rectam
1547 5641 1742 5696 autem
1774 5641 2082 5702 catholico-

2195 4679 2326 4719 rum
2357 4678 2492 4719 cum
2539 4661 2664 4719 suis
2703 4661 2934 4719 Arianis
2965 4680 2978 4719 :
3015 4679 3270 4736 quorum
3311 4663 3475 4736 prior
3510 4662 3801 4734 quamvis
3831 4680 3869 4720 a

2196 4753 2415 4810 sanctis
2445 4750 2713 4808 Patribus
2743 4755 3044 4824 reputatur
3064 4754 3248 4825 pejor,
3274 4757 3474 4809 tamen
3504 4751 3641 4824 quia
3666 4765 3869 4822 pare-

2196 4841 2256 4897 in
2287 4839 2490 4896 haeresi
2521 4843 2803 4913 utrosque
2823 4858 2953 4898 esse
2984 4857 3161 4914 supra
3191 4841 3609 4908 concessimus,
3637 4847 3870 4897 contra

2200 4929 2372 4986 fusile
2389 4933 2625 4986 scutum
2647 4934 2705 4986 et
2715 4936 3072 4988 armaturam
3090 4932 3296 5004 perﬁdi
3327 4935 3384 4987 et
3397 4928 3630 4986 redivivi
3648 4927 3708 4983 Si
3719 4945 3866 4987 mo-

2197 5020 2290 5076 nis
2328 5020 2626 5076 vibremus
2652 5021 2712 5076 et
2740 5025 3234 5094 contorqueamus
3258 5020 3455 5093 jacula
3502 5021 3864 5076 sanctorum

2196 5109 2453 5176 Patrum,
2478 5109 2696 5180 quibus
2718 5109 3064 5183 impugnata
3087 5115 3147 5167 et
3169 5114 3501 5184 expugnata
3519 5107 3630 5164 fuit
3658 5109 3864 5164 artiﬁ-

2194 5197 2353 5253 ciosa
2372 5200 2668 5253 armatura
2687 5199 2883 5254 vesani
2906 5199 3044 5267 Arii,
3068 5215 3174 5256 nec
3182 5201 3309 5271 jam
3334 5213 3584 5271 usquam
3599 5211 3866 5269 compa-

2196 5286 2396 5343 rentis.
2429 5287 2500 5342 Et
2528 5286 2718 5359 primo
2751 5287 2990 5359 quidem
3017 5288 3259 5362 prolatis
3289 5287 3708 5344 catholicorum
3749 5287 3865 5342 Pa-

2195 5379 2351 5432 trum
2385 5375 2743 5432 testimoniis
2761 5382 2940 5451 atque
2970 5377 3190 5450 regulis
3209 5377 3574 5442 ostendatur,
3595 5373 3863 5432 Ariano-

2195 5482 2326 5522 rum
2357 5469 2414 5522 et
2443 5465 2692 5522 aliorum
2735 5466 3141 5525 haereticorum
3181 5467 3476 5542 baptisma
3503 5462 3710 5540 quanti
3742 5463 3863 5522 ha-

2193 5555 2450 5622 buerint,
2497 5553 2586 5611 vel
2633 5555 2776 5627 quid
2816 5571 2945 5615 esse
2995 5557 3306 5615 senserint.
3357 5557 3578 5627 Itaque.
3610 5552 3677 5609 in
3705 5569 3864 5610 san-

2194 5649 2421 5702 ctorum
2454 5647 2688 5717 patrum
2731 5645 3130 5718 apostolorum
3167 5645 3516 5713 canonibuc,
3562 5657 3721 5715 quos
3749 5641 3866 5700 hic
