4106 6178
232 319 392 386 1025

839 315 1250 386 ADVERSUS
1297 319 1770 387 SIMONIACOS
1814 319 2020 387 LIBRI
2068 325 2294 389 TRES.
2328 359 2406 374 --
2441 321 2672 390 LIBER
2715 325 3037 392 PRIMUS.

3485 328 3652 395 1026'

234 461 434 513 noster
463 453 860 511 contradictor
883 455 1224 511 auctoritate
1255 457 1441 511 sancti
1483 457 1689 512 Isidori
1724 457 1876 512 reci-
1903 460 1954 526 Α
1988 458 3639 538 terincontinentiamhominum.Namsecundamquidem

232 545 479 620 piandos
495 559 626 600 esse
646 543 921 616 superius
949 545 1113 616 dixit,
1135 549 1192 600 et
1221 561 1350 613 nos,
1405 545 1600 617 potius
1630 545 1882 602 auctori-

231 637 352 692 tate
379 633 537 691 beati
571 649 734 706 papae
766 633 1080 689 Clementis
1111 633 1624 707 plurimorumque
1649 649 1881 692 succes-

235 739 462 792 sorum,
493 720 658 778 illius
700 722 978 796 capitula,
1010 721 1135 778 hac
1165 723 1281 779 duo
1331 723 1458 780 sine
1496 723 1674 780 dubio
1721 739 1884 797 repe-

233 811 491 869 riuntur.

306 900 623 975 (Can.47.)«
648 899 1003 972 Episcopum
1027 904 1130 956 aut
1159 901 1565 974 presbyterum
1591 901 1885 958 haeretico-

234 1008 370 1048 rum
393 989 813 1063 suscipientem
838 990 1140 1062 baptisma
1168 991 1438 1046 damnari
1487 991 1878 1064 praecipimus.

233 1083 372 1147 Qum
404 1079 560 1136 enim
621 1079 924 1134 conventio
977 1078 1194 1135 Christi
1225 1079 1296 1134 ad
1343 1078 1544 1144 Belial,
1604 1084 1707 1136 aut
1755 1096 1884 1152 quas

234 1185 371 1244 pars
404 1166 563 1224 ﬁdeli
593 1183 727 1222 cum
758 1165 982 1222 infideli
1011 1167 1040 1222 ?
1070 1191 1093 1220 ι
1130 1167 1205 1238 (ΙΙ
1234 1167 1356 1224 Cor.
1391 1184 1473 1238 v1,
1501 1167 1614 1235 I5.)

306 1256 586 1329 Sequitur
611 1255 858 1311 alterum
885 1256 1175 1326 ejusmodi
1213 1273 1226 1311 :

305 1347 469 1415 (Con.
491 1345 606 1409 48.)
628 1366 655 1395 ‹‹
685 1344 1002 1418 Episcopus
1025 1349 1128 1400 aut
1158 1346 1480 1418 presbyter,
1501 1345 1550 1402 si
1591 1361 1750 1411 eum,
1782 1347 1882 1419 qui

234 1435 562 1492 secundum
587 1433 897 1489 veritatem
937 1434 1301 1506 baptismum
1350 1434 1646 1502 habuerit,
1678 1435 1883 1506 rebapo

231 1525 417 1580 tizare
445 1523 905 1596 praesumpserit,
939 1527 1041 1578 aut
1071 1523 1122 1578 si
1181 1521 1474 1594 pollutum
1533 1525 1606 1579 ab
1657 1523 1881 1595 impiis,

234 1612 526 1669 haereticis
553 1628 670 1667 non
699 1611 1096 1684 baptizaverit,
1130 1613 1456 1683 deponatur
1483 1615 1766 1684 tanquam
1783 1613 1884 1668 de-

236 1702 444 1757 ridens
475 1715 702 1756 crucem
744 1699 998 1766 Domini,
1031 1717 1137 1756 nec
1165 1717 1332 1756 veros
1361 1701 1692 1757 sacerdotes
1721 1718 1755 1756 a
1777 1700 1882 1756 fal-

234 1789 322 1846 sis
354 1788 751 1845 sacerdotibus
773 1789 1015 1844 omnino
1048 1789 1410 1845 discernens.
1444 1810 1472 1838 »

309 1878 443 1941 Qua:
479 1878 680 1950 utique
709 1877 934 1950 regula,
966 1878 1106 1950 quia
1158 1877 1344 1934 multa
1402 1879 1492 1934 sui
1553 1878 1882 1935 subtilitate

233 1966 566 2022 offendebat
597 1967 883 2040 plurimos
907 1971 964 2022 et
993 1966 1448 2036 scaudalizabat,
1474 1968 1547 2023 ab
1590 1967 1883 2040 apostolo-

237 2072 368 2110 rum
391 2056 836 2111 successoribus
864 2060 954 2111 est
982 2060 1224 2122 remota,
1252 2060 1308 2110 et
1365 2057 1621 2127 quodam
1662 2059 1885 2127 tempe-

238 2150 505 2200 ramento
533 2143 888 2212 circumlita,
910 2149 974 2199 ut
992 2144 1308 2217 baptisma,
1336 2145 1393 2199 id
1418 2149 1507 2200 est
1528 2161 1690 2216 aqua:
1714 2145 1888 2199 intin-

237 2235 516 2302 ctionem,
550 2235 661 2290 sub
701 2233 1064 2290 invocatione
1119 2234 1426 2289 Trinitatis
1484 2233 1889 2306 permitterent

237 2340 369 2379 esse
396 2328 607 2390 ratam,
635 2324 1131 2396 docernerentque
1163 2322 1501 2378 nullomodo
1531 2321 1885 2391 iterandam,

239 2412 288 2467 si
322 2411 654 2467 constiterit
683 2412 743 2466 in
777 2411 1013 2467 nomine
1041 2412 1308 2482 ejusdem
1341 2415 1553 2466 sancta:
1585 2411 1888 2466 Trinitatis

241 2505 570 2574 peractam.
611 2503 735 2566 Quo
764 2505 918 2556 certe
949 2500 1327 2573 permittendi
1366 2501 1542 2556 verbo
1599 2517 1745 2556 usus
1803 2507 1895 2556 est

247 2595 306 2645 et
342 2590 722 2646 beatissimus
755 2589 884 2656 Leo,
923 2611 944 2639 ι
1002 2589 1406 2645 hereticorum
1438 2589 1749 2662 baptisma,
1809 2589 1894 2644 in-

253 2679 488 2751 quiens,
519 2683 714 2734 ratum
745 2694 873 2734 esse
895 2678 1314 2751 permittimus.
1338 2699 1366 2728 ››
1391 2678 1501 2733 Sed
1525 2683 1582 2733 et
1601 2678 1893 2750 gloriosus

245 2771 472 2840 martyr
501 2771 558 2822 et
589 2766 842 2839 pontifex
862 2767 1186 2839 Cyprianus
1207 2767 1346 2838 quid
1371 2766 1442 2822 de
1485 2765 1889 2823 hareticorum

246 2858 610 2929 baptismate
658 2857 926 2923 senserit,
955 2872 1024 2911 ex
1069 2855 1314 2911 concilio
1366 2855 1554 2927 ipsius
1599 2855 1895 2912 evidenter

249 2944 525 3018 cognosci
557 2944 1005 3018 poterit.Eadem
1028 2944 1184 2999 enim
1210 2947 1412 2999 contra
1432 2943 1576 2998 illud
1601 2960 1734 3000 cum
1770 2947 1898 3001 suis

248 3035 615 3107 coepiscopis
633 3033 993 3105 sanxitquod
1027 3037 1084 3089 ct
1114 3033 1336 3105 praefati
1367 3049 1619 3088 canones
1661 3037 1895 3106 aposto-

246 3125 371 3180 lici.
395 3124 508 3180 Sed
540 3122 840 3196 praevaluit
864 3123 1148 3195 posterior
1178 3121 1400 3194 regula,
1432 3123 1570 3195 quia
1595 3126 1653 3178 et
1692 3123 1890 3194 plures

244 3192 578 3281 revocabat,
601 3217 659 3268 et
678 3192 1131 3284 disceptationes
1144 3192 1514 3284 sequentium
1539 3192 1887 3280 removebat,
1922 3192 1965 3259 (ἶ

241 3307 302 3360 et
335 3302 554 3358 indocti
584 3301 741 3374 vulgi
781 3301 1214 3356 animositatem
1277 3301 1653 3372 reprimebat.
1716 3302 1890 3358 Porro

236 3392 407 3464 quod
425 3390 1074 3463 permittitur,quamvis
1096 3391 1172 3446 sit
1191 3389 1562 3458 licitum,non
1581 3393 1774 3446 tamen
1800 3408 1893 3448 us-

238 3496 597 3553 quequaque
629 3485 901 3536 censetur
947 3480 1188 3547 bonum,
1210 3480 1362 3534 sicut
1389 3480 1600 3535 beatus
1630 3479 1888 3536 Joannes

231 3570 805 3642 Chrysostomus,de
827 3569 1005 3641 hujus
1025 3569 1183 3624 verbi
1226 3569 1579 3640 proprietate
1628 3568 1685 3623 in
1713 3585 1887 3641 expo-

233 3661 455 3717 sitione
478 3676 658 3731 super
675 3659 1012 3714 Matthaaum
1036 3657 1213 3713 latius
1234 3658 1551 3725 disserens,
1577 3658 1687 3713 ait:
1716 3681 1743 3708 ‹‹
1787 3657 1888 3713 Vi-

233 3749 324 3805 dit
346 3749 545 3822 itaque
564 3748 798 3804 Judazos
815 3747 1042 3819 Moyses
1065 3751 1297 3819 propter
1307 3746 1754 3803 delectationem
1767 3765 1889 3804 car-

231 3837 436 3894 nalem
466 3837 617 3893 circa
638 3836 834 3891 studia
855 3835 1277 3891 sacriﬁciorum
1311 3851 1437 3890 esse
1481 3835 1734 3902 deditos,
1757 3840 1814 3893 et
1835 3837 1884 3892 si

230 3926 585 3982 mandasset
606 3925 689 3980 eis
708 3926 972 3980 recedere
1000 3941 1033 3979 a
1055 3923 1384 3994 sacrificiis,
1421 3941 1535 3980 non
1559 3925 1749 3980 fuerat
1789 3941 1889 3980 au-

230 4014 515 4081 diendus,
539 4015 678 4087 quia
697 4030 919 4070 annosa
941 4013 1137 4086 passio
1171 4013 1599 4068 medicamento
1623 4029 1886 4070 momen-

226 4109 411 4163 taneo
442 4119 558 4161 non
578 4106 849 4172 curatur;
892 4103 1076 4175 jussit
1127 4101 1212 4159 eis
1263 4101 1592 4159 sacrificare
1623 4103 1884 4175 quidem,

229 4197 336 4252 sed
359 4195 614 4266 nonjam
660 4194 1046 4262 daemonibus,
1067 4192 1299 4250 sicutin
1342 4193 1605 4265 Egypto,
1635 4192 1735 4248 sed
1767 4192 1884 4248 Deo

225 4285 389 4340 vivo.
410 4283 735 4338 Dimidium
765 4281 904 4338 mali
966 4282 1256 4355 permisit,
1303 4297 1371 4337 ne
1401 4286 1587 4337 totum
1619 4282 1886 4354 perderet

227 4377 486 4431 bonum.
520 4372 637 4428 Hac
660 4372 1162 4443 rationepermisit
1182 4369 1301 4426 illis
1335 4369 1510 4425 etiam
1535 4371 1674 4426 dare
1723 4369 1885 4425 libel-

223 4463 358 4520 lum
383 4461 636 4535 repudii,
660 4461 801 4533 quia
819 4460 1327 4530 meliusjudicavit
1364 4459 1736 4532 permittente
1757 4459 1885 4532 lege

1993 547 2252 619 accipere
2273 551 2599 605 secundum
2622 555 2979 624 przeceptum
3003 550 3260 623 Apostoli
3284 551 3510 610 licitum
3527 560 3638 625 est;

1992 637 2315 692 secundum
2336 643 2530 694 autem
2549 639 2810 695 veritatis
2840 639 3297 705 rationem,vere
3328 641 3632 699 fornicatio

1991 730 2100 781 est.
2124 726 2258 792 Sed,
2296 743 2429 782 cum
2477 729 2852 799 permittente
2896 733 3010 784 Deo
3043 728 3275 800 publice
3307 734 3364 785 et
3397 728 3644 787 licenter

1991 815 2400 884 committitur,
2425 815 2490 871 fit
2514 816 2759 872 honesta
2787 816 3114 882 fornicatio,
3157 821 3463 890 propterea
3492 819 3640 875 bene

1991 901 2139 958 dixit
2164 903 2475 971 Dominus,
2501 906 2640 978 quia
2661 906 2889 978 Moyses
2910 905 3020 962 hoc
3047 906 3338 978 permisit,
3362 924 3478 963 non
3504 925 3646 980 pra:-

1993 991 2163 1063 cepit.
2182 992 2352 1048 Aliud
2371 997 2459 1049 est
2487 993 2642 1049 enim
2703 995 3034 1066 praecipere,
3085 994 3243 1050 aliud
3276 994 3636 1067 permittere.

1992 1081 2155 1145 Quod
2177 1082 2331 1137 enim
2345 1082 2719 1155 praecipimus
2739 1083 3047 1139 volumus:
3073 1084 3228 1155 quod
3259 1088 3458 1140 autem
3505 1101 3635 1156 per-

1994 1169 2287 1226 mittimus
2308 1171 2571 1226 nolentes
2622 1172 3017 1244 praecipimus,
3052 1171 3192 1243 quia
3212 1171 3400 1228 malas
3442 1172 3638 1228 homi-

1994 1275 2136 1314 num
2158 1258 2489 1316 voluntates
2510 1261 2581 1315 ad
2619 1261 2858 1332 plenum
2909 1259 3221 1332 prohibere
3273 1278 3387 1317 non
3435 1279 3643 1333 possu-

1995 1364 2198 1402 mus.»
2224 1349 2347 1403 Huc
2370 1364 2558 1420 usque
2580 1349 3050 1421 Chrysostomus.
3072 1350 3252 1419 Cujus
3284 1351 3500 1420 egregii
3524 1351 3643 1405 effi-

1994 1453 2098 1490 cax
2114 1436 2408 1508 allegatio,
2429 1455 2562 1492 cum
2589 1437 2868 1510 plurimis
2890 1441 2949 1492 et
2995 1438 3268 1492 maximis
3305 1439 3642 1494 auctoribus

1993 1529 2049 1579 et
2062 1526 2426 1591 doctoribus,
2452 1531 2573 1582 tam
2595 1527 2773 1582 etiam
2799 1527 2906 1582 hoc
2912 1528 3038 1597 jam
3055 1527 3189 1582 trito
3213 1527 3514 1598 proverbio
3542 1544 3644 1583 su-

1997 1613 2258 1669 ffulcitur
2288 1631 2299 1670 :
2322 1614 2778 1671 PermittitDeus
2803 1616 2924 1670 fieri
2945 1616 3099 1686 quod
3130 1633 3244 1670 non
3267 1615 3410 1672 vult.

2645 1756 2872 1811 CAPUT
2927 1757 2991 1810 Χ.

2064 1880 2280 1936 Verum
2304 1881 2359 1935 in
2405 1881 2905 1952 subsequentibus
2955 1879 3282 1935 evidentius
3333 1883 3640 1952 apparebit

1996 1975 2228 2041 quantm
2251 1969 2709 2041 imperfectionis
2733 1969 3133 2023 haereticorum
3162 1969 3498 2040 baptismus
3541 1971 3639 2026 sit.

1999 2060 2208 2114 Beatus
2232 2076 2381 2130 papa
2399 2058 2656 2129 Syricius
2674 2059 2914 2129 (cpist.i)
2930 2058 3350 2113 Tarraconensi
3373 2059 3644 2131 episcopo

2001 2148 2319 2218 inquirenti
2342 2147 2427 2201 sic
2458 2163 2635 2218 super
2664 2145 2957 2218 baptismo
3007 2145 3321 2217 respondit.
3373 2169 3399 2195 ‹‹
3452 2147 3646 2202 Prima

1999 2237 2226 2308 paginae
2265 2240 2376 2290 tum
2423 2225 2610 2290 fronte
2643 2235 2889 2307 signasti
2949 2235 3274 2306 baptizatos
3319 2235 3390 2290 ab
3449 2236 3647 2308 impiis

1999 2325 2228 2380 Arianis
2252 2323 2536 2396 plurimos
2554 2324 2622 2378 ad
2651 2325 2823 2379 fidem
2847 2323 3195 2379 catholicam
3243 2324 3539 2391 festinare,
3589 2331 3646 2381 et

2001 2413 2287 2484 quosdam
2319 2413 2390 2467 dc
2423 2413 2705 2467 fratribus
2737 2411 2954 2467 nostris
2987 2413 3222 2467 eosdem
3257 2413 3446 2467 denuo
3502 2414 3642 2485 bap-

2000 2501 2177 2556 tizare
2193 2501 2360 2568 velle,
2391 2501 2546 2573 quod
2580 2517 2693 2555 non
2728 2500 2862 2556 licet
2890 2516 3026 2555 cum
3060 2500 3170 2556 hoc
3203 2501 3324 2557 fieri
3358 2506 3415 2556 et
3460 2503 3644 2574 Apos-

2003 2589 2158 2646 tolus
2187 2595 2339 2645 vetet
2383 2594 2440 2645 et
2472 2605 2725 2646 canones
2755 2589 3261 2656 contradicant,et,
3296 2595 3427 2660 post
3449 2607 3642 2646 cassa-

2001 2684 2129 2734 tum
2159 2679 2548 2734 Ariminiense
2568 2678 2901 2746 concilium,
2928 2679 3111 2733 missa
3141 2678 3213 2732 ad
3258 2679 3584 2748 provincias
3613 2697 3647 2733 a

2002 2769 2344 2826 veneranda:
2368 2769 2659 2823 memoriae
2683 2769 3037 2839 prmdessore
3060 2783 3187 2821 meo
3208 2767 3434 2820 Liborio
3472 2782 3647 2837 gene-

2006 2859 2152 2913 ralia
2170 2859 2400 2912 decrcta
2421 2856 2790 2929 prohibeant.
2827 2849 2981 2920 Quos
3006 2872 3114 2910 nos
3147 2871 3283 2909 cum
3311 2855 3650 2911 Novatianis

2007 2946 2254 3017 aliisque
2275 2945 2580 3011 haereticis,
2606 2944 2868 3000 sicutest
2916 2944 2974 2999 in
3017 2944 3309 3015 synodum
3362 2945 3646 3000 constitu-

2003 3039 2153 3101 tum,
2179 3051 2281 3106 per
2304 3033 2724 3089 invocationem
2752 3031 2934 3088 solam
2961 3032 3324 3104 septiformis
3365 3034 3642 3105 Spiritus,

2008 3122 2352 3196 episc0palis
2378 3140 2588 3178 manus
2619 3122 2992 3194 impositione
3037 3121 3458 3178 catholicorum
3505 3141 3648 3179 con-

2003 3214 2198 3268 ventui
2217 3212 2701 3275 sociamus.Quod
2725 3211 2900 3266 etiam
2924 3215 3082 3266 totus
3103 3211 3308 3266 Oriens
3333 3211 3643 3269 Occidens-

2001 3319 2114 3374 que
2135 3301 2410 3357 custodit.
2433 3303 2478 3356 A
2500 3318 2615 3372 quo
2639 3300 2872 3355 tramite
2889 3318 2987 3355 vos
3009 3317 3242 3372 quoque
3264 3301 3506 3372 posthac
3525 3302 3642 3356 mi-

2002 3391 2158 3446 nime
2180 3390 2448 3445 convenit
2472 3390 2720 3456 deviare,
2745 3388 2794 3444 si
2818 3405 2934 3442 non
2953 3388 3131 3443 vultis
3153 3405 3187 3443 a
3208 3393 3406 3445 nostro
3463 3389 3642 3446 colle-

2000 3481 2093 3553 gio
2117 3479 2377 3548 synodali
2401 3479 2691 3534 sententia
2711 3478 2992 3549 separari.
3029 3500 3057 3527 ››
3105 3478 3168 3532 In
3221 3495 3336 3550 quo
3387 3478 3640 3551 denique

1999 3567 2271 3625 decretali
2295 3566 2549 3639 capitulo
2573 3571 2769 3638 aperte
2791 3565 3058 3621 innuitur
3093 3582 3209 3620 non
3264 3565 3642 3635 uniformem,

2000 3659 2100 3714 sed
2123 3659 2432 3714 biformem
2457 3655 2722 3728 regulam
2747 3673 2925 3727 super
2942 3656 3374 3727 susceptionem
3411 3656 3647 3712 venien-

1996 3749 2145 3804 tium
2177 3748 2247 3803 ab
2282 3747 2572 3802 haereticis
2617 3744 2987 3800 catholicosa
3034 3749 3295 3815 tempore
3345 3745 3638 3814 apostolo-

1999 3855 2131 3893 rum
2151 3853 2335 3907 usque
2361 3836 2649 3892 Liberium
2674 3850 2885 3905 papam
2906 3832 3643 3904 retinuisse,eumdemque

1997 3930 2130 4000 post
2152 3929 2446 3982 cassatum
2464 3923 2830 3979 Ariminense
2850 3919 3160 3976 concilium
3181 3919 3650 3992 generalifdecre-

1996 4021 2055 4071 to
2078 4015 2352 4088 primitus
2376 4010 2751 4084 prohibuisse
2774 4025 2846 4064 ne
2872 4009 2944 4064 ab
2965 4008 3200 4064 Arianis
3253 4008 3529 4080 baptizati
3557 4025 3647 4065 re-

1997 4103 2436 4175 baptizarentur
2457 4117 2490 4156 a
2512 4097 2836 4165 catholicis,
2858 4098 2958 4153 sed
2979 4114 3082 4170 per
3129 4095 3478 4170 episcopalis
3518 4114 3651 4153 ma-

1996 4209 2108 4247 nus
2129 4188 2564 4262 impositionem
2579 4184 3000 4241 catholicorum
3020 4184 3328 4240 conventui
3353 4183 3649 4240 sociaren-

1995 4285 2110 4348 tur,
2134 4279 2233 4334 sed
2251 4281 2482 4350 quanta:
2503 4274 2963 4347 imperfectionis
2985 4274 3041 4328 in
3066 4273 3353 4329 catholica
3380 4274 3638 4328 habean-

1993 4374 2091 4424 tur
2106 4369 2178 4423 ab
2201 4365 2488 4422 haereticis
2507 4362 2806 4436 baptizati,
2832 4361 3208 4418 beatissimus
3257 4377 3408 4432 papa
3456 4361 3627 4416 Inno-

1994 4457 2222 4514 centius
2243 4453 2469 4528 prolata
2486 4457 2700 4508 sancta:
2729 4452 3000 4506 Romanae
3021 4449 3285 4505 Ecclesiae
3307 4448 3636 4520 antiqua,ct

222 4549 598 4608 matrimonii
626 4549 772 4606 solvi
795 4566 973 4622 quam
1026 4549 1159 4605 odio
1206 4547 1590 4620 compellente
1635 4547 1880 4604 homici-
1912 4565 1958 4631 D
1992 4545 2330 4604 authentica
2353 4540 2798 4631 regulaliquido
2818 4538 3077 4596 ostendit
3108 4538 3355 4631 dicens:

223 4642 401 4697 dium
425 4638 946 4695 ﬁeri.Permisiteis
961 4639 1182 4694 malum
1199 4638 1485 4705 facere,ne
1504 4637 1757 4694 facerent
1786 4654 1884 4710 pe-

222 4727 659 4803 jora.Ergohoc
673 4727 1210 4801 permittendo,non
1230 4727 1314 4783 eis
1328 4727 1424 4782 Dei
1461 4726 1756 4798 justitiam
1788 4726 1885 4783 de-

220 4818 712 4887 monstravit,sed
730 4834 865 4873 cum
883 4821 1122 4889 peccato
1141 4815 1381 4871 abstulit
1397 4815 1630 4888 culpam
1646 4832 1885 4888 peccan-

224 4907 584 4980 di,ut,quasi
602 4908 926 4963 secundum
941 4906 1128 4980 legem
1141 4905 1560 4979 agentibus,eis
1577 4909 1882 4977 peccatum

223 5014 411 5055 suum
434 5014 549 5052 non
566 4995 832 5052 videatur
869 5012 996 5052 esse
1046 4999 1375 5067 peccatum,
1401 4998 1465 5049 ut
1496 4997 1637 5066 puta
1665 4993 1714 5050 si
1751 4994 1882 5066 quis

224 5087 411 5144 habet
433 5101 666 5142 servum
699 5085 799 5156 qui
844 5084 1144 5140 furaturet
1174 5082 1424 5139 inebriat
1474 5100 1558 5154 se,
1617 5083 1883 5138 conside-

223 5193 372 5232 rans
387 5175 668 5230 dominus
682 5174 820 5246 quia
842 5173 891 5228 si
914 5177 1231 5244 utrumque
1252 5170 1498 5228 insimul
1522 5170 1884 5226 mandaverit

219 5263 715 5335 observare,nihil
738 5263 985 5335 proﬁcit,
1011 5262 1252 5317 mandat
1271 5259 1356 5315 illi
1380 5263 1445 5316 ut
1466 5260 1627 5315 bibat
1643 5260 1882 5332 quidem

219 5358 524 5427 quantum
554 5351 700 5422 vult,
719 5353 819 5408 sed
845 5350 1076 5424 publice
1101 5350 1288 5418 bibat,
1318 5354 1384 5404 ut
1426 5348 1710 5421 paulatim
1760 5348 1882 5404 dis-

219 5448 320 5500 cat
337 5441 628 5500 obaudiro
648 5442 974 5516 praeceptis.
996 5442 1090 5497 Sic
1115 5440 1475 5513 permissum
1496 5444 1586 5495 est
1627 5443 1684 5495 et
1704 5455 1882 5512 repu-

219 5531 655 5601 diom,malum
675 5531 1139 5610 quidem,tamen
1156 5528 1405 5586 licitum.
1439 5528 1557 5586 Hac
1577 5529 1800 5587 ratione
1827 5533 1884 5587 et

217 5620 482 5702 apostoli
502 5624 908 5700 praeceperunt
927 5620 1219 5682 secundas
1242 5618 1406 5680 adire
1441 5619 1680 5697 nuptias
1709 5634 1881 5697 prope

2068 4635 2288 4706 (Irmoc.
2314 4634 2467 4704 epist.
2492 4634 2584 4701 22,
2618 4648 2680 4687 n.
2712 4630 2789 4700 l4.)
2817 4652 2843 4679 «
2867 4631 3091 4683 Nostrae
3121 4625 3213 4680 lex
3255 4629 3346 4690 est
3373 4623 3644 4679 Ecclesiaa

1995 4723 2363 4780 venientibus
2389 4722 2460 4776 ab
2501 4718 2788 4774 haereticis
2812 4717 2911 4788 qui
2962 4720 3157 4770 tamen
3201 4712 3318 4768 illic
3366 4713 3645 4785 baptizati

1997 4818 2155 4878 sunt,
2181 4829 2283 4884 per
2318 4826 2529 4866 manus
2553 4805 2986 4879 impositionem
3025 4803 3234 4860 laicam
3264 4806 3494 4859 tantum
3552 4801 3650 4858 tri-

1993 4905 2173 4959 buere
2194 4897 2692 4965 communionem,
2721 4912 2825 4950 nec
2850 4912 2917 4950 ex
2938 4894 3031 4949 bis
3055 4893 3314 4965 aliquam
3363 4893 3422 4947 in
3483 4891 3646 4948 cleri-

1994 4997 2157 5049 catus
2181 4990 2462 5045 honorem
2494 4985 2580 5041 vel
2605 4985 2882 5057 exiguum
2905 4985 3247 5055 subrogare.
3279 4983 3400 5038 nEx
3422 4999 3540 5054 qua
3563 4997 3646 5037 re-

1994 5080 2132 5154 gula
2155 5082 2315 5152 patet
2339 5075 2479 5148 quid
2501 5073 2689 5131 sancti
2719 5078 2917 5129 Patres
2940 5074 3010 5129 de
3052 5073 3361 5145 baptizatis
3409 5072 3482 5125 ab
3514 5071 3638 5124 hae-

1994 5170 2190 5226 reticis
2212 5166 2485 5235 sentiant,
2511 5181 2659 5237 quos
2680 5181 2796 5219 non
2820 5163 2948 5218 dico
2967 5164 3038 5218 ad
3076 5161 3333 5234 aliquem
3373 5158 3522 5214 sacri
3559 5157 3644 5212 al-

1991 5260 2135 5316 taris
2151 5257 2419 5330 gradum,
2447 5255 2548 5310 sed
2573 5271 2677 5310 nec
2697 5254 2768 5308 ad
2797 5253 2990 5308 solum
3014 5252 3324 5308 clericatus
3353 5249 3636 5303 honorem

1993 5346 2319 5421 promoveri
2338 5343 2730 5410 consentiunt,
2766 5341 3043 5414 exceptis,
3077 5345 3142 5395 ut
3173 5354 3353 5410 supra
3410 5335 3638 5391 dictum

1992 5441 2101 5504 est,
2136 5434 2420 5492 Catharis.
2459 5435 2644 5500 Quam
2675 5433 2854 5488 etiam
2885 5429 3256 5486 clarissimus
3313 5427 3518 5482 doctor
3574 5425 3644 5482 li-

1992 5525 2086 5584 dei
2116 5525 2228 5581 Leo
2259 5524 2331 5581 de
2359 5522 2654 5598 baptismo
2685 5520 3092 5578 haereticorum
3113 5515 3386 5585 senserit,
3437 5529 3650 5591 quam-

1989 5617 2078 5678 vis
2103 5613 2374 5692 superius
2392 5612 2627 5693 c0piose
2643 5611 2972 5690 expositum
2990 5609 3222 5688 sit,ejus
3242 5609 3440 5667 tamen
3476 5604 3645 5686 capi-
