4106 6178
230 285 380 347 1029

829 281 1242 348 ADVERSUS
1289 275 1762 348 SIMONIAGOS
1809 255 2016 348 LIBnI
2059 285 2287 348 rans.
2321 321 2396 330 —
2427 283 2662 347 LIBER
2703 283 3021 348 panius.

3471 288 3629 352 1030

297 418 448 484 Item,
495 432 565 470 ea:
605 416 791 471 eodem
837 419 1086 486 concilio,
1130 435 1247 489 cap.
1282 419 1366 471 42.
1420 441 1446 465 ‹‹
1481 418 1604 473 Non
1646 420 1872 489 oportet
1899 420 1954 484 Α
1983 419 2275 473 senserint
2306 420 2376 474 de
2406 419 2810 474 haereticorum
2829 419 3157 483 ordinibus,
3190 424 3289 475 aut
3311 421 3502 492 potius
3533 440 3626 478 or-

223 504 630 562 hzereticorum
661 505 1096 560 benedictiones
1144 505 1229 562 vel
1274 505 1532 577 eulogias
1587 505 1868 578 accipere,

223 594 504 667 quoniam
531 593 656 649 istze
699 593 1136 650 maledictiones
1168 595 1358 667 magis
1398 599 1536 650 sunt
1565 611 1742 667 quam
1772 595 1873 650 be-

223 683 607 739 nedictiones.
645 701 670 732 ιι

299 775 456 840 Item,
475 771 739 827 exeodem
750 773 999 839 concilio,
1021 788 1140 844 cap.
1166 773 1253 826 46.
1282 792 1311 822 ‹‹
1332 772 1456 827 Non
1477 775 1706 844 Oportet
1736 788 1872 826 cum

221 860 518 917 haereticis
546 859 632 915 vel
664 859 1056 916 schismaticis
1086 877 1272 916 orare.
1311 881 1337 908 »

290 952 450 1016 Item,
498 966 568 1005 ex
594 948 797 1015 eodem,
829 965 947 1020 cap.
982 949 1069 1003 47.
1105 972 1132 998 ‹‹
1167 948 1290 1004 Non
1324 951 1550 1019 oportet
1580 964 1613 1003 a
1653 945 1872 1002 Judaeis

222 1039 307 1095 vel
342 1037 635 1094 haereticis
665 1036 923 1092 feriatica
953 1054 1078 1108 quee
1111 1037 1429 1091 mittuntur
1457 1036 1736 1107 accipere.
1775 1058 1802 1084 »

298 1127 448 1185 Unde
486 1143 674 1199 supra,
708 1128 768 1180 in
797 1142 1002 1180 canone
1030 1126 1417 1196 apostolorum.
1458 1147 1478 1173 α
1527 1124 1870 1195 Episcopus,

221 1218 550 1290 presbyter,
584 1219 686 1271 aut
716 1214 1022 1279 diaconus,
1055 1214 1155 1284 qui
1187 1230 1322 1268 cum
1353 1213 1640 1270 haereticis
1672 1227 1869 1267 orave-

221 1307 320 1376 rit,
346 1303 758 1362 tantummodo
779 1302 1189 1358 communione
1210 1303 1486 1374 privetur.
1513 1301 1572 1358 Si
1593 1318 1726 1357 vero
1747 1305 1875 1356 tan-

223 1412 406 1469 quam
435 1393 676 1450 clericos
708 1393 978 1448 hortatus
1011 1391 1186 1448 fuerit
1215 1408 1312 1447 eos
1345 1407 1534 1464 agere,
1567 1390 1654 1446 vel
1688 1406 1873 1457 orare,

223 1487 563 1540 damnetur.
600 1504 627 1532 »

300 1574 448 1631 Unde
466 1589 655 1645 supra,
680 1588 750 1627 ea:
769 1571 993 1626 decretis
1012 1571 1245 1625 Fabiani
1261 1570 1372 1641 (l6)
1403 1586 1576 1642 papae.
1604 1591 1631 1618 «
1661 1569 1877 1623 Omnes

222 1663 324 1734 qui
357 1665 576 1718 rectam
609 1676 722 1714 non
756 1659 966 1714 docent
995 1657 1341 1726 doctrinam,
1375 1658 1463 1712 vel
1498 1661 1717 1711 rectam
1759 1672 1876 1710 non

221 1750 612 1808 tenentﬁdem
635 1751 1026 1815 accusatores,
1042 1746 1333 1802 neminem
1352 1749 1503 1801 recte
1514 1745 1876 1800 credentium

224 1855 505 1895 accusare
523 1839 790 1909 possunt,
811 1835 952 1907 quia
971 1835 1210 1890 infamia
1230 1837 1369 1889 sunt
1390 1833 1594 1902 notati,
1613 1837 1670 1888 et
1691 1851 1724 1887 a
1745 1833 1879 1887 sinu

225 1928 440 1984 matris
471 1925 734 1982 Ecclesiae
753 1942 786 1980 a
808 1923 1039 1996 publico
1063 1940 1340 1979 mucrone
1365 1939 1548 1995 usque
1567 1923 1638 1977 ad
1664 1925 1879 1977 rectam

222 2016 672 2072 conversionem
704 2018 760 2069 et
788 2014 1176 2069 reversionem
1194 2028 1394 2068 eorum
1427 2011 1692 2067 abscissi.
1721 2009 1882 2064 Unde

222 2104 554 2179 apostolica
573 2103 1058 2158 auctoritatceum
1075 2101 1349 2156 omnibus
1362 2101 1624 2171 ejusdem
1650 2103 1879 2170 aposto-

220 2195 350 2250 licae
374 2198 552 2274 atque
575 2190 919 2247 universalis
945 2189 1212 2246 Ecclesiae
1235 2188 1370 2244 ﬁliis
1392 2192 1718 2244 statuentes
1741 2203 1881 2241 san-

223 2285 423 2340 cimus
456 2286 523 2337 ut
551 2297 755 2337 omnes
785 2279 886 2351 qui
909 2278 969 2333 in
993 2277 1277 2334 catholica
1300 2278 1412 2332 ﬁde
1443 2276 1698 2348 suspecti
1720 2280 1879 2342 sunt,

220 2375 284 2428 in
322 2370 694 2427 accusatione
725 2373 878 2424 recte
907 2367 1270 2424 credentium
1314 2383 1428 2421 non
1461 2365 1878 2436 suscipiantur,

222 2461 374 2535 quia
405 2459 661 2531 suspecti
683 2474 886 2513 omnes
915 2473 1147 2528 semper
1165 2460 1306 2510 sunt
1325 2453 1652 2519 amovendi,
1683 2457 1740 2508 et
1771 2469 1883 2508 non

220 2549 576 2622 recipiendi.
611 2547 814 2602 Merito
844 2562 980 2618 ergo
1013 2545 1362 2616 reprobatur
1397 2559 1599 2598 eorum
1646 2558 1884 2596 accusa-

221 2641 331 2705 tio,
367 2638 469 2709 qui
499 2636 559 2691 in
593 2639 749 2690 recta
777 2633 890 2689 ﬁde
917 2632 1173 2705 suspecti
1204 2637 1364 2699 sunt,
1394 2647 1498 2686 nec
1524 2631 1609 2686 eis
1641 2629 1881 2686 omnino

222 2745 365 2784 esse
398 2725 780 2781 credendum.
817 2745 845 2772 ››

299 2817 464 2881 Item,
497 2831 567 2869 ex
612 2812 840 2868 decretis
887 2813 949 2866 B.
1000 2811 1255 2882 Dionysii
1294 2824 1454 2880 papa:
1501 2816 1551 2864 et
1597 2809 1882 2880 martyris.

221 2906 498 2975 (DYONIS,
543 2903 703 2970 epist.
752 2903 806 2967 2,
856 2900 926 2954 ad
963 2900 1223 2954 Severum
1268 2898 1523 2969 episcop.)
1566 2919 1593 2946 ‹‹
1629 2896 1888 2950 Crimina

224 3011 366 3065 qua:
398 2989 690 3062 episcopis
711 2988 959 3060 impingi
983 2987 1128 3042 dicis
1151 3003 1253 3058 per
1273 2985 1436 3052 alios,
1464 3003 1577 3040 non
1591 2985 1752 3040 sinas
1769 2983 1886 3039 ullo

226 3082 413 3137 modo
448 3080 591 3147 ﬁeri,
624 3077 735 3144 nisi
766 3093 866 3149 per
888 3077 1044 3148 ipsos
1068 3075 1168 3147 qui
1196 3073 1444 3130 crimina
1470 3073 1804 3138 intendunt,
1836 3071 1886 3126 si

1982 507 2401 565 dinationibus.

2053 599 2134 652 Ea:
2163 599 2389 669 epistola
2417 601 2474 652 Β.
2499 600 2808 654 Innocentii
2825 614 2988 670 papae
3007 601 3267 671 episcopis
3282 601 3625 660 Macedonia.

1983 686 2197 758 (luuoc.
2248 690 2404 757 epist.
2445 690 2536 752 22,
2589 705 2648 742 n.
2691 689 2768 758 3.)
2817 691 3070 742 Ventum
3123 692 3210 742 est
3267 689 3338 743 ad
3398 690 3629 745 tertiam

1984 777 2388 848 quaestionem,
2438 793 2563 848 quae
2615 793 2718 847 pro
2772 776 2860 831 sui
2912 777 3257 832 difﬁcultate
3305 776 3628 849 longiorem

1983 863 2156 936 exigit
2177 864 2656 936 disputationem,
2681 881 2812 918 cum
2848 880 2952 919 nos
2965 863 3231 919 dicamus
3248 866 3320 919 ab
3344 866 3632 922 haereticis

1985 953 2305 1017 ordinatos,
2337 953 2705 1007 vulneratum
2739 969 2840 1023 per
2869 951 3028 1005 illam
3062 969 3272 1007 manus
3305 953 3631 1025 impositio-

1986 1057 2118 1096 nem
2131 1041 2343 1095 habere
2361 1045 2553 1112 caput,
2571 1041 2737 1096 etubi
2760 1039 2972 1096 vulnus
2993 1040 3237 1094 inﬁxum
3259 1046 3368 1110 est,
3386 1043 3512 1096 med
3526 1043 3629 1097 ici-

1987 1146 2062 1184 na
2091 1129 2424 1184 adhibenda
2448 1132 2556 1193 est,
2582 1133 2647 1183 ut
2664 1128 2972 1183 sanitatem
2997 1129 3182 1199 possit
3199 1129 3472 1200 recipere.
3498 1131 3632 1194 Qua

1986 1216 2205 1272 sanitas
2257 1219 2389 1288 post
2416 1217 2628 1271 vulnus
2660 1224 2856 1272 secula
2898 1216 3022 1270 sine
3055 1217 3321 1273 cicatrice
3358 1235 3484 1275 esse
3516 1239 3631 1277 non

1985 1305 2214 1377 poterit,
2229 1309 2403 1376 atque
2418 1306 2512 1359 ubi
2530 1304 2877 1376 poenitentiae
2902 1305 3157 1360 remediu
3169 1323 3222 1360 m
3237 1311 3632 1365 necessarium

1987 1397 2075 1448 est
2103 1393 2221 1448 illic
2256 1392 2642 1448 ordinationis
2695 1393 2972 1447 honorem
3009 1393 3202 1448 locum
3248 1395 3460 1453 habere
3518 1416 3633 1454 non

1987 1499 2178 1554 posse.
2212 1482 2355 1536 Nam
2383 1482 2535 1537 sicut
2565 1482 2780 1553 legitur
2809 1499 2820 1536 :
2856 1504 2882 1532 «
2916 1481 3210 1554 Quidquid
3241 1486 3495 1558 tetigerit
3525 1489 3636 1543 im-

1988 1592 2015 1619 ‹‹
2050 1571 2329 1637 mundus,
2361 1570 2737 1624 immundum
2769 1571 2878 1626 erit
2907 1572 3091 1642 (Num.
3126 1590 3241 1640 xxv,
3274 1575 3391 1645 22),
3427 1599 3454 1624 ››
3488 1593 3637 1648 quo-

1987 1659 2159 1715 modo
2192 1659 2248 1712 id
2271 1659 2320 1713 ei
2341 1660 2649 1722 tribuetur,
2676 1660 2830 1730 quod
2855 1660 3148 1714 munditia
3169 1678 3234 1716 ac
3258 1664 3481 1733 puritas
3499 1683 3634 1722 con-

1987 1747 2441 1818 suevitaccipere
2461 1749 2488 1802 ‘?
2510 1748 2609 1802 sed
2629 1752 2864 1802 econtra
2885 1748 3169 1802 asseritur
3187 1764 3320 1804 eum
3341 1753 3438 1821 qui
3455 1753 3635 1810 hono-

1990 1853 2110 1891 rem
2131 1835 2353 1904 amisit,
2377 1835 2654 1890 honorem
2681 1837 2818 1890 dare
2840 1852 2954 1890 non
2989 1853 3177 1907 posse,
3204 1853 3308 1892 nec
3331 1839 3498 1897 illum
3531 1844 3636 1898 ali-

1991 1923 2130 1996 quid
2149 1924 2608 1995 accepisse,quia
2629 1923 2771 1977 nihil
2791 1924 2848 1977 in
2872 1924 3046 1979 dante
3069 1930 3192 1980 erat
3213 1929 3366 1998 quod
3393 1929 3487 1985 ille
3511 1949 3639 2002 pos-

1991 2017 2078 2067 set
2109 2012 2387 2082 accipere.
2418 2016 2485 2066 Et
2522 2029 2720 2066 verum
2753 2017 2840 2067 est
2871 2018 3022 2067 certe
3047 2015 3184 2084 quia
3215 2019 3368 2086 quod
3402 2036 3512 2074 non
3535 2021 3637 2077 ba-

1991 2101 2137 2167 buit,
2169 2101 2304 2155 dare
2339 2118 2449 2155 non
2487 2101 2693 2172 potuit.
2729 2101 3174 2157 Damnationem
3210 2106 3408 2176 utique
3459 2126 3635 2180 quam

1992 2189 2199 2244 habuit
2229 2206 2332 2260 per
2361 2206 2594 2261 pravam
2640 2206 2850 2244 manus
2880 2190 3312 2261 impositionem
3360 2197 3536 2252 dedit.
3571 2201 3641 2254 Et

1993 2278 2093 2350 qui
2124 2278 2413 2349 particeps
2444 2278 2631 2332 factus
2663 2283 2752 2332 est
2782 2279 3079 2344 damnato,
3127 2285 3418 2352 quomodo
3466 2287 3642 2344 habet

1992 2367 2269 2422 honorem
2307 2366 2568 2438 accipere
2597 2366 2855 2421 invenire
2887 2384 3002 2422 non
3035 2385 3297 2440 possum.
3336 2398 3362 2420 η

2064 2454 2208 2510 Hinc
2233 2456 2354 2524 jam
2379 2472 2409 2509 a
2432 2454 2782 2510 Simoniacis
2810 2455 3061 2510 ordinati
3079 2459 3354 2530 evigilent
3383 2465 3638 2533 tandem,

1993 2548 2048 2599 et
2081 2548 2237 2598 tanto
2262 2543 2478 2598 tonitru
2511 2549 2788 2615 tantoque
2822 2543 3067 2600 fulmine
3092 2551 3212 2602 tam
3245 2551 3460 2623 egregii
3494 2553 3645 2609 inter

1993 2631 2256 2704 egregios
2288 2633 2594 2704 pontifices
2626 2632 2819 2687 subito
2851 2634 3068 2688 turbati
3116 2640 3173 2688 et
3221 2637 3466 2706 confusi,
3503 2642 3643 2711 quid

1994 2722 2065 2776 ab
2098 2721 2532 2776 ordinatoribus
2566 2721 2689 2775 suis
2718 2721 3045 2792 acceperint
3082 2722 3287 2778 saltem
3320 2743 3446 2781 sero
3480 2745 3640 2784 reco-

1995 2813 2297 2882 gnoscant,
2325 2813 2428 2863 aut
2456 2809 2818 2863 Simoniacos
2850 2826 2954 2864 nec
2986 2826 3114 2864 esse
3143 2828 3247 2866 nec
3289 2814 3403 2869 dici
3432 2816 3642 2872 debere

1995 2898 2316 2967 haereticos,
2353 2897 2398 2950 si
2432 2901 2669 2968 possent
2694 2896 2780 2950 vel
2812 2898 3049 2965 audent,
3084 2901 3507 2959 rationabiliter
3538 2923 3643 2962 nos

1995 2987 2297 3042 edoceant.

2067 3075 2285 3144 Nempe
2335 3075 2404 3129 ab
2449 3073 2734 3129 haereticis
2775 3075 3027 3131 ordinati
3086 3093 3189 3148 per
3235 3079 3397 3135 illam
3432 3099 3642 3138 manus

221 3176 434 3226 tamen
456 3167 566 3239 ipsi
591 3166 750 3238 digni
775 3163 1394 3236 etirreprehensibiles
1417 3161 1886 3234 apparuerint,et
1919 3152 1960 3218 C
1999 3161 2434 3234 impositionem
2492 3161 2850 3217 vulneratam
2903 3163 3118 3221 habere
3176 3168 3386 3224 docent
3442 3177 3638 3243 caput,

221 3259 468 3314 actibus
493 3255 796 3311 docuerint
821 3253 1092 3326 publicis,
1110 3252 1266 3308 omni
1302 3268 1362 3307 se
1385 3267 1580 3306 carere
1599 3248 1893 3320 suspicio-

230 3365 308 3403 ne
325 3352 388 3402 et
407 3344 794 3411 inimicitia,et
808 3340 1377 3415 irreprehensibilem
1391 3341 1565 3396 ﬁdem
1589 3355 1892 3395 conversa-

225 3438 582 3505 tionemque
599 3434 832 3489 dueere.
856 3431 1084 3486 Nemini
1102 3431 1259 3486 enim
1275 3430 1344 3484 de
1366 3446 1427 3485 se
1445 3430 1708 3484 confesso
1736 3427 1892 3483 credi

227 3527 443 3598 potest
464 3539 638 3594 super
657 3521 876 3577 crimen
901 3519 1178 3585 alienum,
1212 3535 1387 3591 quam
1411 3519 1560 3589 ejus,
1583 3517 1892 3588 omnisque

229 3615 314 3670 rei
354 3611 642 3684 professio
676 3608 999 3682 periculosa
1029 3612 1135 3674 est,
1159 3612 1216 3663 et
1237 3606 1467 3662 admitti
1489 3624 1604 3662 non
1634 3606 1825 3661 debet.
1862 3627 1888 3655 ››

301 3705 399 3758 Bac
456 3699 684 3754 decretis
732 3713 937 3768 quoque
991 3696 1113 3751 Gaii
1160 3711 1326 3768 papae
1385 3695 1552 3751 Felici
1619 3697 1887 3766 episcopo.

225 3815 254 3842 α
291 3789 568 3847 Primum
602 3787 838 3859 quidem
870 3786 1025 3841 scias
1055 3801 1314 3857 paganos
1345 3787 1402 3839 et
1439 3783 1741 3839 hiereticos
1773 3799 1888 3838 non

219 3894 413 3952 posse
438 3875 799 3932 Christianos
824 3889 1119 3941 accusare,
1143 3877 1453 3929 autvocem
1486 3871 1888 3928 infamationis

221 3969 474 4026 inferre.
513 3987 542 4015 ››

295 4057 412 4114 His
443 4059 504 4110 et
531 4052 882 4125 Hujusmodi
910 4050 1328 4108 catholicorum
1360 4051 1597 4106 Patrum
1639 4049 1888 4105 decretis

221 4152 282 4205 et
312 4142 635 4204 sententiis
666 4143 963 4199 evidenter
991 4139 1330 4214 agnoscitur
1359 4138 1645 4194 hzereticis
1676 4139 1888 4194 domus

219 4237 326 4293 Dei
365 4235 679 4306 ingressus
715 4231 1007 4301 interdici,
1055 4234 1114 4285 et
1143 4229 1215 4284 ab
1259 4227 1418 4284 omni
1467 4227 1887 4283 catholicorum

218 4322 658 4382 communione
679 4338 777 4377 eos
799 4319 1102 4387 removeri,
1126 4317 1347 4374 scilicet
1375 4316 1718 4384 orationem,
1752 4332 1888 4370 con-

214 4414 550 4478 viviorum,
584 4411 924 4483 nuptiarum
945 4407 1033 4464 vel
1055 4405 1585 4473 matrimoniorum,
1604 4403 1690 4460 vel
1705 4405 1888 4459 dona-

2003 3251 2180 3321 quia:
2218 3273 2242 3297 α
2278 3249 2570 3320 Quidquid
2603 3251 2833 3322 ctigerit
2864 3251 3228 3322 immundus,
3267 3257 3641 3316 immundum

2001 3339 2129 3394 erit.
2156 3362 2182 3387 ››
2215 3339 2452 3394 Constat
2479 3355 2614 3410 ergo
2644 3356 2875 3395 omnem
2901 3339 3234 3399 haereticum
3269 3345 3642 3404 immundum

2001 3444 2148 3484 esse.
2182 3427 2472 3499 Quidquid
2506 3429 2695 3501 tangit
2716 3429 2916 3500 procul
2941 3430 3118 3486 dubio
3151 3433 3522 3491 immundum
3560 3438 3644 3508 ﬁt,

2001 3518 2324 3573 secundum
2358 3517 2577 3573 dictum
2610 3518 2837 3573 Domini
2872 3520 2928 3573 in
2963 3519 3087 3592 lege
3118 3522 3320 3594 Moysi.

2069 3607 2266 3678 Neque
2281 3606 2436 3661 enim
2461 3608 2532 3662 ab
2555 3607 2861 3663 immundo
2884 3609 3153 3664 hzeretico
3176 3614 3384 3681 potuit,
3419 3619 3520 3670 aut
3542 3633 3641 3687 po-

2000 3695 2136 3750 terit
2166 3695 2342 3750 tribui
2376 3697 2526 3767 quod
2563 3697 2854 3751 munditia
2883 3713 2948 3752 ac
2973 3698 3196 3768 puritas
3217 3701 3477 3772 accipere
3507 3719 3643 3758 con-

1999 3785 2206 3850 suevit,
2240 3785 2523 3855 cujuscor
2540 3784 2768 3839 sincera
2789 3785 2900 3839 ﬁde
2932 3790 3161 3840 constat
3189 3803 3302 3841 non
3329 3805 3455 3843 esse
3479 3807 3644 3846 mun-

1998 3873 2342 3930 datum.Cui
2374 3890 2508 3945 ergo
2539 3871 2686 3927 nihil
2719 3873 3018 3927 munditiae
3051 3889 3116 3928 ac
3148 3876 3422 3946 puritatis
3452 3879 3644 3949 potuit

1996 3962 2196 4027 tribui,
2247 3961 2387 4033 quid
2418 3961 2579 4016 aliud
2613 3961 2822 4032 poterit
2865 3959 2952 4015 illi
2984 3962 3242 4020 tribuere
3273 3982 3637 4040 quaecunque

1996 4051 2272 4123 tetigerit,
2333 4050 2446 4105 nisi
2522 4048 2957 4105 immunditiam
3031 4069 3208 4124 quam
3276 4055 3463 4112 solam
3539 4057 3643 4114 ha-

1995 4140 2137 4194 bet?
2165 4141 2313 4211 Ergo
2343 4142 2525 4194 restat
2549 4137 2765 4193 etnihil
2783 4138 2940 4194 aliud
2966 4157 3143 4213 quam
3177 4141 3524 4201 immundus
3546 4145 3640 4214 sit,

1997 4245 2171 4300 quem
2210 4227 2514 4283 immndus
2545 4227 2752 4300 tangit,
2803 4229 2941 4299 quia
2972 4230 3431 4301 damnationem,
3467 4251 3645 4305 quam

1996 4317 2194 4386 habet,
2226 4317 2324 4372 dat
2354 4333 2456 4387 per
2486 4333 2723 4389 pravam
2773 4334 2892 4373 suae
2926 4336 3136 4376 manus
3185 4321 3642 4392 impositionem.

1997 4407 2111 4462 Nec
2142 4405 2297 4462 enim
2330 4407 2431 4478 qui
2460 4407 2737 4462 honorem
2788 4425 2904 4463 non
2950 4409 3142 4475 habet,
3184 4409 3465 4466 honorem
3509 4411 3645 4466 dare

213 4502 417 4560 tionis
448 4516 645 4556 rerum
664 4503 768 4556 aut
796 4497 1304 4571 patrimoniorum,
1325 4512 1428 4552 nec
1456 4494 1766 4550 accusandi
1799 4509 1888 4548 ca-
1916 4517 1965 4582 D
1999 4500 2208 4568 potest.
2261 4496 2331 4549 Et
2377 4495 2475 4550 ubi
2519 4495 2664 4550 nihil
2707 4499 2796 4551 est
2833 4495 2893 4549 in
2952 4497 3145 4563 dante,
3199 4497 3342 4552 nihil
3373 4502 3460 4553 est
3488 4500 3644 4569 quod

212 4592 511 4658 tholicos,
543 4587 631 4644 vel
661 4585 1014 4643 testiﬁcandi
1057 4590 1260 4641 contra
1289 4602 1387 4640 eos
1419 4583 1716 4639 licentiam
1747 4598 1886 4638 con-

210 4681 385 4750 cedi,
403 4694 658 4751 quorum
681 4675 858 4732 etiam
880 4674 1210 4730 cmmeteria
1230 4673 1434 4730 orandi
1457 4670 1886 4739 causaintrare,

209 4771 314 4826 vel
351 4766 642 4840 eulogias,
688 4765 776 4820 vel
809 4763 1066 4820 feriatica
1096 4763 1376 4834 accipere,
1418 4760 1656 4817 omnino
1685 4763 1890 4815 vetan-

208 4866 325 4916 tur
383 4854 680 4913 catholici.
720 4853 884 4910 Unde
929 4869 1100 4908 nemo
1150 4851 1396 4924 ambigit
1444 4849 1746 4905 hazreticos
1790 4865 1891 4920 per

212 4947 443 5005 omnia
491 4961 525 5000 a
569 4941 870 4998 catholicis
929 4941 1345 5014 repudiandos,
1397 4939 1550 4994 sicut
1589 4941 1691 4994 aut
1738 4940 1892 4992 certe

211 5036 562 5110 plusquam
591 5032 824 5088 Judzeos
855 5030 940 5087 vel
974 5046 1254 5103 paganos,
1278 5029 1417 5101 quia
1447 5028 1508 5083 in
1539 5027 1670 5083 istis
1701 5026 1892 5083 adhuc

215 5130 326 5182 est
368 5139 511 5196 spes
560 5121 716 5190 ﬁdei,
749 5125 813 5176 ut
859 5137 1038 5193 supra
1067 5119 1288 5175 dictum
1336 5122 1462 5186 est;
1505 5117 1566 5173 in
1610 5116 1725 5173 illis
1764 5117 1892 5188 jam

213 5229 459 5290 pugnae
491 5212 562 5267 de
593 5211 906 5268 discordia.

861 5298 1095 5356 CAPUT
1151 5298 1269 5354 ΧΙΙ.

298 5392 429 5450 Sed
461 5389 638 5445 etiam
687 5406 843 5446 nunc
875 5389 1249 5445 attendamus
1287 5387 1426 5459 quid
1460 5384 1649 5442 sancti
1697 5385 1896 5442 Patres

1997 4588 2179 4656 possit
2229 4583 2385 4655 quis,
2434 4584 2664 4639 etiamsi
2714 4584 3068 4639 omnimodis
3101 4585 3319 4656 cupiat,
3353 4587 3636 4658 accipere.

1997 4675 2196 4745 Itaque
2226 4672 2438 4744 accipit
2469 4673 2927 4738 damnationem,
2962 4689 3138 4743 quam
3179 4673 3353 4730 habet
3389 4674 3489 4730 ille
3547 4676 3647 4748 qui

1998 4761 2110 4816 sibi
2143 4761 2280 4816 facit
2308 4777 2566 4834 pravam,
2600 4765 2656 4816 et
2686 4777 2800 4816 non
2831 4765 3050 4815 rectam
3074 4777 3284 4818 manus
3319 4764 3645 4836 impositio-

2000 4867 2154 4905 nem.
2186 4849 2537 4920 Hujusmodi
2568 4864 2703 4920 ergo
2735 4848 3062 4917 ordinatus,
3094 4855 3156 4904 ut
3187 4856 3449 4923 putatur,
3483 4854 3648 4909 dam-

2001 4943 2157 5004 nato,
2187 4939 2246 4992 id
2287 4942 2394 5004 est,
2428 4937 2696 4992 haeretico
2746 4938 3038 5010 particeps
3072 4939 3262 4997 factus
3295 4959 3362 4998 ex
3414 4942 3515 4998 illa
3543 4960 3650 4999 sua

2001 5027 2385 5093 ordinatione,
2418 5025 2889 5096 irrecuperabilis
2922 5030 3034 5094 est,
3061 5028 3118 5082 in
3152 5029 3371 5085 honore
3397 5031 3653 5086 decerni-

2003 5121 2100 5172 tur
2120 5133 2154 5172 a
2171 5120 2332 5172 tanto
2356 5114 2647 5187 pontiﬁce.
2673 5116 2881 5170 Censet
2901 5115 3054 5170 enim
3081 5117 3207 5188 ejus
3224 5118 3464 5184 vulneri,
3496 5119 3648 5189 quod

2003 5206 2205 5276 utique
2237 5203 2410 5276 capiti
2440 5201 2600 5258 illius
2649 5202 2895 5256 inﬁxum
2937 5208 3045 5271 est,
3094 5205 3482 5262 necessariam
3523 5221 3651 5261 esse

2004 5293 2355 5368 poenitentia:
2389 5291 2762 5348 medicinam.

2076 5385 2260 5448 Quam
2281 5381 2509 5437 etiamsi
2535 5380 2754 5436 sanitas
2776 5384 3072 5452 sequatur,
3099 5380 3334 5437 cicatrix
3355 5384 3549 5439 tamen
3579 5399 3648 5441 ex

295 5497 427 5582 (εδ)
452 5496 592 5582 ‘Haec
610 5496 885 5582 _F_‘abiani,
918 5496 1004 5553 uti
1034 5499 1089 5553 et
1119 5495 1509 5582 praecedentes
1541 5493 1772 5553 Eusebii
1813 5510 1879 5554 ac
1905 5493 2220 5570 sequentes
2249 5488 2510 5567 Dionysii
2541 5491 2596 5547 et
2620 5488 2746 5547 Gaii
2770 5506 2933 5565 papae
2967 5486 3222 5565 epistola:
3245 5493 3385 5551 sunt
3414 5490 3651 5567 spuriaa,

211 5567 316 5642 ab'
342 5567 578 5634 Isidoro
610 5568 926 5632 Mercatore
973 5567 1309 5645 suppositae.
