4106 6178
445 297 605 363 1031

1448 288 1952 358 'HUMBERTUS
2000 297 2066 357 S.
2113 293 2191 357 Β.
2237 296 2306 356 E.
2355 283 2848 357 CARDINALIS.

3698 284 3847 354 1082

443 434 564 490 toto
586 431 713 503 jam
743 446 861 486 non
894 425 1333 495 exterminatur,
1365 427 1506 499 quia
1535 431 1668 500 post
1690 426 2096 501 penitentiam
2123 428 2180 496 Α
2209 431 2412 482 contra
2432 426 2534 483 Dei
2564 424 2882 481 Ecclesiam
2903 415 3194 480 diabolica
3215 414 3575 496 plantatione
3591 423 3847 495 suscepit

445 537 617 578 nemo
650 521 717 576 ad
753 517 1215 575 ecclesiasticum
1247 521 1336 573 est
1356 516 1759 572 admittendus
1790 516 2094 573 honorem.

442 609 634 666 Claret
661 623 798 680 ergo
844 606 1155 680 dupliciter
1201 622 1300 662 eos
1328 603 1530 677 repelli
1561 605 1663 676 qui
1703 605 1776 660 ab
1808 604 2095 661 haereticis

441 694 1161 769 comprobanturordiuati
1183 694 1403 749 scilicet
1425 693 1563 766 quia
1585 693 1720 748 facti
1738 697 1877 749 sunt
1891 709 2094 749 eorum

444 784 782 858 participes,
841 787 898 838 et
955 782 1097 853 quia
1127 783 1496 854 pmnitentes.
1540 781 1702 837 Unde
1733 782 2098 854 perpendant

439 877 724 945 quautam
769 871 1000 926 ruinam
1049 870 1426 939 incurrerint,
1484 868 1700 941 quibus
1739 870 1916 926 etiam
1965 869 2097 942 ipsa

437 960 752 1026 medicina,
785 960 843 1014 id
875 962 966 1014 est
997 959 1361 1031 poenitentia,
1397 975 1469 1014 ne
1500 958 1572 1013 ad
1597 958 1882 1014 honorem
1913 957 2096 1014 eccle-

436 1048 742 1106 siasticum
766 1046 1026 1118 aspirare
1055 1047 1307 1102 debeant
1337 1046 1590 1103 obsistit.
1635 1047 1747 1103 Sed
1779 1063 1873 1113 ne,
1906 1064 2092 1102 aucu-

437 1141 652 1210 pantes
679 1137 855 1192 verba
871 1139 1102 1190 tantum
1124 1140 1180 1190 et
1197 1134 1556 1207 negligentes
1578 1150 1771 1201 sensa,
1795 1138 2003 1206 putent
2031 1150 2096 1191 se

439 1225 665 1298 aliquid
698 1229 915 1291 tenere,
941 1224 1000 1278 in
1022 1241 1088 1279 eo
1101 1225 1256 1295 quod
1272 1224 1328 1278 in
1345 1223 1583 1295 prefato
1609 1222 1866 1294 capitulo
1882 1223 2096 1296 legitur

437 1331 573 1370 eum
607 1315 704 1385 qui
736 1314 1017 1368 honorem
1043 1312 1245 1366 amisit
1274 1312 1556 1368 honorem
1581 1312 1722 1367 dare
1755 1329 1870 1368 non
1895 1328 2091 1386 posse,

435 1407 492 1456 et
522 1403 622 1473 qui
658 1402 948 1472 particeps
979 1401 1166 1454 factus
1194 1404 1283 1454 est
1312 1400 1612 1469 damnato,
1666 1401 1836 1471 quasi
1869 1401 2094 1456 dictum

439 1490 514 1544 sit
545 1490 616 1543 de
651 1488 749 1543 illo
798 1487 897 1559 qui
924 1487 1220 1558 quondam
1254 1487 1534 1542 honorem
1567 1487 1775 1543 habuit
1802 1493 1861 1544 et
1891 1493 2094 1560 postea

439 1576 724 1642 amiserit,
751 1575 842 1630 vel
874 1575 975 1647 qui
1001 1575 1299 1647 quondam
1326 1575 1674 1648 regulariter
1698 1576 2004 1632 ordinatus
2033 1580 2094 1632 ot

438 1669 642 1738 postea
673 1664 987 1720 damnatus
1003 1664 1207 1734 ruerit,
1229 1669 1552 1736 agnoscant
1573 1681 1688 1720 non
1711 1664 1795 1721 sic
1809 1665 2093 1737 accipien-

438 1755 580 1810 dum
611 1769 680 1809 ex
709 1752 839 1808 aliis
869 1753 1082 1808 divinis
1107 1752 1458 1824 Scripturis;
1495 1754 1594 1809 sed
1614 1752 1756 1824 quia
1775 1753 1973 1810 amisit
1987 1754 2088 1809 ubi

439 1842 769 1897 inordinate
799 1841 1080 1895 honorem
1104 1841 1368 1912 accipere
1397 1840 1683 1912 quesivit,
1706 1841 2090 1912 ibiquedam-

440 1933 612 1985 natus
652 1929 893 1994 exstitit,
915 1928 1013 1983 ubi
1044 1928 1356 1984 hereticus
1375 1928 1498 1983 ﬁeri
1523 1945 1638 1983 non
1669 1928 1884 1983 timuit.
1920 1928 2094 1984 Velut

438 2017 773 2090 accipiendo
825 2017 980 2072 enim
1031 2017 1248 2085 amisit,
1277 2021 1380 2072 aut
1423 2023 1577 2073 certe
1603 2017 1917 2073 damnatus
1951 2017 2088 2087 fuit,

439 2107 578 2179 quia
607 2123 679 2162 ne
709 2106 984 2178 deinceps
1015 2105 1295 2160 honorem
1333 2104 1793 2160 ecclesiasticum
1823 2104 2086 2176 accipere

438 2196 627 2268 possit
659 2193 996 2266 promeruit,
1048 2194 1376 2248 secundum
1409 2194 1561 2266 quod
1597 2193 1911 2250 Psalmista
1963 2193 2042 2249 ait
2075 2210 2088 2249 :

441 2305 469 2332 ‹‹
502 2283 907 2353 Dejecistieos,
933 2282 1074 2335 dum
1107 2280 1499 2336 allevarentur
1521 2283 1693 2352 (Ρετιι.
1725 2299 1896 2350 Lxxn,
1923 2283 2032 2352 18).
2059 2300 2092 2334 ‹‹

440 2370 566 2424 Non
598 2370 754 2424 enim
788 2369 869 2423 ait
897 2368 1157 2439 dejecisti
1190 2385 1290 2424 eos
1329 2374 1640 2442 postquam
1685 2369 1889 2426 elevati
1929 2373 2093 2438 sunt,

446 2458 547 2512 sed
583 2473 716 2512 cum
747 2455 1130 2511 elevarentur.

1043 2545 1274 2600 CAPUT
1328 2545 1472 2600 XIII.

513 2635 721 2689 Beatus
753 2649 985 2706 quoque
1012 2633 1325 2705 Gregorius
1362 2633 1421 2687 in
1455 2633 1774 2688 Moralibus
1813 2635 1883 2689 de
1935 2639 2090 2690 stru-

438 2721 660 2788 thione,
677 2723 833 2795 quod
870 2721 1128 2794 privasse
1140 2739 1265 2777 eam
1283 2722 1437 2778 Deus
1449 2723 1756 2794 sapientia,
1771 2740 1874 2779 nec
1896 2723 2089 2779 dedis-

440 2818 528 2868 set
560 2811 641 2867 illi
674 2811 1144 2883 intelligentiam,
1177 2810 1422 2882 loquens
1442 2811 1524 2866 ait
1547 2829 1604 2866 :«
1631 2813 1906 2877 Quamvis
1928 2811 2084 2867 aliud

439 2903 516 2957 sit
549 2901 794 2974 privare,
819 2900 981 2956 aliud
1018 2917 1132 2955 non
1153 2900 1310 2966 dare,
1347 2899 1454 2954 hoc
1471 2903 1666 2954 tamen
1690 2901 1918 2972 repetiit
1947 2902 2086 2955 sub-

439 2991 629 3046 dendo
663 3006 775 3044 non
807 2989 984 3057 dedit,
1019 2989 1172 3060 quod
1201 2987 1499 3059 premisit,
1535 2988 1794 3060 privavit.
1815 2991 1886 3043 Ac
1918 2989 1966 3041 si
1997 2989 2086 3043 di-

2203 519 2261 572 et
2289 515 2349 570 in
2371 515 2499 588 ipso
2529 517 2660 571 ortu
2692 529 2799 569 suo
2830 511 2950 568 zelo
2966 511 3294 584 apostolicis
3315 511 3559 568 ultionis
3577 527 3850 584 percussa

2204 608 2380 677 atque
2401 605 2679 660 damnata
2699 604 2808 668 est,
2831 601 2893 656 in
2915 601 3080 673 regni
3100 601 3279 657 vestri
3304 600 3522 656 finibus
3543 600 3847 658 dominan'.

2204 693 2350 749 Cum
2383 693 2443 748 in
2475 691 2876 749 sacerdotibus
2902 690 3048 746 fides
3078 689 3158 745 sit
3177 689 3446 762 eligenda
3465 705 3599 746 cum
3627 689 3767 759 vita,
3794 691 3844 746 si

2201 782 2322 838 vita
2354 782 2536 850 deest,
2570 781 2716 836 fides
2746 778 3024 835 meritum
3053 795 3170 834 nan
3210 778 3404 847 habet,
3435 778 3606 835 beato
3633 778 3845 836 Jacobo

2202 873 2535 936 attestante,
2569 868 2669 942 qui
2701 868 2827 925 ait:
2869 867 3028 924 Fides
3065 869 3186 924 sine
3224 868 3482 940 operibus
3528 873 3750 924 mortua
3775 873 3852 925 est

2203 958 2337 1030 (Jac.
2364 975 2428 1024 ιι,
2457 957 2571 1029 20).
2602 957 2738 1022 Que
2767 955 2924 1013 enim
2965 972 3140 1029 opera
3168 971 3298 1013 esse
3325 955 3555 1013 valeant
3580 958 3848 1014 sacerdo-

2201 1047 2277 1102 tis
2308 1046 2409 1117 qui
2441 1045 2723 1101 honorem
2749 1045 2897 1100 tanti
2924 1044 3276 1101 sacramenti
3309 1043 3673 1100 convincitur
3699 1044 3846 1101 obti-

2203 1149 2340 1190 nere
2365 1149 2469 1206 per
2496 1134 2803 1206 premium
2821 1133 2848 1187 ‘?
2864 1134 2944 1188 Ex
2965 1149 3082 1205 qua
3101 1148 3163 1190 re
3195 1131 3389 1205 agitur
3403 1136 3468 1188 ut
3483 1132 3596 1204 ipsi
3616 1149 3848 1206 quoque

2203 1221 2304 1294 qui
2336 1238 2534 1278 saeros
2564 1221 2796 1278 ordines
2823 1225 3127 1294 appetunt,
3173 1237 3290 1277 non
3329 1221 3510 1276 vitam
3540 1221 3846 1294 corrigere,

2201 1327 2318 1366 non
2341 1326 2538 1368 mores
2565 1325 2914 1382 componere
2933 1312 3229 1379 studeant,
3253 1310 3355 1366 sed
3386 1309 3617 1366 divitias
3633 1310 3846 1382 quibus

2203 1398 2394 1454 honor
2423 1414 2588 1455 sacer
2616 1399 2833 1454 emitur
2859 1413 3233 1471 congregare.
3267 1397 3412 1453 Hinc
3444 1398 3511 1453 fit
3537 1399 3712 1455 etiam
3759 1398 3848 1454 in-

2203 1493 2404 1545 sontes
2435 1493 2492 1544 et
2522 1505 2805 1561 pauperes
2826 1505 2860 1544 a
2879 1487 3063 1544 sacris
3091 1487 3397 1544 ordinibus
3415 1487 3692 1560 prohibiti
3712 1488 3846 1545 deo-

2201 1577 2464 1649 pectique
2495 1576 2778 1634 resilient.
2804 1577 2890 1646 Et,
2915 1577 3057 1633 dum
3079 1575 3417 1632 innocentia
3435 1576 3706 1648 pauperis
3727 1577 3846 1632 dis-

2201 1666 2396 1739 plicet,
2430 1666 2678 1722 dubium
2710 1683 2825 1722 non
2857 1669 2945 1722 est
2974 1667 3129 1738 quod
3152 1664 3460 1736 premium
3488 1665 3607 1721 illic
3636 1665 3849 1722 delicta

2200 1756 2590 1824 commendet,
2611 1755 2885 1828 quia,ubi
2907 1770 3119 1810 aurum
3141 1753 3349 1827 placet,
3375 1758 3433 1810 et
3450 1753 3673 1809 vitium.
3700 1753 3846 1810 Hinc

2200 1844 2380 1917 igitur
2409 1861 2526 1899 non
2551 1843 2741 1900 solum
2764 1844 2820 1898 in
2845 1843 3204 1900 ordinatoris
3227 1847 3285 1898 et
3306 1842 3555 1899 ordinati
3583 1842 3847 1898 animam

2199 1932 2412 1988 lethale
2441 1932 2656 1988 vulnus
2697 1931 2982 2003 infigitur,
3032 1945 3236 1988 verum
3281 1930 3455 1986 etiam
3498 1929 3842 2000 excellentia

2199 2025 2399 2076 vestre
2431 2036 2680 2093 regnum
2711 2019 3120 2092 episcoporum
3153 2018 3349 2091 culpa,
3379 2033 3610 2090 quorum
3640 2017 3841 2090 magis

2199 2108 2721 2166 intercessionibus
2743 2107 2936 2180 juvari
2977 2107 3280 2175 debuerat,
3323 2108 3729 2180 pregravatur.
3779 2105 3847 2162 Si

2199 2198 2357 2253 enim
2390 2198 2440 2253 is
2470 2199 2685 2270 dignus
2717 2195 3039 2252 sacerdotio
3065 2196 3324 2252 creditur
3343 2194 3436 2250 cui
3458 2195 3847 2266 nongactionis

2201 2287 2429 2354 merita,
2452 2287 2554 2342 sed
2581 2285 2958 2358 premiorum
2981 2283 3148 2356 copia
3169 2285 3543 2356 suffragatur,
3573 2288 3757 2340 restat
3781 2286 3850 2340 ut

2201 2376 2348 2432 nihil
2379 2376 2492 2432 sibi
2524 2376 2582 2430 in
2615 2376 2832 2430 honore
2847 2373 3239 2430 ecclesiastico
3263 2373 3537 2445 gravitas,
3569 2371 3717 2428 nihil
3750 2374 3850 2430 de-

2201 2465 2404 2521 fendat
2433 2463 2742 2532 industria,
2759 2462 2859 2518 sed
2891 2465 3051 2517 totus
3081 2460 3210 2516 auri
3241 2461 3520 2533 profanus
3550 2477 3714 2517 amor
3747 2462 3848 2518 ob-

2197 2554 2400 2609 tineat.
2449 2554 2542 2619 Et,
2575 2552 2716 2606 dum
2763 2549 2904 2606 vitia
2933 2549 3120 2604 honor
3154 2554 3511 2617 remunerat,
3542 2549 3602 2604 in
3649 2549 3847 2606 locum

2199 2641 2470 2698 ultorisis
2489 2658 2587 2713 qui
2609 2641 2855 2695 fortasse
2877 2639 3062 2694 fuerat
3102 2637 3476 2694 ulciscendus
3509 2638 3847 2706 adducitur,

2199 2729 2534 2802 atque‘hiuc
2567 2728 2897 2784 sacerdotes
2920 2743 3036 2781 non
3059 2726 3359 2798 proficere,
3383 2725 3484 2782 sed
3518 2725 3720 2798 preire
3754 2744 3850 2800 po-

2194 2820 2314 2874 tius
2333 2817 2685 2874 indicantur.
2707 2815 3023 2874 Vulnerato
3046 2831 3301 2886 namque
3323 2819 3578 2886 pastore,
3597 2815 3732 2888 quis
3749 2833 3845 2873 cu-

2198 2907 2398 2963 randis
2420 2906 2626 2961 ovibus
2648 2903 2924 2960 adhibeat
2947 2903 3295 2958 medicinam
3315 2903 3344 2957 ‘?
3365 2907 3468 2958 aut
3489 2905 3728 2975 quando
3752 2922 3848 2978 po-

2196 2995 2401 3069 pulum
2433 2993 2715 3049 orationis
2745 2991 2943 3064 clypeo
2974 2995 3228 3060 tueatur,
3260 2991 3359 3063 qui
3375 2991 3596 3062 jaculis
3614 3009 3678 3048 se
3708 2993 3850 3050 hos-

439 3082 616 3145 ceret,
659 3079 810 3150 quod
845 3077 984 3144 dixi,
1021 3077 1287 3148 privavit,
1321 3093 1435 3131 non
1468 3077 1685 3146 injuste
1737 3076 2086 3148 sapientiam
2192 3086 2341 3140 tium
2360 3083 2684 3139 feriendum
2705 3079 2979 3152 exponit?
3001 3084 3104 3135 aut
3126 3079 3368 3152 qualem
3390 3080 3463 3134 de
3494 3097 3559 3136 se
3588 3081 3850 3139 fructum,

437 3167 700 3234 abstulit,
731 3167 831 3223 sed
846 3167 1009 3238 juste
1031 3183 1146 3221 non
1167 3165 1347 3220 dedit.
1375 3166 1535 3221 Unde
1565 3170 1622 3221 et
1639 3166 1956 3221 Pharaonis
1986 3183 2086 3221 cor
2114 3153 2156 3219 C
2194 3174 2590 3246 producturus
2607 3169 2892 3240 est,cujus
2909 3168 3069 3241 pravi
3104 3173 3263 3241 peste
3297 3169 3463 3224 radix
3489 3169 3706 3226 infesta
3734 3170 3850 3227 est?

435 3256 719 3313 Dominus
749 3256 1069 3311 obdurasse
1095 3254 1463 3320 describitur,
1491 3271 1601 3309 non
1636 3256 1789 3326 quod
1821 3256 1945 3326 ipse
1975 3255 2082 3309 du-

436 3344 629 3400 ritiam
661 3343 927 3408 contulit,
943 3344 1044 3398 sed
1067 3343 1624 3414 quod,exigentibus
1646 3344 1890 3410 meritis,
1924 3343 2085 3398 nulla

435 3430 583 3486 illud
615 3431 865 3501 desuper
889 3430 1065 3484 infusi
1086 3431 1315 3486 timoris
1337 3430 1726 3487 sensibilitate
1757 3431 2020 3488 mollivit.
2053 3452 2081 3480 »

436 3518 600 3585 Hinc,
635 3517 900 3588 exipsius
919 3517 1257 3588 B.Gregorii
1285 3517 1479 3581 dictis,
1512 3520 1852 3573 ostendatur
1881 3523 2080 3575 utrum

434 3606 806 3662 Simoniacus
845 3605 922 3660 sit
948 3605 1254 3660 habendus
1285 3611 1386 3660 aut
1414 3607 1700 3661 dicendus
1750 3606 2077 3663 hereticus.

504 3697 589 3750 Ex
613 3694 848 3766 epistola.
893 3695 1011 3764 ejus
1040 3693 1111 3748 ad
1141 3693 1586 3760 Brunichildam,
1631 3695 1883 3764 reginam
1911 3697 2082 3750 Fran-

433 3801 642 3841 corum.
678 3807 705 3833 «
732 3782 846 3838 Nec
864 3781 1007 3838 illud
1023 3782 1410 3854 preterimus,
1439 3782 1538 3837 sed
1561 3781 1800 3838 omnino
1821 3799 2081 3840 exsecra-

439 3873 625 3928 bileet
642 3889 770 3928 esse
789 3871 1205 3944 gravissimum
1229 3871 1610 3940 detestamur,
1639 3887 1705 3926 eo
1729 3871 1886 3942 quod
1934 3872 2083 3928 sacri

441 3960 565 4015 illic
599 3960 835 4016 ordines
861 3975 964 4030 per
992 3960 1380 4015 Simoniacam
1414 3958 1701 4027 heresim,
1735 3977 1861 4031 que
1893 3961 2083 4032 prima

435 4053 637 4104 contra
650 4047 964 4102 Ecclesiam
989 4053 1113 4103 orta
1127 4054 1184 4104 et
1206 4049 1468 4104 districta
1484 4048 1888 4104 maledictione
1917 4051 2084 4106 dam-

434 4141 572 4192 nata
603 4140 711 4200 est,
740 4135 1132 4190 conferantur.
1166 4137 1313 4190 Hinc
1342 4153 1478 4209 ergo
1501 4137 1694 4210 agitur
1725 4141 1790 4192 ut
1820 4140 2083 4196 sacerdo-

433 4224 508 4280 tis
537 4223 790 4294 dignitas
822 4224 880 4278 in
905 4224 1202 4296 despectu,
1236 4229 1294 4280 et
1309 4229 1547 4281 sanctus
1578 4226 1653 4281 sit
1673 4226 1933 4282 honorin
1965 4228 2082 4283 cri-

435 4313 615 4368 mine.
648 4312 796 4368 Perit
825 4313 1030 4384 utique
1070 4314 1406 4382 reverentia,
1441 4315 1720 4370 adimitur
1748 4315 2078 4388 disciplina,

434 4401 685 4474 quiaqui
719 4401 922 4473 culpas
943 4402 1147 4457 debuit
1166 4402 1476 4457 emendare
1497 4403 1830 4469 committit,
1849 4409 1905 4459 et
1928 4405 2083 4460 nefa-

432 4491 520 4546 ria
531 4489 854 4546 ambitione
868 4489 1229 4546 honorabilis
1242 4490 1561 4546 sacerdotis
1574 4491 1808 4546 ducitur
1823 4492 1880 4546 in
1896 4493 2078 4564 depra

430 4580 663 4636 vatione
695 4596 964 4636 censura.
999 4580 1144 4635 Nam
1177 4578 1310 4650 quis
1341 4579 1531 4634 denuo
1569 4585 1877 4636 veneretur
1922 4583 2077 4654 quod

431 4669 706 4724 venditur
724 4669 752 4723 ‘I
784 4672 886 4723 aut
907 4668 1040 4740 quis
1063 4685 1177 4724 non
1204 4666 1315 4723 vile
1345 4671 1510 4739 putet
1531 4667 1686 4739 quod
1717 4667 1894 4723 emit?
1919 4669 2083 4726 Unde

430 4756 600 4812 valde
630 4757 960 4822 contristor,
992 4761 1050 4813 et
1065 4762 1228 4813 terre
1260 4755 1420 4812 illius
1441 4756 1739 4824 condoleo,
1772 4757 1910 4828 quia
1941 4759 2082 4815 dum

430 4845 714 4915 Spiritum
748 4849 1039 4914 sanctum,
1073 4861 1248 4917 quem
1273 4861 1374 4917 per
1405 4861 1616 4900 manus
1646 4844 2081 4916 impositionem

433 4933 804 5005 omnipotens
821 4939 969 4988 Deus
992 4933 1332 4990 hominibus
1351 4933 1551 5006 largiri
1582 4933 2080 5005 dignatur,divino

433 5038 677 5078 munere
696 5021 1374 5094 haberedespiciunt,sed
1387 5021 1646 5094 premiis
1665 5027 2082 5095 assequuntur,

433 5110 824 5168 sacerdotium
846 5110 985 5166 illuc
1018 5111 1336 5167 subsistere
1367 5110 1466 5166 diu
1498 5127 1615 5167 non
1643 5111 1910 5168 arbitror.
1935 5113 2080 5170 Nam

430 5199 531 5256 ubi
589 5199 744 5256 dona
783 5216 1048 5273 superne
1092 5199 1288 5272 gratie
1336 5199 1562 5256 venalia
1589 5200 1957 5271 judicantur,
2006 5204 2080 5259 ad

433 5289 536 5345 Dei
574 5288 876 5345 servitium
908 5305 1024 5343 non
1046 5288 1162 5343 vita
1193 5288 1491 5359 queritur,
1525 5289 1627 5344 sed
1661 5289 1850 5362 magis
1881 5295 2082 5348 contra

433 5382 619 5432 Deum
648 5377 908 5449 pecunie
939 5380 1306 5434 venerantur.
1337 5395 1365 5428 ι

504 5467 638 5523 Item
696 5466 1014 5524 Theodorico
1059 5475 1109 5522 et
1154 5465 1536 5533 Theudeberto,
1583 5467 1803 5539 regibus
1847 5474 2083 5530 Franco-

433 5570 579 5617 rum.
637 5576 666 5608 α
720 5555 921 5616 Fertur
979 5555 1311 5616 Simoniaca
1358 5554 1618 5629 heresis,
1693 5571 1819 5634 que
1889 5561 2081 5639 prima

2191 3262 2377 3332 Major
2405 3277 2540 3333 ergo
2571 3258 2887 3315 metuenda
2922 3262 3010 3314 est
3039 3256 3183 3313 locis
3215 3255 3332 3312 illis
3363 3257 3482 3313 fore
3513 3258 3848 3326 calamitas,

2191 3351 2291 3404 ubi
2316 3349 2463 3404 tales
2494 3349 2910 3404 intercessores
2955 3346 3332 3402 adducuntur
3361 3346 3433 3402 ad
3470 3345 3670 3403 locum
3701 3349 3848 3422 regi-

2191 3437 2389 3502 minis,
2439 3436 2540 3508 qui
2571 3435 2667 3490 Dei
2714 3435 2771 3490 in
2803 3451 2867 3490 se
2897 3435 3087 3507 magis
3125 3434 3492 3491 iracundiam
3527 3440 3846 3508 provocent

2191 3543 2370 3598 quam
2401 3541 2504 3597 per
2533 3525 2882 3596 semetipsos
2912 3523 3146 3597 populis
3176 3523 3407 3596 placare
3438 3525 3784 3582 debuerant.
3817 3547 3847 3575 ιι

2261 3618 2418 3681 Item,
2452 3613 2595 3669 idem
2606 3614 2822 3684 Siagrio
2845 3615 3089 3685 episcopo
3104 3613 3588 3683 Augustodunensi.
3624 3635 3654 3663 α
3678 3613 3727 3668 Ν
3733 3631 3768 3668 u
3779 3631 3847 3668 n-

2189 3704 2267 3759 tio
2295 3702 2450 3774 apud
2484 3719 2590 3757 nos
2631 3701 2772 3758 olim
2803 3701 3166 3757 discurrente
3195 3701 3503 3774 vulgatum
3535 3706 3625 3758 est
3653 3703 3842 3774 quod,

2188 3792 2248 3848 in
2279 3791 2605 3847 Galliarum
2637 3790 2928 3863 partibus,
2975 3789 3127 3846 sacri
3152 3789 3388 3846 ordines
3417 3807 3520 3863 per
3549 3791 3846 3848 Simonia-

2189 3897 2318 3937 cam
2373 3879 2643 3936 heresim
2725 3878 3120 3948 conferantur,
3173 3881 3229 3934 et
3283 3879 3614 3935 vehementi
3675 3880 3849 3937 tedio

2192 3969 2453 4025 meroris
2485 3968 2780 4024 efﬁcimur
2809 3967 2859 4023 si
2886 3967 2944 4021 in
2967 3967 3377 4024 ecclesiasticis
3398 3967 3607 4024 ofﬁciis
3638 3985 3848 4040 quem-

2191 4075 2368 4132 quam
2399 4057 2612 4113 habeat
2639 4056 2833 4112 locum
2879 4056 3148 4128 pecunia,
3196 4057 3349 4112 etﬁt
3378 4055 3660 4113 seculare
3690 4058 3846 4130 quod

2189 4163 2422 4203 sacrum
2445 4149 2552 4202 est.
2576 4145 2920 4216 Quicunque
2940 4161 3076 4217 ergo
3090 4145 3199 4201 hoc
3217 4145 3850 4217 pretiistudetdatioue

2190 4237 2504 4308 percipere,
2539 4235 2812 4290 sacerdos
2843 4250 2956 4289 non
2988 4250 3138 4300 esse,
3161 4233 3262 4289 sed
3287 4233 3403 4289 dici
3432 4233 3848 4290 tantummodo

2189 4324 2442 4380 inaniter
2462 4322 2842 4394 concupiscit.
2870 4321 3019 4387 Quid
3037 4321 3260 4378 scilicet
3277 4326 3300 4379 Ρ
3320 4321 3453 4394 quis
3466 4338 3573 4394 per
3589 4321 3704 4378 hoc
3724 4321 3848 4395 agi-

2188 4418 2308 4483 tur,
2341 4411 2455 4468 nisi
2486 4415 2551 4466 ut
2579 4409 2742 4466 nulla
2762 4410 2833 4466 de
2854 4413 2987 4465 actu
3010 4409 3295 4482 probatio,
3319 4411 3483 4466 nulla
3503 4409 3846 4467 sollicitudo

2111 4517 2157 4582 ι)
2188 4502 2258 4556 de
2284 4499 2569 4567 moribus,
2599 4498 2762 4555 nulla
2790 4499 2856 4554 fit
2885 4499 2957 4555 de
2988 4499 3105 4555 vita
3134 4499 3446 4565 diseussio,
3485 4501 3590 4556 sed
3623 4500 3726 4557 ille
3755 4516 3848 4556 so-

2187 4589 2491 4645 lummodo
2521 4587 2738 4660 dignus
2769 4588 2870 4660 qui
2903 4588 3040 4644 dare
3070 4587 3321 4660 pretium
3367 4587 3668 4646 suffecerit
3696 4589 3848 4647 esti-

2193 4678 2424 4734 metur‘?
2453 4677 2535 4732 Ex
2564 4693 2681 4749 qua
2707 4694 2768 4732 re
2800 4677 2849 4732 si
2880 4676 3018 4732 recti
3050 4675 3380 4732 libraminis
3411 4678 3849 4735 examinatione

2193 4770 2489 4839 pensatur,
2522 4765 2664 4820 dum
2697 4764 2960 4836 improbe
2990 4765 3060 4820 ad
3097 4765 3332 4821 inanem
3365 4765 3619 4838 gratiam
3651 4767 3847 4823 locum

2193 4855 2429 4912 festinat
2447 4852 2801 4910 humilitatis
2817 4853 3093 4925 arripere,
3111 4853 3315 4926 eoipso
3332 4855 3524 4927 magis
3546 4856 3650 4927 qui
3674 4856 3849 4912 honos

2191 4961 2313 5001 rem
2345 4941 2552 5015 querit
2572 4941 2850 5014 indignus
2872 4945 2978 4998 est.
2997 4941 3159 4998 Sicut
3173 4948 3368 4999 autem
3385 4942 3500 5011 his,
3518 4943 3624 5015 qui
3638 4944 3844 5000 invita.

2190 5037 2286 5089 tus
2311 5031 2523 5101 renuit,
2550 5030 2833 5103 quesitus
2855 5030 3090 5104 refugit,
3116 5031 3299 5087 sacris
3323 5035 3415 5088 est
3438 5031 3732 5090 altaribus
3751 5032 3850 5088 ad-

2191 5122 2532 5186 movendus,
2565 5120 2650 5176 sic
2682 5118 2783 5191 qui
2814 5118 2965 5176 ultro
2997 5120 3200 5187 ambit,
3224 5119 3312 5176 vel
3344 5120 3753 5192 importunum
3783 5135 3847 5178 se

2190 5209 2423 5284 ingerit,
2456 5213 2546 5265 est
2574 5207 2776 5280 procul
2807 5207 2986 5264 dubio
3009 5207 3400 5281 repellendus.
3433 5208 3585 5265 Nam
3627 5211 3730 5282 qui
3759 5209 3846 5265 sio

2190 5299 2397 5355 nititur
2442 5297 2514 5353 ad
2564 5295 2770 5352 altiora
2817 5297 3224 5366 conscendere,
3266 5297 3407 5369 quid
3457 5297 3602 5370 agit,
3638 5298 3749 5354 nisi
3778 5300 3845 5353 ut

2189 5387 2498 5444 crescendo
2514 5385 2895 5454 decrescat,et
2909 5386 3276 5444 ascendendo
3291 5385 3574 5456 exterius,
3592 5385 3842 5443 inten'us

2187 5476 2250 5533 iu
2274 5475 2566 5550 profunda
2594 5474 2959 5532 descendat?
2995 5476 3216 5549 Itaque,
3253 5475 3431 5533 frater
3469 5474 3839 5541 charissima,

2187 5566 2248 5625 in
2297 5564 2701 5625 sacerdotibus
2752 5563 3094 5626 ordinandis
3142 5559 3843 5644 sinceritas'vigsdtﬂﬁ
