4106 6178
251 294 420 364 1033

864 301 1269 370 ADVERSUS
1315 299 1790 368 SIMONIACOS
1837 299 2314 368 LIBRIITRES.
2347 337 2422 350 —
2452 303 2684 368 LIBER
2731 305 3050 372 PRIMUS.

3505 309 3696 373 1034'

249 433 502 507 simplex
530 433 658 490 sine
676 437 985 494 venalitate
1016 455 1354 494 consensus.
1382 438 1533 493 Pura
1564 437 1902 508 prcheratur
1929 438 1984 502 Α
2014 437 2230 492 dicitur
2263 455 2315 492 :«
2343 438 2448 504 Qui
2481 440 2646 494 offert
2677 439 3030 495 sacrificium
3063 441 3135 495 de
3163 440 3494 498 substantia
3524 459 3664 514 pau-

250 520 477 589 electio,
499 525 568 578 ut
590 524 662 579 ad
685 539 979 582 summam
1012 526 1314 582 sacerdotii
1339 543 1452 581 non
1476 523 1751 596 suffragio
1772 541 1903 580 ven-

250 613 533 679 ditorum,
557 618 886 685 provectus,
914 616 1013 670 sed
1037 614 1136 671 Dei
1159 616 1429 671 credatur
1452 614 1676 686 judicio
1700 632 1712 670 :
1741 631 1900 681 nam,

245 701 388 774 quia
416 717 591 774 grave
616 703 856 759 omnino
887 704 1115 760 facinus
1136 707 1224 760 est
1244 703 1344 760 Dei
1367 705 1586 758 donum
1608 701 1696 757 vel
1717 702 1902 774 pretio

241 804 593 862 comparare
621 789 711 845 vel
740 792 1008 858 vendere,
1031 791 1362 866 evangelica
1393 795 1482 847 est
1508 790 1678 846 testis
1699 795 1902 846 aucto-

241 877 391 934 ritas
408 878 746 950 (Matthxxx,
764 879 848 950 12)
873 896 885 934 :
906 879 1219 952 Templum
1242 881 1398 936 enim
1421 880 1703 936 Dominus
1724 883 1780 934 et
1801 879 1902 934 Re-

240 966 516 1038 demptor
537 970 734 1023 noster
755 967 1057 1039 ingressus
1077 968 1388 1024 cathedras
1409 969 1788 1024 vendentium
1812 983 1901 1022 co-

238 1054 476 1111 lumbas
495 1055 871 1120 evertit.Quid
895 1056 1052 1112 aliud
1071 1061 1161 1114 est
1177 1057 1479 1113 columbas
1497 1056 1766 1123 vendere,
1786 1055 1901 1110 nisi

242 1143 504 1216 pretium
529 1144 600 1200 de
621 1160 835 1200 manus
856 1144 1230 1217 impositione
1253 1145 1535 1218 accipere,
1553 1149 1610 1200 et
1630 1148 1903 1200 sanctum

240 1232 734 1304 Spiritum,quem
758 1233 1130 1306 omnipotens
1146 1235 1301 1290 Deus
1318 1233 1659 1290 hominibus
1673 1231 1900 1300 tribuit,

235 1320 614 1376 venundare?
643 1321 900 1385 Quorum
951 1323 1351 1379 sacerdotium
1395 1327 1529 1377 ante
1569 1321 1669 1377 Dei
1699 1321 1900 1377 oculos

239 1409 465 1477 cadere,
493 1409 906 1466 cathedrarum
945 1412 1152 1483 utique
1192 1416 1463 1484 patenter
1495 1409 1788 1466 eversione
1824 1409 1900 1465 si-

239 1501 487 1570 gnatum
516 1501 626 1553 est.
652 1499 722 1553 Et
750 1502 946 1554 tamen
977 1499 1159 1556 exerit
1189 1499 1382 1554 adhuc
1410 1499 1679 1570 nequitiae
1711 1498 1900 1569 pravi-

235 1589 327 1641 tas
353 1585 509 1641 vires
539 1603 696 1642 suas.
729 1586 874 1641 Nam
925 1587 1078 1659 cogit
1107 1588 1359 1643 vendere
1392 1603 1541 1658 quos
1593 1585 1808 1658 decipit
1839 1589 1904 1640 ut

237 1678 529 1740 emerent;
561 1677 618 1728 et
649 1674 788 1728 dum
834 1691 949 1730 non
1000 1675 1250 1730 attendit
1306 1676 1462 1747 quod
1521 1674 1716 1730 divina
1764 1690 1900 1730 voce

237 1760 574 1832 praecipitur
597 1777 646 1815 ;‹‹
672 1761 866 1817 Gratis
889 1762 1218 1834 accepistis,
1243 1764 1428 1835 gratis
1461 1764 1592 1818 date
1613 1762 1817 1834 (Matth.
1842 1779 1898 1829 x,

238 1850 358 1920 8),»
382 1848 573 1921 agitur
593 1852 658 1904 ut
678 1854 920 1920 crescat,
938 1855 993 1906 et
1014 1851 1311 1924 geminata
1332 1852 1432 1907 ﬁat
1451 1852 1510 1906 in
1533 1867 1649 1906 uno
1670 1852 1898 1906 eodem-

239 1952 353 2008 que
385 1935 594 1992 delicto
639 1938 918 2002 conditio,
955 1939 1202 1994 ementis
1234 1937 1456 1994 scilicet
1485 1943 1542 1994 et
1569 1937 1894 1993 vendentis.

237 2026 471 2080 Etcum
503 2024 723 2098 liqueat
761 2026 913 2082 hanc
961 2027 1229 2082 haeresim
1283 2033 1416 2083 ante
1449 2043 1654 2082 omnes
1702 2025 1896 2081 radice

237 2113 521 2185 pestifera
551 2115 940 2186 subrepsisse,
963 2119 1140 2187 atque
1163 2115 1220 2170 in
1248 2115 1376 2186 ipsa
1397 2131 1504 2170 sua
1525 2114 1746 2186 origine
1767 2130 1898 2185 apo-

237 2202 448 2256 stolica
465 2218 596 2256 esse
613 2202 994 2258 detestatione
1016 2205 1491 2270 damnatam,cur
1512 2220 1625 2257 non
1639 2207 1892 2263 cavetur,

238 2305 340 2344 cur
371 2308 486 2344 non
522 2291 923 2362 perpenditur,
948 2292 1085 2362 quia
1114 2291 1440 2346 benedictio
1464 2290 1544 2345 illi
1570 2290 1628 2344 in
1654 2289 1893 2344 maledi-

234 2379 492 2434 ctionem
516 2380 993 2452 convertitur,qui
1019 2381 1088 2435 ad
1113 2380 1220 2435 hoc
1240 2384 1303 2434 ut
1320 2381 1420 2434 fiat
1441 2377 1750 2434 haereticus
1767 2396 1894 2450 pro-

237 2467 542 2523 movetur?
565 2466 914 2540 Plerumque
946 2469 1126 2541 igitur
1147 2467 1516 2524 adversarius
1541 2467 1892 2534 animarum,

242 2557 386 2612 dum
422 2572 539 2612 non
572 2560 762 2628 potest
790 2557 852 2611 in
883 2557 977 2612 his
1023 2573 1150 2628 quae
1179 2557 1273 2626 {ad
1319 2557 1525 2612 faciem
1557 2559 1693 2611 sunt
1723 2571 1897 2628 prava

234 2646 566 2717 subripere,
621 2645 855 2713 callide,
908 2647 1101 2718 specie
1150 2645 1319 2716 quasi
1368 2644 1600 2717 pietatis
1659 2645 1894 2714 injecta,

231 2733 448 2788 nititur
485 2732 892 2806 subplantare,
925 2735 1248 2806 suadetque
1294 2734 1534 2790 forsitan
1581 2733 1792 2789 debere
1821 2733 1894 2788 ab

233 2822 597 2879 habentibus
627 2821 833 2894 accipi,
850 2827 917 2877 ut
937 2823 985 2878 si
1012 2823 1166 2894 quod
1191 2823 1378 2894 possit
1399 2839 1514 2878 non
1541 2822 1895 2878 habentibus
1918 2871 1920 2874 .

230 2911 485 2983 erogari,
503 2911 826 2966 dummodo
848 2911 936 2966 vel
962 2913 1046 2967 sic
1066 2927 1288 2967 venena
1308 2911 1629 2978 mortifera,
1651 2911 1893 2966 eleemo-

231 3017 390 3073 synaa
423 2999 608 3056 celata
655 3000 1122 3068 obumbratione,
1154 3000 1549 3055 transfundat.
1593 2999 1737 3053 Nam
1788 3015 1893 3054 nec

231 3093 478 3144 venator
523 3089 726 3156 feram,
761 3105 867 3144 nec
912 3105 1074 3144 avem
1107 3104 1322 3159 auceps
1353 3088 1663 3159 deciperet,
1685 3086 1774 3142 vel
1807 3086 1892 3158 pi-

235 3194 396 3234 scem
429 3176 685 3249 piscator
715 3181 967 3249 caperet,
991 3177 1039 3232 si
1071 3182 1173 3231 aut
1202 3175 1285 3230 illi
1317 3175 1589 3246 laqueum
1612 3176 1672 3230 in
1694 3179 1890 3247 aperto
1922 3161 1964 3228 C

235 3270 654 3338 proponerent,
682 3270 783 3322 aut
809 3265 904 3320 ille
929 3265 1171 3320 hamum
1195 3282 1326 3320 esca
1347 3264 1756 3320 absconditum
1776 3280 1890 3318 non

234 3355 760 3412 haberet.0mnino
780 3371 915 3427 ergo
936 3355 1247 3410 metuenda
1263 3358 1320 3409 et
1336 3355 1591 3410 cavenda
1603 3358 1692 3409 est
1705 3353 1892 3408 hostis

233 3444 482 3514 astutia,
496 3461 564 3500 ne
586 3461 732 3516 quos
756 3449 957 3516 aperta
972 3443 1181 3515 nequit
1201 3441 1516 3498 tentatione
1537 3443 1892 3510 subvertere,

228 3533 461 3588 latente
477 3532 587 3588 telo
604 3533 791 3588 valeat
813 3531 1124 3587 trucidare.
1141 3531 1338 3602 Neque
1354 3531 1509 3586 enim
1527 3529 1894 3602 eleemosyna

228 3622 566 3693 reputanda
595 3626 703 3687 est,
736 3620 785 3675 si
819 3620 1178 3692 pauperibus
1228 3619 1602 3690 dispensetur
1640 3619 1793 3690 quod
1827 3635 1894 3674 ex

227 3709 460 3766 illicitis
481 3709 656 3765 rebus
677 3708 1126 3780 accipitur,quia
1142 3708 1241 3779 qui
1264 3707 1372 3762 hac
1393 3707 1714 3762 intentione
1743 3706 1894 3762 male

227 3797 471 3870 accipit,
503 3800 570 3852 ut
608 3797 776 3868 quasi
823 3797 968 3851 bene
1016 3795 1334 3868 dispenset,
1379 3799 1653 3867 gravatur
1700 3795 1894 3866 potius

227 3903 414 3959 quam
438 3887 702 3957 juvatur.
736 3884 1117 3957 Eleemosyna
1148 3883 1524 3955 Redemptori
1553 3888 1754 3939 nostro
1798 3882 1896 3938 illa

232 3975 454 4048 placet,
476 3991 603 4046 quae
627 3990 744 4029 non
781 3973 854 4028 de
891 3971 1116 4027 illicitis
1147 3977 1204 4027 et
1233 3971 1544 4043 iniquitate
1564 3970 1898 4044 congeritur

228 4065 333 4119 sed
348 4064 424 4119 de
445 4063 620 4118 rebus
633 4061 926 4118 concessis
945 4065 1002 4117 et
1023 4061 1168 4116 bene
1181 4059 1490 4130 acquisitis
1511 4059 1891 4130 impenditur.

226 4152 400 4208 Unde
431 4153 609 4208 etiam
642 4151 782 4205 illud
814 4153 1038 4205 certum
1071 4152 1162 4204 est
1190 4148 1348 4220 quia,
1373 4146 1482 4202 etsi
1515 4146 1891 4215 monasteria,

228 4246 338 4297 aut
362 4239 747 4307 xenodochia,
764 4237 852 4294 vel
885 4238 1024 4310 quid
1057 4236 1214 4293 aliud
1238 4235 1620 4302 construitur,
1645 4235 1895 4291 mercedi

228 4346 355 4385 non
379 4328 631 4400 proficit,
641 4327 915 4400 quoniam
931 4326 1072 4381 dum
1092 4341 1398 4398 perversus
1415 4328 1641 4396 emptor
1656 4323 1896 4380 honoris

229 4418 295 4473 in
327 4417 527 4473 locum
557 4415 874 4472 venditoris
909 4413 1139 4479 transit,
1164 4418 1220 4468 et
1252 4413 1398 4468 alios
1418 4413 1490 4468 ad
1513 4412 1604 4468 sui
1626 4410 1896 4468 similitu-

229 4506 437 4562 dinem
468 4505 578 4560 sub
610 4503 843 4560 datione
873 4502 1179 4558 constituit
1209 4501 1523 4567 commodi,
1547 4500 1716 4572 plura
1747 4500 1897 4556 male

231 4595 567 4652 ordinando
591 4593 837 4650 destruit
860 4609 1037 4664 quam
1062 4591 1155 4647 ille
1187 4595 1374 4664 potest
1397 4590 1683 4646 aedificare
1703 4589 1803 4661 qui
1825 4589 1896 4645 ab

230 4700 304 4739 eo
335 4682 646 4755 pecuniam
678 4699 783 4754 pro
813 4680 1177 4737 ordinatione
1208 4679 1448 4751 accepit.
1482 4678 1564 4734 Ne
1603 4695 1740 4752 ergo
1787 4679 1897 4735 sub

231 4773 480 4828 obtentu
507 4770 883 4844 eleemosynae
901 4787 1034 4825 cum
1059 4772 1292 4841 peccato
1314 4767 1537 4839 aliquid
1556 4768 1898 4824 studeamus

230 4861 525 4934 accipere,
557 4865 758 4932 aperta
797 4876 965 4915 sacra
1003 4859 1303 4930 Scriptura
1341 4874 1448 4912 nos
1490 4856 1776 4928 prohibet,
1811 4857 1897 4912 di-

232 4968 380 5007 cens
413 4967 425 5004 :
454 4971 481 5000 ‹‹
510 4949 720 5005 Hostiae
770 4948 1088 5020 impiorum
1149 4945 1574 5002 abominabiles
1628 4946 1897 5011 Domino,

231 5056 372 5111 qua:
395 5038 723 5095 offeruntur
745 5055 814 5094 ex
839 5037 1054 5093 scelere
1075 5038 1259 5107 (Prov.
1280 5053 1394 5099 xxr,
1417 5035 1528 5105 27).
1557 5056 1584 5083 »
1607 5035 1896 5105 Quidquid

234 5127 400 5184 enim
445 5127 504 5182 in
558 5127 658 5182 Dei
713 5126 999 5182 sacrificio
1031 5141 1100 5181 ex
1139 5123 1355 5180 scelere
1405 5124 1662 5191 offertur,
1695 5122 1899 5179 Omni-

235 5216 502 5288 potentis
533 5215 899 5270 iracundiam
950 5231 1065 5269 non
1116 5213 1326 5285 placat,
1362 5212 1463 5267 sed
1512 5211 1720 5267 irritat.
1756 5211 1901 5266 Hinc

239 5321 456 5360 rursus
489 5304 772 5376 scriptum
815 5308 904 5359 est
936 5319 948 5357 :
975 5325 1002 5352 «
1037 5302 1270 5358 Honora
1301 5300 1616 5356 Dominum
1666 5301 1736 5356 de
1782 5301 1900 5356 tuis

231 5391 427 5464 justis
457 5360 755 5448 laboribus
781 5393 964 5463 (Prov.
1000 5409 1083 5457 ιιι,
1114 5390 1190 5461 9).
1218 5412 1245 5439 ››
1268 5390 1376 5454 Qui
1397 5407 1532 5462 ergo
1555 5388 1707 5445 male
1729 5360 1926 5456 tollit,-

240 5486 316 5537 ut
343 5481 517 5555 quasi
539 5481 685 5544 bene
706 5481 979 5553 praabeat,
1012 5483 1241 5535 constat
1270 5477 1395 5534 sine
1426 5478 1611 5534 dubio
1634 5479 1772 5550 quia
1793 5478 1901 5535 Do-

241 5567 482 5629 misum
515 5586 630 5626 non
662 5569 928 5626 honorat.
953 5568 1099 5624 Hinc
1129 5583 1365 5640 quoque
1397 5583 1499 5641 per
1530 5566 1904 5626 Salomonem

577 5697 847 5765 ΡΑτιιοῐ..
895 5693 1154 5763 CXLIII.

2014 525 2187 597 peris,
2205 543 2268 581 ac
2291 527 2338 582 si
2363 527 2622 583 victimet
2641 527 2826 582 filium
2850 529 2907 583 in
2933 532 3248 601 conspectu
3271 531 3452 601 patris
3473 532 3663 602 (Eccli.

2010 631 2200 685 xxxrv,
2233 617 2347 686 24).
2375 639 2403 665 ››
2435 617 2701 680 Quantus
2741 621 2936 672 autem
2969 618 3133 674 dolor
3179 617 3363 690 patris
3413 619 3490 673 sit
3533 637 3664 691 per-

2011 704 2358 774 pendamus,
2383 705 2431 760 si
2464 705 2520 760 in
2545 706 2672 776 ejus
2703 710 3019 778 conspectu
3053 706 3208 762 filius
3229 705 3583 775 victimetur,
3606 711 3664 763 et

2011 791 2146 846 hinc
2177 791 2344 848 facile
2373 809 2796 864 cognoscemus
2842 798 3060 866 quanto
3092 795 3247 851 Deus
3293 795 3664 867 omnipotens

2011 879 2207 936 dolore
2233 885 2628 953 exasperatur,
2654 884 2889 953 quando
2911 883 2962 938 ei
2993 883 3346 938 sacrificium
3368 901 3437 939 ex
3458 884 3664 956 rapina

2009 968 2309 1025 tribuitur.
2329 969 2516 1025 Nimis
2538 986 2674 1041 ergo
2707 971 3120 1027 declinandum
3146 975 3254 1040 est,
3277 972 3663 1030 dilectissime

2011 1057 2206 1127 frater,
2234 1059 2342 1113 sub
2366 1059 2604 1114 obtentu
2629 1059 3027 1129 eleemosynae,
3053 1065 3288 1131 peccata
3316 1060 3659 1116 Simoniaca:

2010 1143 2296 1200 haereseos
2327 1150 2676 1218 perpetrare.
2702 1148 2849 1202 Nam
2873 1147 3030 1203 aliud
3053 1152 3142 1203 est
3163 1152 3398 1220 propter
3424 1152 3662 1220 peccata

2010 1233 2439 1305 eleemosynam
2498 1235 2706 1303 facere,
2755 1235 2915 1292 aliud
2971 1241 3207 1308 propter
3261 1237 3658 1310 eleemosynas

2010 1327 2243 1393 peccata
2271 1323 2652 1378 committere.
2681 1346 2708 1374 »

2079 1411 2146 1464 Et
2160 1415 2280 1480 post
2299 1412 2490 1484 aliqua
2511 1412 2652 1467 idem
2675 1412 2868 1480 eidem,
2892 1413 3034 1468 unde
3052 1429 3240 1484 supra.
3268 1435 3295 1462 «
3314 1413 3395 1468 Ne
3415 1413 3659 1469 forsitan

2009 1497 2201 1553 adhuc
2220 1515 2406 1570 pravae
2421 1516 2480 1554 se
2495 1501 2936 1556 consuetudinis
2950 1500 3263 1572 quisquam
3274 1500 3414 1556 velit
3429 1500 3521 1570 obj
3530 1503 3660 1556 ectu

2010 1586 2336 1654 defendere,
2358 1588 2740 1644 fraternitatis
2769 1594 2970 1644 vestra:
2993 1589 3263 1645 discretio
3295 1588 3538 1645 rationis
3561 1604 3661 1645 eos

2007 1674 2170 1730 freno
2197 1681 2477 1741 coerceat,
2496 1681 2552 1730 et
2575 1675 2689 1730 labi
2713 1677 2769 1730 in
2793 1676 3014 1732 illicitis
3038 1694 3152 1731 non
3175 1676 3498 1748 permittat,
3521 1675 3662 1748 quia

2008 1763 2294 1834 quidquid
2312 1763 2519 1818 ultioni
2542 1764 2788 1835 dignum
2811 1769 2919 1832 est,
2936 1781 3051 1819 non
3074 1765 3148 1819 ad
3169 1763 3534 1832 imitationis,
3555 1764 3659 1820 sed

2007 1850 2202 1922 potius
2233 1851 2304 1906 ad
2337 1851 2667 1923 exemplum
2694 1853 2866 1907 debet
2894 1851 3274 1923 correptionis
3297 1851 3528 1906 adduci.
3553 1873 3581 1901 »

2076 1942 2141 1994 Et
2165 1944 2286 2011 post
2312 1957 2492 2010 pauca
2520 1957 2581 1994 :«
2606 1940 2686 1995 De
2705 1939 2797 1994 his
2824 1941 3024 2011 itaque
3055 1957 3181 2012 qua
3209 1940 3480 2010 superius
3502 1939 3658 1995 dicta

2006 2033 2166 2095 sunt,
2207 2027 2626 2083 fraternitatem
2658 2032 2908 2084 vestram
2940 2033 3176 2084 auctore
3221 2033 3336 2083 Deo
3385 2027 3656 2084 volumus

2006 2116 2294 2188 synodum
2343 2133 2714 2189 congregare,
2748 2121 2921 2188 atque
2959 2116 3019 2171 in
3069 2134 3154 2183 ea,
3187 2116 3654 2173 reverentissimo

2006 2205 2170 2259 fratri
2205 2209 2404 2260 nostro
2448 2206 2652 2277 Aregio
2702 2205 2992 2277 episcopo,
3027 2209 3084 2260 et
3123 2205 3503 2262 dilectissimo
3535 2204 3654 2261 filio

2007 2299 2204 2348 nostro
2251 2294 2487 2366 Cyriaco
2546 2294 2756 2348 abbate
2806 2293 3230 2359 mediantibus,
3281 2293 3478 2348 omnia
3526 2310 3653 2364 quae

2006 2381 2224 2438 sanctis
2253 2383 2596 2449 canonibus,
2623 2381 2774 2437 sicut
2804 2382 3199 2454 praediximus,
3225 2386 3363 2436 sunt
3391 2383 3650 2450 adversa,

2004 2471 2267 2528 districte
2283 2472 2392 2528 sub
2410 2471 2800 2528 anathematis
2819 2470 3263 2544 interpositione
3279 2471 3662 2537 damnentur,

2005 2560 2062 2615 id
2085 2565 2192 2628 est,
2219 2565 2284 2616 ut
2313 2559 2513 2616 nullus
2534 2577 2637 2632 pro
2659 2560 3050 2632 adipiscendis
3071 2559 3483 2615 ecclesiasticis
3504 2559 3657 2614 ordi-

2006 2650 2180 2704 nibus
2210 2650 2347 2704 dare
2377 2649 2611 2720 aliquod
2653 2649 3026 2704 commodum
3071 2651 3408 2719 prazsumat,
3431 2646 3518 2702 vel
3549 2663 3653 2718 pro

2004 2739 2156 2794 datis
2187 2739 2469 2810 accipere,
2493 2753 2680 2809 neque
2711 2755 2778 2793 ex
2807 2736 2952 2793 laico
2986 2736 3185 2790 habitu
3217 2734 3531 2806 quisquam
3563 2751 3650 2791 ro-

2002 2832 2175 2899 pente
2207 2827 2417 2882 audeat
2447 2826 2518 2880 ad
2553 2825 2746 2881 locum
2793 2825 2941 2880 sacri
2984 2822 3286 2896 regiminis
3335 2821 3649 2893 pervenire,

2003 2931 2192 2986 neque
2223 2919 2286 2969 ut
2311 2913 2437 2969 aliae
2467 2913 2741 2969 mulieres
2772 2929 2902 2967 cum
2936 2911 3335 2968 sacerdotibus
3364 2911 3648 2978 habitent,
3677 2915 3680 2918 ’

2003 3003 2118 3058 nisi
2149 3002 2233 3058 hac
2265 3019 2390 3073 quae
2423 3019 2456 3057 a
2485 3001 2668 3058 sacris
2699 3001 3021 3057 canonibus
3049 3005 3188 3056 sunt
3217 2999 3536 3072 permissae.
3565 3021 3587 3049 ν

2071 3093 2221 3159 Item,
2267 3091 2412 3146 idem
2465 3093 2694 3147 Victoria
2741 3092 3003 3161 episcopo.
3029 3113 3057 3138 «
3090 3089 3368 3161 Quisquis
3416 3089 3487 3144 ad
3539 3088 3650 3144 hoc

1987 3167 2228 3235 facinus
2246 3180 2474 3235 videtur
2493 3179 2833 3234 Simoniacae
2857 3195 2921 3233 ac
2944 3178 3376 3250 Neophytorum
3410 3176 3650 3232 hmresis

2002 3268 2436 3324 emendandum
2466 3268 2640 3323 officii
2666 3268 2756 3323 sui
2779 3266 3246 3322 consideratione
3277 3264 3650 3321 vehementer

2002 3375 2116 3412 non
2150 3356 2360 3425 arderi,
2393 3373 2527 3411 cum
2575 3355 2702 3427 ipso
2735 3371 2796 3411 se
2828 3355 3041 3410 habere
3072 3371 3187 3409 non
3236 3354 3463 3409 dubitet
3510 3370 3649 3426 ροβε

2001 3446 2242 3513 tionem,
2276 3461 2310 3500 ο.
2340 3461 2454 3516 quo
2497 3443 2663 3516 prius
2691 3444 2800 3500 hoc
2840 3443 3130 3516 peculiare
3161 3441 3448 3514 flagitium
3481 3458 3650 3498 sum-

2003 3535 2121 3607 psit
2152 3533 2473 3589 exordium.
2500 3554 2528 3583 »

2073 3627 2158 3678 Ea:
2213 3622 2442 3679 decretis
2500 3622 2761 3694 ejusdem,
2823 3621 2968 3677 unde
3019 3637 3205 3692 supra.
3249 3643 3278 3670 «
3336 3619 3650 3691 Antiquam

2001 3713 2241 3768 Patrum
2276 3710 2538 3784 regulam
2563 3727 2837 3782 sequens,
2863 3709 3008 3764 nihil
3030 3725 3292 3779 unquam
3323 3708 3394 3762 de
3425 3707 3654 3762 ordina-

2003 3800 2260 3856 tionibus
2291 3799 2697 3871 accipiendum
2727 3814 2855 3854 esse
2887 3797 3198 3862 constituo,
3231 3810 3424 3865 neque
3451 3809 3519 3848 ex
3548 3794 3652 3848 da-

2001 3889 2159 3944 tione
2192 3888 2373 3960 pallii,
2407 3903 2594 3958 neque
2643 3903 2711 3941 ex
2739 3885 3052 3940 traditione
3080 3883 3437 3950 chartarum,
3463 3897 3653 3954 neque

2001 3993 2070 4032 ex
2097 3993 2164 4032 ea
2194 3992 2370 4047 quam
2395 3991 2542 4029 nova
2568 3990 2669 4044 per
2697 3972 3076 4028 ambitionem
3106 3969 3401 4026 simulatio
3431 3968 3656 4026 invenit

2003 4063 2390 4136 appellatione
2413 4061 2664 4134 pastelli.
2692 4061 2838 4125 Quia
2858 4061 3014 4116 enim
3037 4060 3360 4116 ordinando
3381 4058 3653 4132 episcopo

2005 4153 2263 4226 pontifex
2292 4167 2534 4206 manum
2567 4150 2834 4222 imponit,
2869 4149 3260 4223 evangelicani
3292 4165 3426 4205 vero
3455 4148 3654 4204 lectio-

2006 4257 2138 4296 nem
2163 4239 2430 4295 minister
2451 4238 2611 4312 legit,
2634 4239 3098 4295 confirmationis
3121 4243 3313 4294 autem
3344 4239 3473 4310 ejus
3497 4237 3654 4310 epis-

2003 4329 2184 4385 tolam
2215 4329 2480 4384 notarius
2515 4327 2736 4395 scribit,
2771 4328 2923 4384 sicut
2960 4328 3295 4400 pontificem
3335 4343 3450 4381 non
3491 4327 3656 4382 decet

2006 4435 2248 4476 manum
2268 4435 2442 4490 quam
2463 4417 2712 4489 imponit
2725 4419 2993 4485 vendere,
3009 4417 3092 4472 ita
3109 4415 3376 4470 minister
3390 4413 3479 4469 vel
3497 4417 3657 4469 nota-

1923 4525 1972 4589 D
2006 4508 2130 4564 rius
2149 4524 2262 4562 non
2278 4507 2450 4562 debet
2467 4505 2526 4560 in
2541 4506 2902 4562 ordinatione
2915 4507 3042 4576 ejus
3054 4519 3248 4559 vocem
3263 4502 3348 4558 vel
3362 4502 3655 4557 calamum

2003 4595 2488 4652 venundare.Pro
2521 4594 2885 4650 ordinatione
2914 4609 3048 4664 ergo
3079 4591 3166 4646 vel
3199 4607 3310 4645 usu
3344 4589 3525 4662 pallii,
3551 4604 3656 4645 seu

2008 4684 2228 4741 chartis
2259 4687 2432 4754 atque
2463 4682 2745 4754 pastellis,
2765 4681 3035 4736 eumdem
3059 4679 3159 4750 qui
3186 4677 3548 4734 ordinandus
3569 4681 3660 4734 est

2007 4773 2246 4830 omnino
2279 4771 2500 4842 aliquid
2533 4771 2671 4827 dare
2701 4769 2997 4842 prohibeo.
3025 4769 3102 4822 Ex
3121 4767 3334 4838 quibus
3367 4767 3659 4839 praedictis

2008 4861 2184 4917 rebus
2216 4859 2264 4914 si
2298 4858 2430 4930 quis
2477 4857 2615 4912 huic
2662 4856 2882 4929 aliquid
2932 4856 3221 4912 commodi
3270 4855 3660 4928 appellatione

2010 4950 2237 5020 exigere
2268 4946 2354 5002 vel
2390 4949 2582 5017 petere
2624 4945 2771 5000 forte
2815 4945 3270 5018 praesumpserit,
3303 4945 3363 4999 in
3396 4944 3662 5000 districto

2012 5037 2109 5091 Dci
2144 5035 2563 5106 omnipotentis
2593 5033 2858 5090 examine
2901 5034 3082 5090 reatui
3115 5033 3461 5105 subjacebit.
3490 5057 3517 5081 ››

2082 5127 2236 5192 Item,
2263 5123 2436 5178 eidem
2483 5124 2708 5192 Virgilio
2764 5126 3002 5196 episcopo
3050 5125 3372 5180 Arelatensi.
3416 5121 3664 5185 Quibus-

2011 5215 2147 5268 dam
2197 5212 2638 5268 narrationibus
2667 5213 2871 5284 agnovi
2904 5214 3078 5284 quod,
3111 5213 3170 5267 in
3220 5210 3541 5267 Galliarum
3571 5208 3656 5264 vel

2012 5301 2336 5358 Germania:
2361 5302 2646 5372 partibus,
2667 5300 2864 5356 nullus
2887 5302 2956 5356 ad
2991 5317 3221 5356 sacrum
3245 5298 3509 5354 ordinem
3536 5297 3664 5353 sine

2013 5390 2304 5446 commodi
2355 5390 2591 5445 datione
2633 5390 2946 5462 perveniat.
2989 5390 3150 5455 Quod
3182 5388 3231 5444 si
3261 5388 3344 5444 ita
3373 5391 3482 5455 est,
3517 5387 3662 5444 ﬂens

2013 5479 2164 5545 dico,
2194 5493 2433 5550 gemens
2466 5478 2764 5547 denuntio,
2784 5478 2922 5551 quia
2949 5494 3080 5532 cum
3113 5476 3491 5533 sacerdotalis
3520 5477 3661 5534 ordo

2016 5568 2178 5626 intus
2200 5566 2429 5644 cecidit,
2447 5567 2587 5626 foris
2609 5584 2840 5645 quoque
2860 5567 2960 5626 diu
2982 5570 3137 5627 stare
3166 5583 3283 5626 non
3305 5565 3661 5640 poterit.Sci-

3265 5694 3342 5764 33
