4106 6178
406 305 561 368 1035

1432 300 1840 364 HUMBERTI
1885 296 1947 360 S.
1995 298 2067 359 Β.
2115 298 2186 360 Ε.
2235 296 2727 360 GARDINALIS.

3648 299 3794 359 1036

405 455 540 496 mus
571 437 806 511 quippe,
838 453 907 492 ex
935 434 1260 508 Evangelio,
1282 436 1435 507 quod
1467 435 1820 505 Redemptor
1852 437 2048 488 noster
2074 435 2128 500 Α
2157 433 2305 486 Ιτίἰηο
2338 449 2451 486 non
2482 431 2674 486 solum
2705 432 2764 485 in
2797 431 3147 487 ordinatoris
3177 434 3234 486 et
3262 429 3513 486 ordinati
3542 432 3799 486 animam

405 545 508 600 per
528 527 906 598 semetipsum
932 523 1149 590 fecerit,
1174 523 1307 595 quia
1328 523 1629 594 ingressus
1652 521 1935 592 templum
1958 537 2047 575 ca-

404 616 642 673 thedras
663 614 1036 669 vendentium
1061 613 1362 668 columbas
1383 611 1585 666 evertit
1601 611 1927 682 (illaillaxm,
1944 610 2044 679 12).

404 702 717 759 Columbas
739 701 893 757 enim
923 702 1168 756 vendere
1189 705 1276 755 est
1297 700 1364 754 de
1387 704 1587 754 sancto
1610 699 1850 770 Spiritu,
1873 715 2044 769 quem

404 792 557 848 Deus
579 791 949 862 omnipotens
980 788 1537 845 consubstantialem
1571 787 1701 854 sibi,
1727 804 1830 860 per
1860 786 2046 857 impo-

404 879 675 936 sitionem
711 895 1018 944 manuum,
1049 877 1386 933 hominibus
1417 877 1641 943 tribuit,
1674 876 2044 931 commodum

404 966 721 1040 temporale
750 967 1062 1038 percipere.
1087 968 1167 1021 Ex
1197 984 1331 1038 quo,
1361 970 1424 1020 ut
1453 966 1710 1037 praedixi,
1746 965 1898 1019 malo
1920 966 2046 1034 jam

405 1055 669 1110 innuilur
697 1055 837 1126 quid
870 1060 1168 1126 sequatur,
1193 1055 1328 1126 quia
1358 1054 1456 1124 qui
1489 1055 1548 1108 in
1572 1053 1788 1124 templo
1820 1053 1920 1107 Dei
1953 1069 2046 1107 co-

403 1142 637 1198 lumbas
665 1143 911 1198 vendere
943 1146 1463 1213 praesumpserant,
1486 1157 1686 1196 eorum
1717 1142 1824 1194 Deo
1849 1139 2048 1208 judice

402 1231 688 1286 cathedra:
719 1231 1068 1286 ceciderunt.
1093 1229 1199 1292 Qui
1226 1224 1486 1284 videlicet
1515 1245 1673 1283 error
1707 1228 1762 1281 in
1795 1227 2047 1282 subditis

400 1337 532 1374 cum
568 1324 881 1390 augmento
933 1322 1306 1389 propagatur.
1331 1318 1476 1371 Nam
1508 1318 1632 1387 ipse
1681 1333 1913 1388 quoque
1945 1315 2044 1386 qui

400 1409 470 1462 ad
505 1424 734 1462 sacrum
767 1407 1047 1460 honorem
1082 1405 1438 1476 perducitur,
1473 1406 1596 1474 jam
1648 1404 1705 1458 in
1749 1405 1876 1476 ipsa
1914 1421 2043 1475 pro-

398 1498 599 1549 vectus
631 1494 721 1549 sui
753 1493 946 1548 radice
976 1493 1230 1561 vitiatus,
1266 1493 1521 1564 paratior
1549 1498 1638 1547 est
1667 1493 1796 1547 aliis
1825 1509 2044 1548 venun-

400 1583 539 1636 dare
570 1582 724 1652 quod
755 1580 912 1636 emit.
935 1581 1043 1636 Ubi
1066 1585 1154 1637 est
1174 1581 1327 1653 quod
1351 1581 1636 1652 scriptum
1670 1586 1759 1636 est
1782 1597 1829 1635 ια
1855 1581 2046 1636 Gratis

400 1669 726 1741 accepistis,
748 1670 931 1742 gratis
952 1671 1128 1726 date?
1147 1670 1355 1741 (Matth.
1380 1688 1434 1736 x,
1458 1671 1535 1740 8.)
1561 1693 1586 1716 ››
1614 1675 1827 1724 Etcum
1857 1670 2047 1740 prima

400 1762 601 1814 contra
640 1762 898 1813 sanctam
951 1758 1266 1813 Eeclesiam
1316 1758 1645 1814 Simoniaca
1702 1759 1941 1813 haeresis
1973 1758 2048 1812 sit

401 1850 617 1913 exorta,
641 1863 744 1901 cur
774 1865 887 1902 non
912 1849 1311 1919 perpenditur,
1334 1864 1438 1902 cur
1469 1865 1582 1901 non
1614 1848 1859 1912 videtur,
1887 1847 2048 1917 quia,

398 1951 533 1990 cum
557 1951 731 2006 quem
755 1935 886 2006 quis
909 1953 976 1990 cu
989 1954 1041 1989 ru
1067 1937 1248 2007 pretio
1271 1936 1500 1990 ordinat
1523 1936 1908 2007 provehoudo,
1929 1934 2048 2006 agit

403 2027 470 2078 ut
493 2023 804 2080 haereticus
836 2025 939 2080 fiat
959 2025 986 2077 ‘I
1009 2046 1038 2074 »

467 2112 614 2168 Idem
659 2115 861 2169 Joannz'
901 2116 1144 2185 episwpo
1191 2113 1618 2181 Corinthiorum,
1670 2114 1809 2168 male
1857 2129 2049 2182 supra.

399 2225 427 2252 ‹‹
461 2201 606 2266 Quia
637 2201 787 2257 hanc
813 2201 1293 2256 nefandissimam
1323 2203 1666 2273 pravitatem
1690 2206 1890 2258 sancta
1924 2202 2052 2256 uni-

395 2289 641 2347 versalis
673 2290 911 2344 omnino
943 2290 1186 2345 damnat
1207 2290 1483 2358 Ecclesia,
1507 2291 1814 2346 hortamur
1845 2291 2048 2347 frater-

400 2376 644 2431 nitatem
693 2381 966 2444 vestram,
1017 2382 1083 2432 ut
1130 2382 1248 2432 tam
1302 2378 1642 2434 detestabile
1688 2383 1747 2434 et
1793 2380 2048 2435 immane

400 2467 724 2535 peccatum,
748 2463 818 2518 de
847 2463 989 2519 locis
1019 2465 1294 2521 omnibus
1322 2482 1448 2537 quae
1481 2467 1590 2522 sub
1622 2484 1680 2522 se
1707 2471 1863 2535 sunt,
1890 2467 2047 2523 solli-

400 2550 678 2607 citudinis
709 2569 826 2607 sua
858 2553 1049 2609 modis
1079 2555 1352 2610 omnibus
1383 2559 1715 2626 compescat
1748 2556 2045 2612 instantia.

401 2640 548 2695 Nam
582 2639 630 2695 si
655 2640 792 2712 quid
815 2641 928 2696 tale
950 2641 1222 2714 deinceps
1245 2643 1368 2698 ﬁeri
1392 2642 1770 2709 senserimus,
1784 2644 1910 2713 jam
1933 2661 2046 2700 non

398 2728 612 2794 verbis,
638 2729 737 2784 sed
771 2730 1048 2785 canonica
1095 2730 1204 2785 hoc
1236 2731 1454 2788 ultione
1484 2732 1864 2804 corrigemus,
1895 2737 1950 2788 et
1979 2733 2049 2788 de

399 2816 564 2872 vobis
586 2819 740 2889 quod
773 2835 886 2874 non
915 2822 1140 2890 oportet
1168 2818 1326 2874 aliud
1348 2819 1697 2892 incipiemus
1719 2820 2049 2891 habereju-

401 2905 641 2961 dicium.
676 2907 843 2962 Novit
873 2912 1068 2962 autem
1115 2909 1446 2964 fraternitas
1475 2913 1667 2964 vestra
1699 2909 1840 2981 quia
1887 2909 2050 2982 prius

401 2992 643 3063 pallium
667 2995 779 3050 nisi
803 2995 936 3051 dato
959 2997 1265 3052 commodo
1293 3015 1404 3052 non
1428 2997 1704 3065 dabatur;
1727 3000 1881 3069 quod
1905 3017 2047 3071 quo-

402 3081 559 3136 niam
595 3082 981 3155 incongruum
1027 3088 1172 3150 erat,
1207 3085 1354 3140 facto
1398 3086 1642 3141 concilio
1675 3091 1806 3142 ante
1837 3104 2048 3159 corpus

2159 520 2368 575 lethale
2425 520 2636 575 vulnus
2694 520 2855 592 infigi
2911 521 3275 592 pradicatur,
3316 520 3415 575 sed
3472 520 3649 575 etiam
3704 522 3804 591 qui

2157 609 2561 680 episcoporum
2591 609 3107 664 intercessionibus
3139 607 3430 664 sublevari
3460 608 3804 677 debuerant,

2157 696 2329 768 culpa
2377 701 2828 768 przegravantur.
2861 697 3086 752 Astruit
3125 712 3356 768 quoque
3406 697 3559 752 idem
3609 698 3806 753 doctor

2157 784 2315 856 quia,
2351 784 2399 838 si
2432 785 2482 839 is
2514 785 2728 857 dignus
2774 784 3097 840 sacerdotio
3129 785 3387 839 creditur
3417 785 3509 839 cui
3549 785 3807 856 pecuniae

2158 872 2322 944 cepia
2367 872 2740 944 suffragatur,
2775 889 3140 944 consequens
3171 877 3260 928 est
3289 876 3354 927 ut
3385 873 3533 928 nihil
3584 873 3723 940 sibi,
3751 874 3806 930 in

2157 960 2374 1015 honore
2413 960 2825 1026 ecclesiastico,
2859 961 3119 1032 probitas
3158 961 3448 1028 defendat,
3484 962 3584 1016 sed
3619 965 3808 1017 totum

2157 1049 2280 1102 auri
2307 1049 2586 1119 profanus
2607 1065 2771 1104 amor
2792 1049 3068 1115 obtineat,
3096 1054 3159 1103 ut
3181 1048 3318 1104 vitia
3339 1067 3464 1120 qua:
3485 1050 3807 1107 vindictam

2158 1137 2550 1206 merebantur,
2574 1137 2793 1192 honore
2823 1142 3289 1204 remunerentur,
3318 1138 3459 1193 dum
3485 1139 3534 1194 is
3555 1139 3657 1210 qui
3679 1157 3807 1195 cor-

2159 1225 2460 1296 ripiendus
2489 1231 2576 1280 est
2605 1227 2796 1280 locum
2819 1226 3165 1297 correptoris
3188 1232 3451 1298 usurpat.
3477 1227 3649 1283 Tales
3680 1246 3806 1301 pro-

2158 1315 2303 1368 fecto
2347 1316 2678 1370 sacerdotes
2729 1332 2843 1369 non
2893 1317 3190 1386 proficere,
3223 1316 3322 1370 sed
3373 1317 3561 1387 perire
3611 1318 3805 1389 potius

2157 1403 2428 1470 affirmat,
2455 1420 2702 1474 quorum
2731 1403 2891 1458 radix
2913 1404 3071 1476 gravi
3099 1408 3258 1475 peste
3280 1409 3370 1460 est
3391 1404 3624 1460 infecta.
3649 1407 3804 1461 Nihi-

2157 1489 2412 1545 lominus
2453 1492 2663 1546 astruit
2711 1493 2992 1560 majorem
3040 1491 3430 1547 calamitatem
3481 1493 3801 1549 timendam

2156 1577 2296 1632 locis
2337 1578 2474 1646 illis,
2509 1580 2724 1651 quibus
2769 1579 2914 1635 tales
2960 1579 3373 1636 intercessores
3420 1582 3492 1636 ad
3543 1583 3801 1654 regimen

2157 1667 2389 1732 dantur,
2424 1668 2522 1738 qui
2573 1668 2760 1739 magis
2802 1667 2949 1723 iram
2983 1669 3079 1723 Dei
3113 1673 3316 1724 contra
3361 1685 3423 1724 se
3471 1675 3802 1740 provocent,

2158 1771 2331 1826 quam
2373 1773 2475 1826 per
2504 1756 2850 1826 semetipsos
2902 1756 3129 1827 populis
3182 1756 3411 1827 placare
3460 1759 3802 1814 debuerant.

2159 1843 2374 1899 Deinde
2404 1844 2729 1899 vehementi
2764 1861 3009 1900 mmrore
3039 1861 3101 1900 se
3131 1844 3310 1918 afﬂigi
3342 1849 3607 1916 testatur,
3642 1848 3690 1903 si
3721 1865 3805 1904 ee-

2158 1932 2503 1987 elesiasticis
2535 1932 2742 1987 ofﬁciis
2771 1932 2964 1987 locum
3010 1932 3266 2004 aliquem
3316 1933 3490 1989 habet
3535 1937 3794 2006 pecunia,

2161 2021 2297 2093 quia
2327 2023 2480 2092 quod
2513 2038 2743 2076 sacrum
2778 2026 2865 2075 est
2898 2038 3028 2075 mox
3075 2022 3140 2076 fit
3183 2023 3473 2078 saeculare.
3495 2023 3636 2078 Nam
3669 2041 3794 2079 om—

2164 2128 2314 2168 nem.
2347 2112 2442 2181 qui
2476 2112 2625 2181 quod
2662 2128 2894 2164 sacrum
2929 2116 3016 2164 est
3047 2111 3243 2166 studet
3273 2112 3453 2182 pretio
3483 2114 3800 2183 percipere,

2160 2201 2369 2255 asserit
2398 2201 2754 2254 sacerdotem
2791 2217 2899 2252 non
2935 2215 3082 2263 esse,
3109 2200 3204 2254 sed
3243 2201 3648 2254 tantummodo
3679 2202 3804 2255 ina-

2160 2289 2312 2343 niter
2337 2288 2448 2342 dici
2479 2287 2640 2343 velle.
2666 2289 2945 2346 Tandem.
2974 2295 3101 2358 post
3137 2287 3322 2342 multa
3343 2289 3556 2358 quibus
3589 2307 3689 2344 eos
3719 2306 3805 2343 re-

2159 2377 2382 2448 probat,
2403 2375 2610 2432 asserit
2628 2375 3087 2431 benedictionem
3120 2376 3236 2431 illis
3258 2376 3314 2430 in
3340 2376 3807 2433 maledictiontm

2161 2466 2434 2532 converti,
2467 2469 2526 2520 et
2555 2465 2626 2520 ad
2676 2465 2785 2520 hoc
2816 2463 3008 2520 solum
3059 2466 3388 2536 promoveri
3420 2471 3486 2520 ut
3514 2483 3581 2521 ex
3612 2467 3808 2523 catho-

2157 2553 2285 2609 licis
2326 2554 2468 2608 fiant
2514 2553 2792 2622 haeretici,
2829 2570 3078 2625 quorum
3127 2553 3320 2609 omnis
3370 2554 3542 2622 actio,
3577 2555 3811 2611 etiamsi

2159 2641 2408 2713 alicujus
2436 2642 2700 2698 videatur
2745 2641 3048 2709 momenti,
3077 2643 3230 2714 apud
3275 2642 3460 2698 Deum
3490 2647 3688 2699 tamen
3720 2661 3811 2700 re-

2159 2735 2398 2802 putatur
2433 2730 2598 2785 nihil.

2229 2820 2340 2874 Sed
2372 2819 2510 2891 quia
2539 2836 2607 2874 ex
2636 2819 2730 2874 his
2755 2823 2811 2874 et
2842 2819 3195 2892 quibusdam
3242 2818 3394 2876 beati
3427 2822 3687 2894 Gregorii
3720 2824 3810 2878 di-

2159 2908 2269 2964 ctis
2301 2908 2545 2980 quidam
2581 2907 2694 2963 sibi
2735 2913 3116 2980 praesumunt,
3142 2909 3297 2964 unde
3346 2909 3641 2981 opinionis
3688 2928 3810 2968 suae

2158 3013 2411 3052 errorem
2461 2997 2832 3068 impudenter
2874 3001 2930 3052 et
2969 2996 3342 3068 pertinaciter
3387 2998 3705 3054 defendant
3755 3002 3810 3055 in

2155 3090 2385 3140 tantum
2419 3088 2481 3140 ut
2511 3086 2791 3157 Spiritum
2839 3089 3107 3140 sanctum
3138 3085 3306 3140 vendi
3353 3085 3528 3141 simul
3562 3092 3620 3142 et
3651 3104 3810 3142 com-

405 3169 558 3225 beati
579 3171 1164 3244 Petri,apostolorum
1187 3173 1627 3244 Principis,tam
1647 3175 1716 3230 de
1739 3175 1848 3230 hoc
1871 3158 2047 3247 quam
2079 3158 2122 3224 C
2161 3191 2363 3246 parare
2412 3175 2822 3245 dogmatizent,
2875 3174 3263 3229 insistendum
3315 3179 3424 3241 est,
3459 3181 3524 3230 ut
3570 3177 3811 3232 tandem

403 3257 474 3313 de
504 3258 635 3314 aliis
683 3261 1148 3316 ordinationibus
1198 3261 1419 3333 aliquid
1462 3263 1721 3334 accipere
1773 3265 1882 3319 sub
1930 3265 2046 3320 dis-

404 3345 573 3401 tricta
589 3347 990 3404 interdictione
1011 3349 1323 3405 vetuimus.
1340 3350 1576 3420 Oportet
1590 3368 1725 3422 ergo
1745 3369 1930 3422 neque
1948 3370 2051 3424 per

401 3435 800 3501 commodum,
841 3454 1028 3508 neque
1060 3454 1162 3508 per
1202 3438 1468 3508 gratiam,
1494 3443 1594 3493 aut
1632 3457 1736 3510 per
1766 3457 2045 3511 quorum-

400 3521 535 3576 dam
595 3522 1076 3594 supplicationem
1137 3524 1363 3596 aliquos
1423 3527 1493 3580 ad
1558 3543 1753 3583 sacros
1811 3530 2044 3585 ordines

398 3610 775 3666 consentiatis
807 3611 894 3666 vel
925 3613 1278 3684 permittatis
1320 3613 1549 3668 adduci.
1584 3616 1727 3670 Nam
1760 3621 1817 3670 et
1842 3634 2040 3688 pecca-

395 3701 546 3767 tum,
573 3699 725 3755 sicut
762 3700 1037 3765 diximus,
1071 3717 1243 3773 gravc
1281 3706 1389 3767 est,
1421 3707 1477 3757 et
1527 3703 1651 3759 sine
1683 3706 2042 3778 correptione

395 3785 504 3842 hoc
533 3805 646 3844 non
681 3790 938 3861 patimur
966 3806 1325 3862 permanere.
1356 3813 1377 3839 ›;

1009 3879 1244 3935 CAPUT
1284 3879 1424 3936 XIV.

463 3965 544 4018 Ex
574 3965 666 4021 his
696 3983 837 4022 sane
869 3972 987 4022 tam
1018 3967 1279 4039 praeclari
1319 3970 1571 4026 doctoris
1612 3970 2037 4043 multiplicibus

391 4055 448 4106 et
476 4054 738 4123 repetitis
785 4057 1111 4124 sententiis,
1147 4058 1451 4113 manifeste
1488 4060 1899 4130 comprobatur
1945 4079 2036 4116 sa-

389 4157 619 4196 crorum
651 4142 925 4198 ordinum
954 4144 1326 4200 venalitatem
1376 4147 1641 4202 haeresim
1676 4165 1822 4215 esse,
1858 4154 1915 4204 et
1944 4150 2035 4206 Si-

391 4229 720 4286 moniacam
754 4233 1138 4304 agnominari,
1171 4234 1553 4306 omniumque
1584 4237 1855 4307 primam,
1887 4243 1944 4293 et
1973 4239 2030 4294 in

385 4316 514 4388 ipsa
540 4335 649 4374 sua
679 4319 902 4391 origine
933 4320 1250 4392 apostolica
1288 4323 1670 4378 detestatione
1709 4331 1882 4399 atque
1913 4327 2028 4383 dis-

381 4405 552 4460 tricta
573 4407 976 4464 maledictione
998 4410 1355 4477 damnatam,
1374 4410 1530 4466 velut
1547 4418 1747 4468 contra
1764 4420 2029 4470 sanctam

2159 3263 2472 3335 aliquando
2505 3264 2613 3318 hoc
2643 3262 2899 3318 sensisse
2928 3261 3015 3318 vel
3054 3263 3268 3318 dixisse
3301 3265 3599 3334 paeniteat.
3631 3266 3813 3321 Aiunt

2157 3353 2311 3408 enim
2350 3371 2362 3406 :
2396 3354 2539 3406 Ecce
2569 3352 2708 3422 quid
2741 3353 2945 3407 beatus
2977 3352 3289 3422 Gregorius
3322 3369 3498 3423 super
3529 3353 3642 3409 hoc
3675 3371 3809 3410 sen-

2157 3442 2298 3497 serit
2327 3442 2398 3494 ad
2427 3443 2676 3511 majores
2700 3441 3053 3496 Francorum
3083 3439 3464 3512 epistolarum
3486 3443 3618 3512 ejus
3642 3447 3810 3499 tenor

2154 3535 2350 3601 aperte
2399 3528 2670 3585 ostendit.
2706 3529 3036 3595 «Omnino,
3091 3529 3300 3600 inquit,
3349 3531 3700 3587 exsecrabile
3751 3536 3809 3587 et

2153 3617 2564 3690 gravissimum
2590 3618 2968 3684 detestamur,
2995 3617 3150 3688 quod
3181 3618 3329 3672 sacri
3363 3618 3596 3675 ordines
3623 3620 3680 3673 in
3711 3635 3806 3674 ve-

2151 3706 2290 3762 stris
2325 3705 2588 3777 partibus
2621 3721 2724 3777 per
2754 3705 3146 3761 Simoniacam
3195 3705 3465 3762 haeresim
3499 3707 3801 3763 conferan-

2150 3800 2264 3851 tur.
2326 3796 2392 3849 Et
2449 3793 2621 3866 paulo
2680 3800 2864 3866 post:
2919 3794 3079 3850 Unde
3134 3795 3300 3851 valde
3358 3796 3694 3865 contristor,
3751 3801 3807 3853 et

2148 3890 2312 3940 terra:
2343 3883 2424 3939 illi
2478 3883 2753 3939 condoleo
2797 3885 2955 3955 quia,
2989 3884 3129 3938 dum
3178 3883 3461 3956 Spiritum
3507 3889 3803 3952 sanctum,

2148 3991 2321 4045 quem
2353 3990 2454 4045 per
2483 3989 2695 4027 manus
2743 3972 3180 4045 impositionem
3228 3975 3602 4046 omnipotens
3651 3975 3803 4031 Deus

2147 4063 2421 4118 omnibus
2466 4062 2700 4134 elargiri
2743 4061 3038 4134 dignatur,
3068 4062 3262 4118 divino
3295 4081 3540 4120 munere
3589 4064 3804 4120 habere

2147 4150 2500 4222 despiciunt,
2525 4150 2779 4222 praemiis
2801 4155 3254 4223 assequuntur.»
3274 4156 3349 4208 Ex
3373 4169 3489 4224 qua
3510 4169 3656 4209 sane
3677 4171 3804 4226 pro-

2147 4241 2432 4311 positione
2461 4241 2767 4295 verborum
2797 4239 3288 4312 tantipontificis,
3312 4241 3591 4298 vecordes
3610 4243 3800 4298 conci-

2145 4330 2310 4401 piunt
2339 4329 2450 4383 sibi
2478 4346 2688 4384 causas
2714 4329 2946 4400 perﬁdae
2979 4330 3529 4400 argumentationis,
3557 4336 3616 4386 et
3645 4330 3801 4386 velut

2144 4433 2245 4490 per
2264 4417 2595 4488 Sapientem
2619 4417 2831 4472 dicitur
2855 4434 2906 4470 :«
2929 4423 2975 4470 A
2999 4417 3143 4472 facie
3173 4418 3334 4472 verbi
3365 4417 3748 4489 parturientis
3769 4441 3796 4468 υ

384 4493 701 4587 Eeclesiam
731 4497 922 4552 radice
953 4498 1226 4570 pestifera
1269 4499 1542 4570 primitus
1577 4508 2036 4574 proserpentem,
2071 4523 2116 4587 D
2148 4506 2348 4560 dicunt
2378 4507 2560 4575 (Eccli.
2597 4523 2711 4572 x1x,
2749 4507 2834 4576 11)
2868 4523 2880 4561 :
2914 4506 3053 4561 Ecce
3084 4505 3178 4560 hic
3225 4511 3358 4577 apte
3405 4507 3614 4563 beatus
3659 4511 3797 4563 Gre-

383 4581 507 4645 Qua
537 4585 793 4655 profecto
837 4587 902 4641 fit
929 4592 994 4642 ut
1022 4587 1214 4643 omnis
1262 4590 1581 4644 reverentia
1629 4593 2028 4659 sacerdotalis,

382 4671 470 4725 vel
501 4672 649 4728 actio
681 4674 842 4731 intus
873 4681 929 4731 et
958 4677 1208 4732 exterius
1237 4679 1586 4749 depravetur
1609 4683 1664 4733 et
1696 4681 1751 4735 in
1785 4681 2030 4737 crimine

382 4765 620 4816 sanctus
677 4763 861 4820 honor
917 4765 1218 4822 habeatur.
1280 4767 1476 4838 Neque
1535 4768 1688 4822 enim
1748 4787 2026 4826 veneran-

382 4846 526 4901 dum
593 4850 725 4920 quis
793 4858 959 4923 putat
1025 4856 1178 4926 quod
1238 4856 1524 4922 venditur,
1599 4857 1715 4913 imo
1789 4860 2028 4914 omnino

380 4934 491 4990 vile
521 4952 649 4992 esse
680 4941 834 5010 quod
880 4942 1112 4997 emitur.
1153 4945 1406 5016 Denique
1452 4946 1546 5000 ubi
1579 4947 1730 5002 dona
1761 4964 2025 5019 supernae

381 5024 582 5096 gratiae
627 5027 854 5082 venalia
889 5031 1252 5100 judicantur,
1288 5039 1487 5089 contra
1541 5037 1716 5090 Deum
1769 5038 2024 5107 pecuniae

380 5121 750 5184 venerantur,
788 5122 851 5172 ut
872 5119 1020 5189 jam,
1054 5128 1112 5174 in
1155 5122 1391 5177 homine
1439 5125 1672 5194 misero,
1707 5142 1822 5180 non
1875 5131 2027 5183 Deus

379 5219 549 5260 verus
577 5209 633 5260 et
662 5207 966 5278 antiquus,
999 5211 1099 5266 sed
1143 5211 1323 5267 falsus
1353 5217 1411 5267 et
1444 5230 1642 5270 recens
1672 5214 2024 5283 dominetur,

379 5291 602 5349 scilicet
631 5296 728 5366 qui
763 5299 1026 5368 pecuniis
1058 5306 1265 5372 praeest
1298 5301 1512 5358 talibus
1558 5321 1892 5359 mammona
1928 5321 2025 5360 ne-

381 5380 727 5454 quissimus,
761 5391 819 5441 et
848 5405 960 5443 non
993 5393 1081 5444 est
1112 5390 1356 5445 dubium
1390 5408 1710 5462 pauperum
1749 5392 2026 5449 innocen-

379 5467 519 5523 tiam
549 5471 874 5545 displicere,
908 5478 1007 5534 ubi
1039 5481 1344 5550 praemium
1375 5479 1786 5550 comprobatur
1816 5481 2027 5538 delicta

383 5561 809 5640 commendare,
862 5568 1019 5642 quia,
1067 5569 1166 5626 ubi
1214 5585 1422 5626 aurum
1452 5565 1660 5644 placet,
1693 5572 1750 5625 et
1793 5569 2020 5628 vitium.

2145 4595 2346 4666 gorius
2394 4598 2660 4661 testatur,
2695 4594 2847 4665 quod
2899 4598 3140 4649 sanctus
3177 4595 3427 4666 Spiritus
3475 4613 3582 4666 per
3624 4612 3795 4668 pecu-

2140 4684 2298 4738 niam
2330 4683 2602 4738 venditur
2632 4688 2688 4737 et
2726 4683 3041 4748 confertur,
3076 4688 3132 4738 et
3175 4700 3278 4755 per
3307 4700 3519 4738 manus
3553 4683 3794 4757 imposi-

2140 4772 2357 4826 tionem
2381 4772 2563 4842 pretio
2587 4775 2843 4842 emptam
2867 4771 3251 4828 nihilominus
3272 4771 3528 4843 Spiritus
3553 4777 3793 4828 sanctus

2140 4860 2422 4931 accipitur
2448 4865 2505 4914 et
2534 4859 2828 4914 tribuitur.
2863 4860 3082 4931 Nempe
3115 4860 3421 4931 profitetur
3452 4862 3610 4932 quod
3643 4860 3789 4916 sacri

2139 4951 2373 5005 ordines
2403 4966 2504 5020 per
2549 4948 2940 5003 Simoniacam
2993 4949 3259 5003 haeresim
3309 4949 3703 5014 conferantur,
3732 4957 3790 5003 et

2139 5039 2294 5108 quod
2351 5038 2616 5092 homines
2671 5042 2941 5092 sanctum
2993 5037 3278 5108 Spiritum
3327 5036 3586 5106 premiis
3633 5052 3791 5092 asse-

2138 5132 2419 5198 quuntur.
2455 5126 2573 5182 lIeu
2607 5125 2826 5193 miseri,
2858 5125 3069 5197 inquit,
3105 5125 3229 5180 dies
3259 5124 3414 5180 ultra
3444 5125 3666 5191 miseri,
3688 5123 3788 5195 qui

2137 5216 2533 5271 sceleratiores
2614 5214 2934 5282 militibus,
3019 5213 3118 5269 Dei
3197 5213 3482 5269 Virtutem
3559 5219 3617 5269 et
3687 5212 3783 5267 Dei

2137 5305 2491 5376 Sapientiam
2553 5302 3052 5375 crucifigentibus,
3105 5303 3310 5357 tunica:
3368 5301 3524 5356 illius
3588 5302 3782 5356 incon-

2138 5392 2297 5447 sutili
2327 5391 2606 5446 violentas
2653 5407 2864 5445 manus
2921 5389 3162 5460 injicere
3189 5395 3247 5446 et
3304 5389 3621 5462 particulas
3675 5387 3780 5444 sibi

2136 5482 2270 5536 inde
2325 5479 2664 5536 abscindere
2723 5496 2837 5534 non
2899 5482 3198 5548 metuunt,
3259 5479 3533 5550 quodque
3595 5477 3780 5534 adhuc

2133 5574 2222 5628 est
2278 5569 2542 5645 gravius,
2601 5569 2868 5627 eamdem
2935 5567 3048 5626 sibi
3113 5572 3296 5627 totam
3337 5569 3584 5627 cessisse
3627 5565 3780 5625 arbi-
