4106 6178
213 261 367 325 1037

205 398 455 451 trantur.
520 393 662 450 Cum
724 397 877 451 enim
929 416 994 452 ex
1044 397 1332 470 peroichis
1391 399 1535 453 tanti
1597 399 1932 466 doctorisA

201 483 477 557 vestigari
507 483 794 551 debuerit,
848 486 944 542 isti
992 485 1339 560 particulam
1389 487 1690 544 sententia:
1737 488 1848 543 sibi

203 573 368 629 illam
397 573 708 645 arripiunt,
757 576 909 646 quod
952 575 1072 630 illic
1121 575 1271 631 sacri
1321 575 1555 632 ordines
1604 577 1851 632 conferri

200 663 500 731 dicuntur,
528 667 585 718 et
606 662 892 732 abjiciunt
921 665 1071 735 quod
1098 664 1314 719 ibidem
1335 682 1436 737 per
1456 665 1849 721 Simoniacam

199 751 472 807 haeresim
500 750 724 806 inserit.
759 751 866 807 Ubi
895 752 943 808 si
982 752 1237 824 simplici
1268 753 1481 809 mentis
1512 753 1680 809 oculo
1711 771 1846 810 con-

198 840 564 897 siderassent
593 840 732 911 quid
766 840 843 895 sit
873 840 1119 897 heresis
1140 845 1195 896 et
1223 841 1475 897 maxime
1495 841 1844 910 Simoniaca,

197 946 578 1002 nequaquam
595 933 866 1000 putarent
885 947 988 1002 per
1010 931 1400 988 Simoniacam
1424 931 1690 987 hatresim
1713 948 1850 988 con-

196 1019 334 1074 ferri
368 1035 586 1086 sacros,
620 1018 676 1072 id
710 1022 799 1073 est
823 1023 1077 1081 sanctos,
1113 1021 1213 1075 sed
1242 1019 1456 1092 potius.
1539 1064 1550 1074 .
1631 1061 1644 1073 .
1727 1063 1738 1074 .
1831 1061 1844 1075 .

195 1107 252 1162 id
287 1111 382 1164 est
401 1106 784 1163 exsecrabiles
811 1108 1066 1176 ordines,
1088 1111 1144 1163 et
1171 1107 1300 1165 ideo
1331 1125 1436 1164 nec
1465 1109 1721 1176 ordines,
1745 1109 1846 1164 sed

194 1213 445 1252 errores.

265 1285 642 1341 Abscindunt
666 1300 901 1356 quoque
918 1289 976 1340 et
1000 1284 1143 1340 illud
1168 1286 1323 1356 quod
1351 1308 1378 1335 «
1411 1285 1693 1357 Spiritum
1718 1302 1847 1341 san-

193 1379 358 1430 ctum
373 1374 643 1429 homines
658 1373 911 1445 praemiis
928 1391 1180 1445 assequu
1193 1379 1349 1441 ntur,
1369 1398 1395 1422 ››
1413 1391 1514 1428 nec
1530 1374 1848 1445 respiciunt

193 1465 353 1536 quod
389 1463 505 1518 illic
537 1463 758 1531 inserit,
784 1485 811 1511 ‹‹
839 1479 1012 1534 quem
1045 1479 1148 1534 per
1170 1480 1380 1517 manus
1412 1463 1843 1534 impositionem

193 1553 570 1625 omnipotens
591 1552 745 1607 Deus
775 1551 1052 1606 omnibus
1087 1551 1282 1623 largiri
1318 1552 1613 1624 dignatur,
1647 1552 1844 1606 divino

192 1659 438 1698 munere
459 1641 671 1696 habere
691 1641 1052 1712 despiciunt;
1078 1662 1104 1690 ››
1139 1642 1288 1711 quod
1316 1640 1361 1695 si
1389 1640 1841 1712 perspexissent,

191 1747 570 1804 nequaquam
602 1734 876 1802 putarent
905 1728 1134 1800 aliquos
1165 1728 1471 1784 hominum
1513 1746 1615 1800 per
1645 1730 1842 1800 cujus-

191 1837 434 1892 cunque
465 1836 674 1874 manus
707 1818 1141 1890 impositionem
1173 1824 1627 1889 quantocunque
1658 1817 1841 1890 pretio

190 1926 372 1983 posse
387 1908 657 1979 consequi
681 1906 963 1980 Spiritum
988 1910 1469 1978 sanctum,quem
1489 1906 1686 1962 divino
1719 1923 1844 1961 mu-

190 2015 332 2053 nere
365 1997 576 2052 habere
597 1994 948 2067 despiciunt.
973 1995 1273 2059 Quomodo
1295 1994 1450 2049 enim
1474 1995 1693 2050 donum
1717 2011 1840 2050 om-

190 2085 516 2157 nipotentis
543 2083 641 2138 Dei
683 2083 959 2154 consequi
1010 2083 1222 2154 poterit
1252 2082 1353 2152 qui
1384 2081 1527 2136 illud
1560 2085 1687 2154 eius
1719 2099 1843 2137 mu-

189 2191 329 2231 nere
352 2174 568 2229 habere
591 2172 931 2237 contemnit,
966 2172 1206 2243 insuper
1226 2176 1283 2226 et
1315 2171 1578 2242 pecuniis
1601 2170 1842 2242 prolatis

185 2278 528 2334 expugnare
548 2277 604 2315 et
624 2259 872 2330 diripere
891 2257 1228 2314 contendit?
1245 2256 1656 2313 miserabiliter
1674 2272 1842 2312 nam-

185 2369 302 2423 que
327 2349 547 2420 desipit
581 2348 677 2419 qui
709 2351 874 2418 putat
897 2345 1156 2417 aliquam
1171 2344 1505 2400 violentiam
1531 2362 1700 2416 posse
1720 2343 1841 2400 tieri

185 2447 299 2497 Deo
334 2437 748 2510 omnipotenti,
773 2440 838 2491 ut
865 2436 1114 2508 gratiam
1143 2452 1312 2490 suam
1337 2435 1614 2490 concedat
1642 2434 1839 2501 alicui,

183 2529 286 2602 qui
322 2529 478 2584 hanc
509 2528 660 2582 dono
693 2527 821 2596 ejus
853 2524 1106 2597 deSpicit
1148 2523 1414 2595 adipisci.
1457 2524 1540 2578 Ad
1569 2523 1710 2590 haec,
1742 2522 1841 2594 qui

183 2635 372 2692 supra
404 2615 587 2672 semel
619 2619 960 2686 conceptam
1012 2612 1441 2684 blasphemiam
1481 2612 1840 2668 defendendo

181 2709 547 2780 exaggerant
561 2703 837 2775 subjungl
864 2706 947 2758 nt:
967 2703 1026 2757 In
1044 2701 1154 2756 alio
1167 2717 1398 2773 quoque
1412 2701 1536 2756 loco
1551 2700 1841 2773 gloriosus

180 2794 508 2868 Gregorius
555 2808 850 2864 exponens
888 2791 1064 2846 verba
1109 2789 1401 2861 Evangelii
1432 2791 1584 2844 inter
1615 2794 1839 2856 caetera,

183 2886 262 2942 sic
300 2884 388 2940 ait
423 2900 437 2937 :
470 2907 496 2932 ‹‹
533 2881 711 2938 Vobis
745 2879 1149 2936 sacerdotibus
1198 2878 1406 2951 lugens
1444 2877 1669 2950 loquor,
1704 2877 1842 2950 quia

184 2971 511 3031 nonnullos
533 2976 789 3026 vestrum
818 2985 951 3024 cum
984 2966 1186 3040 pretiis
1219 2967 1404 3023 facere
1444 2967 1840 3023 ordinationes

181 3061 591 3137 agnoscimus,
640 3056 1006 3130 spiritualem
1066 3055 1316 3128 gratiam
1369 3056 1638 3124 vendere,
1675 3060 1732 3110 et
1769 3057 1839 3110 de

181 3131 398 3208 alienis
426 3147 838 3220 iniquitatibus
864 3163 996 3201 eum
1017 3145 1235 3217 peccati
1256 3145 1470 3199 damno
1495 3143 1836 3216 temporalia
1867 3131 1908 3197 C

180 3239 353 3295 lucra
383 3235 710 3293 cumulare.
744 3258 770 3283 ››
802 3236 884 3290 Et'
900 3239 1030 3306 post
1085 3250 1288 3305 pauca.
1325 3256 1352 3281 ‹‹
1387 3231 1670 3287 Columba
1698 3249 1833 3286 ven-

180 3330 372 3398 ditur,
405 3325 546 3398 quia
567 3341 777 3379 manus
801 3322 1095 3395 impositio
1118 3338 1412 3393 perquam
1437 3325 1676 3377 sanctus
1706 3319 1834 3391 Spi-

179 3417 343 3471 ritus
376 3413 596 3469 cmlitus
630 3411 930 3484 accipitur,
964 3411 1036 3465 ad
1088 3410 1337 3482 pretium
1369 3409 1678 3480 praebetur.
1714 3429 1742 3456 ››
1776 3410 1838 3463 In

181 3504 416 3576 quibus
463 3502 660 3574 utique
710 3501 860 3556 beati
911 3498 1170 3570 Gregorii
1222 3498 1412 3552 verbis
1455 3497 1503 3553 si
1553 3497 1840 3569 recipiunt

181 3593 345 3665 quod
378 3592 461 3646 ait
483 3589 796 3645 nonnullos
809 3587 1171 3660 spiritualem
1188 3587 1436 3657 gratiam
1459 3586 1722 3651 vendere,
1739 3603 1843 3640 cur

183 3681 524 3754 negligunt,
543 3680 696 3750 quod
719 3676 1043 3748 subjungit,
1062 3692 1161 3731 eos
1187 3677 1256 3729 de
1280 3675 1489 3730 alienis
1521 3675 1843 3746 iniquitati-

181 3772 295 3826 bus
349 3785 489 3822 cum
543 3771 776 3839 peccato
825 3763 1167 3835 temporalia
1212 3763 1368 3818 lucra
1400 3763 1744 3818 cumulare?
1777 3764 1845 3817 Et

183 3857 492 3930 quomodo
516 3853 838 3928 spiritualis
861 3851 1047 3924 gratia
1069 3857 1256 3924 potest
1278 3850 1397 3906 illic
1419 3853 1588 3907 vcndi
1620 3857 1677 3907 et
1707 3853 1842 3917 emi,

186 3947 287 4001 ubi
309 3944 566 4001 alterius
588 3941 1183 4014 iniquitas,emptoris
1201 3940 1674 4004 scilicet,lucrum
1700 3946 1844 3995 tem-

187 4033 419 4107 porale,
449 4031 638 4100 alteri,
673 4033 729 4086 id
763 4035 850 4087 est
878 4029 1183 4094 venditori,
1217 4047 1351 4084 curn
1383 4035 1616 4100 peccato
1647 4047 1848 4085 cumu-

187 4123 316 4180 lat?
353 4124 496 4187 Quae
525 4122 683 4177 enim
720 4117 1047 4192 spiritualis
1073 4117 1260 4190 gratia
1289 4117 1498 4189 poterit
1527 4118 1651 4172 dari
1679 4125 1732 4173 et
1754 4136 1848 4173 ac-

188 4213 326 4286 cipi,
370 4212 475 4266 ubi
509 4209 812 4281 utriusque
843 4207 1126 4279 iniquitas
1168 4207 1501 4262 ostenditur
1529 4207 1753 4278 operari
1777 4207 1851 4262 si-

187 4302 467 4373 quidem,
482 4303 548 4353 ut
570 4297 816 4353 dilectus
833 4295 1063 4352 Domini
1080 4296 1336 4350 Joannes
1349 4295 1585 4350 asserit:
1609 4315 1629 4341 α
1647 4295 1850 4350 Omnis

186 4389 290 4461 qui
327 4387 476 4444 facit
492 4390 792 4458 peccatum
821 4389 879 4440 et
901 4384 1272 4455 iniquitatem
1298 4382 1524 4449 facit,et
1547 4387 1849 4455 peccatum

813 261 1222 328 ADVERSUS
1270 259 1751 330 SIMONIACOS
1796 261 2000 328 LIBRI
2046 261 2273 329 TRES.
2305 299 2382 311 -
2413 263 2641 331 LIBER
2689 267 3008 333 PRIMUS.

3453 273 3610 339 1038

2587 403 2823 458 CAPUT
2864 401 2978 458 XV.

2033 489 2105 543 De
2131 491 2372 561 propriis
2401 494 2451 545 et
2483 493 2799 562 impropriis
2828 491 3174 560 dictionibus,
3207 497 3258 547 et
3289 497 3530 554 vanitate

2555 564 2591 616 S
2597 564 2667 616 im
2675 579 2739 618 on
2749 565 2864 617 iaco
2870 579 3012 617 rum.

2030 666 2160 722 Haec
2195 667 2373 740 igitur
2400 672 2456 722 et
2499 668 2837 739 hujusmodi
2879 669 3334 726 orthodoxorum
3367 671 3601 730 Patrum

1960 755 2112 809 dicta
2143 755 2190 810 si
2219 755 2312 827 pia
2343 772 2482 811 aure
2512 757 2815 813 audissent
2860 762 2918 813 et
2965 757 3234 814 catholici
3283 760 3476 818 cordis
3506 779 3604 818 ore

1961 843 2380 908 ruminassent,
2425 845 2778 915 tandemque
2809 846 3117 901 nobiscum
3149 847 3433 919 Spiritum
3466 867 3601 907 san-

1959 935 2117 986 ctum
2150 949 2254 986 nec
2287 949 2456 1004 posse
2483 935 2653 988 vendi
2687 951 2790 989 nec
2821 934 3146 1006 comparari
3178 937 3600 1008 praedicarent;

1958 1020 2057 1076 sed
2081 1037 2248 1075 suam
2276 1021 2710 1078 damnationem
2728 1022 3088 1095 negligentes
3111 1029 3211 1079 aut
3225 1025 3602 1084 dissimulan-

1955 1109 2648 1181 tes,suscipiuntquidem
2663 1112 2979 1184 improprie
2991 1112 3340 1170 etusualiter
3360 1113 3600 1187 loquen-

1953 1201 2041 1254 tes
2067 1202 2298 1252 sanctos
2337 1199 2555 1267 Patres,
2589 1202 2688 1256 sed
2739 1205 3023 1273 respuunt
3054 1205 3283 1274 preprie
3313 1207 3371 1258 et
3418 1221 3596 1277 regu-

1955 1286 2154 1342 lariter
2178 1286 2404 1358 seipsos
2433 1295 2805 1360 exponentes.
2859 1289 3150 1346 Usualiter
3179 1291 3472 1362 siquidem
3503 1293 3593 1349 vel

1956 1375 2268 1446 improprie
2301 1376 2359 1429 Β.
2380 1376 2692 1448 Gregorius
2726 1377 2985 1448 loquitur
3014 1379 3110 1433 ubi
3145 1379 3285 1434 dicit
3315 1382 3469 1451 quod
3501 1399 3597 1438 sa-

1956 1464 2036 1518 cri
2068 1464 2301 1519 ordines
2334 1482 2364 1517 a
2409 1465 2625 1520 talibus
2679 1467 3051 1521 conferantur
3079 1486 3091 1534 ;
3125 1469 3223 1522 red
3257 1469 3598 1539 regulariter

1954 1557 2009 1606 et
2034 1553 2264 1623 proprie
2296 1554 2677 1625 semetipsum
2711 1554 2944 1626 exponit
2967 1556 3108 1625 quid
3133 1556 3203 1610 de
3234 1554 3350 1610 illis
3382 1557 3596 1612 ordini-

1953 1641 2063 1696 bus
2087 1640 2328 1711 intelligi
2355 1641 2510 1708 velit,
2545 1643 2640 1696 ubi
2678 1643 2900 1710 inserit,
2927 1661 3028 1715 per
3057 1644 3448 1700 Simoniacam
3480 1646 3595 1700 ha:-

1952 1729 2127 1784 resim
2138 1773 2152 1797 ,
2167 1746 2355 1800 neque
2369 1731 2688 1802 quidquam
2711 1731 3033 1802 spiritualis
3047 1732 3244 1803 gratiae
3263 1733 3596 1805 intervenit,

1953 1817 2053 1871 ubi
2069 1816 2326 1888 maligna
2339 1816 2577 1872 haeresis
2599 1818 2906 1872 mediatrix
2919 1817 3110 1872 fuerit.
3135 1817 3228 1872 Sic
3250 1818 3393 1872 etibi
3417 1835 3595 1874 usua-

1951 1905 2082 1960 liter
2123 1904 2400 1977 loquitur,
2447 1905 2545 1959 ubi
2595 1905 2735 1960 dicit
2787 1906 2941 1976 quod
2999 1905 3268 1961 homines
3313 1906 3594 1978 Spiritum

1951 2000 2220 2050 sanctum
2248 1994 2930 2065 przemiisassequuntur,
2956 1995 3055 2049 sed
3088 1994 3437 2066 regulariter
3466 2011 3594 2051 sese

1950 2085 2204 2156 exponit,
2237 2083 2378 2155 quid
2411 2085 2565 2155 quod
2594 2083 2839 2155 intelligi
2861 2082 3014 2150 velit,
3050 2083 3146 2138 ubi
3188 2083 3396 2138 inserit
3416 2101 3592 2156 quem

1952 2172 2149 2228 divino
2182 2189 2422 2227 munere
2451 2172 2666 2227 habere
2696 2171 3047 2243 despiciunt.
3088 2171 3228 2236 Quis
3279 2171 3436 2228 enim
3467 2173 3595 2229 sine

1951 2262 2066 2316 Deo
2098 2260 2382 2332 Spiritum
2402 2264 2696 2323 sanctum,
2719 2259 2939 2315 scilicet
2967 2260 3187 2315 donum
3207 2262 3355 2331 ejus,
3382 2261 3595 2318 habere

1950 2351 2174 2422 potest?
2207 2350 2404 2421 Neque
2426 2350 2581 2405 enim
2607 2349 2764 2404 aliud
2797 2349 2972 2416 Deus,
2999 2349 3157 2404 aliud
3188 2350 3410 2405 donum
3441 2351 3594 2420 ejus,

1951 2440 2006 2495 id
2039 2444 2127 2496 est
2149 2439 2402 2510 Spiritus
2444 2441 2709 2502 sanctus,
2743 2437 3013 2508 quamvis
3043 2437 3249 2492 merito
3281 2437 3509 2493 dicatur
3538 2443 3597 2494 et

1951 2531 2028 2585 sit
2057 2528 2228 2584 alius.
2262 2527 2410 2592 Quid
2439 2527 2651 2582 modus
2672 2525 2982 2581 locutionis
3000 2529 3118 2580 tam
3141 2527 3343 2581 creber
3372 2527 3430 2581 in
3453 2527 3595 2584 divi-

1951 2619 2042 2674 nis
2062 2616 2151 2672 vel
2182 2616 2457 2672 humanis
2479 2614 2767 2686 reperitur
2787 2613 3016 2679 litteris,
3042 2630 3144 2668 seu
3171 2613 3345 2669 etiam
3368 2614 3428 2668 in
3451 2631 3592 2685 quo-

1949 2704 2186 2761 tidianis
2216 2702 2788 2760 confabulationibus
2819 2701 3057 2763 nostris,
3091 2704 3154 2754 ut
3185 2700 3359 2772 prisci
3389 2717 3590 2773 gram-

1951 2794 2145 2850 matici
2187 2791 2423 2865 proprio
2444 2797 2631 2863 tropo,
2664 2790 2766 2861 qui
2799 2788 3161 2844 catachresis
3191 2788 3423 2859 dicitur,
3455 2806 3590 2845 cum

1949 2883 2173 2951 donari,
2205 2881 2292 2936 vel
2324 2880 2553 2936 odorari
2605 2878 3031 2934 consueverint.
3069 2877 3251 2948 Cujus
3281 2879 3457 2934 etiam
3488 2896 3589 2936 vo-

1946 2971 2138 3028 cabuli
2169 2969 2287 3026 vim
2321 2968 2513 3024 taliter
2541 2969 2804 3023 edocent.
2857 2966 3264 3023 Cathachresis
3294 2972 3385 3023 est
3416 2984 3589 3025 usur-

1947 3061 2100 3134 patio
2131 3058 2305 3116 alieni
2338 3057 2610 3124 nominis,
2654 3061 2718 3112 ut
2765 3056 3009 3128 piscina,
3063 3073 3196 3112 cum
3244 3057 3434 3129 pisces
3468 3075 3583 3113 non

1947 3150 2175 3205 habeat.
2210 3149 2295 3202 Fit
2321 3162 2457 3217 ergo
2487 3149 2651 3216 tropo
2675 3145 2802 3211 hoc,
2828 3149 2892 3199 ut
2912 3162 3002 3200 res
3023 3161 3135 3201 non
3158 3144 3381 3201 habens
3411 3161 3587 3201 suum

1947 3254 2157 3293 nomen
2186 3238 2430 3306 usurpet
2459 3233 2736 3289 alienum.
2785 3234 2985 3305 Itaque
3015 3239 3244 3290 constat
3275 3234 3384 3290 hoc
3414 3236 3584 3290 modo

1948 3330 2182 3382 sanctos
2214 3325 2412 3378 Patres
2445 3327 2674 3377 nostros
2697 3321 2888 3378 aliena
2908 3323 3148 3378 nomina
3177 3324 3286 3378 rite
3303 3341 3371 3379 ex
3391 3323 3590 3395 aliqua

1946 3431 2142 3471 rerum
2166 3409 2549 3468 similitudine
2580 3427 2915 3482 usurpasse,
2949 3411 3047 3466 ubi
3078 3413 3161 3467 eis
3190 3413 3444 3484 propria,
3466 3429 3595 3486 quae

1952 3505 2151 3574 utique
2184 3517 2368 3574 pauca
2397 3505 2554 3566 sunt,
2589 3503 2647 3554 et
2671 3499 2988 3570 aliquando
3040 3501 3362 3558 narrationi
3395 3503 3595 3558 minus

1951 3597 2087 3664 apta
2119 3587 2406 3660 contingit
2438 3606 2550 3643 non
2584 3588 2806 3643 adesse.

2025 3680 2185 3735 Unde
2216 3696 2348 3733 cum
2382 3677 2618 3748 plurimi
2652 3676 2774 3743 alii,
2809 3682 2930 3732 tum
2954 3677 3128 3732 etiam
3154 3678 3215 3731 Β.
3251 3694 3403 3749 papa
3432 3682 3600 3732 Inno-

1953 3769 2179 3824 centius
2211 3767 2352 3822 dicit
2383 3766 2669 3837 quosdam
2697 3766 2767 3819 ab
2799 3765 3084 3820 haereticis
3115 3765 3428 3832 ordinatos,
3463 3782 3597 3820 cum

1955 3857 2152 3913 statim
2187 3857 2410 3910 astruat
2441 3853 2586 3907 nihil
2609 3870 2676 3906 ex
2708 3851 2809 3905 illa
2828 3853 3194 3906 ordinatione
3217 3853 3330 3907 nisi
3361 3853 3601 3908 damna-

1955 3946 2172 3999 tionem
2192 3944 2452 4012 adeptos.
2479 3941 2639 4006 Quod
2663 3939 2710 3994 si
2738 3940 2967 4010 proprie
2989 3939 3235 4011 loquens
3261 3940 3505 3996 dixisset
3528 3941 3601 3996 ab

1957 4031 2584 4096 baereticisdamnatos,
2610 4032 2910 4098 putaretur
2925 4029 3140 4084 dixisse
3163 4028 3387 4101 aliquos
3403 4030 3603 4086 catho-

1959 4122 2101 4176 licos
2130 4121 2200 4174 ab
2237 4116 2520 4171 hmreticis
2569 4117 2864 4187 depositos
2903 4121 3002 4171 aut
3047 4119 3602 4174 excommunicatos.

1962 4209 2110 4276 Quin
2131 4206 2306 4262 etiam
2332 4205 2455 4276 ipse
2478 4205 2538 4258 B.
2563 4204 2895 4276 Gregorius,
2918 4223 3034 4276 qua
3056 4207 3376 4262 intentione
3407 4224 3604 4262 sacros

1958 4297 2191 4354 ordines
2205 4312 2239 4350 a
2251 4293 2464 4350 talibus
2477 4293 2722 4348 conferri
2736 4293 2822 4348 vel
2834 4294 3199 4366 spiritualcm
3214 4297 3461 4367 gratiam
3478 4313 3608 4350 ven-

1961 4389 2042 4454 di,
2076 4391 2176 4442 aut
2196 4385 2331 4451 emi,
2359 4389 2414 4438 et
2444 4383 2784 4454 hujusmodi
2801 4389 3009 4440 caatera
3031 4385 3257 4451 dixerit,
3274 4384 3331 4437 in
3353 4384 3465 4437 line
3487 4399 3607 4438 suae

186 4484 279 4535 est
314 4475 647 4548 iniquitas?
683 4475 965 4545 ›)(1ι1οαηο
1001 4491 1081 4540 ιιι,
1108 4473 1181 4543 4ο)
1218 4472 1388 4528 AbSit
1408 4473 1756 4544 ergO,absit,
1789 4476 1855 4528 ut
1888 4492 1932 4555 ί)
1966 4475 2317 4533 narrationis
2342 4473 2619 4539 ostendit,
2646 4473 2742 4528 ubi
2767 4477 3123 4545 protestatur
3142 4471 3608 4527 benedictionem

188 4566 464 4639 Spiritus
511 4568 751 4620 sanctus
805 4562 1092 4617 mediator
1139 4561 1510 4632 aliquatenus
1539 4562 1860 4617 aestimetur

185 4656 280 4711 vel
311 4661 447 4712 tam
479 4653 751 4725 turpibus
783 4655 840 4706 et
870 4650 1135 4706 nefandis
1175 4649 1561 4718 commerciis,
1596 4650 1693 4704 ubi
1726 4650 1860 4705 hinc

189 4745 334 4799 inde
361 4741 650 4813 iniquitas
668 4740 982 4796 comitatur
1002 4744 1056 4794 et
1077 4737 1440 4794 dominatur!
1463 4737 1586 4793 Non
1609 4755 1745 4810 ergo
1767 4755 1860 4794 co-

189 4831 415 4888 lumba
443 4831 739 4901 venditur,
775 4847 886 4884 non
911 4827 1144 4895 emitur,
1179 4829 1274 4883 sed
1309 4826 1581 4882 vendivel
1616 4827 1730 4882 emi
1763 4845 1862 4899 pu-

188 4925 386 4988 tatur,
406 4923 512 4974 aut
524 4919 752 4975 videtur
766 4936 799 4974 a
821 4916 1120 4989 sacrilegis
1140 4920 1195 4971 et
1216 4915 1668 4988 stultis,quoties
1686 4933 1864 4987 prava

190 5025 427 5066 manus
457 5025 659 5064 eorum
694 5005 990 5079 impositio
1023 5006 1092 5062 ad
1127 5006 1380 5078 pretium
1416 5006 1724 5076 praebetur.
1760 5005 1864 5060 Per

191 5116 390 5171 quam
417 5102 637 5164 tamen,
661 5095 1132 5166 quandocunque
1153 5095 1217 5148 fit
1239 5094 1309 5148 ab
1327 5093 1440 5149 illis
1459 5110 1706 5165 quorum
1729 5094 1866 5148 inte-

193 5193 348 5254 rest,
383 5187 643 5258 Spiritus
677 5189 918 5240 sanctus
936 5182 1164 5239 cmlitus
1183 5181 1488 5253 accipitur,
1523 5182 1620 5252 qui
1647 5181 1865 5237 nullam

193 5293 428 5330 manus
459 5291 662 5330 eorum
715 5273 1148 5345 impositionem
1200 5270 1625 5340 negotiatorum
1665 5271 1868 5343 quales

192 5365 469 5420 diximus
493 5363 695 5436 aliqua
724 5379 791 5417 ex
823 5367 982 5434 parte
1005 5361 1194 5432 gratia
1216 5377 1323 5416 sua
1345 5361 1644 5432 dignatur,
1677 5361 1777 5416 sed
1801 5378 1870 5416 ex

193 5453 595 5510 damnatione
648 5450 772 5508 sola
820 5451 1013 5508 taliter
1062 5453 1298 5522 accepta
1347 5451 1562 5522 pariter
1607 5467 1866 5507 exsecra-

194 5547 331 5603 tur.

1967 4565 2085 4620 illis
2115 4565 2174 4618 in
2208 4561 2675 4618 maledictionem
2699 4561 2975 4628 converti,
3001 4561 3138 4616 etad
3159 4560 3264 4614 hoc
3283 4557 3611 4630 promoveri

1973 4651 2474 4710 utfianthznretici.
2499 4650 2584 4704 Ad
2605 4651 2757 4720 quod
2775 4650 2862 4704 fac
2884 4665 2994 4703 nus
3007 4648 3441 4704 emendandum
3457 4646 3613 4718 quis-

1971 4743 2123 4815 quis,
2175 4741 2347 4797 ot'licii
2394 4739 2483 4795 sui
2543 4737 3024 4802 consideratione,
3075 4737 3449 4792 vehementer
3496 4752 3612 4791 non

1971 4831 2288 4896 exarderet,
2323 4845 2451 4883 cum
2476 4831 2708 4881 auctore
2759 4825 2936 4895 hujus
2969 4825 3257 4881 haereseos
3287 4825 3614 4897 portionem

1971 4937 2033 4975 se
2057 4918 2395 4974 habiturum
2415 4915 2820 4969 incunctanter
2841 4914 3050 4969 sciret?
3065 4914 3180 4970 Hoc
3195 4931 3425 4987 quoque
3443 4913 3615 4969 modo

1971 5007 2286 5062 locutionis
2310 5019 2452 5075 pene
2470 5001 2729 5073 quotidie
2756 5003 2970 5058 dicitur
2990 5003 3384 5075 quisvendere
3406 5004 3612 5069 Deum,

1973 5113 2106 5151 cum
2132 5093 2426 5166 justitiam
2466 5090 2682 5157 vendit,
2719 5107 2852 5144 cum
2885 5097 3109 5148 constet
3141 5099 3412 5148 neutrum
3446 5105 3618 5162 posse

1972 5183 2165 5248 vendi,
2201 5183 2301 5237 sed
2349 5186 2664 5250 utrumque
2714 5181 2897 5250 pretio
2928 5181 3181 5248 oti'endi;
3234 5195 3422 5250 neque
3458 5176 3617 5232 enim

1973 5271 2241 5327 venditor
2267 5269 2423 5323 aliud
2449 5268 2711 5323 concedit
2746 5268 2856 5323 nisi
2888 5269 3224 5336 falsitatem,
3258 5283 3362 5321 nec
3393 5269 3621 5336 emptor

1975 5361 2116 5417 diud
2151 5357 2361 5429 accipit
2402 5358 2511 5412 nisi
2563 5358 2852 5423 eamdem,
2882 5375 2984 5430 pro
3011 5375 3126 5429 qua
3156 5371 3356 5428 parem
3387 5355 3620 5426 utrique

1975 5449 2282 5505 incurrunt
2297 5447 2753 5502 damnationem.
2770 5448 2839 5503 Et
2860 5451 3051 5502 tamen
3076 5462 3211 5503 cum
3229 5449 3471 5517 uterque
3491 5459 3622 5501 vere

1979 5539 2056 5598 sit
2080 5553 2238 5610 reus,
2257 5539 2314 5594 et
2334 5552 2442 5594 sua
2461 5535 2651 5612 ipsius
2677 5537 3032 5598 conscientia
3045 5539 3190 5598 teste
3207 5535 3620 5612 uterquedam-
