4090 6176
434 369 593 432 1039

1487 353 1898 438 HUMGER'I‘I
1945 362 2009 425 S.
2057 360 2133 425 R.
2177 358 2251 425 E.
2297 355 2789 425 CARDINALIS.

3677 360 3845 426 1040

431 510 606 560 natus
638 518 790 557 unus
814 515 1015 557 eorum
1039 496 1224 572 judex
1252 496 1491 553 abusive
1520 498 1753 563 dicitur,
1778 496 1922 552 alter
1942 513 2071 552 vero
2100 499 2153 565 Α
2182 497 2238 569 8)
2262 519 2290 547 ››
2316 498 2384 551 Et
2407 497 2616 552 iterum
2642 514 2654 551 :
2684 518 2710 546 ι‹
2733 496 3179 552 Confundantur
3214 510 3417 551 omnes
3451 494 3553 567 qui
3585 470 3845 553 adorant

433 593 759 658 absolutus,
780 606 913 645 cum
935 587 1131 661 potius
1152 586 1230 643 sit
1259 586 1568 657 obligatus.
1601 586 1694 641 Sic
1715 590 1769 641 et
1787 586 1936 658 apud
1961 586 2075 641 haz-

431 682 641 738 reticos
683 678 961 735 dicuntur
999 694 1128 733 esse
1159 675 1437 748 episcopi,
1472 676 1824 741 sacerdotes,
1855 680 1914 731 et
1945 674 2075 729 reli-

435 785 686 843 quorum
717 768 1010 833 ordinum,
1033 764 1191 835 cleri,
1210 763 1484 832 ecclesiae,
1503 763 1921 833 ordinationes,
1941 781 2076 818 con-

436 858 807 924 secrationes,
840 854 1124 912 sacrificia
1142 858 1199 909 et
1220 853 1444 926 reliqua
1464 853 1663 908 omnia
1690 852 2074 919 sacramenia,

438 949 539 1006 sed
570 946 804 1003 nomine
831 950 1003 1001 tenus
1031 948 1089 999 et
1116 943 1307 1015 specie
1336 948 1509 998 tenus
1540 946 1788 1008 tantum,
1820 959 1936 997 non
1969 959 2076 997 au-

436 1042 560 1093 tem
588 1036 785 1107 aliqua
813 1035 1029 1089 virtute
1056 1037 1113 1089 et
1134 1033 1373 1089 veritate
1399 1034 1659 1104 ipsarum
1711 1047 1928 1086 rerum.
1962 1031 2075 1085 Nec

437 1125 674 1194 mirum,
690 1141 824 1181 cum
847 1128 904 1179 et
920 1122 1075 1195 apud
1092 1122 1355 1177 ethnicos
1371 1137 1517 1191 pene
1534 1120 1730 1175 omnia
1745 1123 2075 1174 nostrorum

433 1219 934 1271 sacramentorum
966 1211 1206 1267 nomina
1226 1210 1608 1281 reperiantur,
1635 1208 1850 1280 quibus
1879 1213 2075 1262 tamen

434 1303 624 1359 solum
648 1302 1039 1373 sacrilegium,
1065 1316 1179 1352 non
1197 1302 1391 1353 autem
1407 1297 1665 1367 aliquam
1684 1296 2075 1362 sanctitatem,

433 1397 537 1448 aut
556 1391 853 1446 veritatem
874 1390 1087 1457 inesse,
1129 1403 1299 1441 nemo
1323 1385 1430 1440 nisi
1460 1386 1702 1439 insanus
1724 1385 2073 1440 arbitratur:

433 1479 723 1551 quidquid
748 1478 904 1533 enim
929 1477 1053 1531 sine
1077 1476 1186 1529 ﬁde
1210 1480 1298 1528 est
1320 1479 1617 1545 peccatum
1654 1479 1742 1529 est
1762 1474 1932 1543 (Item.
1958 1490 2073 1537 xw,

431 1568 546 1639 23'.)
564 1570 925 1638 Quapropter
944 1564 1282 1634 nullusjam
1310 1567 1649 1634 usurpatus,
1673 1564 1807 1617 etin
1832 1563 2079 1634 propriis

434 1655 790 1712 dictionibus
811 1654 1087 1708 seductus
1108 1670 1141 1707 a
1162 1652 1395 1724 propria
1425 1658 1480 1706 et
1518 1651 1723 1706 intima
1746 1668 2076 1706 sacramen-

432 1750 627 1801 torum
653 1743 891 1799 veritate
922 1742 1170 1811 aberret,
1204 1745 1269 1795 ut
1305 1741 1520 1805 credat,
1565 1746 1668 1795 aut
1716 1740 1987 1812 prmdicet
2017 1756 2079 1795 se

434 1831 522 1888 vel
543 1847 898 1904 quemquam
928 1829 1106 1884 alium
1130 1828 1310 1902 gratis
1346 1833 1446 1883 aut
1470 1846 1582 1883 non
1616 1829 1795 1900 gratis
1820 1829 2079 1900 accipere
2110 1867 2157 1929 Β

436 1936 608 1994 posse
631 1938 666 1977 a
685 1918 966 1992 quolibet,
989 1917 1131 1989 quia
1167 1919 1319 1989 quod
1354 1918 1560 1989 quaerit
1587 1934 1691 1973 nec
1711 1917 1940 1989 accipit,
1975 1934 2080 1972 nec

435 2009 630 2066 habet.
661 2006 1032 2074 Quantolibet
1059 2006 1218 2063 enim
1250 2005 1447 2062 studio
1471 2004 1705 2078 piscinae
1749 2002 2079 2073 incumbas,

437 2101 538 2154 aut
566 2098 826 2166 insistas,
861 2100 928 2152 ut
959 2096 1146 2168 pisces
1176 2094 1303 2164 tibi,
1344 2110 1490 2166 quos
1536 2094 1677 2166 quia
1716 2111 1829 2149 non
1861 2094 2085 2166 accepit

439 2205 553 2244 non
572 2187 771 2254 habet,
795 2204 864 2241 ex
894 2202 960 2241 eo
998 2185 1215 2255 capias,
1261 2183 1404 2238 nihil
1442 2182 1548 2237 tibi
1588 2200 1797 2238 nomen
1839 2184 1967 2254 ejus
1996 2199 2084 2255 vel

440 2276 520 2333 rei
543 2275 866 2331 similitudo
889 2273 998 2328 nisi
1024 2289 1232 2327 vanam
1257 2272 1658 2343 fatigationem
1681 2276 1939 2343 pra-stat,
1964 2275 2081 2330 sive

440 2365 642 2437 gratis,
676 2364 796 2418 sive
826 2378 940 2416 non
973 2360 1156 2433 gratis
1185 2361 1243 2415 id
1275 2360 1491 2433 exigas.
1526 2360 1726 2415 Restat
1755 2377 1890 2433 ergo
1914 2368 1979 2415 ut
1998 2363 2083 2417 Si-

442 2451 690 2508 moniaci
712 2450 1040 2507 sacerdotes
1061 2465 1193 2504 cum
1218 2448 1348 2503 aliis
1370 2448 1654 2503 haereticis
1676 2450 1747 2503 ad
1787 2466 2086 2522 compara-

441 2540 657 2597 tionem
682 2539 1050 2596 sacerdotum
1073 2536 1173 2609 qui
1195 2536 1385 2609 gratia
1403 2535 1502 2592 Dei
1525 2541 1663 2592 sunt
1683 2537 1740 2591 id
1765 2538 1918 2609 quod
1944 2543 2085 2594 sunt

442 2632 491 2703 (Ι
517 2631 636 2687 Cor.
664 2647 757 2696 xv,
781 2627 893 2701 40),
921 2644 1035 2683 non
1074 2626 1393 2699 incongrue
1432 2624 1832 2682 assimilentur
1852 2631 2082 2683 statun-

442 2717 712 2790 culis,vel
726 2717 850 2775 auri
874 2716 1214 2790 argentique
1227 2714 1580 2782 simulacris,
1601 2732 1748 2787 quae,
1765 2715 1918 2771 sicut
1933 2716 2088 2772 Psal-

442 2809 618 2866 mista
646 2806 803 2864 canit
833 2831 852 2857 ιι
880 2823 945 2863 os
984 2805 1219 2872 habent,
1262 2807 1319 2860 et
1349 2821 1465 2860 non
1495 2803 1848 2876 loquentur;
1882 2803 2083 2861 oculos

441 2899 678 2965 habent,
711 2901 769 2953 et
799 2913 913 2952 non
943 2894 1261 2962 videbunt;
1284 2910 1454 2949 aures
1485 2891 1724 2960 habent,
1749 2898 1806 2949 et
1843 2911 1958 2949 non
1982 2911 2086 2949 au-

442 2990 605 3046 dient
627 3006 640 3057 ;
664 3003 834 3044 nares
857 2984 1092 3053 habent,
1117 2987 1172 3039 et
1193 3000 1306 3039 non
1337 2982 1700 3051 odorabunt;
1725 3000 1831 3039 nec
1861 2988 1949 3039 est
1969 2984 2086 3056 spi-

443 3079 595 3135 ritus
624 3075 684 3133 in
714 3092 811 3132 ore
840 3074 1126 3147 ipsorum.
1159 3072 1365 3127 Manus
1396 3071 1612 3127 habent
1641 3075 1697 3127 et
1734 3088 1849 3127 non
1883 3071 2090 3145 palpa-

443 3172 584 3224 sunt
609 3184 624 3234 ;
650 3165 825 3240 pedes
852 3163 1071 3219 habent
1087 3164 1144 3217 et
1165 3177 1277 3216 non
1300 3159 1689 3216 ambulabunt
1714 3178 1726 3228 ;
1748 3178 1859 3216 non
1878 3161 2090 3217 clama-

2184 584 2498 657 sculptilia,
2522 589 2579 640 et
2600 584 2697 656 qui
2718 584 3115 656 glorianturin
3152 583 3487 641 simulacris
3516 584 3645 640 suis
3660 587 3841 654 (Psal.

2183 691 2331 741 XCVI,
2354 676 2431 742 7).
2470 696 2496 723 »
2522 673 2723 729 Nonne
2756 672 3080 746 gloriantur
3128 674 3187 728 in
3219 673 3553 729 simulacris
3581 674 3717 731 suis
3742 674 3844 747 qui

2186 763 2500 835 praedicant
2529 768 2687 818 ratas
2717 762 3179 818 consecrationes
3209 762 3335 818 fieri
3374 780 3409 819 a
3436 763 3801 820 Simoniacis
3820 765 3849 819 ‘i

2186 852 2348 907 Unde
2371 868 2608 909 necesse
2626 855 2717 907 est
2745 851 3199 919 confundantur,
3240 851 3398 924 quia,
3430 853 3590 924 quod
3612 857 3851 911 constat

2186 957 2300 995 non
2323 944 2653 1011 acceptum,
2686 956 2793 996 nec
2813 940 2996 1012 pretio
3027 940 3240 1012 poterit
3278 941 3527 996 conferri
3552 942 3846 1014 cuiquam

2185 1028 2513 1084 hominum.
2545 1030 2615 1084 Et
2635 1028 2774 1101 quia
2803 1030 2959 1101 quod
2983 1029 3394 1102 unusquisque
3425 1029 3585 1097 colit,
3620 1030 3743 1087 hoc
3763 1032 3845 1101 ﬁt,

2185 1116 2563 1173 simulacrum
2588 1119 2651 1172 tit
2670 1117 2770 1190 qui
2795 1116 3180 1173 simulacrum
3207 1117 3367 1187 colit,
3402 1118 3560 1174 sicut
3587 1119 3757 1175 Deus
3788 1120 3849 1176 fit

2186 1206 2482 1277 quiDeum
2502 1205 2660 1274 colit,
2676 1206 2884 1278 gratia,
2910 1210 3104 1261 tamen
3122 1223 3236 1261 non
3254 1211 3486 1274 natura,
3501 1212 3570 1262 ut
3582 1208 3671 1263 ait
3693 1207 3847 1264 Psal-

2187 1294 2397 1349 mista:
2450 1297 2557 1365 Ego
2608 1295 2766 1349 dimi:
2818 1295 2911 1349 Dii
2950 1296 3080 1349 estis
3123 1294 3277 1365 (Psal
3325 1313 3492 1351 LXXXI
3541 1297 3622 1369 6).
3685 1298 3846 1354 Unde

2186 1382 2512 1437 avarissimi
2547 1382 2835 1449 homines,
2870 1383 3176 1454 pecuniam
3218 1387 3500 1455 tanquam
3532 1385 3723 1441 deum
3753 1404 3843 1441 co-

2186 1470 2370 1526 lentes
2405 1472 2683 1537 alienum,
2718 1472 3180 1543 omnipotentem
3232 1489 3381 1538 eam,
3434 1474 3596 1529 sicut
3628 1477 3843 1547 pagani

2187 1577 2569 1632 quoscunque
2589 1562 2728 1616 deos
2750 1578 2909 1626 suos,
2935 1561 3250 1627 aestimant,
3275 1561 3332 1615 in
3365 1566 3604 1618 tantum
3630 1570 3700 1619 ut
3725 1566 3847 1637 Spi-

2188 1650 2364 1704 ritum
2398 1654 2666 1705 sanctum
2721 1649 2831 1705 sibi
2888 1650 3176 1720 subjicere
3224 1651 3551 1722 praevaleat.
3599 1654 3673 1709 Et
3721 1671 3848 1711 sese

2188 1739 2551 1810 majestatem
2582 1738 2935 1793 immensam
2978 1738 3167 1793 metiri
3218 1745 3518 1807 conantes,
3559 1744 3688 1815 qui,
3725 1744 3847 1800 viso

2189 1844 2453 1892 nummo,
2479 1826 2586 1899 ipsi
2614 1827 2856 1898 pallent,
2878 1832 2935 1883 et
2959 1828 3027 1883 ad
3048 1830 3176 1899 ejus
3196 1834 3405 1885 nutum
3430 1830 3631 1903 fasque
3656 1833 3852 1889 nefas-

2194 1933 2304 1988 quc
2322 1920 2606 1981 exercent,
2626 1916 2865 1970 omnino
2887 1917 3133 1971 credunt
3165 1917 3281 1973 Deo
3307 1918 3525 1990 placere
3541 1921 3846 1994 quaeipsis

2192 2022 2307 2061 non
2325 2008 2515 2077 potest
2530 2022 2647 2059 non
2665 2004 2894 2076 placere
2918 2023 2931 2074 ;
2956 2022 3209 2078 quorum
3240 2007 3519 2064 insaniam
3540 2009 3843 2068 Satiricus

2190 2093 2365 2150 etiam
2393 2093 2691 2166 redarguit
2717 2092 2802 2150 sic
2829 2112 2842 2150 :

2379 2210 2565 2260 Curvae
2595 2209 2650 2258 in
2671 2210 2826 2259 terris
2845 2210 3059 2270 animae,
3088 2214 3141 2260 et
3169 2212 3464 2264 caelestium
3494 2215 3708 2266 inanes.

2379 2272 2515 2342 Quid
2539 2271 2703 2342 juvat
2721 2272 2823 2321 hoc
2850 2274 3305 2342 templisnostros
3333 2276 3615 2342 immittere
3645 2293 3852 2342 mores,

2378 2337 2441 2385 Et
2468 2335 2607 2384 bona
2634 2335 2735 2384 diis
2764 2349 2828 2384 ex
2856 2335 2958 2384 hac
2978 2335 3235 2387 scelerata
3254 2338 3448 2388 ducere
3477 2341 3642 2404 culpa
3659 2343 3690 2389 τ

2263 2450 2425 2514 Quod
2458 2450 2507 2506 si
2536 2450 2823 2517 ethnicus,
2856 2450 3080 2507 ratione
3110 2452 3354 2521 abusus,
3389 2452 3659 2513 crederet
3693 2458 3859 2520 idola

2195 2539 2333 2595 deos
2354 2556 2481 2595 esse
2503 2540 2950 2612 omnipotentes,
2976 2545 3032 2596 et
3065 2542 3249 2597 totius
3271 2543 3406 2598 boni
3444 2551 3749 2618 auctores,
3778 2555 3855 2607 ta-

2197 2644 2350 2696 men,
2377 2633 2657 2701 tanquam
2681 2628 2962 2684 rationale
2984 2630 3223 2697 animal,
3241 2631 3465 2688 ratione
3478 2634 3548 2689 ad
3564 2634 3682 2693 hoc
3698 2641 3858 2695 trac-

2195 2722 2290 2773 tus
2310 2721 2398 2772 est
2419 2721 2484 2771 ut
2503 2734 2651 2788 quos
2673 2717 2943 2773 credebat
2957 2735 3186 2774 summe
3198 2720 3403 2789 bonos,
3419 2733 3859 2797 consequenter

2196 2821 2427 2877 quoque
2456 2806 2713 2861 crederet
2734 2823 2849 2861 non
2881 2823 3051 2878 posse
3089 2808 3174 2864 eis
3203 2807 3430 2881 placere
3463 2812 3720 2872 vitiosas
3752 2816 3856 2874 ho-

2198 2894 2426 2950 minum
2475 2894 2810 2951 affectiones
2859 2895 2978 2953 sive
3023 2897 3366 2968 passiones;
3400 2917 3643 2959 summa
3693 2905 3855 2962 enim

2195 2983 2380 3040 virtus
2410 3000 2647 3040 necesse
2677 2990 2766 3040 est
2806 2985 2984 3042 totius
3033 2985 3155 3041 vitii
3208 2987 3286 3042 sit
3333 3004 3558 3061 expers.
3590 2991 3857 3052 Putasne

2196 3073 2512 3130 Christiani
2543 3073 2679 3141 sint,
2713 3073 2811 3145 qui
2845 3073 3072 3129 Patrem
3103 3073 3418 3145 luminum,
3451 3096 3485 3133 a
3522 3097 3643 3153 quo
3675 3088 3773 3141 est
3801 3088 3857 3140 et

2197 3162 2498 3218 descendit
2526 3179 2698 3217 omne
2724 3163 2925 3217 datum
2958 3162 3268 3236 optimum,
3315 3171 3371 3222 et
3419 3184 3592 3225 omne
3624 3171 3855 3229 donum

443 3262 584 3313 sunt
613 3235 926 3327 ingutture
948 3268 1054 3307 suo
1088 3250 1263 3322 (Psal.
1292 3266 1451 3319 cxm,
1472 3250 1614 3320 5-7).
1642 3270 1669 3299 »
1706 3249 1904 3321 Neque
1924 3248 2081 3305 enim
2111 3235 2154 3301 C
2194 3250 2511 3324 perfectum
2555 3252 2670 3323 (Jac
2719 3269 2755 3319 ι,
2810 3252 2920 3319 l7),
2970 3235 3195 3307 ducunt
3223 3236 3383 3310 'adeo
3432 3257 3855 3330 imperfectum

441 3362 508 3401 ea
538 3345 704 3410 fides,
737 3342 837 3398 sed
869 3339 1116 3413 perfidia
1152 3337 1465 3393 adinvenit.

510 3432 692 3497 Unde,
725 3446 858 3484 cum
904 3426 1144 3482 nomina
1172 3426 1375 3481 eadem
1423 3430 1479 3484 et
1521 3425 1778 3497 aliquam
1809 3443 2078 3482 verorum

440 3518 837 3576 membrorum
868 3512 1315 3571 similitudinem
1351 3530 1488 3569 aure
1536 3518 1730 3580 tenus,
1762 3515 1881 3571 sive
1912 3515 2078 3572 oculo

436 3613 610 3665 tenus
631 3606 903 3673 referant,
925 3602 1073 3659 nihil
1106 3606 1298 3658 tamen
1342 3601 1600 3658 veritatis
1621 3603 1680 3657 in
1710 3620 1773 3659 se
1804 3604 2073 3660 retinent.

436 3699 582 3756 Nam
610 3713 675 3755 os
704 3711 907 3752 eorum
939 3692 1044 3762 nil,
1075 3691 1190 3747 nisi
1240 3691 1357 3747 oris
1406 3690 1526 3746 veri
1575 3691 1747 3747 inane
1778 3709 1988 3748 nomen
2020 3698 2078 3749 et

436 3786 1023 3863 quantulumcunque
1072 3779 1545 3851 similitudinem,
1594 3783 1789 3835 tamen
1843 3798 2074 3849 vanam,

435 3876 762 3952 praetendit,
795 3890 927 3931 cum
961 3888 1029 3929 ex
1059 3870 1323 3939 materia,
1370 3869 1613 3939 factura,
1664 3873 1721 3924 et
1767 3868 2080 3928 efficientia

437 3967 675 4022 omnino
705 3961 991 4018 dissimile
1017 3962 1113 4028 sit,
1146 3958 1369 4015 scilicet
1397 3963 1592 4014 careat
1629 3957 1886 4027 ossibus,
1918 3975 2076 4014 com-

434 4053 706 4127 pagibus,
729 4049 941 4119 nervis,
961 4050 1144 4119 venis,
1168 4048 1474 4121 sanguine,
1496 4064 1688 4115 carne,
1713 4051 1863 4112 cute,
1885 4047 2003 4103 vita
2022 4053 2079 4105 et

436 4146 619 4209 motu,
635 4138 933 4213 gustandi,
948 4137 1149 4205 ﬂandi,
1163 4137 1431 4208 spuendi,
1448 4136 1565 4193 sive
1578 4137 1843 4192 screandi
1867 4136 2070 4205 effectu

434 4231 544 4287 hoc
564 4235 620 4286 et
639 4230 710 4285 de
728 4226 947 4283 cmtcris
971 4226 1251 4282 membris
1279 4224 1511 4281 dictum
1532 4230 1695 4298 puta,
1733 4226 1950 4298 quibus
1971 4243 2075 4283 nec

434 4319 546 4377 sibi
565 4335 668 4375 nec
690 4317 967 4389 cuiquam
988 4313 1180 4370 valent
1201 4314 1495 4387 prodesse,
1516 4318 1615 4369 aut
1631 4313 1826 4385 aliqua
1846 4314 2074 4371 efficere

433 4409 767 4467 simulacra.
801 4404 1116 4463 Simoniaci
1139 4399 1275 4477 ergo
1297 4403 1646 4469 sacerdotes,
1680 4402 1866 4459 instar
1894 4405 2075 4460 simu-

430 4499 744 4565 lacrorum,
765 4494 1000 4553 nonnisi
1022 4492 1193 4550 inane
1216 4509 1426 4548 nomen
1449 4491 1867 4549 catholicorum
1891 4511 2072 4551 sacer-

2190 3345 2255 3396 ut
2284 3340 2567 3413 pecuniis,
2612 3357 2762 3397 uuas
2809 3357 2987 3412 super
3035 3341 3232 3398 omnia
3278 3342 3555 3418 diligunt,
3608 3351 3856 3406 credant

2187 3446 2250 3485 se
2279 3445 2446 3501 posse
2477 3427 2588 3485 sibi
2615 3428 2949 3496 conciliare,
2982 3435 3039 3486 et
3080 3431 3425 3504 conquirere
3456 3435 3649 3508 ipsius
3680 3456 3851 3497 snm~

2188 3534 2351 3573 mum
2375 3518 2616 3584 donum,
2646 3535 2750 3573 nec
2771 3535 2941 3591 posse
2959 3519 3073 3574 Deo
3097 3537 3210 3575 non
3231 3520 3480 3595 placere,
3506 3526 3664 3597 quod
3689 3527 3846 3600 ipsis

2188 3606 2270 3663 sic
2301 3605 2487 3678 placet
2519 3606 2814 3679 negotium
2835 3607 2863 3662 ‘I

2816 3713 3043 3769 CAPUT
3083 3715 3228 3772 XVI.

2186 3800 2468 3857 Sententia
2513 3804 2688 3857 sancti
2731 3802 3008 3885 Ambrosii
3053 3803 3119 3859 de
3160 3805 3604 3865 ordinationibus
3657 3810 3846 3869 Simo-

2860 3890 3167 3931 macorum.

2257 3961 2367 4016 Sed
2402 3960 2537 4016 hinc
2573 3963 2701 4036 jam
2755 3961 2955 4035 aliqua
3006 3964 3202 4037 magni
3256 3967 3547 4026 Ambrosii
3591 3972 3845 4045 subjun-

2184 4053 2399 4123 gantur
2426 4051 2600 4118 dicta,
2650 4051 2867 4124 quibus
2895 4053 3248 4124 .Simoniaci,
3295 4056 3435 4129 quia
3465 4065 3650 4132 avari,
3685 4079 3846 4129 com-

2184 4140 2506 4212 probentur
2532 4140 2708 4195 etiam
2742 4141 3016 4212 usurarii,
3060 4147 3116 4198 et
3158 4143 3288 4200 ideo
3318 4148 3657 4209 secundum
3685 4152 3871 4224 quod.

2184 4228 2467 4300 scriptum
2497 4233 2605 4296 est,
2640 4246 2816 4302 super
2866 4247 3073 4289 omnes
3125 4232 3418 4291 maledicti
3453 4237 3649 4308 (Eccli.
3681 4257 3736 4309 x,
3759 4240 3836 4312 9).

2184 4316 2387 4373 Omnis
2409 4319 2624 4390 quippe
2638 4334 2846 4374 avarus
2864 4336 2971 4375 usu
2981 4319 3193 4389 riarus,
3206 4325 3263 4378 et
3278 4325 3588 4381 usurarius
3603 4343 3833 4384 avarus.

2184 4406 2244 4461 B.
2278 4422 2414 4478 ergo
2446 4406 2809 4474 Ambrosius,
2844 4407 2914 4463 de
2956 4409 3075 4463 vita
3104 4414 3162 4464 et
3208 4411 3579 4470 ordinatione
3610 4416 3833 4488 episco-

2182 4511 2389 4568 porum
2414 4494 2681 4567 loquens,
2716 4495 2867 4551 inter
2896 4495 3010 4553 alia
3037 4496 3153 4552 ait:
3193 4522 3214 4548 ι
3250 4499 3410 4556 Licet
3426 4503 3560 4573 jam
3583 4508 3833 4565 coarctat

429 4582 1453 4656 dotum,etexterioriscultuseorum
1476 4580 1893 4638 similitudines
1909 4600 2072 4639 usur—
2099 4605 2148 4669 Ι)
2180 4601 2285 4639 nos
2315 4582 2496 4639 libelli
2529 4583 2707 4654 hujus
2735 4583 3049 4657 prolixitas,
3084 4590 3141 4641 et
3184 4591 3415 4662 tempus
3463 4608 3574 4649 nos
3606 4598 3828 4668 urgeat,

428 4682 654 4750 pantes,
683 4676 822 4749 quia
852 4672 1188 4730 mediatrice
1217 4670 1477 4741 avaritia,
1506 4688 1631 4742 quae
1672 4675 1760 4726 est
1779 4671 2067 4728 idolorum

430 4767 678 4822 servitus
703 4763 915 4837 (Ephcs.
939 4780 994 4830 v,
1015 4764 1093 4834 5),
1110 4777 1251 4817 auro
1264 4765 1321 4816 et
1333 4765 1570 4833 argento
1586 4760 1717 4815 facti
1733 4766 1891 4828 sunt,
1906 4762 2074 4833 quasi

431 4853 749 4909 simulacra
768 4869 945 4907 aurea
963 4851 1048 4906 vel
1067 4853 1341 4923 argentea
1382 4850 1453 4904 ab
1494 4849 1820 4905 idololatria
1841 4866 2074 4922 accepe-

431 4946 586 4998 runt.
602 4942 858 5006 Quorum
875 4940 1012 5011 quia
1024 4938 1219 4993 omnia
1232 4942 1373 4993 sunt
1388 4938 1600 5003 fucata,
1622 4942 1778 5010 patet
1820 4940 2072 5010 profecto

431 5031 583 5105 quod
610 5029 850 5086 minime
867 5029 1210 5084 aestimanda
1227 5028 1343 5083 sint
1362 5014 1487 5098 quze
1508 5028 1660 5098 apud
1680 5044 1778 5083 eos
1795 5027 2074 5083 dicuntur

431 5110 819 5181 sacramenta.
839 5117 998 5173 Unde
1012 5116 1384 5189 etcpiseopus
1398 5114 1603 5170 talium
1620 5115 1822 5179 factor,
1838 5114 2069 5171 etiamsi

428 5210 654 5285 pridem
678 5205 1481 5282 computabaturcatholicus,
1497 5205 1802 5260 accedente
1815 5204 1924 5259 sibi
1941 5223 2069 5277 pre-

429 5284 531 5369 tio,
565 5302 629 5357 fit
651 5306 708 5357 et
749 5301 871 5373 ipse
894 5295 1301 5363 statunculus;
1354 5294 1683 5367 pariterque
1731 5284 2065 5364 simulacra,

428 5390 514 5445 vel
529 5388 1053 5465 potiusidololatra:
1072 5390 1358 5461 quotquot
1387 5400 1550 5456 spem
1578 5382 1785 5439 salutis
1804 5382 1860 5437 in
1875 5385 1959 5440 eis
1973 5402 2071 5457 po-

428 5483 650 5550 nentes,
664 5495 864 5534 eorum
879 5478 1192 5535 vanitatem
1212 5478 1507 5531 reverentu
1519 5472 1891 5539 r,secundum
1911 5476 2066 5545 quod

426 5552 739 5625 Psalmista
763 5565 1151 5640 imprecatur:
1186 5588 1213 5615 «
1245 5561 1473 5621 Similes
1515 5560 1634 5617 illis
1685 5562 1824 5617 ﬁant
1853 5562 1951 5635 qui
1984 5564 2066 5619 fa-

424 5658 588 5718 ciunt
607 5672 695 5731 ea,
720 5660 777 5714 et
799 5672 1001 5715 omnes
1022 5655 1123 5731 qui
1149 5652 1449 5712 confidunt
1484 5650 1542 5709 in
1574 5651 1660 5710 eis
1691 5652 1871 5728 (Psal.
1903 5668 2066 5727 cxm,

2180 4677 2244 4728 ut
2272 4674 2344 4728 ad
2378 4673 2553 4729 finem
2584 4673 2764 4744 hujus
2793 4673 2986 4746 operis
3006 4675 3332 4745 veniamus,
3357 4678 3698 4739 sollicitudo
3731 4684 3831 4738 fra-

2184 4762 2332 4817 terni
2353 4779 2460 4817 nos
2482 4763 2737 4817 retardat
2759 4763 2999 4833 amoris,
3018 4763 3251 4821 illorum
3269 4769 3561 4841 praecipue
3576 4773 3831 4828 sacerdo-

2181 4856 2299 4907 tam
2316 4850 2437 4924 qui,
2457 4851 2916 4925 mentistorpore
2952 4851 3201 4910 hebetati
3238 4858 3667 4917 sacordotalem
3691 4861 3827 4917 infa-

2182 4945 2345 4996 mant
2366 4939 2668 5009 honorem,
2695 4944 2751 4994 et
2773 4940 2869 5011 qui
2900 4957 3108 4998 novam
3143 4944 3547 5018 prodigialiter
3569 4949 3827 5023 regulam

2180 5028 2328 5084 hanc
2343 5032 2746 5100 tempestatem
2770 5030 3064 5102 peperisse
3097 5038 3444 5101 noscuntur,
3462 5041 3521 5092 et
3538 5037 3826 5095 Giezisec-

2179 5121 2366 5175 tantes
2388 5117 2711 5173 etSimonis
2724 5118 3093 5188 sententiam,
3111 5121 3295 5177 sancti
3312 5124 3694 5198 episcopatus
3709 5144 3828 5202 gra-

2179 5206 2318 5262 tiam
2338 5207 2601 5279 pecuniis
2616 5222 2882 5262 coemcru
2894 5212 2973 5273 nt,
2994 5225 3366 5283 nequaquam
3383 5212 3683 5284 timentes,
3699 5232 3826 5273 cum

2179 5296 2599 5352 sacerdotalem
2624 5295 2898 5351 honorem
2925 5298 3189 5368 pecuniis
3211 5307 3495 5373 emerent,
3519 5305 3635 5360 aB.
3668 5311 3825 5363 Petro

2177 5385 2438 5457 apostolo
2473 5402 2534 5442 se
2554 5402 2688 5441 cum
2726 5385 2959 5442 Simone
2991 5386 3172 5444 fuisse
3202 5389 3512 5448 damnatos
3540 5394 3786 5450 sicutait
3806 5410 3825 5448 :

2181 5496 2207 5524 ‹‹
2234 5474 2504 5543 Pecunia,
2527 5472 2741 5545 inquit,
2762 5477 2863 5531 tua
2896 5479 3088 5531 tecum
3111 5477 3188 5532 sit
3210 5477 3265 5532 in
3290 5480 3703 5551 perditionem,
3728 5481 3825 5554 qui

2177 5563 2398 5618 donum
2413 5563 2599 5619 sancti
2614 5562 2873 5635 Spiritus
2888 5567 2942 5619 te
2955 5565 3249 5623 credidisti
3264 5570 3516 5641 pecunia
3532 5587 3825 5645 compara-

2178 5668 2239 5710 re
2262 5652 2511 5731 (Actvm,
2534 5651 2649 5727 20).
2670 5652 2860 5710 »Nam
2886 5657 2942 5711 et
2972 5652 3193 5733 lepram
3228 5673 3363 5717 cum
3395 5659 3553 5718 Giezi
3572 5678 3608 5719 a
3626 5663 3821 5723 sancto
