4106 6178
260 283 411 348 1041

865 279 1276 348 ADVERSUS
1322 277 1792 346 SIMONIACOS
1839 279 2042 344 LIBRI
2088 280 2426 346 TRES.-—
2458 284 2693 350 LIBER
2737 284 3057 354 PRIMUS.

3501 289 3660 356 1042

207 411 214 422 ’
247 409 370 478 suo
398 416 626 492 cepisse
658 418 896 476 credant
924 418 1128 486 Eliseo,
1152 418 1252 491 qui
1297 415 1544 490 gradum
1593 407 1916 473 sacerdota:
1943 407 1998 482 Ἀ
2031 429 2095 479 ut
2117 403 2264 489 reor,
2289 406 2392 495 pro
2415 439 2478 480 eo
2494 403 2648 496 quod
2661 423 2845 496 gratis
2857 423 3195 492 datur,ideo
3208 393 3661 498 gratiavocatiir,

261 508 378 565 lem
425 525 488 564 se
542 508 880 564 existimant
929 507 1192 580 pecuniis
1255 524 1644 579 comparasse.
1690 507 1920 572 Quibus

263 615 398 656 cum
425 597 541 653 ista
571 597 915 665 dixerimus,
947 597 1214 654 sufficere
1244 597 1447 652 debuit
1480 613 1647 652 suam
1679 613 1914 667 compa-

263 688 450 744 rando
483 686 706 759 lepram
755 686 1071 758 possidere.
1125 688 1293 755 Nam,
1341 686 1495 742 sicut
1534 684 1917 741 validioribus

262 777 489 833 morbis
511 773 698 848 capite
718 775 940 841 vitiato,
965 774 1255 847 reliquum
1276 791 1513 831 necesse
1530 779 1683 831 esset
1703 790 1916 845 corpus

263 865 650 922 inundatione
674 864 992 936 superioris
1015 865 1202 919 morbi
1224 863 1515 919 lethaliter
1545 862 1774 934 irrigari
1799 881 1811 918 :
1837 864 1919 917 ita

263 961 322 1012 et
344 956 404 1010 hi
431 955 533 1026 qui
556 957 729 1025 caput
753 953 1022 1009 videntur
1043 969 1168 1008 esse
1187 951 1476 1017 Ecclesiae,
1502 953 1705 1007 morbo
1740 951 1916 1023 pesti-

262 1046 386 1101 fero
414 1046 738 1100 fraternum
762 1042 970 1098 vitiant
991 1059 1222 1114 corpus,
1243 1047 1307 1097 ut
1326 1041 1471 1096 nihil
1499 1059 1566 1097 ex
1587 1045 1706 1096 tota
1722 1058 1919 1113 corpo-

241 1168 246 1173 -
264 1135 349 1191 ris
367 1149 648 1205 compage
662 1132 1054 1187 insauciatum
1074 1131 1257 1203 possit
1277 1132 1540 1197 evadere,
1565 1131 1718 1203 quod
1744 1129 1921 1202 negli-

263 1224 536 1298 gentium
549 1221 915 1278 sacerdotum
929 1221 1262 1276 vitiositatis
1276 1220 1521 1276 mortale
1535 1237 1647 1275 non
1661 1219 1922 1274 infecerit

263 1311 539 1378 virus,ita
553 1309 1153 1365 utvideasinEcclesia
1165 1309 1385 1382 passim
1401 1326 1548 1381 quos
1562 1326 1677 1364 non
1691 1308 1918 1374 merita,

265 1402 368 1459 sed
396 1399 649 1473 pecuniae
673 1399 742 1453 ad
779 1397 1151 1471 episcopatus
1192 1398 1456 1454 ordinem
1495 1400 1917 1470 provexerunt;

265 1505 578 1563 nugacem,
601 1487 883 1560 populum
911 1492 967 1543 et
989 1487 1312 1553 indoctum,
1336 1487 1436 1559 qui
1462 1485 1632 1542 talem
1653 1486 1762 1541 sibi
1781 1484 1924 1541 asci-

225 1609 229 1615 ‹
262 1583 477 1635 verunt
500 1577 891 1644 sacerdotem;
918 1593 1067 1648 quos
1084 1577 1132 1631 si
1153 1576 1482 1648 percontari
1516 1574 1761 1630 ﬁdeliter
1781 1572 1922 1629 velis
1972 1605 1974 1608 ν

227 1701 234 1706 -
265 1669 405 1742 quis
433 1684 536 1723 eos
564 1665 883 1738 praafecerit
924 1666 1275 1728 sacerdotes,
1324 1665 1761 1736 respondebunt
1793 1679 1925 1718 mox

264 1763 323 1814 et
345 1757 541 1812 dicent
565 1772 578 1810 :
603 1756 688 1810 Ab
717 1753 1155 1826 archiepiscopo
1381 1771 1568 1825 nuper
1619 1753 1924 1809 ordinatus
1953 1785 2001 1850 Β

271 1846 602 1919 episcopus,
638 1848 994 1916 centumque
1025 1845 1108 1899 eis
1131 1843 1350 1899 solidos
1373 1844 1528 1909 dedi,
1552 1847 1615 1898 ut
1631 1843 1924 1914 episcopa-

269 1936 387 1993 lem
421 1935 668 2008 gratiam
701 1933 982 2004 consequi
1015 1932 1363 1988 meruissem
1390 1950 1404 2000 ;
1437 1949 1583 2004 quos
1614 1931 1662 1987 si
1681 1931 1924 1986 minime

263 2024 584 2088 dedissem,
606 2023 780 2078 hodie
800 2021 1108 2094 episcopus
1131 2039 1247 2077 non
1280 2037 1496 2077 essem.
1529 2020 1691 2076 Unde
1713 2019 1922 2073 melius

237 2142 242 2145 -
261 2113 414 2170 mihi
432 2117 520 2168 est
541 2129 750 2168 aurum
774 2112 843 2167 de
866 2111 1080 2167 sacello
1103 2111 1373 2166 invehere
1396 2127 1574 2181 quam
1589 2113 1819 2164 tantum
1835 2125 1923 2163 sa-

260 2201 593 2260 cerdotium
644 2201 901 2273 perdere.
954 2205 1181 2256 Aurum
1236 2199 1368 2254 dedi
1415 2202 1474 2254 et
1521 2199 1923 2269 episcopatum

263 2290 624 2363 comparavi.
658 2291 811 2354 Quos
834 2294 1028 2345 tamen
1047 2289 1286 2354 solidos,
1314 2287 1362 2343 si
1389 2287 1536 2353 vivo,
1553 2291 1922 2356 recepturum

233 2410 236 2412 η
265 2396 364 2436 me
394 2379 550 2435 illico
587 2395 702 2434 non
739 2378 962 2434 diffido.
989 2380 1129 2433 Ecce
1157 2382 1213 2433 et
1245 2393 1454 2432 aurum
1488 2377 1642 2448 quod
1677 2375 1831 2444 dedi,
1863 2373 1924 2428 in

267 2486 401 2524 meo
435 2466 650 2523 sacello
683 2467 889 2539 recepi,
941 2471 995 2522 et
1043 2467 1442 2538 episcopatum
1495 2463 1675 2536 gratis
1708 2461 1919 2534 accepi.

266 2557 495 2629 Nempe
540 2556 648 2611 hoc
678 2561 772 2610 est
814 2556 969 2627 quod
1021 2554 1208 2620 doleo,
1263 2554 1401 2626 quia
1449 2551 1923 2624 archiepisc0pus

267 2645 587 2702 carnaliter
616 2645 954 2716 episcopum
987 2644 1142 2700 fecit.
1183 2644 1328 2698 Nam
1383 2646 1618 2714 propter
1649 2640 1924 2712 pecunias

266 2732 607 2806 specialiter
642 2730 939 2803 leprosum
990 2731 1294 2786 ordinavit.
1342 2755 1368 2779 ‹‹
1403 2729 1675 2796 Pecunia,
1711 2729 1923 2800 inquit,

265 2829 376 2879 tua
402 2829 597 2877 tecum
625 2821 701 2876 sit
731 2819 787 2875 in
823 2820 1231 2893 perditionem,
1283 2820 1420 2892 quia
1469 2820 1686 2874 donum
1737 2816 1926 2872 sancti

264 2911 528 2984 Spiritus
551 2909 748 2982 gratiae
773 2909 955 2980 pretio
979 2908 1349 2981 comparasti,
1379 2932 1404 2957 ››
1429 2911 1485 2963 et
1509 2905 1924 2962 commercium

221 3031 228 3035 -
266 2999 633 3057 miserabilie
657 2999 712 3053 in
740 2999 1069 3054 animarum
1094 2999 1334 3054 exitium
1351 2997 1645 3069 peregisti.
1671 2993 1926 3050 Etnescii

192 3118 194 3120 τ
265 3088 546 3144 homines
565 3091 621 3142 et
641 3086 934 3141 indoctiin
970 3084 1438 3141 ordinationibus
1460 3101 1662 3140 eorum
1699 3082 1922 3154 procla-

269 3180 464 3245 mant,
497 3179 555 3231 et
585 3175 822 3230 dicunt:
858 3175 1081 3246 Dignus
1112 3191 1194 3241 es,
1230 3179 1286 3229 et
1331 3176 1534 3243 justus
1578 3189 1678 3238 es;
1713 3176 1768 3227 et
1798 3188 1928 3226 con—

272 3263 533 3322 scientia
566 3263 781 3318 misera
809 3280 821 3317 :
858 3263 1144 3335 Indignus
1175 3279 1256 3327 es,
1286 3268 1343 3318 et
1372 3262 1631 3332 injustus
1658 3277 1741 3326 es,
1771 3258 1929 3314 dicit.

273 3352 634 3410 Pronuntiat
663 3352 820 3408 enim
851 3351 1158 3423 episcopus
1185 3351 1526 3421 hujusmodi
1558 3351 1629 3404 ad
1654 3348 1933 3421 populum

277 3443 530 3498 dicens:
563 3445 676 3495 Pax
699 3441 884 3496 vobis.
916 3439 1112 3496 Oculis
1144 3439 1382 3511 quidem
1415 3439 1751 3494 carnalibus
1781 3439 1942 3494 vide-

274 3536 384 3586 tur
419 3529 587 3600 quasi
625 3529 940 3602 episcopus
989 3545 1259 3601 magnus,
1284 3533 1340 3584 et
1381 3527 1594 3583 divinis
1637 3528 1938 3583 obtutibus

277 3616 880 3691 inspiciturleprosus
902 3634 1170 3690 magnus.
1187 3616 1610 3688 Perpecuniam
1633 3615 1940 3688 acquisivit

275 3706 619 3764 indebitum
643 3706 928 3776 ordinem,
954 3711 1010 3762 et
1039 3706 1193 3778 apud
1235 3705 1542 3762 dominum
1579 3705 1938 3778 perdiditin-

276 3796 568 3854 teriorem
610 3794 928 3851 hominem.
973 3796 1118 3851 Caro
1161 3794 1420 3866 suscepit
1467 3794 1833 3868 dignitatem,
1884 3799 1942 3850 et

2023 517 2169 589 Ergo
2200 514 2248 570 si
2282 514 2468 587 gratia
2496 515 2690 588 gratis
2710 516 2903 581 datur,
2935 519 2991 571 et
3012 532 3151 572 auro
3174 532 3291 570 non
3314 517 3659 587 aestimatur,

2025 623 2060 662 a
2088 610 2145 662 te
2175 622 2279 661 cur
2316 604 2504 677 gratia
2533 604 2797 676 pecuniis
2828 605 3247 677 comparatur?
3292 606 3661 677 Respondet:

2023 696 2169 761 Non,
2197 693 2409 766 inquit,
2435 693 2579 748 mihi
2602 695 2856 761 daretur,
2883 694 2929 750 si
2944 695 3208 767 pecuniis
3224 699 3662 763 non‘emeretur,

2025 801 2130 839 nec
2161 783 2469 855 episcopus
2502 782 2744 838 fuissem
2776 784 3102 850 ordinatus,
3153 784 3202 838 si
3241 783 3524 855 pecunias
3550 800 3666 839 non

2027 873 2341 928 dedissem.
2375 873 2542 944 Ergo,
2573 876 2637 926 ut
2665 877 2906 944 apparet
2926 890 2994 928 ex
3020 872 3502 944 responsionibus
3522 873 3663 942 tuis,

2025 962 2272 1035 gratiam
2287 977 2418 1016 cum
2432 961 2781 1016 ordinareris
2795 978 2909 1015 non
2925 961 3230 1033 suscepisti
3238 961 3401 1033 ,quia
3417 962 3669 1034 gratuite

2028 1067 2156 1106 eam
2197 1067 2313 1105 non
2354 1050 2639 1104 meruisti.
2671 1051 2740 1103 Et
2771 1049 2919 1115 ideo,
2953 1050 3151 1115 frater,
3188 1050 3236 1104 si
3268 1050 3518 1121 gratiam
3548 1067 3664 1106 non

2028 1138 2322 1211 accepisti,
2347 1139 2638 1210 quomodo
2659 1138 2967 1211 episcopus
2989 1139 3137 1194 effici
3165 1138 3446 1210 potuisti?
3462 1155 3594 1194 nam
3614 1143 3670 1193 et

2027 1229 2099 1284 ad
2132 1228 2450 1299 discipulos
2481 1227 2765 1282 Dominus
2802 1227 2943 1282 dicit
2971 1244 2982 1281 :
3028 1250 3057 1277 «
3091 1227 3281 1284 Gratis
3303 1227 3669 1299 accepiestis,

2003 1317 2212 1389 gratis
2230 1318 2361 1372 date
2402 1317 2612 1384 (Matth.
2636 1335 2692 1382 χ,
2716 1317 2791 1387 8).
2818 1338 2844 1364 ››
2869 1317 2983 1370 Cur
3013 1333 3148 1388 ergo
3189 1315 3510 1386 gratuitam
3538 1333 3668 1387 gra-

2029 1406 2172 1460 tiam
2205 1405 2507 1461 aestimasti
2527 1408 2582 1460 te
2602 1405 2785 1475 pretio
2846 1404 3140 1476 possidere
3157 1405 3184 1460 ?
3203 1405 3370 1469 Nam,
3395 1408 3461 1459 ut
3480 1404 3668 1469 video,

2031 1511 2240 1549 aurum
2289 1495 2436 1548 dans
2486 1493 2812 1565 perdidisti,
2862 1497 2918 1548 et
2967 1496 3227 1548 sanctam
3277 1493 3523 1564 gratiam
3555 1508 3671 1547 non

2031 1583 2356 1655 acquisisti.
2390 1583 2593 1638 Adhuc
2639 1587 2836 1638 tamen
2882 1582 3059 1638 semel
3103 1581 3385 1653 adjiciens
3431 1583 3670 1636 fratrem

2031 1672 2322 1744 perquiro,
2355 1689 2427 1727 ne
2457 1671 2597 1743 quid
2629 1673 2700 1727 de
2743 1671 3219 1743 approbamentis
3264 1671 3533 1726 veridicis
3565 1686 3671 1725 nos

2034 1760 2479 1833 praetermisisse
2507 1760 2828 1816 videamur.
2853 1760 2993 1823 Quis
3018 1761 3134 1825 dat,
3157 1760 3350 1826 frater,
3376 1759 3671 1830 episcopa-

2033 1850 2148 1906 lem
2164 1849 2412 1921 gratiam
2425 1849 2640 1917 ?Deus,
2655 1866 2728 1903 an
2743 1848 3302 1919 bomo?Respondes
3317 1847 3442 1902 sine
3454 1846 3666 1902 dubio:

2031 1940 2220 2005 Deus;
2253 1939 2353 1992 sed
2385 1941 2581 1993 tamen
2614 1954 2717 2010 per
2745 1937 3014 1992 homines
3040 1937 3138 1991 dat
3171 1937 3341 2000 Deus,
3373 1935 3548 1990 homo
3580 1934 3669 1990 in-

2031 2027 2195 2099 ponit
2216 2043 2446 2091 manus,
2470 2025 2624 2080 Deus
2643 2024 2892 2096 largitur
2907 2024 3156 2098 gratiam
3173 2041 3186 2080 :
3203 2024 3474 2079 sacerdos
3489 2023 3674 2095 impo-

2032 2115 2119 2171 nit
2150 2114 2475 2187 supplicem
2505 2115 2819 2178 dexteram,
2853 2117 2910 2168 et
2938 2114 3092 2168 Deus
3134 2112 3428 2168 benedicit
3453 2111 3672 2183 potenti

2033 2206 2265 2260 dextera
2289 2223 2301 2270 ;
2336 2203 2644 2275 episcopus
2677 2202 2868 2257 initiat
2891 2203 3177 2270 ordinem,
3201 2204 3258 2256 et
3287 2201 3440 2256 Deus
3470 2199 3676 2256 tribuit

2032 2293 2395 2365 dignitatem.
2421 2292 2733 2362 Ojustitia,
2759 2309 2791 2347 o
2811 2291 3056 2362 aequitas
3079 2290 3090 2344 !
3115 2291 3162 2346 si
3186 2289 3406 2345 homini
3429 2288 3678 2360 pecunia

2033 2383 2235 2446 datur,
2260 2381 2358 2453 qui
2391 2380 2538 2436 nihil
2585 2381 2645 2435 in
2685 2381 2885 2436 ordine
2934 2379 3188 2452 amplius
3222 2383 3528 2450 operatur,
3555 2377 3677 2432 nisi

2033 2471 2225 2527 solum
2260 2470 2559 2525 servitium
2591 2471 2745 2541 quod
2775 2469 2824 2524 ei
2859 2469 3144 2536 creditur;
3196 2485 3299 2524 cur
3327 2469 3442 2523 Deo
3488 2463 3675 2523 totUm

2034 2563 2301 2630 negatur,
2333 2559 2432 2630 qui
2458 2559 2650 2629 ipsum
2668 2558 2932 2613 ordinem
2945 2557 3048 2612 tibi
3065 2557 3676 2627 largitur?Justumne

2033 2647 2137 2703 tibi
2151 2648 2456 2703 videturut
2470 2664 2671 2704 servus
2686 2646 3006 2702 honoretur
3024 2649 3080 2700 et
3101 2645 3383 2700 Dominus
3397 2642 3674 2712 injuriam

2033 2737 2314 2809 patiatur,
2346 2740 2404 2791 et
2434 2735 2650 2806 injuste
2681 2735 2930 2806 accipiat
2959 2733 3230 2788 sacerdos
3284 2731 3590 2803 pecuniam
3619 2733 3677 2785 et

2033 2827 2187 2881 Deus
2211 2824 2468 2896 patiatur
2512 2824 2582 2878 ab
2605 2823 2842 2878 homine
2873 2822 3152 2891 injuriam
3172 2822 3200 2876 ?
3248 2821 3356 2875 Sed
3405 2818 3545 2891 quia
3569 2833 3674 2890 pro

2033 2930 2307 2970 concesso
2338 2911 2542 2967 ordine
2573 2912 2726 2967 Deus
2755 2929 2789 2967 a
2828 2915 2883 2966 te
2913 2910 3060 2965 nihil
3101 2913 3387 2982 expectat,
3407 2933 3410 2942 ·
3431 2925 3530 2963 cur
3556 2925 3594 2963 a
3620 2910 3678 2962 te

2031 3003 2302 3058 sacerdos
2322 3002 2632 3072 pecuniam
2657 3001 3031 3071 impudenter
3049 2998 3383 3070 exspectat?
3396 2996 3678 3053 Dominus

2035 3091 2256 3147 homini
2279 3091 2594 3145 concedere
2615 3089 2794 3144 voluit
2833 3088 3014 3159 gratis
3040 3106 3052 3155 ;
3076 3092 3135 3142 et
3164 3087 3473 3159 episcopus
3504 3102 3682 3157 rapax

2041 3178 2348 3252 pecuniam
2379 3179 2450 3232 ab
2474 3177 2706 3232 homine
2743 3176 2958 3248 expetit
2991 3176 3175 3247 gratis
3202 3193 3216 3242 ;
3254 3179 3404 3230 Deus
3434 3171 3682 3238 homini,

2044 3275 2106 3324 ut
2127 3271 2278 3323 certe
2299 3266 2609 3337 benignus,
2633 3265 2816 3336 gratis
2839 3264 3074 3320 donavit
3095 3283 3120 3318 ,ο
3132 3267 3189 3318 et
3221 3263 3495 3318 sacerdos
3529 3259 3682 3316 indi-

2042 3374 2194 3429 gnus
2222 3373 2357 3411 eum
2388 3353 2515 3410 sine
2535 3371 2712 3409 causa
2741 3353 3034 3425 praadavit.
3079 3373 3108 3404 (ι
3139 3350 3286 3416 Quid
3317 3350 3474 3406 enim
3504 3349 3686 3404 habes

2045 3447 2200 3518 quod
2233 3461 2347 3500 non
2381 3443 2650 3515 accepisti
2673 3442 2700 3496 ?
2732 3441 2781 3498 si
2810 3446 3010 3497 autem
3049 3439 3344 3512 accepisti,
3384 3437 3527 3510 quid
3559 3436 3685 3508 glo-

2045 3534 2214 3589 riaris
2246 3533 2414 3604 quasi
2444 3549 2558 3587 non
2589 3531 2926 3602 acceperis?
2959 3532 3003 3600 (I
3021 3533 3143 3588 Cor.
3177 3547 3253 3597 1v,
3285 3528 3366 3600 7.)
3399 3550 3426 3576 »
3450 3528 3592 3582 Ecce
3613 3525 3685 3581 ad

2047 3641 2172 3695 ques
2196 3621 2352 3677 mala
2371 3620 2619 3676 volvitur
2637 3621 2882 3676 deificus
2894 3621 3032 3676 ordo
3054 3636 3066 3674 :
3091 3635 3220 3674 ecce
3237 3618 3308 3673 ad
3328 3633 3452 3688 quas
3474 3614 3690 3686 probra

2049 3711 2301 3784 prolapsi
2335 3713 2473 3765 sunt
2519 3709 2847 3764 sacerdotes
2891 3707 2991 3779 qui
3039 3706 3242 3762 audire
3288 3705 3690 3759 meruerunta

2049 3802 2254 3857 Judice
2277 3798 2509 3853 mundi:
2536 3821 2562 3846 «
2587 3795 2966 3852 Vosestislux
2989 3793 3192 3849 mundi
3217 3792 3494 3863 (Matthw,
3519 3789 3630 3861 44).
3659 3810 3687 3838 ››

273 3886 489 3942 anima
521 3883 775 3955 perdidit
822 3883 1209 3940 honestatem.
1258 3883 1403 3938 Caro
1449 3883 1662 3939 ancilla
1706 3883 1945 3938 domina

273 3977 438 4031 facta
467 3977 558 4027 est
587 3973 818 4042 animae,
854 3973 1051 4027 anima
1095 3989 1223 4043 qua:
1255 3975 1379 4027 erat
1409 3972 1649 4026 domina
1676 3973 1828 4028 facta
1855 3976 1946 4027 est

273 4062 516 4121 famula-
543 4061 753 4116 carnis.
787 4065 926 4116 Caro
974 4061 1312 4116 dominatur
1361 4059 1592 4131 populis
1646 4064 1703 4115 et
1749 4060 1946 4114 anima

277 4151 471 4209 servit
503 4149 774 4204 daamoni.
823 4149 992 4204 Carni
1041 4147 1431 4204 sacerdotium
1480 4148 1858 4220 comparavit,
1893 4151 1949 4201 et
2055 4152 2135 4206 ita
2167 4147 2554 4220 utimpcritiae
2582 4148 2850 4202 tenebras
2872 4145 3298 4219 przedicationis
3330 4162 3447 4200 sua:
3469 4143 3698 4214 eloquio

278 4241 505 4299 animae
537 4237 954 4293 detrimentum
987 4237 1229 4308 paravit.
1267 4258 1294 4285 ‹‹
1323 4235 1394 4289 Et
1424 4236 1564 4306 quid
1589 4236 1947 4306 prodesthu-
2057 4239 2336 4294 rutilante
2383 4236 2872 4292 conscientiarum
2921 4237 3190 4291 tenebras
3241 4233 3550 4300 illuminet,
3599 4248 3702 4286 cur

271 4328 550 4403 jusmodi
569 4327 790 4382 hemini
808 4326 852 4381 si
870 4332 1056 4381 totum
1077 4324 1657 4388 mundumlucretur,
1674 4325 1949 4379 etanimze
2059 4329 2185 4399 ipse
2203 4325 3106 4398 palpabilibustenebristenetur
3125 4322 3440 4379 obstrictus
3456 4321 3563 4374 ?Et
3584 4335 3699 4373 non

280 4436 411 4475 suae
437 4415 862 4471 detrimentum
887 4415 1160 4487 patiatur.
1184 4415 1210 4468 ?
1253 4417 1371 4468 Aut
1395 4429 1572 4484 quam
1597 4413 1951 4469 dabithomo
2059 4415 2249 4471 solum
2282 4415 2422 4486 quia
2451 4415 2574 4486 ipse
2605 4414 2745 4468 dum
2797 4413 2950 4468 male
2998 4413 3136 4484 agit,
3186 4411 3361 4482 digne
3411 4407 3582 4478 perit,
3613 4406 3701 4460 in-

279 4504 820 4562 commutationem
842 4521 945 4576 pro
979 4504 1175 4558 anima
1196 4519 1302 4558 sua
1335 4503 1362 4555 ?
1384 4525 1409 4549 ››
1455 4503 1667 4574 (Matth.
1691 4520 1806 4572 xvi,
1838 4503 1955 4571 26.)
1985 4520 2030 4584 Ι)
2063 4522 2244 4576 super
2274 4507 2329 4557 et
2360 4503 2505 4559 alios
2548 4519 2747 4558 secum
2796 4504 2970 4572 digne
3019 4501 3226 4572 perdit.
3276 4497 3334 4552 Si
3390 4494 3548 4550 enim
3575 4511 3700 4548 me-

272 4594 446 4662 Quod
477 4593 640 4649 dedit
661 4609 796 4649 cum
820 4593 1134 4664 episcopus
1157 4591 1548 4658 ordinaretur,
1576 4609 1784 4646 aurum
1811 4592 1948 4646 fuit:
1988 4583 1993 4584 7
2064 4593 2231 4649 ruisti
2253 4592 2392 4648 salis
2413 4609 2680 4663 saporem
2702 4583 3487 4661 possidereutinsipientium
3511 4583 3702 4655 possis

280 4689 343 4740 et
383 4683 540 4754 quod
575 4681 850 4754 perdidit,
885 4682 1084 4736 anima
1103 4680 1212 4735 fuit
1237 4696 1248 4734 :
1275 4683 1414 4734 Cum
1445 4679 1621 4734 alium
1640 4679 1957 4746 ordinaret,
2068 4682 2242 4739 corda
2273 4681 2527 4744 condire,
2560 4697 2662 4734 cur
2687 4679 3039 4734 intatuatum
3067 4676 3168 4731 tali
3211 4674 3348 4729 vitio
3383 4670 3706 4727 immundis

279 4771 448 4844 quod
499 4769 743 4843 accepit,
796 4769 1046 4841 pecunia
1086 4768 1232 4824 fuit:
1283 4771 1340 4823 et
1385 4767 1543 4838 quod
1588 4767 1768 4833 dedit,
1801 4767 1961 4839 lepra
2066 4775 2122 4826 te
2171 4785 2479 4841 porcorum
2528 4765 2990 4821 conculcandum
3053 4763 3301 4835 pedibus
3367 4759 3705 4832 praebuisti;

291 4859 436 4916 fuit.
2067 4860 2148 4914 ita
2177 4861 2243 4913 ut
2273 4873 2375 4912 nec
2398 4860 2453 4910 te
2475 4854 2689 4926 ipsum,
2717 4869 2820 4908 nec
2843 4852 2987 4908 alios
3008 4852 3199 4924 possis
3224 4849 3460 4908 condire
3480 4850 3508 4905 Ἰ
3543 4871 3572 4899 ››
3595 4853 3705 4904 etc.

2142 4949 2284 5001 Item
2318 4959 2552 5016 quoque
2579 4946 2641 4995 B.
2676 4941 3016 4997 Ambrosius
3046 4939 3168 5011 (lib.
3201 4957 3258 4994 v1
3291 4941 3350 4994 in
3378 4955 3434 4993 1v
3464 4939 3618 5008 Luc.)
3641 4937 3711 4992 de

2069 5032 2378 5106 Evangelia
2409 5047 2703 5102 exponens
2733 5029 2878 5085 illud
2913 5031 3066 5101 quod
3090 5029 3312 5084 dictum
3353 5031 3474 5083 est:
3500 5024 3710 5080 «Multi

2067 5122 2282 5195 leprosi
2316 5125 2481 5174 erant
2510 5119 2568 5172 in
2600 5117 2773 5173 Israel
2806 5120 2914 5173 sub
2938 5118 3126 5173 Eliseo
3162 5115 3446 5188 propheta
3465 5116 3521 5168 et
3541 5127 3712 5166 nemo

2068 5211 2389 5266 mundatus
2419 5211 2507 5263 est
2539 5207 2650 5262 nisi
2681 5207 2965 5263 Naamam
3015 5208 3194 5278 Syrus
3245 5205 3395 5275 (Luc.
3431 5218 3507 5266 1v,
3535 5199 3647 5270 27),
3681 5221 3709 5250 ››

2068 5304 2199 5373 post
2225 5297 2418 5368 aliqua
2451 5296 2570 5350 ait:
2616 5295 2843 5351 «Disce
2887 5296 3064 5351 etiam
3113 5307 3381 5363 congruis
3430 5291 3716 5360 praecepta

2065 5388 2319 5443 virtutis.
2371 5385 2646 5439 Probabit
2695 5385 2888 5454 ﬁdem,
2955 5383 3054 5454 qui
3113 5379 3352 5453 praemia
3398 5377 3713 5434 recusabit.

2066 5477 2236 5532 Disce
2271 5479 2516 5545 utroque
2557 5474 2844 5529 dictorum
2896 5474 3301 5541 factorumque
3353 5466 3717 5540 magisterio,

2065 5564 2205 5639 quid
2220 5563 2504 5635 sequaris.
2522 5563 2712 5619 Habes
2728 5562 2956 5619 Domini
2973 5563 3348 5635 praceptum,
3366 5557 3514 5615 vatis
3527 5572 3720 5614 exem-

2053 3889 2196 3943 Ecce
2215 3887 2430 3959 quibus
2444 3883 2839 3954 subjiciuntur
2850 3886 3070 3954 gentes,
3086 3880 3302 3951 quibus
3317 3877 3597 3934 adomino
3609 3876 3692 3931 di-

2054 3981 2211 4032 ctum
2245 3979 2368 4030 est:
2407 3996 2433 4023 ‹‹
2467 3972 2581 4026 Vos
2612 3971 2753 4026 estis
2785 3971 2869 4026 sal
2910 3975 3074 4025 terrae
3119 3969 3303 4040 (Ibz'd.,
3338 3967 3450 4038 13).
3484 3989 3511 4017 ››
3545 3967 3690 4038 Ergo

2055 4065 2100 4119 si
2134 4063 2233 4117 lux
2263 4066 2351 4117 est
2381 4059 2648 4115 Ecclesiae
2679 4059 3008 4130 episcopus,
3041 4075 3074 4113 a
3103 4057 3348 4113 Domino
3370 4055 3695 4121 ordinatur,

368 5060 399 5086 ‹‹
435 5037 567 5092 Haec
584 5039 725 5091 sunt
748 5033 1128 5091 mercimonia
1150 5033 1487 5104 iniquorum
1509 5033 1563 5086 in
1585 5033 1837 5103 pernicie
1863 5051 1958 5089 eo-

287 5143 456 5182 rum.
492 5125 795 5196 Interrogo
828 5128 1023 5179 tamen
1056 5123 1296 5177 fratrem
1328 5126 1385 5176 et
1415 5121 1825 5193 coepiscopum
1853 5139 1956 5177 no-

287 5219 515 5281 strum,
553 5214 692 5285 quia
720 5217 779 5268 et
799 5229 904 5286 ego
931 5212 1243 5285 episcopus
1269 5227 1422 5278 sum,
1449 5214 1506 5265 et
1528 5226 1662 5264 cum
1687 5211 1956 5281 episcopo

289 5305 532 5376 loquor.
568 5301 670 5358 Dic
702 5318 838 5374 ergo
885 5302 1031 5357 mihi
1079 5300 1398 5372 paulisper,
1447 5300 1622 5353 frater
1666 5299 1956 5371 episcope,

296 5410 443 5450 cum
474 5393 646 5446 dares
677 5391 1006 5463 pecuniam,
1041 5389 1179 5461 quid
1213 5387 1523 5460 accepisti?
1553 5387 1810 5442 Gratiam
1837 5388 1955 5460 epi-

295 5480 605 5553 scopalem
624 5481 837 5551 accepi.
866 5481 1013 5553 Ergo
1038 5479 1328 5549 interrogo
1360 5482 1414 5531 to
1443 5493 1454 5531 :
1494 5477 1620 5531 Haec
1645 5477 1830 5549 gratia
1853 5495 1958 5532 cur

299 5571 410 5628 tali
433 5567 718 5626 vocabulo
741 5573 1115 5642 nuncupatur
1135 5567 1162 5621 ?
1185 5565 1549 5638 Respondet:
1576 5565 1689 5622 Cur
1712 5565 1910 5638 inquis
1929 5567 1957 5620 ‘?
