4106 6178
488 413 645 491 1043

1538 415 1950 484 HUMBERTI
1996 415 2064 482 S.
2108 418 2184 482 Β.
2231 417 2302 482 Ε.
2351 416 2850 486 CARDINALIS.

3742 416 3890 484 1044

483 560 669 634 plum,
719 555 900 630 gratis
946 554 1225 627 accipere,
1295 553 1476 628 gratis
1525 555 1682 621 dare,
1734 570 1839 610 nec
1881 555 2128 610 vendere
2156 553 2212 620 Α
2240 557 2356 610 tem
2391 558 2624 627 patrum
2655 556 2715 611 in
2748 555 2900 612 filios
2929 572 3114 628 usque
3144 555 3202 611 in
3245 553 3479 612 tertiam
3531 557 3589 610 et
3619 558 3887 626 quartam

485 648 898 714 ministerium,
931 648 1030 703 sed
1065 647 1292 703 offerre.
1333 647 1454 701 Non
1505 645 1660 699 enim
1694 644 1876 714 pretio
1905 647 2138 698 taxatur

487 739 588 794 Dei
619 738 826 810 gratia,
875 753 978 791 nec
1029 736 1088 790 in
1137 734 1522 792 sacramentis
1567 733 1800 788 lucrum
1833 733 2135 804 quaeritur,

488 828 591 884 sed
623 826 971 897 obsequium
1022 826 1359 880 sacerdotis.
1403 825 1527 878 Non
1578 828 1771 877 tamen
1826 825 1915 877 sat
1945 825 2053 888 est,
2087 821 2133 876 si

491 916 721 972 lucrum
746 916 868 985 ipse
890 931 1115 985 qumras
1140 932 1152 981 ;
1176 914 1405 968 familia
1429 928 1659 985 quoque
1676 915 1785 965 tute
1804 911 2136 966 cohibenda:

494 1022 706 1061 manus
737 1006 892 1059 sunt.
927 1003 1041 1057 Nec
1073 1003 1181 1059 hoc
1203 1002 1392 1058 solum
1415 1001 1766 1073 exposcitur,
1794 1004 1927 1054 utte
1945 999 2135 1054 solum

493 1097 720 1149 castum
747 1091 1312 1164 immaculatumque
1335 1090 1648 1146 custodias.
1671 1089 1794 1143 Non
1817 1087 1973 1142 enim
1995 1087 2138 1142 dixit

495 1181 804 1254 Apostolus
833 1185 889 1236 te
920 1179 1132 1245 solum,
1166 1182 1265 1235 sed
1301 1202 1328 1229 ‹‹
1351 1184 1407 1234 te
1429 1179 1627 1250 ipsum
1653 1180 1880 1232 castum
1907 1177 2133 1231 custodi

494 1274 545 1345 (Ι
569 1274 701 1327 Tim.
733 1289 790 1326 v.
821 1271 930 1340 22).
968 1290 995 1317 »
1037 1269 1324 1332 Quaeritur
1369 1285 1506 1340 ergo
1547 1284 1662 1321 non
1701 1265 1891 1321 solum
1933 1268 2032 1320 tua
2064 1265 2135 1321 ab

492 1358 906 1430 hujuscemodi
937 1357 1235 1426 nundinis,
1266 1358 1366 1412 sed
1399 1357 1572 1412 etiam
1596 1357 1807 1411 domus
1829 1358 1939 1409 tua:
1962 1353 2135 1409 casti-

492 1454 604 1504 tas.
629 1469 657 1498 «
678 1448 915 1518 Oportet
933 1446 1088 1501 enim
1111 1445 1680 1517 irreprehensibilem
1703 1461 1830 1500 esse
1865 1444 2136 1498 sacerdo-

490 1539 632 1600 tem,
668 1534 759 1589 sui
791 1533 990 1589 domui
1018 1534 1164 1588 bene
1198 1533 1592 1606 praepositum,
1627 1533 1780 1588 ﬁlios
1824 1532 2136 1587 habentem

493 1624 762 1680 subditos
793 1639 924 1677 cum
958 1622 1116 1678 omni
1149 1623 1431 1677 castitate.
1465 1623 1521 1676 Si
1555 1621 1685 1693 quis
1707 1625 1908 1677 autem
1937 1620 2138 1675 domui

492 1729 612 1770 suae
634 1727 882 1783 praeesse
903 1710 1106 1778 nescit,
1128 1711 1419 1782 quomodo
1456 1710 1723 1765 Ecclesiae
1768 1709 1861 1764 Dei
1891 1708 2140 1781 diligen-

493 1801 639 1857 tiam
664 1800 972 1871 habebit(l
1000 1801 1132 1854 Tim.
1171 1817 1254 1853 ιιι.
1295 1800 1440 1869 2-5.)
1466 1822 1492 1848 »
1536 1801 1765 1854 Instrue
1805 1815 1940 1871 ergo
1966 1798 2138 1853 fami-

2245 645 2677 716 generationem
2699 645 2727 699 ‘?
2753 645 2942 716 (Exod.
2976 663 3070 710 xx,
3102 645 3183 717 5.)
3217 667 3244 695 »
3287 645 3356 700 Et
3402 650 3598 700 tamen
3649 648 3890 716 utraque

2246 733 2532 789 sententia
2561 750 2694 788 vera
2718 738 2824 801 est,
2859 734 2996 806 quia
3028 734 3260 789 Domini
3291 738 3380 790 est
3411 753 3422 802 ;
3458 733 3557 790 sed
3608 751 3713 806 pro
3758 751 3895 806 qua-

2244 821 2404 878 litate
2435 839 2820 893 personarum
2867 827 2922 877 et
2973 822 3280 895 culparum
3330 827 3386 877 et
3435 823 3892 879 circumstantiis

2248 911 2373 967 suis
2422 914 2816 983 competenter
2881 911 3261 984 intelligenda
3330 915 3438 966 est.
3489 911 3688 983 Neque
3739 913 3891 967 enim

2246 999 2556 1054 uniformis
2579 1000 2864 1055 sententia
2882 999 3243 1072 blasphemis
3262 1000 3538 1055 omnibus
3559 1003 3648 1054 est
3673 1000 3892 1066 danda,

2249 1087 2384 1159 quia
2410 1105 2514 1143 nec
2535 1088 2846 1144 uniformis
2871 1093 2960 1144 est
2977 1087 3365 1160 blasphemia,
3389 1092 3699 1144 attestante
3734 1089 3890 1144 Veri-

2245 1180 2363 1232 tate
2392 1178 2554 1248 ipsa:
2587 1201 2615 1227 «
2647 1177 2851 1243 Omne,
2887 1178 3099 1250 inquit,
3125 1181 3425 1250 peccatum
3450 1182 3504 1233 et
3529 1177 3892 1250 blasphemia

2247 1266 2578 1321 remittetur
2608 1266 2951 1322 hominibus
2977 1284 2990 1334 ;
3023 1266 3277 1338 Spiritus
3307 1270 3500 1322 autem
3526 1266 3889 1339 blasphemia

2248 1371 2361 1410 non
2396 1355 2726 1410 remittetur
2755 1355 2958 1426 (Matth.
2983 1372 3086 1424 xn,
3112 1355 3271 1426 31).»
3312 1355 3513 1410 Nonne
3537 1372 3718 1428 super
3748 1355 3890 1410 hanc

2249 1443 2499 1515 Spiritus
2531 1442 2959 1516 blasphemiam
2993 1443 3294 1516 propheta,
3342 1442 3663 1516 apostolus,
3697 1444 3892 1499 doctor

2248 1533 2513 1589 eamdem
2536 1548 2712 1604 quam
2730 1532 2854 1605 ipse
2876 1531 3160 1587 Dominus
3177 1549 3398 1598 eorum,
3421 1532 3890 1604 uniformemque

2249 1623 2714 1694 comprnbantur
2761 1623 3014 1678 dictasse
3061 1621 3458 1678 sententiam?
3507 1621 3800 1694 Propheta
3832 1622 3893 1676 si-

2251 1711 2485 1783 quidem
2517 1712 2634 1766 ait:
2670 1735 2696 1760 ‹‹
2731 1713 2914 1783 Lepra
2942 1713 3224 1767 Naamam
3251 1710 3375 1783 Syri
3427 1711 3744 1766 adhaerebit
3774 1710 3890 1778 tibi,

2249 1803 2305 1854 et
2325 1798 2535 1854 semini
2561 1802 2661 1854 tuo
2713 1815 2898 1870 usque
2924 1799 2982 1853 in
3029 1803 3309 1854 aeternum
3345 1799 3440 1869 (IV
3463 1800 3582 1868 Reg.
3620 1816 3672 1863 v,
3697 1799 3793 1869 27)
3822 1816 3834 1862 ;
3866 1821 3889 1847 ››

494 1890 657 1956 liam,
680 1890 930 1954 hortare,
955 1889 1202 1943 custodi.
1230 1887 1514 1943 Fefellerit
1536 1887 2137 1958 servulus?(hominis
2174 1921 2220 1985 Β
2252 1887 2551 1960 apostolus
2583 1892 2777 1943 autem
2805 1905 2816 1943 :
2845 1911 2873 1937 «
2907 1888 3176 1956 Pecunia,
3211 1887 3423 1959 inquit,
3466 1891 3564 1942 tua
3593 1890 3788 1942 tecum
3825 1887 3896 1942 sit

497 1979 654 2036 enim
680 1996 794 2034 non
819 1977 1068 2049 excipito
1091 1977 1450 2049 facultatem)
1475 1976 1808 2049 prophetico
1831 1975 2146 2047 deprehen-

501 2067 948 2140 susrepudietur
1004 2066 1451 2138 exemplo;cito
1507 2070 1736 2138 turpem
1770 2065 2035 2137 sequitur
2062 2064 2143 2120 le-

501 2175 607 2232 pra
637 2157 984 2225 mercedem,
1010 2160 1064 2212 et
1081 2156 1329 2226 pecunia
1353 2172 1563 2226 corpus
1595 2155 1976 2226 animumque
1997 2152 2147 2209 male

503 2247 749 2319 quaesita
769 2243 1178 2300 commaculet.
1206 2266 1233 2293 ι(
1262 2243 1566 2314 Accepisti,
1606 2243 1814 2315 inquit,
1838 2243 2146 2315 pecuniam

502 2339 560 2390 et
589 2334 915 2406 possidebis
946 2349 1014 2387 ex
1043 2350 1111 2387 ea
1139 2349 1364 2404 agrum,
1398 2337 1454 2387 et
1483 2331 1732 2398 vineam,
1767 2336 1824 2386 et
1858 2332 2065 2387 oliveta
2094 2334 2149 2386 et

502 2438 746 2496 greges;
790 2423 888 2478 sed
943 2425 1000 2476 et
1045 2421 1206 2492 lepra
1251 2422 1532 2476 Naamam
1588 2419 1911 2474 adhaerebit
1958 2420 2060 2474 tibi
2094 2423 2150 2474 et

501 2511 712 2567 semini
747 2514 847 2566 tuo
880 2527 1066 2581 usque
1110 2509 1169 2564 in
1218 2514 1501 2564 aeternum
1555 2509 1646 2578 (IV
1691 2510 1820 2576 Reg.
1871 2527 1924 2576 ν,
1973 2510 2083 2579 27).
2123 2531 2143 2558 ι

498 2601 674 2656 Vides
701 2600 841 2672 quia
870 2602 1105 2671 propter
1142 2599 1294 2654 facta
1337 2597 1614 2664 auctoris,
1661 2597 1952 2653 successio
1984 2597 2150 2652 dam-

502 2693 676 2746 natur
696 2689 943 2744 hzeredis
957 2689 985 2743 ?
1007 2687 1382 2760 Inexpiabilis
1405 2691 1493 2742 est
1519 2686 1736 2741 venditi
1757 2686 1927 2758 culpa
1944 2689 2152 2758 myste—

503 2778 597 2845 rii,
620 2781 677 2832 et
700 2777 952 2834 cmlestis
985 2776 1183 2849 gratiae
1223 2775 1480 2832 vindicta
1512 2775 1726 2831 transit
1755 2775 1825 2830 ad
1866 2778 2148 2847 posteros.

500 2865 766 2938 Denique
805 2866 1072 2920 Moabitae
1095 2869 1149 2920 et
1172 2865 1360 2920 caeteri
1385 2882 1498 2920 non
1538 2863 1843 2919 intrabunt
1867 2864 1925 2918 in
1957 2863 2150 2920 Eccle-

507 2954 655 3010 siam
687 2953 788 3008 Dei
819 2969 1008 3024 usque
1041 2954 1099 3007 in
1130 2954 1362 3008 tertiam
1406 2957 1462 3008 et
1512 2956 1780 3024 quartam
1829 2953 2150 3024 generatio-

511 3059 668 3108 nem,
686 3042 891 3097 tandiu
913 3041 1203 3109 videlicet,
1233 3047 1298 3097 ut
1325 3041 1656 3114 simplicius
1681 3041 2150 3114 interpretemur,

509 3132 691 3187 donec
723 3130 955 3202 culpam
977 3135 1278 3186 auctorum
1303 3130 1644 3202 multiplicis
1667 3131 1960 3186 successio
1980 3147 2153 3203 gene-

511 3221 756 3276 rationis
781 3220 1055 3276 aboleret.
1081 3221 1195 3275 Sed
1221 3236 1352 3274 cum
1377 3219 1461 3274 illi
1480 3220 1578 3291 qui
1604 3221 1659 3274 in
1688 3225 1867 3275 Deum
1912 3219 2151 3274 idolola-

2253 1977 2313 2031 in
2361 1977 2744 2048 perditionem
2789 1977 2930 2049 (Act.
2984 1994 3104 2045 vm,
3154 1977 3267 2043 20).
3307 1999 3327 2024 ι
3381 1977 3446 2030 Et
3485 1980 3609 2047 post
3654 1991 3890 2046 pauca:

2255 2089 2282 2117 «
2317 2065 2720 2121 Pcenitentiam
2752 2066 2948 2138 itaque
2979 2082 3084 2138 age
3115 2065 3186 2120 ab
3219 2065 3329 2120 hac
3377 2064 3628 2136 nequitia
3669 2067 3805 2131 tua,
3841 2067 3897 2118 et

2256 2171 2395 2227 roga
2415 2155 2728 2210 Dominum
2753 2156 2801 2211 si
2829 2156 2974 2210 forte
2996 2155 3330 2210 remittatur
3361 2153 3462 2208 tibi
3482 2153 3601 2208 haec
3621 2152 3894 2224 cogitatio

2255 2244 2449 2299 cordis
2471 2243 2556 2298 tui
2587 2245 2771 2312 (Ibid,
2802 2244 2915 2314 22).
2953 2267 2980 2292 ››
3015 2244 3272 2308 Quorum
3323 2243 3729 2298 auctoritatem
3767 2259 3892 2314 pro-

2257 2331 2402 2386 fecto
2434 2334 2668 2386 secutus
2699 2332 2918 2397 doctor,
2954 2331 3034 2386 ait
3061 2349 3073 2386 :
3114 2355 3134 2380 α
3173 2329 3547 2402 Inexpiabilis
3572 2335 3658 2385 est
3677 2329 3892 2385 venditi

2257 2419 2429 2492 culpa
2475 2419 2758 2492 mysterii.
2814 2442 2834 2468 υ
2888 2420 2950 2474 Β.
3012 2435 3244 2492 quoque
3306 2418 3693 2491 Augustinus,
3747 2419 3896 2473 unde

2258 2525 2437 2580 supra
2510 2509 2566 2564 in
2634 2508 2992 2580 expositione
3052 2507 3346 2582 Evangelii
3394 2507 3580 2563 sancti
3629 2507 3894 2563 Joannis.

2264 2619 2284 2646 α
2321 2596 2519 2652 Simon
2555 2595 2650 2651 ille
2681 2596 2809 2652 ideo
2840 2595 3064 2652 volebat
3083 2612 3274 2651 emere
3304 2594 3590 2666 Spiritum
3612 2598 3897 2654 sanctum,

2259 2683 2398 2756 quia
2427 2685 2671 2740 vendere
2710 2683 2938 2740 volebat
2969 2684 3250 2757 Spiritum
3302 2687 3594 2752 sanctum,
3651 2687 3709 2738 et
3739 2688 3897 2755 puta-

2258 2773 2358 2828 bat
2379 2773 2674 2845 apostolos
2696 2778 3048 2830 mercatores
3068 2773 3216 2829 tales
3247 2789 3374 2829 esse
3395 2771 3600 2844 quales
3621 2771 3896 2828 Dominus

2260 2864 2331 2918 de
2358 2863 2575 2934 templo
2607 2861 2833 2935 ﬂagello
2883 2863 3070 2934 ejecit.
3119 2862 3277 2917 Talis
3327 2860 3482 2916 enim
3533 2859 3631 2916 ille
3672 2864 3816 2928 erat,
3847 2865 3896 2916 et

2262 2952 2416 3024 quod
2439 2953 2711 3008 venderet
2725 2969 2916 3007 emere
2953 2951 3217 3007 volebat-
3239 2951 3318 3005 De
3358 2949 3477 3005 illis
3510 2952 3634 3005 erat
3665 2950 3767 3021 qui
3810 2967 3896 3004 co-

2261 3039 2493 3096 lumbas
2519 3040 2847 3096 vendebant
2871 3059 2883 3107 ;
2911 3039 3123 3096 etenim
3157 3039 3215 3094 in
3232 3037 3509 3094 columba
3529 3038 3760 3109 aparuit
3779 3037 3893 3109 Spi-

2261 3129 2410 3184 ritus
2436 3133 2693 3185 sanctus.
2715 3129 2817 3194 Qui
2843 3145 2977 3200 ergo
2995 3129 3256 3184 vendunt
3277 3126 3632 3194 columbam,
3661 3126 3896 3182 fratres?

2265 3218 2366 3290 qui
2398 3219 2616 3273 dicunt.
2651 3219 2766 3273 Nos
2815 3219 3025 3274 damus
3068 3217 3349 3290 Spiritum
3392 3220 3681 3271 sanctum.
3718 3218 3892 3281 Quare

510 3309 634 3364 tria:
665 3325 857 3364 errore
887 3308 1259 3379 deliquerunt
1304 3309 1364 3362 in
1417 3289 1686 3379 quartam
1717 3308 2149 3379 generationem
2183 3289 2225 3354 Ο
2263 3289 2418 3363 enim
2450 3307 2559 3363 hoc
2587 3307 2836 3363 dicunt?
2863 3311 2920 3362 et
2940 3324 3053 3378 quo
3083 3289 3268 3380 pretio
3307 3305 3614 3361 vendunt?
3646 3304 3891 3360 Pretium

507 3395 816 3450 videantur
836 3413 963 3450 esse
989 3394 1276 3461 mulctati,
1299 3396 1552 3467 profecto
1567 3396 2005 3451 duriorvidetur
2024 3413 2152 3452 esse

467 3521 470 3524 ~
510 3484 798 3539 sententia
819 3501 933 3554 qua
953 3484 1106 3539 Giezi
1133 3500 1365 3556 semper
1401 3500 1588 3554 usque
1633 3484 1691 3538 in
1727 3488 2007 3540 asternum
2047 3503 2148 3557 pro

506 3571 824 3644 cupiditate
855 3572 1109 3627 habendi
1141 3571 1478 3643 pr0phetica
1526 3572 1869 3628 auctoritate
1901 3574 2144 3628 damna-

504 3665 618 3730 tur,
653 3660 976 3733 praesertim
1008 3677 1141 3716 cum
1166 3660 1447 3715 Dominus
1471 3664 1667 3716 noster
1685 3661 1858 3716 Jcsus
1881 3661 2145 3718 Christus

501 3767 605 3823 per
635 3749 844 3805 lavacri
877 3749 1374 3822 regenerationem
1407 3747 1680 3805 omnibus
1734 3749 2140 3807 remissionem

498 3838 725 3894 dederit
754 3843 1144 3911 peccatorum.
1179 3859 1207 3887 »

1079 4025 1315 4081 CAPUT
1354 4025 1549 4080 XVIII.

585 4139 978 4212 Recapitulatio
1025 4140 1170 4194 unde
1196 4157 1410 4266 supra;
1431 4140 1626 4196 deinde
1658 4143 1718 4195 B.
1753 4141 2047 4210 Augustini

1175 4227 1270 4265 sen.
1297 4227 1363 4264 en
1389 4228 1463 4266 τα.

1175 4227 1463 4266 sententia.

561 4373 724 4437 Ecce,
750 4387 818 4425 ex
848 4369 1169 4442 praemissis
1199 4370 1346 4425 tanti
1393 4373 1634 4442 tamque
1684 4371 1990 4443 prudentis
2021 4371 2128 4426 viri

487 4459 930 4528 assertionibus,
961 4457 1346 4514 multifariam
1369 4458 1644 4514 docemur
1668 4459 1852 4530 pretio
1876 4460 2125 4531 gratiam

483 4547 873 4620 episcopalem
899 4565 1012 4603 non
1036 4563 1208 4620 posse
1239 4546 1446 4617 accipi,
1469 4548 1569 4602 sed
1593 4547 1837 4619 lepram.
1863 4548 1929 4602 Et
1951 4549 2127 4604 audet

2261 3396 2498 3452 honoris
2511 3394 3520 3468 suiaccipiunt,pretium,cathedras
3533 3393 3889 3466 temporales,

2260 3487 2322 3540 ut
2342 3485 2654 3540 videantur
2677 3485 2789 3556 ipsi
2821 3485 3066 3540 vendere
3098 3482 3422 3540 columbas.
3456 3486 3705 3539 Caveant
3737 3500 3770 3537 a
3793 3483 3892 3537 ﬂa-

2256 3573 2407 3644 gello
2438 3574 2510 3629 de
2539 3573 2855 3630 resticulis.
2887 3573 3174 3629 Columba
3205 3589 3317 3627 non
3351 3576 3440 3627 est
3461 3571 3692 3636 venalis,
3716 3570 3896 3643 gratis

2255 3662 2446 3728 datur,
2479 3662 2617 3734 quia
2647 3662 2836 3735 gratia
2865 3665 3123 3718 vocatur.
3163 3684 3189 3709 υ

2322 3751 2480 3807 Idem
2512 3752 2666 3807 unde
2696 3768 2876 3824 supra
2924 3752 2982 3806 in
3031 3752 3233 3807 eadem
3282 3749 3656 3823 expositione.
3695 3749 3890 3817 (AUG.,

2253 3843 2416 3895 tract.
2439 3843 2495 3911 6,
2527 3843 2586 3894 in
2615 3843 2770 3897 Joan.
2810 3859 2870 3907 ιι,
2902 3839 3015 3911 48.)
3061 3862 3088 3890 ‹‹
3116 3841 3178 3895 In
3220 3839 3464 3895 Actibus
3495 3835 3885 3910 apostolorum

2246 3927 2500 4000 legimus
2524 3929 2741 3986 multos
2762 3928 3077 3985 credidisse
3101 3928 3159 3983 in
3184 3927 3448 3984 Samaria
3481 3943 3584 3999 per
3614 3926 3885 3998 praedica-

2245 4016 2464 4073 tionem
2498 4017 2753 4090 Philippi
2781 4017 2915 4089 (Act.
2967 4034 3089 4085 vm,
3143 4017 3253 4087 12).
3309 4014 3666 4087 lntelligitur
3693 4017 3881 4069 autem

2241 4104 2360 4161 sive
2383 4123 2536 4161 unus
2561 4121 2628 4161 ex
2649 4105 2949 4178 apostolis,
2975 4105 3093 4162 sive
3110 4121 3176 4160 ex
3198 4104 3479 4173 diaconis,
3505 4103 3645 4174 quia
3665 4107 3876 4175 septem

2241 4194 2516 4250 diaconos
2535 4194 2610 4250 ibi
2632 4193 2881 4266 legimus
2900 4194 3219 4262 ordinatos,
3245 4193 3398 4248 inter
3434 4209 3582 4265 quos
3603 4196 3691 4247 est
3709 4191 3872 4246 etiam

2239 4297 2451 4338 nomen
2479 4283 2727 4355 Philippi
2758 4284 2892 4349 (Act.
2926 4300 2981 4349 v,
3013 4284 3089 4354 6).
3123 4283 3230 4338 Per
3275 4281 3532 4354 Philippi
3564 4297 3699 4353 ergo
3727 4296 3874 4352 pre-

2235 4371 2583 4427 dicationem
2617 4370 2990 4427 crediderunt
3019 4371 3319 4427 Samaritae
3347 4389 3361 4438 ;
3413 4369 3682 4426 Samaria
3711 4367 3872 4438 οωρῆ

2236 4459 2532 4515 abundare
2554 4459 2848 4515 fidelibus.
2873 4459 2956 4515 Ibi
2980 4462 3104 4515 erat
3125 4459 3330 4514 Simon
3353 4459 3461 4514 iste
3482 4458 3747 4531 Magnus.
3770 4461 3870 4510 Per

2233 4548 2492 4620 magicas
2523 4548 2798 4604 factiones
2829 4565 2966 4604 suas
3000 4549 3437 4603 dementaverat
3479 4545 3774 4618 populum,
3803 4548 3868 4598 ut

483 4635 617 4707 quis
640 4641 838 4691 contra
859 4636 1082 4692 hiscere
1103 4640 1158 4690 et
1178 4634 1420 4708 gannire
1441 4635 1551 4691 sibi
1574 4640 1675 4690 aut
1695 4634 1934 4691 cuilibet
1954 4653 2124 4708 posse
2157 4655 2199 4719 Ι)
2231 4653 2364 4691 eum
2386 4637 2657 4692 virtutem
2684 4637 2779 4692 Dei
2803 4640 3094 4709 putarent.
3121 4637 3465 4692 Commotus
3482 4640 3676 4691 tamen
3691 4633 3865 4706 signis

480 4724 608 4780 dari
640 4724 712 4779 ab
735 4723 1076 4794 huiusmodi
1096 4722 1364 4796 leprosis,
1385 4723 1605 4778 scilicet
1626 4722 1990 4790 Simoniacis,
2016 4725 2118 4779 ali-

479 4829 657 4883 quam
689 4816 1021 4868 sanctorum
1052 4812 1326 4868 ordinum
1359 4828 1535 4883 quam
1584 4829 1700 4867 non
1745 4811 1960 4867 habent
1988 4829 2119 4885 gra-

477 4899 644 4967 tiam,
685 4904 741 4955 et
790 4917 903 4954 non
954 4900 1150 4972 potius
1202 4899 1385 4956 solam
1436 4917 1615 4971 quam
1666 4905 2031 4970 acceperunt,
2066 4906 2121 4957 et

475 4988 695 5043 habent
723 4987 985 5060 lepram?
1014 4990 1244 5044 Etcum
1300 4989 1452 5044 idem
1507 4988 1871 5044 clarissimus
1921 4989 2120 5045 doctor

475 5076 877 5132 indubitanter
924 5077 1193 5148 prmdicet
1254 5077 1664 5149 inexpiabilem
1733 5079 2118 5138 essevenditi

474 5165 707 5238 culpam
733 5164 1040 5220 ministerii
1056 5165 1372 5220 etcoelestis
1393 5165 1590 5238 gratiae
1604 5165 1916 5221 vindictam
1935 5170 2121 5222 trans-

470 5255 554 5310 ire
577 5256 644 5310 ad
680 5259 962 5327 posteros,
987 5254 1129 5308 adeo
1171 5257 1234 5308 ut
1271 5253 1598 5326 exemplum
1636 5254 1794 5310 Giezi
1819 5254 2110 5310 adhaereat

471 5343 754 5398 venditori
788 5347 843 5398 et
872 5342 1081 5398 semini
1112 5343 1238 5412 ejus
1268 5342 1325 5396 in
1368 5346 1734 5414 perpetuum,
1783 5344 1952 5414 cujus
1983 5361 2107 5398 mo-

473 5431 654 5485 menti
687 5437 822 5486 sunt
853 5450 982 5503 quae
1023 5449 1052 5486 e
1096 5431 1319 5486 diverso
1366 5431 1789 5486 contradicunt.
1839 5455 1866 5480 ‹‹
1898 5433 2108 5487 Anima

471 5535 597 5590 qum
633 5520 947 5589 peccaverit
980 5521 1105 5591 ipsa
1138 5519 1436 5585 morietur,
1461 5523 1516 5572 et
1539 5518 1692 5573 {ilius
1716 5537 1829 5574 non
1853 5521 2108 5592 portabit

439 5605 817 5678 'inquitatem
858 5605 1038 5678 patris
1078 5607 1288 5676 (Bacch.
1338 5623 1497 5673 xvm,
1546 5607 1655 5679 20),
1709 5631 1734 5656 »
1782 5610 2103 5679 prmscrtim

465 5712 599 5752 cum
628 5694 908 5750 Dominus
938 5696 1007 5750 de
1040 5696 1228 5767 seipse
1259 5695 1448 5750 dicat:
1490 5720 1508 5745 α
1547 5696 1803 5751 Reddam
1831 5696 2106 5769 iniquita~

2230 4742 2357 4797 qua;
2389 4724 2606 4781 ﬁebant
2645 4741 2678 4780 a
2726 4723 3011 4796 Philippo,
3063 4724 3240 4780 etiam
3285 4723 3412 4795 ipse
3450 4723 3712 4779 credidit.
3757 4720 3860 4776 Sed

2229 4814 2521 4884 quomodo
2547 4812 2874 4880 crediderit,
2903 4812 3226 4884 posteriora
3263 4813 3575 4884 sequentia
3603 4811 3860 4866 demons-

2227 4905 2544 4957 traverunt.
2581 4901 2917 4972 Baptizatus
2947 4905 3035 4957 est
3065 4906 3123 4957 et
3154 4900 3378 4957 Simon.
3413 4900 3735 4955 Audierant
3757 4897 3858 4950 hoc

2227 4989 2495 5063 apostoli,
2521 4990 2619 5061 qui
2644 4994 2810 5045 erant
2831 4989 3248 5061 Hierosolymis
3272 5007 3284 5057 ;
3311 4989 3480 5044 missi
3505 4993 3644 5044 sunt
3657 4984 3854 5042 adillos

2227 5079 2431 5134 Petrus
2457 5083 2514 5134 et
2540 5079 2818 5145 Joannes,
2843 5077 3190 5134 invenerunt
3210 5077 3427 5132 multos
3453 5077 3778 5150 baptizatos,
3797 5077 3852 5126 et

2227 5167 2364 5240 quia
2413 5165 2611 5221 nullus
2665 5165 2925 5237 ipsorum
2989 5170 3290 5238 acceperat
3349 5165 3542 5221 adhuc
3589 5164 3848 5236 Spiritum

2218 5261 2506 5320 sanctum,
2541 5255 2695 5311 sicut
2725 5259 2865 5310 tunc
2898 5255 3292 5310 descendebat
3320 5255 3393 5310 ad
3445 5251 3842 5310 ostendendam

2216 5344 2702 5417 signiﬁcationem
2734 5345 2999 5415 gentium
3036 5343 3484 5410 crediturarum,
3539 5348 3604 5399 ut
3642 5336 3841 5411 linguis

2215 5432 2594 5505 loquerentur
2623 5431 2682 5487 in
2715 5449 2861 5503 quos
2893 5432 3284 5488 descendebat
3313 5432 3571 5504 Spiritus
3601 5432 3840 5490 sanctus,

2216 5522 2621 5594 imposuerunt
2650 5520 2766 5576 illis
2800 5538 3010 5576 manus
3041 5524 3276 5576 orantes
3319 5537 3424 5592 pro
3473 5522 3580 5585 eis,
3611 5524 3664 5574 et
3694 5529 3836 5572 accc-

2216 5615 2428 5682 perunt
2451 5610 2732 5682 Spiritum
2762 5613 3052 5665 sanctum.
3085 5609 3285 5665 Simon
3319 5608 3415 5664 ille
3462 5609 3559 5682 qui
3591 5624 3698 5663 non
3728 5605 3839 5659 erat

2217 5699 2278 5755 in
2309 5697 2564 5755 Ecclesia
2596 5697 2886 5768 columba,
2916 5697 3015 5752 sed
3048 5714 3275 5765 corvus,
3307 5699 3445 5770 quia
3477 5715 3563 5766 ea,
3595 5712 3715 5767 quae
3737 5705 3836 5748 sua
