4090 6176
283 361 442 433 1045
883 364 1296 431 ADVERSUS
1340 358 1816 429 SIMONIACOS
1858 357 1916 422 Ll

2034 314 2069 421 .t
2112 355 2335 422 rans.
2371 389 2447 405 —
2478 351 2716 421 LIBER
2758 357 3078 424 ramus.
3523 351 3681 423 1046

283 506 439 573 runt,
474 502 792 578 quaerebat,
854 520 968 560 non
1027 519 1154 574 quae
1199 502 1336 557 Iesu
1393 497 1627 565 Christi,
1673 495 1829 552 unde
1865 493 1924 549 in
1954 493 2009 560 Α
2110 494 2239 550 30.«
2258 494 2317 551 Si
2340 494 2473 567 quis
2493 491 3677 578 episcopus,autpresbyter,autdiaconus

280 573 633 651 Christi—anis
662 592 983 665 potentiam
1006 573 1194 664 magis
1225 591 1521 646 amaverat
1548 602 1725 660 quam
1744 583 1922 657 justi-
2032 600 2136 657 per
2164 584 2473 656 pecuniam
2495 573 2647 640 hanc
2673 583 2947 639 obtinerit
2976 583 3343 657 dignitatem,
3369 582 3678 655 dejiciatur

275 682 447 751 tiam,
502 680 651 738 vidit
705 698 810 754 per
865 680 1304 753 impositionem
1374 694 1661 733 manuum
1689 679 1919 748 aposto-
2031 673 2157 746 ipse
2186 678 2243 729 et
2270 673 2569 729 ordinator
2597 674 2745 744 ejus,
2774 677 2833 728 et
2853 673 3315 729 acommunione
3341 672 3534 728 modis
3556 688 3677 728 om-

273 771 471 829 lorum
537 770 662 827 dari
720 770 1002 844 Spiritum
1060 772 1351 834 sanctum,
1414 784 1528 823 non
1587 765 1724 838 quia
1807 762 1918 836 ipsi
2030 763 2206 819 nibus
2232 761 2628 828 abscindatur,
2660 761 2812 817 sicut
2842 762 3039 817 Simon
3072 761 3604 835 MagnusaPetro.
3644 782 3671 810 ››

274 861 518 928 dabant,
580 859 680 916 sed
736 859 897 931 quia,
957 858 1103 930 ipsis
1162 856 1487 926 orantibus,
1537 855 1709 910 datus
1793 855 1916 919 est;

270 955 333 1008 et
389 949 469 1006 ait
526 946 834 1021 apostolis:
871 970 903 997 (ρ
958 947 1107 1012 Quid
1163 945 1340 1001 vultis
1386 963 1419 1000 a
1479 961 1571 999 me
1658 942 1918 1013 accipere

269 1039 558 1113 pecuniae,
593 1042 657 1093 ut
703 1054 807 1110 per
855 1035 1291 1108 impositionem
1350 1048 1593 1089 manum
1651 1045 1915 1086 mearum

271 1130 446 1186 detur
466 1127 720 1200 Spiritus
750 1125 1080 1183 sanctus?»
1113 1125 1178 1179 Et
1209 1123 1287 1178 ait
1343 1122 1427 1177 illi
1485 1122 1722 1178 Petrus:
1759 1141 1786 1168 ‹‹
1818 1122 1917 1173 Pe-

267 1219 447 1275 cunia
486 1223 590 1273 tua
620 1221 817 1272 tecum
850 1216 925 1272 sit
956 1214 1015 1269 in
1048 1213 1457 1286 perditionem,
1490 1210 1769 1282 quoniam
1813 1208 1913 1262 do-

271 1325 418 1365 num
450 1308 551 1363 Dei
584 1306 803 1379 putasti
836 1304 1087 1377 pecunia
1116 1301 1579 1376 comparandum
1621 1299 1755 1370 (Aet.
1789 1314 1913 1363 VIII,

276 1398 490 1470 18-20).
529 1420 549 1446 ο
585 1395 690 1453 Cui
715 1394 883 1451 dicit:
920 1418 946 1444 «
982 1392 1230 1449 Pecunia
1263 1396 1366 1447 tua
1394 1395 1584 1447 terum
1607 1388 1683 1445 sit
1703 1388 1759 1442 in
1785 1403 1914 1459 per-

269 1486 594 1545 ditionem?
624 1507 651 1535 »
676 1485 878 1557 utique
889 1482 1340 1555 baptizato.Jam
1359 1480 1717 1552 baptismum
1732 1477 1912 1532 habe-

267 1579 388 1645 bat,
423 1577 526 1634 sed
558 1574 841 1631 columbae
873 1572 1197 1628 visceribus
1257 1587 1371 1624 non
1428 1568 1702 1623 haerebat.
1763 1563 1913 1620 Audi

266 1667 408 1741 quia
440 1683 553 1722 non
586 1664 864 1728 haerebat,
897 1665 953 1718 et
981 1661 1157 1717 verba
1185 1659 1314 1731 ipsa
1334 1656 1484 1713 Petri
1514 1654 1761 1729 apostoli
1810 1652 1911 1708 ad—

259 1759 442 1813 verte.
471 1753 752 1827 Sequitur
781 1750 968 1807 enim:
995 1774 1021 1799 ‹‹
1054 1751 1179 1805 Non
1227 1752 1316 1804 est
1344 1747 1451 1802 tibi
1514 1762 1670 1817 pars,
1723 1758 1911 1814 neque

262 1862 392 1902 sors
420 1844 480 1899 in
514 1843 626 1899 hac
648 1842 794 1931 fide;
818 1841 889 1931 ing
904 1838 1037 1931 felle
1056 1839 1214 1893 enim
1236 1834 1643 1893 amaritudinis
1662 1832 1826 1887 video
1847 1835 1904 1885 te
1940 1866 1987 1931 Β

261 1950 391 1991 esse
431 1930 808 2006 (Ibid.21-23).
821 1951 846 1978 ι)
859 1927 1143 1984 Columba
1156 1925 1229 1981 fel
1246 1942 1357 1980 non
1373 1924 1579 1980 habet:
1600 1922 1803 1978 Simon
1816 1920 1912 1974 ha-

256 2023 463 2089 bebat;
497 2021 628 2076 ideo
652 2021 957 2091 separatus
984 2034 1017 2072 a
1039 2014 1322 2071 columba:
1346 2011 1692 2068 visceribus.
1716 2008 1910 2081 Bapti-

257 2128 429 2169 smus
458 2110 545 2165 illi
579 2107 718 2181 quid
752 2105 1065 2180 proderat?
1100 2129 1120 2154 ι

333 2202 402 2256 In
434 2198 654 2272 quibus
674 2194 1145 2268 eloquentissimi
1176 2196 1233 2248 et
1262 2186 1753 2264 perspicacissimi
1803 2187 1908 2241 do-

264 2291 451 2347 ctoris
489 2287 660 2343 dictis
718 2284 1182 2342 animadvertant
1232 2296 1467 2336 necesse
1525 2282 1613 2335 est
1658 2275 1757 2348 qui
1801 2275 1910 2330 im-

267 2380 561 2454 pudenter
588 2381 645 2431 et
676 2375 854 2447 impie
911 2377 1171 2428 astruere
1219 2375 1506 2426 conantur
1552 2364 1909 2433 columbam,

264 2452 359 2525 vel
390 2464 754 2541 spiritualcm
777 2462 1030 2535 gratiam
1052 2460 1247 2525 vendi,
1278 2458 1422 2513 illud
1440 2456 1595 2529 quod
1619 2454 1728 2510 ait:
1763 2476 1791 2504 «
1816 2452 1915 2508 Co-

262 2555 473 2613 lumba
502 2571 619 2611 non
641 2556 733 2609 est
759 2550 1001 2618 venalis,
1034 2548 1216 2622 gratis
1236 2547 1429 2613 datur,
1453 2543 1591 2617 quia
1611 2542 1799 2615 gratia
1814 2558 1909 2597 vo-

263 2650 460 2712 catur;
491 2688 508 2701 .
538 2658 761 2699 necnon
786 2640 951 2709 illud,
974 2638 1110 2711 quia
1133 2662 1158 2687 ‹‹
1180 2635 1535 2692 viditSimon
1555 2648 1657 2706 per
1676 2629 1912 2703 imposi-

261 2737 482 2793 tionem
516 2748 730 2788 manus
749 2728 1146 2802 apostolorum
1170 2723 1595 2797 dariSpiritum
1615 2724 1907 2786 sanctum,

261 2845 377 2885 non
410 2825 551 2898 quia
570 2822 681 2896 ipsi
708 2821 944 2887 dabant,
969 2818 1069 2874 sed
1094 2817 1232 2889 quia
1252 2815 1398 2889 ipsis
1419 2812 1725 2870 orantibus
1738 2811 1911 2865 datus

262 2920 370 2975 est.
388 2938 418 2966 »
431 2897 593 2971 Deus
606 2911 762 2968 enim
775 2907 1059 2982 Spiritum
1078 2909 1350 2961 sanctum
1373 2918 1548 2958 suum
1567 2897 1913 2955 hominibus

261 3006 533 3080 largitur,
555 3001 657 3057 sed
671 2998 932 3056 oratione
958 3001 1016 3052 et
1038 2986 1778 3059 invocationeillorum,qui
1801 2985 1909 3040 hu-

260 3073 704 3168 jus'ministerii
732 3086 820 3143 vel
851 3084 1027 3141 officii
1059 3082 1488 3139 ordinationem
1529 3096 1563 3133 a
1606 3073 1910 3132 catholicis

266 3184 450 3258 gratis
480 3178 774 3251 accepisse
800 3171 1377 3239 noscuntur,etiamsi
1395 3186 1580 3241 pravae
1602 3179 1907 3221 conversa-

2099 878 2255 945 Item,
2286 895 2355 934 ex
2382 878 2601 945 eisdem,
2627 895 2747 949 cap,
2775 878 2863 932 31.
2900 900 2927 928 ‹‹
2953 877 3013 933 Si
3044 877 3177 948 quis
3198 876 3509 949 cpiscopus
3560 894 3670 933 sae-

2027 966 2326 1023 cularibus
2352 966 2734 1040 potestatibus
2757 984 2901 1024 usus
2922 966 3226 1022 ecclesiam
3250 982 3353 1038 per
3375 966 3534 1037 ipsos
3567 966 3670 1021 ob-

2026 1055 2229 1121 tineat,
2262 1056 2586 1128 deponatur
2616 1056 2739 1127 ipse
2769 1060 2825 1111 et
2855 1054 3165 1127 ejiciantur
3193 1071 3398 1111 omnes
3429 1053 3530 1126 qui
3577 1052 3665 1107 illi

2026 1145 2520 1200 communicant.»
2534 1146 2748 1201 Contra
2761 1145 2913 1216 quod
2936 1143 3260 1216 capitulum
3283 1143 3382 1217 qui
3407 1142 3517 1197 sibi
3543 1157 3671 1214 pre-

2024 1233 2105 1288 tio
2135 1236 2452 1305 potestates
2483 1233 2810 1300 Conciliant,
2843 1232 3072 1289 etiamsi
3099 1231 3502 1289 ecclesiastica:
3524 1230 3666 1299 sint,

2024 1321 2226 1394 procul
2261 1321 2437 1377 dubio
2462 1320 2768 1377 saecularcs
2793 1322 2961 1387 fiunt,
2984 1321 3137 1376 sicut
3159 1319 3239 1375 ait
3259 1319 3666 1391 B.Gregorius,

2028 1433 2055 1462 «
2087 1411 2146 1466 Si
2164 1411 2222 1465 in
2247 1410 2657 1466 ecclesiasticis
2679 1410 2886 1465 ofﬁciis
2899 1425 3258 1481 quemquam
3275 1407 3451 1463 habet
3472 1407 3666 1463 locum

2026 1500 2286 1573 pecunia,
2322 1500 2387 1554 ﬁt
2415 1499 2690 1555 saeculare
2717 1498 2872 1569 quod
2906 1514 3141 1552 sacrum
3173 1500 3280 1553 est.
3318 1518 3346 1545 ››

2092 1618 2227 1673 Item
2255 1616 2401 1680 inde,
2436 1632 2505 1671 ex
2531 1616 2759 1671 concilio
2783 1613 3128 1679 Chalcedon.,
3160 1614 3355 1684 cap.2.
3390 1633 3419 1661 «
3444 1610 3662 1683 Siquis

2022 1705 2332 1779 episcopus
2345 1722 2447 1776 per
2468 1702 2776 1777 pecuniam
2795 1701 2993 1758 fecerit
3015 1701 3529 1767 ordinationem,et
3554 1698 3666 1754 sub

2020 1796 2204 1868 pretio
2234 1792 2519 1865 redegerit
2547 1792 2795 1865 gratiam
2822 1807 2949 1862 quae
2965 1806 3080 1845 non
3102 1793 3293 1862 potest
3314 1787 3665 1857 vendi,ordi-

2019 1884 2359 1955 naveritque
2389 1898 2491 1954 per
2522 1881 2829 1953 pecuniam
2857 1880 3262 1951 presbyterum
3308 1880 3408 1933 aut
3463 1875 3665 1931 diaco-

2022 1990 2186 2042 num,
2218 1971 2307 2028 vel
2341 1970 2662 2044 quemlibet
2692 1985 2759 2041 ex
2790 1968 2884 2023 his
2912 1968 3011 2040 qui
3070 1970 3571 2023 connumerantur
3601 1963 3660 2018 in

2020 2063 2192 2128 clero,
2227 2067 2329 2117 aut
2359 2059 2709 2133 promoverit
2739 2074 2841 2129 per
2870 2055 3176 2128 pecuniam
3199 2055 3663 2127 dispensatorem

2021 2156 2122 2209 aut
2145 2152 2531 2215 defensorem,
2558 2147 2647 2203 vel
2677 2163 3035 2219 quemquam
3066 2144 3164 2216 qui
3222 2144 3524 2214 subjectus
3575 2145 3666 2197 est

2020 2241 2256 2315 regule,
2290 2240 2399 2295 sub
2422 2237 2752 2310 turpissimi
2784 2236 2930 2290 lucri
2957 2234 3285 2300 commodo,
3320 2232 3369 2288 is
3408 2230 3503 2287 cui
3553 2231 3663 2286 hoc

2021 2330 2318 2389 attestauti
2349 2328 2660 2400 probatum
2688 2324 2864 2379 fuerit
2894 2322 3109 2395 proprii
3142 2322 3362 2395 gradus
3407 2319 3664 2393 periculo

2022 2418 2459 2492 subjacebit.;Et
2479 2414 2579 2487 qui
2602 2415 2905 2470 ordinatus
2923 2417 3015 2467 est
3036 2410 3268 2466 nihilex
3293 2410 3402 2464 hac
3432 2408 3664 2464 ordina-

2020 2512 2199 2576 tione,
2230 2507 2319 2564 vel
2352 2504 2719 2579 promotione
2750 2519 2878 2573 quae
2908 2505 2997 2556 est
3051 2516 3156 2572 per
3210 2496 3664 2571 negotiationem

2021 2601 2173 2656 facta
2201 2594 2488 2669 proficiat,
2521 2593 2621 2648 sed
2644 2591 2722 2648 sit
2750 2589 2976 2646 alienus
2997 2605 3065 2644 ea
3080 2584 3482 2659 dignitate,vel
3512 2584 3666 2640 solli-

2021 2687 2277 2745 citudine
2308 2698 2485 2756 quam
2518 2678 2783 2752 pecuniis
2813 2676 3094 2750 quaesivit.
3130 2675 3188 2730 Si
3222 2674 3356 2745 quis
3377 2690 3509 2728 vero
3541 2688 3663 2726 me-

2021 2777 2213 2833 diator
2243 2778 2363 2828 tam
2395 2769 2669 2841 turpibus
2700 2771 2758 2823 et
2780 2766 3049 2821 nefandis
3079 2763 3234 2818 datis
3263 2760 3351 2816 vel
3407 2759 3665 2832 aceeptis

2018 2863 2323 2927 exstiterit,
2358 2859 2407 2915 si
2440 2856 2675 2930 quidem
2708 2854 2954 2910 clericus
2985 2850 3180 2919 fuerit,
3213 2849 3446 2922 proprio
3477 2848 3663 2921 gradu

2020 2952 2270 3017 decidat,
2302 2948 2353 3003 si
2380 2963 2515 3003 vero
2563 2943 2747 3000 laicus
2779 2945 2880 2997 aut
2910 2939 3253 3009 monachus,
3317 2937 3662 2994 anathema-

2018 3042 2247 3099 tizetur.
2284 3060 2312 3087 »

2092 3160 2224 3214 Item
2254 3153 2401 3219 inde,
2448 3150 2697 3220 exempla
2745 3145 3044 3202 Hormisdaz
3087 3159 3250 3216 papae
3305 3144 3483 3216 (epist.
3544 3143 3659 3213 25).

270 3232 447 3329 :ionis
477 3270 538 3325 in
569 3232 753 3324 odulis
781 3262 1090 3320 hominum
1112 3260 1458 3315 habeantur.
1485 3257 1546 3312 In
1570 3272 1688 3327 qua
1706 3253 1912 3323 utique
1941 3232 1984 3298 (ἶ
2023 3270 2050 3297 ‹‹
2086 3249 2240 3312 Quos
2256 3236 2862 3309 constiteritindignos
2887 3233 3659 3289 meritissacramentamer-

274 3363 388 3418 ﬁde
414 3358 506 3416 vel
541 3354 888 3421 ministerio,
922 3368 1039 3407 non
1069 3355 1158 3406 est
1187 3346 1475 3403 haereticis
1523 3362 1677 3417 pars,
1728 3355 1916 3413 neque
2024 3319 3658 3403 catosessepretiodignitatem,convictosoportetarceri,

1513 3408 1613 3489 sed
1664 3408 1915 3487 Satanae
2027 3424 2167 3497 quia
2177 3423 2413 3477 dantem
2431 3416 2648 3491 pariter
2662 3413 3160 3485 accipientemque
3172 3408 3469 3466 damnatio
3484 3408 3667 3464 Simo-

2029 3513 2122 3569 nis
2152 3527 2330 3584 quam
2364 3523 2532 3564 sacra
2560 3503 2730 3559 lectio
2763 3504 3011 3557 testatur
3036 3498 3293 3555 involvit.
3326 3499 3441 3553 Hoc
3474 3497 3670 3568 itaque

2031 3604 2102 3659 ad
2132 3583 2397 3675 proxima
2416 3591 2854 3664 conjungimus,
2873 3606 2945 3645 ne
2961 3586 3287 3644 benedictio
3310 3602 3415 3658 per
3431 3583 3674 3656 imposi-

273 3467 429 3517 sors,
481 3446 622 3520 quia
667 3461 772 3500 nec
846 3438 1104 3497 ministri
1188 3436 1425 3501 Christi,

276 3539 468 3614 portio
503 3519 919 3599 efficiuntur;
979 3545 1053 3584 ne
1114 3527 1377 3600 ipsorum
1462 3523 1719 3579 oratione
1820 3519 1923 3572 aut

277 3606 641 3685 invocatione
687 3620 942 3693 Spiritus
989 3620 1229 3673 sanctus
1281 3615 1473 3678 datur,
1539 3610 1678 3682 quia
1753 3606 1923 3663 mini-

278 3671 639 3685 ...ων--.νη
689 3671 938 3693 _,_---,-
1462 3671 1471 3678 ,
1555 3671 1573 3682 ,
2133 3671 2152 3675 _

278 3716 524 3774 sterium
586 3726 810 3780 eorum,
842 3704 1072 3763 etiarnsi
1102 3708 1269 3760 recta:
1328 3698 1785 3757 conversationis
1837 3695 1919 3750 vi—
2031 3692 2251 3747 tionem
2310 3701 2545 3752 manus,
2599 3697 2727 3752 qua:
2759 3695 2792 3733 a
2822 3678 2937 3733 Deo
2991 3692 3119 3731 esse
3177 3674 3434 3730 creditur
3492 3671 3673 3744 pretio

280 3807 552 3869 deantur,
583 3819 617 3857 a
645 3800 761 3857 Deo
790 3814 906 3853 non
940 3792 1398 3866 recognoscitur,
1440 3795 1497 3846 et
1555 3789 1683 3844 ideo
1741 3786 1923 3843 oratio
2034 3780 2424 3850 comparetur,
2458 3771 2597 3843 quia
2616 3769 2840 3834 Simon,
2865 3782 2967 3837 per
2995 3762 3277 3835 Spiritum
3301 3764 3677 3816 sanetumvo-

505 3847 1414 3961 iitinwp'e'cdatumtgs‘?cavm.7i,
1430 3878 1753 3934 secundum
1769 3874 1922 3947 quod
2006 3847 2360 3955 ’lenspretio
2391 3857 2660 3926 mercari,
2689 3853 2935 3927 apostoli
2988 3850 3097 3905 fuit
3126 3847 3509 3905 detestatione
3540 3861 3675 3919 per-

278 3985 352 4041 de
380 3982 497 4041 alio
526 3978 784 4054 pessimo
814 3976 1136 4031 mercatore
1167 3988 1201 4026 a
1228 3967 1537 4025 Psalmista
1567 3969 1795 4023 constat
1821 3963 1927 4017 im-
2038 3972 2265 4013 cussus.
2292 3975 2320 4002 »

279 4051 575 4148 Precand—O
605 4065 1036 4140 Prophetatum'
1058 4061 1205 4116 Nam
1236 4062 1301 4113 ιη
1406 4054 1717 4148 Αροειοὲξιε
1734 4052 1930 4109 corin‘
2106 4074 2235 4128 Item
2270 4066 2420 4133 inde,
2450 4080 2520 4120 ea:
2545 4060 2894 4133 Expositione
2925 4056 3179 4125 Remigii.
3213 4076 3242 4103 «
3276 4051 3563 4108 Dominus
3613 4053 3678 4106 ut

278 4137 426 4217 {hiis
456 4159 562 4214 ait:
598 4137 953 4227 'IEjllsmo‘ii
991 4153 1130 4206 sunt
1184 4142 1679 4220 Ρδθυάοθροδίοην
1721 4156 1923 4213 ορθτθ·
2040 4158 2372 4217 ostenderet
2400 4167 2602 4209 omnes
2622 4148 2972 4212 venditores,
3004 4149 3062 4200 et
3089 4146 3382 4215 emptores
3428 4137 3679 4195 ccelestis

281 4250 356 4305 Γίί
386 4245 641 4312 sumo“:
675 4241 1163 4313 ιτδηεῆευταηιθε
1194 4252 1255 4292 5°
1286 4235 1344 4289 in
1367 4231 1660 4323 aPOSt°}°9
1690 4228 1925 4323 Οβτίδίίί·
2038 4247 2234 4323 gratiae
2258 4240 2658 4300 eleminaudos
2670 4253 2847 4294 essea
2867 4234 3141 4290 societate
3159 4234 3370 4287 sanctae
3392 4226 3679 4294 Ecclesiae,

282 4339 357 4394 Et
382 4353 501 4393 non
531 4333 771 4389 mirum.
796 4328 1092 4402 Ipseenim
1114 4329 1361 4380 Satanas
1386 4320 1766 4391 transfigurat
1786 4334 1847 4373 se
1870 4317 1916 4369 ir

2040 4317 2257 4393 idcirco
2287 4331 2461 4403 coepit
2489 4328 2697 4400 ejicere
2726 4325 3042 4381 vendentes
3068 4326 3126 4377 et
3154 4322 3410 4376 ementes
3439 4317 3512 4371 de
3532 4320 3679 4371 tem-

287 4424 563 4498 angelum
595 4421 765 4476 Ῑυοίε·
795 4419 920 4474 Non
943 4421 1032 4473 °St
1056 4431 1191 4487 ετεο
1224 4426 1527 4484 magnum:
1577 4407 1647 4498 Si,
1678 4405 1931 4462 ωίηίείνί
2043 4424 2158 4497 plo,
2192 4428 2250 4478 et
2279 4402 2586 4476 cathedras
2615 4413 2992 4470 vendentium
3026 4407 3331 4464 columbas
3361 4402 3583 4469 evertit,
3618 4404 3683 4456 ut

287 4490 419 4585 ejds
448 4510 964 4582 transﬁgurentur,
995 4503 1154 4560 velut
1180 4498 1434 4557 ministri
1457 4496 1723 4569 justitize,
1786 4510 1916 4566 quo-

2043 4490 2274 4570 doceret
2303 4507 2442 4581 quia
2470 4504 2674 4561 talium
2707 4500 3099 4560 sacerdotium
3133 4493 3560 4568 negotiatorum
3582 4490 3682 4545 de-

289 4619 425 4659 ΐυω
458 4600 591 4656 ﬁnis
621 4596 731 4654 erit
760 4594 1085 4652 secundum
1117 4607 1293 4664 Opem
1340 4589 1603 4661 ipsorum
1661 4585 1732 4657 (ῙῙ
1789 4583 1935 4651 θονον
1966 4590 2013 4655 D
2047 4577 2598 4664 struiturhuamvis
2631 4591 2785 4648 enim
2818 4588 2938 4645 sint
2965 4581 3230 4641 nonnulli
3251 4580 3351 4654 qui
3371 4577 3685 4651 corporali-

288 4709 394 4761 xu,
428 4688 634 4761 13-15).
665 4708 694 4738 »
728 4686 950 4756 Itaque,
983 4682 1137 4739 sicut
1187 4681 1433 4736 Satanas
1480 4674 1916 4747 transfiguratu:

2049 4697 2136 4749 ter
2175 4707 2209 4746 a
2239 4686 2512 4744 societate
2558 4683 2772 4737 sanctae
2829 4674 3094 4732 Ecclesiae
3151 4688 3267 4727 non
3309 4667 3690 4741 repellantur,

289 4780 352 4836 in
385 4777 662 4852 αηεειιιω
690 4774 841 4830 lucis
872 4789 987 4828 non
1021 4773 1210 4844 Ροίεδειι
1232 4785 1346 4824 non
1368 4782 1495 4822 esse
1519 4763 1935 4852 “gematt’jue'
2052 4782 2456 4837 verumtamen
2487 4766 2870 4843 spiritualiter
2898 4763 3052 4837 apud
3089 4762 3268 4817 Deum
3290 4756 3507 4831 repulsi
3530 4757 3690 4821 sunt,

291 4849 558 4934 brarunl,
589 4867 753 4920 tanto
789 4860 1112 4935 perversior
1133 4860 1350 4929 quanto
1381 4849 1937 4927 praesumptuosior;
2057 4873 2115 4926 et
2141 4864 2375 4941 proprio
2404 4862 2623 4916 honore
2652 4855 2883 4929 Ρι-ίνεηί,
2920 4875 2947 4902 ,,

295 4959 379 5015 ita
407 4961 467 5013 et
494 4952 752 5012 ministri
781 4952 932 5023 ejus,
964 4945 1363 5020 transﬁgurati
1393 4944 1453 4998 in
1483 4941 1784 4998 ministros
1840 4939 1939 5010 ju-

297 5047 615 5111 stitiaa,non
634 5044 885 5116 possunt
902 5056 1018 5095 non
1031 5053 1159 5093 esse
1182 5032 1437 5091 ministri
1453 5032 1533 5102 inj
1545 5029 1942 5098 ustitia,tauto

299 5132 767 5192 detestabiliores
797 5133 1015 5202 quanto
1047 5124 1422 5189 audaciores;
1466 5119 1837 5176 mentiuntur
1882 5131 1945 5170 se

300 5240 427 5283 esse
457 5222 614 5296 quod
644 5236 750 5276 nec
768 5220 931 5284 sunt,
954 5232 1057 5272 nec
1090 5213 1214 5269 ﬁeri
1244 5212 1510 5284 possunt.

887 5349 1119 5408 CAPUT
1158 5346 1349 5403 XVIII.

303 5466 374 5525 Dc
399 5461 772 5521 mercantibus
802 5456 1228 5515 ecclesiasticam
1258 5451 1584 5525 dignitatem
1630 5456 1943 5504 sanctorum

838 5531 1068 5584 Patrum
1103 5524 1410 5581 sententia.

2665 5014 2890 5070 CAPUT
2930 5012 3074 5068 ΧΙΧ.

2052 5146 2309 5223 Βθρῖιιδίο
2338 5142 2647 5223 eorum_qui
2673 5140 2857 5195 dicunt
2882 5138 3300 5223 :Simoniaconos
3327 5129 3567 5200 gratiam
3595 5126 3694 5180 ha-

2524 5209 2643 5269 bere
2670 5230 2704 5266 a
2726 5226 2841 5282 qua
2860 5209 3217 5281 deponantur.

2051 5382 2269 5437 Verum
2300 5375 2441 5449 quia
2470 5367 2922 5449 trutinatoribus
2951 5366 3269 5449 verborum?
3300 5362 3357 5449 et
3403 5354 3694 5429 neglecto-

2057 5471 2220 5526 rihus
2255 5447 2546 5521 rationum
2570 5447 2749 5532 supra
2778 5469 3126 5528 responsum
3147 5447 3506 5506 sufficienter
3526 5448 3697 5517 puta-

2057 5566 2173 5624 tur,
2205 5573 2273 5610 ex
2302 5552 2655 5625 quibusdam
2688 5545 3041 5604 dictionibus
3072 5556 3198 5613 quae
3228 5537 3288 5591 in
3332 5532 3703 5625 supradictis

375 5673 533 5738 Item,
555 5666 698 5724 unde
726 5681 912 5737 supra,
945 5679 1014 5719 ea:
1045 5657 1355 5717 Canonibus
1385 5655 1771 5727 apostolorum,
1825 5669 1944 5725 cap.
2061 5642 2333 5721 capitulis
2346 5624 3701 5713 usurpative,etimproprie,secundumtropum
