4086 6180
421 371 428 386 ι
460 329 617 396 104⁸7

1544 322 1960 393 HUMBEBTI
2004 327 2069 390 S.
2115 320 2189 388 R.
2237 322 2310 388 E.
2356 321 2800 400 CA'DINALIS.

459 463 864 534 oataehresim,
893 467 1210 537 ponuntur,
1243 461 1396 519 sicut
1415 461 1734 518 obtinuerit
1753 461 2096 534 dignitatem
2125 461 2182 527 Α
2211 460 2497 516 Cornibus
2526 460 2681 516 enim
2714 459 3119 532 phantasticus
3139 457 3238 514 ille
3254 455 3630 540 syllogismus
3652 458 3842 514 mina-

461 555 668 629 pretio,
684 554 772 610 vel
805 554 1466 620 feceritordinationem,
1514 556 1572 606 et
1601 550 1942 621 hujusmodi
1993 566 2098 604 cae-

459 648 604 712 tera,
637 643 781 699 illud
812 654 1007 698 tamen
1039 659 1194 697 nunc
1222 641 1532 696 ventiletur
1553 641 1706 712 quod
1731 639 1900 695 nobis
1919 655 2097 711 oppo-

461 750 598 790 nere
629 733 844 789 frustra
875 732 1162 786 nituntur.
1195 731 1377 785 Aiunt
1392 730 1577 786 enim:

530 867 821 921 OBJECTIO.
849 865 988 920 Ecce
1011 882 1111 936 per
1131 863 1434 936 pecuniam
1457 861 1708 918 ordinati
1731 862 1938 933 deponi
1962 879 2100 933 prae-

458 954 773 1026 cipiuntur.
807 954 1048 1009 Constat
1102 970 1238 1024 ergo
1269 969 1368 1007 eos
1425 951 1787 1023 spiritualcm
1845 949 2096 1021 gratiam

459 1044 721 1116 adeptos,
753 1048 809 1098 et
831 1043 901 1098 ad
924 1043 1170 1114 gradum
1203 1040 1438 1096 honoris
1463 1044 1755 1111 promotos
1787 1057 1819 1094 a
1850 1056 1962 1110 quo
1994 1039 2098 1092 de-

458 1132 595 1204 poni
621 1132 924 1203 jubentur.
961 1132 1188 1187 Etenim
1212 1129 1516 1201 dispositio
1539 1128 1721 1183 habiti
1744 1128 1983 1182 honoris
2009 1131 2099 1183 est

461 1222 704 1297 amissio
735 1221 820 1276 vel
855 1220 1119 1292 privatio.

532 1357 829 1410 REPULSio.
874 1353 1233 1418 Quibusdam
1267 1352 1536 1424 superius
1570 1355 1962 1406 monstratum
2023 1351 2099 1406 sit

461 1442 748 1513 piscinam
765 1440 878 1495 dici
909 1445 966 1495 et
987 1456 1108 1512 quae
1130 1441 1321 1512 pisces
1343 1457 1458 1495 non
1482 1440 1849 1511 habet,tropo
1867 1440 2091 1508 eodem,

459 1529 506 1586 si
533 1529 859 1600 pertinaces
876 1545 1002 1584 esse
1024 1530 1247 1596 nolunt,
1275 1529 1620 1600 quantocius
1635 1530 2096 1584 animadvertere

459 1621 708 1690 possunt
737 1617 1160 1688 depositionem
1182 1635 1414 1689 quoque
1437 1619 1543 1672 rite
1576 1617 1687 1672 dici
1711 1635 1837 1690 quae
1869 1617 2093 1673 nullam

456 1706 881 1778 promotionem
911 1711 968 1762 et
998 1707 1237 1762 honoris
1266 1707 1512 1778 gradum
1544 1706 1840 1774 habuisse,
1876 1706 1987 1762 nisi
2031 1723 2099 1762 ex

2206 549 2481 616 bundus;
2515 547 2859 604 utrumlibet
2887 547 3190 620 presseris,
3251 547 3321 602 ab
3381 545 3658 602 utrolibet
3713 563 3843 603 mox

2207 638 2509 710 premeris.
2543 639 2685 694 Nam
2718 637 2767 693 si
2789 637 3160 710 deponendos
3182 636 3566 702 eoncesseris,
3591 636 3842 708 dignita-

2207 730 2325 782 tem
2355 744 2587 799 quoque
2607 744 2707 782 eos
2735 725 3059 782 obtinuisse
3080 743 3115 782 a
3133 743 3248 798 qua
3269 726 3642 797 deponantur
3656 741 3848 781 neces-

2207 816 2358 871 sario
2389 815 2677 872 concedis.
2705 815 2761 869 Si
2793 815 3133 886 dignitatem
3192 831 3293 870 eos
3344 813 3674 869 obtinuisse
3716 807 3852 870 con-

2205 905 2471 971 cesseris,
2504 904 2791 960 constabit
2819 904 3099 976 Spiritum
3123 907 3398 964 sanctum
3430 918 3666 975 quoque
3711 920 3853 958 ven-

2206 996 2395 1050 ditum
2426 999 2482 1050 et
2511 997 2775 1066 emptum
2807 994 2878 1048 ab
2904 993 3009 1048 eis.
3033 993 3195 1056 Quod
3219 992 3268 1047 si
3290 993 3855 1057 constiterit,neces-

2205 1084 2358 1140 sario
2388 1099 2617 1155 quoque
2661 1082 2943 1154 Spiritum
3002 1086 3276 1138 sanetum
3321 1080 3546 1146 haberi,
3607 1081 3738 1138 dari
3799 1087 3852 1137 et

2205 1173 2388 1244 accipi
2429 1173 2500 1228 ab
2532 1172 2615 1228 eis
2644 1171 2954 1238 constabit,
2977 1187 3042 1226 ac
3075 1188 3177 1244 per
3207 1170 3314 1226 hoc
3338 1170 3744 1226 ordinationes
3768 1171 3848 1226 vel

2204 1261 2692 1328 consecrationes,
2725 1260 2906 1334 gratis
2937 1259 3024 1316 vel
3056 1277 3169 1315 non
3201 1259 3383 1331 gratis
3416 1259 3857 1316 factasaSimo-

2206 1351 2408 1418 niacis,
2443 1350 2646 1422 utique
2699 1349 3011 1414 haereticis,
3069 1365 3170 1420 per
3225 1347 3425 1404 omnia
3484 1353 3646 1404 ratas
3699 1365 3852 1414 esse,

2204 1439 2464 1511 nihilque
2492 1439 2689 1495 minus
2710 1438 2922 1495 habere
2948 1454 3123 1510 quam
3139 1454 3263 1508 qua:
3296 1437 3451 1492 fiunt
3490 1454 3526 1491 a
3554 1435 3857 1494 catholicis

2205 1527 2530 1584 necessario
2561 1527 2949 1583 confiteberis.
3008 1527 3183 1582 Porro
3241 1526 3288 1581 si
3347 1525 3704 1598 dignitatem
3758 1543 3859 1584 eos

2204 1617 2527 1672 obtinuisse
2558 1616 2877 1690 negaveris,
2909 1616 3283 1689 deponendos
3327 1631 3444 1672 non
3503 1633 3635 1672 esse
3684 1617 3759 1672 ab
3791 1633 3859 1672 ea

2206 1723 2382 1779 quam
2414 1722 2719 1778 nunquam
2751 1706 3012 1761 obtinere
3069 1704 3416 1777 dignitatem
3475 1721 3718 1762 necesse
3766 1710 3856 1762 est

459 1794 657 1866 aliqua
687 1794 1073 1850 similitudine
1105 1796 1411 1868 superficie
1441 1801 1612 1850 tenus
1659 1797 2095 1867 comprobatur,
2130 1833 2177 1898 Β
2207 1796 2550 1868 profitearis.
2584 1795 2852 1851 Siautem
2883 1794 3126 1850 minime
3148 1795 3524 1866 deponendos
3545 1811 3852 1851 concesse-

430 1879 779 1956 ’praesertirr.
810 1900 942 1941 cum
975 1888 1031 1940 et
1061 1885 1424 1956 propositum
1452 1884 1938 1941 Chalcedonensis
1969 1902 2099 1941 con-

460 1972 574 2028 cilii
607 1973 928 2046 capitulum
960 1974 1254 2030 evidenter
1284 1978 1493 2029 nostra:
1531 1975 1678 2046 parti
1711 1975 2093 2046 suffragetur:

432 2057 518 2118 'in
551 2064 679 2135 ejus
700 2062 863 2118 initio
895 2063 978 2118 sic
1009 2063 1221 2135 legitur
1251 2065 1440 2126 (Cone.
1477 2064 1656 2118 Chalc.
1675 2079 1801 2119 can.
1834 2063 1928 2134 2):
1965 2085 1994 2113 ‹‹
2039 2063 2097 2117 Si

461 2151 595 2225 quis
620 2151 930 2224 episcopus
961 2169 1064 2223 per
1093 2152 1399 2223 pecuniam
1434 2151 2096 2219 ieceritordinationem,

458 2245 515 2297 et
545 2241 654 2296 sub
693 2241 877 2311 pretio
919 2241 1201 2311 redegerit
1230 2241 1498 2312 gratiam,
1559 2257 1686 2311 quae
1746 2257 1860 2296 non
1909 2244 2099 2311 potest

456 2328 684 2392 vendi,»
710 2329 1185 2400 etc.Quapropter
1201 2333 1319 2383 tam
1339 2345 1592 2384 consono
1607 2333 1663 2383 et
1676 2329 1939 2383 unanimi
1954 2329 2099 2384 toni-

459 2420 553 2470 tru
571 2420 976 2471 sexcentorum
1017 2417 1255 2486 triginta
1305 2421 1644 2472 sanctorum
1686 2417 2096 2489 episcoporum

459 2505 1018 2577 praevaricatoresad
1048 2521 1144 2559 cor
1165 2506 1398 2571 reversi,
1441 2506 1670 2561 discant
1699 2506 1946 2578 gratiam
1983 2524 2096 2562 non

458 2611 630 2668 posse
649 2593 839 2649 vendi.
857 2593 1002 2648 Nam
1025 2593 1135 2665 ipsi
1155 2593 1338 2648 sancti
1361 2595 1557 2649 Patres
1580 2595 1728 2649 hanc
1742 2612 1910 2650 suam
1925 2613 2097 2668 syno-

459 2685 602 2740 dum
623 2684 892 2755 usquead
916 2684 1261 2756 sanguinem
1284 2683 1618 2738 defensores
1630 2683 1880 2756 professi
1900 2683 2099 2756 legun-

457 2777 572 2829 tur.
598 2773 858 2828 Tandem
887 2771 1167 2828 inusitato
1200 2773 1437 2843 quidem
1473 2773 1667 2839 modo,
1702 2772 1803 2827 sed
1862 2773 2094 2844 proprio

458 2862 776 2934 loquimur,
808 2863 857 2917 si
886 2861 1310 2934 depositionem
1327 2861 1666 2931 hujusmodi
1687 2861 2097 2917 revelationem

461 2951 732 3017 dicimus,
759 2951 958 3006 sicuta
989 2951 1257 3006 Simeone
1283 2950 1753 3006 DominusJesus
1773 2950 1832 3004 in
1861 2951 2098 3006 ruinam

457 3043 513 3094 et
542 3039 1029 3094 resurrectionem
1063 3038 1382 3094 multorum
1417 3038 1845 3112 evangelizatur
1873 3041 2098 3111 positus

457 3129 604 3202 (Luc.
641 3145 703 3194 η,
736 3129 848 3200 34).
865 3128 1104 3184 Ruendo
1133 3128 1292 3184 enim
1309 3128 1561 3200 resurgit
1577 3128 1845 3200 quisque,
1870 3128 2093 3184 malum

2208 1886 2288 1941 ris
2319 1888 2655 1952 sanctorum
2688 1885 2924 1940 Patrum
2946 1885 3195 1950 decreta,
3219 1900 3347 1955 quae
3375 1884 3701 1939 venditores
3719 1900 3856 1941 esse

2208 1973 2432 2045 prolata
2460 1989 2695 2029 necesse
2725 1972 3046 2028 arbitreris.
3080 1971 3345 2027 Restabit
3372 1987 3499 2044 ergo
3549 1976 3648 2026 aut
3692 1988 3847 2027 con-

2208 2079 2373 2119 cessa
2421 2061 2782 2134 depositione
2847 2061 3340 2127 Simoniaoorum,
3395 2061 3566 2116 etiam
3609 2063 3852 2128 eatera,

2209 2169 2335 2224 quae
2349 2151 2619 2224 superius
2632 2151 2870 2207 omnino
2885 2151 3141 2206 absurda
3153 2150 3391 2205 concedi
3420 2149 3864 2218 videntur,con-

2208 2241 2509 2308 ceduntur,
2543 2244 2599 2296 et
2629 2238 3007 2311 siccapitula
3053 2237 3156 2294 illa
3213 2242 3552 2293 sanctorum
3617 2237 3860 2294 Patrum

2208 2329 2709 2401 approbabuntur,
2741 2331 2841 2382 aut
2871 2326 3230 2382 contradicta
3252 2326 3619 2399 depositione
3651 2344 3863 2399 repro-

2208 2416 2524 2472 babuntur.
2548 2418 2678 2482 Sed,
2711 2415 2979 2488 quamvis
3011 2415 3186 2471 latius
3230 2432 3412 2487 supra
3459 2420 3864 2472 monstratum

2209 2505 2286 2561 sit
2317 2506 2598 2578 Spiritum
2630 2510 2901 2561 sanctum
2932 2521 3038 2560 nec
3056 2521 3226 2576 posse
3255 2505 3426 2560 vendi
3451 2521 3554 2560 nec
3572 2505 3718 2573 emi,
3742 2505 3866 2562 sine

2207 2612 2322 2666 quo
2353 2595 2747 2650 sacerdotium
2779 2611 2894 2650 non
2926 2598 3117 2666 potest
3147 2593 3369 2668 acquiri
3396 2599 3497 2649 aut
3516 2593 3752 2662 haberi,
3777 2594 3866 2650 vel

2207 2683 2564 2739 consecratio
2590 2684 2793 2755 aliqua
2821 2683 2968 2748 fieri,
3001 2687 3058 2738 et
3117 2683 3245 2738 ideo
3302 2678 3650 2754 hujusmodi
3715 2702 3864 2756 pras-

2207 2777 2540 2846 sumptores
2569 2773 2778 2829 debere
2801 2772 3009 2844 deponi
3033 2773 3106 2827 ab
3135 2788 3204 2826 ea
3222 2761 3758 2844 transﬁguratione
3777 2773 3866 2828 vel

2207 2861 2419 2933 specie,
2440 2877 2638 2933 quam,
2671 2861 2830 2916 velut
2859 2859 3111 2916 ministri
3136 2859 3402 2931 justitiae,
3438 2860 3661 2932 injuste
3691 2878 3869 2917 usur-

2207 2951 2399 3022 pando
2431 2953 2704 3023 arrogant
2735 2948 2868 3018 sibi,
2903 2949 3254 3003 concedatur
3283 2953 3478 3003 tamen
3513 2945 3668 3004 inter
3725 2966 3870 3006 ven-

2206 3039 2453 3095 ditorem
2472 3043 2528 3094 et
2542 3042 2863 3110 emptorem
2878 3054 3000 3093 rem
3019 3036 3233 3110 negotii
3260 3037 3591 3093 necessario
3610 3039 3864 3108 versari,

2207 3128 2345 3200 quia
2363 3143 2469 3184 nec
2497 3127 2592 3183 ille
2623 3127 2905 3193 venditor,
2938 3142 3044 3182 nec
3073 3125 3182 3181 iste
3199 3117 3426 3198 emptOr
3448 3125 3618 3182 aliter
3645 3128 3869 3201 poterit

455 3192 753 3286 deserens,
782 3192 854 3273 ad
887 3219 1107 3273 bonum
1139 3233 1201 3272 se
1231 3192 1510 3288 accingit:
1537 3192 1698 3272 Unde
1724 3192 1863 3288 quia
1889 3217 2092 3274 multis
2126 3192 2168 3259 (ἶ
2199 3192 2334 3288 jure
2365 3217 2498 3273 dici.
2529 3218 2637 3272 Sed
2660 3233 2728 3272 ea
2755 3215 3010 3288 Spiritus
3030 3219 3269 3271 sanctus
3297 3192 3426 3271 esse
3461 3232 3580 3270 non
3647 3192 3864 3289 potest,

455 3307 661 3362 divinae
695 3305 1054 3360 auctoritatis
1082 3304 1434 3359 testimoniis
1463 3304 1655 3376 palam
1687 3309 1776 3360 est
1809 3305 2092 3376 Spiritum

455 3399 725 3449 sanctum
758 3411 872 3448 non
904 3408 1074 3463 posse
1103 3393 1292 3459 vendi,
1319 3394 1444 3464 jam
1467 3393 1622 3447 sicut
1667 3393 1863 3448 deficit
1894 3395 2093 3452 fumus

453 3482 624 3550 (Psal.
668 3497 838 3548 van,
870 3481 945 3548 3),
1004 3481 1280 3535 deﬁciant
1325 3484 1474 3535 tetra
1523 3480 1639 3546 illa,
1697 3486 1754 3536 et
1808 3482 2092 3540 nebulosa

453 3573 816 3640 argumenta,
851 3568 968 3625 imo
1001 3568 1418 3640 phantasmata
1475 3567 1620 3622 nihil
1652 3569 1933 3638 veritatis,
1987 3575 2089 3627 sed

449 3663 637 3716 totum
668 3657 943 3714 vanitatis
976 3656 1270 3724 habentia,
1332 3657 1547 3728 quibus
1602 3663 2086 3730 argumentamur

447 3746 607 3806 talia.

515 3882 807 3938 OBJECTIO.
840 3881 897 3936 Si
920 3882 992 3949 is,
1018 3880 1234 3953 quipro
1252 3897 1536 3936 manuum
1556 3880 1929 3952 impositione
1954 3895 2088 3954 pra-

442 3970 591 4026 tium
627 3970 858 4042 accipit,
892 3970 942 4023 ei
975 3985 1149 4040 quem
1180 3987 1283 4041 per
1304 3970 1556 4041 pretium
1578 3973 1878 4025 consecrat
1899 3971 2085 4042 Spiri-

445 4063 570 4113 tum
585 4062 854 4112 sanctum
868 4073 980 4112 non
1007 4057 1232 4125 tribuit,
1247 4059 1502 4130 profecto
1515 4058 1796 4130 Spiritum
1812 4063 2080 4117 sanctum

445 4161 548 4200 nec
572 4144 666 4200 ille
693 4144 974 4210 vendidit,
1005 4161 1107 4200 nec
1132 4145 1240 4201 iste
1267 4147 1642 4218 comparavit.
1675 4148 2080 4206 Sacerdotium

440 4250 574 4289 vero
605 4233 731 4289 sine
763 4232 997 4288 datione
1029 4234 1214 4289 sancti
1246 4234 1501 4305 Spiritus
1534 4251 1637 4289 nec
1667 4235 1948 4292 tribuitur
1976 4255 2080 4294 nec

439 4322 742 4395 accipitur.
779 4322 987 4394 Liquet
1007 4321 1188 4394 igitur
1203 4323 1561 4378 sacerdotem
1585 4339 1698 4378 non
1717 4340 1846 4381 esse
1865 4327 1964 4398 qui
1978 4344 2081 4399 per

438 4428 722 4467 manuum
755 4411 1190 4482 impositionem
1236 4411 1627 4466 sacerdotium
1679 4416 2073 4486 consequitur.

405 4497 408 4499 Α
440 4500 811 4573 Relinquitur
863 4517 998 4556 vero
1057 4504 1122 4555 ut
1163 4516 1398 4555 necesse
1429 4517 1542 4555 non
1575 4502 1654 4556 sit
1708 4519 1842 4558 eum
1873 4505 1944 4559 ab
1975 4503 2075 4560 illo

436 4589 640 4647 ordine
670 4589 900 4660 deponi,
936 4605 1110 4661 quem
1158 4605 1460 4660 nunquam
1520 4589 1788 4646 obtinuit.
1838 4591 2076 4649 Frustra

432 4678 629 4749 itaque
658 4677 1000 4749 hujusmodi
1031 4681 1250 4733 statuta
1279 4694 1592 4744 canonum,
1625 4695 1658 4734 a
1715 4681 1934 4736 sanctis
1974 4681 2075 4736 Pa-

431 4765 622 4822 tribus
651 4767 826 4835 edita,
859 4767 1254 4839 proferuntur,
1289 4782 1416 4837 quae
1448 4765 1596 4823 tales
1618 4767 1829 4840 deponi
1875 4769 2070 4824 decer-

434 4857 603 4908 nunt

502 4986 810 5042 REPULSIO.
835 4987 978 5040 Tam
999 4985 1347 5057 sophistisco
1363 4991 1419 5042 et
1449 4987 1716 5060 perplexo
1731 4987 2067 5060 syllogismo

427 5075 711 5132 subversa
739 5073 1086 5146 perversitas
1103 5079 1298 5146 aperte
1314 5075 1582 5131 resistere
1600 5075 1841 5148 Spiritui
1865 5081 2063 5138 sancto

427 5182 543 5220 non
575 5163 777 5231 verita,
812 5163 951 5235 quia
981 5179 1248 5234 perverse
1292 5163 1473 5218 credit
1503 5165 1773 5220 eumdem
1808 5165 1980 5220 vendi
2011 5170 2067 5222 et

423 5253 558 5321 emi,
593 5253 692 5308 ubi
734 5251 1049 5308 venditoris
1081 5256 1136 5306 et
1156 5251 1434 5322 emptoris
1461 5253 1784 5308 audiuntur
1801 5255 2061 5323 nomina,

421 5340 640 5397 ironice
670 5341 964 5397 concludit
995 5356 1228 5396 necesse
1261 5357 1374 5396 non
1419 5357 1546 5396 esse
1576 5357 1709 5397 eum
1753 5343 1961 5414 deponi
1989 5343 2060 5400 ab

420 5429 826 5500 ordine,qucm
849 5445 1153 5500 nunquam
1179 5429 1559 5498 obtinuit,aut
1589 5429 1638 5484 si
1669 5435 2063 5502 consequatur

419 5533 535 5572 non
549 5518 1052 5589 deponendum,ac
1076 5535 1176 5590 per
1199 5517 1306 5572 hoc
1333 5519 1686 5573 cessandum
1721 5525 2058 5576 sanctorum

422 5607 659 5665 Patrum
693 5607 1034 5680 capitulum,
1069 5608 1350 5666 adversus
1371 5607 1733 5667 Simoniacos
1764 5610 2056 5682 prolatum

2207 3307 2485 3378 quoniam
2516 3306 2642 3378 ipse
2671 3305 2924 3377 Spiritus
2949 3311 3186 3359 sanctus
3207 3301 3394 3376 gratia
3415 3303 3642 3358 dicitur
3666 3309 3729 3360 et
3758 3308 3862 3360 est.

2203 3395 2400 3454 Gratia
2429 3399 2644 3461 autem,
2678 3393 2791 3449 nisi
2817 3393 3001 3465 gratis
3035 3393 3354 3465 accipiatur
3381 3397 3438 3448 et
3467 3392 3672 3459 detur,
3727 3411 3862 3467 gra-

2202 3485 2283 3540 tia
2314 3501 2417 3540 nec
2445 3488 2552 3552 est,
2586 3499 2691 3538 nec
2722 3497 2849 3538 vere
2880 3481 3111 3536 dicitur.
3164 3481 3309 3537 Nam
3371 3479 3420 3536 si
3451 3481 3738 3537 venditur
3805 3486 3862 3537 et

2200 3573 2413 3630 emitur
2441 3571 2647 3645 gratia,
2671 3572 2798 3642 jam
2830 3587 2945 3625 non
3004 3586 3132 3626 esse
3187 3569 3376 3643 gratia
3449 3565 3655 3625 merito
3723 3587 3863 3626 con-

2197 3661 2473 3716 cluditur.
2523 3661 2762 3717 Constat
2809 3660 2990 3732 igitur
3035 3657 3321 3731 Spiritum
3383 3660 3681 3723 sanctum,
3749 3664 3865 3714 aut

2197 3754 2348 3806 certe
2378 3749 2648 3823 gratiam,
2677 3764 2800 3806 rem
2831 3747 3181 3805 venditionis
3237 3751 3295 3803 et
3362 3746 3688 3820 emptionis
3735 3764 3859 3804 non

2195 3855 2346 3895 8856.

2265 4018 2625 4088 Quapropter
2654 4013 2836 4070 altera
2863 4017 3156 4085 quaeratur
3197 4030 3289 4070 res
3337 4017 3587 4086 oportet,
3647 4033 3858 4090 quam,

2193 4121 2266 4161 ne
2295 4103 2516 4160 diutius
2545 4107 2603 4159 et
2631 4102 2851 4174 passim
2870 4102 3182 4174 quaerenda
3205 4101 3657 4174 fatigemur,aut
3702 4110 3856 4162 certe

2191 4195 2549 4260 aberremus,
2583 4191 2645 4248 B.
2679 4191 3053 4246 Ambrosium
3076 4190 3246 4246 nobis
3267 4206 3395 4246 eam
3419 4186 3855 4252 demonstran-

2189 4287 2306 4338 tem
2327 4281 2717 4337 advertamus.
2737 4302 2765 4329 ‹‹
2789 4280 2952 4346 Quod
2965 4279 3507 4351 dedit,inquit,cum
3524 4281 3854 4356 episcopus

2187 4371 2793 4437 ordinaretur,aurum
2814 4369 2948 4437 fuit;
2979 4370 3132 4440 quod
3150 4361 3644 4442 perdidit,anima
3661 4373 3799 4428 fuit.
3826 4398 3854 4423 η

2187 4460 2265 4514 Ex
2294 4475 2410 4530 qua
2438 4463 2559 4512 tam
2590 4457 2807 4530 egregii
2841 4457 2947 4512 viri
2981 4457 3271 4513 sententia
3300 4458 3425 4514 sine
3443 4458 3851 4533 ambiguitate

2107 4559 2152 4623 D
2183 4548 2463 4603 docemur
2481 4563 2603 4602 rem
2626 4546 2863 4601 nefandi
2883 4546 3062 4617 hujus
3084 4544 3417 4602 commercii
3440 4547 3850 4620 perditionem

2184 4640 2240 4692 et
2271 4635 2706 4690 damnationem
2729 4634 3080 4701 animarum,
3103 4634 3397 4708 etlepram
3419 4638 3850 4696 tantummodo

2181 4728 2335 4781 recte
2365 4723 2478 4779 dici
2508 4727 2705 4778 etvere
2720 4738 2868 4778 esse.
2904 4723 2968 4778 Et
2980 4722 3370 4795 perditionem
3387 4723 3633 4795 quidem
3660 4725 3851 4786 etiam

2180 4813 2504 4869 secundum
2518 4811 2839 4884 principem
2854 4811 3732 4884 apostolorum,damnationem
3749 4833 3850 4871 au—

2178 4901 2474 4973 temjuxta
2513 4901 2574 4955 Β.
2610 4900 3037 4969 Innocentium,
3070 4899 3295 4974 lepram
3336 4895 3468 4957 vero
3492 4899 3842 4962 secundum

2177 4991 2449 5046 eumdem
2465 4989 2862 5044 Ambrosium.
2895 4989 3057 5045 Unde
3080 4989 3413 5062 ubicunque
3431 4987 3688 5062 perditio
3725 4991 3730 4996 ’
3753 4994 3843 5050 vel

2175 5079 2472 5135 damnatio
2501 5078 3093 5147 taxatur,necessario
3113 5086 3311 5135 auctor
3339 5078 3723 5152 perditionis,
3749 5083 3842 5139 vel

2175 5166 2570 5223 damnationis
2583 5166 2851 5222 diabolus
2867 5168 3108 5223 taxeotis
3123 5166 3462 5240 hujusmodi
3477 5175 3842 5242 cooperatur

2172 5261 2230 5312 et
2260 5254 2801 5328 principatur,sicut
2829 5255 3217 5311 nihilominus
3238 5256 3393 5312 idem
3427 5256 3553 5329 ipse
3577 5256 3836 5330 Spiritus

2171 5343 2518 5399 immundus
2548 5343 2644 5397 ubi
2675 5341 2836 5414 lepra
2875 5344 3066 5399 datur.
3101 5345 3298 5416 Neque
3327 5344 3486 5400 enim
3520 5347 3604 5402 rei
3651 5349 3836 5418 cujus

2171 5437 2374 5487 auctor
2395 5437 2481 5488 est
2539 5431 2854 5504 principari
2911 5437 3014 5488 aut
3070 5433 3360 5490 dominari
3436 5451 3552 5490 non
3606 5440 3830 5508 potest.

2168 5521 2392 5586 Quibus
2422 5526 2618 5578 autem
2681 5521 2926 5592 spiritus
2977 5521 3340 5593 perditionis,
3391 5522 3828 5594 damnationis,

2166 5609 2554 5667 immunditiac
2581 5609 2964 5682 principatur,
2999 5611 3252 5684 Spiritus
3310 5607 3586 5670 Salutaris
3627 5613 3828 5670 nostri
