4106 6178
221 335 428 434 κηᾷορθ

870 336 1283 406 ADVERSUS
1329 335 1804 436 SIMoNiacos
1843 335 2054 435 Lissi
2093 337 2322 430 rans.
2349 373 2428 387 -
2453 336 2688 452 Linea
2729 336 3050 403 ramus.

3505 335 3663 430 4050

253 475 510 554 ‘Domini
539 474 763 556 scilicet
781 475 939 540 Jesu,
960 477 1054 547 qui
1070 479 1157 532 est
1171 474 1562 531 auctortotius
1583 473 1908 552 munditiae,
1941 474 1994 540 Α
2026 473 2248 546 quitur,
2264 473 2465 530 «aliud
2487 491 2658 530 nemo
2677 477 2866 546 potest
2879 489 3091 546 ponere
3103 475 3309 545 praeter
3323 473 3380 529 id
3398 475 3551 546 quod
3571 490 3667 548 po-

222 555 723 642 rprocul'abueis‘
765 557 1184 638 sequestratur.
1236 563 1382 619 Nam
1431 580 1556 635 quas
1607 562 1911 618 conventio

272 655 485 714 Christi
517 655 587 710 ad
603 652 782 710 Belial
797 655 880 709 ‘IA
893 653 1105 726 quibus
1124 669 1259 726 ergo
1272 653 1517 725 perditio
1531 657 1586 707 et
1600 651 1915 707 immundi-

268 747 352 803 tia
371 745 725 819 possidetur,
754 760 1016 815 quosque
1031 742 1291 798 vicissim
1316 742 1444 814 ipsa
1462 741 1743 814 possidet,
1769 741 1909 812 quid

267 835 381 892 nisi
413 832 662 907 perditio
679 831 766 887 vel
787 831 1182 897 immunditia,
1209 848 1385 903 quam
1414 829 1597 886 solam
1620 830 1912 901 acquisie-

267 931 405 982 runt
435 923 560 978 dari
591 925 646 977 et
669 917 855 992 accipi
888 920 1128 993 potest?
1156 922 1356 992 Itaque
1409 919 1547 991 quia
1577 920 1908 974 necessario

218 1004 222 1008 ν
267 1011 642 1072 concluditur
687 1009 1072 1082 perditionem
1125 1013 1181 1064 et
1227 1009 1450 1080 lepram
1499 1008 1794 1065 venditem
1855 1012 1913 1063 et

262 1107 548 1174 emptam,
609 1102 788 1156 restat
817 1098 1162 1168 hujusmodi
1195 1101 1544 1153 mercatores
1593 1097 1910 1169 improprie

226 1265 227 1268 η
261 1191 380 1248 dici
413 1189 742 1246 sacerdotes
771 1191 828 1243 et
858 1187 1117 1256 clericos,
1151 1187 1380 1258 proprie
1409 1190 1604 1242 autem
1656 1185 1910 1257 perditos

258 1285 316 1338 et
344 1279 604 1352 leprosos
634 1296 646 1346 ;
681 1293 929 1348 quorum
961 1293 1139 1348 prava
1169 1293 1384 1332 manus
1415 1275 1735 1347 impositio,
1785 1292 1906 1330 ma-

258 1369 389 1426 lum
421 1367 573 1441 quod
608 1365 797 1422 solum
830 1364 1140 1436 acquisivit
1171 1364 1397 1430 tribuit,
1433 1362 1671 1419 nullum’
1711 1369 1907 1419 autem

258 1461 483 1515 bonum
515 1454 798 1521 concedit,
849 1455 986 1526 quia
1035 1452 1266 1508 nullum
1325 1451 1519 1507 taliter
1560 1452 1909 1525 negotiando

262 1545 592 1619 acquisivit.
641 1544 954 1615 Nunquam
1003 1543 1161 1598 enim
1191 1543 1358 1612 juste
1419 1541 1718 1607 tribuitur,
1755 1541 1909 1612 quod

257 1637 481 1708 injuste
504 1632 733 1690 colitur.
767 1629 930 1689 Unde
963 1647 1162 1687 secum
1195 1630 1343 1687 alios
1376 1647 1608 1703 quoque
1632 1629 1823 1702 perdit
1855 1634 1912 1685 et

261 1724 548 1786 sordidat,
583 1739 698 1777 non
721 1722 1046 1777 sanctiﬁcat
1058 1719 1541 1786 autmundiﬁcat,
1558 1719 1908 1789 sicutScrip—

2022 562 2203 618 situm
2239 567 2348 630 est,
2384 563 2541 636 quod
2587 567 2674 618 est
2697 561 2960 617 Christus
2985 562 3158 616 Jcsus
3190 561 3237 633 (Ι
3256 562 3372 616 Cor.
3400 581 3460 617 ιιι
3492 563 3599 633 14).
3633 585 3661 614 ››

2021 655 2197 707 Porro
2225 651 2490 708 Christus
2519 653 2692 708 Jesus
2715 651 2941 706 habitat
2968 650 3029 706 in
3060 651 3334 706 cordibus
3366 668 3465 722 per
3485 652 3665 722 Spiri-

2021 745 2149 796 tum
2170 745 2437 797 sanctum
2455 741 2864 808 corroboratis,
2886 741 3038 795 sicut
3059 739 3183 812 ipse
3205 739 3467 795 insinuat
3486 740 3670 812 Ephe-

2023 829 2164 885 siis:
2205 854 2231 879 ‹‹
2265 830 2458 886 Flecto
2489 848 2678 903 genua
2709 846 2838 885 mea
2873 830 2941 884 ad
2974 830 3202 884 Patrem
3253 829 3487 884 Domini
3525 829 3666 884 Jesu

2021 919 2259 990 Christi,
2293 936 2361 974 ex
2392 937 2506 991 quo
2534 920 2726 975 omnis
2745 918 3064 990 paternitas
3083 917 3139 972 in
3165 917 3326 973 coelis
3349 923 3404 973 et
3427 919 3484 972 in
3514 922 3671 974 terra

2022 1008 2383 1072 nominatur,
2418 1013 2482 1063 ut
2511 1010 2607 1063 det
2636 1007 2800 1062 vobis
2835 1007 3158 1062 secundum
3211 1006 3444 1061 divitias
3470 1006 3668 1079 gloriae

2021 1114 2138 1152 sua":
2152 1097 2365 1152 virtute
2379 1097 2738 1152 corroborari
2761 1113 2861 1168 per
2878 1096 3163 1168 Spiritum
3185 1097 3312 1166 ejus
3329 1095 3386 1148 in
3406 1095 3669 1151 interiori

2020 1185 2276 1253 homine,
2295 1185 2560 1242 habitare
2585 1185 2880 1241 Christum
2899 1202 3001 1257 per
3025 1185 3195 1239 ﬁdem
3211 1183 3268 1238 in
3285 1185 3562 1239 cordibus
3579 1203 3672 1241 ve-

2020 1275 2158 1330 stris
2172 1275 2382 1346 (Ephes.
2402 1292 2488 1341 ιιι,
2505 1275 2524 1329 ~l
2541 1276 2614 1346 4).
2635 1297 2661 1323 ››
2672 1272 2730 1328 Si
2744 1290 2878 1346 ergo
2893 1274 3215 1328 secundum
3231 1277 3349 1327 tam
3370 1273 3668 1346 egregium

2020 1364 2400 1434 Symmistam
2413 1367 2486 1428 ,et
2503 1379 2686 1434 usque
2703 1363 2775 1417 ad
2789 1363 3025 1417 tertium
3041 1361 3252 1417 coelum
3267 1361 3466 1432 (IICor.
3485 1364 3666 1432 x11,2),

2019 1451 2107 1508 vel
2131 1453 2191 1506 in
2213 1451 2408 1524 ipsum
2435 1451 2776 1524 paradisum
2799 1454 3028 1522 raptum
3057 1450 3200 1504 ﬁdes
3223 1450 3671 1506 Christianitatis

2019 1541 2470 1596 fundamentum
2517 1545 2628 1606 est,
2678 1540 3127 1595 fundamentum
3176 1542 3370 1594 autem
3405 1538 3673 1594 Christus

2017 1630 2327 1695 Jesus,est,
2353 1633 2532 1684 restat
2561 1633 2627 1684 ut
2659 1629 2804 1684 ﬁdes
2853 1628 3124 1684 Christus
3173 1628 3270 1698 sit,
3291 1628 3390 1700 qui
3425 1645 3531 1684 nos
3573 1645 3675 1700 per

2019 1718 2303 1789 Spiritum
2335 1718 2436 1773 Dei
2469 1718 2656 1773 Patris
2686 1718 3100 1774 corroboratos
3131 1717 3470 1772 inhabitans
3503 1717 3672 1790 regit.

264 1819 404 1907 tura
420 1811 713 1907 evidenter
733 1808 987 1907 clamat:
1007 1801 1027 1858 ὲ
1051 1809 1344 1907 Quidquid
1366 1807 1620 1907 tetigerit
1639 1807 1908 1907 Iimmun-
1943 1843 1991 1907 Β
2021 1806 2403 1907 Hinc-procul
2454 1807 2650 1907 dubio.
2680 1809 2841 1907 patet
2872 1805 3082 1905 'q'ualis
3131 1805 3283 1907 inter
3313 1805 3676 1907 Christianos

266 1903 405 1969 dus,
421 1893 791 1956 immundum
806 1897 905 1954 ﬁet
917 1898 1338 1969 (Num.x1x,22).
1352 1920 1448 1947 η-
1460 1920 1480 1947 α
1499 1897 1754 1969 Spiritus
1769 1913 1915 1968 quo~

263 1981 388 2063 que
400 1981 637 2045 sanctus
651 1983 970 2059 disciplinae
992 1987 1227 2060 effugiet
1250 1987 1471 2055 ﬁctum,
1488 1986 1777 2042 etauferet
1791 2002 1851 2041 se
1883 2003 1916 2040 a

258 2078 720 2151 cogitationibus
732 2093 858 2150 quae
873 2080 1012 2132 sunt
1025 2076 1150 2132 sine
1163 2075 1481 2140 intellectu,
1499 2081 1553 2130 et
1571 2075 1716 2131 corri
1722 2074 1917 2146 pietur

255 2165 758 2238 asuperveniente
779 2163 1257 2236 iniquitate(Sap.
1287 2182 1325 2231 1,
1348 2166 1423 2234 5).
1460 2186 1485 2212 ››
1526 2163 1657 2218 Ideo
1672 2161 1916 2235 spiritus

221 2319 224 2324 _
257 2255 585 2328 disciplinae
609 2254 844 2321 dicitur,
872 2252 1012 2326 quia
1033 2251 1444 2324 disciplinatos
1464 2249 1916 2324 quibuscunque

256 2344 488 2417 aspirat
511 2343 708 2410 efﬁcit,
743 2345 798 2397 et
823 2335 926 2413 per
964 2358 1062 2396 eos
1104 2342 1256 2396 dona
1294 2341 1618 2413 gratiarum
1645 2357 1912 2411 suarum,

255 2434 441 2505 prout
460 2417 610 2498 vult,
632 2428 881 2502 singulis
904 2430 974 2484 ad
997 2427 1366 2501 disciplinam
1391 2428 1709 2485 distribuit.
1737 2428 1918 2484 Indis-

259 2521 578 2593 ciplinatos
609 2522 801 2574 autem
821 2517 993 2590 longe
1011 2536 1046 2574 a
1067 2535 1128 2574 se
1149 2517 1398 2590 repellit,
1423 2517 1509 2573 vel
1553 2518 1747 2590 potius
1779 2517 1917 2588 quia

221 2600 228 2680 ί
263 2610 389 2668 ficti
407 2612 545 2664 sunt
557 2608 779 2680 effugit.
793 2607 1005 2680 thuis
1018 2607 1405 2678 perniciosius
1419 2605 1780 2662 convincitur
1793 2623 1919 2662 esse

217 2768 224 2774 ν
265 2701 466 2765 ﬁctus,
499 2713 679 2770 quam
698 2695 796 2768 qui
818 2700 1020 2752 contra
1039 2695 1414 2768 disciplinam
1435 2695 1802 2763 catholicam,
1825 2712 1920 2750 cu-

259 2789 369 2860 ju‘s
391 2785 664 2860 specialis
677 2777 1118 2841 administrator
1133 2785 1392 2840 creditur
1407 2784 1655 2856 Spiritus
1680 2787 1919 2839 sanctus

218 2944 233 2950 ,
264 2877 447 2947 ﬁngit
472 2892 535 2932 se
557 2891 684 2930 esse
707 2873 862 2946 quod
884 2889 990 2929 nec
1012 2877 1120 2940 est,
1146 2890 1249 2930 nec
1281 2889 1409 2928 esse
1430 2877 1620 2944 potest
1638 2872 1920 2944 aliquate-

265 2982 411 3031 nus,
438 2962 661 3020 scilicet
689 2967 754 3017 ut
789 2979 891 3034 per
927 2961 1233 3032 pecuniam
1280 2961 1919 3033 habeaturepiscupus,

225 3044 232 3052 ’
263 3053 362 3110 vel
386 3047 674 3124 cujusque
696 3050 935 3107 alterius
959 3050 1182 3106 ordinis
1206 3050 1452 3105 clericus
1470 3050 1498 3104 ‘2

914 3157 1141 3213 CAPUT
1182 3158 1299 3212 XX.

2026 1895 2389 1967 reputandus
2422 1895 2519 1966 sit,
2553 1894 2652 1966 qui
2686 1895 2757 1950 de
2788 1894 3008 1966 Spiritu
3041 1897 3245 1949 sancto
3290 1891 3444 1949 male
3476 1894 3673 1949 sentit.

2025 1985 2263 2040 Constat
2291 1984 2470 2050 enim,
2507 1983 2649 2056 quia
2677 2000 2782 2038 nec
2814 1981 3049 2049 Filium,
3077 1998 3183 2038 nec
3213 1981 3442 2037 Patrem
3477 1981 3671 2038 habet.

2025 2073 2192 2141 Nam,
2226 2072 2380 2128 sicut
2397 2070 2678 2127 catholica
2702 2071 3072 2142 praedicatur,
3097 2069 3511 2142 inseparabilia
3537 2075 3679 2127 sunt

2025 2178 2202 2234 opera
2215 2160 2538 2226 Trinitatis,
2565 2160 2774 2225 Patris,
2795 2164 2851 2215 et
2874 2159 3019 2225 Filii,
3042 2163 3098 2214 et
3118 2159 3372 2231 Spiritus
3391 2159 3598 2227 sancti,
3623 2163 3680 2216 et
3789 2189 3794 2193 ι

2025 2250 2352 2322 cuicunque
2382 2250 2558 2304 unius
2571 2248 2885 2320 cujuslibet
2903 2248 3082 2302 trium
3104 2247 3360 2304 visitatio
3384 2248 3676 2316 defecerit,

2025 2338 2354 2394 necessario
2368 2338 2543 2392 etiam
2558 2336 2915 2409 reliquorum
2935 2337 3184 2392 duorum
3197 2335 3680 2408 deerit.Quisquis

2026 2428 2224 2499 itaque
2256 2427 2440 2482 credit
2471 2425 2750 2497 Spiritum
2784 2428 3055 2480 sanctum
3083 2441 3198 2480 non
3226 2423 3418 2481 solum
3445 2425 3679 2481 ﬁde'sed

2028 2517 2204 2572 etiam
2250 2516 2500 2588 pecunia
2547 2531 2719 2588 posse
2771 2513 3018 2586 acquiri,
3074 2513 3254 2570 Deum
3304 2513 3533 2568 Patrem
3565 2531 3682 2569 non

2028 2604 2226 2673 habet,
2262 2606 2333 2660 ad
2358 2622 2532 2677 quem
2563 2602 2982 2659 devotissimus
3004 2602 3317 2674 Apostolus
3339 2619 3530 2675 genua
3555 2603 3684 2658 ﬂec-

2027 2695 2207 2761 tebat,
2259 2698 2324 2748 ut
2370 2693 2650 2766 Ephesios
2698 2709 2798 2764 per
2846 2692 3120 2747 eumdem
3169 2689 3452 2761 Spiritum
3501 2706 3676 2746 suum

2031 2783 2449 2838 corroboraret.
2501 2781 2710 2836 Filium
2756 2795 2989 2851 quoque
3036 2795 3152 2834 non
3219 2775 3415 2844 habet,
3476 2782 3684 2850 praeter

2033 2887 2209 2942 quem
2242 2887 2412 2926 nemo
2443 2869 2602 2924 aliud
2624 2865 3082 2924 Christianitatis
3105 2865 3554 2922 fundamentum
3577 2867 3677 2939 po-

2032 2975 2168 3014 nere
2199 2963 2406 3031 potest,
2433 2957 2569 3029 quia
2592 2975 2663 3012 ne
2686 2957 2795 3011 sub
2816 2956 2962 3011 tanti
2988 2956 3353 3011 fundamenti
3378 2956 3671 3029 magnitu-

2036 3046 2172 3102 dine
2202 3047 2569 3111 deﬁciamus,
2599 3062 2701 3116 per
2723 3043 3005 3117 Spiritum
3025 3036 3296 3099 sanctum
3322 3043 3600 3100 fulcimur
3623 3048 3684 3099 et

2037 3136 2502 3192 corroboramur.
2520 3135 2722 3190 Restat
2735 3150 2870 3205 ergo
2887 3133 3057 3205 utqui
3081 3132 3360 3204 Spiritum
3385 3139 3678 3200 sanctum,

274 3249 438 3319 Quod
465 3248 770 3303 δίνη,οηίαεὶ
795 3248 914 3301 sine
928 3209 1083 3319 fide;
1096 3209 1506 3319 ain—ﬁnitodque
1552 3245 1662 3300 sibi
1698 3261 1924 3301 consen-
1955 3209 1997 3275 Ο
2035 3225 2129 3279 Olli
2150 3223 2785 3319 ΐξωςῖαξηεῐιίυφνίιυοί]
2803 3221 3682 3319 θεξδδνίεξυεδξδδιξενίῖιηξξίξυῐῦ

795 3318 991 3373 (iantes
1030 3317 1136 3386 ﬁde
1168 3319 1409 3388 privent.

354 3408 428 3463 Et
458 3405 689 3488 quidem
720 3403 819 3461 alii
842 3403 1156 3478 hypocrita:
1188 3405 1650 3478 incorporatione
1682 3405 1929 3460 istorum
1997 3473 2000 3478 ‘

281 3495 486 3553 minus
515 3498 654 3550 sunt
684 3493 862 3563 noxii,
886 3495 1027 3566 quia
1041 3494 1135 3549 vix
1152 3492 1356 3550 alienis
1378 3499 1607 3560 nocent,
1638 3494 1749 3548 nisi
1774 3493 1886 3548 sibi
1914 3512 1926 3562 ;

275 3585 384 3640 isti
415 3588 608 3640 autem
625 3600 828 3639 secum
841 3582 1201 3639 Christianos
1224 3582 1556 3638 catervatim
1571 3580 1932 3637 interﬁciunt

272 3675 426 3750 dum
460 3689 557 3728 eos
577 3689 687 3728 sua
704 3671 866 3744 lepra
880 3671 1110 3744 vigente
1132 3671 1511 3739 interﬁciunt,
1529 3675 1584 3726 et
1606 3663 1931 3726 damnatio-

269 3747 374 3818 nis
403 3760 493 3817 vel
524 3759 1163 3832 perditionis'vendita
1213 3764 1315 3816 aut
1358 3764 1564 3832 empta:
1612 3759 1927 3832 participes

270 3849 612 3918 ordinandi,
645 3839 748 3906 seu
781 3839 1188 3904 sanctiﬁCandi
1218 3849 1459 3904 obtentu
1491 3848 1774 3904 efﬁciunt.
1821 3848 1929 3911 Qui

239 3941 453 4015 plane
485 3936 860 3994 simulatores
892 3941 948 3992 et
977 3934 1176 3991 callidi
1201 3953 1314 4008 prae
1346 3936 1568 3992 caeteris
1589 3940 1928 4008 provocant,

257 4017 394 4085 non
427 4031 623 4082 autem
654 4019 889 4099 placant
915 4026 1065 4080 iram
1097 4023 1217 4094 Dei,
1252 4025 1391 4095 quia
1409 4025 1629 4080 venditi
1667 4023 1928 4080 vendito-

233 4132 370 4189 .vres
403 4114 666 4188 quotidie
695 4115 956 4170 vendunt
986 4130 1119 4170 oves
1149 4113 1409 4168 et‘hoves
1441 4111 1678 4179 Christi,
1705 4111 1927 4167 scilicet

266 4202 582 4292 simplices
613 4205 669 4257 et
699 4201 1053 4275 ingeniosos,
1087 4206 1187 4256 aut
1212 4205 1363 4255 certe
1389 4199 1672 4255 invalidos
1704 4204 1760 4255 et
1781 4199 1924 4256 vali-

245 4285 406 4350 dos.
438 4293 510 4348 Et
537 4290 629 4347 cui
651 4291 926 4361 Vendunt,
955 4290 1167 4355 nisi,ut
1196 4289 1401 4344 beatus
1430 4287 1797 4360 Augustinus
1821 4287 1924 4353 ait,

230 4365 238 4456 ί
266 4369 511 4439 diabolo
535 4380 547 4434 l
584 4375 690 4437 Ubi
705 4371 862 4458 enim
883 4378 1108 4435 seducti
1126 4378 1372 4434 credunt
1392 4377 1722 4432 sacerdotes
1740 4377 1922 4448 pretio

235 4461 240 4466 ’
265 4477 449 4546 posse
473 4459 618 4534 ﬁeri,
644 4461 1003 4540 etScriptum
1017 4471 1287 4524 sanctum
1303 4483 1334 4519 v
1346 4463 1481 4521 endi
1495 4469 1550 4520 et
1562 4465 1699 4535 emi,
1713 4463 1925 4537 primo-

238 4551 244 4556 ’
264 4551 678 4643 genita’cordis
692 4551 915 4623 eorum,
931 4556 986 4643 id
1004 4560 1094 4633 est
1108 4556 1275 4622 ﬁdes,
1292 4554 1573 4627 probatur
1587 4553 1884 4643 corrumpi
1906 4571 1919 4609 :
1952 4573 2000 4640 D

264 4665 392 4721 qua
421 4641 715 4718 corrupta,
751 4641 986 4701 necesSe
1031 4647 1120 4699 est
1167 4644 1309 4699 adeo
1357 4641 1674 4721 corrumpi,
1723 4641 1774 4697 si
1808 4659 1924 4714 qua

263 4719 473 4793 inesse
502 4739 742 4808 potuere
777 4735 949 4799 bona,
983 4737 1047 4789 ut
1079 4731 1319 4788 omnino
1357 4719 1508 4786 iiant
1556 4729 1754 4799 nulla;
1789 4731 1929 4804 quia

237 4807 450 4882 innisa
476 4807 781 4897 virginitas
809 4815 1017 4880 animae
1049 4825 1138 4878 est
1166 4821 1311 4876 ﬁdes
1342 4820 1700 4892 incorrupta,
1745 4835 1925 4891 quam

241 4907 244 4909 λ
264 4914 480 4986 utique
497 4929 530 4968 a
545 4908 1052 4985 pseudoapostolis
1076 4908 1369 4982 corrumpi
1416 4909 1683 4976 timebat,
1702 4907 1803 4980 qui
1821 4907 1926 4963 Co-

235 5000 514 5074 rinthiis
541 5000 770 5056 dicebat
787 4994 803 5056 Δ;
839 5022 867 5050 «
899 4997 1162 5054 Emulor
1208 4998 1365 5055 enim
1412 5014 1513 5053 vos
1553 4995 1655 5053 Dei
1683 4996 1926 5051 amula-

265 5083 456 5164 tione,
471 5088 757 5164 despondi
771 5087 928 5144 enim
939 5083 1041 5143 ves
1054 5087 1154 5142 uni
1169 5087 1287 5143 viro
1300 5086 1585 5159 virginem
1601 5089 1825 5141 castam
1839 5101 1928 5140 ex-

264 5165 476 5237 hibere
493 5165 744 5235 Chiisto.
776 5176 976 5232 Timeo
1004 5178 1199 5230 autem
1223 5192 1293 5231 ne
1311 5174 1464 5231 sicut
1484 5190 1723 5247 serpens
1744 5173 1923 5228 Evam

259 5265 511 5326 seduxit
535 5261 753 5322 astutia
767 5282 894 5333 sua,
919 5264 1001 5319 ita
1021 5267 1473 5334 corrumpantur
1505 5275 1715 5319 sensus
1742 5261 1923 5318 vestri

253 5354 633 5442 ptexcidant
662 5371 696 5409 a
725 5349 1261 5442 simplicitateguae
1280 5356 1368 5408 est
1397 5352 1485 5442 in
1526 5351 1758 5407 Christo
1782 5350 1923 5442 Jesu

261 5437 342 5516 (ιι
364 5437 487 5499 Cor.
509 5442 683 5514 111,2).
699 5455 732 5492 δ)
755 5443 937 5508 Quam
957 5439 1211 5514 profecto
1237 5441 1411 5496 ﬁdem
1434 5441 1591 5496 idem
1614 5437 1924 5511 Apostolus

265 5519 606 5590 secundum
623 5527 872 5605 gratiam
889 5527 1000 5586 sibi
1014 5531 1232 5597 datam,
1248 5534 1313 5585 ut
1325 5530 1559 5602 sapiens
1572 5527 1924 5584 architectus

243 5611 421 5706 {and
433 5625 738 5706 amentum
753 5625 790 5672 »⁸
833 5619 917 5677 eis
938 5619 1136 5694 posuit
1160 5637 1171 5674 :
1199 5619 1376 5691 quod,
1402 5619 1555 5675 sicut
1578 5619 1700 5691 ipse
1720 5618 1925 5675 subse-

2041 3326 2156 3365 non
2174 3309 2370 3376 habet,
2413 3327 2517 3364 nec
2535 3310 2731 3381 ipsum
2756 3308 3200 3363 fundamentum
3219 3309 3454 3364 habeat.
3480 3309 3538 3364 Si
3563 3309 3688 3363 fun-

2040 3400 2382 3454 damentum
2401 3416 2515 3454 non
2539 3398 2736 3464 habet,
2759 3395 3055 3454 Christum
3079 3414 3195 3452 non
3219 3398 3416 3454 habet.
3439 3398 3497 3453 Si
3519 3397 3685 3453 Chri-

2039 3491 2195 3543 stum
2229 3503 2344 3542 non
2365 3488 2561 3552 habet,
2581 3487 2756 3542 ﬁdem
2780 3503 2893 3541 non
2915 3485 3109 3552 habet,
3135 3501 3238 3558 per
3254 3483 3430 3558 quam
3451 3485 3687 3543 Cbritus

2039 3593 2138 3634 cor
2168 3578 2295 3647 ejus
2326 3575 2634 3631 inhabitet.
2657 3575 2859 3647 Itaque
2889 3574 3268 3647 consequitur
3291 3579 3355 3630 ut
3385 3575 3485 3653 qui
3509 3575 3685 3630 ﬁdem

2039 3681 2156 3720 non
2177 3665 2373 3733 habet,
2398 3664 2652 3720 inﬁdelis
2674 3664 2752 3719 sit
2776 3682 2789 3732 ;
2821 3663 3079 3719 inﬁdelis
3102 3667 3317 3721 autem.
3345 3663 3486 3734 quia
3507 3663 3689 3735 Spiri-

2037 3756 2164 3808 tum
2182 3753 2396 3809 Christi
2416 3769 2531 3808 non
2555 3753 2751 3816 habet,
2776 3753 2904 3822 ejus
2926 3768 3041 3806 non
3068 3754 3175 3818 est,
3201 3752 3381 3821 Cujus
3397 3766 3533 3821 ergo
3556 3751 3685 3806 est?

2036 3842 2328 3897 Nimirum
2344 3841 2491 3911 ejus,
2519 3840 2619 3910 qui
2643 3838 2937 3894 homicida
2957 3841 3046 3892 est
3069 3839 3140 3892 ab
3165 3836 3351 3902 initio,
3384 3837 3600 3908 quique
3623 3837 3683 3891 in

2034 3930 2275 3986 veritate
2307 3946 2422 3984 non
2451 3927 2630 3995 stetit,
2661 3926 2799 3998 quia
2826 3926 3039 3980 veritas
3061 3941 3175 3979 non
3194 3928 3284 3979 est
3322 3924 3381 3979 in
3433 3941 3521 3991 eo,
3545 3923 3684 3996 quia

2039 4019 2289 4074 mendax
2309 4022 2398 4072 est
2433 4015 2559 4086 ipse
2581 4017 2638 4070 et
2658 4018 2820 4086 pater
2863 4012 3152 4069 mendacii
3195 4014 3373 4085 (Joan.
3411 4031 3539 4080 VIII,
3572 4013 3681 4085 44),

2037 4107 2314 4181 quoniam
2331 4105 2576 4178 quicum
2600 4103 2827 4159 Christo
2841 4120 2955 4158 non
2972 4100 3216 4175 colligit,
3233 4103 3458 4176 spargit
3475 4102 3682 4173 (Matth.

2034 4213 2134 4262 xu,
2157 4196 2246 4262 30)
2272 4212 2284 4262 ;
2304 4199 2360 4250 et
2380 4193 2518 4266 quia
2535 4209 2649 4248 non
2672 4195 2760 4247 est
2783 4207 2916 4246 cum
2936 4195 3228 4259 eo,contra
3249 4209 3382 4247 eum
3407 4191 3684 4248 est.Unde

2037 4283 2413 4339 manifestum
2446 4285 2535 4337 est
2563 4279 2925 4336 Simoniacos
2956 4296 3058 4350 per
3087 4280 3472 4352 cupiditatem
3504 4297 3538 4334 a
3571 4280 3685 4334 ﬁde

2009 4367 2012 4370 ’
2035 4374 2355 4440 aberrasse,
2374 4369 2461 4426 vel
2484 4369 2681 4441 potius
2703 4372 3086 4439 apostatasse,
3109 4373 3164 4424 et
3176 4367 3330 4422 circa
3347 4367 3520 4422 ﬁdem
3545 4384 3688 4421 nau-

2036 4461 2314 4534 tragasse,
2339 4460 2492 4515 sicut
2515 4457 2833 4530 Apostolus
2879 4457 3184 4512 Timotheo
3224 4454 3447 4510 dicit:«
3500 4453 3685 4508 Radix

2034 4551 2297 4607 omnium
2317 4545 2608 4603 malorum
2630 4551 2720 4603 est
2741 4546 3031 4616 cupiditas
3059 4564 3071 4600 :
3097 4560 3274 4616 quam
3312 4542 3553 4614 quidam
3579 4560 3682 4613 ap-

2033 4643 2296 4712 petentes
2320 4640 2663 4692 erraverunt
2686 4652 2719 4690 a
2744 4635 2878 4700 ﬁde,
2903 4639 2961 4688 et
2982 4634 3355 4688 inseruerunt
3377 4647 3438 4686 se
3469 4630 3683 4686 dolori-

2035 4728 2201 4783 ribus
2222 4725 2426 4781 multis
2450 4727 2496 4792 (Ι
2509 4726 2642 4779 Tim.
2662 4722 2856 4792 v1,10).
2886 4744 2914 4770 ››
2932 4722 3085 4785 Quos
3103 4719 3371 4778 videlicet
3387 4735 3680 4788 erroneos,

2009 4810 2120 4872 'vel
2145 4819 2444 4888 apostotas
2465 4811 2552 4866 vel
2579 4805 2713 4866 ﬁdei
2737 4807 3074 4880 naufragos,
3099 4827 3214 4864 non
3237 4813 3432 4865 autem
3457 4807 3684 4880 episco-

2035 4923 2162 4979 pos,
2185 4909 2287 4960 aut
2304 4899 2542 4958 clericos
2569 4900 2777 4954 debere
2799 4897 2912 4953 dici
2935 4898 3021 4954 vel
3041 4898 3242 4954 haberi
3265 4901 3512 4955 constat.
3536 4899 3683 4954 Nam

2036 4996 2086 5051 si
2115 4999 2353 5050 terrenae
2375 4993 2432 5046 et
2450 4987 2792 5060 temporalis
2828 4987 3113 5043 mercedis
3154 4988 3546 5060 negotiatores
3579 5004 3682 5059 per

2037 5082 2416 5155 cupiditatem
2439 5093 2865 5147 nonnunquam
2890 5093 2922 5131 a
2953 5076 3066 5132 ﬁde
3096 5077 3388 5144 aberrant,
3420 5077 3561 5130 dum
3593 5074 3682 5128 in-

2035 5176 2204 5228 caute
2227 5175 2284 5226 et
2299 5165 2613 5224 artiﬁciose
2632 5167 2907 5236 jurando,
2923 5171 2980 5221 et
3001 5165 3352 5238 perjurando
3371 5166 3686 5217 assumunt

2034 5276 2248 5315 nomen
2279 5255 2380 5313 Dei
2414 5254 2505 5311 sui
2537 5259 2595 5310 et
2627 5252 2857 5309 animas
2908 5271 3046 5308 suas
3092 5253 3149 5306 in
3193 5257 3443 5316 vanum,
3476 5251 3542 5304 ut
3571 5249 3683 5304 sibi

2035 5349 2347 5403 corradant
2375 5343 2519 5399 lucri
2573 5340 3028 5413 aliquantulum,
3080 5343 3365 5410 quantum
3402 5340 3682 5409 putamus

2036 5437 2305 5492 aberrare
2339 5451 2371 5488 a
2401 5433 2510 5487 ﬁde
2540 5447 2638 5486 eos
2665 5428 2765 5503 qui
2807 5447 2922 5484 non
2956 5427 3146 5485 solum
3179 5425 3404 5482 animas
3427 5444 3565 5483 suas
3588 5444 3682 5483 ve-

2034 5524 2201 5582 nales
2233 5523 2475 5587 habent,
2502 5521 2604 5576 sed
2637 5519 2812 5575 etiam
2842 5517 3124 5590 Spiritum
3171 5520 3465 5586 sanctum,
3497 5517 3682 5572 Deum

2035 5615 2241 5687 utique
2271 5616 2329 5669 et
2359 5609 2679 5668 Dominum
2703 5609 2949 5666 vendere
2970 5610 3255 5664 conantur
3271 5606 3299 5663 ?
3347 5606 3495 5662 Vere
3517 5606 3680 5662 aber-
