  <div class='ocr_page' id='page_1' title='image "/cluster/home/n/w/nwhite01/storage/ocr_20150623/143/hvd.32044054760038/533.png"; bbox 0 0 4106 6178; ppageno 0'>
   <div class='ocr_carea' id='block_1_1' title="bbox 482 363 631 432">
    <p class='ocr_par' dir='ltr' id='par_1_1' title="bbox 482 363 631 432">
     <span class='ocr_line' id='line_1_1' title="bbox 482 363 631 432; baseline -0.013 -2"><span class='ocrx_word' id='word_1_1' title='bbox 482 363 631 432; x_wconf 73' lang='grc'>1051</span> 
     </span>
    </p>
   </div>
   <div class='ocr_carea' id='block_1_2' title="bbox 1529 355 2831 442">
    <p class='ocr_par' dir='ltr' id='par_1_2' title="bbox 1529 355 2831 442">
     <span class='ocr_line' id='line_1_2' title="bbox 1529 355 2831 442; baseline -0.002 -10"><span class='ocrx_word' id='word_1_2' title='bbox 1529 361 1941 442; x_wconf 79' lang='lat' dir='ltr'>HUMBERTI</span> <span class='ocrx_word' id='word_1_3' title='bbox 1988 361 2054 428; x_wconf 91' lang='lat' dir='ltr'>S.</span> <span class='ocrx_word' id='word_1_4' title='bbox 2099 361 2174 426; x_wconf 75' lang='grc' dir='ltr'>Β.</span> <span class='ocrx_word' id='word_1_5' title='bbox 2221 355 2291 428; x_wconf 82' lang='lat' dir='ltr'>E.</span> <span class='ocrx_word' id='word_1_6' title='bbox 2339 361 2831 432; x_wconf 79' lang='lat' dir='ltr'>CARDINALIS.</span> 
     </span>
    </p>
   </div>
   <div class='ocr_carea' id='block_1_3' title="bbox 3711 337 3875 430">
    <p class='ocr_par' dir='ltr' id='par_1_3' title="bbox 3711 337 3875 430">
     <span class='ocr_line' id='line_1_3' title="bbox 3711 337 3875 430; baseline 0 -1"><span class='ocrx_word' id='word_1_7' title='bbox 3711 337 3875 430; x_wconf 71' lang='lat' dir='ltr'>toea</span> 
     </span>
    </p>
   </div>
   <div class='ocr_carea' id='block_1_4' title="bbox 479 498 3872 575">
    <p class='ocr_par' dir='ltr' id='par_1_4' title="bbox 479 498 3872 575">
     <span class='ocr_line' id='line_1_4' title="bbox 479 498 3872 575; baseline -0.001 -14"><span class='ocrx_word' id='word_1_8' title='bbox 479 508 612 561; x_wconf 90' lang='lat' dir='ltr'>rant</span> <span class='ocrx_word' id='word_1_9' title='bbox 665 506 787 560; x_wconf 90' lang='lat' dir='ltr'>tota</span> <span class='ocrx_word' id='word_1_10' title='bbox 831 501 922 558; x_wconf 89' lang='lat' dir='ltr'>via</span> <span class='ocrx_word' id='word_1_11' title='bbox 951 519 986 559; x_wconf 91' lang='lat' dir='ltr'>a</span> <span class='ocrx_word' id='word_1_12' title='bbox 1033 501 1164 572; x_wconf 79' lang='lat' dir='ltr'>ﬁde,</span> <span class='ocrx_word' id='word_1_13' title='bbox 1197 519 1448 575; x_wconf 88' lang='lat' dir='ltr'>quorum</span> <span class='ocrx_word' id='word_1_14' title='bbox 1509 502 1579 558; x_wconf 91' lang='lat' dir='ltr'>ab</span> <span class='ocrx_word' id='word_1_15' title='bbox 1612 499 1777 556; x_wconf 87' lang='lat' dir='ltr'>initio</span> <span class='ocrx_word' id='word_1_16' title='bbox 1809 501 2118 556; x_wconf 88' lang='lat' dir='ltr'>damnatas</span> <span class='ocrx_word' id='word_1_17' title='bbox 2147 500 2202 568; x_wconf 81' lang='grc' dir='ltr'><strong>Α</strong></span> <span class='ocrx_word' id='word_1_18' title='bbox 2232 499 2500 558; x_wconf 87' lang='lat' dir='ltr'>homines</span> <span class='ocrx_word' id='word_1_19' title='bbox 2525 519 2658 558; x_wconf 91' lang='lat' dir='ltr'>curn</span> <span class='ocrx_word' id='word_1_20' title='bbox 2693 502 2750 558; x_wconf 90' lang='lat' dir='ltr'>in</span> <span class='ocrx_word' id='word_1_21' title='bbox 2783 501 3001 560; x_wconf 80' lang='lat' dir='ltr'>honore</span> <span class='ocrx_word' id='word_1_22' title='bbox 3030 503 3245 574; x_wconf 90' lang='lat' dir='ltr'>essent,</span> <span class='ocrx_word' id='word_1_23' title='bbox 3279 515 3394 560; x_wconf 93' lang='lat' dir='ltr'>non</span> <span class='ocrx_word' id='word_1_24' title='bbox 3435 498 3872 569; x_wconf 84' lang='lat' dir='ltr'>intellexerunt,</span> 
     </span>
    </p>
   </div>
   <div class='ocr_carea' id='block_1_5' title="bbox 479 590 2115 666">
    <p class='ocr_par' dir='ltr' id='par_1_5' title="bbox 479 590 2115 666">
     <span class='ocr_line' id='line_1_5' title="bbox 479 590 2115 666; baseline -0.006 -13"><span class='ocrx_word' id='word_1_25' title='bbox 479 595 775 652; x_wconf 85' lang='lat' dir='ltr'>nundinas</span> <span class='ocrx_word' id='word_1_26' title='bbox 797 593 934 666; x_wconf 98' lang='lat' dir='ltr'>quia</span> <span class='ocrx_word' id='word_1_27' title='bbox 954 593 1206 665; x_wconf 83' lang='lat' dir='ltr'>Spiritus</span> <span class='ocrx_word' id='word_1_28' title='bbox 1227 595 1578 658; x_wconf 81' lang='lat' dir='ltr'>exsecratur,</span> <span class='ocrx_word' id='word_1_29' title='bbox 1608 590 1757 662; x_wconf 85' lang='lat' dir='ltr'>fugit</span> <span class='ocrx_word' id='word_1_30' title='bbox 1796 607 1894 646; x_wconf 89' lang='lat' dir='ltr'>eos</span> <span class='ocrx_word' id='word_1_31' title='bbox 1925 591 2115 662; x_wconf 84' lang='lat' dir='ltr'>longe.</span> 
     </span>
    </p>
   </div>
   <div class='ocr_carea' id='block_1_6' title="bbox 479 678 2120 755">
    <p class='ocr_par' dir='ltr' id='par_1_6' title="bbox 479 678 2120 755">
     <span class='ocr_line' id='line_1_6' title="bbox 479 678 2120 755; baseline -0.004 -15"><span class='ocrx_word' id='word_1_32' title='bbox 479 689 601 751; x_wconf 91' lang='lat' dir='ltr'>Quo</span> <span class='ocrx_word' id='word_1_33' title='bbox 624 683 897 755; x_wconf 83' lang='lat' dir='ltr'>fugiente,</span> <span class='ocrx_word' id='word_1_34' title='bbox 932 699 1036 737; x_wconf 92' lang='lat' dir='ltr'>nec</span> <span class='ocrx_word' id='word_1_35' title='bbox 1069 682 1514 736; x_wconf 80' lang='lat' dir='ltr'>fundamentum</span> <span class='ocrx_word' id='word_1_36' title='bbox 1547 681 1701 750; x_wconf 92' lang='lat' dir='ltr'>quod</span> <span class='ocrx_word' id='word_1_37' title='bbox 1734 684 1821 734; x_wconf 90' lang='lat' dir='ltr'>est</span> <span class='ocrx_word' id='word_1_38' title='bbox 1855 678 2120 734; x_wconf 79' lang='lat' dir='ltr'>Christus</span> 
     </span>
    </p>
   </div>
   <div class='ocr_carea' id='block_1_7' title="bbox 474 767 2120 844">
    <p class='ocr_par' dir='ltr' id='par_1_7' title="bbox 474 767 2120 844">
     <span class='ocr_line' id='line_1_7' title="bbox 474 767 2120 844; baseline -0.004 -15"><span class='ocrx_word' id='word_1_39' title='bbox 474 774 650 829; x_wconf 91' lang='lat' dir='ltr'>Jesus</span> <span class='ocrx_word' id='word_1_40' title='bbox 677 777 866 844; x_wconf 88' lang='lat' dir='ltr'>potest</span> <span class='ocrx_word' id='word_1_41' title='bbox 893 770 978 825; x_wconf 89' lang='lat' dir='ltr'>eis</span> <span class='ocrx_word' id='word_1_42' title='bbox 1008 787 1328 836; x_wconf 86' lang='lat' dir='ltr'>remanere,</span> <span class='ocrx_word' id='word_1_43' title='bbox 1375 769 1512 840; x_wconf 86' lang='lat' dir='ltr'>quia</span> <span class='ocrx_word' id='word_1_44' title='bbox 1556 767 1852 823; x_wconf 80' lang='lat' dir='ltr'>subtrahit</span> <span class='ocrx_word' id='word_1_45' title='bbox 1898 784 1958 823; x_wconf 92' lang='lat' dir='ltr'>sc</span> <span class='ocrx_word' id='word_1_46' title='bbox 1996 769 2120 839; x_wconf 87' lang='lat' dir='ltr'>ipse</span> 
     </span>
    </p>
   </div>
   <div class='ocr_carea' id='block_1_8' title="bbox 476 856 2119 936">
    <p class='ocr_par' dir='ltr' id='par_1_8' title="bbox 476 856 2119 936">
     <span class='ocr_line' id='line_1_8' title="bbox 476 856 2119 936; baseline -0.004 -18"><span class='ocrx_word' id='word_1_47' title='bbox 476 862 749 936; x_wconf 85' lang='lat' dir='ltr'>Spiritus,</span> <span class='ocrx_word' id='word_1_48' title='bbox 774 861 944 931; x_wconf 85' lang='lat' dir='ltr'>cujus</span> <span class='ocrx_word' id='word_1_49' title='bbox 967 859 1205 914; x_wconf 85' lang='lat' dir='ltr'>interest</span> <span class='ocrx_word' id='word_1_50' title='bbox 1225 859 1521 914; x_wconf 75' lang='lat' dir='ltr'>suffulcire</span> <span class='ocrx_word' id='word_1_51' title='bbox 1535 863 1589 912; x_wconf 91' lang='lat' dir='ltr'>et</span> <span class='ocrx_word' id='word_1_52' title='bbox 1611 857 2001 913; x_wconf 88' lang='lat' dir='ltr'>corroborarc.</span> <span class='ocrx_word' id='word_1_53' title='bbox 2025 856 2119 912; x_wconf 85' lang='lat' dir='ltr'>Sic</span> 
     </span>
    </p>
   </div>
   <div class='ocr_carea' id='block_1_9' title="bbox 477 945 2119 1021">
    <p class='ocr_par' dir='ltr' id='par_1_9' title="bbox 477 945 2119 1021">
     <span class='ocr_line' id='line_1_9' title="bbox 477 945 2119 1021; baseline -0.005 -14"><span class='ocrx_word' id='word_1_54' title='bbox 477 951 687 1008; x_wconf 87' lang='lat' dir='ltr'>accidit</span> <span class='ocrx_word' id='word_1_55' title='bbox 705 955 766 1005; x_wconf 90' lang='lat' dir='ltr'>ut</span> <span class='ocrx_word' id='word_1_56' title='bbox 789 951 924 1004; x_wconf 89' lang='lat' dir='ltr'>dum</span> <span class='ocrx_word' id='word_1_57' title='bbox 946 948 1313 1021; x_wconf 73' lang='lat' dir='ltr'>cupidissimi</span> <span class='ocrx_word' id='word_1_58' title='bbox 1341 946 1672 1002; x_wconf 81' lang='lat' dir='ltr'>mortalium</span> <span class='ocrx_word' id='word_1_59' title='bbox 1699 945 2119 1016; x_wconf 86' lang='lat' dir='ltr'>incomparabi-</span> 
     </span>
    </p>
   </div>
   <div class='ocr_carea' id='block_1_10' title="bbox 476 1034 2122 1112">
    <p class='ocr_par' dir='ltr' id='par_1_10' title="bbox 476 1034 2122 1112">
     <span class='ocr_line' id='line_1_10' title="bbox 476 1034 2122 1112; baseline -0.007 -15"><span class='ocrx_word' id='word_1_60' title='bbox 476 1041 591 1097; x_wconf 88' lang='lat' dir='ltr'>lem</span> <span class='ocrx_word' id='word_1_61' title='bbox 618 1056 954 1112; x_wconf 86' lang='lat' dir='ltr'>comparare</span> <span class='ocrx_word' id='word_1_62' title='bbox 983 1044 1040 1092; x_wconf 87' lang='lat' dir='ltr'>et</span> <span class='ocrx_word' id='word_1_63' title='bbox 1054 1038 1300 1092; x_wconf 84' lang='lat' dir='ltr'>vendere</span> <span class='ocrx_word' id='word_1_64' title='bbox 1314 1039 1670 1099; x_wconf 80' lang='lat' dir='ltr'>concertant,</span> <span class='ocrx_word' id='word_1_65' title='bbox 1699 1034 1986 1106; x_wconf 85' lang='lat' dir='ltr'>malignos</span> <span class='ocrx_word' id='word_1_66' title='bbox 2010 1034 2122 1105; x_wconf 87' lang='lat' dir='ltr'>spi-</span> 
     </span>
    </p>
   </div>
   <div class='ocr_carea' id='block_1_11' title="bbox 475 1121 2114 1186">
    <p class='ocr_par' dir='ltr' id='par_1_11' title="bbox 475 1121 2114 1186">
     <span class='ocr_line' id='line_1_11' title="bbox 475 1121 2114 1186; baseline -0.006 0"><span class='ocrx_word' id='word_1_67' title='bbox 475 1129 623 1186; x_wconf 86' lang='lat' dir='ltr'>ritus</span> <span class='ocrx_word' id='word_1_68' title='bbox 655 1130 726 1184; x_wconf 91' lang='lat' dir='ltr'>ad</span> <span class='ocrx_word' id='word_1_69' title='bbox 750 1127 1170 1184; x_wconf 87' lang='lat' dir='ltr'>destruendum</span> <span class='ocrx_word' id='word_1_70' title='bbox 1189 1125 1440 1180; x_wconf 79' lang='lat' dir='ltr'>exterius</span> <span class='ocrx_word' id='word_1_71' title='bbox 1459 1140 1571 1178; x_wconf 90' lang='lat' dir='ltr'>non</span> <span class='ocrx_word' id='word_1_72' title='bbox 1615 1121 1802 1177; x_wconf 89' lang='lat' dir='ltr'>solum</span> <span class='ocrx_word' id='word_1_73' title='bbox 1828 1123 2114 1176; x_wconf 89' lang='lat' dir='ltr'>bonorum</span> 
     </span>
    </p>
   </div>
   <div class='ocr_carea' id='block_1_12' title="bbox 473 1211 2114 1293">
    <p class='ocr_par' dir='ltr' id='par_1_12' title="bbox 473 1211 2114 1293">
     <span class='ocr_line' id='line_1_12' title="bbox 473 1211 2114 1293; baseline -0.008 -16"><span class='ocrx_word' id='word_1_74' title='bbox 473 1236 715 1293; x_wconf 89' lang='lat' dir='ltr'>operum</span> <span class='ocrx_word' id='word_1_75' title='bbox 743 1233 983 1272; x_wconf 90' lang='lat' dir='ltr'>suorum</span> <span class='ocrx_word' id='word_1_76' title='bbox 1007 1231 1225 1283; x_wconf 88' lang='lat' dir='ltr'>muros,</span> <span class='ocrx_word' id='word_1_77' title='bbox 1261 1213 1359 1267; x_wconf 89' lang='lat' dir='ltr'>sed</span> <span class='ocrx_word' id='word_1_78' title='bbox 1395 1212 1569 1266; x_wconf 89' lang='lat' dir='ltr'>etiam</span> <span class='ocrx_word' id='word_1_79' title='bbox 1597 1211 1839 1265; x_wconf 90' lang='lat' dir='ltr'>interius</span> <span class='ocrx_word' id='word_1_80' title='bbox 1880 1211 1950 1265; x_wconf 88' lang='lat' dir='ltr'>ad</span> <span class='ocrx_word' id='word_1_81' title='bbox 1975 1227 2114 1265; x_wconf 90' lang='lat' dir='ltr'>con-</span> 
     </span>
    </p>
   </div>
   <div class='ocr_carea' id='block_1_13' title="bbox 470 1299 2112 1376">
    <p class='ocr_par' dir='ltr' id='par_1_13' title="bbox 470 1299 2112 1376">
     <span class='ocr_line' id='line_1_13' title="bbox 470 1299 2112 1376; baseline -0.006 -12"><span class='ocrx_word' id='word_1_82' title='bbox 470 1309 803 1364; x_wconf 89' lang='lat' dir='ltr'>vellendum</span> <span class='ocrx_word' id='word_1_83' title='bbox 824 1307 1010 1376; x_wconf 83' lang='lat' dir='ltr'>ipsam</span> <span class='ocrx_word' id='word_1_84' title='bbox 1036 1304 1230 1367; x_wconf 87' lang='lat' dir='ltr'>fidem,</span> <span class='ocrx_word' id='word_1_85' title='bbox 1257 1301 1479 1357; x_wconf 88' lang='lat' dir='ltr'>scilicet</span> <span class='ocrx_word' id='word_1_86' title='bbox 1502 1299 1974 1366; x_wconf 85' lang='lat' dir='ltr'>fundamentum,</span> <span class='ocrx_word' id='word_1_87' title='bbox 1995 1299 2112 1354; x_wconf 87' lang='lat' dir='ltr'>ala-</span> 
     </span>
    </p>
   </div>
   <div class='ocr_carea' id='block_1_14' title="bbox 470 1388 2113 1462">
    <p class='ocr_par' dir='ltr' id='par_1_14' title="bbox 470 1388 2113 1462">
     <span class='ocr_line' id='line_1_14' title="bbox 470 1388 2113 1462; baseline -0.006 -10"><span class='ocrx_word' id='word_1_88' title='bbox 470 1398 684 1452; x_wconf 89' lang='lat' dir='ltr'>criores</span> <span class='ocrx_word' id='word_1_89' title='bbox 705 1394 968 1459; x_wconf 86' lang='lat' dir='ltr'>reddant,</span> <span class='ocrx_word' id='word_1_90' title='bbox 988 1397 1042 1447; x_wconf 88' lang='lat' dir='ltr'>et</span> <span class='ocrx_word' id='word_1_91' title='bbox 1061 1390 1228 1462; x_wconf 89' lang='lat' dir='ltr'>quasi</span> <span class='ocrx_word' id='word_1_92' title='bbox 1245 1389 1492 1444; x_wconf 88' lang='lat' dir='ltr'>invicem</span> <span class='ocrx_word' id='word_1_93' title='bbox 1509 1389 1609 1443; x_wconf 91' lang='lat' dir='ltr'>sed</span> <span class='ocrx_word' id='word_1_94' title='bbox 1629 1388 1698 1442; x_wconf 88' lang='lat' dir='ltr'>ad</span> <span class='ocrx_word' id='word_1_95' title='bbox 1714 1388 2113 1442; x_wconf 88' lang='lat' dir='ltr'>omnimodam</span> 
     </span>
    </p>
   </div>
   <div class='ocr_carea' id='block_1_15' title="bbox 470 1475 2116 1548">
    <p class='ocr_par' dir='ltr' id='par_1_15' title="bbox 470 1475 2116 1548">
     <span class='ocr_line' id='line_1_15' title="bbox 470 1475 2116 1548; baseline -0.005 -9"><span class='ocrx_word' id='word_1_96' title='bbox 470 1483 931 1539; x_wconf 77' lang='lat' dir='ltr'>destructionem</span> <span class='ocrx_word' id='word_1_97' title='bbox 963 1481 1340 1535; x_wconf 83' lang='lat' dir='ltr'>adhortantes</span> <span class='ocrx_word' id='word_1_98' title='bbox 1372 1477 1590 1543; x_wconf 80' lang='lat' dir='ltr'>dicant,</span> <span class='ocrx_word' id='word_1_99' title='bbox 1628 1477 1769 1548; x_wconf 91' lang='lat' dir='ltr'>quid</span> <span class='ocrx_word' id='word_1_100' title='bbox 1803 1475 2116 1532; x_wconf 80' lang='lat' dir='ltr'>Psalmista</span> 
     </span>
    </p>
   </div>
   <div class='ocr_carea' id='block_1_16' title="bbox 471 1565 2113 1636">
    <p class='ocr_par' dir='ltr' id='par_1_16' title="bbox 471 1565 2113 1636">
     <span class='ocr_line' id='line_1_16' title="bbox 471 1565 2113 1636; baseline -0.006 -8"><span class='ocrx_word' id='word_1_101' title='bbox 471 1571 735 1628; x_wconf 88' lang='lat' dir='ltr'>deflendo</span> <span class='ocrx_word' id='word_1_102' title='bbox 758 1569 1055 1625; x_wconf 86' lang='lat' dir='ltr'>insinuat:</span> <span class='ocrx_word' id='word_1_103' title='bbox 1095 1587 1115 1615; x_wconf 75' lang='grc' dir='ltr'><strong><em>α</em></strong></span> <span class='ocrx_word' id='word_1_104' title='bbox 1151 1567 1478 1631; x_wconf 81' lang='lat' dir='ltr'>Exinanite,</span> <span class='ocrx_word' id='word_1_105' title='bbox 1509 1565 1803 1620; x_wconf 78' lang='lat' dir='ltr'>exinanite</span> <span class='ocrx_word' id='word_1_106' title='bbox 1837 1581 2020 1636; x_wconf 87' lang='lat' dir='ltr'>usque</span> <span class='ocrx_word' id='word_1_107' title='bbox 2042 1565 2113 1619; x_wconf 90' lang='lat' dir='ltr'>ad</span> 
     </span>
    </p>
   </div>
   <div class='ocr_carea' id='block_1_17' title="bbox 471 1653 2115 1728">
    <p class='ocr_par' dir='ltr' id='par_1_17' title="bbox 471 1653 2115 1728">
     <span class='ocr_line' id='line_1_17' title="bbox 471 1653 2115 1728; baseline -0.007 -11"><span class='ocrx_word' id='word_1_108' title='bbox 471 1662 921 1718; x_wconf 86' lang='lat' dir='ltr'>fundamentum</span> <span class='ocrx_word' id='word_1_109' title='bbox 955 1658 1012 1712; x_wconf 93' lang='lat' dir='ltr'>in</span> <span class='ocrx_word' id='word_1_110' title='bbox 1045 1674 1110 1712; x_wconf 91' lang='lat' dir='ltr'>ea</span> <span class='ocrx_word' id='word_1_111' title='bbox 1128 1657 1298 1728; x_wconf 79' lang='lat' dir='ltr'>(Psal.</span> <span class='ocrx_word' id='word_1_112' title='bbox 1326 1673 1551 1721; x_wconf 72' lang='lat' dir='ltr'>cxxxvr,</span> <span class='ocrx_word' id='word_1_113' title='bbox 1581 1658 1656 1722; x_wconf 87' lang='lat'>7).</span> <span class='ocrx_word' id='word_1_114' title='bbox 1685 1677 1712 1702; x_wconf 88' lang='grc'><strong>››</strong></span> <span class='ocrx_word' id='word_1_115' title='bbox 1735 1653 2034 1725; x_wconf 89' lang='lat' dir='ltr'>Siquidem</span> <span class='ocrx_word' id='word_1_116' title='bbox 2059 1659 2115 1708; x_wconf 90' lang='lat' dir='ltr'>et</span> 
     </span>
    </p>
   </div>
   <div class='ocr_carea' id='block_1_18' title="bbox 469 1742 2115 1810">
    <p class='ocr_par' dir='ltr' id='par_1_18' title="bbox 469 1742 2115 1810">
     <span class='ocr_line' id='line_1_18' title="bbox 469 1742 2115 1810; baseline -0.006 -4"><span class='ocrx_word' id='word_1_117' title='bbox 469 1750 669 1807; x_wconf 88' lang='lat' dir='ltr'>avulso</span> <span class='ocrx_word' id='word_1_118' title='bbox 701 1767 734 1804; x_wconf 89' lang='lat' dir='ltr'>a</span> <span class='ocrx_word' id='word_1_119' title='bbox 763 1747 1037 1803; x_wconf 90' lang='lat' dir='ltr'>cordibus</span> <span class='ocrx_word' id='word_1_120' title='bbox 1085 1745 1392 1800; x_wconf 88' lang='lat' dir='ltr'>hominum</span> <span class='ocrx_word' id='word_1_121' title='bbox 1435 1744 1839 1810; x_wconf 89' lang='lat' dir='ltr'>fundamento,</span> <span class='ocrx_word' id='word_1_122' title='bbox 1892 1742 2000 1796; x_wconf 92' lang='lat' dir='ltr'>hoc</span> <span class='ocrx_word' id='word_1_123' title='bbox 2026 1746 2115 1797; x_wconf 90' lang='lat' dir='ltr'>est</span> 
     </span>
    </p>
   </div>
   <div class='ocr_carea' id='block_1_19' title="bbox 469 1831 2110 1909">
    <p class='ocr_par' dir='ltr' id='par_1_19' title="bbox 469 1831 2110 1909">
     <span class='ocr_line' id='line_1_19' title="bbox 469 1831 2110 1909; baseline -0.006 -15"><span class='ocrx_word' id='word_1_124' title='bbox 469 1839 717 1907; x_wconf 88' lang='lat' dir='ltr'>Christo,</span> <span class='ocrx_word' id='word_1_125' title='bbox 742 1837 842 1909; x_wconf 92' lang='lat' dir='ltr'>qui</span> <span class='ocrx_word' id='word_1_126' title='bbox 861 1831 1632 1907; x_wconf 86' lang='lat' dir='ltr'>sempcrinnititurSpiritui</span> <span class='ocrx_word' id='word_1_127' title='bbox 1647 1835 1868 1897; x_wconf 90' lang='lat' dir='ltr'>sancto,</span> <span class='ocrx_word' id='word_1_128' title='bbox 1887 1838 2110 1886; x_wconf 89' lang='lat' dir='ltr'>certum</span> 
     </span>
    </p>
   </div>
   <div class='ocr_carea' id='block_1_20' title="bbox 467 1919 2112 1999">
    <p class='ocr_par' dir='ltr' id='par_1_20' title="bbox 467 1919 2112 1999">
     <span class='ocr_line' id='line_1_20' title="bbox 467 1919 2112 1999; baseline -0.007 -14"><span class='ocrx_word' id='word_1_129' title='bbox 467 1933 556 1985; x_wconf 88' lang='lat' dir='ltr'>est</span> <span class='ocrx_word' id='word_1_130' title='bbox 577 1925 918 1999; x_wconf 81' lang='lat' dir='ltr'>hujusmodi</span> <span class='ocrx_word' id='word_1_131' title='bbox 971 1925 1208 1979; x_wconf 88' lang='lat' dir='ltr'>domum</span> <span class='ocrx_word' id='word_1_132' title='bbox 1246 1923 1561 1986; x_wconf 78' lang='lat' dir='ltr'>desertam,</span> <span class='ocrx_word' id='word_1_133' title='bbox 1595 1924 1650 1975; x_wconf 90' lang='lat' dir='ltr'>et</span> <span class='ocrx_word' id='word_1_134' title='bbox 1682 1919 1945 1976; x_wconf 88' lang='lat' dir='ltr'>funditus</span> <span class='ocrx_word' id='word_1_135' title='bbox 1979 1919 2112 1974; x_wconf 89' lang='lat' dir='ltr'>des-</span> 
     </span>
    </p>
   </div>
   <div class='ocr_carea' id='block_1_21' title="bbox 464 2006 2109 2085">
    <p class='ocr_par' dir='ltr' id='par_1_21' title="bbox 464 2006 2109 2085">
     <span class='ocr_line' id='line_1_21' title="bbox 464 2006 2109 2085; baseline -0.007 -12"><span class='ocrx_word' id='word_1_136' title='bbox 464 2022 717 2073; x_wconf 90' lang='lat' dir='ltr'>tructam</span> <span class='ocrx_word' id='word_1_137' title='bbox 737 2013 1061 2085; x_wconf 87' lang='lat' dir='ltr'>derelinqui</span> <span class='ocrx_word' id='word_1_138' title='bbox 1086 2030 1119 2067; x_wconf 89' lang='lat' dir='ltr'>a</span> <span class='ocrx_word' id='word_1_139' title='bbox 1139 2013 1274 2078; x_wconf 92' lang='lat' dir='ltr'>Deo,</span> <span class='ocrx_word' id='word_1_140' title='bbox 1300 2015 1356 2066; x_wconf 92' lang='lat' dir='ltr'>et</span> <span class='ocrx_word' id='word_1_141' title='bbox 1377 2010 1524 2065; x_wconf 81' lang='lat' dir='ltr'>effici</span> <span class='ocrx_word' id='word_1_142' title='bbox 1551 2008 1889 2082; x_wconf 88' lang='lat' dir='ltr'>speluncam</span> <span class='ocrx_word' id='word_1_143' title='bbox 1930 2006 2109 2062; x_wconf 83' lang='lat' dir='ltr'>latro—</span> 
     </span>
    </p>
   </div>
   <div class='ocr_carea' id='block_1_22' title="bbox 466 2096 2110 2176">
    <p class='ocr_par' dir='ltr' id='par_1_22' title="bbox 466 2096 2110 2176">
     <span class='ocr_line' id='line_1_22' title="bbox 466 2096 2110 2176; baseline -0.007 -14"><span class='ocrx_word' id='word_1_144' title='bbox 466 2123 608 2162; x_wconf 90' lang='lat' dir='ltr'>num</span> <span class='ocrx_word' id='word_1_145' title='bbox 634 2104 852 2176; x_wconf 77' lang='lat' dir='ltr'>(Matth.</span> <span class='ocrx_word' id='word_1_146' title='bbox 871 2120 984 2167; x_wconf 83' lang='lat' dir='ltr'>xx1,</span> <span class='ocrx_word' id='word_1_147' title='bbox 1013 2104 1117 2170; x_wconf 89' lang='grc'>13),</span> <span class='ocrx_word' id='word_1_148' title='bbox 1143 2100 1243 2172; x_wconf 87' lang='lat' dir='ltr'>qui</span> <span class='ocrx_word' id='word_1_149' title='bbox 1265 2117 1392 2155; x_wconf 89' lang='lat' dir='ltr'>eam</span> <span class='ocrx_word' id='word_1_150' title='bbox 1418 2116 1551 2154; x_wconf 81' lang='lat' dir='ltr'>mox</span> <span class='ocrx_word' id='word_1_151' title='bbox 1576 2116 1680 2154; x_wconf 91' lang='lat' dir='ltr'>suo</span> <span class='ocrx_word' id='word_1_152' title='bbox 1703 2098 2003 2152; x_wconf 82' lang='lat' dir='ltr'>vindicant</span> <span class='ocrx_word' id='word_1_153' title='bbox 2024 2096 2110 2151; x_wconf 91' lang='lat' dir='ltr'>lu-</span> 
     </span>
    </p>
   </div>
   <div class='ocr_carea' id='block_1_23' title="bbox 465 2186 2106 2262">
    <p class='ocr_par' dir='ltr' id='par_1_23' title="bbox 465 2186 2106 2262">
     <span class='ocr_line' id='line_1_23' title="bbox 465 2186 2106 2262; baseline -0.007 -12"><span class='ocrx_word' id='word_1_154' title='bbox 465 2195 655 2250; x_wconf 87' lang='lat' dir='ltr'>dibrio</span> <span class='ocrx_word' id='word_1_155' title='bbox 681 2212 694 2259; x_wconf 88' lang='lat'><strong>;</strong></span> <span class='ocrx_word' id='word_1_156' title='bbox 720 2195 800 2248; x_wconf 89' lang='lat' dir='ltr'>ita</span> <span class='ocrx_word' id='word_1_157' title='bbox 814 2194 1004 2262; x_wconf 89' lang='lat' dir='ltr'>utjam</span> <span class='ocrx_word' id='word_1_158' title='bbox 1021 2191 1255 2245; x_wconf 90' lang='lat' dir='ltr'>nomine</span> <span class='ocrx_word' id='word_1_159' title='bbox 1271 2206 1449 2244; x_wconf 90' lang='lat' dir='ltr'>vacuo</span> <span class='ocrx_word' id='word_1_160' title='bbox 1469 2187 1834 2244; x_wconf 89' lang='lat' dir='ltr'>Christianus</span> <span class='ocrx_word' id='word_1_161' title='bbox 1859 2186 2106 2250; x_wconf 86' lang='lat' dir='ltr'>dicatur,</span> 
     </span>
    </p>
   </div>
   <div class='ocr_carea' id='block_1_24' title="bbox 465 2275 2109 2344">
    <p class='ocr_par' dir='ltr' id='par_1_24' title="bbox 465 2275 2109 2344">
     <span class='ocr_line' id='line_1_24' title="bbox 465 2275 2109 2344; baseline -0.005 -6"><span class='ocrx_word' id='word_1_162' title='bbox 465 2284 556 2338; x_wconf 90' lang='lat' dir='ltr'>cui</span> <span class='ocrx_word' id='word_1_163' title='bbox 591 2281 737 2338; x_wconf 88' lang='lat' dir='ltr'>nihil</span> <span class='ocrx_word' id='word_1_164' title='bbox 768 2279 925 2344; x_wconf 84' lang='lat' dir='ltr'>fidei,</span> <span class='ocrx_word' id='word_1_165' title='bbox 958 2279 1012 2333; x_wconf 93' lang='lat' dir='ltr'>id</span> <span class='ocrx_word' id='word_1_166' title='bbox 1046 2282 1133 2333; x_wconf 91' lang='lat' dir='ltr'>est</span> <span class='ocrx_word' id='word_1_167' title='bbox 1162 2277 1396 2344; x_wconf 89' lang='lat' dir='ltr'>Christi,</span> <span class='ocrx_word' id='word_1_168' title='bbox 1435 2275 1714 2331; x_wconf 86' lang='lat' dir='ltr'>remansit</span> <span class='ocrx_word' id='word_1_169' title='bbox 1736 2275 1974 2330; x_wconf 91' lang='lat' dir='ltr'>omnino</span> <span class='ocrx_word' id='word_1_170' title='bbox 1997 2294 2018 2340; x_wconf 85' lang='lat'><em>;</em></span> <span class='ocrx_word' id='word_1_171' title='bbox 2044 2291 2109 2329; x_wconf 89' lang='lat' dir='ltr'>ac</span> 
     </span>
    </p>
   </div>
   <div class='ocr_carea' id='block_1_25' title="bbox 464 2362 2110 2443">
    <p class='ocr_par' dir='ltr' id='par_1_25' title="bbox 464 2362 2110 2443">
     <span class='ocr_line' id='line_1_25' title="bbox 464 2362 2110 2443; baseline -0.006 -17"><span class='ocrx_word' id='word_1_172' title='bbox 464 2388 568 2443; x_wconf 91' lang='lat' dir='ltr'>per</span> <span class='ocrx_word' id='word_1_173' title='bbox 586 2371 696 2425; x_wconf 92' lang='lat' dir='ltr'>hoc</span> <span class='ocrx_word' id='word_1_174' title='bbox 728 2367 1090 2422; x_wconf 88' lang='lat' dir='ltr'>convincitur</span> <span class='ocrx_word' id='word_1_175' title='bbox 1119 2367 1244 2421; x_wconf 88' lang='lat' dir='ltr'>sine</span> <span class='ocrx_word' id='word_1_176' title='bbox 1276 2366 1391 2420; x_wconf 90' lang='lat' dir='ltr'>Deo</span> <span class='ocrx_word' id='word_1_177' title='bbox 1422 2369 1479 2420; x_wconf 89' lang='lat' dir='ltr'>et</span> <span class='ocrx_word' id='word_1_178' title='bbox 1509 2365 1670 2435; x_wconf 87' lang='lat' dir='ltr'>pejor</span> <span class='ocrx_word' id='word_1_179' title='bbox 1691 2380 1937 2435; x_wconf 89' lang='lat' dir='ltr'>pagano,</span> <span class='ocrx_word' id='word_1_180' title='bbox 1972 2362 2110 2434; x_wconf 89' lang='lat' dir='ltr'>quia</span> 
     </span>
    </p>
   </div>
   <div class='ocr_carea' id='block_1_26' title="bbox 463 2454 2106 2525">
    <p class='ocr_par' dir='ltr' id='par_1_26' title="bbox 463 2454 2106 2525">
     <span class='ocr_line' id='line_1_26' title="bbox 463 2454 2106 2525; baseline -0.005 -10"><span class='ocrx_word' id='word_1_181' title='bbox 463 2459 560 2515; x_wconf 90' lang='lat' dir='ltr'>hic</span> <span class='ocrx_word' id='word_1_182' title='bbox 591 2455 846 2513; x_wconf 83' lang='lat' dir='ltr'>infidelis</span> <span class='ocrx_word' id='word_1_183' title='bbox 868 2454 1045 2511; x_wconf 92' lang='lat' dir='ltr'>simul</span> <span class='ocrx_word' id='word_1_184' title='bbox 1076 2459 1165 2510; x_wconf 86' lang='lat' dir='ltr'>est</span> <span class='ocrx_word' id='word_1_185' title='bbox 1211 2459 1268 2509; x_wconf 91' lang='lat' dir='ltr'>et</span> <span class='ocrx_word' id='word_1_186' title='bbox 1297 2456 1597 2525; x_wconf 89' lang='lat' dir='ltr'>apostata;</span> <span class='ocrx_word' id='word_1_187' title='bbox 1660 2469 1793 2507; x_wconf 91' lang='lat' dir='ltr'>cum</span> <span class='ocrx_word' id='word_1_188' title='bbox 1843 2468 2106 2524; x_wconf 78' lang='lat' dir='ltr'>paganus</span> 
     </span>
    </p>
   </div>
   <div class='ocr_carea' id='block_1_27' title="bbox 464 2539 2106 2620">
    <p class='ocr_par' dir='ltr' id='par_1_27' title="bbox 464 2539 2106 2620">
     <span class='ocr_line' id='line_1_27' title="bbox 464 2539 2106 2620; baseline -0.005 -17"><span class='ocrx_word' id='word_1_189' title='bbox 464 2545 732 2620; x_wconf 87' lang='lat' dir='ltr'>quamvis</span> <span class='ocrx_word' id='word_1_190' title='bbox 764 2545 842 2600; x_wconf 89' lang='lat' dir='ltr'>sit</span> <span class='ocrx_word' id='word_1_191' title='bbox 871 2543 1143 2611; x_wconf 76' lang='lat' dir='ltr'>infidelis,</span> <span class='ocrx_word' id='word_1_192' title='bbox 1177 2546 1371 2597; x_wconf 89' lang='lat' dir='ltr'>tamen</span> <span class='ocrx_word' id='word_1_193' title='bbox 1423 2541 1762 2596; x_wconf 80' lang='lat' dir='ltr'>Christianae</span> <span class='ocrx_word' id='word_1_194' title='bbox 1814 2540 1967 2605; x_wconf 82' lang='lat' dir='ltr'>fidei,</span> <span class='ocrx_word' id='word_1_195' title='bbox 2016 2539 2106 2594; x_wconf 88' lang='lat' dir='ltr'>vel</span> 
     </span>
    </p>
   </div>
   <div class='ocr_carea' id='block_1_28' title="bbox 463 2628 2108 2703">
    <p class='ocr_par' dir='ltr' id='par_1_28' title="bbox 463 2628 2108 2703">
     <span class='ocr_line' id='line_1_28' title="bbox 463 2628 2108 2703; baseline -0.006 -11"><span class='ocrx_word' id='word_1_196' title='bbox 463 2633 940 2697; x_wconf 87' lang='lat' dir='ltr'>conversationis,</span> <span class='ocrx_word' id='word_1_197' title='bbox 990 2648 1167 2703; x_wconf 89' lang='lat' dir='ltr'>quam</span> <span class='ocrx_word' id='word_1_198' title='bbox 1229 2645 1534 2702; x_wconf 85' lang='lat' dir='ltr'>nunquam</span> <span class='ocrx_word' id='word_1_199' title='bbox 1599 2628 1804 2684; x_wconf 90' lang='lat' dir='ltr'>habuit</span> <span class='ocrx_word' id='word_1_200' title='bbox 1855 2632 2108 2700; x_wconf 86' lang='lat' dir='ltr'>nequeat</span> 
     </span>
    </p>
   </div>
   <div class='ocr_carea' id='block_1_29' title="bbox 461 2716 2108 2796">
    <p class='ocr_par' dir='ltr' id='par_1_29' title="bbox 461 2716 2108 2796">
     <span class='ocr_line' id='line_1_29' title="bbox 461 2716 2108 2796; baseline -0.007 -15"><span class='ocrx_word' id='word_1_201' title='bbox 461 2729 613 2782; x_wconf 89' lang='lat' dir='ltr'>recte</span> <span class='ocrx_word' id='word_1_202' title='bbox 643 2723 756 2779; x_wconf 91' lang='lat' dir='ltr'>dici</span> <span class='ocrx_word' id='word_1_203' title='bbox 787 2726 889 2778; x_wconf 92' lang='lat' dir='ltr'>aut</span> <span class='ocrx_word' id='word_1_204' title='bbox 917 2720 1116 2777; x_wconf 89' lang='lat' dir='ltr'>haberi</span> <span class='ocrx_word' id='word_1_205' title='bbox 1149 2722 1432 2791; x_wconf 89' lang='lat' dir='ltr'>apostata.</span> <span class='ocrx_word' id='word_1_206' title='bbox 1469 2723 1515 2771; x_wconf 84' lang='lat' dir='ltr'><strong>A</strong></span> <span class='ocrx_word' id='word_1_207' title='bbox 1548 2719 1719 2796; x_wconf 71' lang='lat' dir='ltr'>gujus</span> <span class='ocrx_word' id='word_1_208' title='bbox 1753 2716 1928 2772; x_wconf 88' lang='lat' dir='ltr'>etiam</span> <span class='ocrx_word' id='word_1_209' title='bbox 1952 2716 2108 2788; x_wconf 89' lang='lat' dir='ltr'>cogi-</span> 
     </span>
    </p>
   </div>
   <div class='ocr_carea' id='block_1_30' title="bbox 457 2805 2102 2882">
    <p class='ocr_par' dir='ltr' id='par_1_30' title="bbox 457 2805 2102 2882">
     <span class='ocr_line' id='line_1_30' title="bbox 457 2805 2102 2882; baseline -0.006 -12"><span class='ocrx_word' id='word_1_210' title='bbox 457 2813 799 2878; x_wconf 89' lang='lat' dir='ltr'>tationibus,</span> <span class='ocrx_word' id='word_1_211' title='bbox 831 2810 984 2866; x_wconf 91' lang='lat' dir='ltr'>sicut</span> <span class='ocrx_word' id='word_1_212' title='bbox 1013 2808 1352 2882; x_wconf 69' lang='lat' dir='ltr'>praedictum</span> <span class='ocrx_word' id='word_1_213' title='bbox 1384 2811 1493 2874; x_wconf 87' lang='lat' dir='ltr'>est,</span> <span class='ocrx_word' id='word_1_214' title='bbox 1523 2806 1711 2862; x_wconf 82' lang='lat' dir='ltr'>aufert</span> <span class='ocrx_word' id='word_1_215' title='bbox 1753 2809 1808 2860; x_wconf 92' lang='lat' dir='ltr'>te</span> <span class='ocrx_word' id='word_1_216' title='bbox 1853 2805 2102 2876; x_wconf 88' lang='lat' dir='ltr'>Spiritus</span> 
     </span>
    </p>
   </div>
   <div class='ocr_carea' id='block_1_31' title="bbox 460 2892 2096 2972">
    <p class='ocr_par' dir='ltr' id='par_1_31' title="bbox 460 2892 2096 2972">
     <span class='ocr_line' id='line_1_31' title="bbox 460 2892 2096 2972; baseline -0.007 -13"><span class='ocrx_word' id='word_1_217' title='bbox 460 2909 718 2968; x_wconf 89' lang='lat' dir='ltr'>sanctus,</span> <span class='ocrx_word' id='word_1_218' title='bbox 751 2900 889 2972; x_wconf 90' lang='lat' dir='ltr'>quia</span> <span class='ocrx_word' id='word_1_219' title='bbox 920 2905 1059 2954; x_wconf 90' lang='lat' dir='ltr'>sunt</span> <span class='ocrx_word' id='word_1_220' title='bbox 1085 2897 1210 2954; x_wconf 89' lang='lat' dir='ltr'>sine</span> <span class='ocrx_word' id='word_1_221' title='bbox 1227 2895 1546 2952; x_wconf 90' lang='lat' dir='ltr'>intellectu.</span> <span class='ocrx_word' id='word_1_222' title='bbox 1570 2897 1637 2948; x_wconf 91' lang='lat' dir='ltr'>Et</span> <span class='ocrx_word' id='word_1_223' title='bbox 1654 2911 1779 2966; x_wconf 65' lang='lat' dir='ltr'>qua}</span> <span class='ocrx_word' id='word_1_224' title='bbox 1802 2892 2096 2964; x_wconf 89' lang='lat' dir='ltr'>cogitatio-</span> 
     </span>
    </p>
   </div>
   <div class='ocr_carea' id='block_1_32' title="bbox 458 2980 2102 3061">
    <p class='ocr_par' dir='ltr' id='par_1_32' title="bbox 458 2980 2102 3061">
     <span class='ocr_line' id='line_1_32' title="bbox 458 2980 2102 3061; baseline -0.007 -14"><span class='ocrx_word' id='word_1_225' title='bbox 458 3007 563 3047; x_wconf 87' lang='lat' dir='ltr'>nes</span> <span class='ocrx_word' id='word_1_226' title='bbox 590 2990 778 3061; x_wconf 87' lang='lat' dir='ltr'>magis</span> <span class='ocrx_word' id='word_1_227' title='bbox 800 2993 939 3043; x_wconf 91' lang='lat' dir='ltr'>sunt</span> <span class='ocrx_word' id='word_1_228' title='bbox 961 2987 1087 3042; x_wconf 89' lang='lat' dir='ltr'>sine</span> <span class='ocrx_word' id='word_1_229' title='bbox 1110 2985 1430 3052; x_wconf 88' lang='lat' dir='ltr'>intellectu,</span> <span class='ocrx_word' id='word_1_230' title='bbox 1456 3001 1632 3055; x_wconf 90' lang='lat' dir='ltr'>quam</span> <span class='ocrx_word' id='word_1_231' title='bbox 1657 3000 1782 3054; x_wconf 83' lang='lat' dir='ltr'>quae</span> <span class='ocrx_word' id='word_1_232' title='bbox 1808 2980 2102 3036; x_wconf 66' lang='lat' dir='ltr'>aestimant</span> 
     </span>
    </p>
   </div>
   <div class='ocr_carea' id='block_1_33' title="bbox 459 3069 2098 3153">
    <p class='ocr_par' dir='ltr' id='par_1_33' title="bbox 459 3069 2098 3153">
     <span class='ocr_line' id='line_1_33' title="bbox 459 3069 2098 3153; baseline -0.008 -17"><span class='ocrx_word' id='word_1_233' title='bbox 459 3079 743 3153; x_wconf 88' lang='lat' dir='ltr'>Spiritum</span> <span class='ocrx_word' id='word_1_234' title='bbox 764 3081 1032 3133; x_wconf 89' lang='lat' dir='ltr'>sanctum</span> <span class='ocrx_word' id='word_1_235' title='bbox 1058 3091 1228 3147; x_wconf 86' lang='lat' dir='ltr'>posse</span> <span class='ocrx_word' id='word_1_236' title='bbox 1253 3073 1422 3128; x_wconf 89' lang='lat' dir='ltr'>vendi</span> <span class='ocrx_word' id='word_1_237' title='bbox 1454 3077 1510 3128; x_wconf 91' lang='lat' dir='ltr'>et</span> <span class='ocrx_word' id='word_1_238' title='bbox 1530 3071 1645 3128; x_wconf 90' lang='lat' dir='ltr'>emi</span> <span class='ocrx_word' id='word_1_239' title='bbox 1664 3072 1691 3126; x_wconf 86' lang='lat'><strong>?</strong></span> <span class='ocrx_word' id='word_1_240' title='bbox 1722 3070 1912 3125; x_wconf 89' lang='lat' dir='ltr'>Minus</span> <span class='ocrx_word' id='word_1_241' title='bbox 1943 3069 2098 3124; x_wconf 85' lang='lat' dir='ltr'>enim</span> 
     </span>
    </p>
   </div>
   <div class='ocr_carea' id='block_1_34' title="bbox 457 3157 2096 3238">
    <p class='ocr_par' dir='ltr' id='par_1_34' title="bbox 457 3157 2096 3238">
     <span class='ocr_line' id='line_1_34' title="bbox 457 3157 2096 3238; baseline -0.007 -13"><span class='ocrx_word' id='word_1_242' title='bbox 457 3175 548 3225; x_wconf 91' lang='lat' dir='ltr'>est</span> <span class='ocrx_word' id='word_1_243' title='bbox 592 3167 828 3223; x_wconf 85' lang='lat' dir='ltr'>noxium</span> <span class='ocrx_word' id='word_1_244' title='bbox 852 3164 1136 3238; x_wconf 90' lang='lat' dir='ltr'>quidquid</span> <span class='ocrx_word' id='word_1_245' title='bbox 1161 3164 1230 3219; x_wconf 90' lang='lat' dir='ltr'>de</span> <span class='ocrx_word' id='word_1_246' title='bbox 1251 3167 1514 3218; x_wconf 85' lang='lat' dir='ltr'>creatura</span> <span class='ocrx_word' id='word_1_247' title='bbox 1550 3160 1839 3232; x_wconf 85' lang='lat' dir='ltr'>cogitatur</span> <span class='ocrx_word' id='word_1_248' title='bbox 1871 3157 2096 3214; x_wconf 84' lang='lat' dir='ltr'>irratio-</span> 
     </span>
    </p>
   </div>
   <div class='ocr_carea' id='block_1_35' title="bbox 456 3251 1563 3327">
    <p class='ocr_par' dir='ltr' id='par_1_35' title="bbox 456 3251 1563 3327">
     <span class='ocr_line' id='line_1_35' title="bbox 456 3251 1563 3327; baseline -0.009 -13"><span class='ocrx_word' id='word_1_249' title='bbox 456 3256 747 3324; x_wconf 86' lang='lat' dir='ltr'>nabiliter,</span> <span class='ocrx_word' id='word_1_250' title='bbox 781 3272 958 3327; x_wconf 91' lang='lat' dir='ltr'>quam</span> <span class='ocrx_word' id='word_1_251' title='bbox 993 3253 1146 3325; x_wconf 90' lang='lat' dir='ltr'>quod</span> <span class='ocrx_word' id='word_1_252' title='bbox 1177 3252 1248 3306; x_wconf 90' lang='lat' dir='ltr'>de</span> <span class='ocrx_word' id='word_1_253' title='bbox 1273 3251 1563 3306; x_wconf 88' lang='lat' dir='ltr'>Creatore.</span> 
     </span>
    </p>
   </div>
   <div class='ocr_carea' id='block_1_36' title="bbox 1059 3357 1492 3413">
    <p class='ocr_par' dir='ltr' id='par_1_36' title="bbox 1059 3357 1492 3413">
     <span class='ocr_line' id='line_1_36' title="bbox 1059 3357 1492 3413; baseline -0.005 -1"><span class='ocrx_word' id='word_1_254' title='bbox 1059 3358 1291 3413; x_wconf 88' lang='lat' dir='ltr'>CAPUT</span> <span class='ocrx_word' id='word_1_255' title='bbox 1353 3357 1492 3411; x_wconf 85' lang='lat' dir='ltr'>XXI.</span> 
     </span>
    </p>
   </div>
   <div class='ocr_carea' id='block_1_37' title="bbox 455 3445 2094 3521">
    <p class='ocr_par' dir='ltr' id='par_1_37' title="bbox 455 3445 2094 3521">
     <span class='ocr_line' id='line_1_37' title="bbox 455 3445 2094 3521; baseline -0.005 -15"><span class='ocrx_word' id='word_1_256' title='bbox 455 3451 728 3521; x_wconf 13' lang='lat' dir='ltr'>Repulsior</span> <span class='ocrx_word' id='word_1_257' title='bbox 760 3465 948 3502; x_wconf 81' lang='lat' dir='ltr'>eorum</span> <span class='ocrx_word' id='word_1_258' title='bbox 1002 3448 1098 3518; x_wconf 82' lang='lat' dir='ltr'>qui</span> <span class='ocrx_word' id='word_1_259' title='bbox 1153 3446 1338 3500; x_wconf 77' lang='lat' dir='ltr'>dicunt</span> <span class='ocrx_word' id='word_1_260' title='bbox 1378 3445 1596 3521; x_wconf 83' lang='lat' dir='ltr'>_haberi,</span> <span class='ocrx_word' id='word_1_261' title='bbox 1652 3453 1704 3521; x_wconf 76' lang='lat' dir='ltr'>et</span> <span class='ocrx_word' id='word_1_262' title='bbox 1741 3445 1906 3521; x_wconf 15' lang='lat' dir='ltr'>justei</span> <span class='ocrx_word' id='word_1_263' title='bbox 1943 3459 2094 3513; x_wconf 79' lang='lat' dir='ltr'>posse</span> 
     </span>
    </p>
   </div>
   <div class='ocr_carea' id='block_1_38' title="bbox 525 3517 2092 3590">
    <p class='ocr_par' dir='ltr' id='par_1_38' title="bbox 525 3517 2092 3590">
     <span class='ocr_line' id='line_1_38' title="bbox 525 3517 2092 3590; baseline -0.004 -15"><span class='ocrx_word' id='word_1_264' title='bbox 525 3517 651 3575; x_wconf 79' lang='lat' dir='ltr'>dari</span> <span class='ocrx_word' id='word_1_265' title='bbox 707 3520 974 3590; x_wconf 79' lang='lat' dir='ltr'>Spiritum</span> <span class='ocrx_word' id='word_1_266' title='bbox 1016 3517 1279 3571; x_wconf 58' lang='lat' dir='ltr'>Sanctum</span> <span class='ocrx_word' id='word_1_267' title='bbox 1335 3517 1400 3570; x_wconf 85' lang='lat' dir='ltr'>ab</span> <span class='ocrx_word' id='word_1_268' title='bbox 1448 3531 1507 3570; x_wconf 84' lang='lat' dir='ltr'>eo</span> <span class='ocrx_word' id='word_1_269' title='bbox 1566 3519 1660 3585; x_wconf 81' lang='lat' dir='ltr'>qui</span> <span class='ocrx_word' id='word_1_270' title='bbox 1736 3517 1940 3586; x_wconf 77' lang='lat' dir='ltr'>injusle</span> <span class='ocrx_word' id='word_1_271' title='bbox 2002 3530 2092 3568; x_wconf 88' lang='lat' dir='ltr'>ac-</span> 
     </span>
    </p>
   </div>
   <div class='ocr_carea' id='block_1_39' title="bbox 524 3593 1996 3663">
    <p class='ocr_par' dir='ltr' id='par_1_39' title="bbox 524 3593 1996 3663">
     <span class='ocr_line' id='line_1_39' title="bbox 524 3593 1996 3663; baseline -0.003 -16"><span class='ocrx_word' id='word_1_272' title='bbox 524 3593 682 3663; x_wconf 83' lang='lat' dir='ltr'>cepit.</span> <span class='ocrx_word' id='word_1_273' title='bbox 1970 3605 1996 3626; x_wconf 85' lang='lat'><strong>-</strong></span> 
     </span>
    </p>
   </div>
   <div class='ocr_carea' id='block_1_40' title="bbox 524 3690 2090 3764">
    <p class='ocr_par' dir='ltr' id='par_1_40' title="bbox 524 3690 2090 3764">
     <span class='ocr_line' id='line_1_40' title="bbox 524 3690 2090 3764; baseline -0.006 -11"><span class='ocrx_word' id='word_1_274' title='bbox 524 3698 685 3763; x_wconf 89' lang='lat' dir='ltr'>Quod</span> <span class='ocrx_word' id='word_1_275' title='bbox 719 3696 767 3752; x_wconf 90' lang='lat' dir='ltr'>si</span> <span class='ocrx_word' id='word_1_276' title='bbox 800 3697 871 3752; x_wconf 88' lang='lat' dir='ltr'>ab</span> <span class='ocrx_word' id='word_1_277' title='bbox 903 3695 1018 3750; x_wconf 89' lang='lat' dir='ltr'>illis</span> <span class='ocrx_word' id='word_1_278' title='bbox 1047 3711 1110 3751; x_wconf 92' lang='lat' dir='ltr'>se</span> <span class='ocrx_word' id='word_1_279' title='bbox 1158 3693 1348 3749; x_wconf 83' lang='lat' dir='ltr'>aufert</span> <span class='ocrx_word' id='word_1_280' title='bbox 1389 3692 1642 3764; x_wconf 91' lang='lat' dir='ltr'>Spiritus</span> <span class='ocrx_word' id='word_1_281' title='bbox 1697 3695 1956 3758; x_wconf 88' lang='lat' dir='ltr'>sanctus,</span> <span class='ocrx_word' id='word_1_282' title='bbox 1991 3690 2090 3762; x_wconf 89' lang='lat' dir='ltr'>qui</span> 
     </span>
    </p>
   </div>
   <div class='ocr_carea' id='block_1_41' title="bbox 451 3778 2087 3857">
    <p class='ocr_par' dir='ltr' id='par_1_41' title="bbox 451 3778 2087 3857">
     <span class='ocr_line' id='line_1_41' title="bbox 451 3778 2087 3857; baseline -0.006 -13"><span class='ocrx_word' id='word_1_283' title='bbox 451 3804 585 3844; x_wconf 92' lang='lat' dir='ltr'>eum</span> <span class='ocrx_word' id='word_1_284' title='bbox 617 3786 911 3843; x_wconf 66' lang='lat' dir='ltr'>aestimant</span> <span class='ocrx_word' id='word_1_285' title='bbox 941 3801 1109 3857; x_wconf 90' lang='lat' dir='ltr'>posse</span> <span class='ocrx_word' id='word_1_286' title='bbox 1139 3782 1333 3851; x_wconf 89' lang='lat' dir='ltr'>vendi,</span> <span class='ocrx_word' id='word_1_287' title='bbox 1366 3779 1550 3836; x_wconf 91' lang='lat' dir='ltr'>multo</span> <span class='ocrx_word' id='word_1_288' title='bbox 1601 3780 1787 3851; x_wconf 89' lang='lat' dir='ltr'>magis</span> <span class='ocrx_word' id='word_1_289' title='bbox 1835 3779 1907 3834; x_wconf 90' lang='lat' dir='ltr'>ab</span> <span class='ocrx_word' id='word_1_290' title='bbox 1951 3778 2087 3846; x_wconf 88' lang='lat' dir='ltr'>illis,</span> 
     </span>
    </p>
   </div>
   <div class='ocr_carea' id='block_1_42' title="bbox 450 3868 2088 3948">
    <p class='ocr_par' dir='ltr' id='par_1_42' title="bbox 450 3868 2088 3948">
     <span class='ocr_line' id='line_1_42' title="bbox 450 3868 2088 3948; baseline -0.007 -16"><span class='ocrx_word' id='word_1_291' title='bbox 450 3877 552 3948; x_wconf 91' lang='lat' dir='ltr'>qui</span> <span class='ocrx_word' id='word_1_292' title='bbox 583 3893 698 3931; x_wconf 94' lang='lat' dir='ltr'>non</span> <span class='ocrx_word' id='word_1_293' title='bbox 730 3875 922 3931; x_wconf 90' lang='lat' dir='ltr'>solum</span> <span class='ocrx_word' id='word_1_294' title='bbox 953 3873 1012 3929; x_wconf 91' lang='lat' dir='ltr'>id</span> <span class='ocrx_word' id='word_1_295' title='bbox 1043 3873 1356 3937; x_wconf 65' lang='lat' dir='ltr'>aestimant,</span> <span class='ocrx_word' id='word_1_296' title='bbox 1391 3871 1489 3926; x_wconf 91' lang='lat' dir='ltr'>sed</span> <span class='ocrx_word' id='word_1_297' title='bbox 1538 3869 1712 3924; x_wconf 88' lang='lat' dir='ltr'>etiam</span> <span class='ocrx_word' id='word_1_298' title='bbox 1769 3868 1826 3922; x_wconf 91' lang='lat' dir='ltr'>in</span> <span class='ocrx_word' id='word_1_299' title='bbox 1859 3871 2088 3922; x_wconf 91' lang='lat' dir='ltr'>tantum</span> 
     </span>
    </p>
   </div>
   <div class='ocr_carea' id='block_1_43' title="bbox 449 3955 2088 4034">
    <p class='ocr_par' dir='ltr' id='par_1_43' title="bbox 449 3955 2088 4034">
     <span class='ocr_line' id='line_1_43' title="bbox 449 3955 2088 4034; baseline -0.006 -14"><span class='ocrx_word' id='word_1_300' title='bbox 449 3965 718 4030; x_wconf 88' lang='lat' dir='ltr'>credunt,</span> <span class='ocrx_word' id='word_1_301' title='bbox 751 3967 814 4018; x_wconf 86' lang='lat' dir='ltr'>ut</span> <span class='ocrx_word' id='word_1_302' title='bbox 842 3963 913 4020; x_wconf 89' lang='lat' dir='ltr'>ad</span> <span class='ocrx_word' id='word_1_303' title='bbox 944 3963 1258 4034; x_wconf 87' lang='lat' dir='ltr'>perniciem</span> <span class='ocrx_word' id='word_1_304' title='bbox 1291 3959 1612 4016; x_wconf 88' lang='lat' dir='ltr'>multorum</span> <span class='ocrx_word' id='word_1_305' title='bbox 1633 3956 1823 4014; x_wconf 90' lang='lat' dir='ltr'>verbis</span> <span class='ocrx_word' id='word_1_306' title='bbox 1852 3960 1910 4012; x_wconf 92' lang='lat' dir='ltr'>et</span> <span class='ocrx_word' id='word_1_307' title='bbox 1949 3955 2088 4012; x_wconf 90' lang='lat' dir='ltr'>scri-</span> 
     </span>
    </p>
   </div>
   <div class='ocr_carea' id='block_1_44' title="bbox 449 4051 1056 4122">
    <p class='ocr_par' dir='ltr' id='par_1_44' title="bbox 449 4051 1056 4122">
     <span class='ocr_line' id='line_1_44' title="bbox 449 4051 1056 4122; baseline 0 -16"><span class='ocrx_word' id='word_1_308' title='bbox 449 4051 565 4122; x_wconf 89' lang='lat' dir='ltr'>ptis</span> <span class='ocrx_word' id='word_1_309' title='bbox 594 4051 678 4106; x_wconf 91' lang='lat' dir='ltr'>sic</span> <span class='ocrx_word' id='word_1_310' title='bbox 708 4051 1056 4122; x_wconf 63' lang='lat' dir='ltr'>praedicent:</span> 
     </span>
    </p>
   </div>
   <div class='ocr_carea' id='block_1_45' title="bbox 521 4135 2086 4209">
    <p class='ocr_par' dir='ltr' id='par_1_45' title="bbox 521 4135 2086 4209">
     <span class='ocr_line' id='line_1_45' title="bbox 521 4135 2086 4209; baseline -0.004 -15"><span class='ocrx_word' id='word_1_311' title='bbox 521 4139 813 4194; x_wconf 81' lang='lat' dir='ltr'>OBJEC’I‘IO.</span> <span class='ocrx_word' id='word_1_312' title='bbox 847 4138 1072 4208; x_wconf 90' lang='lat' dir='ltr'>Liquet,</span> <span class='ocrx_word' id='word_1_313' title='bbox 1106 4138 1402 4209; x_wconf 87' lang='lat' dir='ltr'>inquiunt,</span> <span class='ocrx_word' id='word_1_314' title='bbox 1434 4137 1617 4192; x_wconf 87' lang='lat' dir='ltr'>sancti</span> <span class='ocrx_word' id='word_1_315' title='bbox 1675 4135 1928 4208; x_wconf 86' lang='lat' dir='ltr'>Spiritus</span> <span class='ocrx_word' id='word_1_316' title='bbox 1959 4150 2086 4206; x_wconf 81' lang='lat' dir='ltr'>gra-</span> 
     </span>
    </p>
   </div>
   <div class='ocr_carea' id='block_1_46' title="bbox 449 4224 2092 4297">
    <p class='ocr_par' dir='ltr' id='par_1_46' title="bbox 449 4224 2092 4297">
     <span class='ocr_line' id='line_1_46' title="bbox 449 4224 2092 4297; baseline -0.003 -14"><span class='ocrx_word' id='word_1_317' title='bbox 449 4227 593 4283; x_wconf 88' lang='lat' dir='ltr'>tiam</span> <span class='ocrx_word' id='word_1_318' title='bbox 623 4227 792 4282; x_wconf 90' lang='lat' dir='ltr'>vendi</span> <span class='ocrx_word' id='word_1_319' title='bbox 825 4225 1004 4283; x_wconf 89' lang='lat' dir='ltr'>simul</span> <span class='ocrx_word' id='word_1_320' title='bbox 1033 4230 1088 4282; x_wconf 91' lang='lat' dir='ltr'>et</span> <span class='ocrx_word' id='word_1_321' title='bbox 1111 4225 1458 4296; x_wconf 89' lang='lat' dir='ltr'>comparari.</span> <span class='ocrx_word' id='word_1_322' title='bbox 1491 4226 1639 4297; x_wconf 88' lang='lat' dir='ltr'>Ergo</span> <span class='ocrx_word' id='word_1_323' title='bbox 1668 4224 1940 4296; x_wconf 87' lang='lat' dir='ltr'>spiritum</span> <span class='ocrx_word' id='word_1_324' title='bbox 1965 4239 2092 4279; x_wconf 90' lang='lat' dir='ltr'>san-</span> 
     </span>
    </p>
   </div>
   <div class='ocr_carea' id='block_1_47' title="bbox 451 4311 2084 4387">
    <p class='ocr_par' dir='ltr' id='par_1_47' title="bbox 451 4311 2084 4387">
     <span class='ocr_line' id='line_1_47' title="bbox 451 4311 2084 4387; baseline -0.004 -15"><span class='ocrx_word' id='word_1_325' title='bbox 451 4322 632 4382; x_wconf 88' lang='lat' dir='ltr'>ctum,</span> <span class='ocrx_word' id='word_1_326' title='bbox 667 4333 842 4387; x_wconf 90' lang='lat' dir='ltr'>quem</span> <span class='ocrx_word' id='word_1_327' title='bbox 861 4315 993 4386; x_wconf 90' lang='lat' dir='ltr'>quis</span> <span class='ocrx_word' id='word_1_328' title='bbox 1015 4314 1232 4386; x_wconf 89' lang='lat' dir='ltr'>injuste</span> <span class='ocrx_word' id='word_1_329' title='bbox 1253 4313 1585 4385; x_wconf 89' lang='lat' dir='ltr'>acquisivit,</span> <span class='ocrx_word' id='word_1_330' title='bbox 1605 4312 1820 4384; x_wconf 86' lang='lat' dir='ltr'>injuste</span> <span class='ocrx_word' id='word_1_331' title='bbox 1842 4311 2084 4379; x_wconf 87' lang='lat' dir='ltr'>habuit;</span> 
     </span>
    </p>
   </div>
   <div class='ocr_carea' id='block_1_48' title="bbox 448 4401 2088 4476">
    <p class='ocr_par' dir='ltr' id='par_1_48' title="bbox 448 4401 2088 4476">
     <span class='ocr_line' id='line_1_48' title="bbox 448 4401 2088 4476; baseline -0.003 -16"><span class='ocrx_word' id='word_1_332' title='bbox 448 4405 540 4460; x_wconf 90' lang='lat' dir='ltr'>cui</span> <span class='ocrx_word' id='word_1_333' title='bbox 573 4406 789 4476; x_wconf 87' lang='lat' dir='ltr'>injuste</span> <span class='ocrx_word' id='word_1_334' title='bbox 820 4404 1127 4472; x_wconf 86' lang='lat' dir='ltr'>concessit,</span> <span class='ocrx_word' id='word_1_335' title='bbox 1159 4403 1314 4459; x_wconf 93' lang='lat' dir='ltr'>hunc</span> <span class='ocrx_word' id='word_1_336' title='bbox 1363 4419 1560 4458; x_wconf 89' lang='lat' dir='ltr'>secum</span> <span class='ocrx_word' id='word_1_337' title='bbox 1609 4402 1944 4469; x_wconf 89' lang='lat' dir='ltr'>damnavit;</span> <span class='ocrx_word' id='word_1_338' title='bbox 1995 4401 2088 4456; x_wconf 90' lang='lat' dir='ltr'>cui</span> 
     </span>
    </p>
   </div>
   <div class='ocr_carea' id='block_1_49' title="bbox 445 4491 2087 4566">
    <p class='ocr_par' dir='ltr' id='par_1_49' title="bbox 445 4491 2087 4566">
     <span class='ocr_line' id='line_1_49' title="bbox 445 4491 2087 4566; baseline -0.004 -16"><span class='ocrx_word' id='word_1_339' title='bbox 445 4511 580 4551; x_wconf 89' lang='lat' dir='ltr'>vero</span> <span class='ocrx_word' id='word_1_340' title='bbox 603 4495 764 4566; x_wconf 89' lang='lat' dir='ltr'>juste</span> <span class='ocrx_word' id='word_1_341' title='bbox 792 4494 1039 4566; x_wconf 86' lang='lat' dir='ltr'>largitus</span> <span class='ocrx_word' id='word_1_342' title='bbox 1069 4499 1176 4562; x_wconf 90' lang='lat' dir='ltr'>est,</span> <span class='ocrx_word' id='word_1_343' title='bbox 1210 4493 1325 4559; x_wconf 92' lang='lat' dir='ltr'>hic,</span> <span class='ocrx_word' id='word_1_344' title='bbox 1359 4493 1406 4547; x_wconf 90' lang='lat' dir='ltr'>si</span> <span class='ocrx_word' id='word_1_345' title='bbox 1430 4493 1632 4563; x_wconf 89' lang='lat' dir='ltr'>justus</span> <span class='ocrx_word' id='word_1_346' title='bbox 1661 4495 1768 4558; x_wconf 89' lang='lat' dir='ltr'>est,</span> <span class='ocrx_word' id='word_1_347' title='bbox 1795 4491 1957 4560; x_wconf 86' lang='lat' dir='ltr'>juste</span> <span class='ocrx_word' id='word_1_348' title='bbox 1987 4507 2087 4562; x_wconf 93' lang='lat' dir='ltr'>po-</span> 
     </span>
    </p>
   </div>
   <div class='ocr_carea' id='block_1_50' title="bbox 2229 592 3874 666">
    <p class='ocr_par' dir='ltr' id='par_1_50' title="bbox 2229 592 3874 666">
     <span class='ocr_line' id='line_1_50' title="bbox 2229 592 3874 666; baseline 0.003 -21"><span class='ocrx_word' id='word_1_349' title='bbox 2229 592 2549 662; x_wconf 88' lang='lat' dir='ltr'>comparati</span> <span class='ocrx_word' id='word_1_350' title='bbox 2583 597 2722 648; x_wconf 91' lang='lat' dir='ltr'>sunt</span> <span class='ocrx_word' id='word_1_351' title='bbox 2744 593 3034 664; x_wconf 87' lang='lat' dir='ltr'>jumentis</span> <span class='ocrx_word' id='word_1_352' title='bbox 3067 593 3498 666; x_wconf 88' lang='lat' dir='ltr'>insipientibus,</span> <span class='ocrx_word' id='word_1_353' title='bbox 3548 596 3607 648; x_wconf 90' lang='lat' dir='ltr'>et</span> <span class='ocrx_word' id='word_1_354' title='bbox 3645 592 3874 650; x_wconf 85' lang='lat' dir='ltr'>similes</span> 
     </span>
    </p>
   </div>
   <div class='ocr_carea' id='block_1_51' title="bbox 2230 679 3871 753">
    <p class='ocr_par' dir='ltr' id='par_1_51' title="bbox 2230 679 3871 753">
     <span class='ocr_line' id='line_1_51' title="bbox 2230 679 3871 753; baseline 0.002 -19"><span class='ocrx_word' id='word_1_355' title='bbox 2230 679 2368 735; x_wconf 84' lang='lat' dir='ltr'>facti</span> <span class='ocrx_word' id='word_1_356' title='bbox 2410 686 2549 736; x_wconf 90' lang='lat' dir='ltr'>sunt</span> <span class='ocrx_word' id='word_1_357' title='bbox 2599 681 2712 736; x_wconf 92' lang='lat' dir='ltr'>illis</span> <span class='ocrx_word' id='word_1_358' title='bbox 2774 682 2941 753; x_wconf 83' lang='lat' dir='ltr'>(Psal.</span> <span class='ocrx_word' id='word_1_359' title='bbox 3000 699 3170 750; x_wconf 82' lang='lat' dir='ltr'>XLVII,</span> <span class='ocrx_word' id='word_1_360' title='bbox 3231 682 3342 750; x_wconf 74' lang='lat' dir='ltr'>l3).</span> <span class='ocrx_word' id='word_1_361' title='bbox 3402 683 3681 746; x_wconf 90' lang='lat' dir='ltr'>Quamvis</span> <span class='ocrx_word' id='word_1_362' title='bbox 3710 682 3871 738; x_wconf 89' lang='lat' dir='ltr'>enim</span> 
     </span>
    </p>
   </div>
   <div class='ocr_carea' id='block_1_52' title="bbox 2231 769 3874 837">
    <p class='ocr_par' dir='ltr' id='par_1_52' title="bbox 2231 769 3874 837">
     <span class='ocr_line' id='line_1_52' title="bbox 2231 769 3874 837; baseline 0.002 -13"><span class='ocrx_word' id='word_1_363' title='bbox 2231 769 2509 826; x_wconf 84' lang='lat' dir='ltr'>rationale</span> <span class='ocrx_word' id='word_1_364' title='bbox 2535 769 2752 826; x_wconf 85' lang='lat' dir='ltr'>animal</span> <span class='ocrx_word' id='word_1_365' title='bbox 2785 787 2819 826; x_wconf 91' lang='lat' dir='ltr'>a</span> <span class='ocrx_word' id='word_1_366' title='bbox 2849 771 2964 826; x_wconf 93' lang='lat' dir='ltr'>Deo</span> <span class='ocrx_word' id='word_1_367' title='bbox 3005 771 3179 827; x_wconf 84' lang='lat' dir='ltr'>creati</span> <span class='ocrx_word' id='word_1_368' title='bbox 3232 771 3369 837; x_wconf 90' lang='lat' dir='ltr'>sint,</span> <span class='ocrx_word' id='word_1_369' title='bbox 3421 771 3643 826; x_wconf 89' lang='lat' dir='ltr'>ratione</span> <span class='ocrx_word' id='word_1_370' title='bbox 3674 775 3874 828; x_wconf 84' lang='lat' dir='ltr'>tamen</span> 
     </span>
    </p>
   </div>
   <div class='ocr_carea' id='block_1_53' title="bbox 2229 858 3879 932">
    <p class='ocr_par' dir='ltr' id='par_1_53' title="bbox 2229 858 3879 932">
     <span class='ocr_line' id='line_1_53' title="bbox 2229 858 3879 932; baseline 0.001 -18"><span class='ocrx_word' id='word_1_371' title='bbox 2229 858 2534 914; x_wconf 87' lang='lat' dir='ltr'>abutentes</span> <span class='ocrx_word' id='word_1_372' title='bbox 2590 877 2703 914; x_wconf 89' lang='lat' dir='ltr'>non</span> <span class='ocrx_word' id='word_1_373' title='bbox 2735 858 3386 931; x_wconf 85' lang='lat' dir='ltr'>intelliguntjustitiam</span> <span class='ocrx_word' id='word_1_374' title='bbox 3410 860 3740 932; x_wconf 69' lang='lat' dir='ltr'>injustitiaa,</span> <span class='ocrx_word' id='word_1_375' title='bbox 3777 867 3879 916; x_wconf 85' lang='lat' dir='ltr'>aut</span> 
     </span>
    </p>
   </div>
   <div class='ocr_carea' id='block_1_54' title="bbox 2226 947 3874 1021">
    <p class='ocr_par' dir='ltr' id='par_1_54' title="bbox 2226 947 3874 1021">
     <span class='ocr_line' id='line_1_54' title="bbox 2226 947 3874 1021; baseline 0.002 -21"><span class='ocrx_word' id='word_1_376' title='bbox 2226 947 2495 1001; x_wconf 87' lang='lat' dir='ltr'>virtutem</span> <span class='ocrx_word' id='word_1_377' title='bbox 2531 948 2666 1002; x_wconf 92' lang='lat' dir='ltr'>vitio</span> <span class='ocrx_word' id='word_1_378' title='bbox 2698 948 2982 1004; x_wconf 77' lang='lat' dir='ltr'>cohaerere</span> <span class='ocrx_word' id='word_1_379' title='bbox 3033 954 3134 1003; x_wconf 90' lang='lat' dir='ltr'>aut</span> <span class='ocrx_word' id='word_1_380' title='bbox 3172 949 3476 1004; x_wconf 90' lang='lat' dir='ltr'>convenire</span> <span class='ocrx_word' id='word_1_381' title='bbox 3526 965 3640 1004; x_wconf 91' lang='lat' dir='ltr'>non</span> <span class='ocrx_word' id='word_1_382' title='bbox 3677 965 3874 1021; x_wconf 87' lang='lat' dir='ltr'>posse.</span> 
     </span>
    </p>
   </div>
   <div class='ocr_carea' id='block_1_55' title="bbox 2229 1035 3875 1110">
    <p class='ocr_par' dir='ltr' id='par_1_55' title="bbox 2229 1035 3875 1110">
     <span class='ocr_line' id='line_1_55' title="bbox 2229 1035 3875 1110; baseline 0.002 -22"><span class='ocrx_word' id='word_1_383' title='bbox 2229 1035 2357 1101; x_wconf 89' lang='lat' dir='ltr'>Qui,</span> <span class='ocrx_word' id='word_1_384' title='bbox 2394 1040 2458 1089; x_wconf 90' lang='lat' dir='ltr'>ut</span> <span class='ocrx_word' id='word_1_385' title='bbox 2491 1036 2551 1090; x_wconf 86' lang='grc' dir='ltr'>Β.</span> <span class='ocrx_word' id='word_1_386' title='bbox 2585 1036 2769 1092; x_wconf 85' lang='lat' dir='ltr'>Judas</span> <span class='ocrx_word' id='word_1_387' title='bbox 2802 1036 3098 1108; x_wconf 86' lang='lat' dir='ltr'>apostolus</span> <span class='ocrx_word' id='word_1_388' title='bbox 3129 1038 3210 1092; x_wconf 86' lang='lat' dir='ltr'>ait</span> <span class='ocrx_word' id='word_1_389' title='bbox 3242 1056 3254 1093; x_wconf 90' lang='lat'><strong>:</strong></span> <span class='ocrx_word' id='word_1_390' title='bbox 3289 1060 3316 1086; x_wconf 93' lang='grc'>‹‹</span> <span class='ocrx_word' id='word_1_391' title='bbox 3343 1038 3715 1110; x_wconf 70' lang='lat' dir='ltr'>Quaecunque</span> <span class='ocrx_word' id='word_1_392' title='bbox 3748 1038 3875 1110; x_wconf 89' lang='lat' dir='ltr'>qui-</span> 
     </span>
    </p>
   </div>
   <div class='ocr_carea' id='block_1_56' title="bbox 2228 1123 3869 1197">
    <p class='ocr_par' dir='ltr' id='par_1_56' title="bbox 2228 1123 3869 1197">
     <span class='ocr_line' id='line_1_56' title="bbox 2228 1123 3869 1197; baseline 0.002 -20"><span class='ocrx_word' id='word_1_393' title='bbox 2228 1123 2360 1179; x_wconf 90' lang='lat' dir='ltr'>dem</span> <span class='ocrx_word' id='word_1_394' title='bbox 2409 1125 2700 1196; x_wconf 86' lang='lat' dir='ltr'>ignorant,</span> <span class='ocrx_word' id='word_1_395' title='bbox 2760 1123 3188 1196; x_wconf 89' lang='lat' dir='ltr'>blasphemant.</span> <span class='ocrx_word' id='word_1_396' title='bbox 3254 1127 3620 1197; x_wconf 62' lang='lat' dir='ltr'>Quaecunque</span> <span class='ocrx_word' id='word_1_397' title='bbox 3665 1130 3869 1182; x_wconf 87' lang='lat' dir='ltr'>autem</span> 
     </span>
    </p>
   </div>
   <div class='ocr_carea' id='block_1_57' title="bbox 2226 1213 3870 1286">
    <p class='ocr_par' dir='ltr' id='par_1_57' title="bbox 2226 1213 3870 1286">
     <span class='ocr_line' id='line_1_57' title="bbox 2226 1213 3870 1286; baseline 0.002 -20"><span class='ocrx_word' id='word_1_398' title='bbox 2226 1213 2570 1268; x_wconf 79' lang='lat' dir='ltr'>naturaliter</span> <span class='ocrx_word' id='word_1_399' title='bbox 2599 1218 2878 1286; x_wconf 81' lang='lat' dir='ltr'>tauquam</span> <span class='ocrx_word' id='word_1_400' title='bbox 2927 1213 3101 1268; x_wconf 89' lang='lat' dir='ltr'>bruta</span> <span class='ocrx_word' id='word_1_401' title='bbox 3159 1213 3437 1268; x_wconf 85' lang='lat' dir='ltr'>animalia</span> <span class='ocrx_word' id='word_1_402' title='bbox 3483 1220 3778 1270; x_wconf 88' lang='lat' dir='ltr'>noverunt</span> <span class='ocrx_word' id='word_1_403' title='bbox 3811 1216 3870 1270; x_wconf 87' lang='lat' dir='ltr'>in</span> 
     </span>
    </p>
   </div>
   <div class='ocr_carea' id='block_1_58' title="bbox 2225 1301 3872 1374">
    <p class='ocr_par' dir='ltr' id='par_1_58' title="bbox 2225 1301 3872 1374">
     <span class='ocr_line' id='line_1_58' title="bbox 2225 1301 3872 1374; baseline 0.002 -18"><span class='ocrx_word' id='word_1_404' title='bbox 2225 1301 2318 1357; x_wconf 91' lang='lat' dir='ltr'>his</span> <span class='ocrx_word' id='word_1_405' title='bbox 2349 1308 2804 1374; x_wconf 90' lang='lat' dir='ltr'>corrumpuntur</span> <span class='ocrx_word' id='word_1_406' title='bbox 2832 1302 2976 1373; x_wconf 86' lang='lat' dir='ltr'>(Jud.</span> <span class='ocrx_word' id='word_1_407' title='bbox 3019 1303 3117 1373; x_wconf 87' lang='grc' dir='ltr'>ιο).</span> <span class='ocrx_word' id='word_1_408' title='bbox 3158 1325 3183 1351; x_wconf 86' lang='grc'><strong>››</strong></span> <span class='ocrx_word' id='word_1_409' title='bbox 3217 1303 3381 1358; x_wconf 88' lang='lat' dir='ltr'>Unde</span> <span class='ocrx_word' id='word_1_410' title='bbox 3413 1301 3632 1374; x_wconf 89' lang='lat' dir='ltr'>Spiritu</span> <span class='ocrx_word' id='word_1_411' title='bbox 3666 1308 3872 1360; x_wconf 85' lang='lat' dir='ltr'>sancto</span> 
     </span>
    </p>
   </div>
   <div class='ocr_carea' id='block_1_59' title="bbox 2225 1390 3873 1463">
    <p class='ocr_par' dir='ltr' id='par_1_59' title="bbox 2225 1390 3873 1463">
     <span class='ocr_line' id='line_1_59' title="bbox 2225 1390 3873 1463; baseline 0.001 -17"><span class='ocrx_word' id='word_1_412' title='bbox 2225 1391 2296 1446; x_wconf 91' lang='lat' dir='ltr'>ab</span> <span class='ocrx_word' id='word_1_413' title='bbox 2327 1390 2666 1460; x_wconf 85' lang='lat' dir='ltr'>hujusmodi</span> <span class='ocrx_word' id='word_1_414' title='bbox 2697 1390 3151 1462; x_wconf 85' lang='lat' dir='ltr'>cogitationibus</span> <span class='ocrx_word' id='word_1_415' title='bbox 3183 1391 3434 1463; x_wconf 79' lang='lat' dir='ltr'>eﬂ&#39;ugato</span> <span class='ocrx_word' id='word_1_416' title='bbox 3464 1394 3521 1446; x_wconf 85' lang='lat' dir='ltr'>et</span> <span class='ocrx_word' id='word_1_417' title='bbox 3551 1391 3768 1459; x_wconf 84' lang='lat' dir='ltr'>ablato,</span> <span class='ocrx_word' id='word_1_418' title='bbox 3809 1397 3873 1448; x_wconf 91' lang='lat' dir='ltr'>ut</span> 
     </span>
    </p>
   </div>
   <div class='ocr_carea' id='block_1_60' title="bbox 2225 1479 3870 1552">
    <p class='ocr_par' dir='ltr' id='par_1_60' title="bbox 2225 1479 3870 1552">
     <span class='ocr_line' id='line_1_60' title="bbox 2225 1479 3870 1552; baseline 0.001 -18"><span class='ocrx_word' id='word_1_419' title='bbox 2225 1497 2404 1552; x_wconf 87' lang='lat' dir='ltr'>supra</span> <span class='ocrx_word' id='word_1_420' title='bbox 2436 1480 2668 1546; x_wconf 91' lang='lat' dir='ltr'>dicitur,</span> <span class='ocrx_word' id='word_1_421' title='bbox 2701 1479 3115 1551; x_wconf 91' lang='lat' dir='ltr'>corripiuntur,</span> <span class='ocrx_word' id='word_1_422' title='bbox 3141 1480 3196 1534; x_wconf 92' lang='lat' dir='ltr'>id</span> <span class='ocrx_word' id='word_1_423' title='bbox 3227 1485 3317 1535; x_wconf 82' lang='lat' dir='ltr'>est</span> <span class='ocrx_word' id='word_1_424' title='bbox 3343 1497 3410 1536; x_wconf 84' lang='lat' dir='ltr'>ex</span> <span class='ocrx_word' id='word_1_425' title='bbox 3437 1483 3555 1536; x_wconf 91' lang='lat' dir='ltr'>toto</span> <span class='ocrx_word' id='word_1_426' title='bbox 3576 1482 3870 1552; x_wconf 88' lang='lat' dir='ltr'>arripiun-</span> 
     </span>
    </p>
   </div>
   <div class='ocr_carea' id='block_1_61' title="bbox 2224 1567 3867 1641">
    <p class='ocr_par' dir='ltr' id='par_1_61' title="bbox 2224 1567 3867 1641">
     <span class='ocr_line' id='line_1_61' title="bbox 2224 1567 3867 1641; baseline 0.002 -19"><span class='ocrx_word' id='word_1_427' title='bbox 2224 1571 2319 1623; x_wconf 89' lang='lat' dir='ltr'>tur</span> <span class='ocrx_word' id='word_1_428' title='bbox 2367 1585 2401 1623; x_wconf 87' lang='lat' dir='ltr'>a</span> <span class='ocrx_word' id='word_1_429' title='bbox 2454 1567 2894 1640; x_wconf 85' lang='lat' dir='ltr'>superveniente</span> <span class='ocrx_word' id='word_1_430' title='bbox 2959 1569 3290 1640; x_wconf 86' lang='lat' dir='ltr'>iniquitate,</span> <span class='ocrx_word' id='word_1_431' title='bbox 3347 1567 3603 1641; x_wconf 89' lang='lat' dir='ltr'>maligno</span> <span class='ocrx_word' id='word_1_432' title='bbox 3647 1570 3867 1641; x_wconf 84' lang='lat' dir='ltr'>spiritu</span> 
     </span>
    </p>
   </div>
   <div class='ocr_carea' id='block_1_62' title="bbox 2220 1655 3868 1730">
    <p class='ocr_par' dir='ltr' id='par_1_62' title="bbox 2220 1655 3868 1730">
     <span class='ocr_line' id='line_1_62' title="bbox 2220 1655 3868 1730; baseline 0 -18"><span class='ocrx_word' id='word_1_433' title='bbox 2220 1657 2458 1723; x_wconf 88' lang='lat' dir='ltr'>scilicet,</span> <span class='ocrx_word' id='word_1_434' title='bbox 2492 1657 2592 1728; x_wconf 91' lang='lat' dir='ltr'>qui</span> <span class='ocrx_word' id='word_1_435' title='bbox 2617 1657 2700 1712; x_wconf 92' lang='lat' dir='ltr'>sic</span> <span class='ocrx_word' id='word_1_436' title='bbox 2731 1656 2971 1728; x_wconf 91' lang='lat' dir='ltr'>iniquus</span> <span class='ocrx_word' id='word_1_437' title='bbox 3002 1661 3091 1713; x_wconf 88' lang='lat' dir='ltr'>est</span> <span class='ocrx_word' id='word_1_438' title='bbox 3119 1661 3185 1712; x_wconf 94' lang='lat' dir='ltr'>ut</span> <span class='ocrx_word' id='word_1_439' title='bbox 3230 1656 3306 1712; x_wconf 90' lang='lat' dir='ltr'>sit</span> <span class='ocrx_word' id='word_1_440' title='bbox 3353 1655 3529 1712; x_wconf 89' lang='lat' dir='ltr'>etiam</span> <span class='ocrx_word' id='word_1_441' title='bbox 3583 1658 3714 1730; x_wconf 88' lang='lat' dir='ltr'>ipsa</span> <span class='ocrx_word' id='word_1_442' title='bbox 3743 1657 3868 1724; x_wconf 76' lang='lat' dir='ltr'>ipi-</span> 
     </span>
    </p>
   </div>
   <div class='ocr_carea' id='block_1_63' title="bbox 2221 1745 3870 1819">
    <p class='ocr_par' dir='ltr' id='par_1_63' title="bbox 2221 1745 3870 1819">
     <span class='ocr_line' id='line_1_63' title="bbox 2221 1745 3870 1819; baseline 0.001 -19"><span class='ocrx_word' id='word_1_443' title='bbox 2221 1747 2439 1817; x_wconf 89' lang='lat' dir='ltr'>quitas,</span> <span class='ocrx_word' id='word_1_444' title='bbox 2471 1745 2622 1800; x_wconf 90' lang='lat' dir='ltr'>sicut</span> <span class='ocrx_word' id='word_1_445' title='bbox 2651 1745 2940 1818; x_wconf 88' lang='lat' dir='ltr'>gloriosus</span> <span class='ocrx_word' id='word_1_446' title='bbox 2988 1745 3202 1802; x_wconf 88' lang='lat' dir='ltr'>Paulus</span> <span class='ocrx_word' id='word_1_447' title='bbox 3247 1745 3537 1802; x_wconf 86' lang='lat' dir='ltr'>declarat:</span> <span class='ocrx_word' id='word_1_448' title='bbox 3571 1769 3600 1796; x_wconf 88' lang='grc'>‹‹</span> <span class='ocrx_word' id='word_1_449' title='bbox 3625 1747 3870 1819; x_wconf 76' lang='lat' dir='ltr'>&#39;Myste-</span> 
     </span>
    </p>
   </div>
   <div class='ocr_carea' id='block_1_64' title="bbox 2221 1833 3871 1907">
    <p class='ocr_par' dir='ltr' id='par_1_64' title="bbox 2221 1833 3871 1907">
     <span class='ocr_line' id='line_1_64' title="bbox 2221 1833 3871 1907; baseline 0.001 -17"><span class='ocrx_word' id='word_1_450' title='bbox 2221 1834 2394 1902; x_wconf 88' lang='lat' dir='ltr'>rium,</span> <span class='ocrx_word' id='word_1_451' title='bbox 2411 1835 2726 1906; x_wconf 86' lang='lat' dir='ltr'>inquitjam</span> <span class='ocrx_word' id='word_1_452' title='bbox 2742 1838 3017 1906; x_wconf 89' lang='lat' dir='ltr'>operatur</span> <span class='ocrx_word' id='word_1_453' title='bbox 3030 1833 3359 1906; x_wconf 88' lang='lat' dir='ltr'>iniquitatis</span> <span class='ocrx_word' id='word_1_454' title='bbox 3376 1853 3426 1890; x_wconf 87' lang='lat'>:»</span> <span class='ocrx_word' id='word_1_455' title='bbox 3447 1839 3502 1889; x_wconf 89' lang='lat' dir='ltr'>et</span> <span class='ocrx_word' id='word_1_456' title='bbox 3517 1839 3871 1907; x_wconf 80' lang='lat' dir='ltr'>postpauca:</span> 
     </span>
    </p>
   </div>
   <div class='ocr_carea' id='block_1_65' title="bbox 2221 1923 3872 1994">
    <p class='ocr_par' dir='ltr' id='par_1_65' title="bbox 2221 1923 3872 1994">
     <span class='ocr_line' id='line_1_65' title="bbox 2221 1923 3872 1994; baseline -0.001 -19"><span class='ocrx_word' id='word_1_457' title='bbox 2221 1947 2249 1975; x_wconf 87' lang='lat'><strong>«</strong></span> <span class='ocrx_word' id='word_1_458' title='bbox 2284 1925 2352 1979; x_wconf 89' lang='lat' dir='ltr'>Et</span> <span class='ocrx_word' id='word_1_459' title='bbox 2381 1929 2520 1979; x_wconf 90' lang='lat' dir='ltr'>tunc</span> <span class='ocrx_word' id='word_1_460' title='bbox 2557 1923 2906 1979; x_wconf 87' lang='lat' dir='ltr'>revelabitur</span> <span class='ocrx_word' id='word_1_461' title='bbox 2934 1923 3030 1980; x_wconf 88' lang='lat' dir='ltr'>ille</span> <span class='ocrx_word' id='word_1_462' title='bbox 3063 1923 3303 1994; x_wconf 90' lang='lat' dir='ltr'>iniquus</span> <span class='ocrx_word' id='word_1_463' title='bbox 3335 1925 3406 1992; x_wconf 85' lang='lat' dir='ltr'>(II</span> <span class='ocrx_word' id='word_1_464' title='bbox 3435 1926 3600 1979; x_wconf 64' lang='lat' dir='ltr'>Thess.</span> <span class='ocrx_word' id='word_1_465' title='bbox 3637 1941 3698 1991; x_wconf 79' lang='grc' dir='ltr'>ιι,</span> <span class='ocrx_word' id='word_1_466' title='bbox 3725 1926 3808 1992; x_wconf 88' lang='lat'>7),</span> <span class='ocrx_word' id='word_1_467' title='bbox 3840 1948 3872 1974; x_wconf 68' lang='grc' dir='ltr'>υ</span> 
     </span>
    </p>
   </div>
   <div class='ocr_carea' id='block_1_66' title="bbox 2219 2011 3862 2085">
    <p class='ocr_par' dir='ltr' id='par_1_66' title="bbox 2219 2011 3862 2085">
     <span class='ocr_line' id='line_1_66' title="bbox 2219 2011 3862 2085; baseline -0.001 -17"><span class='ocrx_word' id='word_1_468' title='bbox 2219 2013 2584 2085; x_wconf 86' lang='lat' dir='ltr'>quidenique</span> <span class='ocrx_word' id='word_1_469' title='bbox 2598 2012 2681 2066; x_wconf 90' lang='lat' dir='ltr'>sic</span> <span class='ocrx_word' id='word_1_470' title='bbox 2695 2015 2784 2066; x_wconf 90' lang='lat' dir='ltr'>est</span> <span class='ocrx_word' id='word_1_471' title='bbox 2812 2011 3108 2068; x_wconf 87' lang='lat' dir='ltr'>homicida</span> <span class='ocrx_word' id='word_1_472' title='bbox 3133 2012 3287 2067; x_wconf 90' lang='lat' dir='ltr'>utsit</span> <span class='ocrx_word' id='word_1_473' title='bbox 3317 2013 3484 2067; x_wconf 87' lang='lat' dir='ltr'>etiam</span> <span class='ocrx_word' id='word_1_474' title='bbox 3501 2012 3622 2084; x_wconf 90' lang='lat' dir='ltr'>ipsa</span> <span class='ocrx_word' id='word_1_475' title='bbox 3653 2029 3862 2081; x_wconf 85' lang='lat' dir='ltr'>mors;</span> 
     </span>
    </p>
   </div>
   <div class='ocr_carea' id='block_1_67' title="bbox 2219 2100 3871 2174">
    <p class='ocr_par' dir='ltr' id='par_1_67' title="bbox 2219 2100 3871 2174">
     <span class='ocr_line' id='line_1_67' title="bbox 2219 2100 3871 2174; baseline -0.001 -16"><span class='ocrx_word' id='word_1_476' title='bbox 2219 2103 2305 2158; x_wconf 90' lang='lat' dir='ltr'>sic</span> <span class='ocrx_word' id='word_1_477' title='bbox 2337 2102 2599 2174; x_wconf 90' lang='lat' dir='ltr'>perditus</span> <span class='ocrx_word' id='word_1_478' title='bbox 2629 2105 2684 2156; x_wconf 90' lang='lat' dir='ltr'>et</span> <span class='ocrx_word' id='word_1_479' title='bbox 2714 2101 2973 2172; x_wconf 86' lang='lat' dir='ltr'>perditor</span> <span class='ocrx_word' id='word_1_480' title='bbox 3031 2108 3091 2156; x_wconf 87' lang='lat' dir='ltr'>ut</span> <span class='ocrx_word' id='word_1_481' title='bbox 3148 2100 3226 2156; x_wconf 91' lang='lat' dir='ltr'>sit</span> <span class='ocrx_word' id='word_1_482' title='bbox 3273 2118 3502 2173; x_wconf 89' lang='lat' dir='ltr'>quoque</span> <span class='ocrx_word' id='word_1_483' title='bbox 3555 2101 3687 2172; x_wconf 89' lang='lat' dir='ltr'>ipsa</span> <span class='ocrx_word' id='word_1_484' title='bbox 3730 2117 3871 2173; x_wconf 83' lang='lat' dir='ltr'>per-</span> 
     </span>
    </p>
   </div>
   <div class='ocr_carea' id='block_1_68' title="bbox 2219 2188 3870 2263">
    <p class='ocr_par' dir='ltr' id='par_1_68' title="bbox 2219 2188 3870 2263">
     <span class='ocr_line' id='line_1_68' title="bbox 2219 2188 3870 2263; baseline -0.001 -17"><span class='ocrx_word' id='word_1_485' title='bbox 2219 2191 2380 2246; x_wconf 88' lang='lat' dir='ltr'>ditio.</span> <span class='ocrx_word' id='word_1_486' title='bbox 2413 2191 2497 2245; x_wconf 88' lang='lat' dir='ltr'>Ab</span> <span class='ocrx_word' id='word_1_487' title='bbox 2533 2191 2638 2245; x_wconf 91' lang='lat' dir='ltr'>hac</span> <span class='ocrx_word' id='word_1_488' title='bbox 2670 2205 2804 2262; x_wconf 87' lang='lat' dir='ltr'>ergo</span> <span class='ocrx_word' id='word_1_489' title='bbox 2827 2188 3134 2263; x_wconf 89' lang='lat' dir='ltr'>iniquitate</span> <span class='ocrx_word' id='word_1_490' title='bbox 3156 2206 3222 2244; x_wconf 87' lang='lat' dir='ltr'>ex</span> <span class='ocrx_word' id='word_1_491' title='bbox 3240 2193 3360 2245; x_wconf 91' lang='lat' dir='ltr'>toto</span> <span class='ocrx_word' id='word_1_492' title='bbox 3385 2189 3754 2262; x_wconf 84' lang='lat' dir='ltr'>arrepti,jam</span> <span class='ocrx_word' id='word_1_493' title='bbox 3778 2191 3870 2246; x_wconf 81' lang='lat' dir='ltr'>si-</span> 
     </span>
    </p>
   </div>
   <div class='ocr_carea' id='block_1_69' title="bbox 2217 2276 3866 2350">
    <p class='ocr_par' dir='ltr' id='par_1_69' title="bbox 2217 2276 3866 2350">
     <span class='ocr_line' id='line_1_69' title="bbox 2217 2276 3866 2350; baseline -0.001 -15"><span class='ocrx_word' id='word_1_494' title='bbox 2217 2284 2317 2335; x_wconf 92' lang='lat' dir='ltr'>cut</span> <span class='ocrx_word' id='word_1_495' title='bbox 2333 2280 2571 2335; x_wconf 89' lang='lat' dir='ltr'>omnino</span> <span class='ocrx_word' id='word_1_496' title='bbox 2594 2276 2876 2333; x_wconf 90' lang='lat' dir='ltr'>animales</span> <span class='ocrx_word' id='word_1_497' title='bbox 2890 2277 3158 2333; x_wconf 89' lang='lat' dir='ltr'>homines</span> <span class='ocrx_word' id='word_1_498' title='bbox 3173 2295 3285 2333; x_wconf 89' lang='lat' dir='ltr'>non</span> <span class='ocrx_word' id='word_1_499' title='bbox 3302 2278 3627 2350; x_wconf 87' lang='lat' dir='ltr'>percipiunt</span> <span class='ocrx_word' id='word_1_500' title='bbox 3644 2294 3712 2333; x_wconf 88' lang='lat' dir='ltr'>ea</span> <span class='ocrx_word' id='word_1_501' title='bbox 3733 2295 3866 2350; x_wconf 69' lang='lat' dir='ltr'>quae</span> 
     </span>
    </p>
   </div>
   <div class='ocr_carea' id='block_1_70' title="bbox 2217 2365 3866 2440">
    <p class='ocr_par' dir='ltr' id='par_1_70' title="bbox 2217 2365 3866 2440">
     <span class='ocr_line' id='line_1_70' title="bbox 2217 2365 3866 2440; baseline -0.001 -17"><span class='ocrx_word' id='word_1_502' title='bbox 2217 2373 2357 2423; x_wconf 90' lang='lat' dir='ltr'>sunt</span> <span class='ocrx_word' id='word_1_503' title='bbox 2384 2367 2638 2440; x_wconf 90' lang='lat' dir='ltr'>Spiritus</span> <span class='ocrx_word' id='word_1_504' title='bbox 2670 2367 2765 2422; x_wconf 89' lang='lat' dir='ltr'>Dei</span> <span class='ocrx_word' id='word_1_505' title='bbox 2799 2368 2847 2438; x_wconf 88' lang='grc' dir='ltr'>(Ι</span> <span class='ocrx_word' id='word_1_506' title='bbox 2875 2367 2995 2422; x_wconf 83' lang='lat' dir='ltr'>Cor.</span> <span class='ocrx_word' id='word_1_507' title='bbox 3033 2385 3093 2434; x_wconf 80' lang='grc' dir='ltr'>ιι,</span> <span class='ocrx_word' id='word_1_508' title='bbox 3129 2368 3234 2434; x_wconf 79' lang='grc'>14).</span> <span class='ocrx_word' id='word_1_509' title='bbox 3268 2365 3526 2422; x_wconf 89' lang='lat' dir='ltr'>Stultitia</span> <span class='ocrx_word' id='word_1_510' title='bbox 3573 2371 3663 2422; x_wconf 88' lang='lat' dir='ltr'>est</span> <span class='ocrx_word' id='word_1_511' title='bbox 3701 2367 3866 2422; x_wconf 88' lang='lat' dir='ltr'>enim</span> 
     </span>
    </p>
   </div>
   <div class='ocr_carea' id='block_1_71' title="bbox 2217 2454 3868 2528">
    <p class='ocr_par' dir='ltr' id='par_1_71' title="bbox 2217 2454 3868 2528">
     <span class='ocr_line' id='line_1_71' title="bbox 2217 2454 3868 2528; baseline -0.001 -17"><span class='ocrx_word' id='word_1_512' title='bbox 2217 2455 2352 2526; x_wconf 91' lang='lat' dir='ltr'>illis,</span> <span class='ocrx_word' id='word_1_513' title='bbox 2386 2460 2442 2511; x_wconf 90' lang='lat' dir='ltr'>et</span> <span class='ocrx_word' id='word_1_514' title='bbox 2471 2472 2588 2511; x_wconf 92' lang='lat' dir='ltr'>non</span> <span class='ocrx_word' id='word_1_515' title='bbox 2638 2460 2885 2527; x_wconf 91' lang='lat' dir='ltr'>possunt</span> <span class='ocrx_word' id='word_1_516' title='bbox 2932 2454 3254 2528; x_wconf 83' lang='lat' dir='ltr'>intelligere</span> <span class='ocrx_word' id='word_1_517' title='bbox 3303 2471 3430 2526; x_wconf 68' lang='lat' dir='ltr'>quas</span> <span class='ocrx_word' id='word_1_518' title='bbox 3475 2454 3868 2528; x_wconf 84' lang='lat' dir='ltr'>spiritualiter</span> 
     </span>
    </p>
   </div>
   <div class='ocr_carea' id='block_1_72' title="bbox 2215 2543 3863 2616">
    <p class='ocr_par' dir='ltr' id='par_1_72' title="bbox 2215 2543 3863 2616">
     <span class='ocr_line' id='line_1_72' title="bbox 2215 2543 3863 2616; baseline -0.001 -16"><span class='ocrx_word' id='word_1_519' title='bbox 2215 2545 2640 2601; x_wconf 85' lang='lat' dir='ltr'>examinantur.</span> <span class='ocrx_word' id='word_1_520' title='bbox 2675 2544 2870 2610; x_wconf 82' lang='lat' dir='ltr'>Porro,</span> <span class='ocrx_word' id='word_1_521' title='bbox 2904 2548 2968 2599; x_wconf 92' lang='lat' dir='ltr'>ut</span> <span class='ocrx_word' id='word_1_522' title='bbox 2990 2544 3143 2600; x_wconf 91' lang='lat' dir='ltr'>idem</span> <span class='ocrx_word' id='word_1_523' title='bbox 3175 2543 3490 2616; x_wconf 83' lang='lat' dir='ltr'>Apostolus</span> <span class='ocrx_word' id='word_1_524' title='bbox 3512 2544 3823 2616; x_wconf 85' lang='lat' dir='ltr'>subjungit</span> <span class='ocrx_word' id='word_1_525' title='bbox 3851 2563 3863 2599; x_wconf 93' lang='lat'>:</span> 
     </span>
    </p>
   </div>
   <div class='ocr_carea' id='block_1_73' title="bbox 2219 2632 3863 2705">
    <p class='ocr_par' dir='ltr' id='par_1_73' title="bbox 2219 2632 3863 2705">
     <span class='ocr_line' id='line_1_73' title="bbox 2219 2632 3863 2705; baseline 0.002 -20"><span class='ocrx_word' id='word_1_526' title='bbox 2219 2655 2241 2685; x_wconf 78' lang='grc' dir='ltr'>ι</span> <span class='ocrx_word' id='word_1_527' title='bbox 2274 2632 2608 2705; x_wconf 89' lang='lat' dir='ltr'>Spiritualis</span> <span class='ocrx_word' id='word_1_528' title='bbox 2639 2637 2833 2688; x_wconf 90' lang='lat' dir='ltr'>autem</span> <span class='ocrx_word' id='word_1_529' title='bbox 2850 2633 3077 2704; x_wconf 89' lang='lat' dir='ltr'>judicat</span> <span class='ocrx_word' id='word_1_530' title='bbox 3097 2632 3315 2700; x_wconf 89' lang='lat' dir='ltr'>omnia,</span> <span class='ocrx_word' id='word_1_531' title='bbox 3337 2637 3395 2689; x_wconf 89' lang='lat' dir='ltr'>et</span> <span class='ocrx_word' id='word_1_532' title='bbox 3417 2633 3544 2705; x_wconf 84' lang='lat' dir='ltr'>ipse</span> <span class='ocrx_word' id='word_1_533' title='bbox 3563 2649 3600 2688; x_wconf 88' lang='lat' dir='ltr'>a</span> <span class='ocrx_word' id='word_1_534' title='bbox 3623 2633 3863 2688; x_wconf 86' lang='lat' dir='ltr'>nemine</span> 
     </span>
    </p>
   </div>
   <div class='ocr_carea' id='block_1_74' title="bbox 2204 2721 3865 2794">
    <p class='ocr_par' dir='ltr' id='par_1_74' title="bbox 2204 2721 3865 2794">
     <span class='ocr_line' id='line_1_74' title="bbox 2204 2721 3865 2794; baseline -0.001 -16"><span class='ocrx_word' id='word_1_535' title='bbox 2204 2723 2529 2794; x_wconf 87' lang='lat' dir='ltr'>judicatur.</span> <span class='ocrx_word' id='word_1_536' title='bbox 2547 2721 2686 2787; x_wconf 91' lang='lat' dir='ltr'>Quis</span> <span class='ocrx_word' id='word_1_537' title='bbox 2705 2722 2860 2777; x_wconf 90' lang='lat' dir='ltr'>enim</span> <span class='ocrx_word' id='word_1_538' title='bbox 2885 2722 3153 2792; x_wconf 86' lang='lat' dir='ltr'>cognovit</span> <span class='ocrx_word' id='word_1_539' title='bbox 3173 2738 3413 2777; x_wconf 89' lang='lat' dir='ltr'>sensum</span> <span class='ocrx_word' id='word_1_540' title='bbox 3440 2721 3865 2792; x_wconf 86' lang='lat' dir='ltr'>Domini?quis</span> 
     </span>
    </p>
   </div>
   <div class='ocr_carea' id='block_1_75' title="bbox 2212 2809 3862 2866">
    <p class='ocr_par' dir='ltr' id='par_1_75' title="bbox 2212 2809 3862 2866">
     <span class='ocr_line' id='line_1_75' title="bbox 2212 2809 3862 2866; baseline -0.001 -1"><span class='ocrx_word' id='word_1_541' title='bbox 2212 2811 2462 2866; x_wconf 86' lang='lat' dir='ltr'>instruet</span> <span class='ocrx_word' id='word_1_542' title='bbox 2489 2826 2622 2864; x_wconf 91' lang='lat' dir='ltr'>eum</span> <span class='ocrx_word' id='word_1_543' title='bbox 2648 2813 2670 2864; x_wconf 78' lang='grc' dir='ltr'>ξ’</span> <span class='ocrx_word' id='word_1_544' title='bbox 2701 2825 2806 2865; x_wconf 89' lang='lat' dir='ltr'>nos</span> <span class='ocrx_word' id='word_1_545' title='bbox 2838 2812 3031 2864; x_wconf 88' lang='lat' dir='ltr'>autem</span> <span class='ocrx_word' id='word_1_546' title='bbox 3065 2825 3304 2865; x_wconf 90' lang='lat' dir='ltr'>sensum</span> <span class='ocrx_word' id='word_1_547' title='bbox 3331 2809 3546 2865; x_wconf 87' lang='lat' dir='ltr'>Christi</span> <span class='ocrx_word' id='word_1_548' title='bbox 3565 2809 3862 2864; x_wconf 88' lang='lat' dir='ltr'>habemus</span> 
     </span>
    </p>
   </div>
   <div class='ocr_carea' id='block_1_76' title="bbox 2211 2898 3862 2976">
    <p class='ocr_par' dir='ltr' id='par_1_76' title="bbox 2211 2898 3862 2976">
     <span class='ocr_line' id='line_1_76' title="bbox 2211 2898 3862 2976; baseline -0.001 -21"><span class='ocrx_word' id='word_1_549' title='bbox 2211 2901 2258 2970; x_wconf 94' lang='lat' dir='ltr'>(l</span> <span class='ocrx_word' id='word_1_550' title='bbox 2288 2899 2408 2955; x_wconf 84' lang='lat' dir='ltr'>Cor.</span> <span class='ocrx_word' id='word_1_551' title='bbox 2444 2916 2508 2976; x_wconf 44' lang='grc' dir='ltr'>ιιι</span> <span class='ocrx_word' id='word_1_552' title='bbox 2541 2900 2625 2965; x_wconf 88' lang='grc'>15,</span> <span class='ocrx_word' id='word_1_553' title='bbox 2658 2898 2764 2969; x_wconf 76' lang='grc'>46).</span> <span class='ocrx_word' id='word_1_554' title='bbox 2804 2921 2831 2947; x_wconf 94' lang='grc'><strong>››</strong></span> <span class='ocrx_word' id='word_1_555' title='bbox 2862 2898 3007 2953; x_wconf 89' lang='lat' dir='ltr'>Nam</span> <span class='ocrx_word' id='word_1_556' title='bbox 3041 2898 3192 2954; x_wconf 90' lang='lat' dir='ltr'>sicut</span> <span class='ocrx_word' id='word_1_557' title='bbox 3211 2898 3384 2970; x_wconf 90' lang='lat' dir='ltr'>paulo</span> <span class='ocrx_word' id='word_1_558' title='bbox 3407 2899 3684 2970; x_wconf 85' lang='lat' dir='ltr'>superius</span> <span class='ocrx_word' id='word_1_559' title='bbox 3716 2915 3862 2970; x_wconf 70' lang='lat' dir='ltr'>prae-</span> 
     </span>
    </p>
   </div>
   <div class='ocr_carea' id='block_1_77' title="bbox 2211 2971 3858 3059">
    <p class='ocr_par' dir='ltr' id='par_1_77' title="bbox 2211 2971 3858 3059">
     <span class='ocr_line' id='line_1_77' title="bbox 2211 2971 3858 3059; baseline 0.001 -17"><span class='ocrx_word' id='word_1_560' title='bbox 2211 2988 2464 3044; x_wconf 90' lang='lat' dir='ltr'>mittitur</span> <span class='ocrx_word' id='word_1_561' title='bbox 2484 2971 2549 3042; x_wconf 58' lang='grc' dir='ltr'>ῗα</span> <span class='ocrx_word' id='word_1_562' title='bbox 2572 2987 2750 3043; x_wconf 91' lang='lat' dir='ltr'>Nobis</span> <span class='ocrx_word' id='word_1_563' title='bbox 2772 2985 3044 3042; x_wconf 87' lang='lat' dir='ltr'>revelavit</span> <span class='ocrx_word' id='word_1_564' title='bbox 3065 2987 3218 3042; x_wconf 89' lang='lat' dir='ltr'>Deus</span> <span class='ocrx_word' id='word_1_565' title='bbox 3236 3002 3337 3058; x_wconf 91' lang='lat' dir='ltr'>per</span> <span class='ocrx_word' id='word_1_566' title='bbox 3352 2986 3639 3059; x_wconf 89' lang='lat' dir='ltr'>Spiritum</span> <span class='ocrx_word' id='word_1_567' title='bbox 3655 3003 3858 3043; x_wconf 86' lang='lat' dir='ltr'>suum.</span> 
     </span>
    </p>
   </div>
   <div class='ocr_carea' id='block_1_78' title="bbox 2208 3075 3858 3149">
    <p class='ocr_par' dir='ltr' id='par_1_78' title="bbox 2208 3075 3858 3149">
     <span class='ocr_line' id='line_1_78' title="bbox 2208 3075 3858 3149; baseline -0.002 -16"><span class='ocrx_word' id='word_1_568' title='bbox 2208 3077 2461 3149; x_wconf 88' lang='lat' dir='ltr'>Spiritus</span> <span class='ocrx_word' id='word_1_569' title='bbox 2508 3075 2664 3131; x_wconf 90' lang='lat' dir='ltr'>enim</span> <span class='ocrx_word' id='word_1_570' title='bbox 2715 3077 2912 3131; x_wconf 89' lang='lat' dir='ltr'>omnia</span> <span class='ocrx_word' id='word_1_571' title='bbox 2963 3076 3506 3143; x_wconf 85' lang='lat' dir='ltr'>scrutatur,etiam</span> <span class='ocrx_word' id='word_1_572' title='bbox 3563 3076 3858 3148; x_wconf 83' lang='lat' dir='ltr'>profunda</span> 
     </span>
    </p>
   </div>
   <div class='ocr_carea' id='block_1_79' title="bbox 2212 3163 3853 3235">
    <p class='ocr_par' dir='ltr' id='par_1_79' title="bbox 2212 3163 3853 3235">
     <span class='ocr_line' id='line_1_79' title="bbox 2212 3163 3853 3235; baseline -0.001 -14"><span class='ocrx_word' id='word_1_573' title='bbox 2212 3166 2328 3221; x_wconf 90' lang='lat' dir='ltr'>Dei.</span> <span class='ocrx_word' id='word_1_574' title='bbox 2364 3165 2504 3230; x_wconf 91' lang='lat' dir='ltr'>Quis</span> <span class='ocrx_word' id='word_1_575' title='bbox 2530 3165 2686 3219; x_wconf 89' lang='lat' dir='ltr'>enim</span> <span class='ocrx_word' id='word_1_576' title='bbox 2718 3163 3024 3219; x_wconf 89' lang='lat' dir='ltr'>hominum</span> <span class='ocrx_word' id='word_1_577' title='bbox 3058 3164 3168 3220; x_wconf 90' lang='lat' dir='ltr'>scit</span> <span class='ocrx_word' id='word_1_578' title='bbox 3209 3181 3336 3235; x_wconf 59' lang='lat' dir='ltr'>qua</span> <span class='ocrx_word' id='word_1_579' title='bbox 3385 3168 3525 3220; x_wconf 88' lang='lat' dir='ltr'>sunt</span> <span class='ocrx_word' id='word_1_580' title='bbox 3567 3163 3853 3230; x_wconf 88' lang='lat' dir='ltr'>hominis,</span> 
     </span>
    </p>
   </div>
   <div class='ocr_carea' id='block_1_80' title="bbox 2126 3230 3851 3326">
    <p class='ocr_par' dir='ltr' id='par_1_80' title="bbox 2126 3230 3851 3326">
     <span class='ocr_line' id='line_1_80' title="bbox 2126 3230 3851 3326; baseline -0.002 -16"><span class='ocrx_word' id='word_1_581' title='bbox 2126 3230 2168 3296; x_wconf 78' lang='lat' dir='ltr'>C</span> <span class='ocrx_word' id='word_1_582' title='bbox 2208 3254 2321 3310; x_wconf 92' lang='lat' dir='ltr'>nisi</span> <span class='ocrx_word' id='word_1_583' title='bbox 2353 3253 2595 3325; x_wconf 90' lang='lat' dir='ltr'>spiritus</span> <span class='ocrx_word' id='word_1_584' title='bbox 2624 3252 2900 3320; x_wconf 90' lang='lat' dir='ltr'>hominis,</span> <span class='ocrx_word' id='word_1_585' title='bbox 2934 3253 3035 3326; x_wconf 91' lang='lat' dir='ltr'>qui</span> <span class='ocrx_word' id='word_1_586' title='bbox 3063 3253 3123 3308; x_wconf 92' lang='lat' dir='ltr'>in</span> <span class='ocrx_word' id='word_1_587' title='bbox 3167 3230 3294 3325; x_wconf 75' lang='lat' dir='ltr'>ipso</span> <span class='ocrx_word' id='word_1_588' title='bbox 3341 3252 3471 3309; x_wconf 80' lang='lat' dir='ltr'>est?</span> <span class='ocrx_word' id='word_1_589' title='bbox 3513 3252 3599 3307; x_wconf 86' lang='lat' dir='ltr'>ita</span> <span class='ocrx_word' id='word_1_590' title='bbox 3633 3257 3692 3307; x_wconf 90' lang='lat' dir='ltr'>et</span> <span class='ocrx_word' id='word_1_591' title='bbox 3723 3269 3851 3324; x_wconf 75' lang='lat' dir='ltr'>quas</span> 
     </span>
    </p>
   </div>
   <div class='ocr_carea' id='block_1_81' title="bbox 2204 3340 3848 3414">
    <p class='ocr_par' dir='ltr' id='par_1_81' title="bbox 2204 3340 3848 3414">
     <span class='ocr_line' id='line_1_81' title="bbox 2204 3340 3848 3414; baseline -0.001 -16"><span class='ocrx_word' id='word_1_592' title='bbox 2204 3342 2306 3398; x_wconf 91' lang='lat' dir='ltr'>Dei</span> <span class='ocrx_word' id='word_1_593' title='bbox 2336 3345 2494 3408; x_wconf 88' lang='lat' dir='ltr'>sunt,</span> <span class='ocrx_word' id='word_1_594' title='bbox 2527 3357 2696 3397; x_wconf 91' lang='lat' dir='ltr'>nemo</span> <span class='ocrx_word' id='word_1_595' title='bbox 2727 3341 3014 3414; x_wconf 86' lang='lat' dir='ltr'>cognovit,</span> <span class='ocrx_word' id='word_1_596' title='bbox 3049 3340 3162 3396; x_wconf 91' lang='lat' dir='ltr'>nisi</span> <span class='ocrx_word' id='word_1_597' title='bbox 3190 3341 3440 3414; x_wconf 90' lang='lat' dir='ltr'>Spiritus</span> <span class='ocrx_word' id='word_1_598' title='bbox 3457 3340 3581 3396; x_wconf 90' lang='lat' dir='ltr'>Dei.</span> <span class='ocrx_word' id='word_1_599' title='bbox 3605 3341 3727 3396; x_wconf 87' lang='lat' dir='ltr'>Nos</span> <span class='ocrx_word' id='word_1_600' title='bbox 3751 3358 3848 3396; x_wconf 87' lang='lat' dir='ltr'>au-</span> 
     </span>
    </p>
   </div>
   <div class='ocr_carea' id='block_1_82' title="bbox 2203 3429 3844 3503">
    <p class='ocr_par' dir='ltr' id='par_1_82' title="bbox 2203 3429 3844 3503">
     <span class='ocr_line' id='line_1_82' title="bbox 2203 3429 3844 3503; baseline -0.001 -17"><span class='ocrx_word' id='word_1_601' title='bbox 2203 3437 2319 3488; x_wconf 89' lang='lat' dir='ltr'>tem</span> <span class='ocrx_word' id='word_1_602' title='bbox 2352 3448 2467 3486; x_wconf 90' lang='lat' dir='ltr'>non</span> <span class='ocrx_word' id='word_1_603' title='bbox 2500 3430 2776 3503; x_wconf 89' lang='lat' dir='ltr'>spiritum</span> <span class='ocrx_word' id='word_1_604' title='bbox 2806 3429 3013 3485; x_wconf 90' lang='lat' dir='ltr'>mundi</span> <span class='ocrx_word' id='word_1_605' title='bbox 3044 3430 3400 3503; x_wconf 88' lang='lat' dir='ltr'>accepimus,</span> <span class='ocrx_word' id='word_1_606' title='bbox 3431 3429 3531 3485; x_wconf 90' lang='lat' dir='ltr'>sed</span> <span class='ocrx_word' id='word_1_607' title='bbox 3555 3430 3844 3501; x_wconf 88' lang='lat' dir='ltr'>Spiritum</span> 
     </span>
    </p>
   </div>
   <div class='ocr_carea' id='block_1_83' title="bbox 2203 3519 3845 3592">
    <p class='ocr_par' dir='ltr' id='par_1_83' title="bbox 2203 3519 3845 3592">
     <span class='ocr_line' id='line_1_83' title="bbox 2203 3519 3845 3592; baseline -0.001 -18"><span class='ocrx_word' id='word_1_608' title='bbox 2203 3520 2304 3592; x_wconf 89' lang='lat' dir='ltr'>qui</span> <span class='ocrx_word' id='word_1_609' title='bbox 2334 3536 2402 3575; x_wconf 85' lang='lat' dir='ltr'>ex</span> <span class='ocrx_word' id='word_1_610' title='bbox 2430 3519 2546 3574; x_wconf 93' lang='lat' dir='ltr'>Deo</span> <span class='ocrx_word' id='word_1_611' title='bbox 2577 3523 2685 3586; x_wconf 90' lang='lat' dir='ltr'>est,</span> <span class='ocrx_word' id='word_1_612' title='bbox 2716 3522 2782 3573; x_wconf 89' lang='lat' dir='ltr'>ut</span> <span class='ocrx_word' id='word_1_613' title='bbox 2809 3519 3067 3574; x_wconf 89' lang='lat' dir='ltr'>sciamus</span> <span class='ocrx_word' id='word_1_614' title='bbox 3097 3535 3224 3591; x_wconf 69' lang='lat' dir='ltr'>quae</span> <span class='ocrx_word' id='word_1_615' title='bbox 3254 3536 3289 3574; x_wconf 92' lang='lat' dir='ltr'>a</span> <span class='ocrx_word' id='word_1_616' title='bbox 3309 3519 3424 3574; x_wconf 90' lang='lat' dir='ltr'>Deo</span> <span class='ocrx_word' id='word_1_617' title='bbox 3455 3519 3672 3574; x_wconf 90' lang='lat' dir='ltr'>donata</span> <span class='ocrx_word' id='word_1_618' title='bbox 3702 3525 3845 3573; x_wconf 88' lang='lat' dir='ltr'>sunt</span> 
     </span>
    </p>
   </div>
   <div class='ocr_carea' id='block_1_84' title="bbox 2201 3607 3846 3680">
    <p class='ocr_par' dir='ltr' id='par_1_84' title="bbox 2201 3607 3846 3680">
     <span class='ocr_line' id='line_1_84' title="bbox 2201 3607 3846 3680; baseline -0.002 -16"><span class='ocrx_word' id='word_1_619' title='bbox 2201 3609 2404 3664; x_wconf 89' lang='lat' dir='ltr'>nobis:</span> <span class='ocrx_word' id='word_1_620' title='bbox 2439 3625 2565 3680; x_wconf 75' lang='lat' dir='ltr'>quae</span> <span class='ocrx_word' id='word_1_621' title='bbox 2593 3611 2650 3661; x_wconf 89' lang='lat' dir='ltr'>et</span> <span class='ocrx_word' id='word_1_622' title='bbox 2681 3607 2982 3679; x_wconf 90' lang='lat' dir='ltr'>loquimur</span> <span class='ocrx_word' id='word_1_623' title='bbox 3010 3623 3124 3662; x_wconf 90' lang='lat' dir='ltr'>non</span> <span class='ocrx_word' id='word_1_624' title='bbox 3157 3607 3216 3662; x_wconf 89' lang='lat' dir='ltr'>in</span> <span class='ocrx_word' id='word_1_625' title='bbox 3247 3607 3434 3664; x_wconf 87' lang='lat' dir='ltr'>doctis</span> <span class='ocrx_word' id='word_1_626' title='bbox 3456 3607 3725 3662; x_wconf 65' lang='lat' dir='ltr'>humane</span> <span class='ocrx_word' id='word_1_627' title='bbox 3754 3623 3846 3662; x_wconf 87' lang='lat' dir='ltr'>sa-</span> 
     </span>
    </p>
   </div>
   <div class='ocr_carea' id='block_1_85' title="bbox 2203 3693 3843 3770">
    <p class='ocr_par' dir='ltr' id='par_1_85' title="bbox 2203 3693 3843 3770">
     <span class='ocr_line' id='line_1_85' title="bbox 2203 3693 3843 3770; baseline -0.002 -18"><span class='ocrx_word' id='word_1_628' title='bbox 2203 3697 2434 3770; x_wconf 73' lang='lat' dir='ltr'>pientiae</span> <span class='ocrx_word' id='word_1_629' title='bbox 2446 3696 2656 3763; x_wconf 89' lang='lat' dir='ltr'>verbis,</span> <span class='ocrx_word' id='word_1_630' title='bbox 2673 3695 2774 3750; x_wconf 91' lang='lat' dir='ltr'>sed</span> <span class='ocrx_word' id='word_1_631' title='bbox 2789 3695 2858 3750; x_wconf 87' lang='lat' dir='ltr'>in‘</span> <span class='ocrx_word' id='word_1_632' title='bbox 2870 3695 3134 3751; x_wconf 90' lang='lat' dir='ltr'>doctrina</span> <span class='ocrx_word' id='word_1_633' title='bbox 3145 3695 3418 3767; x_wconf 87' lang='lat' dir='ltr'>Spiritus,</span> <span class='ocrx_word' id='word_1_634' title='bbox 3432 3693 3843 3768; x_wconf 86' lang='lat' dir='ltr'>spiritualibus</span> 
     </span>
    </p>
   </div>
   <div class='ocr_carea' id='block_1_86' title="bbox 2201 3781 3844 3857">
    <p class='ocr_par' dir='ltr' id='par_1_86' title="bbox 2201 3781 3844 3857">
     <span class='ocr_line' id='line_1_86' title="bbox 2201 3781 3844 3857; baseline -0.004 -16"><span class='ocrx_word' id='word_1_635' title='bbox 2201 3783 2533 3857; x_wconf 88' lang='lat' dir='ltr'>spiritualia</span> <span class='ocrx_word' id='word_1_636' title='bbox 2562 3787 2988 3855; x_wconf 84' lang='lat' dir='ltr'>comparantes.</span> <span class='ocrx_word' id='word_1_637' title='bbox 3024 3783 3202 3855; x_wconf 83' lang='lat' dir='ltr'>(Ibid.,</span> <span class='ocrx_word' id='word_1_638' title='bbox 3234 3782 3357 3838; x_wconf 70' lang='lat'>40-4</span> <span class='ocrx_word' id='word_1_639' title='bbox 3369 3783 3445 3854; x_wconf 91' lang='lat'>3).</span> <span class='ocrx_word' id='word_1_640' title='bbox 3474 3804 3502 3831; x_wconf 85' lang='lat'>»</span> <span class='ocrx_word' id='word_1_641' title='bbox 3525 3785 3606 3836; x_wconf 77' lang='lat' dir='ltr'>Ex</span> <span class='ocrx_word' id='word_1_642' title='bbox 3625 3781 3844 3853; x_wconf 88' lang='lat' dir='ltr'>quibus</span> 
     </span>
    </p>
   </div>
   <div class='ocr_carea' id='block_1_87' title="bbox 2199 3871 3844 3946">
    <p class='ocr_par' dir='ltr' id='par_1_87' title="bbox 2199 3871 3844 3946">
     <span class='ocr_line' id='line_1_87' title="bbox 2199 3871 3844 3946; baseline -0.002 -17"><span class='ocrx_word' id='word_1_643' title='bbox 2199 3871 2492 3946; x_wconf 84' lang='lat' dir='ltr'>Apostolis</span> <span class='ocrx_word' id='word_1_644' title='bbox 2512 3871 2704 3928; x_wconf 89' lang='lat' dir='ltr'>verbis</span> <span class='ocrx_word' id='word_1_645' title='bbox 2724 3872 2877 3928; x_wconf 90' lang='lat' dir='ltr'>inter</span> <span class='ocrx_word' id='word_1_646' title='bbox 2897 3871 3009 3928; x_wconf 88' lang='lat' dir='ltr'>alia</span> <span class='ocrx_word' id='word_1_647' title='bbox 3027 3871 3172 3927; x_wconf 89' lang='lat' dir='ltr'>illud</span> <span class='ocrx_word' id='word_1_648' title='bbox 3199 3871 3450 3928; x_wconf 82' lang='lat' dir='ltr'>maxime</span> <span class='ocrx_word' id='word_1_649' title='bbox 3470 3871 3844 3927; x_wconf 86' lang='lat' dir='ltr'>consideran-</span> 
     </span>
    </p>
   </div>
   <div class='ocr_carea' id='block_1_88' title="bbox 2201 3958 3847 4032">
    <p class='ocr_par' dir='ltr' id='par_1_88' title="bbox 2201 3958 3847 4032">
     <span class='ocr_line' id='line_1_88' title="bbox 2201 3958 3847 4032; baseline -0.004 -13"><span class='ocrx_word' id='word_1_650' title='bbox 2201 3963 2342 4019; x_wconf 90' lang='lat' dir='ltr'>dum</span> <span class='ocrx_word' id='word_1_651' title='bbox 2365 3967 2454 4016; x_wconf 90' lang='lat' dir='ltr'>est</span> <span class='ocrx_word' id='word_1_652' title='bbox 2475 3961 2630 4032; x_wconf 91' lang='lat' dir='ltr'>quod</span> <span class='ocrx_word' id='word_1_653' title='bbox 2651 3960 2734 4016; x_wconf 88' lang='lat' dir='ltr'>ait</span> <span class='ocrx_word' id='word_1_654' title='bbox 2753 3979 2772 4015; x_wconf 88' lang='lat'>:</span> <span class='ocrx_word' id='word_1_655' title='bbox 2791 3984 2818 4009; x_wconf 89' lang='grc'>‹‹</span> <span class='ocrx_word' id='word_1_656' title='bbox 2837 3961 2952 4017; x_wconf 90' lang='lat' dir='ltr'>Nos</span> <span class='ocrx_word' id='word_1_657' title='bbox 2977 3977 3092 4016; x_wconf 91' lang='lat' dir='ltr'>non</span> <span class='ocrx_word' id='word_1_658' title='bbox 3106 3959 3378 4032; x_wconf 89' lang='lat' dir='ltr'>spiritum</span> <span class='ocrx_word' id='word_1_659' title='bbox 3397 3959 3605 4015; x_wconf 90' lang='lat' dir='ltr'>mundi</span> <span class='ocrx_word' id='word_1_660' title='bbox 3630 3958 3847 4032; x_wconf 85' lang='lat' dir='ltr'>accepi-</span> 
     </span>
    </p>
   </div>
   <div class='ocr_carea' id='block_1_89' title="bbox 2200 4049 3845 4122">
    <p class='ocr_par' dir='ltr' id='par_1_89' title="bbox 2200 4049 3845 4122">
     <span class='ocr_line' id='line_1_89' title="bbox 2200 4049 3845 4122; baseline -0.002 -16"><span class='ocrx_word' id='word_1_661' title='bbox 2200 4067 2354 4116; x_wconf 89' lang='lat' dir='ltr'>mus,</span> <span class='ocrx_word' id='word_1_662' title='bbox 2380 4050 2478 4106; x_wconf 90' lang='lat' dir='ltr'>sed</span> <span class='ocrx_word' id='word_1_663' title='bbox 2520 4049 2806 4120; x_wconf 88' lang='lat' dir='ltr'>Spiritum</span> <span class='ocrx_word' id='word_1_664' title='bbox 2843 4050 2944 4122; x_wconf 89' lang='lat' dir='ltr'>qui</span> <span class='ocrx_word' id='word_1_665' title='bbox 2984 4066 3052 4105; x_wconf 83' lang='lat' dir='ltr'>ex</span> <span class='ocrx_word' id='word_1_666' title='bbox 3069 4050 3186 4105; x_wconf 93' lang='lat' dir='ltr'>Deo</span> <span class='ocrx_word' id='word_1_667' title='bbox 3208 4053 3315 4105; x_wconf 90' lang='lat' dir='ltr'>est.</span> <span class='ocrx_word' id='word_1_668' title='bbox 3345 4071 3373 4099; x_wconf 88' lang='lat'>»</span> <span class='ocrx_word' id='word_1_669' title='bbox 3393 4049 3653 4121; x_wconf 89' lang='lat' dir='ltr'>Spiritus</span> <span class='ocrx_word' id='word_1_670' title='bbox 3691 4049 3845 4104; x_wconf 88' lang='lat' dir='ltr'>enim</span> 
     </span>
    </p>
   </div>
   <div class='ocr_carea' id='block_1_90' title="bbox 2202 4136 3845 4212">
    <p class='ocr_par' dir='ltr' id='par_1_90' title="bbox 2202 4136 3845 4212">
     <span class='ocr_line' id='line_1_90' title="bbox 2202 4136 3845 4212; baseline -0.003 -16"><span class='ocrx_word' id='word_1_671' title='bbox 2202 4139 2429 4204; x_wconf 91' lang='lat' dir='ltr'>mundi,</span> <span class='ocrx_word' id='word_1_672' title='bbox 2456 4143 2516 4194; x_wconf 94' lang='lat' dir='ltr'>ut</span> <span class='ocrx_word' id='word_1_673' title='bbox 2538 4139 2598 4195; x_wconf 92' lang='lat' dir='ltr'>B.</span> <span class='ocrx_word' id='word_1_674' title='bbox 2622 4138 2877 4194; x_wconf 89' lang='lat' dir='ltr'>Joannes</span> <span class='ocrx_word' id='word_1_675' title='bbox 2890 4136 3164 4195; x_wconf 90' lang='lat' dir='ltr'>scribitin</span> <span class='ocrx_word' id='word_1_676' title='bbox 3189 4137 3444 4212; x_wconf 89' lang='lat' dir='ltr'>maligno</span> <span class='ocrx_word' id='word_1_677' title='bbox 3467 4138 3668 4210; x_wconf 85' lang='lat' dir='ltr'>positi,</span> <span class='ocrx_word' id='word_1_678' title='bbox 3685 4137 3845 4210; x_wconf 80' lang='lat' dir='ltr'>spiri-</span> 
     </span>
    </p>
   </div>
   <div class='ocr_carea' id='block_1_91' title="bbox 2201 4226 3844 4300">
    <p class='ocr_par' dir='ltr' id='par_1_91' title="bbox 2201 4226 3844 4300">
     <span class='ocr_line' id='line_1_91' title="bbox 2201 4226 3844 4300; baseline -0.001 -16"><span class='ocrx_word' id='word_1_679' title='bbox 2201 4232 2300 4284; x_wconf 91' lang='lat' dir='ltr'>tus</span> <span class='ocrx_word' id='word_1_680' title='bbox 2313 4227 2609 4300; x_wconf 86' lang='lat' dir='ltr'>malignus</span> <span class='ocrx_word' id='word_1_681' title='bbox 2622 4231 2726 4295; x_wconf 88' lang='lat' dir='ltr'>est,</span> <span class='ocrx_word' id='word_1_682' title='bbox 2749 4228 2901 4299; x_wconf 90' lang='lat' dir='ltr'>quia</span> <span class='ocrx_word' id='word_1_683' title='bbox 2916 4227 3161 4283; x_wconf 90' lang='lat' dir='ltr'>Domino</span> <span class='ocrx_word' id='word_1_684' title='bbox 3176 4228 3234 4283; x_wconf 90' lang='lat' dir='ltr'>in</span> <span class='ocrx_word' id='word_1_685' title='bbox 3247 4226 3560 4300; x_wconf 88' lang='lat' dir='ltr'>Evangelio</span> <span class='ocrx_word' id='word_1_686' title='bbox 3574 4227 3844 4299; x_wconf 81' lang='lat' dir='ltr'>princeps</span> 
     </span>
    </p>
   </div>
   <div class='ocr_carea' id='block_1_92' title="bbox 2201 4314 3842 4387">
    <p class='ocr_par' dir='ltr' id='par_1_92' title="bbox 2201 4314 3842 4387">
     <span class='ocr_line' id='line_1_92' title="bbox 2201 4314 3842 4387; baseline -0.002 -15"><span class='ocrx_word' id='word_1_687' title='bbox 2201 4317 2688 4383; x_wconf 90' lang='lat' dir='ltr'>mundivocatur,</span> <span class='ocrx_word' id='word_1_688' title='bbox 2721 4316 2876 4371; x_wconf 91' lang='lat' dir='ltr'>sicut</span> <span class='ocrx_word' id='word_1_689' title='bbox 2922 4319 3011 4371; x_wconf 90' lang='lat' dir='ltr'>est</span> <span class='ocrx_word' id='word_1_690' title='bbox 3056 4315 3202 4372; x_wconf 90' lang='lat' dir='ltr'>illud</span> <span class='ocrx_word' id='word_1_691' title='bbox 3232 4333 3244 4371; x_wconf 94' lang='lat'>:</span> <span class='ocrx_word' id='word_1_692' title='bbox 3279 4338 3305 4365; x_wconf 88' lang='lat'><strong>«</strong></span> <span class='ocrx_word' id='word_1_693' title='bbox 3356 4314 3640 4387; x_wconf 88' lang='lat' dir='ltr'>Princeps</span> <span class='ocrx_word' id='word_1_694' title='bbox 3668 4314 3842 4384; x_wconf 88' lang='lat' dir='ltr'>hujus</span> 
     </span>
    </p>
   </div>
   <div class='ocr_carea' id='block_1_93' title="bbox 2203 4403 3839 4476">
    <p class='ocr_par' dir='ltr' id='par_1_93' title="bbox 2203 4403 3839 4476">
     <span class='ocr_line' id='line_1_93' title="bbox 2203 4403 3839 4476; baseline -0.003 -15"><span class='ocrx_word' id='word_1_695' title='bbox 2203 4405 2407 4462; x_wconf 91' lang='lat' dir='ltr'>mundi</span> <span class='ocrx_word' id='word_1_696' title='bbox 2435 4404 2867 4476; x_wconf 89' lang='lat' dir='ltr'>ejicieturforas</span> <span class='ocrx_word' id='word_1_697' title='bbox 2891 4405 3314 4476; x_wconf 82' lang='lat' dir='ltr'>(Joan.xn,3i);</span> <span class='ocrx_word' id='word_1_698' title='bbox 3341 4426 3367 4455; x_wconf 84' lang='grc'><strong>››</strong></span> <span class='ocrx_word' id='word_1_699' title='bbox 3390 4408 3449 4458; x_wconf 89' lang='lat' dir='ltr'>et</span> <span class='ocrx_word' id='word_1_700' title='bbox 3474 4420 3488 4459; x_wconf 90' lang='lat'>:</span> <span class='ocrx_word' id='word_1_701' title='bbox 3516 4426 3546 4452; x_wconf 87' lang='grc'>‹‹</span> <span class='ocrx_word' id='word_1_702' title='bbox 3569 4403 3839 4474; x_wconf 87' lang='lat' dir='ltr'>Princeps</span> 
     </span>
    </p>
   </div>
   <div class='ocr_carea' id='block_1_94' title="bbox 2201 4493 3835 4565">
    <p class='ocr_par' dir='ltr' id='par_1_94' title="bbox 2201 4493 3835 4565">
     <span class='ocr_line' id='line_1_94' title="bbox 2201 4493 3835 4565; baseline -0.003 -15"><span class='ocrx_word' id='word_1_703' title='bbox 2201 4495 2380 4565; x_wconf 85' lang='lat' dir='ltr'>hujus</span> <span class='ocrx_word' id='word_1_704' title='bbox 2413 4493 2941 4564; x_wconf 87' lang='lat' dir='ltr'>mundijudicatus</span> <span class='ocrx_word' id='word_1_705' title='bbox 2996 4497 3086 4549; x_wconf 90' lang='lat' dir='ltr'>est</span> <span class='ocrx_word' id='word_1_706' title='bbox 3142 4494 3317 4564; x_wconf 84' lang='lat' dir='ltr'>(Joan.</span> <span class='ocrx_word' id='word_1_707' title='bbox 3378 4510 3494 4562; x_wconf 73' lang='lat' dir='ltr'>xw,</span> <span class='ocrx_word' id='word_1_708' title='bbox 3533 4493 3660 4563; x_wconf 81' lang='lat' dir='ltr'>ll);</span> <span class='ocrx_word' id='word_1_709' title='bbox 3696 4517 3725 4543; x_wconf 76' lang='grc' dir='ltr'><strong>υ</strong></span> <span class='ocrx_word' id='word_1_710' title='bbox 3754 4495 3835 4546; x_wconf 90' lang='lat' dir='ltr'>et:</span> 
     </span>
    </p>
   </div>
   <div class='ocr_carea' id='block_1_95' title="bbox 444 4578 3835 4660">
    <p class='ocr_par' dir='ltr' id='par_1_95' title="bbox 444 4578 3835 4660">
     <span class='ocr_line' id='line_1_95' title="bbox 444 4578 3835 4660; baseline -0.002 -20"><span class='ocrx_word' id='word_1_711' title='bbox 444 4587 559 4640; x_wconf 84' lang='lat' dir='ltr'>test</span> <span class='ocrx_word' id='word_1_712' title='bbox 586 4583 823 4652; x_wconf 90' lang='lat' dir='ltr'>habere,</span> <span class='ocrx_word' id='word_1_713' title='bbox 853 4582 1133 4655; x_wconf 90' lang='lat' dir='ltr'>quoniam</span> <span class='ocrx_word' id='word_1_714' title='bbox 1166 4582 1357 4637; x_wconf 91' lang='lat' dir='ltr'>bonus</span> <span class='ocrx_word' id='word_1_715' title='bbox 1404 4597 1438 4635; x_wconf 90' lang='lat' dir='ltr'>a</span> <span class='ocrx_word' id='word_1_716' title='bbox 1483 4579 1635 4634; x_wconf 89' lang='lat' dir='ltr'>malo</span> <span class='ocrx_word' id='word_1_717' title='bbox 1680 4578 1900 4634; x_wconf 86' lang='lat' dir='ltr'>bonum</span> <span class='ocrx_word' id='word_1_718' title='bbox 1943 4578 2088 4635; x_wconf 87' lang='lat' dir='ltr'>bene</span> <span class='ocrx_word' id='word_1_719' title='bbox 2120 4595 2167 4660; x_wconf 75' lang='grc' dir='ltr'>Ι)</span> <span class='ocrx_word' id='word_1_720' title='bbox 2203 4605 2232 4634; x_wconf 89' lang='grc'>‹‹</span> <span class='ocrx_word' id='word_1_721' title='bbox 2261 4583 2436 4639; x_wconf 89' lang='lat' dir='ltr'>Venit</span> <span class='ocrx_word' id='word_1_722' title='bbox 2464 4581 2734 4654; x_wconf 89' lang='lat' dir='ltr'>princeps</span> <span class='ocrx_word' id='word_1_723' title='bbox 2764 4582 2944 4652; x_wconf 90' lang='lat' dir='ltr'>hujus</span> <span class='ocrx_word' id='word_1_724' title='bbox 2975 4581 3202 4648; x_wconf 92' lang='lat' dir='ltr'>mundi,</span> <span class='ocrx_word' id='word_1_725' title='bbox 3234 4585 3291 4637; x_wconf 90' lang='lat' dir='ltr'>et</span> <span class='ocrx_word' id='word_1_726' title='bbox 3322 4582 3380 4635; x_wconf 88' lang='lat' dir='ltr'>in</span> <span class='ocrx_word' id='word_1_727' title='bbox 3413 4597 3507 4636; x_wconf 89' lang='lat' dir='ltr'>me</span> <span class='ocrx_word' id='word_1_728' title='bbox 3530 4597 3651 4635; x_wconf 90' lang='lat' dir='ltr'>non</span> <span class='ocrx_word' id='word_1_729' title='bbox 3673 4579 3835 4635; x_wconf 83' lang='lat' dir='ltr'>habet</span> 
     </span>
    </p>
   </div>
   <div class='ocr_carea' id='block_1_96' title="bbox 447 4672 692 4743">
    <p class='ocr_par' dir='ltr' id='par_1_96' title="bbox 447 4672 692 4743">
     <span class='ocr_line' id='line_1_96' title="bbox 447 4672 692 4743; baseline -0.012 -14"><span class='ocrx_word' id='word_1_730' title='bbox 447 4672 692 4743; x_wconf 89' lang='lat' dir='ltr'>accepit.</span> 
     </span>
    </p>
   </div>
   <div class='ocr_carea' id='block_1_97' title="bbox 519 4753 2084 4831">
    <p class='ocr_par' dir='ltr' id='par_1_97' title="bbox 519 4753 2084 4831">
     <span class='ocr_line' id='line_1_97' title="bbox 519 4753 2084 4831; baseline -0.003 -16"><span class='ocrx_word' id='word_1_731' title='bbox 519 4761 826 4816; x_wconf 72' lang='lat' dir='ltr'>Rarunsxo.</span> <span class='ocrx_word' id='word_1_732' title='bbox 847 4761 906 4814; x_wconf 92' lang='lat' dir='ltr'>In</span> <span class='ocrx_word' id='word_1_733' title='bbox 923 4760 1254 4831; x_wconf 88' lang='lat' dir='ltr'>quautique</span> <span class='ocrx_word' id='word_1_734' title='bbox 1268 4755 1573 4820; x_wconf 90' lang='lat' dir='ltr'>sententia,</span> <span class='ocrx_word' id='word_1_735' title='bbox 1590 4755 1723 4827; x_wconf 90' lang='lat' dir='ltr'>quis</span> <span class='ocrx_word' id='word_1_736' title='bbox 1737 4753 2084 4825; x_wconf 90' lang='lat' dir='ltr'>intellectus,</span> 
     </span>
    </p>
   </div>
   <div class='ocr_carea' id='block_1_98' title="bbox 445 4843 2089 4919">
    <p class='ocr_par' dir='ltr' id='par_1_98' title="bbox 445 4843 2089 4919">
     <span class='ocr_line' id='line_1_98' title="bbox 445 4843 2089 4919; baseline -0.002 -17"><span class='ocrx_word' id='word_1_737' title='bbox 445 4847 534 4902; x_wconf 90' lang='lat' dir='ltr'>vel</span> <span class='ocrx_word' id='word_1_738' title='bbox 565 4865 690 4919; x_wconf 60' lang='lat' dir='ltr'>qua</span> <span class='ocrx_word' id='word_1_739' title='bbox 721 4847 968 4902; x_wconf 84' lang='lat' dir='ltr'>rationis</span> <span class='ocrx_word' id='word_1_740' title='bbox 991 4847 1110 4903; x_wconf 91' lang='lat' dir='ltr'>sint</span> <span class='ocrx_word' id='word_1_741' title='bbox 1138 4847 1238 4902; x_wconf 91' lang='lat' dir='ltr'>illa</span> <span class='ocrx_word' id='word_1_742' title='bbox 1258 4845 1503 4901; x_wconf 89' lang='lat' dir='ltr'>inveniri</span> <span class='ocrx_word' id='word_1_743' title='bbox 1531 4843 1766 4915; x_wconf 85' lang='lat' dir='ltr'>potest?</span> <span class='ocrx_word' id='word_1_744' title='bbox 1784 4843 1826 4898; x_wconf 94' lang='grc' dir='ltr'>Ο</span> <span class='ocrx_word' id='word_1_745' title='bbox 1849 4843 2001 4899; x_wconf 92' lang='lat' dir='ltr'>Deus</span> <span class='ocrx_word' id='word_1_746' title='bbox 2033 4847 2089 4898; x_wconf 87' lang='lat' dir='ltr'>et</span> 
     </span>
    </p>
   </div>
   <div class='ocr_carea' id='block_1_99' title="bbox 449 4931 2083 5007">
    <p class='ocr_par' dir='ltr' id='par_1_99' title="bbox 449 4931 2083 5007">
     <span class='ocr_line' id='line_1_99' title="bbox 449 4931 2083 5007; baseline -0.002 -17"><span class='ocrx_word' id='word_1_747' title='bbox 449 4935 688 4990; x_wconf 85' lang='lat' dir='ltr'>Domine</span> <span class='ocrx_word' id='word_1_748' title='bbox 728 4935 982 5007; x_wconf 88' lang='lat' dir='ltr'>Spiritus</span> <span class='ocrx_word' id='word_1_749' title='bbox 1013 4939 1231 5000; x_wconf 89' lang='lat' dir='ltr'>sancte,</span> <span class='ocrx_word' id='word_1_750' title='bbox 1261 4934 1362 5006; x_wconf 91' lang='lat' dir='ltr'>qui</span> <span class='ocrx_word' id='word_1_751' title='bbox 1383 4932 1690 5005; x_wconf 88' lang='lat' dir='ltr'>esjustitia</span> <span class='ocrx_word' id='word_1_752' title='bbox 1709 4931 2083 5004; x_wconf 88' lang='lat' dir='ltr'>sempiterna,</span> 
     </span>
    </p>
   </div>
   <div class='ocr_carea' id='block_1_100' title="bbox 446 5021 2085 5095">
    <p class='ocr_par' dir='ltr' id='par_1_100' title="bbox 446 5021 2085 5095">
     <span class='ocr_line' id='line_1_100' title="bbox 446 5021 2085 5095; baseline -0.003 -14"><span class='ocrx_word' id='word_1_753' title='bbox 446 5024 771 5081; x_wconf 87' lang='lat' dir='ltr'>secundum</span> <span class='ocrx_word' id='word_1_754' title='bbox 832 5024 1138 5095; x_wconf 80' lang='lat' dir='ltr'>perfidiam</span> <span class='ocrx_word' id='word_1_755' title='bbox 1191 5023 1434 5078; x_wconf 90' lang='lat' dir='ltr'>istorum</span> <span class='ocrx_word' id='word_1_756' title='bbox 1485 5021 1918 5093; x_wconf 65' lang='lat' dir='ltr'>pradictorum,</span> <span class='ocrx_word' id='word_1_757' title='bbox 1970 5022 2085 5076; x_wconf 89' lang='lat' dir='ltr'>imo</span> 
     </span>
    </p>
   </div>
   <div class='ocr_carea' id='block_1_101' title="bbox 447 5108 2087 5187">
    <p class='ocr_par' dir='ltr' id='par_1_101' title="bbox 447 5108 2087 5187">
     <span class='ocr_line' id='line_1_101' title="bbox 447 5108 2087 5187; baseline -0.004 -17"><span class='ocrx_word' id='word_1_758' title='bbox 447 5111 828 5187; x_wconf 90' lang='lat' dir='ltr'>perditorum,</span> <span class='ocrx_word' id='word_1_759' title='bbox 863 5112 1081 5182; x_wconf 84' lang='lat' dir='ltr'>injuste</span> <span class='ocrx_word' id='word_1_760' title='bbox 1105 5111 1348 5182; x_wconf 90' lang='lat' dir='ltr'>acquiri,</span> <span class='ocrx_word' id='word_1_761' title='bbox 1373 5111 1592 5181; x_wconf 86' lang='lat' dir='ltr'>injuste</span> <span class='ocrx_word' id='word_1_762' title='bbox 1613 5108 1835 5174; x_wconf 88' lang='lat' dir='ltr'>haberi,</span> <span class='ocrx_word' id='word_1_763' title='bbox 1871 5109 2087 5180; x_wconf 89' lang='lat' dir='ltr'>injuste</span> 
     </span>
    </p>
   </div>
   <div class='ocr_carea' id='block_1_102' title="bbox 444 5197 2084 5273">
    <p class='ocr_par' dir='ltr' id='par_1_102' title="bbox 444 5197 2084 5273">
     <span class='ocr_line' id='line_1_102' title="bbox 444 5197 2084 5273; baseline -0.004 -14"><span class='ocrx_word' id='word_1_764' title='bbox 444 5202 680 5259; x_wconf 89' lang='lat' dir='ltr'>concedi</span> <span class='ocrx_word' id='word_1_765' title='bbox 708 5200 902 5273; x_wconf 89' lang='lat' dir='ltr'>potes!</span> <span class='ocrx_word' id='word_1_766' title='bbox 934 5202 1000 5256; x_wconf 88' lang='lat' dir='ltr'>Et</span> <span class='ocrx_word' id='word_1_767' title='bbox 1029 5200 1128 5255; x_wconf 92' lang='lat' dir='ltr'>ubi</span> <span class='ocrx_word' id='word_1_768' title='bbox 1160 5204 1280 5255; x_wconf 89' lang='lat' dir='ltr'>tam</span> <span class='ocrx_word' id='word_1_769' title='bbox 1303 5197 1536 5270; x_wconf 87' lang='lat' dir='ltr'>justitia</span> <span class='ocrx_word' id='word_1_770' title='bbox 1566 5198 1878 5270; x_wconf 76' lang='lat' dir='ltr'>quaerenda</span> <span class='ocrx_word' id='word_1_771' title='bbox 1897 5202 2003 5267; x_wconf 83' lang='lat' dir='ltr'>est,</span> <span class='ocrx_word' id='word_1_772' title='bbox 2035 5198 2084 5253; x_wconf 91' lang='lat' dir='ltr'>si</span> 
     </span>
    </p>
   </div>
   <div class='ocr_carea' id='block_1_103' title="bbox 435 5286 2082 5364">
    <p class='ocr_par' dir='ltr' id='par_1_103' title="bbox 435 5286 2082 5364">
     <span class='ocr_line' id='line_1_103' title="bbox 435 5286 2082 5364; baseline -0.002 -18"><span class='ocrx_word' id='word_1_773' title='bbox 435 5291 670 5364; x_wconf 89' lang='lat' dir='ltr'>justitia</span> <span class='ocrx_word' id='word_1_774' title='bbox 691 5290 907 5362; x_wconf 87' lang='lat' dir='ltr'>injuste</span> <span class='ocrx_word' id='word_1_775' title='bbox 929 5289 1150 5361; x_wconf 88' lang='lat' dir='ltr'>acquiri</span> <span class='ocrx_word' id='word_1_776' title='bbox 1175 5293 1231 5344; x_wconf 88' lang='lat' dir='ltr'>et</span> <span class='ocrx_word' id='word_1_777' title='bbox 1253 5287 1451 5344; x_wconf 81' lang='lat' dir='ltr'>haberi</span> <span class='ocrx_word' id='word_1_778' title='bbox 1475 5287 1708 5359; x_wconf 85' lang='lat' dir='ltr'>potest?</span> <span class='ocrx_word' id='word_1_779' title='bbox 1740 5286 1858 5342; x_wconf 87' lang='lat' dir='ltr'>Heu</span> <span class='ocrx_word' id='word_1_780' title='bbox 1885 5286 2082 5344; x_wconf 90' lang='lat' dir='ltr'>miseri</span> 
     </span>
    </p>
   </div>
   <div class='ocr_carea' id='block_1_104' title="bbox 441 5376 2082 5451">
    <p class='ocr_par' dir='ltr' id='par_1_104' title="bbox 441 5376 2082 5451">
     <span class='ocr_line' id='line_1_104' title="bbox 441 5376 2082 5451; baseline -0.003 -15"><span class='ocrx_word' id='word_1_781' title='bbox 441 5385 500 5436; x_wconf 91' lang='lat' dir='ltr'>et</span> <span class='ocrx_word' id='word_1_782' title='bbox 527 5379 742 5446; x_wconf 86' lang='lat' dir='ltr'>insani,</span> <span class='ocrx_word' id='word_1_783' title='bbox 775 5378 876 5451; x_wconf 90' lang='lat' dir='ltr'>qui</span> <span class='ocrx_word' id='word_1_784' title='bbox 907 5383 962 5435; x_wconf 90' lang='lat' dir='ltr'>te</span> <span class='ocrx_word' id='word_1_785' title='bbox 993 5379 1151 5434; x_wconf 87' lang='lat' dir='ltr'>velut</span> <span class='ocrx_word' id='word_1_786' title='bbox 1181 5376 1403 5449; x_wconf 83' lang='lat' dir='ltr'>aliquid</span> <span class='ocrx_word' id='word_1_787' title='bbox 1430 5393 1607 5447; x_wconf 89' lang='lat' dir='ltr'>pecus</span> <span class='ocrx_word' id='word_1_788' title='bbox 1640 5377 1792 5430; x_wconf 82' lang='lat' dir='ltr'>furto</span> <span class='ocrx_word' id='word_1_789' title='bbox 1825 5377 2082 5448; x_wconf 90' lang='lat' dir='ltr'>acquisi-</span> 
     </span>
    </p>
   </div>
   <div class='ocr_carea' id='block_1_105' title="bbox 442 5463 2082 5537">
    <p class='ocr_par' dir='ltr' id='par_1_105' title="bbox 442 5463 2082 5537">
     <span class='ocr_line' id='line_1_105' title="bbox 442 5463 2082 5537; baseline -0.002 -15"><span class='ocrx_word' id='word_1_790' title='bbox 442 5472 569 5522; x_wconf 91' lang='lat' dir='ltr'>tum</span> <span class='ocrx_word' id='word_1_791' title='bbox 601 5471 657 5521; x_wconf 90' lang='lat' dir='ltr'>et</span> <span class='ocrx_word' id='word_1_792' title='bbox 685 5483 718 5521; x_wconf 88' lang='lat' dir='ltr'>a</span> <span class='ocrx_word' id='word_1_793' title='bbox 740 5466 1168 5537; x_wconf 88' lang='lat' dir='ltr'>furehabitum,</span> <span class='ocrx_word' id='word_1_794' title='bbox 1201 5463 1663 5537; x_wconf 89' lang='lat' dir='ltr'>sicquescienter</span> <span class='ocrx_word' id='word_1_795' title='bbox 1679 5469 2082 5534; x_wconf 89' lang='lat' dir='ltr'>comparatum</span> 
     </span>
    </p>
   </div>
   <div class='ocr_carea' id='block_1_106' title="bbox 445 5551 2081 5628">
    <p class='ocr_par' dir='ltr' id='par_1_106' title="bbox 445 5551 2081 5628">
     <span class='ocr_line' id='line_1_106' title="bbox 445 5551 2081 5628; baseline -0.001 -18"><span class='ocrx_word' id='word_1_796' title='bbox 445 5553 768 5610; x_wconf 68' lang='lat' dir='ltr'>aestimant!</span> <span class='ocrx_word' id='word_1_797' title='bbox 807 5556 918 5610; x_wconf 86' lang='lat' dir='ltr'>Sed</span> <span class='ocrx_word' id='word_1_798' title='bbox 952 5557 1115 5628; x_wconf 91' lang='lat' dir='ltr'>prius</span> <span class='ocrx_word' id='word_1_799' title='bbox 1146 5554 1257 5627; x_wconf 89' lang='lat' dir='ltr'>ipsi</span> <span class='ocrx_word' id='word_1_800' title='bbox 1292 5551 1616 5627; x_wconf 81' lang='lat' dir='ltr'>fiantsicut</span> <span class='ocrx_word' id='word_1_801' title='bbox 1646 5567 1833 5622; x_wconf 89' lang='lat' dir='ltr'>equus</span> <span class='ocrx_word' id='word_1_802' title='bbox 1863 5557 1919 5607; x_wconf 90' lang='lat' dir='ltr'>et</span> <span class='ocrx_word' id='word_1_803' title='bbox 1951 5569 2081 5608; x_wconf 89' lang='lat' dir='ltr'>mu-</span> 
     </span>
    </p>
   </div>
   <div class='ocr_carea' id='block_1_107' title="bbox 445 5641 2081 5716">
    <p class='ocr_par' dir='ltr' id='par_1_107' title="bbox 445 5641 2081 5716">
     <span class='ocr_line' id='line_1_107' title="bbox 445 5641 2081 5716; baseline -0.004 -13"><span class='ocrx_word' id='word_1_804' title='bbox 445 5645 558 5712; x_wconf 90' lang='lat' dir='ltr'>lus,</span> <span class='ocrx_word' id='word_1_805' title='bbox 589 5641 805 5715; x_wconf 91' lang='lat' dir='ltr'>quibus</span> <span class='ocrx_word' id='word_1_806' title='bbox 829 5659 941 5698; x_wconf 91' lang='lat' dir='ltr'>non</span> <span class='ocrx_word' id='word_1_807' title='bbox 974 5649 1062 5699; x_wconf 90' lang='lat' dir='ltr'>est</span> <span class='ocrx_word' id='word_1_808' title='bbox 1091 5642 1416 5700; x_wconf 78' lang='lat' dir='ltr'>intellectus</span> <span class='ocrx_word' id='word_1_809' title='bbox 1448 5641 1616 5712; x_wconf 82' lang='lat' dir='ltr'>(Psal.</span> <span class='ocrx_word' id='word_1_810' title='bbox 1649 5657 1804 5716; x_wconf 59' lang='lat' dir='ltr'>xxiii,</span> <span class='ocrx_word' id='word_1_811' title='bbox 1835 5641 1913 5712; x_wconf 87' lang='lat'>9),</span> <span class='ocrx_word' id='word_1_812' title='bbox 1942 5643 2081 5713; x_wconf 89' lang='lat' dir='ltr'>quia</span> 
     </span>
    </p>
   </div>
   <div class='ocr_carea' id='block_1_108' title="bbox 2200 4667 3868 4744">
    <p class='ocr_par' dir='ltr' id='par_1_108' title="bbox 2200 4667 3868 4744">
     <span class='ocr_line' id='line_1_108' title="bbox 2200 4667 3868 4744; baseline -0.004 -18"><span class='ocrx_word' id='word_1_813' title='bbox 2200 4671 2528 4744; x_wconf 88' lang='lat' dir='ltr'>quidquam</span> <span class='ocrx_word' id='word_1_814' title='bbox 2560 4672 2724 4740; x_wconf 68' lang='lat' dir='ltr'>(Jour.</span> <span class='ocrx_word' id='word_1_815' title='bbox 2747 4687 2862 4740; x_wconf 83' lang='lat' dir='ltr'>xw,</span> <span class='ocrx_word' id='word_1_816' title='bbox 2894 4670 3006 4743; x_wconf 91' lang='lat'>30).</span> <span class='ocrx_word' id='word_1_817' title='bbox 3042 4692 3069 4719; x_wconf 88' lang='grc'><strong>››</strong></span> <span class='ocrx_word' id='word_1_818' title='bbox 3101 4670 3282 4733; x_wconf 90' lang='lat' dir='ltr'>Quem</span> <span class='ocrx_word' id='word_1_819' title='bbox 3314 4669 3518 4742; x_wconf 90' lang='lat' dir='ltr'>utique</span> <span class='ocrx_word' id='word_1_820' title='bbox 3536 4667 3736 4741; x_wconf 86' lang='lat' dir='ltr'>palam</span> <span class='ocrx_word' id='word_1_821' title='bbox 3756 4669 3836 4722; x_wconf 85' lang='lat' dir='ltr'>est</span> <span class='ocrx_word' id='word_1_822' title='bbox 3865 4737 3868 4739; x_wconf 12' lang='grc' dir='ltr'><strong>Α</strong></span> 
     </span>
    </p>
   </div>
   <div class='ocr_carea' id='block_1_109' title="bbox 2197 4757 3837 4831">
    <p class='ocr_par' dir='ltr' id='par_1_109' title="bbox 2197 4757 3837 4831">
     <span class='ocr_line' id='line_1_109' title="bbox 2197 4757 3837 4831; baseline -0.004 -16"><span class='ocrx_word' id='word_1_823' title='bbox 2197 4776 2296 4815; x_wconf 90' lang='lat' dir='ltr'>eos</span> <span class='ocrx_word' id='word_1_824' title='bbox 2326 4775 2442 4814; x_wconf 92' lang='lat' dir='ltr'>non</span> <span class='ocrx_word' id='word_1_825' title='bbox 2478 4759 2770 4830; x_wconf 90' lang='lat' dir='ltr'>accepisse</span> <span class='ocrx_word' id='word_1_826' title='bbox 2792 4758 2892 4831; x_wconf 90' lang='lat' dir='ltr'>qui</span> <span class='ocrx_word' id='word_1_827' title='bbox 2911 4759 3105 4815; x_wconf 89' lang='lat' dir='ltr'>sciunt</span> <span class='ocrx_word' id='word_1_828' title='bbox 3124 4774 3249 4830; x_wconf 68' lang='lat' dir='ltr'>quae</span> <span class='ocrx_word' id='word_1_829' title='bbox 3267 4775 3301 4813; x_wconf 88' lang='lat' dir='ltr'>a</span> <span class='ocrx_word' id='word_1_830' title='bbox 3328 4757 3444 4814; x_wconf 90' lang='lat' dir='ltr'>Deo</span> <span class='ocrx_word' id='word_1_831' title='bbox 3466 4758 3688 4813; x_wconf 88' lang='lat' dir='ltr'>donata</span> <span class='ocrx_word' id='word_1_832' title='bbox 3708 4758 3837 4812; x_wconf 84' lang='lat' dir='ltr'>sunt</span> 
     </span>
    </p>
   </div>
   <div class='ocr_carea' id='block_1_110' title="bbox 2194 4844 3834 4919">
    <p class='ocr_par' dir='ltr' id='par_1_110' title="bbox 2194 4844 3834 4919">
     <span class='ocr_line' id='line_1_110' title="bbox 2194 4844 3834 4919; baseline -0.003 -15"><span class='ocrx_word' id='word_1_833' title='bbox 2194 4849 2501 4914; x_wconf 88' lang='lat' dir='ltr'>eis.Quam</span> <span class='ocrx_word' id='word_1_834' title='bbox 2534 4847 2838 4904; x_wconf 90' lang='lat' dir='ltr'>scientiam</span> <span class='ocrx_word' id='word_1_835' title='bbox 2869 4852 3142 4919; x_wconf 89' lang='lat' dir='ltr'>operatur</span> <span class='ocrx_word' id='word_1_836' title='bbox 3167 4846 3227 4902; x_wconf 91' lang='lat' dir='ltr'>in</span> <span class='ocrx_word' id='word_1_837' title='bbox 3249 4847 3333 4903; x_wconf 90' lang='lat' dir='ltr'>eis</span> <span class='ocrx_word' id='word_1_838' title='bbox 3363 4845 3624 4918; x_wconf 90' lang='lat' dir='ltr'>Spiritus</span> <span class='ocrx_word' id='word_1_839' title='bbox 3647 4844 3746 4916; x_wconf 90' lang='lat' dir='ltr'>qui</span> <span class='ocrx_word' id='word_1_840' title='bbox 3774 4859 3834 4899; x_wconf 80' lang='lat' dir='ltr'>ex</span> 
     </span>
    </p>
   </div>
   <div class='ocr_carea' id='block_1_111' title="bbox 2196 4933 3836 5009">
    <p class='ocr_par' dir='ltr' id='par_1_111' title="bbox 2196 4933 3836 5009">
     <span class='ocr_line' id='line_1_111' title="bbox 2196 4933 3836 5009; baseline -0.005 -17"><span class='ocrx_word' id='word_1_841' title='bbox 2196 4937 2311 4992; x_wconf 92' lang='lat' dir='ltr'>Deo</span> <span class='ocrx_word' id='word_1_842' title='bbox 2328 4941 2436 4992; x_wconf 89' lang='lat' dir='ltr'>est.</span> <span class='ocrx_word' id='word_1_843' title='bbox 2453 4938 2634 5002; x_wconf 88' lang='lat' dir='ltr'>Quem</span> <span class='ocrx_word' id='word_1_844' title='bbox 2653 4937 2723 4991; x_wconf 92' lang='lat' dir='ltr'>ad</span> <span class='ocrx_word' id='word_1_845' title='bbox 2743 4935 2849 4992; x_wconf 91' lang='lat' dir='ltr'>hoc</span> <span class='ocrx_word' id='word_1_846' title='bbox 2863 4936 3154 5009; x_wconf 90' lang='lat' dir='ltr'>accepisse</span> <span class='ocrx_word' id='word_1_847' title='bbox 3166 4933 3836 5009; x_wconf 82' lang='lat' dir='ltr'>perhibentur,utsciant</span> 
     </span>
    </p>
   </div>
   <div class='ocr_carea' id='block_1_112' title="bbox 2197 5019 3834 5097">
    <p class='ocr_par' dir='ltr' id='par_1_112' title="bbox 2197 5019 3834 5097">
     <span class='ocr_line' id='line_1_112' title="bbox 2197 5019 3834 5097; baseline -0.004 -17"><span class='ocrx_word' id='word_1_848' title='bbox 2197 5043 2322 5097; x_wconf 73' lang='lat' dir='ltr'>quae</span> <span class='ocrx_word' id='word_1_849' title='bbox 2339 5043 2372 5080; x_wconf 90' lang='lat' dir='ltr'>a</span> <span class='ocrx_word' id='word_1_850' title='bbox 2393 5025 2506 5080; x_wconf 92' lang='lat' dir='ltr'>Deo</span> <span class='ocrx_word' id='word_1_851' title='bbox 2529 5025 2742 5080; x_wconf 90' lang='lat' dir='ltr'>donata</span> <span class='ocrx_word' id='word_1_852' title='bbox 2764 5027 2903 5080; x_wconf 91' lang='lat' dir='ltr'>sunt</span> <span class='ocrx_word' id='word_1_853' title='bbox 2915 5023 3018 5080; x_wconf 88' lang='lat' dir='ltr'>eis.</span> <span class='ocrx_word' id='word_1_854' title='bbox 3043 5025 3310 5081; x_wconf 88' lang='lat' dir='ltr'>Prohatio</span> <span class='ocrx_word' id='word_1_855' title='bbox 3332 5039 3468 5096; x_wconf 88' lang='lat' dir='ltr'>ergo</span> <span class='ocrx_word' id='word_1_856' title='bbox 3484 5019 3834 5095; x_wconf 86' lang='lat' dir='ltr'>acceptionis</span> 
     </span>
    </p>
   </div>
   <div class='ocr_carea' id='block_1_113' title="bbox 2196 5111 3830 5186">
    <p class='ocr_par' dir='ltr' id='par_1_113' title="bbox 2196 5111 3830 5186">
     <span class='ocr_line' id='line_1_113' title="bbox 2196 5111 3830 5186; baseline -0.002 -17"><span class='ocrx_word' id='word_1_857' title='bbox 2196 5113 2470 5186; x_wconf 85' lang='lat' dir='ltr'>Spiritus,</span> <span class='ocrx_word' id='word_1_858' title='bbox 2495 5113 2595 5186; x_wconf 92' lang='lat' dir='ltr'>qui</span> <span class='ocrx_word' id='word_1_859' title='bbox 2618 5131 2687 5170; x_wconf 79' lang='lat' dir='ltr'>ex</span> <span class='ocrx_word' id='word_1_860' title='bbox 2707 5113 2822 5169; x_wconf 92' lang='lat' dir='ltr'>Deo</span> <span class='ocrx_word' id='word_1_861' title='bbox 2844 5117 2951 5182; x_wconf 89' lang='lat' dir='ltr'>est,</span> <span class='ocrx_word' id='word_1_862' title='bbox 2977 5129 3177 5169; x_wconf 90' lang='lat' dir='ltr'>eorum</span> <span class='ocrx_word' id='word_1_863' title='bbox 3199 5130 3325 5186; x_wconf 61' lang='lat' dir='ltr'>qua</span> <span class='ocrx_word' id='word_1_864' title='bbox 3355 5113 3428 5168; x_wconf 90' lang='lat' dir='ltr'>ab</span> <span class='ocrx_word' id='word_1_865' title='bbox 3457 5112 3587 5185; x_wconf 84' lang='lat' dir='ltr'>ipso</span> <span class='ocrx_word' id='word_1_866' title='bbox 3621 5111 3830 5167; x_wconf 87' lang='lat' dir='ltr'>donan-</span> 
     </span>
    </p>
   </div>
   <div class='ocr_carea' id='block_1_114' title="bbox 2196 5199 3830 5276">
    <p class='ocr_par' dir='ltr' id='par_1_114' title="bbox 2196 5199 3830 5276">
     <span class='ocr_line' id='line_1_114' title="bbox 2196 5199 3830 5276; baseline -0.004 -18"><span class='ocrx_word' id='word_1_867' title='bbox 2196 5207 2296 5260; x_wconf 92' lang='lat' dir='ltr'>tur</span> <span class='ocrx_word' id='word_1_868' title='bbox 2316 5203 2631 5276; x_wconf 90' lang='lat' dir='ltr'>recognitio</span> <span class='ocrx_word' id='word_1_869' title='bbox 2662 5208 2769 5259; x_wconf 89' lang='lat' dir='ltr'>est.</span> <span class='ocrx_word' id='word_1_870' title='bbox 2788 5205 2972 5269; x_wconf 90' lang='lat' dir='ltr'>Quam</span> <span class='ocrx_word' id='word_1_871' title='bbox 2987 5219 3091 5257; x_wconf 90' lang='lat' dir='ltr'>nos</span> <span class='ocrx_word' id='word_1_872' title='bbox 3111 5202 3359 5273; x_wconf 86' lang='lat' dir='ltr'>perfecte</span> <span class='ocrx_word' id='word_1_873' title='bbox 3377 5201 3634 5257; x_wconf 87' lang='lat' dir='ltr'>retinere</span> <span class='ocrx_word' id='word_1_874' title='bbox 3657 5199 3830 5256; x_wconf 84' lang='lat' dir='ltr'>exhoc</span> 
     </span>
    </p>
   </div>
   <div class='ocr_carea' id='block_1_115' title="bbox 2196 5284 3832 5364">
    <p class='ocr_par' dir='ltr' id='par_1_115' title="bbox 2196 5284 3832 5364">
     <span class='ocr_line' id='line_1_115' title="bbox 2196 5284 3832 5364; baseline -0.006 -16"><span class='ocrx_word' id='word_1_875' title='bbox 2196 5292 2628 5364; x_wconf 89' lang='lat' dir='ltr'>comprobatur,</span> <span class='ocrx_word' id='word_1_876' title='bbox 2662 5289 2800 5362; x_wconf 88' lang='lat' dir='ltr'>quia</span> <span class='ocrx_word' id='word_1_877' title='bbox 2829 5290 3048 5345; x_wconf 90' lang='lat' dir='ltr'>donum</span> <span class='ocrx_word' id='word_1_878' title='bbox 3079 5288 3305 5358; x_wconf 90' lang='lat' dir='ltr'>donari,</span> <span class='ocrx_word' id='word_1_879' title='bbox 3325 5289 3380 5344; x_wconf 92' lang='lat' dir='ltr'>id</span> <span class='ocrx_word' id='word_1_880' title='bbox 3403 5288 3690 5361; x_wconf 86' lang='lat' dir='ltr'>estgratis</span> <span class='ocrx_word' id='word_1_881' title='bbox 3703 5284 3832 5343; x_wconf 86' lang='lat' dir='ltr'>acci-</span> 
     </span>
    </p>
   </div>
   <div class='ocr_carea' id='block_1_116' title="bbox 2195 5377 3831 5452">
    <p class='ocr_par' dir='ltr' id='par_1_116' title="bbox 2195 5377 3831 5452">
     <span class='ocr_line' id='line_1_116' title="bbox 2195 5377 3831 5452; baseline -0.004 -18"><span class='ocrx_word' id='word_1_882' title='bbox 2195 5382 2274 5452; x_wconf 89' lang='lat' dir='ltr'>pi,</span> <span class='ocrx_word' id='word_1_883' title='bbox 2307 5387 2362 5435; x_wconf 89' lang='lat' dir='ltr'>et</span> <span class='ocrx_word' id='word_1_884' title='bbox 2377 5379 2502 5436; x_wconf 88' lang='lat' dir='ltr'>dari</span> <span class='ocrx_word' id='word_1_885' title='bbox 2517 5379 2839 5436; x_wconf 90' lang='lat' dir='ltr'>secundum</span> <span class='ocrx_word' id='word_1_886' title='bbox 2853 5389 2991 5434; x_wconf 80' lang='lat' dir='ltr'>evan</span> <span class='ocrx_word' id='word_1_887' title='bbox 2998 5377 3245 5451; x_wconf 89' lang='lat' dir='ltr'>gelicam</span> <span class='ocrx_word' id='word_1_888' title='bbox 3267 5383 3324 5434; x_wconf 87' lang='lat' dir='ltr'>et</span> <span class='ocrx_word' id='word_1_889' title='bbox 3337 5377 3718 5450; x_wconf 88' lang='lat' dir='ltr'>apostolicam</span> <span class='ocrx_word' id='word_1_890' title='bbox 3731 5379 3831 5429; x_wconf 53' lang='lat' dir='ltr'>trs.</span> 
     </span>
    </p>
   </div>
   <div class='ocr_carea' id='block_1_117' title="bbox 2193 5460 3828 5539">
    <p class='ocr_par' dir='ltr' id='par_1_117' title="bbox 2193 5460 3828 5539">
     <span class='ocr_line' id='line_1_117' title="bbox 2193 5460 3828 5539; baseline -0.004 -17"><span class='ocrx_word' id='word_1_891' title='bbox 2193 5467 2472 5522; x_wconf 88' lang='lat' dir='ltr'>ditionem</span> <span class='ocrx_word' id='word_1_892' title='bbox 2489 5467 2852 5539; x_wconf 82' lang='lat' dir='ltr'>profitemur,</span> <span class='ocrx_word' id='word_1_893' title='bbox 2885 5470 2942 5521; x_wconf 89' lang='lat' dir='ltr'>et</span> <span class='ocrx_word' id='word_1_894' title='bbox 2967 5483 3070 5538; x_wconf 90' lang='lat' dir='ltr'>pro</span> <span class='ocrx_word' id='word_1_895' title='bbox 3096 5465 3333 5523; x_wconf 91' lang='lat' dir='ltr'>modulo</span> <span class='ocrx_word' id='word_1_896' title='bbox 3354 5471 3555 5522; x_wconf 90' lang='lat' dir='ltr'>nostro</span> <span class='ocrx_word' id='word_1_897' title='bbox 3579 5460 3828 5519; x_wconf 86' lang='lat' dir='ltr'>defendi-</span> 
     </span>
    </p>
   </div>
   <div class='ocr_carea' id='block_1_118' title="bbox 2190 5552 3823 5629">
    <p class='ocr_par' dir='ltr' id='par_1_118' title="bbox 2190 5552 3823 5629">
     <span class='ocr_line' id='line_1_118' title="bbox 2190 5552 3823 5629; baseline -0.004 -19"><span class='ocrx_word' id='word_1_898' title='bbox 2190 5572 2343 5623; x_wconf 90' lang='lat' dir='ltr'>mus,</span> <span class='ocrx_word' id='word_1_899' title='bbox 2366 5554 2772 5629; x_wconf 88' lang='lat' dir='ltr'>spiritualibus</span> <span class='ocrx_word' id='word_1_900' title='bbox 2804 5554 3134 5628; x_wconf 88' lang='lat' dir='ltr'>spiritualia</span> <span class='ocrx_word' id='word_1_901' title='bbox 3161 5558 3585 5628; x_wconf 83' lang='lat' dir='ltr'>comparantes.</span> <span class='ocrx_word' id='word_1_902' title='bbox 3607 5552 3767 5608; x_wconf 88' lang='lat' dir='ltr'>Unde</span> <span class='ocrx_word' id='word_1_903' title='bbox 3797 5564 3823 5602; x_wconf 88' lang='lat' dir='ltr'>e</span> 
     </span>
    </p>
   </div>
   <div class='ocr_carea' id='block_1_119' title="bbox 2191 5637 3819 5718">
    <p class='ocr_par' dir='ltr' id='par_1_119' title="bbox 2191 5637 3819 5718">
     <span class='ocr_line' id='line_1_119' title="bbox 2191 5637 3819 5718; baseline -0.005 -18"><span class='ocrx_word' id='word_1_904' title='bbox 2191 5644 2418 5702; x_wconf 90' lang='lat' dir='ltr'>diverso</span> <span class='ocrx_word' id='word_1_905' title='bbox 2432 5643 2728 5716; x_wconf 89' lang='lat' dir='ltr'>colligitur</span> <span class='ocrx_word' id='word_1_906' title='bbox 2745 5660 2842 5700; x_wconf 89' lang='lat' dir='ltr'>eos</span> <span class='ocrx_word' id='word_1_907' title='bbox 2867 5643 3136 5718; x_wconf 89' lang='lat' dir='ltr'>spiritum</span> <span class='ocrx_word' id='word_1_908' title='bbox 3161 5644 3367 5701; x_wconf 91' lang='lat' dir='ltr'>mundi</span> <span class='ocrx_word' id='word_1_909' title='bbox 3391 5641 3703 5716; x_wconf 71' lang='lat' dir='ltr'>accepisse,</span> <span class='ocrx_word' id='word_1_910' title='bbox 3729 5637 3819 5713; x_wconf 89' lang='lat' dir='ltr'>qui</span> 
     </span>
    </p>
   </div>
  </div>
