4106 6178
312 400 476 473 1053

919 404 1340 473 ADVERSUS
1381 398 1851 470 SIMONIACOS
1894 396 2109 463 LIBRI
2152 397 2377 462 TRES.
2411 428 2490 446 --
2515 396 2755 463 LIBER
2798 397 3118 464 PRIMUS.

3566 404 3718 466 1054

313 543 515 598 contra
534 537 928 612 evangelicum
954 538 1452 613 apostolicamque
1471 534 1844 608 disciplinam
1865 534 1963 589 do-
1990 532 2045 600 Α
2073 530 2206 604 quis
2223 531 2294 588 de
2309 531 2529 604 Spiritu
2551 535 2752 589 sancto
2772 532 2921 588 male
2939 532 3565 598 sentit,animadvertat
3581 538 3722 611 quid

313 645 459 685 num
489 627 584 684 Dei
608 629 856 701 pecunia
877 645 1047 701 posse
1067 626 1353 702 possideri
1372 623 1962 690 aastimant,crcdunt,

308 717 662 791 proﬁtentur
677 720 734 772 et
749 722 1036 790 quantum
1060 715 1640 790 possunt,defendere
1657 715 1963 777 conantur,

315 805 655 863 carnalibus
683 804 1013 878 spiritualia
1041 810 1466 878 comparantes.
1487 803 1593 869 Qui
1616 801 1665 858 si
1693 800 1964 858 eumdem

313 893 593 968 spiritum
626 893 829 949 mundi
852 893 984 965 quis
1005 899 1063 950 et
1083 894 1181 950 ubi
1205 895 1300 960 sit,
1323 892 1410 949 vel
1433 892 1573 965 quid
1597 891 1724 962 jam
1754 904 1967 962 passus

307 982 652 1050 recolerent,
683 999 817 1039 cum
865 999 1081 1056 magna
1126 983 1317 1039 cordis
1365 979 1712 1037 contritione
1742 978 1865 1035 erui
1896 978 1967 1032 de

308 1074 598 1145 potestate
619 1071 1013 1135 tenebrarum,
1031 1075 1226 1144 atque,
1240 1072 1382 1127 dum
1403 1069 1967 1142 adhue.1icet,trans-

310 1159 447 1216 ferri
481 1159 541 1215 in
574 1176 821 1233 regnum
847 1158 978 1215 Filii
1018 1158 1300 1216 claritatis
1334 1164 1582 1232 paternae
1615 1159 1961 1230 quarerent.

308 1246 616 1321 Siquidem
631 1246 727 1304 ille
742 1252 832 1304 est
847 1248 1120 1321 princeps
1141 1247 1370 1316 mundi,
1386 1251 1575 1304 rector
1589 1245 1965 1302 tenebrarum

315 1353 539 1403 earum,
558 1336 867 1392 hominum
894 1335 1118 1393 scilicet
1138 1335 1485 1401 infidelium,
1511 1335 1569 1390 in
1592 1333 1807 1407 quibus
1839 1336 1965 1388 tan-

311 1440 490 1498 quam
511 1423 572 1480 in
597 1423 735 1481 ﬁliis
754 1423 1090 1481 diffidentia
1113 1428 1319 1498 regnat
1340 1428 1397 1480 et
1420 1426 1695 1497 operatur
1715 1438 1824 1478 sua
1842 1420 1968 1493 ipse

243 1544 250 1549 -
310 1530 554 1587 serpens
587 1513 887 1588 antiquus,
921 1513 1021 1587 qui
1060 1517 1148 1571 est
1175 1512 1446 1569 diabolus
1476 1518 1533 1568 et
1559 1515 1805 1567 Satanas
1841 1511 1967 1581 jam

302 1603 611 1677 judicatus
641 1606 698 1659 et
726 1604 1044 1659 damnatus
1076 1606 1249 1676 atque
1271 1602 1425 1658 foras
1447 1602 1689 1673 ejectus,
1711 1616 1829 1655 non
1861 1598 1969 1654 uti-

312 1709 429 1766 que
457 1697 620 1748 extra
665 1691 945 1748 fabricam
987 1691 1113 1748 οωὶὶ
1144 1695 1201 1747 et
1229 1695 1418 1759 terrae,
1452 1690 1553 1747 sed
1583 1693 1766 1746 extra
1795 1687 1971 1743 corda

318 1779 606 1847 ﬁdelium,
634 1796 783 1852 quos
809 1780 944 1836 fecit
968 1780 1235 1837 Christus
1264 1796 1533 1853 regnum,
1556 1782 1612 1834 et
1639 1776 1971 1833 sacerdotes

313 1870 434 1964 Deo
464 1873 520 1926 ct
544 1869 701 1964 Patri
729 1886 864 1964 suo.
890 1869 1059 1964 Quod
1086 1869 1135 1924 si
1167 1868 1409 1964 spiritus
1431 1866 1631 1964 mundi
1651 1868 1777 1964 jam
1805 1865 1966 1964 dam:
1997 1898 2046 1964 B

313 1962 493 2014 natus
521 1961 608 2014 est
637 1961 695 2013 et
725 1958 879 2015 foras
921 1957 1161 2028 ejectus,
1194 1960 1354 2030 patet
1376 1957 1504 2029 jam
1536 1956 1880 2011 damnatum
1912 1955 1969 2007 et

312 2063 449 2103 eum
481 2063 549 2102 eo
579 2045 735 2103 foras
764 2047 1018 2119 ejectum
1052 2046 1363 2114 mundum,
1396 2045 1491 2100 cui
1526 2045 1650 2117 ipse
1682 2040 1970 2115 principa-

311 2140 432 2204 tur,
464 2152 571 2191 nec
591 2136 719 2208 jam
743 2151 870 2192 esse
900 2133 958 2190 in
990 2135 1232 2204 mundo,
1257 2151 1430 2206 quem
1461 2133 1662 2189 dilexit
1692 2133 1867 2197 Deus,
1891 2133 1970 2197 et,

313 2223 604 2297 sanguine
633 2223 763 2280 Filii
793 2222 884 2280 sui
928 2224 1319 2294 redemptum,
1356 2220 1695 2277 emundavit
1740 2218 1969 2275 lavacro

242 2314 267 2326 ⁸
313 2330 485 2386 aqua:
508 2312 567 2368 in
588 2312 781 2379 verbo,
805 2315 869 2367 ut
888 2311 966 2367 sit
985 2310 1109 2383 ipse
1129 2311 1283 2367 Deus
1307 2327 1440 2366 cum
1465 2310 1550 2367 eis
1569 2324 1769 2366 eorum
1791 2307 1965 2363 Deus.

313 2402 463 2461 Nam
484 2417 612 2474 quae
634 2416 768 2474 pars
790 2399 946 2458 ﬁdeli
967 2416 1103 2456 cum
1138 2399 1398 2456 inﬁdeli?
1419 2399 1782 2471 Quapropter
1806 2395 1967 2469 quis-

2072 622 2135 677 B.
2168 637 2321 694 papa
2349 621 2638 678 Damasus
2675 621 2918 678 Paulino
2969 621 3329 679 Antiocheno
3380 628 3720 697 patriarchae

2074 708 2357 777 scribens,
2381 709 2534 765 inter
2563 708 2677 765 alia
2706 710 2850 765 dicit
2871 727 2920 766 ;‹‹
2946 710 3003 767 Si
3038 710 3171 783 quis
3201 713 3273 768 de
3303 713 3471 770 Patre
3496 721 3552 770 et
3581 718 3722 774 Filio

2073 798 2222 853 bene
2251 797 2520 863 senserit,
2553 799 2625 854 de
2653 797 2871 870 Spiritu
2922 804 3116 855 autem
3152 806 3354 859 sancto
3404 820 3520 859 non
3572 812 3725 861 recte

2074 886 2365 955 habuerit,
2390 886 2696 957 haereticus
2717 889 2947 943 est.»Et
2972 889 3127 961 quod
3154 907 3358 947 omnes
3385 892 3633 950 haeretici
3656 896 3728 959 de

2073 975 2216 1031 Filio
2247 976 2369 1043 Dei,
2403 980 2503 1031 aut
2530 976 2601 1031 de
2632 976 2851 1049 Spiritu
2884 981 3082 1033 sancto
3114 979 3266 1035 male
3292 982 3631 1050 sentientes,
3663 984 3725 1040 in

2076 1064 2322 1136 perfidia
2337 1065 2671 1121 Judaeorum
2690 1069 2748 1121 et
2763 1064 3069 1136 gentilium
3093 1067 3487 1124 inveniuntur.
3506 1071 3726 1143 Nempe

2073 1152 2294 1209 Judaeis
2318 1153 2647 1209 dicentibus
2669 1170 2720 1209 :«
2748 1154 2864 1210 Nos
2893 1171 2961 1210 ex
2988 1155 3387 1225 fornicatione,
3409 1180 3436 1207 »
3458 1159 3727 1216 videlicet

2072 1240 2421 1309 idololatria,
2444 1263 2473 1292 «
2497 1259 2610 1297 non
2653 1259 2862 1298 sumus
2893 1243 3031 1299 nati.
3062 1244 3251 1300 Unum
3283 1245 3511 1301 Patrem
3542 1246 3725 1303 habe-

2075 1348 2209 1387 mus
2244 1335 2451 1398 Deum;
2479 1352 2506 1380 ››
2540 1331 2841 1403 respondit
2886 1331 3173 1388 Dominus
3197 1333 3371 1389 Jesus
3397 1350 3458 1389 εκ
3483 1334 3539 1390 Si
3571 1336 3726 1393 Deus

2077 1419 2245 1475 Pater
2273 1424 2461 1476 vester
2489 1423 2664 1487 esset,
2700 1419 3012 1492 diligeritis
3045 1420 3245 1493 utique
3276 1439 3387 1478 me.
3420 1422 3538 1496 Ego
3570 1425 3725 1482 enim

2077 1524 2146 1593 ea
2179 1510 2289 1564 Deo
2330 1508 2607 1580 processi,
2640 1511 2698 1563 et
2752 1508 2902 1565 veni.
2939 1509 3137 1581 Neque
3194 1510 3351 1565 enim
3384 1528 3417 1566 a
3447 1527 3540 1568 me
3600 1514 3727 1586 ipso

2074 1600 2226 1664 veni,
2260 1597 2361 1653 sed
2395 1596 2493 1653 ille
2523 1614 2615 1653 me
2647 1596 2825 1653 misit.
2857 1598 2972 1654 Vos
3001 1615 3069 1653 ex
3095 1602 3280 1670 patre
3326 1600 3557 1657 diabolo
3588 1604 3731 1660 estis

2078 1688 2254 1758 (Joan.
2286 1703 2410 1754 vm,
2443 1686 2554 1757 41).
2582 1708 2610 1734 ››
2643 1685 2866 1762 Simoni
2927 1703 3160 1759 quoque
3220 1689 3384 1762 Mago
3443 1690 3729 1763 Spiritum

2078 1779 2348 1831 sanctum
2382 1775 2626 1831 mercari
2658 1774 2913 1846 cupienti
2945 1775 3151 1831 Petrus
3200 1776 3347 1831 dixit
3379 1794 3391 1832 :
3424 1799 3452 1828 ‹‹
3484 1779 3609 1836 Non
3643 1786 3733 1837 est

2077 1863 2180 1919 tibi
2216 1880 2370 1935 pars,
2420 1879 2607 1936 neque
2656 1880 2784 1918 sors
2830 1864 2890 1918 in
2941 1862 3049 1919 hac
3098 1864 3212 1920 ﬁde
3242 1864 3374 1937 (Act.
3404 1884 3531 1932 vm,
3563 1870 3673 1939 21).
3701 1892 3729 1920 ››

2078 1952 2188 2009 Sed
2222 1968 2293 2008 ne
2324 1952 2471 2007 forte
2517 1952 2857 2007 continuata
2888 1951 3009 2006 ha’c
3040 1952 3295 2024 repulsio
3344 1953 3479 2010 licet
3526 1972 3729 2027 perae-

2079 2040 2353 2107 cessaria,
2398 2039 2447 2095 si
2496 2039 2828 2095 diuturnior
2881 2040 3188 2112 habeatur,
3237 2041 3321 2098 sic
3361 2044 3729 2101 desertorem

2080 2133 2285 2202 urgeat
2329 2131 2385 2184 et
2433 2128 2696 2200 impetat,
2729 2131 2794 2183 ut
2831 2128 3150 2185 commilito
3207 2135 3409 2186 noster
3466 2132 3732 2191 defessus

2080 2220 2409 2289 appetatur,
2433 2215 2679 2272 delicato
2710 2217 2911 2272 lectori
2935 2218 3258 2289 respirandi
3291 2220 3479 2293 gratia
3506 2226 3734 2294 oportet

2080 2305 2383 2378 scriptoris
2433 2304 2679 2361 intentio
2731 2305 3019 2374 consulat,
3053 2307 3408 2381 tandemque
3456 2308 3548 2366 hic
3598 2311 3734 2367 finis

2080 2393 2255 2467 primi
2287 2393 2469 2466 hujus
2499 2394 2681 2451 libelli
2713 2395 2834 2451 ﬁat.

1564 2521 1890 2578 EXPLICIT
1931 2519 2144 2576 LIBER
2179 2519 2470 2576 PRIMUS.

1275 2781 1670 2845 INCIPIUNT
1714 2780 2101 2844 CAPITULA
2157 2781 2367 2841 LIBRI
2415 2773 2778 2843 SE'CUNDI.

312 2937 360 2993 Ι.
392 2932 541 3005 Quid
570 2934 756 2990 beatus
788 2935 984 2990 Petrus
1022 2932 1295 3005 apostolus
1341 2935 1536 3006 suique
1583 2932 1876 3005 coapostoli
1906 2931 1970 2987 de

388 3024 661 3079 haereticis
688 3024 982 3079 senserint.

317 3112 391 3169 II.
424 3112 502 3167 De
526 3112 726 3183 pietate
753 3119 804 3168 et
825 3112 1125 3183 impietate,
1147 3115 1200 3166 et
1218 3110 1282 3166 de
1305 3109 1476 3166 Cham
1501 3117 1553 3165 et
1574 3110 1808 3166 Balaam
1832 3125 1972 3180 prx-

389 3201 721 3272 sumptione.

2081 2931 2224 2987 XVI.
2261 2930 2361 2987 Ubi
2386 2930 2792 2987 contradicitur
2811 2929 3093 2988 hwreticos
3122 2948 3221 2988 nec
3248 2934 3389 2990 sicut
3414 2936 3736 2996 criminosas

2153 3021 2305 3075 intra
2337 3018 2621 3075 ecclesiam
2650 3020 2821 3074 Deum
2851 3019 3063 3076 audire.

2080 3108 2251 3164 XVII.
2286 3109 2359 3164 De
2386 3107 2699 3179 di/ferentia
2720 3110 3122 3178 negotiatorum
3140 3113 3336 3167 saeculi
3353 3117 3404 3168 et
3423 3129 3612 3171 eorum
3640 3133 3736 3189 qui

2152 3197 2413 3252 dicuntur
2440 3195 2770 3253 Simoniaci.

314 3290 416 3346 lIl.
450 3291 525 3345 De
544 3296 766 3361 peccato
795 3288 968 3346 Chore
1011 3293 1063 3345 et
1112 3290 1403 3360 fautorum
1447 3287 1565 3359 ejus
1607 3294 1765 3359 atque
1806 3301 1973 3357 pana
2010 3355 2044 3363 _
2080 3285 2279 3341 XVIII.
2313 3287 2387 3342 De
2414 3301 2478 3341 eo
2520 3286 2659 3357 quod
2705 3286 2956 3342 carnales
3001 3288 3263 3346 Ecclesiae
3305 3292 3426 3346 sine
3470 3292 3580 3363 ﬁde
3625 3310 3737 3350 non

394 3394 600 3434 eorum.

320 3395 707 3539 Ινῗοῖὶῖῗίιιρο
735 3469 955 3540 sequaci
975 3472 1459 3539 praesumptorum,
1491 3469 1543 3521 et
1570 3465 1636 3521 de
1664 3464 1978 3537 differentia

390 3556 510 3611 veri
532 3560 584 3612 et
609 3555 750 3628 falsi
775 3555 1092 3613 sacerdotii.

320 3648 391 3701 ν.
427 3649 512 3702 De
538 3650 737 3705 Jamne
778 3647 829 3701 et
857 3644 1116 3717 Humbre,
1146 3645 1343 3718 quibus
1367 3645 1578 3717 pejores
1621 3648 1749 3700 sunt
1796 3644 1978 3699 Simo-

395 3750 547 3789 macz
556 3776 568 3788 .

2001 3355 2045 3422 C
2152 3376 2266 3430 sint
2304 3375 2485 3431 instar
2528 3355 2715 3431 Duben
2762 3382 2813 3431 et
2862 3375 2993 3445 Gad,
3025 3383 3077 3432 et
3103 3376 3353 3436 dimidiae
3401 3355 3579 3438 tribus
3625 3384 3735 3439 Ha-

2087 3479 2337 3608 XI’lesDee.
2389 3568 2449 3608 eo
2505 3552 2646 3624 quod
2697 3551 3002 3610 Simoniaci
3055 3572 3091 3610 a
3154 3555 3361 3613 Satana
3421 3560 3738 3630 pervadun-

2156 3646 2251 3695 tur
2276 3642 2524 3712 exemplo
2568 3640 2720 3697 Iudae
2760 3642 3134 3713 proditionem
3160 3646 3384 3701 Domini
3411 3648 3737 3716 aggredien-

2159 3729 2248 3784 tis.

315 3823 418 3879 VI.
458 3822 556 3880 Ubi
572 3822 937 3880 admonentur
958 3822 1264 3879 Christiani
1292 3824 1467 3879 vitare
1485 3822 1982 3894 supplantationem
2088 3814 2203 3872 XX.
2237 3817 2375 3885 Quot
2402 3815 2883 3872 maledictionibus
2927 3833 3050 3872 cum
3085 3816 3229 3872 Iuda
3259 3817 3566 3876 Simorziaci
3608 3824 3737 3878 sub-

399 3912 809 3980 hzzreticorum,
866 3928 1101 3985 quorum
1154 3910 1298 3967 inibi
1352 3911 1564 3966 malum
1617 3918 1780 3983 atque
1820 3927 1982 3982 paena

399 4017 592 4057 eorum
618 4000 937 4058 ostenditur.

315 4088 451 4146 VII.
484 4091 559 4146 De
577 4089 937 4147 damnatione
958 4088 1082 4160 ﬁcte
1099 4089 1459 4161 quwrentium
1481 4089 1650 4143 Deum
1671 4089 1770 4143 sub
1794 4103 1979 4145 exem-

389 4180 490 4251 plo
516 4179 754 4237 Ananiae
780 4187 833 4235 et
860 4178 1136 4251 Saphirze.

246 4282 257 4288 ‘
316 4266 475 4323 VIII.
507 4268 583 4323 De
608 4284 669 4325 eo
697 4267 839 4340 quod
865 4284 977 4324 non
1003 4269 1182 4325 solum
1207 4264 1531 4335 vovendum,
1551 4264 1641 4320 sed
1664 4268 1718 4321 et
1746 4264 1980 4321 redden-

396 4356 531 4412 dum
556 4359 631 4414 sit
658 4358 907 4414 Domino.

316 4445 412 4503 IX.
447 4445 597 4515 Quod
620 4447 859 4519 Spiritus
887 4453 1107 4502 sanctus
1127 4445 1389 4516 ﬁdelibus
1416 4446 1695 4516 appareat,
1729 4443 1977 4516 inﬁdeles

395 4542 581 4591 autem
609 4536 798 4607 lateat,
829 4552 866 4591 a
893 4536 1088 4608 quibus
1116 4551 1217 4591 nec
1243 4534 1536 4608 queritur.

318 4623 392 4681 X.
422 4626 499 4681 De
524 4639 774 4681 excessus
809 4640 998 4682 eorum
1042 4623 1365 4698 dijferentia
1409 4624 1507 4695 qui
1550 4637 1715 4693 super
1765 4622 1976 4694 funda—

397 4716 645 4769 mentum
685 4712 891 4770 Christi
935 4713 1199 4771 earcedunt
1236 4716 1288 4768 et
1321 4727 1509 4769 eorum
1552 4711 1650 4782 qui
1692 4711 1813 4767 sine
1861 4712 1976 4781 eius
2004 4727 2052 4792 Ι)

398 4802 772 4874 fundamento.

321 4890 421 4948 XI.
454 4891 608 4960 Quod
630 4892 843 4948 vitandi
881 4893 992 4948 sint
1020 4891 1271 4949 haeretici
1297 4888 1547 4960 exemplo
1578 4888 1898 4960 viperarum
1926 4892 1978 4944 et

396 4981 567 5039 malae
594 4981 826 5039 arboris.

319 5070 447 5128 XH.
482 5070 635 5140 Quod
656 5071 956 5144 plusquam
977 5061 1204 5144 'viperae
1229 5067 1459 5125 cavendi
1483 5068 1597 5123 sint
1625 5066 1890 5136 haeretici,
1923 5071 1977 5122 et

398 5158 465 5216 de
487 5163 692 5216 natura
722 5164 774 5216 et
802 5168 928 5234 typo
957 5175 1167 5215 earum.

315 5248 473 5308 XIII.
503 5249 754 5318 Qualiter
780 5250 987 5322 viperae
1013 5248 1340 5305 conveniant
1374 5245 1725 5302 Simonideis.

318 5336 474 5395 XIV.
509 5338 658 5406 Quod
686 5340 852 5394 unius
882 5337 1033 5395 modi
1058 5339 1173 5393 sint
1215 5337 1558 5392 subversores
1605 5339 1974 5391 sacramento-

395 5443 528 5482 rum
569 5430 621 5482 et
661 5429 947 5484 verborum
990 5426 1210 5495 Christi,
1238 5433 1291 5482 et
1319 5424 1458 5497 quod
1502 5439 1602 5479 nec
1644 5430 1833 5496 petant
1876 5440 1978 5480 nec

396 5516 699 5587 impetrant
730 5515 802 5573 ab
830 5532 910 5573 eo.

318 5602 445 5662 XV.
481 5604 728 5672 Qualiter
760 5622 795 5661 a
822 5605 1147 5680 quibusdam
1164 5605 1331 5678 juxta
1360 5602 1617 5677 quadam
1644 5618 1755 5659 non
1783 5603 1976 5662 audia-

400 5697 495 5751 tur
522 5701 574 5752 et
593 5694 762 5765 juxta
789 5696 1040 5769 qundam
1067 5693 1325 5754 audiatur
1351 5692 1630 5751 Dominus.

2149 3905 2393 3976 jaceant,
2425 3911 2475 3960 et
2504 3904 2741 3976 qualiter
2767 3919 2983 3960 omnem
3011 3905 3310 3961 Ecclesium
3337 3907 3592 3965 vendant.

2088 3991 2230 4048 XXI.
2260 3993 2337 4048 De
2371 4007 2431 4047 eo
2474 3991 2615 4064 quod
2641 4006 2752 4048 non
2776 3993 2952 4064 prosit
2982 3991 3314 4050 Simonideis
3342 3998 3739 4072 qualiscunque

2158 4097 2345 4137 eorum
2374 4080 2731 4151 eleemosyna.

2088 4167 2256 4225 XXII.
2305 4168 2444 4237 Quid
2492 4168 2678 4240 vulpes
2726 4168 3061 4228 Simoniacee
3111 4172 3327 4243 faciant
3378 4175 3462 4232 vel
3511 4179 3736 4249 patian-

2159 4266 2268 4314 tur.

2085 4347 2279 4404 XXIII.
2309 4346 2589 4416 Allegoria
2617 4345 2682 4402 de
2710 4346 2965 4414 vulpibus
2993 4366 3027 4404 a
3055 4349 3314 4407 Samsone
3342 4355 3533 4424 captis.

2086 4436 2277 4492 XXIV.
2313 4436 2543 4492 Collatia
2572 4438 2791 4492 actuum
2818 4436 2975 4495 Iuda:
3000 4441 3054 4494 et
3083 4438 3539 4496 Simoniacorum.

2083 4524 2247 4582 XXV.
2278 4525 2361 4613 De.
2378 4541 2439 4581 eo
2468 4525 2608 4598 quod
2652 4525 2829 4583 ludas
2874 4527 2995 4582 sine
3039 4526 3145 4596 ﬁde
3192 4528 3465 4600 paenituit,
3497 4534 3549 4585 et
3594 4532 3735 4603 quod

2153 4616 2547 4671 consentientes
2588 4613 2933 4686 principibus
2981 4613 3321 4671 sacerdotum
3365 4618 3471 4688 ﬁde
3520 4621 3735 4691 privati

2154 4707 2302 4760 sunt.

2082 4792 2273 4848 XXVI.
2307 4791 2456 4862 Quod
2483 4791 2568 4846 nil
2595 4791 2711 4846 nisi
2737 4790 3143 4847 damnationem
3171 4809 3207 4848 a
3230 4793 3558 4853 Simonideis
3587 4801 3730 4856 acci-

2146 4883 2315 4965 piant
2341 4883 2510 4937 etiam
2531 4880 2705 4949 gratis
2750 4878 3013 4945 ordinati,
3045 4888 3097 4937 et
3141 4882 3282 4954 quod
3323 4884 3472 4943 idola
3513 4888 3733 4958 faciant

2150 4987 2253 5043 pro
2284 4969 2494 5025 Christo
2522 4967 2767 5023 adorari.

2083 5058 2300 5116 XXVII.
2333 5057 2613 5115 Sententia
2652 5058 2832 5112 sancti
2876 5056 3175 5131 Augustini
3203 5078 3313 5133 qua
3339 5079 3525 5120 omnes
3552 5065 3727 5123 haere-

2155 5150 2258 5206 tici
2283 5148 2679 5205 convincuntur
2712 5161 2916 5218 negare
2958 5150 3142 5205 Iesum
3173 5148 3449 5206 Christum
3476 5153 3534 5207 in
3565 5169 3733 5209 carne

2153 5253 2383 5295 venisse.

2084 5328 2330 5385 XXVIII.
2363 5328 2494 5382 Item
2525 5325 2680 5397 cujus
2707 5340 2895 5396 supra,
2927 5325 2993 5381 de
3015 5341 3076 5383 eo
3104 5326 3244 5397 quod
3272 5326 3520 5385 haeretici
3547 5328 3729 5403 Spiri-

2154 5423 2273 5475 tum
2313 5424 2565 5472 sanctum
2591 5430 2702 5471 non
2730 5414 2949 5481 habent,
2980 5417 3229 5487 quamvis
3259 5417 3504 5474 visibilia
3544 5436 3729 5476 sacra-

2154 5509 2344 5564 menta
2373 5505 2626 5561 habeant.

2085 5596 2279 5655 XXIX.
2309 5596 2443 5652 Item
2483 5594 2639 5666 cujus
2669 5597 2721 5650 et
2750 5592 2893 5650 unde
2937 5609 3107 5666 supra
3136 5596 3197 5650 in
3243 5612 3348 5669 quo
3392 5599 3732 5668 cognoscitur

2158 5685 2396 5761 Spiritus
2425 5682 2544 5739 Dei.
3563 5690 3571 5695 ο
