  <div class='ocr_page' id='page_1' title='image "/cluster/home/n/w/nwhite01/storage/ocr_20150623/143/hvd.32044054760038/536.png"; bbox 0 0 4106 6178; ppageno 0'>
   <div class='ocr_carea' id='block_1_1' title="bbox 250 358 408 424">
    <p class='ocr_par' dir='ltr' id='par_1_1' title="bbox 250 358 408 424">
     <span class='ocr_line' id='line_1_1' title="bbox 250 358 408 424; baseline -0.006 -1"><span class='ocrx_word' id='word_1_1' title='bbox 250 358 408 424; x_wconf 68' lang='grc'>1057</span> 
     </span>
    </p>
   </div>
   <div class='ocr_carea' id='block_1_2' title="bbox 813 359 3088 477">
    <p class='ocr_par' dir='ltr' id='par_1_2' title="bbox 813 359 3088 477">
     <span class='ocr_line' id='line_1_2' title="bbox 813 359 3088 477; baseline 0.007 -54"><span class='ocrx_word' id='word_1_2' title='bbox 813 359 1225 430; x_wconf 83' lang='lat' dir='ltr'>ADVERSUS</span> <span class='ocrx_word' id='word_1_3' title='bbox 1273 361 1748 431; x_wconf 85' lang='lat' dir='ltr'>SIMONlACOS</span> <span class='ocrx_word' id='word_1_4' title='bbox 1793 365 2002 431; x_wconf 82' lang='lat' dir='ltr'><strong>LIBRI</strong></span> <span class='ocrx_word' id='word_1_5' title='bbox 2046 365 2610 435; x_wconf 76' lang='lat' dir='ltr'>TltES.—LIBER</span> <span class='ocrx_word' id='word_1_6' title='bbox 2655 365 3088 477; x_wconf 82' lang='lat' dir='ltr'>SECUNDUS.</span> 
     </span>
    </p>
   </div>
   <div class='ocr_carea' id='block_1_3' title="bbox 3493 378 3648 444">
    <p class='ocr_par' dir='ltr' id='par_1_3' title="bbox 3493 378 3648 444">
     <span class='ocr_line' id='line_1_3' title="bbox 3493 378 3648 444; baseline 0 -4"><span class='ocrx_word' id='word_1_7' title='bbox 3493 378 3648 444; x_wconf 66' lang='lat'>£058</span> 
     </span>
    </p>
   </div>
   <div class='ocr_carea' id='block_1_4' title="bbox 249 493 3647 578">
    <p class='ocr_par' dir='ltr' id='par_1_4' title="bbox 249 493 3647 578">
     <span class='ocr_line' id='line_1_4' title="bbox 249 493 3647 578; baseline 0.006 -29"><span class='ocrx_word' id='word_1_8' title='bbox 249 493 951 566; x_wconf 70' lang='lat' dir='ltr'>rimi,superzediﬁcantes</span> <span class='ocrx_word' id='word_1_9' title='bbox 972 499 1354 571; x_wconf 81' lang='lat' dir='ltr'>vosmetipsos</span> <span class='ocrx_word' id='word_1_10' title='bbox 1376 501 1757 556; x_wconf 81' lang='lat' dir='ltr'>sanctissimae</span> <span class='ocrx_word' id='word_1_11' title='bbox 1800 519 1893 557; x_wconf 85' lang='lat' dir='ltr'>ve-</span> <span class='ocrx_word' id='word_1_12' title='bbox 1924 513 1979 578; x_wconf 75' lang='grc' dir='ltr'><strong>Α</strong></span> <span class='ocrx_word' id='word_1_13' title='bbox 2009 505 2314 574; x_wconf 90' lang='lat' dir='ltr'>quentium</span> <span class='ocrx_word' id='word_1_14' title='bbox 2366 508 2758 575; x_wconf 82' lang='lat' dir='ltr'>mendacium,</span> <span class='ocrx_word' id='word_1_15' title='bbox 2813 511 3263 566; x_wconf 88' lang='lat' dir='ltr'>etcauteriatam</span> <span class='ocrx_word' id='word_1_16' title='bbox 3304 512 3647 570; x_wconf 79' lang='lat' dir='ltr'>habentium</span> 
     </span>
    </p>
   </div>
   <div class='ocr_carea' id='block_1_5' title="bbox 249 582 1892 661">
    <p class='ocr_par' dir='ltr' id='par_1_5' title="bbox 249 582 1892 661">
     <span class='ocr_line' id='line_1_5' title="bbox 249 582 1892 661; baseline 0.005 -24"><span class='ocrx_word' id='word_1_17' title='bbox 249 600 328 637; x_wconf 65' lang='lat' dir='ltr'>rae</span> <span class='ocrx_word' id='word_1_18' title='bbox 364 582 515 650; x_wconf 91' lang='lat' dir='ltr'>ﬁdei,</span> <span class='ocrx_word' id='word_1_19' title='bbox 540 583 596 637; x_wconf 92' lang='lat' dir='ltr'>in</span> <span class='ocrx_word' id='word_1_20' title='bbox 623 584 846 654; x_wconf 81' lang='lat' dir='ltr'>Spiritu</span> <span class='ocrx_word' id='word_1_21' title='bbox 896 591 1096 642; x_wconf 90' lang='lat' dir='ltr'>sancto</span> <span class='ocrx_word' id='word_1_22' title='bbox 1146 592 1400 655; x_wconf 76' lang='lat' dir='ltr'>orantes,</span> <span class='ocrx_word' id='word_1_23' title='bbox 1425 590 1811 661; x_wconf 90' lang='lat' dir='ltr'>vosmetipsos</span> <span class='ocrx_word' id='word_1_24' title='bbox 1833 590 1892 644; x_wconf 91' lang='lat' dir='ltr'>in</span> 
     </span>
    </p>
   </div>
   <div class='ocr_carea' id='block_1_6' title="bbox 245 671 1892 749">
    <p class='ocr_par' dir='ltr' id='par_1_6' title="bbox 245 671 1892 749">
     <span class='ocr_line' id='line_1_6' title="bbox 245 671 1892 749; baseline 0.005 -23"><span class='ocrx_word' id='word_1_25' title='bbox 245 671 564 727; x_wconf 89' lang='lat' dir='ltr'>dilectione</span> <span class='ocrx_word' id='word_1_26' title='bbox 589 673 817 739; x_wconf 86' lang='lat' dir='ltr'>Domini</span> <span class='ocrx_word' id='word_1_27' title='bbox 839 681 1080 743; x_wconf 89' lang='lat' dir='ltr'>servate,</span> <span class='ocrx_word' id='word_1_28' title='bbox 1117 683 1516 749; x_wconf 81' lang='lat' dir='ltr'>exspectantes</span> <span class='ocrx_word' id='word_1_29' title='bbox 1566 679 1892 734; x_wconf 91' lang='lat' dir='ltr'>misericor-</span> 
     </span>
    </p>
   </div>
   <div class='ocr_carea' id='block_1_7' title="bbox 244 760 1898 823">
    <p class='ocr_par' dir='ltr' id='par_1_7' title="bbox 244 760 1898 823">
     <span class='ocr_line' id='line_1_7' title="bbox 244 760 1898 823; baseline 0.005 -9"><span class='ocrx_word' id='word_1_30' title='bbox 244 761 407 815; x_wconf 84' lang='lat' dir='ltr'>diam</span> <span class='ocrx_word' id='word_1_31' title='bbox 433 760 533 815; x_wconf 89' lang='lat' dir='ltr'>Dei</span> <span class='ocrx_word' id='word_1_32' title='bbox 556 761 740 816; x_wconf 83' lang='lat' dir='ltr'>nostri</span> <span class='ocrx_word' id='word_1_33' title='bbox 779 763 916 818; x_wconf 86' lang='lat' dir='ltr'>Jesu</span> <span class='ocrx_word' id='word_1_34' title='bbox 940 764 1149 821; x_wconf 88' lang='lat' dir='ltr'>Christi</span> <span class='ocrx_word' id='word_1_35' title='bbox 1169 765 1226 820; x_wconf 91' lang='lat' dir='ltr'>in</span> <span class='ocrx_word' id='word_1_36' title='bbox 1276 766 1455 822; x_wconf 86' lang='lat' dir='ltr'>vitam</span> <span class='ocrx_word' id='word_1_37' title='bbox 1500 771 1794 823; x_wconf 67' lang='lat' dir='ltr'>aeternam.</span> <span class='ocrx_word' id='word_1_38' title='bbox 1828 769 1898 822; x_wconf 91' lang='lat' dir='ltr'>Et</span> 
     </span>
    </p>
   </div>
   <div class='ocr_carea' id='block_1_8' title="bbox 244 849 1896 924">
    <p class='ocr_par' dir='ltr' id='par_1_8' title="bbox 244 849 1896 924">
     <span class='ocr_line' id='line_1_8' title="bbox 244 849 1896 924; baseline 0.004 -20"><span class='ocrx_word' id='word_1_39' title='bbox 244 849 364 914; x_wconf 31' lang='lat' dir='ltr'>bos,</span> <span class='ocrx_word' id='word_1_40' title='bbox 385 849 624 922; x_wconf 85' lang='lat' dir='ltr'>quidem</span> <span class='ocrx_word' id='word_1_41' title='bbox 647 851 872 924; x_wconf 86' lang='lat' dir='ltr'>arguite</span> <span class='ocrx_word' id='word_1_42' title='bbox 886 852 1245 924; x_wconf 85' lang='lat' dir='ltr'>judicantes,</span> <span class='ocrx_word' id='word_1_43' title='bbox 1276 855 1407 911; x_wconf 92' lang='lat' dir='ltr'>illos</span> <span class='ocrx_word' id='word_1_44' title='bbox 1426 872 1559 912; x_wconf 92' lang='lat' dir='ltr'>vero</span> <span class='ocrx_word' id='word_1_45' title='bbox 1581 856 1798 912; x_wconf 89' lang='lat' dir='ltr'>salvate</span> <span class='ocrx_word' id='word_1_46' title='bbox 1827 857 1896 911; x_wconf 92' lang='lat' dir='ltr'>de</span> 
     </span>
    </p>
   </div>
   <div class='ocr_carea' id='block_1_9' title="bbox 242 937 1894 1014">
    <p class='ocr_par' dir='ltr' id='par_1_9' title="bbox 242 937 1894 1014">
     <span class='ocr_line' id='line_1_9' title="bbox 242 937 1894 1014; baseline 0.005 -23"><span class='ocrx_word' id='word_1_47' title='bbox 242 937 383 1010; x_wconf 89' lang='lat' dir='ltr'>igne</span> <span class='ocrx_word' id='word_1_48' title='bbox 402 938 696 1010; x_wconf 81' lang='lat' dir='ltr'>rapientes</span> <span class='ocrx_word' id='word_1_49' title='bbox 721 965 735 1007; x_wconf 87' lang='lat'><strong>;</strong></span> <span class='ocrx_word' id='word_1_50' title='bbox 760 939 893 996; x_wconf 89' lang='lat' dir='ltr'>aliis</span> <span class='ocrx_word' id='word_1_51' title='bbox 915 946 1111 998; x_wconf 90' lang='lat' dir='ltr'>autem</span> <span class='ocrx_word' id='word_1_52' title='bbox 1145 943 1507 1000; x_wconf 82' lang='lat' dir='ltr'>miseremini</span> <span class='ocrx_word' id='word_1_53' title='bbox 1556 945 1614 1000; x_wconf 92' lang='lat' dir='ltr'>in</span> <span class='ocrx_word' id='word_1_54' title='bbox 1665 945 1894 1014; x_wconf 90' lang='lat' dir='ltr'>timore,</span> 
     </span>
    </p>
   </div>
   <div class='ocr_carea' id='block_1_10' title="bbox 247 1024 1897 1100">
    <p class='ocr_par' dir='ltr' id='par_1_10' title="bbox 247 1024 1897 1100">
     <span class='ocr_line' id='line_1_10' title="bbox 247 1024 1897 1100; baseline 0.004 -20"><span class='ocrx_word' id='word_1_55' title='bbox 247 1024 512 1082; x_wconf 89' lang='lat' dir='ltr'>odientes</span> <span class='ocrx_word' id='word_1_56' title='bbox 536 1032 591 1083; x_wconf 92' lang='lat' dir='ltr'>et</span> <span class='ocrx_word' id='word_1_57' title='bbox 607 1044 759 1095; x_wconf 85' lang='lat' dir='ltr'>eam,</span> <span class='ocrx_word' id='word_1_58' title='bbox 782 1045 908 1100; x_wconf 61' lang='lat' dir='ltr'>quis</span> <span class='ocrx_word' id='word_1_59' title='bbox 928 1029 1183 1086; x_wconf 84' lang='lat' dir='ltr'>carnalis</span> <span class='ocrx_word' id='word_1_60' title='bbox 1204 1036 1313 1098; x_wconf 89' lang='lat' dir='ltr'>est,</span> <span class='ocrx_word' id='word_1_61' title='bbox 1349 1031 1701 1092; x_wconf 86' lang='lat' dir='ltr'>maculatam</span> <span class='ocrx_word' id='word_1_62' title='bbox 1740 1033 1897 1088; x_wconf 90' lang='lat' dir='ltr'>tuni-</span> 
     </span>
    </p>
   </div>
   <div class='ocr_carea' id='block_1_11' title="bbox 245 1115 1895 1195">
    <p class='ocr_par' dir='ltr' id='par_1_11' title="bbox 245 1115 1895 1195">
     <span class='ocr_line' id='line_1_11' title="bbox 245 1115 1895 1195; baseline 0.005 -27"><span class='ocrx_word' id='word_1_63' title='bbox 245 1130 379 1180; x_wconf 86' lang='lat' dir='ltr'>cam</span> <span class='ocrx_word' id='word_1_64' title='bbox 401 1115 551 1185; x_wconf 82' lang='lat' dir='ltr'>(Jud.</span> <span class='ocrx_word' id='word_1_65' title='bbox 585 1116 787 1188; x_wconf 75' lang='lat'>11-25).</span> <span class='ocrx_word' id='word_1_66' title='bbox 814 1117 1110 1175; x_wconf 80' lang='lat' dir='ltr'>»Joannes</span> <span class='ocrx_word' id='word_1_67' title='bbox 1133 1137 1362 1192; x_wconf 90' lang='lat' dir='ltr'>quoque</span> <span class='ocrx_word' id='word_1_68' title='bbox 1385 1120 1502 1177; x_wconf 89' lang='lat' dir='ltr'>sive</span> <span class='ocrx_word' id='word_1_69' title='bbox 1519 1121 1895 1195; x_wconf 86' lang='lat' dir='ltr'>evangelista,</span> 
     </span>
    </p>
   </div>
   <div class='ocr_carea' id='block_1_12' title="bbox 247 1203 1898 1282">
    <p class='ocr_par' dir='ltr' id='par_1_12' title="bbox 247 1203 1898 1282">
     <span class='ocr_line' id='line_1_12' title="bbox 247 1203 1898 1282; baseline 0.005 -25"><span class='ocrx_word' id='word_1_70' title='bbox 247 1207 314 1258; x_wconf 86' lang='lat' dir='ltr'>ut</span> <span class='ocrx_word' id='word_1_71' title='bbox 338 1203 617 1269; x_wconf 86' lang='lat' dir='ltr'>creditur,</span> <span class='ocrx_word' id='word_1_72' title='bbox 642 1205 761 1260; x_wconf 88' lang='lat' dir='ltr'>sive</span> <span class='ocrx_word' id='word_1_73' title='bbox 784 1207 1086 1280; x_wconf 83' lang='lat' dir='ltr'>presbyter</span> <span class='ocrx_word' id='word_1_74' title='bbox 1105 1209 1373 1266; x_wconf 68' lang='lat' dir='ltr'>Ecclesia:</span> <span class='ocrx_word' id='word_1_75' title='bbox 1397 1210 1628 1282; x_wconf 86' lang='lat' dir='ltr'>Ephesi,</span> <span class='ocrx_word' id='word_1_76' title='bbox 1666 1211 1898 1266; x_wconf 86' lang='lat' dir='ltr'>cuidam</span> 
     </span>
    </p>
   </div>
   <div class='ocr_carea' id='block_1_13' title="bbox 244 1293 1899 1358">
    <p class='ocr_par' dir='ltr' id='par_1_13' title="bbox 244 1293 1899 1358">
     <span class='ocr_line' id='line_1_13' title="bbox 244 1293 1899 1358; baseline 0.005 -12"><span class='ocrx_word' id='word_1_77' title='bbox 244 1297 463 1346; x_wconf 66' lang='lat' dir='ltr'>sancta:</span> <span class='ocrx_word' id='word_1_78' title='bbox 486 1293 713 1348; x_wconf 65' lang='lat' dir='ltr'>feminae</span> <span class='ocrx_word' id='word_1_79' title='bbox 735 1295 998 1350; x_wconf 88' lang='lat' dir='ltr'>scribens</span> <span class='ocrx_word' id='word_1_80' title='bbox 1015 1296 1188 1358; x_wconf 80' lang='lat' dir='ltr'>dicit;</span> <span class='ocrx_word' id='word_1_81' title='bbox 1225 1321 1252 1347; x_wconf 85' lang='lat'><strong><em>«</em></strong></span> <span class='ocrx_word' id='word_1_82' title='bbox 1281 1298 1397 1353; x_wconf 86' lang='lat' dir='ltr'>Hoc</span> <span class='ocrx_word' id='word_1_83' title='bbox 1422 1303 1510 1354; x_wconf 92' lang='lat' dir='ltr'>est</span> <span class='ocrx_word' id='word_1_84' title='bbox 1556 1300 1899 1354; x_wconf 87' lang='lat' dir='ltr'>mandatum</span> 
     </span>
    </p>
   </div>
   <div class='ocr_carea' id='block_1_14' title="bbox 245 1380 1902 1453">
    <p class='ocr_par' dir='ltr' id='par_1_14' title="bbox 245 1380 1902 1453">
     <span class='ocr_line' id='line_1_14' title="bbox 245 1380 1902 1453; baseline 0.004 -18"><span class='ocrx_word' id='word_1_85' title='bbox 245 1380 371 1449; x_wconf 88' lang='lat' dir='ltr'>Dei,</span> <span class='ocrx_word' id='word_1_86' title='bbox 397 1383 979 1453; x_wconf 88' lang='lat' dir='ltr'>utquemadmodum</span> <span class='ocrx_word' id='word_1_87' title='bbox 1002 1387 1249 1442; x_wconf 90' lang='lat' dir='ltr'>audistis</span> <span class='ocrx_word' id='word_1_88' title='bbox 1273 1389 1343 1442; x_wconf 90' lang='lat' dir='ltr'>ab</span> <span class='ocrx_word' id='word_1_89' title='bbox 1377 1387 1540 1443; x_wconf 89' lang='lat' dir='ltr'>initio</span> <span class='ocrx_word' id='word_1_90' title='bbox 1572 1388 1628 1443; x_wconf 91' lang='lat' dir='ltr'>in</span> <span class='ocrx_word' id='word_1_91' title='bbox 1662 1405 1727 1444; x_wconf 91' lang='lat' dir='ltr'>eo</span> <span class='ocrx_word' id='word_1_92' title='bbox 1777 1405 1902 1443; x_wconf 90' lang='lat' dir='ltr'>am-</span> 
     </span>
    </p>
   </div>
   <div class='ocr_carea' id='block_1_15' title="bbox 247 1469 1905 1536">
    <p class='ocr_par' dir='ltr' id='par_1_15' title="bbox 247 1469 1905 1536">
     <span class='ocr_line' id='line_1_15' title="bbox 247 1469 1905 1536; baseline 0.004 -12"><span class='ocrx_word' id='word_1_93' title='bbox 247 1469 487 1525; x_wconf 88' lang='lat' dir='ltr'>buletis.</span> <span class='ocrx_word' id='word_1_94' title='bbox 516 1471 799 1536; x_wconf 77' lang='lat' dir='ltr'>Quoniam</span> <span class='ocrx_word' id='word_1_95' title='bbox 825 1472 992 1528; x_wconf 88' lang='lat' dir='ltr'>multi</span> <span class='ocrx_word' id='word_1_96' title='bbox 1016 1475 1352 1532; x_wconf 88' lang='lat' dir='ltr'>seductores</span> <span class='ocrx_word' id='word_1_97' title='bbox 1367 1477 1632 1532; x_wconf 87' lang='lat' dir='ltr'>exierunt</span> <span class='ocrx_word' id='word_1_98' title='bbox 1653 1477 1711 1531; x_wconf 92' lang='lat' dir='ltr'>in</span> <span class='ocrx_word' id='word_1_99' title='bbox 1740 1494 1905 1532; x_wconf 90' lang='lat' dir='ltr'>mun-</span> 
     </span>
    </p>
   </div>
   <div class='ocr_carea' id='block_1_16' title="bbox 246 1559 1902 1631">
    <p class='ocr_par' dir='ltr' id='par_1_16' title="bbox 246 1559 1902 1631">
     <span class='ocr_line' id='line_1_16' title="bbox 246 1559 1902 1631; baseline 0.006 -19"><span class='ocrx_word' id='word_1_100' title='bbox 246 1559 416 1627; x_wconf 91' lang='lat' dir='ltr'>dum,</span> <span class='ocrx_word' id='word_1_101' title='bbox 440 1561 537 1631; x_wconf 87' lang='lat' dir='ltr'>qui</span> <span class='ocrx_word' id='word_1_102' title='bbox 564 1577 675 1615; x_wconf 90' lang='lat' dir='ltr'>non</span> <span class='ocrx_word' id='word_1_103' title='bbox 711 1562 1066 1618; x_wconf 90' lang='lat' dir='ltr'>conﬁtentur</span> <span class='ocrx_word' id='word_1_104' title='bbox 1095 1564 1295 1619; x_wconf 86' lang='lat' dir='ltr'>Jesum</span> <span class='ocrx_word' id='word_1_105' title='bbox 1327 1565 1625 1622; x_wconf 85' lang='lat' dir='ltr'>Christum</span> <span class='ocrx_word' id='word_1_106' title='bbox 1675 1567 1902 1622; x_wconf 85' lang='lat' dir='ltr'>venisse</span> 
     </span>
    </p>
   </div>
   <div class='ocr_carea' id='block_1_17' title="bbox 245 1647 1902 1711">
    <p class='ocr_par' dir='ltr' id='par_1_17' title="bbox 245 1647 1902 1711">
     <span class='ocr_line' id='line_1_17' title="bbox 245 1647 1902 1711; baseline 0.006 -10"><span class='ocrx_word' id='word_1_107' title='bbox 245 1647 304 1702; x_wconf 91' lang='lat' dir='ltr'>in</span> <span class='ocrx_word' id='word_1_108' title='bbox 338 1665 595 1703; x_wconf 89' lang='lat' dir='ltr'>carnem.</span> <span class='ocrx_word' id='word_1_109' title='bbox 625 1649 727 1705; x_wconf 91' lang='lat' dir='ltr'>Hic</span> <span class='ocrx_word' id='word_1_110' title='bbox 755 1655 844 1706; x_wconf 88' lang='lat' dir='ltr'>est</span> <span class='ocrx_word' id='word_1_111' title='bbox 873 1652 1146 1708; x_wconf 87' lang='lat' dir='ltr'>seductor</span> <span class='ocrx_word' id='word_1_112' title='bbox 1176 1659 1231 1708; x_wconf 88' lang='lat' dir='ltr'>et</span> <span class='ocrx_word' id='word_1_113' title='bbox 1259 1655 1672 1710; x_wconf 82' lang='lat' dir='ltr'>Antichristus.</span> <span class='ocrx_word' id='word_1_114' title='bbox 1703 1655 1902 1711; x_wconf 89' lang='lat' dir='ltr'>Videte</span> 
     </span>
    </p>
   </div>
   <div class='ocr_carea' id='block_1_18' title="bbox 241 1738 1904 1814">
    <p class='ocr_par' dir='ltr' id='par_1_18' title="bbox 241 1738 1904 1814">
     <span class='ocr_line' id='line_1_18' title="bbox 241 1738 1904 1814; baseline 0.005 -24"><span class='ocrx_word' id='word_1_115' title='bbox 241 1738 636 1810; x_wconf 83' lang='lat' dir='ltr'>vosmetipsos</span> <span class='ocrx_word' id='word_1_116' title='bbox 664 1756 736 1795; x_wconf 91' lang='lat' dir='ltr'>ne</span> <span class='ocrx_word' id='word_1_117' title='bbox 768 1741 1024 1812; x_wconf 88' lang='lat' dir='ltr'>perdatis</span> <span class='ocrx_word' id='word_1_118' title='bbox 1056 1759 1183 1813; x_wconf 69' lang='lat' dir='ltr'>quae</span> <span class='ocrx_word' id='word_1_119' title='bbox 1215 1744 1434 1814; x_wconf 89' lang='lat' dir='ltr'>operati</span> <span class='ocrx_word' id='word_1_120' title='bbox 1468 1744 1631 1810; x_wconf 87' lang='lat' dir='ltr'>estis,</span> <span class='ocrx_word' id='word_1_121' title='bbox 1685 1745 1783 1800; x_wconf 91' lang='lat' dir='ltr'>sed</span> <span class='ocrx_word' id='word_1_122' title='bbox 1841 1749 1904 1799; x_wconf 93' lang='lat' dir='ltr'>ut</span> 
     </span>
    </p>
   </div>
   <div class='ocr_carea' id='block_1_19' title="bbox 245 1827 1902 1904">
    <p class='ocr_par' dir='ltr' id='par_1_19' title="bbox 245 1827 1902 1904">
     <span class='ocr_line' id='line_1_19' title="bbox 245 1827 1902 1904; baseline 0.005 -24"><span class='ocrx_word' id='word_1_123' title='bbox 245 1828 572 1882; x_wconf 87' lang='lat' dir='ltr'>mercedem</span> <span class='ocrx_word' id='word_1_124' title='bbox 609 1827 838 1899; x_wconf 87' lang='lat' dir='ltr'>plenam</span> <span class='ocrx_word' id='word_1_125' title='bbox 873 1831 1192 1902; x_wconf 89' lang='lat' dir='ltr'>accipiatis.</span> <span class='ocrx_word' id='word_1_126' title='bbox 1227 1832 1431 1888; x_wconf 91' lang='lat' dir='ltr'>Omnis</span> <span class='ocrx_word' id='word_1_127' title='bbox 1470 1834 1566 1904; x_wconf 90' lang='lat' dir='ltr'>qui</span> <span class='ocrx_word' id='word_1_128' title='bbox 1603 1834 1817 1888; x_wconf 90' lang='lat' dir='ltr'>recedit</span> <span class='ocrx_word' id='word_1_129' title='bbox 1846 1838 1902 1889; x_wconf 91' lang='lat' dir='ltr'>et</span> 
     </span>
    </p>
   </div>
   <div class='ocr_carea' id='block_1_20' title="bbox 246 1913 1909 1994">
    <p class='ocr_par' dir='ltr' id='par_1_20' title="bbox 246 1913 1909 1994">
     <span class='ocr_line' id='line_1_20' title="bbox 246 1913 1909 1994; baseline 0.004 -25"><span class='ocrx_word' id='word_1_130' title='bbox 246 1931 366 1970; x_wconf 90' lang='lat' dir='ltr'>non</span> <span class='ocrx_word' id='word_1_131' title='bbox 392 1920 582 1970; x_wconf 89' lang='lat' dir='ltr'>manet</span> <span class='ocrx_word' id='word_1_132' title='bbox 602 1916 660 1970; x_wconf 91' lang='lat' dir='ltr'>in</span> <span class='ocrx_word' id='word_1_133' title='bbox 684 1917 948 1973; x_wconf 90' lang='lat' dir='ltr'>doctrina</span> <span class='ocrx_word' id='word_1_134' title='bbox 971 1919 1193 1984; x_wconf 90' lang='lat' dir='ltr'>christi,</span> <span class='ocrx_word' id='word_1_135' title='bbox 1218 1920 1399 1975; x_wconf 90' lang='lat' dir='ltr'>Deum</span> <span class='ocrx_word' id='word_1_136' title='bbox 1428 1938 1540 1976; x_wconf 93' lang='lat' dir='ltr'>non</span> <span class='ocrx_word' id='word_1_137' title='bbox 1569 1921 1745 1976; x_wconf 86' lang='lat' dir='ltr'>habet</span> <span class='ocrx_word' id='word_1_138' title='bbox 1767 1939 1778 1975; x_wconf 92' lang='lat'>:</span> <span class='ocrx_word' id='word_1_139' title='bbox 1798 1913 1909 1994; x_wconf 75' lang='lat' dir='ltr'>qui</span> 
     </span>
    </p>
   </div>
   <div class='ocr_carea' id='block_1_21' title="bbox 241 2005 1897 2075">
    <p class='ocr_par' dir='ltr' id='par_1_21' title="bbox 241 2005 1897 2075">
     <span class='ocr_line' id='line_1_21' title="bbox 241 2005 1897 2075; baseline 0.005 -17"><span class='ocrx_word' id='word_1_140' title='bbox 241 2009 554 2075; x_wconf 86' lang='lat' dir='ltr'>permanet</span> <span class='ocrx_word' id='word_1_141' title='bbox 583 2005 640 2060; x_wconf 93' lang='lat' dir='ltr'>in</span> <span class='ocrx_word' id='word_1_142' title='bbox 665 2006 948 2074; x_wconf 81' lang='lat' dir='ltr'>doctrina,</span> <span class='ocrx_word' id='word_1_143' title='bbox 982 2007 1075 2062; x_wconf 88' lang='lat' dir='ltr'>hic</span> <span class='ocrx_word' id='word_1_144' title='bbox 1096 2012 1151 2063; x_wconf 90' lang='lat' dir='ltr'>et</span> <span class='ocrx_word' id='word_1_145' title='bbox 1180 2008 1390 2064; x_wconf 87' lang='lat' dir='ltr'>Filium</span> <span class='ocrx_word' id='word_1_146' title='bbox 1423 2015 1478 2064; x_wconf 90' lang='lat' dir='ltr'>et</span> <span class='ocrx_word' id='word_1_147' title='bbox 1510 2011 1735 2065; x_wconf 83' lang='lat' dir='ltr'>Patrem</span> <span class='ocrx_word' id='word_1_148' title='bbox 1797 2012 1897 2066; x_wconf 90' lang='lat' dir='ltr'>ha-</span> 
     </span>
    </p>
   </div>
   <div class='ocr_carea' id='block_1_22' title="bbox 244 2093 1898 2165">
    <p class='ocr_par' dir='ltr' id='par_1_22' title="bbox 244 2093 1898 2165">
     <span class='ocr_line' id='line_1_22' title="bbox 244 2093 1898 2165; baseline 0.004 -19"><span class='ocrx_word' id='word_1_149' title='bbox 244 2093 363 2148; x_wconf 87' lang='lat' dir='ltr'>bet.</span> <span class='ocrx_word' id='word_1_150' title='bbox 391 2093 588 2165; x_wconf 88' lang='lat' dir='ltr'>Siquis</span> <span class='ocrx_word' id='word_1_151' title='bbox 608 2095 767 2151; x_wconf 86' lang='lat' dir='ltr'>venit</span> <span class='ocrx_word' id='word_1_152' title='bbox 791 2097 862 2150; x_wconf 91' lang='lat' dir='ltr'>ad</span> <span class='ocrx_word' id='word_1_153' title='bbox 892 2113 992 2151; x_wconf 89' lang='lat' dir='ltr'>vos</span> <span class='ocrx_word' id='word_1_154' title='bbox 1022 2100 1078 2150; x_wconf 88' lang='lat' dir='ltr'>et</span> <span class='ocrx_word' id='word_1_155' title='bbox 1109 2097 1257 2152; x_wconf 90' lang='lat' dir='ltr'>hanc</span> <span class='ocrx_word' id='word_1_156' title='bbox 1290 2097 1616 2152; x_wconf 87' lang='lat' dir='ltr'>doctrinam</span> <span class='ocrx_word' id='word_1_157' title='bbox 1651 2116 1762 2153; x_wconf 92' lang='lat' dir='ltr'>non</span> <span class='ocrx_word' id='word_1_158' title='bbox 1814 2101 1898 2153; x_wconf 88' lang='lat' dir='ltr'>af-</span> 
     </span>
    </p>
   </div>
   <div class='ocr_carea' id='block_1_23' title="bbox 247 2181 1898 2256">
    <p class='ocr_par' dir='ltr' id='par_1_23' title="bbox 247 2181 1898 2256">
     <span class='ocr_line' id='line_1_23' title="bbox 247 2181 1898 2256; baseline 0.004 -20"><span class='ocrx_word' id='word_1_159' title='bbox 247 2182 378 2247; x_wconf 88' lang='lat' dir='ltr'>fert,</span> <span class='ocrx_word' id='word_1_160' title='bbox 415 2181 592 2238; x_wconf 88' lang='lat' dir='ltr'>nolite</span> <span class='ocrx_word' id='word_1_161' title='bbox 613 2199 747 2238; x_wconf 88' lang='lat' dir='ltr'>eum</span> <span class='ocrx_word' id='word_1_162' title='bbox 767 2185 1020 2256; x_wconf 88' lang='lat' dir='ltr'>recipere</span> <span class='ocrx_word' id='word_1_163' title='bbox 1041 2185 1100 2239; x_wconf 91' lang='lat' dir='ltr'>in</span> <span class='ocrx_word' id='word_1_164' title='bbox 1123 2186 1388 2255; x_wconf 91' lang='lat' dir='ltr'>domum,</span> <span class='ocrx_word' id='word_1_165' title='bbox 1406 2201 1510 2241; x_wconf 87' lang='lat' dir='ltr'>nec</span> <span class='ocrx_word' id='word_1_166' title='bbox 1531 2189 1644 2242; x_wconf 85' lang='lat' dir='ltr'>Ave</span> <span class='ocrx_word' id='word_1_167' title='bbox 1665 2188 1715 2242; x_wconf 92' lang='lat' dir='ltr'>ei</span> <span class='ocrx_word' id='word_1_168' title='bbox 1740 2188 1898 2242; x_wconf 82' lang='lat' dir='ltr'>dixe-</span> 
     </span>
    </p>
   </div>
   <div class='ocr_carea' id='block_1_24' title="bbox 248 2269 1899 2348">
    <p class='ocr_par' dir='ltr' id='par_1_24' title="bbox 248 2269 1899 2348">
     <span class='ocr_line' id='line_1_24' title="bbox 248 2269 1899 2348; baseline 0.004 -23"><span class='ocrx_word' id='word_1_169' title='bbox 248 2269 520 2333; x_wconf 79' lang='lat' dir='ltr'>ritis.Qui</span> <span class='ocrx_word' id='word_1_170' title='bbox 541 2271 699 2326; x_wconf 91' lang='lat' dir='ltr'>enim</span> <span class='ocrx_word' id='word_1_171' title='bbox 721 2271 964 2326; x_wconf 89' lang='lat' dir='ltr'>dicitilli</span> <span class='ocrx_word' id='word_1_172' title='bbox 1013 2275 1149 2340; x_wconf 83' lang='lat' dir='ltr'>Ave,</span> <span class='ocrx_word' id='word_1_173' title='bbox 1176 2275 1574 2329; x_wconf 90' lang='lat' dir='ltr'>communicat</span> <span class='ocrx_word' id='word_1_174' title='bbox 1623 2276 1899 2348; x_wconf 81' lang='lat' dir='ltr'>operibus</span> 
     </span>
    </p>
   </div>
   <div class='ocr_carea' id='block_1_25' title="bbox 246 2359 1900 2434">
    <p class='ocr_par' dir='ltr' id='par_1_25' title="bbox 246 2359 1900 2434">
     <span class='ocr_line' id='line_1_25' title="bbox 246 2359 1900 2434; baseline 0.002 -21"><span class='ocrx_word' id='word_1_175' title='bbox 246 2360 376 2430; x_wconf 73' lang='lat' dir='ltr'>ejus</span> <span class='ocrx_word' id='word_1_176' title='bbox 404 2359 675 2434; x_wconf 87' lang='lat' dir='ltr'>malignis</span> <span class='ocrx_word' id='word_1_177' title='bbox 697 2361 959 2432; x_wconf 87' lang='lat' dir='ltr'>(llJoan.,</span> <span class='ocrx_word' id='word_1_178' title='bbox 982 2361 1158 2430; x_wconf 67' lang='lat'>6-40).</span> <span class='ocrx_word' id='word_1_179' title='bbox 1189 2385 1214 2410; x_wconf 82' lang='lat'>»</span> <span class='ocrx_word' id='word_1_180' title='bbox 1237 2363 1380 2417; x_wconf 88' lang='lat' dir='ltr'>Hinc</span> <span class='ocrx_word' id='word_1_181' title='bbox 1403 2362 1578 2418; x_wconf 90' lang='lat' dir='ltr'>etiam</span> <span class='ocrx_word' id='word_1_182' title='bbox 1600 2363 1697 2418; x_wconf 90' lang='lat' dir='ltr'>ille</span> <span class='ocrx_word' id='word_1_183' title='bbox 1721 2363 1900 2418; x_wconf 91' lang='lat' dir='ltr'>mini-</span> 
     </span>
    </p>
   </div>
   <div class='ocr_carea' id='block_1_26' title="bbox 245 2448 1900 2524">
    <p class='ocr_par' dir='ltr' id='par_1_26' title="bbox 245 2448 1900 2524">
     <span class='ocr_line' id='line_1_26' title="bbox 245 2448 1900 2524; baseline 0.002 -21"><span class='ocrx_word' id='word_1_184' title='bbox 245 2465 384 2504; x_wconf 89' lang='lat' dir='ltr'>mus</span> <span class='ocrx_word' id='word_1_185' title='bbox 403 2448 800 2521; x_wconf 88' lang='lat' dir='ltr'>apostolorum</span> <span class='ocrx_word' id='word_1_186' title='bbox 824 2451 1142 2522; x_wconf 87' lang='lat' dir='ltr'>vocatione,</span> <span class='ocrx_word' id='word_1_187' title='bbox 1164 2452 1456 2507; x_wconf 84' lang='lat' dir='ltr'>maximus</span> <span class='ocrx_word' id='word_1_188' title='bbox 1482 2456 1675 2507; x_wconf 89' lang='lat' dir='ltr'>autem</span> <span class='ocrx_word' id='word_1_189' title='bbox 1700 2453 1900 2524; x_wconf 82' lang='lat' dir='ltr'>praedi-</span> 
     </span>
    </p>
   </div>
   <div class='ocr_carea' id='block_1_27' title="bbox 245 2539 1899 2614">
    <p class='ocr_par' dir='ltr' id='par_1_27' title="bbox 245 2539 1899 2614">
     <span class='ocr_line' id='line_1_27' title="bbox 245 2539 1899 2614; baseline 0.003 -22"><span class='ocrx_word' id='word_1_190' title='bbox 245 2539 478 2598; x_wconf 83' lang='lat' dir='ltr'>catione</span> <span class='ocrx_word' id='word_1_191' title='bbox 500 2542 556 2594; x_wconf 92' lang='lat' dir='ltr'>et</span> <span class='ocrx_word' id='word_1_192' title='bbox 571 2539 905 2611; x_wconf 89' lang='lat' dir='ltr'>operatione</span> <span class='ocrx_word' id='word_1_193' title='bbox 929 2539 1165 2609; x_wconf 86' lang='lat' dir='ltr'>Paulus,</span> <span class='ocrx_word' id='word_1_194' title='bbox 1187 2539 1421 2597; x_wconf 87' lang='lat' dir='ltr'>Galatas</span> <span class='ocrx_word' id='word_1_195' title='bbox 1449 2558 1482 2596; x_wconf 91' lang='lat' dir='ltr'>a</span> <span class='ocrx_word' id='word_1_196' title='bbox 1503 2542 1899 2614; x_wconf 89' lang='lat' dir='ltr'>pseudoapos-</span> 
     </span>
    </p>
   </div>
   <div class='ocr_carea' id='block_1_28' title="bbox 245 2626 1900 2701">
    <p class='ocr_par' dir='ltr' id='par_1_28' title="bbox 245 2626 1900 2701">
     <span class='ocr_line' id='line_1_28' title="bbox 245 2626 1900 2701; baseline 0.002 -19"><span class='ocrx_word' id='word_1_197' title='bbox 245 2626 386 2683; x_wconf 88' lang='lat' dir='ltr'>tolis</span> <span class='ocrx_word' id='word_1_198' title='bbox 409 2627 727 2683; x_wconf 82' lang='lat' dir='ltr'>fascinatos</span> <span class='ocrx_word' id='word_1_199' title='bbox 748 2627 1271 2696; x_wconf 88' lang='lat' dir='ltr'>deterret,dicens:</span> <span class='ocrx_word' id='word_1_200' title='bbox 1326 2653 1353 2678; x_wconf 88' lang='lat'><strong>«</strong></span> <span class='ocrx_word' id='word_1_201' title='bbox 1402 2630 1579 2686; x_wconf 88' lang='lat' dir='ltr'>Miror</span> <span class='ocrx_word' id='word_1_202' title='bbox 1615 2631 1770 2701; x_wconf 91' lang='lat' dir='ltr'>quod</span> <span class='ocrx_word' id='word_1_203' title='bbox 1815 2631 1900 2686; x_wconf 89' lang='lat' dir='ltr'>sic</span> 
     </span>
    </p>
   </div>
   <div class='ocr_carea' id='block_1_29' title="bbox 244 2715 1898 2793">
    <p class='ocr_par' dir='ltr' id='par_1_29' title="bbox 244 2715 1898 2793">
     <span class='ocr_line' id='line_1_29' title="bbox 244 2715 1898 2793; baseline 0.002 -22"><span class='ocrx_word' id='word_1_204' title='bbox 244 2719 369 2771; x_wconf 85' lang='lat' dir='ltr'>tam</span> <span class='ocrx_word' id='word_1_205' title='bbox 398 2715 513 2770; x_wconf 87' lang='lat' dir='ltr'>cito</span> <span class='ocrx_word' id='word_1_206' title='bbox 559 2716 980 2772; x_wconf 90' lang='lat' dir='ltr'>transferimini</span> <span class='ocrx_word' id='word_1_207' title='bbox 1013 2718 1084 2772; x_wconf 92' lang='lat' dir='ltr'>ab</span> <span class='ocrx_word' id='word_1_208' title='bbox 1111 2734 1196 2784; x_wconf 91' lang='lat' dir='ltr'>eo,</span> <span class='ocrx_word' id='word_1_209' title='bbox 1216 2717 1314 2790; x_wconf 90' lang='lat' dir='ltr'>qui</span> <span class='ocrx_word' id='word_1_210' title='bbox 1336 2735 1436 2774; x_wconf 88' lang='lat' dir='ltr'>vos</span> <span class='ocrx_word' id='word_1_211' title='bbox 1453 2719 1744 2774; x_wconf 89' lang='lat' dir='ltr'>vocavitin</span> <span class='ocrx_word' id='word_1_212' title='bbox 1768 2736 1898 2793; x_wconf 84' lang='lat' dir='ltr'>gra-</span> 
     </span>
    </p>
   </div>
   <div class='ocr_carea' id='block_1_30' title="bbox 246 2804 1902 2880">
    <p class='ocr_par' dir='ltr' id='par_1_30' title="bbox 246 2804 1902 2880">
     <span class='ocr_line' id='line_1_30' title="bbox 246 2804 1902 2880; baseline 0.002 -21"><span class='ocrx_word' id='word_1_213' title='bbox 246 2805 396 2860; x_wconf 84' lang='lat' dir='ltr'>tiam</span> <span class='ocrx_word' id='word_1_214' title='bbox 419 2804 741 2872; x_wconf 89' lang='lat' dir='ltr'>Christi,in</span> <span class='ocrx_word' id='word_1_215' title='bbox 765 2805 925 2861; x_wconf 90' lang='lat' dir='ltr'>aliud</span> <span class='ocrx_word' id='word_1_216' title='bbox 970 2806 1384 2880; x_wconf 89' lang='lat' dir='ltr'>Evangelium;</span> <span class='ocrx_word' id='word_1_217' title='bbox 1437 2808 1590 2880; x_wconf 89' lang='lat' dir='ltr'>quod</span> <span class='ocrx_word' id='word_1_218' title='bbox 1648 2825 1760 2863; x_wconf 90' lang='lat' dir='ltr'>non</span> <span class='ocrx_word' id='word_1_219' title='bbox 1813 2812 1902 2863; x_wconf 85' lang='lat' dir='ltr'>est</span> 
     </span>
    </p>
   </div>
   <div class='ocr_carea' id='block_1_31' title="bbox 245 2893 1900 2968">
    <p class='ocr_par' dir='ltr' id='par_1_31' title="bbox 245 2893 1900 2968">
     <span class='ocr_line' id='line_1_31' title="bbox 245 2893 1900 2968; baseline 0.002 -19"><span class='ocrx_word' id='word_1_220' title='bbox 245 2893 434 2958; x_wconf 88' lang='lat' dir='ltr'>aliud,</span> <span class='ocrx_word' id='word_1_221' title='bbox 457 2893 567 2950; x_wconf 90' lang='lat' dir='ltr'>nisi</span> <span class='ocrx_word' id='word_1_222' title='bbox 591 2899 729 2949; x_wconf 87' lang='lat' dir='ltr'>sunt</span> <span class='ocrx_word' id='word_1_223' title='bbox 747 2893 927 2966; x_wconf 88' lang='lat' dir='ltr'>aliqui</span> <span class='ocrx_word' id='word_1_224' title='bbox 952 2895 1050 2968; x_wconf 91' lang='lat' dir='ltr'>qui</span> <span class='ocrx_word' id='word_1_225' title='bbox 1073 2912 1174 2951; x_wconf 91' lang='lat' dir='ltr'>vos</span> <span class='ocrx_word' id='word_1_226' title='bbox 1213 2897 1581 2963; x_wconf 87' lang='lat' dir='ltr'>conturbant,</span> <span class='ocrx_word' id='word_1_227' title='bbox 1603 2903 1660 2952; x_wconf 91' lang='lat' dir='ltr'>et</span> <span class='ocrx_word' id='word_1_228' title='bbox 1698 2896 1900 2952; x_wconf 88' lang='lat' dir='ltr'>volunt</span> 
     </span>
    </p>
   </div>
   <div class='ocr_carea' id='block_1_32' title="bbox 245 2982 1901 3056">
    <p class='ocr_par' dir='ltr' id='par_1_32' title="bbox 245 2982 1901 3056">
     <span class='ocr_line' id='line_1_32' title="bbox 245 2982 1901 3056; baseline 0.002 -20"><span class='ocrx_word' id='word_1_229' title='bbox 245 2987 584 3038; x_wconf 89' lang='lat' dir='ltr'>convertere</span> <span class='ocrx_word' id='word_1_230' title='bbox 615 2982 993 3056; x_wconf 78' lang='lat' dir='ltr'>Evangelium</span> <span class='ocrx_word' id='word_1_231' title='bbox 1025 2983 1259 3040; x_wconf 87' lang='lat' dir='ltr'>Christi.</span> <span class='ocrx_word' id='word_1_232' title='bbox 1294 2985 1405 3040; x_wconf 89' lang='lat' dir='ltr'>Sed</span> <span class='ocrx_word' id='word_1_233' title='bbox 1449 2985 1583 3041; x_wconf 89' lang='lat' dir='ltr'>licet</span> <span class='ocrx_word' id='word_1_234' title='bbox 1613 3003 1741 3052; x_wconf 91' lang='lat' dir='ltr'>nos,</span> <span class='ocrx_word' id='word_1_235' title='bbox 1800 2990 1901 3041; x_wconf 90' lang='lat' dir='ltr'>aut</span> 
     </span>
    </p>
   </div>
   <div class='ocr_carea' id='block_1_33' title="bbox 245 3070 1898 3146">
    <p class='ocr_par' dir='ltr' id='par_1_33' title="bbox 245 3070 1898 3146">
     <span class='ocr_line' id='line_1_33' title="bbox 245 3070 1898 3146; baseline 0.001 -20"><span class='ocrx_word' id='word_1_236' title='bbox 245 3070 495 3143; x_wconf 83' lang='lat' dir='ltr'>angelus</span> <span class='ocrx_word' id='word_1_237' title='bbox 545 3071 615 3127; x_wconf 91' lang='lat' dir='ltr'>de</span> <span class='ocrx_word' id='word_1_238' title='bbox 670 3071 811 3127; x_wconf 86' lang='lat' dir='ltr'>ccelo</span> <span class='ocrx_word' id='word_1_239' title='bbox 859 3072 1210 3145; x_wconf 87' lang='lat' dir='ltr'>evangelizet</span> <span class='ocrx_word' id='word_1_240' title='bbox 1264 3073 1449 3138; x_wconf 91' lang='lat' dir='ltr'>vobis,</span> <span class='ocrx_word' id='word_1_241' title='bbox 1511 3077 1898 3146; x_wconf 75' lang='lat' dir='ltr'>praeterquam</span> 
     </span>
    </p>
   </div>
   <div class='ocr_carea' id='block_1_34' title="bbox 246 3159 1897 3234">
    <p class='ocr_par' dir='ltr' id='par_1_34' title="bbox 246 3159 1897 3234">
     <span class='ocr_line' id='line_1_34' title="bbox 246 3159 1897 3234; baseline 0.001 -19"><span class='ocrx_word' id='word_1_242' title='bbox 246 3161 404 3232; x_wconf 89' lang='lat' dir='ltr'>quod</span> <span class='ocrx_word' id='word_1_243' title='bbox 439 3159 984 3233; x_wconf 88' lang='lat' dir='ltr'>evangelizavimus,</span> <span class='ocrx_word' id='word_1_244' title='bbox 1018 3161 1331 3216; x_wconf 88' lang='lat' dir='ltr'>anathema</span> <span class='ocrx_word' id='word_1_245' title='bbox 1352 3162 1446 3216; x_wconf 91' lang='lat' dir='ltr'>sit.</span> <span class='ocrx_word' id='word_1_246' title='bbox 1501 3163 1660 3217; x_wconf 90' lang='lat' dir='ltr'>Sicut</span> <span class='ocrx_word' id='word_1_247' title='bbox 1689 3163 1897 3234; x_wconf 66' lang='lat' dir='ltr'>praedi-</span> 
     </span>
    </p>
   </div>
   <div class='ocr_carea' id='block_1_35' title="bbox 2008 591 3651 672">
    <p class='ocr_par' dir='ltr' id='par_1_35' title="bbox 2008 591 3651 672">
     <span class='ocr_line' id='line_1_35' title="bbox 2008 591 3651 672; baseline 0.007 -26"><span class='ocrx_word' id='word_1_248' title='bbox 2008 591 2422 648; x_wconf 89' lang='lat' dir='ltr'>conscicntiam</span> <span class='ocrx_word' id='word_1_249' title='bbox 2438 612 2606 650; x_wconf 90' lang='lat' dir='ltr'>suam</span> <span class='ocrx_word' id='word_1_250' title='bbox 2631 598 2676 668; x_wconf 87' lang='lat' dir='ltr'>(I</span> <span class='ocrx_word' id='word_1_251' title='bbox 2693 599 2822 651; x_wconf 83' lang='lat' dir='ltr'>Tim.</span> <span class='ocrx_word' id='word_1_252' title='bbox 2835 598 2936 664; x_wconf 64' lang='grc' dir='ltr'>ΝΛ</span> <span class='ocrx_word' id='word_1_253' title='bbox 2953 599 2988 668; x_wconf 88' lang='grc'>).</span> <span class='ocrx_word' id='word_1_254' title='bbox 3008 622 3034 646; x_wconf 87' lang='grc'><strong>››</strong></span> <span class='ocrx_word' id='word_1_255' title='bbox 3055 600 3120 652; x_wconf 88' lang='lat' dir='ltr'>Et</span> <span class='ocrx_word' id='word_1_256' title='bbox 3141 603 3271 671; x_wconf 89' lang='lat' dir='ltr'>post</span> <span class='ocrx_word' id='word_1_257' title='bbox 3287 601 3481 672; x_wconf 87' lang='lat' dir='ltr'>aliqua</span> <span class='ocrx_word' id='word_1_258' title='bbox 3499 603 3651 658; x_wconf 89' lang='lat' dir='ltr'>idem</span> 
     </span>
    </p>
   </div>
   <div class='ocr_carea' id='block_1_36' title="bbox 2004 682 3655 760">
    <p class='ocr_par' dir='ltr' id='par_1_36' title="bbox 2004 682 3655 760">
     <span class='ocr_line' id='line_1_36' title="bbox 2004 682 3655 760; baseline 0.007 -25"><span class='ocrx_word' id='word_1_259' title='bbox 2004 682 2073 736; x_wconf 92' lang='lat' dir='ltr'>ad</span> <span class='ocrx_word' id='word_1_260' title='bbox 2093 682 2400 738; x_wconf 87' lang='lat' dir='ltr'>eumdem:</span> <span class='ocrx_word' id='word_1_261' title='bbox 2429 705 2456 733; x_wconf 83' lang='grc'>‹‹</span> <span class='ocrx_word' id='word_1_262' title='bbox 2477 684 2535 739; x_wconf 89' lang='lat' dir='ltr'>Si</span> <span class='ocrx_word' id='word_1_263' title='bbox 2560 684 2691 756; x_wconf 91' lang='lat' dir='ltr'>quis</span> <span class='ocrx_word' id='word_1_264' title='bbox 2715 685 2884 742; x_wconf 88' lang='lat' dir='ltr'>aliter</span> <span class='ocrx_word' id='word_1_265' title='bbox 2905 687 3091 756; x_wconf 87' lang='lat' dir='ltr'>docet,</span> <span class='ocrx_word' id='word_1_266' title='bbox 3119 693 3174 742; x_wconf 90' lang='lat' dir='ltr'>et</span> <span class='ocrx_word' id='word_1_267' title='bbox 3197 706 3308 743; x_wconf 91' lang='lat' dir='ltr'>non</span> <span class='ocrx_word' id='word_1_268' title='bbox 3335 691 3655 760; x_wconf 88' lang='lat' dir='ltr'>acquiescit</span> 
     </span>
    </p>
   </div>
   <div class='ocr_carea' id='block_1_37' title="bbox 2007 771 3654 844">
    <p class='ocr_par' dir='ltr' id='par_1_37' title="bbox 2007 771 3654 844">
     <span class='ocr_line' id='line_1_37' title="bbox 2007 771 3654 844; baseline 0.004 -19"><span class='ocrx_word' id='word_1_269' title='bbox 2007 771 2167 825; x_wconf 80' lang='lat' dir='ltr'>sanis</span> <span class='ocrx_word' id='word_1_270' title='bbox 2191 771 2560 828; x_wconf 90' lang='lat' dir='ltr'>sermonibus</span> <span class='ocrx_word' id='word_1_271' title='bbox 2584 773 2810 829; x_wconf 90' lang='lat' dir='ltr'>Domini</span> <span class='ocrx_word' id='word_1_272' title='bbox 2857 777 3037 830; x_wconf 89' lang='lat' dir='ltr'>nostri</span> <span class='ocrx_word' id='word_1_273' title='bbox 3090 778 3222 832; x_wconf 85' lang='lat' dir='ltr'>Jesu</span> <span class='ocrx_word' id='word_1_274' title='bbox 3247 777 3478 844; x_wconf 87' lang='lat' dir='ltr'>Christi,</span> <span class='ocrx_word' id='word_1_275' title='bbox 3514 784 3567 833; x_wconf 91' lang='lat' dir='ltr'>et</span> <span class='ocrx_word' id='word_1_276' title='bbox 3603 780 3654 834; x_wconf 90' lang='lat' dir='ltr'>ei</span> 
     </span>
    </p>
   </div>
   <div class='ocr_carea' id='block_1_38' title="bbox 2006 861 3655 940">
    <p class='ocr_par' dir='ltr' id='par_1_38' title="bbox 2006 861 3655 940">
     <span class='ocr_line' id='line_1_38' title="bbox 2006 861 3655 940; baseline 0.005 -27"><span class='ocrx_word' id='word_1_277' title='bbox 2006 875 2132 930; x_wconf 66' lang='lat' dir='ltr'>quas</span> <span class='ocrx_word' id='word_1_278' title='bbox 2155 861 2479 916; x_wconf 89' lang='lat' dir='ltr'>secundum</span> <span class='ocrx_word' id='word_1_279' title='bbox 2503 862 2779 933; x_wconf 87' lang='lat' dir='ltr'>pietatem</span> <span class='ocrx_word' id='word_1_280' title='bbox 2802 869 2889 919; x_wconf 91' lang='lat' dir='ltr'>est</span> <span class='ocrx_word' id='word_1_281' title='bbox 2911 866 3208 940; x_wconf 63' lang='lat' dir='ltr'>doctrinas,</span> <span class='ocrx_word' id='word_1_282' title='bbox 3239 868 3531 938; x_wconf 87' lang='lat' dir='ltr'>superbus</span> <span class='ocrx_word' id='word_1_283' title='bbox 3561 867 3655 922; x_wconf 89' lang='lat' dir='ltr'>ni-</span> 
     </span>
    </p>
   </div>
   <div class='ocr_carea' id='block_1_39' title="bbox 2007 946 3656 1029">
    <p class='ocr_par' dir='ltr' id='par_1_39' title="bbox 2007 946 3656 1029">
     <span class='ocr_line' id='line_1_39' title="bbox 2007 946 3656 1029; baseline 0.006 -28"><span class='ocrx_word' id='word_1_284' title='bbox 2007 946 2090 1002; x_wconf 88' lang='lat' dir='ltr'>hil</span> <span class='ocrx_word' id='word_1_285' title='bbox 2114 948 2325 1016; x_wconf 91' lang='lat' dir='ltr'>sciens,</span> <span class='ocrx_word' id='word_1_286' title='bbox 2347 951 2448 1004; x_wconf 91' lang='lat' dir='ltr'>sed</span> <span class='ocrx_word' id='word_1_287' title='bbox 2475 949 2758 1023; x_wconf 87' lang='lat' dir='ltr'>languens</span> <span class='ocrx_word' id='word_1_288' title='bbox 2783 952 2934 1007; x_wconf 89' lang='lat' dir='ltr'>circa</span> <span class='ocrx_word' id='word_1_289' title='bbox 2957 955 3310 1025; x_wconf 70' lang='lat' dir='ltr'>quazstiones</span> <span class='ocrx_word' id='word_1_290' title='bbox 3333 959 3389 1010; x_wconf 88' lang='lat' dir='ltr'>et</span> <span class='ocrx_word' id='word_1_291' title='bbox 3429 974 3656 1029; x_wconf 87' lang='lat' dir='ltr'>pugnas</span> 
     </span>
    </p>
   </div>
   <div class='ocr_carea' id='block_1_40' title="bbox 2006 1038 3655 1110">
    <p class='ocr_par' dir='ltr' id='par_1_40' title="bbox 2006 1038 3655 1110">
     <span class='ocr_line' id='line_1_40' title="bbox 2006 1038 3655 1110; baseline 0.005 -19"><span class='ocrx_word' id='word_1_292' title='bbox 2006 1038 2336 1104; x_wconf 92' lang='lat' dir='ltr'>verborum,</span> <span class='ocrx_word' id='word_1_293' title='bbox 2363 1055 2429 1093; x_wconf 83' lang='lat' dir='ltr'>ex</span> <span class='ocrx_word' id='word_1_294' title='bbox 2452 1039 3214 1110; x_wconf 71' lang='lat' dir='ltr'>quibusoriunturinvidim,</span> <span class='ocrx_word' id='word_1_295' title='bbox 3253 1046 3655 1100; x_wconf 90' lang='lat' dir='ltr'>contentiones</span> 
     </span>
    </p>
   </div>
   <div class='ocr_carea' id='block_1_41' title="bbox 2010 1124 3656 1200">
    <p class='ocr_par' dir='ltr' id='par_1_41' title="bbox 2010 1124 3656 1200">
     <span class='ocr_line' id='line_1_41' title="bbox 2010 1124 3656 1200; baseline 0.005 -20"><span class='ocrx_word' id='word_1_296' title='bbox 2010 1124 2410 1196; x_wconf 75' lang='lat' dir='ltr'>blasphemiae,</span> <span class='ocrx_word' id='word_1_297' title='bbox 2471 1129 2918 1200; x_wconf 87' lang='lat' dir='ltr'>superstitiones</span> <span class='ocrx_word' id='word_1_298' title='bbox 2959 1130 3143 1197; x_wconf 72' lang='lat' dir='ltr'>malm,</span> <span class='ocrx_word' id='word_1_299' title='bbox 3193 1131 3656 1190; x_wconf 80' lang='lat' dir='ltr'>conflictationes</span> 
     </span>
    </p>
   </div>
   <div class='ocr_carea' id='block_1_42' title="bbox 2009 1213 3658 1293">
    <p class='ocr_par' dir='ltr' id='par_1_42' title="bbox 2009 1213 3658 1293">
     <span class='ocr_line' id='line_1_42' title="bbox 2009 1213 3658 1293; baseline 0.005 -26"><span class='ocrx_word' id='word_1_300' title='bbox 2009 1213 2314 1268; x_wconf 88' lang='lat' dir='ltr'>hominum</span> <span class='ocrx_word' id='word_1_301' title='bbox 2340 1221 2531 1270; x_wconf 87' lang='lat' dir='ltr'>mente</span> <span class='ocrx_word' id='word_1_302' title='bbox 2553 1222 2982 1288; x_wconf 86' lang='lat' dir='ltr'>corruptorum,</span> <span class='ocrx_word' id='word_1_303' title='bbox 3010 1225 3066 1273; x_wconf 91' lang='lat' dir='ltr'>et</span> <span class='ocrx_word' id='word_1_304' title='bbox 3089 1219 3186 1291; x_wconf 91' lang='lat' dir='ltr'>qui</span> <span class='ocrx_word' id='word_1_305' title='bbox 3207 1221 3443 1276; x_wconf 87' lang='lat' dir='ltr'>veritate</span> <span class='ocrx_word' id='word_1_306' title='bbox 3472 1221 3658 1293; x_wconf 89' lang='lat' dir='ltr'>priva-</span> 
     </span>
    </p>
   </div>
   <div class='ocr_carea' id='block_1_43' title="bbox 2010 1303 3658 1379">
    <p class='ocr_par' dir='ltr' id='par_1_43' title="bbox 2010 1303 3658 1379">
     <span class='ocr_line' id='line_1_43' title="bbox 2010 1303 3658 1379; baseline 0.005 -23"><span class='ocrx_word' id='word_1_307' title='bbox 2010 1303 2052 1357; x_wconf 91' lang='lat' dir='ltr'>ti</span> <span class='ocrx_word' id='word_1_308' title='bbox 2078 1307 2234 1366; x_wconf 90' lang='lat' dir='ltr'>sunt,</span> <span class='ocrx_word' id='word_1_309' title='bbox 2260 1304 2659 1359; x_wconf 78' lang='lat' dir='ltr'>existimantes</span> <span class='ocrx_word' id='word_1_310' title='bbox 2683 1311 2970 1375; x_wconf 66' lang='lat' dir='ltr'>quaestum</span> <span class='ocrx_word' id='word_1_311' title='bbox 3029 1325 3156 1362; x_wconf 87' lang='lat' dir='ltr'>esse</span> <span class='ocrx_word' id='word_1_312' title='bbox 3214 1309 3508 1379; x_wconf 87' lang='lat' dir='ltr'>pietatem.</span> <span class='ocrx_word' id='word_1_313' title='bbox 3558 1311 3658 1364; x_wconf 87' lang='lat' dir='ltr'>Est</span> 
     </span>
    </p>
   </div>
   <div class='ocr_carea' id='block_1_44' title="bbox 2012 1394 3653 1466">
    <p class='ocr_par' dir='ltr' id='par_1_44' title="bbox 2012 1394 3653 1466">
     <span class='ocr_line' id='line_1_44' title="bbox 2012 1394 3653 1466; baseline 0.005 -22"><span class='ocrx_word' id='word_1_314' title='bbox 2012 1396 2204 1445; x_wconf 89' lang='lat' dir='ltr'>autem</span> <span class='ocrx_word' id='word_1_315' title='bbox 2235 1397 2491 1461; x_wconf 70' lang='lat' dir='ltr'>quaestus</span> <span class='ocrx_word' id='word_1_316' title='bbox 2518 1410 2764 1465; x_wconf 79' lang='lat' dir='ltr'>magnus</span> <span class='ocrx_word' id='word_1_317' title='bbox 2791 1394 2974 1466; x_wconf 88' lang='lat' dir='ltr'>pictas</span> <span class='ocrx_word' id='word_1_318' title='bbox 2994 1413 3125 1449; x_wconf 85' lang='lat' dir='ltr'>cum</span> <span class='ocrx_word' id='word_1_319' title='bbox 3152 1397 3522 1452; x_wconf 87' lang='lat' dir='ltr'>sufﬁcientia.</span> <span class='ocrx_word' id='word_1_320' title='bbox 3557 1398 3653 1452; x_wconf 85' lang='lat' dir='ltr'>Ni-</span> 
     </span>
    </p>
   </div>
   <div class='ocr_carea' id='block_1_45' title="bbox 2013 1478 3656 1551">
    <p class='ocr_par' dir='ltr' id='par_1_45' title="bbox 2013 1478 3656 1551">
     <span class='ocr_line' id='line_1_45' title="bbox 2013 1478 3656 1551; baseline 0.005 -19"><span class='ocrx_word' id='word_1_321' title='bbox 2013 1478 2092 1533; x_wconf 89' lang='lat' dir='ltr'>hil</span> <span class='ocrx_word' id='word_1_322' title='bbox 2117 1479 2270 1534; x_wconf 89' lang='lat' dir='ltr'>enim</span> <span class='ocrx_word' id='word_1_323' title='bbox 2297 1480 2604 1536; x_wconf 85' lang='lat' dir='ltr'>intulimus</span> <span class='ocrx_word' id='word_1_324' title='bbox 2635 1482 2689 1536; x_wconf 92' lang='lat' dir='ltr'>in</span> <span class='ocrx_word' id='word_1_325' title='bbox 2715 1483 2869 1537; x_wconf 88' lang='lat' dir='ltr'>hunc</span> <span class='ocrx_word' id='word_1_326' title='bbox 2895 1485 3200 1551; x_wconf 88' lang='lat' dir='ltr'>mundum,</span> <span class='ocrx_word' id='word_1_327' title='bbox 3235 1484 3391 1539; x_wconf 88' lang='lat' dir='ltr'>haud</span> <span class='ocrx_word' id='word_1_328' title='bbox 3411 1486 3656 1540; x_wconf 90' lang='lat' dir='ltr'>dubium</span> 
     </span>
    </p>
   </div>
   <div class='ocr_carea' id='block_1_46' title="bbox 2012 1569 3658 1642">
    <p class='ocr_par' dir='ltr' id='par_1_46' title="bbox 2012 1569 3658 1642">
     <span class='ocr_line' id='line_1_46' title="bbox 2012 1569 3658 1642; baseline 0.005 -22"><span class='ocrx_word' id='word_1_329' title='bbox 2012 1569 2150 1638; x_wconf 88' lang='lat' dir='ltr'>quia</span> <span class='ocrx_word' id='word_1_330' title='bbox 2171 1585 2272 1623; x_wconf 90' lang='lat' dir='ltr'>nec</span> <span class='ocrx_word' id='word_1_331' title='bbox 2291 1570 2516 1626; x_wconf 86' lang='lat' dir='ltr'>auferre</span> <span class='ocrx_word' id='word_1_332' title='bbox 2539 1571 2678 1642; x_wconf 86' lang='lat' dir='ltr'>quid</span> <span class='ocrx_word' id='word_1_333' title='bbox 2721 1589 3036 1642; x_wconf 86' lang='lat' dir='ltr'>possumus</span> <span class='ocrx_word' id='word_1_334' title='bbox 3065 1591 3078 1638; x_wconf 92' lang='lat'><strong>;</strong></span> <span class='ocrx_word' id='word_1_335' title='bbox 3130 1573 3414 1628; x_wconf 88' lang='lat' dir='ltr'>habentes</span> <span class='ocrx_word' id='word_1_336' title='bbox 3464 1579 3658 1629; x_wconf 84' lang='lat' dir='ltr'>autem</span> 
     </span>
    </p>
   </div>
   <div class='ocr_carea' id='block_1_47' title="bbox 2014 1657 3656 1730">
    <p class='ocr_par' dir='ltr' id='par_1_47' title="bbox 2014 1657 3656 1730">
     <span class='ocr_line' id='line_1_47' title="bbox 2014 1657 3656 1730; baseline 0.004 -19"><span class='ocrx_word' id='word_1_337' title='bbox 2014 1657 2290 1712; x_wconf 88' lang='lat' dir='ltr'>alimenta</span> <span class='ocrx_word' id='word_1_338' title='bbox 2327 1664 2381 1712; x_wconf 92' lang='lat' dir='ltr'>et</span> <span class='ocrx_word' id='word_1_339' title='bbox 2417 1659 2629 1730; x_wconf 89' lang='lat' dir='ltr'>quibus</span> <span class='ocrx_word' id='word_1_340' title='bbox 2678 1663 2965 1730; x_wconf 82' lang='lat' dir='ltr'>togamur,</span> <span class='ocrx_word' id='word_1_341' title='bbox 3009 1661 3101 1715; x_wconf 89' lang='lat' dir='ltr'>his</span> <span class='ocrx_word' id='word_1_342' title='bbox 3146 1662 3398 1715; x_wconf 87' lang='lat' dir='ltr'>contenti</span> <span class='ocrx_word' id='word_1_343' title='bbox 3450 1663 3656 1717; x_wconf 90' lang='lat' dir='ltr'>simus.</span> 
     </span>
    </p>
   </div>
   <div class='ocr_carea' id='block_1_48' title="bbox 2012 1745 3658 1816">
    <p class='ocr_par' dir='ltr' id='par_1_48' title="bbox 2012 1745 3658 1816">
     <span class='ocr_line' id='line_1_48' title="bbox 2012 1745 3658 1816; baseline 0.004 -17"><span class='ocrx_word' id='word_1_344' title='bbox 2012 1746 2157 1799; x_wconf 88' lang='lat' dir='ltr'>Nam</span> <span class='ocrx_word' id='word_1_345' title='bbox 2181 1745 2504 1816; x_wconf 88' lang='lat' dir='ltr'>quivolunt</span> <span class='ocrx_word' id='word_1_346' title='bbox 2532 1746 2737 1802; x_wconf 86' lang='lat' dir='ltr'>divites</span> <span class='ocrx_word' id='word_1_347' title='bbox 2782 1749 2922 1814; x_wconf 88' lang='lat' dir='ltr'>ﬁeri,</span> <span class='ocrx_word' id='word_1_348' title='bbox 2976 1749 3243 1804; x_wconf 89' lang='lat' dir='ltr'>incidunt</span> <span class='ocrx_word' id='word_1_349' title='bbox 3283 1750 3338 1803; x_wconf 89' lang='lat' dir='ltr'>in</span> <span class='ocrx_word' id='word_1_350' title='bbox 3391 1752 3658 1806; x_wconf 76' lang='lat' dir='ltr'>temtatio-</span> 
     </span>
    </p>
   </div>
   <div class='ocr_carea' id='block_1_49' title="bbox 2015 1834 3662 1906">
    <p class='ocr_par' dir='ltr' id='par_1_49' title="bbox 2015 1834 3662 1906">
     <span class='ocr_line' id='line_1_49' title="bbox 2015 1834 3662 1906; baseline 0.003 -19"><span class='ocrx_word' id='word_1_351' title='bbox 2015 1850 2169 1901; x_wconf 91' lang='lat' dir='ltr'>nem,</span> <span class='ocrx_word' id='word_1_352' title='bbox 2194 1834 2535 1906; x_wconf 88' lang='lat' dir='ltr'>etlaqucnm</span> <span class='ocrx_word' id='word_1_353' title='bbox 2560 1835 2794 1900; x_wconf 87' lang='lat' dir='ltr'>diaboli,</span> <span class='ocrx_word' id='word_1_354' title='bbox 2825 1840 2880 1891; x_wconf 88' lang='lat' dir='ltr'>et</span> <span class='ocrx_word' id='word_1_355' title='bbox 2897 1837 3185 1891; x_wconf 88' lang='lat' dir='ltr'>desideria</span> <span class='ocrx_word' id='word_1_356' title='bbox 3212 1837 3396 1891; x_wconf 89' lang='lat' dir='ltr'>multa</span> <span class='ocrx_word' id='word_1_357' title='bbox 3430 1837 3662 1892; x_wconf 83' lang='lat' dir='ltr'>inutilia</span> 
     </span>
    </p>
   </div>
   <div class='ocr_carea' id='block_1_50' title="bbox 2009 1921 3659 1996">
    <p class='ocr_par' dir='ltr' id='par_1_50' title="bbox 2009 1921 3659 1996">
     <span class='ocr_line' id='line_1_50' title="bbox 2009 1921 3659 1996; baseline 0.002 -20"><span class='ocrx_word' id='word_1_358' title='bbox 2009 1925 2064 1976; x_wconf 85' lang='lat' dir='ltr'>et</span> <span class='ocrx_word' id='word_1_359' title='bbox 2085 1921 2284 1976; x_wconf 88' lang='lat' dir='ltr'>nociva</span> <span class='ocrx_word' id='word_1_360' title='bbox 2307 1940 2432 1992; x_wconf 74' lang='lat' dir='ltr'>qum</span> <span class='ocrx_word' id='word_1_361' title='bbox 2455 1929 2727 1994; x_wconf 85' lang='lat' dir='ltr'>mergunt</span> <span class='ocrx_word' id='word_1_362' title='bbox 2745 1925 3010 1979; x_wconf 88' lang='lat' dir='ltr'>homines</span> <span class='ocrx_word' id='word_1_363' title='bbox 3035 1926 3091 1978; x_wconf 91' lang='lat' dir='ltr'>in</span> <span class='ocrx_word' id='word_1_364' title='bbox 3114 1924 3413 1979; x_wconf 87' lang='lat' dir='ltr'>interitum</span> <span class='ocrx_word' id='word_1_365' title='bbox 3442 1930 3498 1979; x_wconf 91' lang='lat' dir='ltr'>et</span> <span class='ocrx_word' id='word_1_366' title='bbox 3529 1942 3659 1996; x_wconf 84' lang='lat' dir='ltr'>per-</span> 
     </span>
    </p>
   </div>
   <div class='ocr_carea' id='block_1_51' title="bbox 2008 2010 3656 2085">
    <p class='ocr_par' dir='ltr' id='par_1_51' title="bbox 2008 2010 3656 2085">
     <span class='ocr_line' id='line_1_51' title="bbox 2008 2010 3656 2085; baseline 0.002 -21"><span class='ocrx_word' id='word_1_367' title='bbox 2008 2010 2309 2064; x_wconf 88' lang='lat' dir='ltr'>ditionem.</span> <span class='ocrx_word' id='word_1_368' title='bbox 2349 2011 2529 2064; x_wconf 78' lang='lat' dir='ltr'>lladix</span> <span class='ocrx_word' id='word_1_369' title='bbox 2563 2012 2825 2065; x_wconf 86' lang='lat' dir='ltr'>omnium</span> <span class='ocrx_word' id='word_1_370' title='bbox 2854 2011 3144 2066; x_wconf 87' lang='lat' dir='ltr'>malorum</span> <span class='ocrx_word' id='word_1_371' title='bbox 3192 2015 3280 2067; x_wconf 89' lang='lat' dir='ltr'>est</span> <span class='ocrx_word' id='word_1_372' title='bbox 3329 2013 3656 2085; x_wconf 84' lang='lat' dir='ltr'>cupiditas;</span> 
     </span>
    </p>
   </div>
   <div class='ocr_carea' id='block_1_52' title="bbox 2008 2100 3659 2171">
    <p class='ocr_par' dir='ltr' id='par_1_52' title="bbox 2008 2100 3659 2171">
     <span class='ocr_line' id='line_1_52' title="bbox 2008 2100 3659 2171; baseline 0.002 -19"><span class='ocrx_word' id='word_1_373' title='bbox 2008 2117 2183 2168; x_wconf 85' lang='lat' dir='ltr'>quam</span> <span class='ocrx_word' id='word_1_374' title='bbox 2209 2100 2446 2170; x_wconf 81' lang='lat' dir='ltr'>quidam</span> <span class='ocrx_word' id='word_1_375' title='bbox 2468 2107 2803 2171; x_wconf 75' lang='lat' dir='ltr'>appetentes</span> <span class='ocrx_word' id='word_1_376' title='bbox 2840 2105 3176 2155; x_wconf 79' lang='lat' dir='ltr'>erraverunt</span> <span class='ocrx_word' id='word_1_377' title='bbox 3199 2101 3378 2167; x_wconf 87' lang='lat' dir='ltr'>aﬁde,</span> <span class='ocrx_word' id='word_1_378' title='bbox 3431 2103 3659 2155; x_wconf 80' lang='lat' dir='ltr'>etinse-</span> 
     </span>
    </p>
   </div>
   <div class='ocr_carea' id='block_1_53' title="bbox 2009 2186 3658 2259">
    <p class='ocr_par' dir='ltr' id='par_1_53' title="bbox 2009 2186 3658 2259">
     <span class='ocr_line' id='line_1_53' title="bbox 2009 2186 3658 2259; baseline 0.002 -19"><span class='ocrx_word' id='word_1_379' title='bbox 2009 2193 2253 2241; x_wconf 90' lang='lat' dir='ltr'>ruerunt</span> <span class='ocrx_word' id='word_1_380' title='bbox 2276 2203 2335 2242; x_wconf 91' lang='lat' dir='ltr'>se</span> <span class='ocrx_word' id='word_1_381' title='bbox 2357 2186 2654 2242; x_wconf 89' lang='lat' dir='ltr'>doloribus</span> <span class='ocrx_word' id='word_1_382' title='bbox 2679 2187 2880 2242; x_wconf 88' lang='lat' dir='ltr'>multis</span> <span class='ocrx_word' id='word_1_383' title='bbox 2903 2189 2949 2259; x_wconf 87' lang='lat' dir='ltr'>(I</span> <span class='ocrx_word' id='word_1_384' title='bbox 2970 2189 3102 2242; x_wconf 80' lang='lat' dir='ltr'>Tim.</span> <span class='ocrx_word' id='word_1_385' title='bbox 3125 2206 3202 2255; x_wconf 82' lang='lat' dir='ltr'>v1,</span> <span class='ocrx_word' id='word_1_386' title='bbox 3225 2189 3399 2258; x_wconf 77' lang='lat'>3-10).</span> <span class='ocrx_word' id='word_1_387' title='bbox 3424 2215 3443 2240; x_wconf 76' lang='grc' dir='ltr'><strong><em>ι</em></strong></span> <span class='ocrx_word' id='word_1_388' title='bbox 3501 2190 3658 2244; x_wconf 90' lang='lat' dir='ltr'>Idem</span> 
     </span>
    </p>
   </div>
   <div class='ocr_carea' id='block_1_54' title="bbox 2008 2275 3658 2333">
    <p class='ocr_par' dir='ltr' id='par_1_54' title="bbox 2008 2275 3658 2333">
     <span class='ocr_line' id='line_1_54' title="bbox 2008 2275 3658 2333; baseline 0.003 -5"><span class='ocrx_word' id='word_1_389' title='bbox 2008 2275 2077 2329; x_wconf 91' lang='lat' dir='ltr'>ad</span> <span class='ocrx_word' id='word_1_390' title='bbox 2105 2275 2375 2330; x_wconf 90' lang='lat' dir='ltr'>eumdem</span> <span class='ocrx_word' id='word_1_391' title='bbox 2401 2292 2412 2330; x_wconf 93' lang='lat'><strong>:</strong></span> <span class='ocrx_word' id='word_1_392' title='bbox 2440 2299 2464 2324; x_wconf 85' lang='grc'>‹‹</span> <span class='ocrx_word' id='word_1_393' title='bbox 2494 2275 2621 2330; x_wconf 90' lang='lat' dir='ltr'>Noli</span> <span class='ocrx_word' id='word_1_394' title='bbox 2641 2276 3310 2332; x_wconf 89' lang='lat' dir='ltr'>verbiscontendere.Ad</span> <span class='ocrx_word' id='word_1_395' title='bbox 3337 2277 3479 2332; x_wconf 90' lang='lat' dir='ltr'>nihil</span> <span class='ocrx_word' id='word_1_396' title='bbox 3503 2279 3658 2333; x_wconf 90' lang='lat' dir='ltr'>enim</span> 
     </span>
    </p>
   </div>
   <div class='ocr_carea' id='block_1_55' title="bbox 2010 2363 3661 2430">
    <p class='ocr_par' dir='ltr' id='par_1_55' title="bbox 2010 2363 3661 2430">
     <span class='ocr_line' id='line_1_55' title="bbox 2010 2363 3661 2430; baseline 0.001 -12"><span class='ocrx_word' id='word_1_397' title='bbox 2010 2363 2151 2419; x_wconf 90' lang='lat' dir='ltr'>utile</span> <span class='ocrx_word' id='word_1_398' title='bbox 2169 2368 2276 2430; x_wconf 89' lang='lat' dir='ltr'>est,</span> <span class='ocrx_word' id='word_1_399' title='bbox 2306 2365 2415 2419; x_wconf 88' lang='lat' dir='ltr'>nisi</span> <span class='ocrx_word' id='word_1_400' title='bbox 2441 2366 2512 2420; x_wconf 88' lang='lat' dir='ltr'>ad</span> <span class='ocrx_word' id='word_1_401' title='bbox 2538 2365 2975 2420; x_wconf 89' lang='lat' dir='ltr'>subversionem</span> <span class='ocrx_word' id='word_1_402' title='bbox 3027 2366 3411 2422; x_wconf 89' lang='lat' dir='ltr'>audientium.</span> <span class='ocrx_word' id='word_1_403' title='bbox 3439 2367 3661 2422; x_wconf 77' lang='lat' dir='ltr'>Sollici-</span> 
     </span>
    </p>
   </div>
   <div class='ocr_carea' id='block_1_56' title="bbox 2009 2453 3660 2527">
    <p class='ocr_par' dir='ltr' id='par_1_56' title="bbox 2009 2453 3660 2527">
     <span class='ocr_line' id='line_1_56' title="bbox 2009 2453 3660 2527; baseline 0.001 -20"><span class='ocrx_word' id='word_1_404' title='bbox 2009 2456 2063 2507; x_wconf 91' lang='lat' dir='ltr'>te</span> <span class='ocrx_word' id='word_1_405' title='bbox 2086 2470 2226 2508; x_wconf 92' lang='lat' dir='ltr'>cura</span> <span class='ocrx_word' id='word_1_406' title='bbox 2253 2454 2522 2524; x_wconf 90' lang='lat' dir='ltr'>teipsum</span> <span class='ocrx_word' id='word_1_407' title='bbox 2565 2453 2926 2526; x_wconf 88' lang='lat' dir='ltr'>probabilem</span> <span class='ocrx_word' id='word_1_408' title='bbox 2979 2454 3250 2510; x_wconf 82' lang='lat' dir='ltr'>exhibere</span> <span class='ocrx_word' id='word_1_409' title='bbox 3289 2455 3403 2511; x_wconf 87' lang='lat' dir='ltr'>Deo</span> <span class='ocrx_word' id='word_1_410' title='bbox 3453 2472 3660 2527; x_wconf 87' lang='lat' dir='ltr'>opera-</span> 
     </span>
    </p>
   </div>
   <div class='ocr_carea' id='block_1_57' title="bbox 2009 2540 3660 2619">
    <p class='ocr_par' dir='ltr' id='par_1_57' title="bbox 2009 2540 3660 2619">
     <span class='ocr_line' id='line_1_57' title="bbox 2009 2540 3660 2619; baseline 0.002 -25"><span class='ocrx_word' id='word_1_411' title='bbox 2009 2540 2161 2595; x_wconf 92' lang='lat' dir='ltr'>rium</span> <span class='ocrx_word' id='word_1_412' title='bbox 2188 2540 2686 2607; x_wconf 88' lang='lat' dir='ltr'>inconfusibilem,</span> <span class='ocrx_word' id='word_1_413' title='bbox 2712 2546 2862 2598; x_wconf 90' lang='lat' dir='ltr'>recte</span> <span class='ocrx_word' id='word_1_414' title='bbox 2883 2547 3228 2598; x_wconf 88' lang='lat' dir='ltr'>tractantem</span> <span class='ocrx_word' id='word_1_415' title='bbox 3249 2545 3489 2619; x_wconf 81' lang='lat' dir='ltr'>verbum</span> <span class='ocrx_word' id='word_1_416' title='bbox 3513 2545 3660 2600; x_wconf 91' lang='lat' dir='ltr'>veri-</span> 
     </span>
    </p>
   </div>
   <div class='ocr_carea' id='block_1_58' title="bbox 2009 2629 3659 2704">
    <p class='ocr_par' dir='ltr' id='par_1_58' title="bbox 2009 2629 3659 2704">
     <span class='ocr_line' id='line_1_58' title="bbox 2009 2629 3659 2704; baseline 0.001 -19"><span class='ocrx_word' id='word_1_417' title='bbox 2009 2629 2429 2685; x_wconf 88' lang='lat' dir='ltr'>tatis.Profana</span> <span class='ocrx_word' id='word_1_418' title='bbox 2448 2634 2642 2686; x_wconf 86' lang='lat' dir='ltr'>autem</span> <span class='ocrx_word' id='word_1_419' title='bbox 2667 2636 2721 2685; x_wconf 87' lang='lat' dir='ltr'>et</span> <span class='ocrx_word' id='word_1_420' title='bbox 2769 2631 3107 2704; x_wconf 89' lang='lat' dir='ltr'>vaniloquia</span> <span class='ocrx_word' id='word_1_421' title='bbox 3147 2633 3355 2687; x_wconf 91' lang='lat' dir='ltr'>devita.</span> <span class='ocrx_word' id='word_1_422' title='bbox 3409 2633 3659 2688; x_wconf 88' lang='lat' dir='ltr'>Multum</span> 
     </span>
    </p>
   </div>
   <div class='ocr_carea' id='block_1_59' title="bbox 2009 2718 3661 2792">
    <p class='ocr_par' dir='ltr' id='par_1_59' title="bbox 2009 2718 3661 2792">
     <span class='ocr_line' id='line_1_59' title="bbox 2009 2718 3661 2792; baseline 0.001 -18"><span class='ocrx_word' id='word_1_423' title='bbox 2009 2718 2162 2774; x_wconf 91' lang='lat' dir='ltr'>enim</span> <span class='ocrx_word' id='word_1_424' title='bbox 2191 2719 2506 2791; x_wconf 87' lang='lat' dir='ltr'>proﬁciunt</span> <span class='ocrx_word' id='word_1_425' title='bbox 2525 2720 2596 2775; x_wconf 90' lang='lat' dir='ltr'>ad</span> <span class='ocrx_word' id='word_1_426' title='bbox 2621 2720 3005 2792; x_wconf 89' lang='lat' dir='ltr'>impietatem,</span> <span class='ocrx_word' id='word_1_427' title='bbox 3030 2724 3085 2775; x_wconf 91' lang='lat' dir='ltr'>et</span> <span class='ocrx_word' id='word_1_428' title='bbox 3107 2737 3296 2775; x_wconf 89' lang='lat' dir='ltr'>sermo</span> <span class='ocrx_word' id='word_1_429' title='bbox 3338 2737 3538 2775; x_wconf 89' lang='lat' dir='ltr'>eorum</span> <span class='ocrx_word' id='word_1_430' title='bbox 3597 2726 3661 2776; x_wconf 89' lang='lat' dir='ltr'>ut</span> 
     </span>
    </p>
   </div>
   <div class='ocr_carea' id='block_1_60' title="bbox 2009 2808 3659 2881">
    <p class='ocr_par' dir='ltr' id='par_1_60' title="bbox 2009 2808 3659 2881">
     <span class='ocr_line' id='line_1_60' title="bbox 2009 2808 3659 2881; baseline 0 -17"><span class='ocrx_word' id='word_1_431' title='bbox 2009 2825 2217 2864; x_wconf 90' lang='lat' dir='ltr'>cancer</span> <span class='ocrx_word' id='word_1_432' title='bbox 2239 2808 2527 2880; x_wconf 85' lang='lat' dir='ltr'>serpit.Ex</span> <span class='ocrx_word' id='word_1_433' title='bbox 2551 2808 2768 2879; x_wconf 89' lang='lat' dir='ltr'>quibus</span> <span class='ocrx_word' id='word_1_434' title='bbox 2789 2813 2876 2864; x_wconf 90' lang='lat' dir='ltr'>est</span> <span class='ocrx_word' id='word_1_435' title='bbox 2899 2809 3242 2881; x_wconf 71' lang='lat' dir='ltr'>Hymceneus</span> <span class='ocrx_word' id='word_1_436' title='bbox 3296 2813 3353 2863; x_wconf 90' lang='lat' dir='ltr'>et</span> <span class='ocrx_word' id='word_1_437' title='bbox 3397 2809 3659 2864; x_wconf 87' lang='lat' dir='ltr'>Pbilctus</span> 
     </span>
    </p>
   </div>
   <div class='ocr_carea' id='block_1_61' title="bbox 2010 2896 3656 2968">
    <p class='ocr_par' dir='ltr' id='par_1_61' title="bbox 2010 2896 3656 2968">
     <span class='ocr_line' id='line_1_61' title="bbox 2010 2896 3656 2968; baseline 0.002 -17"><span class='ocrx_word' id='word_1_438' title='bbox 2010 2896 2427 2968; x_wconf 89' lang='lat' dir='ltr'>quiaveritate</span> <span class='ocrx_word' id='word_1_439' title='bbox 2461 2896 2813 2965; x_wconf 89' lang='lat' dir='ltr'>ceciderunt,</span> <span class='ocrx_word' id='word_1_440' title='bbox 2864 2898 3122 2952; x_wconf 88' lang='lat' dir='ltr'>dicentes</span> <span class='ocrx_word' id='word_1_441' title='bbox 3171 2897 3656 2954; x_wconf 88' lang='lat' dir='ltr'>resurrectionem</span> 
     </span>
    </p>
   </div>
   <div class='ocr_carea' id='block_1_62' title="bbox 2001 2985 3656 3057">
    <p class='ocr_par' dir='ltr' id='par_1_62' title="bbox 2001 2985 3656 3057">
     <span class='ocr_line' id='line_1_62' title="bbox 2001 2985 3656 3057; baseline 0.002 -18"><span class='ocrx_word' id='word_1_442' title='bbox 2001 2985 2126 3054; x_wconf 84' lang='lat' dir='ltr'>jam</span> <span class='ocrx_word' id='word_1_443' title='bbox 2153 2985 2388 3049; x_wconf 91' lang='lat' dir='ltr'>factam,</span> <span class='ocrx_word' id='word_1_444' title='bbox 2413 2989 2470 3040; x_wconf 91' lang='lat' dir='ltr'>et</span> <span class='ocrx_word' id='word_1_445' title='bbox 2491 2985 2838 3039; x_wconf 88' lang='lat' dir='ltr'>subvertunt</span> <span class='ocrx_word' id='word_1_446' title='bbox 2883 2986 3274 3057; x_wconf 90' lang='lat' dir='ltr'>quorumdam</span> <span class='ocrx_word' id='word_1_447' title='bbox 3299 2986 3495 3042; x_wconf 90' lang='lat' dir='ltr'>ﬁdem.</span> <span class='ocrx_word' id='word_1_448' title='bbox 3546 2987 3656 3042; x_wconf 87' lang='lat' dir='ltr'>Sed</span> 
     </span>
    </p>
   </div>
   <div class='ocr_carea' id='block_1_63' title="bbox 2009 3073 3658 3146">
    <p class='ocr_par' dir='ltr' id='par_1_63' title="bbox 2009 3073 3658 3146">
     <span class='ocr_line' id='line_1_63' title="bbox 2009 3073 3658 3146; baseline 0.001 -20"><span class='ocrx_word' id='word_1_449' title='bbox 2009 3074 2246 3127; x_wconf 89' lang='lat' dir='ltr'>ﬁrmum</span> <span class='ocrx_word' id='word_1_450' title='bbox 2275 3073 2726 3127; x_wconf 80' lang='lat' dir='ltr'>fundamentum</span> <span class='ocrx_word' id='word_1_451' title='bbox 2750 3073 2849 3128; x_wconf 90' lang='lat' dir='ltr'>Dei</span> <span class='ocrx_word' id='word_1_452' title='bbox 2894 3073 3074 3141; x_wconf 88' lang='lat' dir='ltr'>stetit,</span> <span class='ocrx_word' id='word_1_453' title='bbox 3113 3074 3338 3129; x_wconf 88' lang='lat' dir='ltr'>habens</span> <span class='ocrx_word' id='word_1_454' title='bbox 3386 3075 3658 3146; x_wconf 86' lang='lat' dir='ltr'>signacu-</span> 
     </span>
    </p>
   </div>
   <div class='ocr_carea' id='block_1_64' title="bbox 2010 3161 3693 3240">
    <p class='ocr_par' dir='ltr' id='par_1_64' title="bbox 2010 3161 3693 3240">
     <span class='ocr_line' id='line_1_64' title="bbox 2010 3161 3693 3240; baseline 0.001 -25"><span class='ocrx_word' id='word_1_455' title='bbox 2010 3161 2131 3215; x_wconf 91' lang='lat' dir='ltr'>lum</span> <span class='ocrx_word' id='word_1_456' title='bbox 2147 3161 2275 3215; x_wconf 92' lang='lat' dir='ltr'>hoc.</span> <span class='ocrx_word' id='word_1_457' title='bbox 2312 3161 2592 3233; x_wconf 83' lang='lat' dir='ltr'>Cognovit</span> <span class='ocrx_word' id='word_1_458' title='bbox 2610 3161 2896 3217; x_wconf 88' lang='lat' dir='ltr'>Dominus</span> <span class='ocrx_word' id='word_1_459' title='bbox 2919 3161 3013 3232; x_wconf 91' lang='lat' dir='ltr'>qui</span> <span class='ocrx_word' id='word_1_460' title='bbox 3036 3163 3336 3232; x_wconf 83' lang='lat' dir='ltr'>suntejus,</span> <span class='ocrx_word' id='word_1_461' title='bbox 3370 3167 3426 3216; x_wconf 91' lang='lat' dir='ltr'>et</span> <span class='ocrx_word' id='word_1_462' title='bbox 3473 3163 3658 3228; x_wconf 83' lang='lat' dir='ltr'>disce-</span> <span class='ocrx_word' id='word_1_463' title='bbox 3691 3232 3693 3240; x_wconf 32' lang='grc' dir='ltr'><strong>Ι</strong></span> 
     </span>
    </p>
   </div>
   <div class='ocr_carea' id='block_1_65' title="bbox 246 3237 3657 3322">
    <p class='ocr_par' dir='ltr' id='par_1_65' title="bbox 246 3237 3657 3322">
     <span class='ocr_line' id='line_1_65' title="bbox 246 3237 3657 3322; baseline 0 -18"><span class='ocrx_word' id='word_1_464' title='bbox 246 3250 328 3318; x_wconf 81' lang='lat' dir='ltr'>xi,</span> <span class='ocrx_word' id='word_1_465' title='bbox 363 3253 422 3304; x_wconf 92' lang='lat' dir='ltr'>et</span> <span class='ocrx_word' id='word_1_466' title='bbox 451 3265 607 3304; x_wconf 84' lang='lat' dir='ltr'>nune</span> <span class='ocrx_word' id='word_1_467' title='bbox 638 3249 848 3304; x_wconf 90' lang='lat' dir='ltr'>iterum</span> <span class='ocrx_word' id='word_1_468' title='bbox 876 3249 1126 3321; x_wconf 68' lang='lat' dir='ltr'>praedico</span> <span class='ocrx_word' id='word_1_469' title='bbox 1160 3267 1172 3305; x_wconf 91' lang='lat'>:</span> <span class='ocrx_word' id='word_1_470' title='bbox 1206 3249 1266 3305; x_wconf 94' lang='lat' dir='ltr'>Si</span> <span class='ocrx_word' id='word_1_471' title='bbox 1315 3249 1446 3321; x_wconf 88' lang='lat' dir='ltr'>quis</span> <span class='ocrx_word' id='word_1_472' title='bbox 1501 3251 1666 3306; x_wconf 88' lang='lat' dir='ltr'>vobis</span> <span class='ocrx_word' id='word_1_473' title='bbox 1723 3267 1894 3306; x_wconf 88' lang='lat' dir='ltr'>evan-</span> <span class='ocrx_word' id='word_1_474' title='bbox 1927 3237 1969 3304; x_wconf 89' lang='lat' dir='ltr'>C</span> <span class='ocrx_word' id='word_1_475' title='bbox 2009 3249 3318 3322; x_wconf 89' lang='lat' dir='ltr'>ditabiniquitateomnisquinominatnomen</span> <span class='ocrx_word' id='word_1_476' title='bbox 3336 3251 3657 3306; x_wconf 90' lang='lat' dir='ltr'>Domini.ln</span> 
     </span>
    </p>
   </div>
   <div class='ocr_carea' id='block_1_66' title="bbox 248 3337 1903 3411">
    <p class='ocr_par' dir='ltr' id='par_1_66' title="bbox 248 3337 1903 3411">
     <span class='ocr_line' id='line_1_66' title="bbox 248 3337 1903 3411; baseline 0.002 -20"><span class='ocrx_word' id='word_1_477' title='bbox 248 3337 585 3410; x_wconf 84' lang='lat' dir='ltr'>gelizaverit</span> <span class='ocrx_word' id='word_1_478' title='bbox 615 3341 823 3409; x_wconf 69' lang='lat' dir='ltr'>praeter</span> <span class='ocrx_word' id='word_1_479' title='bbox 847 3338 903 3392; x_wconf 90' lang='lat' dir='ltr'>id</span> <span class='ocrx_word' id='word_1_480' title='bbox 934 3339 1090 3410; x_wconf 93' lang='lat' dir='ltr'>quod</span> <span class='ocrx_word' id='word_1_481' title='bbox 1123 3339 1451 3411; x_wconf 89' lang='lat' dir='ltr'>accepistis,</span> <span class='ocrx_word' id='word_1_482' title='bbox 1479 3338 1793 3394; x_wconf 90' lang='lat' dir='ltr'>anathema</span> <span class='ocrx_word' id='word_1_483' title='bbox 1823 3340 1903 3395; x_wconf 87' lang='lat' dir='ltr'>sit</span> 
     </span>
    </p>
   </div>
   <div class='ocr_carea' id='block_1_67' title="bbox 249 3425 1898 3498">
    <p class='ocr_par' dir='ltr' id='par_1_67' title="bbox 249 3425 1898 3498">
     <span class='ocr_line' id='line_1_67' title="bbox 249 3425 1898 3498; baseline 0.001 -17"><span class='ocrx_word' id='word_1_484' title='bbox 249 3426 400 3496; x_wconf 80' lang='lat' dir='ltr'>(Gal.</span> <span class='ocrx_word' id='word_1_485' title='bbox 433 3442 475 3493; x_wconf 76' lang='grc' dir='ltr'>ι,</span> <span class='ocrx_word' id='word_1_486' title='bbox 502 3427 628 3497; x_wconf 86' lang='grc'>69).</span> <span class='ocrx_word' id='word_1_487' title='bbox 669 3449 688 3475; x_wconf 78' lang='grc' dir='ltr'><strong><em>ι</em></strong></span> <span class='ocrx_word' id='word_1_488' title='bbox 727 3425 886 3481; x_wconf 91' lang='lat' dir='ltr'>Idem</span> <span class='ocrx_word' id='word_1_489' title='bbox 917 3427 989 3482; x_wconf 91' lang='lat' dir='ltr'>ad</span> <span class='ocrx_word' id='word_1_490' title='bbox 1017 3425 1412 3498; x_wconf 77' lang='lat' dir='ltr'>Fhilippenses</span> <span class='ocrx_word' id='word_1_491' title='bbox 1435 3427 1551 3482; x_wconf 89' lang='lat' dir='ltr'>ait:</span> <span class='ocrx_word' id='word_1_492' title='bbox 1588 3450 1615 3476; x_wconf 85' lang='lat'><strong>«</strong></span> <span class='ocrx_word' id='word_1_493' title='bbox 1647 3427 1898 3491; x_wconf 91' lang='lat' dir='ltr'>Quicun-</span> 
     </span>
    </p>
   </div>
   <div class='ocr_carea' id='block_1_68' title="bbox 250 3515 1895 3587">
    <p class='ocr_par' dir='ltr' id='par_1_68' title="bbox 250 3515 1895 3587">
     <span class='ocr_line' id='line_1_68' title="bbox 250 3515 1895 3587; baseline 0.001 -18"><span class='ocrx_word' id='word_1_494' title='bbox 250 3530 371 3586; x_wconf 88' lang='lat' dir='ltr'>que</span> <span class='ocrx_word' id='word_1_495' title='bbox 400 3515 634 3586; x_wconf 82' lang='lat' dir='ltr'>perfecti</span> <span class='ocrx_word' id='word_1_496' title='bbox 667 3532 895 3582; x_wconf 89' lang='lat' dir='ltr'>sumus,</span> <span class='ocrx_word' id='word_1_497' title='bbox 929 3515 1038 3570; x_wconf 90' lang='lat' dir='ltr'>hoc</span> <span class='ocrx_word' id='word_1_498' title='bbox 1070 3515 1416 3582; x_wconf 88' lang='lat' dir='ltr'>sentiamus,</span> <span class='ocrx_word' id='word_1_499' title='bbox 1450 3519 1507 3570; x_wconf 91' lang='lat' dir='ltr'>et</span> <span class='ocrx_word' id='word_1_500' title='bbox 1539 3515 1590 3573; x_wconf 86' lang='lat' dir='ltr'>si</span> <span class='ocrx_word' id='word_1_501' title='bbox 1618 3516 1756 3587; x_wconf 90' lang='lat' dir='ltr'>quid</span> <span class='ocrx_word' id='word_1_502' title='bbox 1789 3517 1895 3571; x_wconf 87' lang='lat' dir='ltr'>ali-</span> 
     </span>
    </p>
   </div>
   <div class='ocr_carea' id='block_1_69' title="bbox 243 3603 1898 3675">
    <p class='ocr_par' dir='ltr' id='par_1_69' title="bbox 243 3603 1898 3675">
     <span class='ocr_line' id='line_1_69' title="bbox 243 3603 1898 3675; baseline 0.001 -17"><span class='ocrx_word' id='word_1_503' title='bbox 243 3608 338 3660; x_wconf 89' lang='lat' dir='ltr'>ter</span> <span class='ocrx_word' id='word_1_504' title='bbox 365 3603 597 3675; x_wconf 86' lang='lat' dir='ltr'>sapitis,</span> <span class='ocrx_word' id='word_1_505' title='bbox 620 3607 678 3659; x_wconf 90' lang='lat' dir='ltr'>et</span> <span class='ocrx_word' id='word_1_506' title='bbox 707 3603 816 3659; x_wconf 90' lang='lat' dir='ltr'>hoc</span> <span class='ocrx_word' id='word_1_507' title='bbox 858 3603 1022 3658; x_wconf 88' lang='lat' dir='ltr'>vobis</span> <span class='ocrx_word' id='word_1_508' title='bbox 1055 3604 1209 3660; x_wconf 89' lang='lat' dir='ltr'>Deus</span> <span class='ocrx_word' id='word_1_509' title='bbox 1267 3603 1562 3666; x_wconf 87' lang='lat' dir='ltr'>relevabit.</span> <span class='ocrx_word' id='word_1_510' title='bbox 1595 3604 1898 3662; x_wconf 88' lang='lat' dir='ltr'>Verumta-</span> 
     </span>
    </p>
   </div>
   <div class='ocr_carea' id='block_1_70' title="bbox 243 3681 1895 3765">
    <p class='ocr_par' dir='ltr' id='par_1_70' title="bbox 243 3681 1895 3765">
     <span class='ocr_line' id='line_1_70' title="bbox 243 3681 1895 3765; baseline 0 -17"><span class='ocrx_word' id='word_1_511' title='bbox 243 3709 384 3748; x_wconf 91' lang='lat' dir='ltr'>men</span> <span class='ocrx_word' id='word_1_512' title='bbox 415 3693 488 3748; x_wconf 90' lang='lat' dir='ltr'>ad</span> <span class='ocrx_word' id='word_1_513' title='bbox 521 3693 675 3765; x_wconf 91' lang='lat' dir='ltr'>quod</span> <span class='ocrx_word' id='word_1_514' title='bbox 707 3693 1098 3764; x_wconf 88' lang='lat' dir='ltr'>pervenimus,</span> <span class='ocrx_word' id='word_1_515' title='bbox 1133 3696 1198 3746; x_wconf 92' lang='lat' dir='ltr'>ut</span> <span class='ocrx_word' id='word_1_516' title='bbox 1228 3691 1380 3748; x_wconf 91' lang='lat' dir='ltr'>idem</span> <span class='ocrx_word' id='word_1_517' title='bbox 1411 3681 1732 3765; x_wconf 76' lang='lat' dir='ltr'>sapiamus,</span> <span class='ocrx_word' id='word_1_518' title='bbox 1757 3699 1815 3750; x_wconf 92' lang='lat' dir='ltr'>et</span> <span class='ocrx_word' id='word_1_519' title='bbox 1837 3694 1895 3748; x_wconf 91' lang='lat' dir='ltr'>in</span> 
     </span>
    </p>
   </div>
   <div class='ocr_carea' id='block_1_71' title="bbox 241 3780 1894 3857">
    <p class='ocr_par' dir='ltr' id='par_1_71' title="bbox 241 3780 1894 3857">
     <span class='ocr_line' id='line_1_71' title="bbox 241 3780 1894 3857; baseline 0 -19"><span class='ocrx_word' id='word_1_520' title='bbox 241 3783 451 3853; x_wconf 85' lang='lat' dir='ltr'>eadem</span> <span class='ocrx_word' id='word_1_521' title='bbox 474 3798 932 3855; x_wconf 85' lang='lat' dir='ltr'>.permaneamus</span> <span class='ocrx_word' id='word_1_522' title='bbox 957 3780 1176 3855; x_wconf 89' lang='lat' dir='ltr'>regula.</span> <span class='ocrx_word' id='word_1_523' title='bbox 1201 3781 1528 3837; x_wconf 89' lang='lat' dir='ltr'>Imitatores</span> <span class='ocrx_word' id='word_1_524' title='bbox 1552 3782 1664 3857; x_wconf 90' lang='lat' dir='ltr'>mei</span> <span class='ocrx_word' id='word_1_525' title='bbox 1688 3787 1894 3851; x_wconf 90' lang='lat' dir='ltr'>estote,</span> 
     </span>
    </p>
   </div>
   <div class='ocr_carea' id='block_1_72' title="bbox 240 3869 1896 3944">
    <p class='ocr_par' dir='ltr' id='par_1_72' title="bbox 240 3869 1896 3944">
     <span class='ocr_line' id='line_1_72' title="bbox 240 3869 1896 3944; baseline 0.001 -19"><span class='ocrx_word' id='word_1_526' title='bbox 240 3871 481 3942; x_wconf 87' lang='lat' dir='ltr'>fratres,</span> <span class='ocrx_word' id='word_1_527' title='bbox 511 3875 570 3932; x_wconf 88' lang='lat' dir='ltr'>et</span> <span class='ocrx_word' id='word_1_528' title='bbox 598 3871 901 3944; x_wconf 79' lang='lat' dir='ltr'>observate</span> <span class='ocrx_word' id='word_1_529' title='bbox 927 3886 1064 3944; x_wconf 81' lang='lat' dir='ltr'>eos,</span> <span class='ocrx_word' id='word_1_530' title='bbox 1097 3869 1196 3942; x_wconf 92' lang='lat' dir='ltr'>qui</span> <span class='ocrx_word' id='word_1_531' title='bbox 1229 3870 1311 3926; x_wconf 89' lang='lat' dir='ltr'>ita</span> <span class='ocrx_word' id='word_1_532' title='bbox 1359 3869 1684 3938; x_wconf 86' lang='lat' dir='ltr'>ambulant,</span> <span class='ocrx_word' id='word_1_533' title='bbox 1743 3872 1896 3927; x_wconf 88' lang='lat' dir='ltr'>sicut</span> 
     </span>
    </p>
   </div>
   <div class='ocr_carea' id='block_1_73' title="bbox 237 3957 1892 4030">
    <p class='ocr_par' dir='ltr' id='par_1_73' title="bbox 237 3957 1892 4030">
     <span class='ocr_line' id='line_1_73' title="bbox 237 3957 1892 4030; baseline 0.002 -17"><span class='ocrx_word' id='word_1_534' title='bbox 237 3957 477 4014; x_wconf 88' lang='lat' dir='ltr'>habetis</span> <span class='ocrx_word' id='word_1_535' title='bbox 501 3959 1033 4014; x_wconf 86' lang='lat' dir='ltr'>formamnostram</span> <span class='ocrx_word' id='word_1_536' title='bbox 1077 3958 1249 4030; x_wconf 82' lang='lat' dir='ltr'>(Phil.</span> <span class='ocrx_word' id='word_1_537' title='bbox 1276 3976 1360 4022; x_wconf 81' lang='grc' dir='ltr'>ιιι,</span> <span class='ocrx_word' id='word_1_538' title='bbox 1413 3958 1624 4030; x_wconf 73' lang='grc'>-15-17).</span> <span class='ocrx_word' id='word_1_539' title='bbox 1654 3980 1681 4007; x_wconf 87' lang='grc'><strong>››</strong></span> <span class='ocrx_word' id='word_1_540' title='bbox 1733 3961 1892 4016; x_wconf 88' lang='lat' dir='ltr'>Idem</span> 
     </span>
    </p>
   </div>
   <div class='ocr_carea' id='block_1_74' title="bbox 237 4046 1891 4124">
    <p class='ocr_par' dir='ltr' id='par_1_74' title="bbox 237 4046 1891 4124">
     <span class='ocr_line' id='line_1_74' title="bbox 237 4046 1891 4124; baseline 0.001 -22"><span class='ocrx_word' id='word_1_541' title='bbox 237 4047 310 4102; x_wconf 91' lang='lat' dir='ltr'>ad</span> <span class='ocrx_word' id='word_1_542' title='bbox 337 4046 715 4118; x_wconf 84' lang='lat' dir='ltr'>Colossenses</span> <span class='ocrx_word' id='word_1_543' title='bbox 751 4063 763 4102; x_wconf 90' lang='lat'><strong>:</strong></span> <span class='ocrx_word' id='word_1_544' title='bbox 789 4070 816 4097; x_wconf 91' lang='grc'>‹‹</span> <span class='ocrx_word' id='word_1_545' title='bbox 841 4047 959 4122; x_wconf 85' lang='lat' dir='ltr'>Hoc</span> <span class='ocrx_word' id='word_1_546' title='bbox 987 4046 1137 4124; x_wconf 86' lang='lat' dir='ltr'>dico,</span> <span class='ocrx_word' id='word_1_547' title='bbox 1172 4051 1236 4102; x_wconf 90' lang='lat' dir='ltr'>ut</span> <span class='ocrx_word' id='word_1_548' title='bbox 1257 4063 1427 4103; x_wconf 89' lang='lat' dir='ltr'>nemo</span> <span class='ocrx_word' id='word_1_549' title='bbox 1445 4064 1546 4103; x_wconf 92' lang='lat' dir='ltr'>vos</span> <span class='ocrx_word' id='word_1_550' title='bbox 1561 4047 1812 4118; x_wconf 86' lang='lat' dir='ltr'>decipiat</span> <span class='ocrx_word' id='word_1_551' title='bbox 1834 4049 1891 4103; x_wconf 91' lang='lat' dir='ltr'>in</span> 
     </span>
    </p>
   </div>
   <div class='ocr_carea' id='block_1_75' title="bbox 236 4135 1888 4210">
    <p class='ocr_par' dir='ltr' id='par_1_75' title="bbox 236 4135 1888 4210">
     <span class='ocr_line' id='line_1_75' title="bbox 236 4135 1888 4210; baseline 0.001 -19"><span class='ocrx_word' id='word_1_552' title='bbox 236 4135 572 4191; x_wconf 86' lang='lat' dir='ltr'>subtilitate</span> <span class='ocrx_word' id='word_1_553' title='bbox 594 4152 926 4192; x_wconf 90' lang='lat' dir='ltr'>sermsnum</span> <span class='ocrx_word' id='word_1_554' title='bbox 949 4136 1170 4207; x_wconf 83' lang='lat' dir='ltr'>(.Coloss.</span> <span class='ocrx_word' id='word_1_555' title='bbox 1194 4153 1256 4204; x_wconf 76' lang='grc' dir='ltr'>Π,</span> <span class='ocrx_word' id='word_1_556' title='bbox 1273 4135 1356 4210; x_wconf 64' lang='grc'>4),</span> <span class='ocrx_word' id='word_1_557' title='bbox 1379 4158 1406 4185; x_wconf 88' lang='grc'><strong>››</strong></span> <span class='ocrx_word' id='word_1_558' title='bbox 1439 4139 1505 4190; x_wconf 85' lang='lat' dir='ltr'>Et</span> <span class='ocrx_word' id='word_1_559' title='bbox 1527 4139 1657 4207; x_wconf 90' lang='lat' dir='ltr'>post</span> <span class='ocrx_word' id='word_1_560' title='bbox 1682 4153 1888 4207; x_wconf 88' lang='lat' dir='ltr'>pauca:</span> 
     </span>
    </p>
   </div>
   <div class='ocr_carea' id='block_1_76' title="bbox 235 4222 1894 4298">
    <p class='ocr_par' dir='ltr' id='par_1_76' title="bbox 235 4222 1894 4298">
     <span class='ocr_line' id='line_1_76' title="bbox 235 4222 1894 4298; baseline 0.002 -22"><span class='ocrx_word' id='word_1_561' title='bbox 235 4249 267 4276; x_wconf 70' lang='grc' dir='ltr'>ς(</span> <span class='ocrx_word' id='word_1_562' title='bbox 291 4224 500 4280; x_wconf 83' lang='lat' dir='ltr'>Videte</span> <span class='ocrx_word' id='word_1_563' title='bbox 523 4241 593 4279; x_wconf 91' lang='lat' dir='ltr'>ne</span> <span class='ocrx_word' id='word_1_564' title='bbox 615 4222 746 4295; x_wconf 89' lang='lat' dir='ltr'>quis</span> <span class='ocrx_word' id='word_1_565' title='bbox 768 4240 867 4298; x_wconf 88' lang='lat' dir='ltr'>vos</span> <span class='ocrx_word' id='word_1_566' title='bbox 906 4223 1159 4295; x_wconf 90' lang='lat' dir='ltr'>decipiat</span> <span class='ocrx_word' id='word_1_567' title='bbox 1206 4241 1308 4296; x_wconf 89' lang='lat' dir='ltr'>per</span> <span class='ocrx_word' id='word_1_568' title='bbox 1360 4222 1793 4295; x_wconf 87' lang='lat' dir='ltr'>philosophiam</span> <span class='ocrx_word' id='word_1_569' title='bbox 1836 4228 1894 4280; x_wconf 92' lang='lat' dir='ltr'>et</span> 
     </span>
    </p>
   </div>
   <div class='ocr_carea' id='block_1_77' title="bbox 233 4312 1886 4386">
    <p class='ocr_par' dir='ltr' id='par_1_77' title="bbox 233 4312 1886 4386">
     <span class='ocr_line' id='line_1_77' title="bbox 233 4312 1886 4386; baseline 0 -18"><span class='ocrx_word' id='word_1_570' title='bbox 233 4314 482 4385; x_wconf 87' lang='lat' dir='ltr'>inanem</span> <span class='ocrx_word' id='word_1_571' title='bbox 538 4312 854 4380; x_wconf 82' lang='lat' dir='ltr'>fallaciam,</span> <span class='ocrx_word' id='word_1_572' title='bbox 898 4313 1242 4386; x_wconf 7' lang='lat' dir='ltr'>secundum,</span> <span class='ocrx_word' id='word_1_573' title='bbox 1273 4312 1646 4368; x_wconf 87' lang='lat' dir='ltr'>traditionem</span> <span class='ocrx_word' id='word_1_574' title='bbox 1694 4312 1886 4370; x_wconf 91' lang='lat' dir='ltr'>homi-</span> 
     </span>
    </p>
   </div>
   <div class='ocr_carea' id='block_1_78' title="bbox 234 4401 1888 4472">
    <p class='ocr_par' dir='ltr' id='par_1_78' title="bbox 234 4401 1888 4472">
     <span class='ocr_line' id='line_1_78' title="bbox 234 4401 1888 4472; baseline 0 -14"><span class='ocrx_word' id='word_1_575' title='bbox 234 4420 410 4472; x_wconf 89' lang='lat' dir='ltr'>num,</span> <span class='ocrx_word' id='word_1_576' title='bbox 436 4403 759 4458; x_wconf 89' lang='lat' dir='ltr'>secundum</span> <span class='ocrx_word' id='word_1_577' title='bbox 783 4401 1070 4462; x_wconf 79' lang='lat' dir='ltr'>elementa</span> <span class='ocrx_word' id='word_1_578' title='bbox 1093 4401 1321 4471; x_wconf 89' lang='lat' dir='ltr'>mundi,</span> <span class='ocrx_word' id='word_1_579' title='bbox 1350 4405 1407 4458; x_wconf 92' lang='lat' dir='ltr'>et</span> <span class='ocrx_word' id='word_1_580' title='bbox 1429 4418 1542 4457; x_wconf 89' lang='lat' dir='ltr'>non</span> <span class='ocrx_word' id='word_1_581' title='bbox 1562 4403 1888 4458; x_wconf 91' lang='lat' dir='ltr'>secundum</span> 
     </span>
    </p>
   </div>
   <div class='ocr_carea' id='block_1_79' title="bbox 233 4489 1892 4563">
    <p class='ocr_par' dir='ltr' id='par_1_79' title="bbox 233 4489 1892 4563">
     <span class='ocr_line' id='line_1_79' title="bbox 233 4489 1892 4563; baseline 0 -17"><span class='ocrx_word' id='word_1_582' title='bbox 233 4492 542 4547; x_wconf 87' lang='lat' dir='ltr'>Christum</span> <span class='ocrx_word' id='word_1_583' title='bbox 565 4489 746 4563; x_wconf 57' lang='lat' dir='ltr'>(Ibid,</span> <span class='ocrx_word' id='word_1_584' title='bbox 769 4491 843 4562; x_wconf 95' lang='lat'>8).</span> <span class='ocrx_word' id='word_1_585' title='bbox 872 4513 899 4539; x_wconf 88' lang='lat'>»</span> <span class='ocrx_word' id='word_1_586' title='bbox 937 4491 1093 4545; x_wconf 91' lang='lat' dir='ltr'>Idem</span> <span class='ocrx_word' id='word_1_587' title='bbox 1144 4507 1374 4562; x_wconf 90' lang='lat' dir='ltr'>quoque</span> <span class='ocrx_word' id='word_1_588' title='bbox 1414 4491 1485 4548; x_wconf 89' lang='lat' dir='ltr'>ad</span> <span class='ocrx_word' id='word_1_589' title='bbox 1510 4490 1892 4547; x_wconf 85' lang='lat' dir='ltr'>Thessaloni-</span> 
     </span>
    </p>
   </div>
   <div class='ocr_carea' id='block_1_80' title="bbox 236 4579 1968 4666">
    <p class='ocr_par' dir='ltr' id='par_1_80' title="bbox 236 4579 1968 4666">
     <span class='ocr_line' id='line_1_80' title="bbox 236 4579 1968 4666; baseline 0 -30"><span class='ocrx_word' id='word_1_590' title='bbox 236 4597 479 4637; x_wconf 83' lang='lat' dir='ltr'>censes:</span> <span class='ocrx_word' id='word_1_591' title='bbox 506 4603 532 4628; x_wconf 85' lang='lat'><strong><em>«</em></strong></span> <span class='ocrx_word' id='word_1_592' title='bbox 557 4580 613 4634; x_wconf 92' lang='lat' dir='ltr'>Si</span> <span class='ocrx_word' id='word_1_593' title='bbox 633 4579 765 4651; x_wconf 85' lang='lat' dir='ltr'>quis</span> <span class='ocrx_word' id='word_1_594' title='bbox 789 4597 901 4635; x_wconf 91' lang='lat' dir='ltr'>non</span> <span class='ocrx_word' id='word_1_595' title='bbox 924 4579 1120 4635; x_wconf 91' lang='lat' dir='ltr'>obedit</span> <span class='ocrx_word' id='word_1_596' title='bbox 1140 4581 1310 4635; x_wconf 90' lang='lat' dir='ltr'>verbo</span> <span class='ocrx_word' id='word_1_597' title='bbox 1334 4585 1531 4635; x_wconf 88' lang='lat' dir='ltr'>nostro</span> <span class='ocrx_word' id='word_1_598' title='bbox 1557 4596 1660 4652; x_wconf 89' lang='lat' dir='ltr'>per</span> <span class='ocrx_word' id='word_1_599' title='bbox 1679 4580 1888 4652; x_wconf 90' lang='lat' dir='ltr'>episto-</span> <span class='ocrx_word' id='word_1_600' title='bbox 1922 4602 1968 4666; x_wconf 84' lang='lat' dir='ltr'><strong>D</strong></span> 
     </span>
    </p>
   </div>
   <div class='ocr_carea' id='block_1_81' title="bbox 232 4667 1890 4739">
    <p class='ocr_par' dir='ltr' id='par_1_81' title="bbox 232 4667 1890 4739">
     <span class='ocr_line' id='line_1_81' title="bbox 232 4667 1890 4739; baseline 0 -14"><span class='ocrx_word' id='word_1_601' title='bbox 232 4670 567 4737; x_wconf 89' lang='lat' dir='ltr'>1am,hunc</span> <span class='ocrx_word' id='word_1_602' title='bbox 585 4672 800 4739; x_wconf 87' lang='lat' dir='ltr'>notate,</span> <span class='ocrx_word' id='word_1_603' title='bbox 825 4673 1017 4724; x_wconf 87' lang='lat' dir='ltr'>etnon</span> <span class='ocrx_word' id='word_1_604' title='bbox 1057 4667 1558 4726; x_wconf 89' lang='lat' dir='ltr'>commisceamini</span> <span class='ocrx_word' id='word_1_605' title='bbox 1609 4685 1743 4726; x_wconf 91' lang='lat' dir='ltr'>cum</span> <span class='ocrx_word' id='word_1_606' title='bbox 1790 4668 1890 4725; x_wconf 90' lang='lat' dir='ltr'>illo</span> 
     </span>
    </p>
   </div>
   <div class='ocr_carea' id='block_1_82' title="bbox 239 4743 1893 4829">
    <p class='ocr_par' dir='ltr' id='par_1_82' title="bbox 239 4743 1893 4829">
     <span class='ocr_line' id='line_1_82' title="bbox 239 4743 1893 4829; baseline -0.001 -15"><span class='ocrx_word' id='word_1_607' title='bbox 239 4764 311 4814; x_wconf 89' lang='lat' dir='ltr'>ut</span> <span class='ocrx_word' id='word_1_608' title='bbox 334 4743 754 4813; x_wconf 86' lang='lat' dir='ltr'>confundatur.</span> <span class='ocrx_word' id='word_1_609' title='bbox 779 4757 844 4812; x_wconf 87' lang='lat' dir='ltr'>Et</span> <span class='ocrx_word' id='word_1_610' title='bbox 865 4756 1043 4812; x_wconf 90' lang='lat' dir='ltr'>nolite</span> <span class='ocrx_word' id='word_1_611' title='bbox 1065 4757 1232 4829; x_wconf 89' lang='lat' dir='ltr'>quasi</span> <span class='ocrx_word' id='word_1_612' title='bbox 1257 4755 1558 4816; x_wconf 90' lang='lat' dir='ltr'>inimicum</span> <span class='ocrx_word' id='word_1_613' title='bbox 1583 4758 1893 4826; x_wconf 72' lang='lat' dir='ltr'>azstimare,</span> 
     </span>
    </p>
   </div>
   <div class='ocr_carea' id='block_1_83' title="bbox 234 4846 1895 4921">
    <p class='ocr_par' dir='ltr' id='par_1_83' title="bbox 234 4846 1895 4921">
     <span class='ocr_line' id='line_1_83' title="bbox 234 4846 1895 4921; baseline -0.001 -17"><span class='ocrx_word' id='word_1_614' title='bbox 234 4849 346 4904; x_wconf 86' lang='lat' dir='ltr'>sed</span> <span class='ocrx_word' id='word_1_615' title='bbox 370 4846 711 4921; x_wconf 90' lang='lat' dir='ltr'>corrigitent</span> <span class='ocrx_word' id='word_1_616' title='bbox 735 4847 967 4902; x_wconf 86' lang='lat' dir='ltr'>fratrem</span> <span class='ocrx_word' id='word_1_617' title='bbox 993 4847 1065 4916; x_wconf 89' lang='lat' dir='ltr'>(II</span> <span class='ocrx_word' id='word_1_618' title='bbox 1089 4847 1260 4901; x_wconf 79' lang='lat' dir='ltr'>Thess.</span> <span class='ocrx_word' id='word_1_619' title='bbox 1283 4863 1367 4913; x_wconf 85' lang='lat' dir='ltr'>III,</span> <span class='ocrx_word' id='word_1_620' title='bbox 1395 4846 1474 4910; x_wconf 78' lang='grc'>14,</span> <span class='ocrx_word' id='word_1_621' title='bbox 1525 4847 1630 4914; x_wconf 74' lang='grc'>15).</span> <span class='ocrx_word' id='word_1_622' title='bbox 1660 4869 1686 4894; x_wconf 78' lang='lat' dir='ltr'><em>n</em></span> <span class='ocrx_word' id='word_1_623' title='bbox 1738 4847 1895 4903; x_wconf 88' lang='lat' dir='ltr'>Idem</span> 
     </span>
    </p>
   </div>
   <div class='ocr_carea' id='block_1_84' title="bbox 234 4933 1894 5007">
    <p class='ocr_par' dir='ltr' id='par_1_84' title="bbox 234 4933 1894 5007">
     <span class='ocr_line' id='line_1_84' title="bbox 234 4933 1894 5007; baseline -0.002 -13"><span class='ocrx_word' id='word_1_624' title='bbox 234 4938 314 4994; x_wconf 86' lang='lat' dir='ltr'>ad</span> <span class='ocrx_word' id='word_1_625' title='bbox 331 4937 735 4992; x_wconf 89' lang='lat' dir='ltr'>Timotheum:</span> <span class='ocrx_word' id='word_1_626' title='bbox 762 4959 789 4985; x_wconf 84' lang='lat'><strong><em>«</em></strong></span> <span class='ocrx_word' id='word_1_627' title='bbox 825 4935 983 4990; x_wconf 86' lang='lat' dir='ltr'>Finis</span> <span class='ocrx_word' id='word_1_628' title='bbox 1007 4935 1273 5007; x_wconf 76' lang='lat' dir='ltr'>praecepti</span> <span class='ocrx_word' id='word_1_629' title='bbox 1296 4938 1385 4990; x_wconf 89' lang='lat' dir='ltr'>est</span> <span class='ocrx_word' id='word_1_630' title='bbox 1405 4933 1661 4990; x_wconf 89' lang='lat' dir='ltr'>charitas</span> <span class='ocrx_word' id='word_1_631' title='bbox 1683 4936 1752 4991; x_wconf 92' lang='lat' dir='ltr'>de</span> <span class='ocrx_word' id='word_1_632' title='bbox 1771 4953 1894 4991; x_wconf 90' lang='lat' dir='ltr'>cor-</span> 
     </span>
    </p>
   </div>
   <div class='ocr_carea' id='block_1_85' title="bbox 234 5024 1894 5101">
    <p class='ocr_par' dir='ltr' id='par_1_85' title="bbox 234 5024 1894 5101">
     <span class='ocr_line' id='line_1_85' title="bbox 234 5024 1894 5101; baseline -0.002 -18"><span class='ocrx_word' id='word_1_633' title='bbox 234 5029 477 5101; x_wconf 89' lang='lat' dir='ltr'>depuro</span> <span class='ocrx_word' id='word_1_634' title='bbox 500 5032 555 5082; x_wconf 90' lang='lat' dir='ltr'>et</span> <span class='ocrx_word' id='word_1_635' title='bbox 581 5025 939 5083; x_wconf 89' lang='lat' dir='ltr'>conscientia</span> <span class='ocrx_word' id='word_1_636' title='bbox 960 5025 1130 5094; x_wconf 89' lang='lat' dir='ltr'>bona,</span> <span class='ocrx_word' id='word_1_637' title='bbox 1155 5029 1211 5078; x_wconf 90' lang='lat' dir='ltr'>et</span> <span class='ocrx_word' id='word_1_638' title='bbox 1237 5024 1349 5080; x_wconf 89' lang='lat' dir='ltr'>ﬁde</span> <span class='ocrx_word' id='word_1_639' title='bbox 1385 5041 1497 5080; x_wconf 89' lang='lat' dir='ltr'>non</span> <span class='ocrx_word' id='word_1_640' title='bbox 1523 5025 1674 5079; x_wconf 88' lang='lat' dir='ltr'>ﬁcta.</span> <span class='ocrx_word' id='word_1_641' title='bbox 1699 5026 1743 5080; x_wconf 89' lang='lat' dir='ltr'><strong>A</strong></span> <span class='ocrx_word' id='word_1_642' title='bbox 1765 5025 1894 5097; x_wconf 84' lang='lat' dir='ltr'>qui-</span> 
     </span>
    </p>
   </div>
   <div class='ocr_carea' id='block_1_86' title="bbox 234 5113 1892 5189">
    <p class='ocr_par' dir='ltr' id='par_1_86' title="bbox 234 5113 1892 5189">
     <span class='ocr_line' id='line_1_86' title="bbox 234 5113 1892 5189; baseline -0.002 -16"><span class='ocrx_word' id='word_1_643' title='bbox 234 5118 354 5174; x_wconf 88' lang='lat' dir='ltr'>bus</span> <span class='ocrx_word' id='word_1_644' title='bbox 397 5117 642 5189; x_wconf 89' lang='lat' dir='ltr'>quidam</span> <span class='ocrx_word' id='word_1_645' title='bbox 692 5117 1029 5171; x_wconf 89' lang='lat' dir='ltr'>aberrantes</span> <span class='ocrx_word' id='word_1_646' title='bbox 1072 5113 1333 5168; x_wconf 89' lang='lat' dir='ltr'>conversi</span> <span class='ocrx_word' id='word_1_647' title='bbox 1381 5118 1521 5169; x_wconf 87' lang='lat' dir='ltr'>sunt</span> <span class='ocrx_word' id='word_1_648' title='bbox 1570 5114 1626 5168; x_wconf 92' lang='lat' dir='ltr'>in</span> <span class='ocrx_word' id='word_1_649' title='bbox 1669 5115 1892 5171; x_wconf 88' lang='lat' dir='ltr'>vanilo-</span> 
     </span>
    </p>
   </div>
   <div class='ocr_carea' id='block_1_87' title="bbox 236 5202 1890 5278">
    <p class='ocr_par' dir='ltr' id='par_1_87' title="bbox 236 5202 1890 5278">
     <span class='ocr_line' id='line_1_87' title="bbox 236 5202 1890 5278; baseline -0.002 -16"><span class='ocrx_word' id='word_1_650' title='bbox 236 5207 450 5278; x_wconf 82' lang='lat' dir='ltr'>quiuin</span> <span class='ocrx_word' id='word_1_651' title='bbox 479 5224 490 5261; x_wconf 92' lang='lat'>:</span> <span class='ocrx_word' id='word_1_652' title='bbox 516 5205 774 5262; x_wconf 87' lang='lat' dir='ltr'>volentes</span> <span class='ocrx_word' id='word_1_653' title='bbox 796 5221 924 5260; x_wconf 89' lang='lat' dir='ltr'>esse</span> <span class='ocrx_word' id='word_1_654' title='bbox 946 5202 1088 5275; x_wconf 86' lang='lat' dir='ltr'>legis</span> <span class='ocrx_word' id='word_1_655' title='bbox 1117 5202 1400 5274; x_wconf 86' lang='lat' dir='ltr'>doctores,</span> <span class='ocrx_word' id='word_1_656' title='bbox 1426 5219 1541 5256; x_wconf 89' lang='lat' dir='ltr'>non</span> <span class='ocrx_word' id='word_1_657' title='bbox 1565 5202 1890 5276; x_wconf 87' lang='lat' dir='ltr'>intelligen-</span> 
     </span>
    </p>
   </div>
   <div class='ocr_carea' id='block_1_88' title="bbox 235 5290 1893 5367">
    <p class='ocr_par' dir='ltr' id='par_1_88' title="bbox 235 5290 1893 5367">
     <span class='ocr_line' id='line_1_88' title="bbox 235 5290 1893 5367; baseline -0.001 -17"><span class='ocrx_word' id='word_1_658' title='bbox 235 5301 330 5351; x_wconf 87' lang='lat' dir='ltr'>tes</span> <span class='ocrx_word' id='word_1_659' title='bbox 349 5310 541 5367; x_wconf 90' lang='lat' dir='ltr'>neque</span> <span class='ocrx_word' id='word_1_660' title='bbox 555 5311 680 5366; x_wconf 66' lang='lat' dir='ltr'>quae</span> <span class='ocrx_word' id='word_1_661' title='bbox 701 5293 1237 5365; x_wconf 89' lang='lat' dir='ltr'>loquuntur,neque</span> <span class='ocrx_word' id='word_1_662' title='bbox 1267 5290 1335 5343; x_wconf 91' lang='lat' dir='ltr'>de</span> <span class='ocrx_word' id='word_1_663' title='bbox 1358 5290 1573 5362; x_wconf 90' lang='lat' dir='ltr'>quibus</span> <span class='ocrx_word' id='word_1_664' title='bbox 1597 5291 1893 5348; x_wconf 89' lang='lat' dir='ltr'>afﬁrmant</span> 
     </span>
    </p>
   </div>
   <div class='ocr_carea' id='block_1_89' title="bbox 237 5378 1890 5456">
    <p class='ocr_par' dir='ltr' id='par_1_89' title="bbox 237 5378 1890 5456">
     <span class='ocr_line' id='line_1_89' title="bbox 237 5378 1890 5456; baseline -0.001 -16"><span class='ocrx_word' id='word_1_665' title='bbox 237 5387 291 5455; x_wconf 91' lang='grc' dir='ltr'>(Ι</span> <span class='ocrx_word' id='word_1_666' title='bbox 312 5383 979 5456; x_wconf 40' lang='grc' dir='ltr'>Τι’γη.τ›ι,5-7).››Ει.ροει</span> <span class='ocrx_word' id='word_1_667' title='bbox 999 5379 1195 5451; x_wconf 89' lang='lat' dir='ltr'>aliqua</span> <span class='ocrx_word' id='word_1_668' title='bbox 1245 5378 1400 5434; x_wconf 90' lang='lat' dir='ltr'>idem</span> <span class='ocrx_word' id='word_1_669' title='bbox 1447 5380 1518 5434; x_wconf 89' lang='lat' dir='ltr'>ad</span> <span class='ocrx_word' id='word_1_670' title='bbox 1567 5382 1890 5452; x_wconf 88' lang='lat' dir='ltr'>eumdem:</span> 
     </span>
    </p>
   </div>
   <div class='ocr_carea' id='block_1_90' title="bbox 239 5467 1894 5546">
    <p class='ocr_par' dir='ltr' id='par_1_90' title="bbox 239 5467 1894 5546">
     <span class='ocr_line' id='line_1_90' title="bbox 239 5467 1894 5546; baseline -0.001 -18"><span class='ocrx_word' id='word_1_671' title='bbox 239 5496 272 5522; x_wconf 78' lang='grc' dir='ltr'><em>α</em></span> <span class='ocrx_word' id='word_1_672' title='bbox 295 5471 558 5546; x_wconf 79' lang='lat' dir='ltr'>Spiritus</span> <span class='ocrx_word' id='word_1_673' title='bbox 581 5472 889 5539; x_wconf 85' lang='lat' dir='ltr'>manifeste</span> <span class='ocrx_word' id='word_1_674' title='bbox 917 5468 1096 5539; x_wconf 84' lang='lat' dir='ltr'>dicit,</span> <span class='ocrx_word' id='word_1_675' title='bbox 1118 5467 1257 5539; x_wconf 90' lang='lat' dir='ltr'>quia</span> <span class='ocrx_word' id='word_1_676' title='bbox 1283 5467 1360 5524; x_wconf 91' lang='lat' dir='ltr'>.in</span> <span class='ocrx_word' id='word_1_677' title='bbox 1385 5468 1722 5542; x_wconf 88' lang='lat' dir='ltr'>novissimis</span> <span class='ocrx_word' id='word_1_678' title='bbox 1743 5475 1894 5526; x_wconf 89' lang='lat' dir='ltr'>tem-</span> 
     </span>
    </p>
   </div>
   <div class='ocr_carea' id='block_1_91' title="bbox 234 5556 1900 5635">
    <p class='ocr_par' dir='ltr' id='par_1_91' title="bbox 234 5556 1900 5635">
     <span class='ocr_line' id='line_1_91' title="bbox 234 5556 1900 5635; baseline -0.003 -16"><span class='ocrx_word' id='word_1_679' title='bbox 234 5563 494 5635; x_wconf 85' lang='lat' dir='ltr'>poribus</span> <span class='ocrx_word' id='word_1_680' title='bbox 507 5561 822 5629; x_wconf 86' lang='lat' dir='ltr'>discedent,</span> <span class='ocrx_word' id='word_1_681' title='bbox 844 5559 1082 5631; x_wconf 88' lang='lat' dir='ltr'>quidam</span> <span class='ocrx_word' id='word_1_682' title='bbox 1104 5572 1138 5612; x_wconf 94' lang='lat' dir='ltr'>a</span> <span class='ocrx_word' id='word_1_683' title='bbox 1159 5556 1664 5622; x_wconf 90' lang='lat' dir='ltr'>ﬁde,attendentes</span> <span class='ocrx_word' id='word_1_684' title='bbox 1689 5558 1900 5631; x_wconf 82' lang='lat' dir='ltr'>spiriti-</span> 
     </span>
    </p>
   </div>
   <div class='ocr_carea' id='block_1_92' title="bbox 232 5644 1900 5724">
    <p class='ocr_par' dir='ltr' id='par_1_92' title="bbox 232 5644 1900 5724">
     <span class='ocr_line' id='line_1_92' title="bbox 232 5644 1900 5724; baseline -0.001 -15"><span class='ocrx_word' id='word_1_685' title='bbox 232 5652 356 5710; x_wconf 85' lang='lat' dir='ltr'>bus</span> <span class='ocrx_word' id='word_1_686' title='bbox 379 5649 679 5724; x_wconf 50' lang='lat' dir='ltr'>erroris,“</span> <span class='ocrx_word' id='word_1_687' title='bbox 698 5647 979 5710; x_wconf 86' lang='lat' dir='ltr'>doctrinis</span> <span class='ocrx_word' id='word_1_688' title='bbox 1001 5644 1419 5704; x_wconf 66' lang='lat' dir='ltr'>daemoniorum</span> <span class='ocrx_word' id='word_1_689' title='bbox 1443 5645 1503 5703; x_wconf 90' lang='lat' dir='ltr'>in</span> <span class='ocrx_word' id='word_1_690' title='bbox 1516 5646 1900 5723; x_wconf 81' lang='lat' dir='ltr'>hypocrisilo-</span> 
     </span>
    </p>
   </div>
   <div class='ocr_carea' id='block_1_93' title="bbox 2009 3337 3659 3410">
    <p class='ocr_par' dir='ltr' id='par_1_93' title="bbox 2009 3337 3659 3410">
     <span class='ocr_line' id='line_1_93' title="bbox 2009 3337 3659 3410; baseline 0.001 -18"><span class='ocrx_word' id='word_1_691' title='bbox 2009 3354 2223 3410; x_wconf 88' lang='lat' dir='ltr'>magna</span> <span class='ocrx_word' id='word_1_692' title='bbox 2239 3343 2434 3393; x_wconf 88' lang='lat' dir='ltr'>autem</span> <span class='ocrx_word' id='word_1_693' title='bbox 2453 3338 2625 3392; x_wconf 92' lang='lat' dir='ltr'>domo</span> <span class='ocrx_word' id='word_1_694' title='bbox 2643 3354 2756 3393; x_wconf 92' lang='lat' dir='ltr'>non</span> <span class='ocrx_word' id='word_1_695' title='bbox 2776 3337 2968 3393; x_wconf 88' lang='lat' dir='ltr'>solum</span> <span class='ocrx_word' id='word_1_696' title='bbox 2987 3342 3124 3393; x_wconf 88' lang='lat' dir='ltr'>sunt</span> <span class='ocrx_word' id='word_1_697' title='bbox 3139 3355 3278 3402; x_wconf 83' lang='lat' dir='ltr'>vasa</span> <span class='ocrx_word' id='word_1_698' title='bbox 3291 3357 3466 3394; x_wconf 90' lang='lat' dir='ltr'>aurea</span> <span class='ocrx_word' id='word_1_699' title='bbox 3479 3344 3534 3394; x_wconf 91' lang='lat' dir='ltr'>et</span> <span class='ocrx_word' id='word_1_700' title='bbox 3564 3357 3659 3393; x_wconf 91' lang='lat' dir='ltr'>ar-</span> 
     </span>
    </p>
   </div>
   <div class='ocr_carea' id='block_1_94' title="bbox 2009 3419 3695 3506">
    <p class='ocr_par' dir='ltr' id='par_1_94' title="bbox 2009 3419 3695 3506">
     <span class='ocr_line' id='line_1_94' title="bbox 2009 3419 3695 3506; baseline 0 -24"><span class='ocrx_word' id='word_1_701' title='bbox 2009 3430 2238 3496; x_wconf 89' lang='lat' dir='ltr'>gentea,</span> <span class='ocrx_word' id='word_1_702' title='bbox 2263 3427 2361 3481; x_wconf 89' lang='lat' dir='ltr'>sed</span> <span class='ocrx_word' id='word_1_703' title='bbox 2381 3426 2644 3499; x_wconf 85' lang='lat' dir='ltr'>etlignea</span> <span class='ocrx_word' id='word_1_704' title='bbox 2665 3431 2721 3481; x_wconf 92' lang='lat' dir='ltr'>et</span> <span class='ocrx_word' id='word_1_705' title='bbox 2738 3425 3034 3481; x_wconf 82' lang='lat' dir='ltr'>fictilia.Et</span> <span class='ocrx_word' id='word_1_706' title='bbox 3056 3428 3326 3499; x_wconf 70' lang='lat' dir='ltr'>quaadam</span> <span class='ocrx_word' id='word_1_707' title='bbox 3350 3419 3658 3506; x_wconf 81' lang='lat' dir='ltr'>quidemin</span> <span class='ocrx_word' id='word_1_708' title='bbox 3691 3421 3695 3424; x_wconf 65' lang='grc'><strong>’</strong></span> 
     </span>
    </p>
   </div>
   <div class='ocr_carea' id='block_1_95' title="bbox 2010 3515 3659 3589">
    <p class='ocr_par' dir='ltr' id='par_1_95' title="bbox 2010 3515 3659 3589">
     <span class='ocr_line' id='line_1_95' title="bbox 2010 3515 3659 3589; baseline 0.002 -20"><span class='ocrx_word' id='word_1_709' title='bbox 2010 3515 2586 3586; x_wconf 68' lang='lat' dir='ltr'>honorem,quaedam</span> <span class='ocrx_word' id='word_1_710' title='bbox 2603 3519 2796 3570; x_wconf 90' lang='lat' dir='ltr'>autem</span> <span class='ocrx_word' id='word_1_711' title='bbox 2820 3515 2878 3569; x_wconf 91' lang='lat' dir='ltr'>in</span> <span class='ocrx_word' id='word_1_712' title='bbox 2903 3515 3408 3573; x_wconf 89' lang='lat' dir='ltr'>contumeliam.Si</span> <span class='ocrx_word' id='word_1_713' title='bbox 3423 3518 3555 3589; x_wconf 91' lang='lat' dir='ltr'>quis</span> <span class='ocrx_word' id='word_1_714' title='bbox 3572 3535 3659 3572; x_wconf 88' lang='lat' dir='ltr'>er-</span> 
     </span>
    </p>
   </div>
   <div class='ocr_carea' id='block_1_96' title="bbox 2007 3596 3673 3673">
    <p class='ocr_par' dir='ltr' id='par_1_96' title="bbox 2007 3596 3673 3673">
     <span class='ocr_line' id='line_1_96' title="bbox 2007 3596 3673 3673; baseline 0.002 -16"><span class='ocrx_word' id='word_1_715' title='bbox 2007 3619 2076 3673; x_wconf 81' lang='lat' dir='ltr'>go</span> <span class='ocrx_word' id='word_1_716' title='bbox 2097 3603 2466 3658; x_wconf 79' lang='lat' dir='ltr'>mandaverit</span> <span class='ocrx_word' id='word_1_717' title='bbox 2486 3621 2546 3659; x_wconf 91' lang='lat' dir='ltr'>se</span> <span class='ocrx_word' id='word_1_718' title='bbox 2560 3602 3027 3668; x_wconf 88' lang='lat' dir='ltr'>abistis,eritvas</span> <span class='ocrx_word' id='word_1_719' title='bbox 3042 3605 3096 3659; x_wconf 92' lang='lat' dir='ltr'>in</span> <span class='ocrx_word' id='word_1_720' title='bbox 3114 3605 3391 3661; x_wconf 90' lang='lat' dir='ltr'>honorem</span> <span class='ocrx_word' id='word_1_721' title='bbox 3410 3596 3673 3670; x_wconf 50' lang='lat' dir='ltr'>sanctiﬁ?</span> 
     </span>
    </p>
   </div>
   <div class='ocr_carea' id='block_1_97' title="bbox 2007 3683 3662 3764">
    <p class='ocr_par' dir='ltr' id='par_1_97' title="bbox 2007 3683 3662 3764">
     <span class='ocr_line' id='line_1_97' title="bbox 2007 3683 3662 3764; baseline 0.002 -18"><span class='ocrx_word' id='word_1_722' title='bbox 2007 3691 2370 3757; x_wconf 89' lang='lat' dir='ltr'>catum,utile</span> <span class='ocrx_word' id='word_1_723' title='bbox 2390 3683 2735 3759; x_wconf 82' lang='lat' dir='ltr'>Domino,ad</span> <span class='ocrx_word' id='word_1_724' title='bbox 2757 3709 2929 3748; x_wconf 90' lang='lat' dir='ltr'>omne</span> <span class='ocrx_word' id='word_1_725' title='bbox 2946 3694 3163 3748; x_wconf 91' lang='lat' dir='ltr'>bonum</span> <span class='ocrx_word' id='word_1_726' title='bbox 3188 3696 3662 3764; x_wconf 79' lang='lat' dir='ltr'>paratumJuve-</span> 
     </span>
    </p>
   </div>
   <div class='ocr_carea' id='block_1_98' title="bbox 2006 3779 3656 3852">
    <p class='ocr_par' dir='ltr' id='par_1_98' title="bbox 2006 3779 3656 3852">
     <span class='ocr_line' id='line_1_98' title="bbox 2006 3779 3656 3852; baseline 0.001 -19"><span class='ocrx_word' id='word_1_727' title='bbox 2006 3779 2150 3835; x_wconf 85' lang='lat' dir='ltr'>uilia</span> <span class='ocrx_word' id='word_1_728' title='bbox 2171 3783 2366 3835; x_wconf 84' lang='lat' dir='ltr'>autem</span> <span class='ocrx_word' id='word_1_729' title='bbox 2391 3780 2680 3835; x_wconf 87' lang='lat' dir='ltr'>desideria</span> <span class='ocrx_word' id='word_1_730' title='bbox 2730 3781 2883 3852; x_wconf 87' lang='lat' dir='ltr'>fuge.</span> <span class='ocrx_word' id='word_1_731' title='bbox 2910 3781 3142 3844; x_wconf 83' lang='lat' dir='ltr'>Sectare</span> <span class='ocrx_word' id='word_1_732' title='bbox 3189 3797 3320 3834; x_wconf 91' lang='lat' dir='ltr'>vero</span> <span class='ocrx_word' id='word_1_733' title='bbox 3338 3781 3656 3850; x_wconf 85' lang='lat' dir='ltr'>justitiam,</span> 
     </span>
    </p>
   </div>
   <div class='ocr_carea' id='block_1_99' title="bbox 2006 3855 3657 3939">
    <p class='ocr_par' dir='ltr' id='par_1_99' title="bbox 2006 3855 3657 3939">
     <span class='ocr_line' id='line_1_99' title="bbox 2006 3855 3657 3939; baseline 0.001 -17"><span class='ocrx_word' id='word_1_734' title='bbox 2006 3855 2205 3936; x_wconf 84' lang='lat' dir='ltr'>fidem,</span> <span class='ocrx_word' id='word_1_735' title='bbox 2230 3867 2597 3934; x_wconf 88' lang='lat' dir='ltr'>charitatem,</span> <span class='ocrx_word' id='word_1_736' title='bbox 2625 3883 2824 3939; x_wconf 88' lang='lat' dir='ltr'>pacem</span> <span class='ocrx_word' id='word_1_737' title='bbox 2853 3883 2986 3921; x_wconf 91' lang='lat' dir='ltr'>cum</span> <span class='ocrx_word' id='word_1_738' title='bbox 3006 3866 3096 3921; x_wconf 90' lang='lat' dir='ltr'>his</span> <span class='ocrx_word' id='word_1_739' title='bbox 3127 3866 3224 3937; x_wconf 90' lang='lat' dir='ltr'>qui</span> <span class='ocrx_word' id='word_1_740' title='bbox 3249 3867 3516 3922; x_wconf 89' lang='lat' dir='ltr'>invocant</span> <span class='ocrx_word' id='word_1_741' title='bbox 3548 3869 3657 3924; x_wconf 91' lang='lat' dir='ltr'>Do-</span> 
     </span>
    </p>
   </div>
   <div class='ocr_carea' id='block_1_100' title="bbox 2006 3954 3662 4026">
    <p class='ocr_par' dir='ltr' id='par_1_100' title="bbox 2006 3954 3662 4026">
     <span class='ocr_line' id='line_1_100' title="bbox 2006 3954 3662 4026; baseline 0 -15"><span class='ocrx_word' id='word_1_742' title='bbox 2006 3957 2234 4011; x_wconf 91' lang='lat' dir='ltr'>minum</span> <span class='ocrx_word' id='word_1_743' title='bbox 2259 3957 2330 4010; x_wconf 91' lang='lat' dir='ltr'>de</span> <span class='ocrx_word' id='word_1_744' title='bbox 2356 3955 2526 4010; x_wconf 89' lang='lat' dir='ltr'>corde</span> <span class='ocrx_word' id='word_1_745' title='bbox 2549 3971 2716 4026; x_wconf 91' lang='lat' dir='ltr'>puro.</span> <span class='ocrx_word' id='word_1_746' title='bbox 2743 3954 2966 4010; x_wconf 91' lang='lat' dir='ltr'>Stultas</span> <span class='ocrx_word' id='word_1_747' title='bbox 2988 3959 3186 4010; x_wconf 88' lang='lat' dir='ltr'>autem</span> <span class='ocrx_word' id='word_1_748' title='bbox 3209 3959 3266 4010; x_wconf 91' lang='lat' dir='ltr'>et</span> <span class='ocrx_word' id='word_1_749' title='bbox 3316 3954 3442 4011; x_wconf 89' lang='lat' dir='ltr'>sine</span> <span class='ocrx_word' id='word_1_750' title='bbox 3490 3957 3662 4012; x_wconf 91' lang='lat' dir='ltr'>disci-</span> 
     </span>
    </p>
   </div>
   <div class='ocr_carea' id='block_1_101' title="bbox 2003 4041 3658 4116">
    <p class='ocr_par' dir='ltr' id='par_1_101' title="bbox 2003 4041 3658 4116">
     <span class='ocr_line' id='line_1_101' title="bbox 2003 4041 3658 4116; baseline 0.002 -18"><span class='ocrx_word' id='word_1_751' title='bbox 2003 4044 2152 4116; x_wconf 91' lang='lat' dir='ltr'>plica</span> <span class='ocrx_word' id='word_1_752' title='bbox 2176 4044 2526 4116; x_wconf 67' lang='lat' dir='ltr'>quaestiones</span> <span class='ocrx_word' id='word_1_753' title='bbox 2549 4042 2760 4109; x_wconf 72' lang='lat' dir='ltr'>devita,</span> <span class='ocrx_word' id='word_1_754' title='bbox 2787 4043 2978 4098; x_wconf 89' lang='lat' dir='ltr'>sciens</span> <span class='ocrx_word' id='word_1_755' title='bbox 3019 4041 3157 4115; x_wconf 91' lang='lat' dir='ltr'>quia</span> <span class='ocrx_word' id='word_1_756' title='bbox 3188 4049 3470 4116; x_wconf 88' lang='lat' dir='ltr'>generant</span> <span class='ocrx_word' id='word_1_757' title='bbox 3526 4044 3658 4102; x_wconf 90' lang='lat' dir='ltr'>lites</span> 
     </span>
    </p>
   </div>
   <div class='ocr_carea' id='block_1_102' title="bbox 2002 4129 3659 4204">
    <p class='ocr_par' dir='ltr' id='par_1_102' title="bbox 2002 4129 3659 4204">
     <span class='ocr_line' id='line_1_102' title="bbox 2002 4129 3659 4204; baseline 0.002 -16"><span class='ocrx_word' id='word_1_758' title='bbox 2002 4133 2244 4189; x_wconf 87' lang='lat' dir='ltr'>Servum</span> <span class='ocrx_word' id='word_1_759' title='bbox 2266 4135 2465 4186; x_wconf 83' lang='lat' dir='ltr'>autem</span> <span class='ocrx_word' id='word_1_760' title='bbox 2483 4129 2716 4185; x_wconf 92' lang='lat' dir='ltr'>Domini</span> <span class='ocrx_word' id='word_1_761' title='bbox 2741 4147 2852 4185; x_wconf 91' lang='lat' dir='ltr'>non</span> <span class='ocrx_word' id='word_1_762' title='bbox 2876 4131 3468 4204; x_wconf 86' lang='lat' dir='ltr'>oportetlitigare,sed</span> <span class='ocrx_word' id='word_1_763' title='bbox 3495 4153 3659 4191; x_wconf 86' lang='lat' dir='ltr'>man-</span> 
     </span>
    </p>
   </div>
   <div class='ocr_carea' id='block_1_103' title="bbox 2000 4219 3658 4293">
    <p class='ocr_par' dir='ltr' id='par_1_103' title="bbox 2000 4219 3658 4293">
     <span class='ocr_line' id='line_1_103' title="bbox 2000 4219 3658 4293; baseline 0.004 -18"><span class='ocrx_word' id='word_1_764' title='bbox 2000 4225 2236 4276; x_wconf 88' lang='lat' dir='ltr'>suetum</span> <span class='ocrx_word' id='word_1_765' title='bbox 2261 4237 2388 4275; x_wconf 89' lang='lat' dir='ltr'>esse</span> <span class='ocrx_word' id='word_1_766' title='bbox 2409 4221 2480 4274; x_wconf 91' lang='lat' dir='ltr'>ad</span> <span class='ocrx_word' id='word_1_767' title='bbox 2503 4236 2728 4288; x_wconf 90' lang='lat' dir='ltr'>omnes,</span> <span class='ocrx_word' id='word_1_768' title='bbox 2780 4219 3112 4288; x_wconf 90' lang='lat' dir='ltr'>docibilem,</span> <span class='ocrx_word' id='word_1_769' title='bbox 3143 4221 3477 4293; x_wconf 89' lang='lat' dir='ltr'>patientem,</span> <span class='ocrx_word' id='word_1_770' title='bbox 3525 4242 3658 4280; x_wconf 91' lang='lat' dir='ltr'>cum</span> 
     </span>
    </p>
   </div>
   <div class='ocr_carea' id='block_1_104' title="bbox 2000 4308 3658 4382">
    <p class='ocr_par' dir='ltr' id='par_1_104' title="bbox 2000 4308 3658 4382">
     <span class='ocr_line' id='line_1_104' title="bbox 2000 4308 3658 4382; baseline 0.002 -17"><span class='ocrx_word' id='word_1_771' title='bbox 2000 4309 2290 4365; x_wconf 83' lang='lat' dir='ltr'>modestia</span> <span class='ocrx_word' id='word_1_772' title='bbox 2311 4308 2723 4380; x_wconf 90' lang='lat' dir='ltr'>corripientem</span> <span class='ocrx_word' id='word_1_773' title='bbox 2748 4326 2846 4365; x_wconf 91' lang='lat' dir='ltr'>eos</span> <span class='ocrx_word' id='word_1_774' title='bbox 2877 4309 2975 4380; x_wconf 90' lang='lat' dir='ltr'>qui</span> <span class='ocrx_word' id='word_1_775' title='bbox 3009 4311 3312 4378; x_wconf 88' lang='lat' dir='ltr'>resistunt,</span> <span class='ocrx_word' id='word_1_776' title='bbox 3335 4328 3406 4366; x_wconf 90' lang='lat' dir='ltr'>ne</span> <span class='ocrx_word' id='word_1_777' title='bbox 3425 4316 3658 4382; x_wconf 89' lang='lat' dir='ltr'>quando</span> 
     </span>
    </p>
   </div>
   <div class='ocr_carea' id='block_1_105' title="bbox 2000 4397 3657 4471">
    <p class='ocr_par' dir='ltr' id='par_1_105' title="bbox 2000 4397 3657 4471">
     <span class='ocr_line' id='line_1_105' title="bbox 2000 4397 3657 4471; baseline 0 -17"><span class='ocrx_word' id='word_1_778' title='bbox 2000 4399 2098 4454; x_wconf 91' lang='lat' dir='ltr'>det</span> <span class='ocrx_word' id='word_1_779' title='bbox 2121 4397 2236 4453; x_wconf 89' lang='lat' dir='ltr'>illis</span> <span class='ocrx_word' id='word_1_780' title='bbox 2260 4403 2411 4453; x_wconf 88' lang='lat' dir='ltr'>Deus</span> <span class='ocrx_word' id='word_1_781' title='bbox 2429 4398 2832 4470; x_wconf 78' lang='lat' dir='ltr'>pmnitentiam</span> <span class='ocrx_word' id='word_1_782' title='bbox 2859 4400 2929 4454; x_wconf 91' lang='lat' dir='ltr'>ad</span> <span class='ocrx_word' id='word_1_783' title='bbox 2958 4400 3420 4471; x_wconf 85' lang='lat' dir='ltr'>cognoscendam</span> <span class='ocrx_word' id='word_1_784' title='bbox 3459 4403 3657 4454; x_wconf 89' lang='lat' dir='ltr'>verita-</span> 
     </span>
    </p>
   </div>
   <div class='ocr_carea' id='block_1_106' title="bbox 1998 4486 3658 4559">
    <p class='ocr_par' dir='ltr' id='par_1_106' title="bbox 1998 4486 3658 4559">
     <span class='ocr_line' id='line_1_106' title="bbox 1998 4486 3658 4559; baseline 0.001 -16"><span class='ocrx_word' id='word_1_785' title='bbox 1998 4491 2201 4554; x_wconf 91' lang='lat' dir='ltr'>tem,et</span> <span class='ocrx_word' id='word_1_786' title='bbox 2226 4487 2574 4559; x_wconf 90' lang='lat' dir='ltr'>resipiscant</span> <span class='ocrx_word' id='word_1_787' title='bbox 2605 4505 2636 4542; x_wconf 89' lang='lat' dir='ltr'>a</span> <span class='ocrx_word' id='word_1_788' title='bbox 2664 4486 2879 4543; x_wconf 88' lang='lat' dir='ltr'>diaboli</span> <span class='ocrx_word' id='word_1_789' title='bbox 2921 4487 3208 4558; x_wconf 88' lang='lat' dir='ltr'>laqueis,a</span> <span class='ocrx_word' id='word_1_790' title='bbox 3233 4504 3348 4559; x_wconf 92' lang='lat' dir='ltr'>quo</span> <span class='ocrx_word' id='word_1_791' title='bbox 3371 4488 3520 4558; x_wconf 87' lang='lat' dir='ltr'>capti</span> <span class='ocrx_word' id='word_1_792' title='bbox 3573 4493 3658 4544; x_wconf 82' lang='lat' dir='ltr'>te-</span> 
     </span>
    </p>
   </div>
   <div class='ocr_carea' id='block_1_107' title="bbox 2001 4570 3658 4648">
    <p class='ocr_par' dir='ltr' id='par_1_107' title="bbox 2001 4570 3658 4648">
     <span class='ocr_line' id='line_1_107' title="bbox 2001 4570 3658 4648; baseline 0.001 -17"><span class='ocrx_word' id='word_1_793' title='bbox 2001 4570 2307 4632; x_wconf 34' lang='lat' dir='ltr'>nentur‘ad</span> <span class='ocrx_word' id='word_1_794' title='bbox 2334 4577 2522 4648; x_wconf 90' lang='lat' dir='ltr'>ipsius</span> <span class='ocrx_word' id='word_1_795' title='bbox 2544 4575 2902 4631; x_wconf 90' lang='lat' dir='ltr'>voluntatem</span> <span class='ocrx_word' id='word_1_796' title='bbox 2930 4577 3000 4648; x_wconf 91' lang='grc'>(11</span> <span class='ocrx_word' id='word_1_797' title='bbox 3026 4578 3230 4640; x_wconf 74' lang='lat' dir='ltr'>Tim.n,</span> <span class='ocrx_word' id='word_1_798' title='bbox 3251 4576 3458 4630; x_wconf 66' lang='lat' dir='ltr'>lli-26..</span> <span class='ocrx_word' id='word_1_799' title='bbox 3493 4598 3519 4624; x_wconf 84' lang='lat'>»</span> <span class='ocrx_word' id='word_1_800' title='bbox 3542 4581 3658 4632; x_wconf 90' lang='lat' dir='ltr'>lloc</span> 
     </span>
    </p>
   </div>
   <div class='ocr_carea' id='block_1_108' title="bbox 2002 4663 3659 4736">
    <p class='ocr_par' dir='ltr' id='par_1_108' title="bbox 2002 4663 3659 4736">
     <span class='ocr_line' id='line_1_108' title="bbox 2002 4663 3659 4736; baseline -0.001 -15"><span class='ocrx_word' id='word_1_801' title='bbox 2002 4670 2196 4722; x_wconf 89' lang='lat' dir='ltr'>autem</span> <span class='ocrx_word' id='word_1_802' title='bbox 2220 4665 2363 4720; x_wconf 90' lang='lat' dir='ltr'>scito</span> <span class='ocrx_word' id='word_1_803' title='bbox 2408 4664 2563 4736; x_wconf 91' lang='lat' dir='ltr'>quod</span> <span class='ocrx_word' id='word_1_804' title='bbox 2617 4665 2675 4718; x_wconf 93' lang='lat' dir='ltr'>in</span> <span class='ocrx_word' id='word_1_805' title='bbox 2726 4664 3062 4720; x_wconf 89' lang='lat' dir='ltr'>novissimis</span> <span class='ocrx_word' id='word_1_806' title='bbox 3095 4663 3298 4718; x_wconf 89' lang='lat' dir='ltr'>diebus</span> <span class='ocrx_word' id='word_1_807' title='bbox 3351 4664 3659 4720; x_wconf 86' lang='lat' dir='ltr'>instabunt</span> 
     </span>
    </p>
   </div>
   <div class='ocr_carea' id='block_1_109' title="bbox 2005 4752 3657 4826">
    <p class='ocr_par' dir='ltr' id='par_1_109' title="bbox 2005 4752 3657 4826">
     <span class='ocr_line' id='line_1_109' title="bbox 2005 4752 3657 4826; baseline 0 -18"><span class='ocrx_word' id='word_1_808' title='bbox 2005 4759 2267 4826; x_wconf 89' lang='lat' dir='ltr'>tempora</span> <span class='ocrx_word' id='word_1_809' title='bbox 2288 4753 2701 4826; x_wconf 89' lang='lat' dir='ltr'>periculosa,et</span> <span class='ocrx_word' id='word_1_810' title='bbox 2725 4757 2896 4807; x_wconf 88' lang='lat' dir='ltr'>erunt</span> <span class='ocrx_word' id='word_1_811' title='bbox 2916 4752 3183 4807; x_wconf 88' lang='lat' dir='ltr'>homines</span> <span class='ocrx_word' id='word_1_812' title='bbox 3205 4752 3432 4824; x_wconf 90' lang='lat' dir='ltr'>seipsos</span> <span class='ocrx_word' id='word_1_813' title='bbox 3455 4771 3657 4809; x_wconf 86' lang='lat' dir='ltr'>aman-</span> 
     </span>
    </p>
   </div>
   <div class='ocr_carea' id='block_1_110' title="bbox 2005 4839 3653 4915">
    <p class='ocr_par' dir='ltr' id='par_1_110' title="bbox 2005 4839 3653 4915">
     <span class='ocr_line' id='line_1_110' title="bbox 2005 4839 3653 4915; baseline 0.001 -18"><span class='ocrx_word' id='word_1_814' title='bbox 2005 4841 2766 4915; x_wconf 85' lang='lat' dir='ltr'>tcs,cupidi,elati,superbi,</span> <span class='ocrx_word' id='word_1_815' title='bbox 2794 4839 3143 4913; x_wconf 90' lang='lat' dir='ltr'>blasphemi,</span> <span class='ocrx_word' id='word_1_816' title='bbox 3177 4842 3518 4913; x_wconf 84' lang='lat' dir='ltr'>parentibus</span> <span class='ocrx_word' id='word_1_817' title='bbox 3541 4861 3653 4899; x_wconf 88' lang='lat' dir='ltr'>non</span> 
     </span>
    </p>
   </div>
   <div class='ocr_carea' id='block_1_111' title="bbox 2003 4928 3654 5004">
    <p class='ocr_par' dir='ltr' id='par_1_111' title="bbox 2003 4928 3654 5004">
     <span class='ocr_line' id='line_1_111' title="bbox 2003 4928 3654 5004; baseline 0.001 -17"><span class='ocrx_word' id='word_1_818' title='bbox 2003 4928 2997 5001; x_wconf 81' lang='lat' dir='ltr'>obedientes,ingrati,scelesti,sine</span> <span class='ocrx_word' id='word_1_819' title='bbox 3016 4931 3468 4999; x_wconf 84' lang='lat' dir='ltr'>aﬂ‘ectione,sine</span> <span class='ocrx_word' id='word_1_820' title='bbox 3495 4951 3654 5004; x_wconf 87' lang='lat' dir='ltr'>pace,</span> 
     </span>
    </p>
   </div>
   <div class='ocr_carea' id='block_1_112' title="bbox 2003 5017 3653 5093">
    <p class='ocr_par' dir='ltr' id='par_1_112' title="bbox 2003 5017 3653 5093">
     <span class='ocr_line' id='line_1_112' title="bbox 2003 5017 3653 5093; baseline 0.001 -18"><span class='ocrx_word' id='word_1_821' title='bbox 2003 5017 3312 5090; x_wconf 88' lang='lat' dir='ltr'>criminatores,incontinentes,immites,sine</span> <span class='ocrx_word' id='word_1_822' title='bbox 3335 5022 3653 5093; x_wconf 82' lang='lat' dir='ltr'>benignita-</span> 
     </span>
    </p>
   </div>
   <div class='ocr_carea' id='block_1_113' title="bbox 2003 5105 3652 5180">
    <p class='ocr_par' dir='ltr' id='par_1_113' title="bbox 2003 5105 3652 5180">
     <span class='ocr_line' id='line_1_113' title="bbox 2003 5105 3652 5180; baseline -0.001 -16"><span class='ocrx_word' id='word_1_823' title='bbox 2003 5107 2433 5180; x_wconf 87' lang='lat' dir='ltr'>te,proditores,</span> <span class='ocrx_word' id='word_1_824' title='bbox 2461 5105 2731 5177; x_wconf 88' lang='lat' dir='ltr'>protervi,</span> <span class='ocrx_word' id='word_1_825' title='bbox 2765 5107 3129 5179; x_wconf 86' lang='lat' dir='ltr'>voluptatum</span> <span class='ocrx_word' id='word_1_826' title='bbox 3156 5114 3446 5165; x_wconf 89' lang='lat' dir='ltr'>amatores</span> <span class='ocrx_word' id='word_1_827' title='bbox 3469 5110 3652 5180; x_wconf 85' lang='lat' dir='ltr'>magis</span> 
     </span>
    </p>
   </div>
   <div class='ocr_carea' id='block_1_114' title="bbox 2003 5194 3651 5270">
    <p class='ocr_par' dir='ltr' id='par_1_114' title="bbox 2003 5194 3651 5270">
     <span class='ocr_line' id='line_1_114' title="bbox 2003 5194 3651 5270; baseline -0.002 -17"><span class='ocrx_word' id='word_1_828' title='bbox 2003 5214 2180 5270; x_wconf 83' lang='lat' dir='ltr'>quam</span> <span class='ocrx_word' id='word_1_829' title='bbox 2203 5196 2325 5261; x_wconf 90' lang='lat' dir='ltr'>Dei,</span> <span class='ocrx_word' id='word_1_830' title='bbox 2359 5195 2640 5250; x_wconf 89' lang='lat' dir='ltr'>habentes</span> <span class='ocrx_word' id='word_1_831' title='bbox 2663 5194 2900 5266; x_wconf 90' lang='lat' dir='ltr'>quidem</span> <span class='ocrx_word' id='word_1_832' title='bbox 2925 5199 3176 5268; x_wconf 88' lang='lat' dir='ltr'>speciem</span> <span class='ocrx_word' id='word_1_833' title='bbox 3206 5197 3651 5268; x_wconf 84' lang='lat' dir='ltr'>pietatis,virtu-</span> 
     </span>
    </p>
   </div>
   <div class='ocr_carea' id='block_1_115' title="bbox 2002 5281 3650 5355">
    <p class='ocr_par' dir='ltr' id='par_1_115' title="bbox 2002 5281 3650 5355">
     <span class='ocr_line' id='line_1_115' title="bbox 2002 5281 3650 5355; baseline -0.002 -15"><span class='ocrx_word' id='word_1_834' title='bbox 2002 5291 2118 5342; x_wconf 91' lang='lat' dir='ltr'>tem</span> <span class='ocrx_word' id='word_1_835' title='bbox 2144 5289 2337 5339; x_wconf 90' lang='lat' dir='ltr'>autem</span> <span class='ocrx_word' id='word_1_836' title='bbox 2351 5283 2475 5352; x_wconf 89' lang='lat' dir='ltr'>ejus</span> <span class='ocrx_word' id='word_1_837' title='bbox 2491 5282 2928 5355; x_wconf 84' lang='lat' dir='ltr'>abnegantes,et</span> <span class='ocrx_word' id='word_1_838' title='bbox 2943 5283 3050 5338; x_wconf 89' lang='lat' dir='ltr'>hos</span> <span class='ocrx_word' id='word_1_839' title='bbox 3063 5283 3276 5338; x_wconf 89' lang='lat' dir='ltr'>devita.</span> <span class='ocrx_word' id='word_1_840' title='bbox 3291 5282 3369 5336; x_wconf 87' lang='lat' dir='ltr'>Ex</span> <span class='ocrx_word' id='word_1_841' title='bbox 3393 5281 3482 5336; x_wconf 87' lang='lat' dir='ltr'>his</span> <span class='ocrx_word' id='word_1_842' title='bbox 3497 5283 3650 5337; x_wconf 87' lang='lat' dir='ltr'>enim</span> 
     </span>
    </p>
   </div>
   <div class='ocr_carea' id='block_1_116' title="bbox 2005 5373 3653 5452">
    <p class='ocr_par' dir='ltr' id='par_1_116' title="bbox 2005 5373 3653 5452">
     <span class='ocr_line' id='line_1_116' title="bbox 2005 5373 3653 5452; baseline -0.003 -21"><span class='ocrx_word' id='word_1_843' title='bbox 2005 5379 2146 5432; x_wconf 88' lang='lat' dir='ltr'>sunt</span> <span class='ocrx_word' id='word_1_844' title='bbox 2171 5373 2269 5446; x_wconf 91' lang='lat' dir='ltr'>qui</span> <span class='ocrx_word' id='word_1_845' title='bbox 2294 5377 2600 5444; x_wconf 88' lang='lat' dir='ltr'>penetrant</span> <span class='ocrx_word' id='word_1_846' title='bbox 2635 5373 2861 5437; x_wconf 89' lang='lat' dir='ltr'>domos,</span> <span class='ocrx_word' id='word_1_847' title='bbox 2895 5381 2952 5427; x_wconf 90' lang='lat' dir='ltr'>et</span> <span class='ocrx_word' id='word_1_848' title='bbox 2972 5373 3233 5448; x_wconf 87' lang='lat' dir='ltr'>captivas</span> <span class='ocrx_word' id='word_1_849' title='bbox 3255 5373 3479 5428; x_wconf 88' lang='lat' dir='ltr'>ducunt</span> <span class='ocrx_word' id='word_1_850' title='bbox 3529 5388 3653 5452; x_wconf 87' lang='lat' dir='ltr'>mu-</span> 
     </span>
    </p>
   </div>
   <div class='ocr_carea' id='block_1_117' title="bbox 2005 5461 3654 5535">
    <p class='ocr_par' dir='ltr' id='par_1_117' title="bbox 2005 5461 3654 5535">
     <span class='ocr_line' id='line_1_117' title="bbox 2005 5461 3654 5535; baseline -0.001 -14"><span class='ocrx_word' id='word_1_851' title='bbox 2005 5462 2277 5521; x_wconf 89' lang='lat' dir='ltr'>lierculas</span> <span class='ocrx_word' id='word_1_852' title='bbox 2299 5465 2568 5517; x_wconf 88' lang='lat' dir='ltr'>oneratas</span> <span class='ocrx_word' id='word_1_853' title='bbox 2593 5461 2995 5535; x_wconf 78' lang='lat' dir='ltr'>peccatis,quae</span> <span class='ocrx_word' id='word_1_854' title='bbox 3018 5463 3312 5517; x_wconf 90' lang='lat' dir='ltr'>ducuntur</span> <span class='ocrx_word' id='word_1_855' title='bbox 3336 5461 3510 5516; x_wconf 88' lang='lat' dir='ltr'>variis</span> <span class='ocrx_word' id='word_1_856' title='bbox 3559 5462 3654 5519; x_wconf 84' lang='lat' dir='ltr'>de-</span> 
     </span>
    </p>
   </div>
   <div class='ocr_carea' id='block_1_118' title="bbox 2006 5542 3680 5624">
    <p class='ocr_par' dir='ltr' id='par_1_118' title="bbox 2006 5542 3680 5624">
     <span class='ocr_line' id='line_1_118' title="bbox 2006 5542 3680 5624; baseline 0 -14"><span class='ocrx_word' id='word_1_857' title='bbox 2006 5553 2498 5622; x_wconf 89' lang='lat' dir='ltr'>sideriis,semper</span> <span class='ocrx_word' id='word_1_858' title='bbox 2519 5551 2828 5624; x_wconf 86' lang='lat' dir='ltr'>discentes,</span> <span class='ocrx_word' id='word_1_859' title='bbox 2852 5556 2907 5608; x_wconf 91' lang='lat' dir='ltr'>et</span> <span class='ocrx_word' id='word_1_860' title='bbox 2929 5568 3230 5624; x_wconf 89' lang='lat' dir='ltr'>nunquam</span> <span class='ocrx_word' id='word_1_861' title='bbox 3252 5551 3323 5607; x_wconf 90' lang='lat' dir='ltr'>ad</span> <span class='ocrx_word' id='word_1_862' title='bbox 3347 5542 3680 5610; x_wconf 15' lang='lat' dir='ltr'>scientiam”</span> 
     </span>
    </p>
   </div>
   <div class='ocr_carea' id='block_1_119' title="bbox 2010 5640 3650 5718">
    <p class='ocr_par' dir='ltr' id='par_1_119' title="bbox 2010 5640 3650 5718">
     <span class='ocr_line' id='line_1_119' title="bbox 2010 5640 3650 5718; baseline 0.002 -16"><span class='ocrx_word' id='word_1_863' title='bbox 2010 5641 2268 5702; x_wconf 87' lang='lat' dir='ltr'>veritatis</span> <span class='ocrx_word' id='word_1_864' title='bbox 2286 5640 2718 5717; x_wconf 87' lang='lat' dir='ltr'>pervenientes:</span> <span class='ocrx_word' id='word_1_865' title='bbox 2758 5641 3255 5718; x_wconf 86' lang='lat' dir='ltr'>quemadmodum</span> <span class='ocrx_word' id='word_1_866' title='bbox 3300 5641 3542 5704; x_wconf 78' lang='lat' dir='ltr'>Jamnes</span> <span class='ocrx_word' id='word_1_867' title='bbox 3593 5645 3650 5706; x_wconf 81' lang='lat' dir='ltr'>et</span> 
     </span>
    </p>
   </div>
  </div>
