4106 6178
410 233 564 294 1059

1455 212 1866 281 HUMBERTI
1913 218 1976 278 S.
2023 215 2096 277 Β.
2143 216 2216 279 Ε.
2261 217 2760 282 CARDINALIS.

3653 213 3807 286 1060

408 352 699 421 Mambres
715 358 1054 415 restiterunt
1078 351 1259 427 Moysi
1283 352 1786 424 (Exod.vn,ll),ita
1812 355 1868 406 et
1888 349 1945 405 hi
1966 367 2051 407 re-
2088 354 2137 418 Α
2171 353 2308 406 dum
2333 352 2702 408 Paslmistam
2732 370 2743 408 :
2771 377 2797 402 ‹‹
2827 353 2950 408 Non
2983 353 3288 426 resurgent
3309 350 3474 424 impii
3501 351 3561 408 in
3585 352 3805 424 judicio

405 454 548 510 sislu
561 457 621 506 nt
636 447 860 505 veritati
873 445 1162 510 ,homines
1183 441 1434 514 corrupti
1448 436 1662 508 ,‘mente
1691 439 1918 512 reprobi
1938 439 2046 494 cir-

405 561 470 599 ca
492 544 686 604 fidem,
719 538 820 592 sed
840 535 992 590 ultra
1013 550 1128 588 non
1161 531 1482 603 proficient.
1513 528 1851 602 [nsipientia
1891 529 2046 584 enim

404 647 604 688 eorum
630 625 942 682 manifesta
963 622 1072 677 erit
1093 621 1369 676 omnibus
1396 618 1547 674 sicut
1563 617 1795 673 illorum
1823 617 1932 672 fuit
1979 617 2052 688 (II

408 723 637 781 Timui,
662 714 801 785 4-9).
828 737 854 763 ››
908 713 973 766 Et
993 714 1123 783 post
1153 725 1338 781 pauca
1362 724 1374 761 :
1397 731 1423 757 ‹‹
1452 707 1570 762 Erit
1589 707 1745 763 enim
1791 712 2044 778 tempus,

403 826 536 864 cum
559 821 760 862 sanam
779 799 1105 857 doctrinam
1131 816 1246 853 non
1291 797 1689 866 sustinebunt,
1721 796 1821 852 sed
1849 795 1918 851 ad
1939 811 2046 850 sua

403 893 690 952 desideria
710 888 1132 946 coacervabunt
1158 886 1267 940 sibi
1321 885 1656 956 magistros,
1716 883 2045 955 prurientes

400 985 662 1047 auribus,
695 984 751 1035 et
773 997 806 1033 τι
825 976 1065 1033 veritate
1087 975 1322 1046 quidem
1372 974 1638 1028 auditum
1662 977 1944 1034 avertent,
1971 971 2044 1027 ad

400 1072 626 1129 fabulas
648 1073 841 1125 autem
865 1069 1273 1122 convertentur
1293 1065 1363 1131 (Il
1385 1061 1742 1131 Tim.1v,3,li).
1773 1084 1799 1109 ››
1825 1061 1892 1114 Et
1915 1064 2046 1132 post

399 1163 597 1234 aliqua
648 1159 803 1213 idem
839 1156 910 1210 ad
967 1154 1284 1208 eumdem:
1348 1176 1373 1198 u
1434 1149 1756 1204 Alexander
1807 1148 2045 1204 aerarius

401 1251 589 1307 multa
611 1243 923 1302 malamihi
971 1240 1245 1306 ostendit,
1301 1239 1503 1293 reddet
1551 1238 1600 1291 ei
1638 1235 1916 1291 Dominus
1948 1251 2042 1291 se-

399 1339 659 1396 cundum
687 1349 860 1404 opera
889 1332 1016 1400 ejus
1050 1327 1232 1398 (Ibid.,
1261 1327 1368 1389 14).
1405 1349 1431 1374 ››
1483 1327 1623 1380 Item
1673 1325 1744 1379 ad
1799 1325 1994 1379 Titum
2027 1341 2039 1378 ;

399 1452 427 1478 ‹‹
459 1421 788 1480 Suntmulti
823 1416 1245 1480 inobodientes,
1274 1413 1564 1485 vaniloqui
1598 1419 1655 1467 et
1685 1413 2042 1479 seductores,

401 1512 650 1568 maxime
682 1507 782 1578 qui
815 1506 886 1559 de
927 1503 1369 1558 circumcisione
1403 1505 1561 1568 sunt,
1618 1518 1765 1572 quos
1821 1504 2046 1572 oportet

397 1598 668 1671 redargui
727 1614 739 1651 :
795 1593 893 1666 qui
949 1591 1249 1647 universas
1292 1591 1498 1646 domos
1548 1589 1915 1657 subvertant,
1946 1589 2045 1644 do-

396 1695 590 1746 centes
641 1702 765 1758 quae
816 1700 928 1737 non
970 1685 1214 1753 oportet,
1238 1679 1590 1752 turpislucri
1631 1679 1837 1750 gratia.
1893 1677 2043 1732 Dixit

396 1778 638 1851 quidam
659 1791 727 1830 ex
750 1771 866 1826 illis
907 1769 1177 1842 proprius
1199 1768 1478 1840 propheta
1534 1768 1795 1838 ipsorum
1832 1783 1843 1820 :
1902 1767 2035 1821 Cre-

392 1872 588 1922 tenses
611 1878 840 1933 semper
861 1856 1362 1923 mendaces,malte
1400 1856 1620 1925 bestiae,
1671 1860 1900 1911 ventres
1949 1856 2034 1928 pi-

389 1949 929 2028 gri.Testimonium
957 1947 1064 2002 hoc
1081 1963 1277 2001 verum
1319 1950 1425 2000 est.
1452 1948 1633 2010 Quam
1670 1946 1742 2000 ob
1794 1961 2032 2000 causam

387 2039 765 2113 increpaillos
787 2039 1023 2103 dure,ut
1045 2035 1169 2090 sani
1193 2035 1312 2088 sint
1340 2035 1397 2088 in
1428 2035 1683 2100 fide,non
1731 2034 2032 2088 intenden-

387 2137 474 2187 tes
497 2128 758 2185 Judaicis
783 2124 1078 2187 fabulis,et
1100 2124 1393 2177 mandatis
1418 2122 1725 2176 hominum
1756 2139 2033 2176 aversan-

387 2220 534 2274 tium
560 2235 619 2272 se
643 2215 924 2269 averitate
949 2214 1069 2282 (Tit.
1091 2213 1349 2280 1,10-13').
1379 2234 1403 2258 ››
1422 2212 1487 2264 Et
1510 2217 1639 2281 post
1661 2211 1856 2281 aliqua
1880 2211 2029 2265 idem

387 2308 457 2361 ad
479 2306 783 2361 eumdem:
814 2324 839 2350 «
863 2300 1080 2354 Stultas
1103 2305 1298 2354 autem
1353 2301 1799 2370 quaestiones,et
1820 2317 2027 2370 genea-

386 2393 590 2464 logias,
616 2397 672 2445 et
691 2390 1114 2452 contentiones,
1135 2392 1192 2440 et
1215 2404 1442 2458 pugnas
1467 2387 1609 2458 legis
1632 2387 1858 2455 devita;
1893 2392 2031 2442 sunt

387 2477 802 2537 eniminutiles
825 2481 881 2532 et
929 2493 1108 2531 vanae.
1163 2476 1507 2530 Hiereticum
1559 2475 1853 2530 hominem
1899 2480 2031 2546 post

387 2587 562 2625 unam
577 2573 634 2623 et
654 2566 970 2622 secundam
995 2565 1415 2635 correptionem
1436 2564 1644 2618 devita.
1671 2565 1861 2619 sciens
1892 2563 2028 2635 quia

385 2661 698 2714 subversus
722 2659 832 2722 est,
855 2655 953 2726 qui
977 2653 1268 2725 ejusmodi
1292 2657 1462 2719 est,et
1483 2652 1769 2724 delinquit
1793 2653 2026 2724 proprio

373 2747 598 2819 judicio
628 2746 1049 2801 condemnatus
1083 2745 1205 2815 (Tit.
1242 2760 1324 2811 ιιι,
1357 2742 1534 2813 9-H).
1569 2764 1597 2791 ››

1045 2849 1272 2904 CAPUT
1311 2849 1360 2902 Il

507 2943 580 2996 De
597 2943 818 3012 pietate,
852 2947 901 2993 cl
934 2940 1237 3008 impietate,
1269 2941 1318 2991 et
1349 2936 1413 2991 de
1444 2937 1578 2991 Cain
1610 2940 1659 2990 et
1693 2938 1918 2991 Balaam

975 3018 1416 3079 ρνίεειιιηρτῖυηε.

2157 442 2328 512 (Psal,
2366 459 2402 508 1,
2425 442 2500 512 5).
2527 464 2554 489 »
2583 443 2640 497 Si
2674 458 2809 513 ergo
2831 442 3001 512 juxta
3024 441 3371 515 Apostolum
3429 441 3676 498 veritate
3699 442 3811 512 pri-

2155 529 2269 582 vati
2302 533 2441 583 sunt
2470 529 2570 600 qui
2603 533 2892 600 quaestum
2923 530 3234 587 aestimavit
3261 529 3561 602 pietatem,
3587 528 3811 585 scilicet

2156 616 2256 672 Dei
2286 617 2531 685 cultum,
2555 623 2770 689 quanto
2797 618 2985 690 magis
3008 619 3348 689 Simoniaci,
3372 618 3471 690 qui
3499 619 3649 674 adeo
3697 618 3812 690 pie-

2156 708 2334 762 tatem
2358 711 2645 778 quasstum
2664 710 2890 779 putant,
2917 711 2980 762 ut
2999 707 3174 764 etiam
3197 707 3396 763 omnia
3413 707 3605 779 ipsius
3627 706 3810 778 pieta-

2156 796 2232 850 tis
2259 795 2470 862 officia,
2505 796 2738 850 ordines
2789 795 3055 851 videlicet
3089 795 3269 851 divini
3292 795 3485 851 cultus
3546 799 3812 866 questus

2155 901 2335 939 causa
2355 883 2586 939 venales
2615 883 2851 951 habent,
2876 883 2958 938 ita
3003 883 3267 954 utipsius
3294 900 3528 956 quoque
3565 882 3809 954 pietatis

2153 977 2449 1028 auctorem
2502 972 2783 1043 Spiritum
2826 977 3096 1028 sanctum
3142 973 3362 1028 donum
3412 971 3619 1044 utique
3707 971 3807 1027 Dei

2153 1061 2308 1134 quod
2339 1060 2812 1133 principaliterin
2862 1060 3007 1132 ipsis
3053 1059 3462 1116 ecclesiasticis
3486 1061 3804 1116 ordinibus

2151 1148 2241 1205 vel
2265 1149 2649 1205 sacramentis
2671 1153 2963 1222 operatur,
3021 1148 3270 1220 pecunia
3289 1165 3460 1221 posse
3516 1148 3805 1221 possideri

2153 1239 2447 1294 confidant
2467 1238 2495 1292 ‘2
2514 1237 2627 1293 Nec
2647 1237 3005 1310 negligenter
3023 1237 3494 1309 praetereundum
3525 1241 3619 1293 est
3649 1237 3804 1309 quod

2155 1326 2211 1380 in
2233 1327 2378 1398 ipsis
2401 1329 2736 1381 sanctorum
2755 1323 3152 1396 apostolorum
3175 1323 3535 1396 scriptis,ubi
3557 1341 3805 1395 praesen-

2151 1419 2240 1469 tes
2261 1413 2437 1468 simul
2464 1420 2521 1468 et
2541 1413 2746 1468 futuraa
2764 1412 3013 1467 haereses
3029 1415 3376 1484 arguuntur,
3402 1411 3580 1466 tacito
3613 1413 3801 1468 nomi-

2154 1520 2225 1558 ne
2247 1501 2764 1557 innumerabilium
2785 1507 2917 1557 ante
2945 1499 3154 1573 legem,
3183 1505 3240 1555 et
3269 1501 3378 1555 sub
3409 1499 3537 1573 lege
3569 1518 3799 1557 reorum

2154 1591 2501 1646 nominatim
2557 1589 2718 1656 Cain,
2765 1589 3019 1660 Balaam,
3048 1589 3230 1645 Chore
3262 1589 3793 1663 ;Jamnesquoque

2153 1686 2210 1736 et
2242 1681 2533 1736 Mambres
2554 1679 3009 1751 paradigmatice
3030 1678 3102 1734 ad
3135 1678 3394 1734 medium
3427 1679 3800 1735 deducuntur

2148 1769 2214 1824 Et
2233 1775 2349 1825 tres
2371 1769 2605 1840 quidem
2631 1767 2848 1840 primos
2865 1767 2895 1822 J
2903 1767 3048 1821 udas
3066 1765 3268 1821 Jacobi
3294 1766 3552 1822 seriatim
3581 1784 3787 1840 propo-

2145 1859 2229 1913 nit
2252 1857 2616 1913 dicenszuvi'e
2638 1855 2752 1912 illis
2775 1855 2915 1928 quia
2943 1855 3036 1910 via
3055 1855 3191 1910 Cain
3214 1854 3505 1920 abierunt,
3519 1860 3577 1910 et
3595 1872 3786 1912 errore

2143 1947 2377 2002 Balaam
2413 1946 2674 2002 mercede
2703 1945 2872 2000 effusi
2905 1948 3065 2013 sunt,
3099 1949 3156 1998 et
3186 1943 3636 2000 contradictione
3650 1945 3783 2001 Cho-

2144 2053 2203 2091 re
2227 2035 2520 2108 perierunt
2542 2033 2686 2104 (Iud.
2716 2033 2823 2104 14).
2855 2056 2875 2080 η
2904 2033 3162 2096 Quorum
3183 2031 3438 2089 medium
3457 2033 3659 2087 beatus
3674 2033 3780 2087 Pe-

2143 2132 2266 2180 trus
2290 2124 2373 2179 sic
2395 2127 2814 2178 commemorat
2838 2139 2849 2175 :
2879 2145 2904 2171 ‹‹
2934 2122 3127 2176 Secuti
3162 2121 3314 2176 viam
3338 2120 3568 2176 Balaam
3592 2137 3664 2176 ex
3683 2123 3790 2176 Bo-

2141 2231 2236 2268 sor
2257 2214 2300 2282 (I
2335 2219 2482 2267 Petr.
2513 2229 2572 2277 II,
2601 2213 2704 2280 15).
2732 2233 2758 2260 »
2785 2211 2956 2266 Porro
2982 2210 3130 2265 duos
3154 2209 3394 2264 ultimos
3414 2210 3624 2264 beatus
3646 2213 3796 2264 Pau-

2140 2302 2335 2356 lusita
2360 2300 2663 2372 detegitzu
2687 2299 3192 2362 Quemadmodum
3213 2299 3456 2354 Jamnes
3501 2303 3559 2353 et
3611 2299 3796 2355 Mam-

2139 2391 2270 2445 bres
2303 2389 2640 2445 restiterunt
2686 2387 2890 2460 Moysi,
2919 2388 3000 2442 ita
3019 2393 3076 2442 et
3097 2387 3153 2442 hi
3180 2387 3461 2444 resistunt
3480 2387 3712 2443 veritati
3728 2387 3800 2460 (Π

2138 2481 2270 2535 Tim.
2327 2497 2408 2545 ιιι,
2461 2480 2537 2548 8).
2567 2501 2595 2526 »
2623 2480 2984 2548 Quapropter
3005 2477 3050 2531 si
3111 2476 3421 2549 diligenter
3481 2476 3800 2548 inspicitur

2137 2568 2534 2640 praesumptio,
2562 2566 2803 2621 avaritia
2842 2565 3018 2620 simul
3075 2568 3131 2619 et
3189 2565 3530 2636 pertinacia,
3579 2565 3639 2619 in
3701 2565 3796 2620 his

2137 2658 2396 2729 quinque
2436 2655 2598 2727 argui
2648 2653 3183 2726 deprehenduntur.
3219 2655 3351 2718 Quae
3412 2654 3618 2725 utique
3677 2653 3793 2709 tria

2136 2746 2399 2802 omnium
2433 2745 2726 2799 haereseon
2760 2743 3016 2798 existunt
3037 2741 3290 2814 gemina,
3315 2742 3677 2798 incrementa
3706 2747 3795 2798 ta-

2137 2852 2270 2890 men
2287 2839 2344 2890 et
2368 2833 2678 2888 firmantis.
2705 2833 2774 2886 Et
2797 2831 2930 2886 Cain
2966 2830 3204 2901 quidem
3247 2831 3626 2902 prmsumptio
3688 2831 3793 2887 illa

2136 2925 2285 2979 inter
2307 2923 2453 2978 alias
2475 2921 2687 2987 existit,
2723 2921 2875 2992 quod
2901 2919 3218 2976 secundum
3238 2918 3300 2972 B.
3354 2918 3604 2974 Joannis
3626 2937 3797 2991 apos-

2136 3012 2235 3066 toli
2270 3011 2645 3082 dictum,ipse
2669 3009 2853 3080 quicx
2875 3008 3128 3079 maligno
3155 3012 3279 3062 erat
3310 3008 3357 3078 (ι
3382 3009 3540 3062 Joan.
3576 3010 3792 3080 111.12),

452 3102 581 3156 Haec
613 3117 716 3155 nos
748 3115 814 3153 ex
846 3097 1181 3169 apostolicis
1215 3096 1417 3151 litteris
1443 3097 1616 3150 latius
1644 3097 2020 3167 decerpsisse,
2057 3083 2098 3147 C
2139 3107 2192 3154 et
2219 3102 2574 3171 cujusopera
2598 3098 2874 3168 maligna,
2897 3099 2970 3151 ob
2994 3097 3271 3152 invidiam
3298 3096 3658 3152 sanctissimi
3685 3097 3796 3152 fra-

381 3195 439 3245 et
463 3189 847 3246 continuatim
883 3187 973 3241 hic
1001 3186 1320 3240 inseruisse
1356 3185 1551 3238 nullus
1584 3186 1900 3255 superbum
1928 3186 2028 3238 du-

379 3278 636 3349 cat,quia
662 3293 794 3332 cum
818 3274 961 3330 alias
991 3274 1260 3339 hmreses,
1296 3278 1420 3327 tum
1449 3274 1694 3326 maxime
1720 3272 1895 3326 ullam
1923 3291 2026 3325 no-

378 3369 524 3430 tant,
558 3382 685 3436 qua:
715 3363 903 3434 turpis
935 3361 1080 3416 lucri
1139 3378 1374 3432 sequax,
1405 3361 1677 3432 pietatem
1739 3367 2023 3432 quaestum

378 3453 650 3508 aestimat.
685 3451 872 3505 Pietas
895 3455 1091 3504 autem
1115 3448 1208 3503 hic
1256 3465 1370 3503 non
1403 3453 1491 3504 est
1537 3447 1913 3521 intelligenda
1961 3465 2027 3503 ea

379 3557 506 3612 quae
534 3539 707 3611 vulgo
738 3535 1162 3607 soletintelligi,
1197 3540 1252 3589 et
1282 3535 1596 3607 improprie
1626 3535 1740 3591 dici
1799 3535 2024 3591 miseri-

378 3627 595 3695 cordia,
629 3627 729 3682 sed
761 3643 828 3682 ea
857 3642 983 3697 qua:
1015 3624 1206 3679 Graece
1260 3623 1474 3690 dicitur
1519 3623 1777 3689 eusebia,
1829 3624 1884 3678 id
1939 3628 2027 3679 est

381 3719 549 3773 bonus
577 3718 777 3781 cultus,
807 3713 894 3770 vel
926 3713 1119 3786 potius
1149 3712 1476 3778 theusebia,
1506 3711 1561 3766 id
1598 3717 1685 3768 est
1716 3713 1813 3768 Dei
1847 3713 2025 3768 cultus

379 3806 700 3863 secundum
716 3821 893 3876 quam
919 3803 1016 3858 Dei
1051 3800 1257 3867 cultor,
1289 3799 1375 3856 vel
1407 3800 1550 3873 boni
1574 3800 1764 3856 cultor
1812 3801 2028 3856 dicitur

379 3895 532 3968 pius,
566 3893 811 3950 scillicet
849 3896 1003 3948 recta
1035 3892 1146 3946 fide
1180 3895 1293 3944 Deo
1327 3891 1568 3946 devotus
1598 3895 1654 3945 et
1695 3889 2023 3963 religiosus,

381 3984 533 4038 sicut
560 3998 590 4036 e
611 3979 900 4036 contrario
935 3979 1179 4050 impius,
1204 3979 1475 4051 quisquis
1504 3978 1620 4034 veri
1646 3979 1740 4034 Dei
1766 3979 2024 4051 ignarus,

378 4069 632 4124 infidelis
661 4067 880 4123 scilicet
911 4072 1013 4122 aut
1057 4067 1402 4135 incredelus,
1461 4067 1768 4138 spiritibus
1817 4067 2028 4123 erroris

383 4158 610 4230 passim
646 4155 1098 4229 prostituitur,et
1128 4156 1198 4209 ad
1232 4156 1434 4211 libitus
1464 4173 1663 4211 eorum
1691 4156 2027 4212 famulatur.

381 4246 619 4303 Pietatis
644 4245 798 4300 enim
831 4243 1068 4299 ostiaria
1099 4244 1242 4299 fides
1271 4249 1378 4306 est.
1423 4244 1548 4300 sine
1595 4261 1712 4315 qua
1751 4262 1853 4300 nec
1912 4245 2027 4301 Deo

379 4337 658 4408 placetur,
685 4350 786 4389 nec
814 4338 961 4388 Deus
985 4333 1267 4404 placatur,
1295 4350 1397 4388 nec
1423 4333 1651 4389 colitur.
1669 4333 1830 4389 Unde
1850 4333 2029 4404 hujus

2143 3191 2445 3258 tris,cujus
2464 3189 2622 3256 justa
2645 3190 2806 3240 erant
2829 3183 3384 3257 Opera,sacerdotale
3400 3184 3510 3239 sibi
3530 3186 3795 3241 officium

2142 3278 2450 3332 sacrificim
2481 3277 2594 3330 Deo
2619 3275 2908 3329 offerendo
2933 3273 3303 3345 przesumpsit
3351 3275 3514 3343 (Gen.
3580 3290 3655 3338 iv,
3718 3276 3795 3344 8).

2139 3369 2320 3430 Quam
2359 3366 2633 3419 nimirum
2656 3363 2961 3418 sacerdotii
2987 3362 3423 3434 praerogativam
3458 3360 3584 3416 sola
3622 3363 3794 3418 devo-

2136 3457 2216 3510 tio
2240 3455 2503 3526 patribus
2529 3458 2663 3506 ante
2695 3451 2876 3521 legem
2900 3467 3002 3504 con
3016 3450 3325 3515 ferebat,ut
3346 3450 3504 3505 velut
3524 3452 3794 3505 sacerdo-

2135 3547 2222 3599 tes
2240 3543 2347 3598 sub
2367 3541 2572 3597 altaria
2595 3539 2838 3594 Domino
2862 3539 3257 3592 sacrificarent
3283 3542 3339 3592 et
3359 3537 3585 3592 hostias
3620 3539 3788 3592 offer-

2136 3636 2282 3697 rent,
2313 3631 2464 3687 sicut
2490 3630 2627 3697 Noe,
2661 3627 3104 3697 Melchisedech,
3137 3627 3455 3694 Abraham,
3486 3628 3670 3693 Isaac,
3727 3631 3785 3680 et

2131 3722 2311 3777 Jacob
2342 3724 2397 3775 et
2427 3720 2488 3774 Β.
2519 3719 2648 3774 Job.
2685 3717 2858 3772 Porro
2891 3715 3131 3772 avaritia
3161 3715 3242 3770 illi
3269 3719 3434 3771 tanta
3483 3715 3784 3788 aspiravit,

2135 3815 2200 3865 ut
2229 3823 2536 3864 commune
2566 3810 2621 3862 et
2651 3803 2954 3878 publicum
2986 3804 3263 3860 omnibus
3290 3804 3536 3875 bonum,
3559 3803 3787 3875 primus

2135 3899 2206 3954 ad
2231 3896 2532 3970 proprium
2564 3900 2621 3950 et
2650 3894 2943 3967 privatum
2977 3893 3235 3966 redigere
3266 3891 3580 3960 laboraret,
3638 3909 3787 3965 prae-

2134 3986 2407 4058 sumptiis
2439 3983 2647 4057 spatiis
2678 3988 2735 4039 et
2764 3982 3034 4039 terminis
3067 3981 3566 4038 translimitando.
3604 3981 3791 4052 Cujus

2135 4073 2440 4146 squalibus
2466 4076 2522 4127 et
2546 4069 2787 4126 sedulus
2809 4071 2997 4125 fossor
3021 4068 3105 4124 sic
3126 4068 3464 4134 incubabat,
3501 4071 3566 4122 ut
3617 4067 3789 4139 quid-

2135 4162 2276 4235 quib
2300 4160 2409 4217 sibi
2434 4159 2615 4216 exilla
2636 4158 3029 4232 proveniebat,
3056 4156 3114 4212 in
3138 4156 3298 4212 illam
3327 4155 3539 4212 anxius
3589 4157 3675 4212 sic
3704 4172 3789 4211 re-

2137 4252 2410 4324 ponebat,
2431 4255 2495 4304 ut
2516 4248 2607 4303 vix
2631 4247 2865 4303 tandem
2918 4246 3260 4302 connivente
3309 4245 3553 4301 avaritia
3581 4245 3657 4301 ad
3708 4261 3790 4300 sos

2137 4339 2253 4394 lam
2282 4338 2557 4393 invidiam
2583 4337 2776 4392 fratris
2829 4353 2898 4392 ex
2922 4339 3073 4391 terra
3111 4334 3363 4390 levatum
3420 4334 3790 4407 manipulum

381 4423 660 4480 vocabulo
690 4423 1374 4494 attendentes,quotquot
1402 4421 1602 4513 fideles
1635 4439 1861 4489 sumus,
1897 4440 2027 4495 pec-
2063 4450 2108 4513 ί)
2140 4428 2468 4485 ofl‘erret.Et
2488 4443 2618 4482 vere
2642 4423 2992 4480 miserabilis
3007 4428 3063 4479 et
3085 4422 3372 4479 mirabilis
3398 4423 3647 4478 avaritia
3665 4439 3790 4494 per-

381 4517 604 4568 catores
630 4511 867 4582 quidem
911 4527 1015 4564 nos
1049 4512 1186 4565 dum
1222 4509 1662 4582 peregrinamur
1719 4528 1751 4565 a
1785 4511 2031 4568 Domino

382 4602 452 4672 (11
475 4604 623 4668 Cor.,
655 4618 707 4666 ν,
736 4602 789 4672 ὁ)
805 4601 1083 4656 veraciter
1112 4603 1284 4670 atque
1310 4598 1623 4654 salubriter
1664 4600 2032 4670 profitemur,

377 4690 588 4761 impios
619 4693 811 4743 autem
837 4706 940 4744 nos
955 4689 1310 4744 omnimodis
1336 4688 1526 4742 dicere
1556 4686 1941 4745 abhorremus
1979 4694 2038 4745 et

380 4778 728 4832 devitamus.
762 4779 839 4831 Ac
864 4793 963 4847 per
993 4777 1100 4832 hoc
1132 4777 1414 4832 astruitur
1434 4777 1628 4832 omnis
1646 4777 1886 4848 quidem
1911 4778 2028 4832 im-

381 4864 514 4937 pius
545 4865 719 4919 etiam
755 4869 1041 4934 peccator,
1069 4865 1171 4919 sed
1199 4882 1310 4920 non
1334 4866 1526 4920 omnis
1552 4871 1818 4936 peccator
1851 4867 2028 4922 etiam

381 4952 622 5025 impius,
639 4952 777 5024 quia
791 4952 1063 5024 quisquis
1079 4952 1265 5008 fidelis
1288 4953 1547 5025 quandiu
1571 4955 1664 5009 hic
1683 4954 1890 5010 vivitur
1911 4973 2025 5012 non

381 5043 617 5114 quidem
641 5040 767 5095 sine
788 5045 1020 5111 peccato
1040 5045 1147 5108 est,
1174 5057 1306 5096 cum
1335 5046 1527 5096 tamen
1555 5041 1680 5097 sine
1709 5043 2030 5115 impietate,

382 5133 436 5188 id
453 5137 542 5186 est
561 5128 908 5185 infidelitate
933 5129 1294 5186 sit.lnfidelis
1312 5135 1625 5186 autem-nec
1648 5132 1775 5186 sine
1799 5139 2031 5204 peccato

383 5238 485 5276 nec
508 5221 634 5276 sine
667 5218 1197 5290 impietate,quales
1219 5225 1356 5274 sunt
1379 5219 1539 5291 impii
1572 5221 1756 5275 Judaei
1779 5227 1836 5277 et
1857 5239 2031 5295 paga-

382 5309 540 5377 ni,de
562 5308 778 5379 quibus
801 5307 1084 5362 Dominus
1106 5308 1163 5362 in
1189 5307 1497 5379 Evangelio
1523 5307 1643 5364 ait:
1696 5333 1723 5358 ‹‹
1777 5312 1883 5376 Qui
1917 5330 2030 5367 non

381 5396 704 5465 creditjam
725 5395 1028 5465 judicatus
1050 5402 1156 5465 est,
1203 5395 1354 5452 sicut
1410 5401 1466 5452 ct
1495 5397 1766 5470 princeps
1826 5402 2032 5456 mundi

382 5485 562 5566 hujus
576 5483 1016 5558 jamjudicatus
1038 5490 1126 5543 est
1148 5485 1322 5561 (Joan.
1360 5501 1445 5553 ιιι,
1480 5483 1620 5558 18).»
1661 5487 1792 5544 Ideo
1823 5504 2032 5548 secun-

2141 4517 2239 4572 fidi
2268 4514 2646 4582 hominis,cui
2675 4530 2806 4568 cum
2834 4513 3064 4568 duobus
3089 4516 3317 4568 tantum
3340 4512 3500 4577 viris,
3528 4516 3674 4567 tunc
3696 4527 3790 4585 pa-

2149 4612 2234 4662 tre
2257 4605 2478 4661 scilicet
2501 4609 2558 4659 et
2579 4604 2992 4674 fratre,parvus
3013 4607 3069 4658 et
3091 4607 3378 4675 angustus
3397 4600 3561 4657 visus
3585 4606 3675 4656 est
3704 4606 3788 4656 to-

2145 4701 2241 4750 tus
2263 4693 2420 4749 orbis
2444 4697 2731 4748 terrarum
2755 4692 3145 4747 cumtotidem
3191 4691 3457 4764 partibus
3504 4691 3656 4746 suis.
3687 4690 3788 4745 De-

2142 4801 2304 4838 mum
2322 4782 2642 4854 pertinacia
2663 4781 2934 4836 eumdem
2957 4780 3069 4836 sibi
3094 4779 3575 4835 inextricabiliter
3593 4779 3786 4836 devin-

2140 4871 2345 4938 xit,ubi
2370 4871 2545 4925 etiam
2570 4869 2678 4940 ipsi
2706 4869 2953 4923 Domino
2978 4885 3010 4921 a
3035 4867 3286 4940 peccatis
3307 4872 3363 4923 et
3410 4885 3442 4922 a
3491 4867 3786 4939 praemedi-

2135 4965 2254 5016 tato
2276 4959 2592 5015 fratricidio
2606 4973 2664 5013 se
2681 4974 2805 5012 com
2816 4957 3070 5028 pescenti
3083 4963 3139 5012 et
3153 4955 3502 5013 absterrenti
3526 4958 3784 5029 acquies-

2140 5066 2267 5106 cere
2288 5045 2859 5118 contempsit.Refert
2880 5061 3137 5118 namque
3157 5046 3419 5113 Genesis,
3471 5045 3784 5101 Dominum

2141 5138 2355 5194 dixisse
2379 5137 2449 5192 ad
2470 5135 2607 5191 Cain
2639 5151 2652 5189 :
2680 5158 2706 5184 «
2732 5135 2918 5198 Quare
2943 5135 3124 5189 iratus
3145 5151 3208 5190 es
3226 5133 3255 5188 ?
3275 5139 3331 5189 et
3347 5151 3451 5188 cur
3472 5133 3689 5188 cecidit
3713 5133 3784 5188 fa-

2141 5227 2258 5282 cies
2284 5231 2384 5281 tua
2406 5225 2434 5279 ?
2459 5225 2660 5278 Nonne
2683 5221 2730 5277 si
2750 5221 2895 5276 bene
2917 5223 3105 5294 egeris
3130 5221 3372 5294 recipies
3391 5221 3418 5276 ?
3476 5224 3571 5277 sin
3595 5227 3782 5277 autem

2143 5313 2518 5381 male,statim
2544 5311 2599 5365 in
2625 5308 2846 5366 foribus
2869 5317 3168 5382 peccatum
3212 5309 3417 5382 aderit,
3467 5311 3571 5366 sed
3595 5311 3707 5366 sub
3737 5312 3782 5361 te

2141 5404 2248 5461 erit
2273 5401 2566 5475 appetitus
2585 5400 2799 5470 ejus,et
2819 5402 2881 5453 tu
2912 5399 3310 5455 dominaberis
3331 5399 3490 5454 illius
3517 5397 3695 5467 (Gen.
3713 5412 3778 5461 iv,

2142 5493 2200 5566 6)
2228 5515 2248 5544 ιι
2278 5490 2378 5549 Vel
2410 5487 2733 5548 secundum
2758 5486 2933 5544 aliam
2958 5487 3400 5546 translationem
3427 5503 3441 5542 :
3496 5511 3524 5536 ‹‹
3550 5485 3608 5543 Si
3637 5487 3779 5542 recte
