4106 6178
202 309 363 383 1061f

752 307 1160 374 ADVERSUS
1206 307 1677 373 SIMONIACOS
1724 301 1930 371 LIBRI
1973 308 2202 370 TRES.
2237 339 2313 354 --
2357 307 2590 370 LIBER
2637 309 3068 372 SECUNDUS.

3434 317 3591 382 {062
3641 345 3645 349 ·

191 443 422 508 oﬂ‘eras;
448 445 600 497 recte
624 447 820 497 autem
840 459 951 498 non
975 443 1218 510 dividas,
1245 443 1777 514 peccasti,quiescc.
1809 464 1835 490 »
1865 441 1919 507 Α
1949 441 2030 496 vit
2057 458 2158 496 vos
2186 447 2331 497 Deus
2353 442 2423 496 ab
2447 441 2605 496 omni
2626 440 2864 512 populo,
2889 442 3153 512 etjunxit
3174 445 3306 516 sibi,
3325 453 3388 502 ut
3411 451 3591 504 servi-

195 530 374 586 Porro
402 529 636 585 Balaam
662 531 1114 602 praesumptione
1143 531 1252 586 hac
1281 535 1536 597 notatur,
1560 531 1837 602 quoniam

191 634 329 674 cum
360 622 514 673 esset
543 615 759 673 ariolus
790 621 846 672 et
873 616 1553 686 idololatra,credebatse
1582 617 1835 689 prophe-

188 711 313 761 tam
332 711 506 777 atque
528 705 898 761 benedictum
917 706 1010 760 cui
1027 706 1410 771 benediceret,
1436 705 1838 761 maledictum-

191 810 306 866 que
338 794 431 849 cui
474 793 865 862 malediceret,
913 795 1186 866 quodque
1214 793 1391 849 veluti
1434 795 1704 848 sacerdos
1737 792 1836 848 Dei

191 882 406 937 altaria
454 882 795 937 mdificabat.
830 882 1090 938 Avaritia
1120 899 1354 954 quoque
1392 881 1554 938 illius
1584 887 1642 938 et
1670 898 1738 936 ex
1768 881 1836 936 li-

189 971 297 1025 bro
329 969 588 1037 Numeri,
620 974 675 1024 et
699 987 766 1025 ex
795 969 1134 1042 EpistolaB.
1158 971 1312 1025 Petri
1342 970 1586 1042 apostoli
1606 970 1836 1026 eviden-

189 1063 284 1114 ter
331 1058 688 1131 agnoscitur,
738 1058 838 1112 ubi
888 1058 1147 1130 praedicit
1191 1059 1501 1131 magistros
1533 1059 1842 1114 mendaces

189 1148 268 1204 ab
299 1147 556 1202 Ecclesia
585 1146 862 1216 exituros,
897 1147 995 1219 qui
1019 1147 1374 1219 pellicientes
1403 1149 1630 1202 animas
1661 1147 1840 1203 insta-

188 1235 365 1304 biles,
397 1252 497 1290 cor
526 1235 902 1291 exercitatum
954 1236 1195 1291 avaritia
1223 1235 1526 1306 habentes,
1567 1235 1843 1291 maledic-

189 1325 373 1380 tionis
404 1323 530 1390 filii,
554 1321 1027 1396 derelinquentes
1055 1329 1271 1379 rectam
1304 1324 1454 1379 viam
1478 1328 1839 1394 erraverunt,

192 1412 386 1468 secuti
400 1411 796 1480 viamBalaam
817 1420 885 1468 ex
899 1413 1096 1478 Bosor,
1116 1411 1214 1483 qui
1235 1414 1558 1467 mercedem
1576 1412 1844 1484 iniquita-

192 1501 271 1555 tis
293 1500 513 1555 amavit
536 1501 609 1569 (11
626 1504 772 1555 Petr.
797 1517 858 1566 ιι,
884 1501 971 1567 45;
994 1502 1154 1555 Num.
1175 1519 1312 1568 xxu,
1336 1502 1447 1571 23).
1472 1501 1570 1554 Cui
1605 1518 1845 1556 concor-

193 1591 348 1645 dans
369 1587 739 1660 coapostolus
752 1590 880 1660 ejus
901 1589 1310 1654 JudasJacobi,
1333 1589 1584 1644 intentat
1599 1589 1713 1644 illis
1725 1589 1842 1656 Vae,

195 1679 300 1750 qui
333 1693 528 1732 errore
560 1675 796 1732 Balaam
821 1679 1082 1732 mercede
1099 1677 1266 1733 effusi
1286 1681 1423 1732 sunt
1445 1677 1586 1748 (Iud.
1611 1678 1712 1749 ll).
1735 1677 1847 1732 Cu-

184 1768 292 1838 jus
307 1765 626 1838 pertinacia
642 1781 710 1820 ex
725 1765 832 1820 hoc
847 1765 1097 1821 maxime
1111 1765 1653 1837 convincitur,quod
1672 1765 1848 1821 etiam

194 1859 413 1926 quater
440 1871 473 1908 a
494 1853 738 1909 Domino
762 1859 1084 1926 correptus,
1108 1855 1510 1909 etadmonitus
1543 1858 1794 1909 mentem
1819 1871 1852 1909 a

195 1943 1081 2015 maledictione...perditionem
1103 1942 1332 1999 Israelis
1348 1943 1589 1998 minime
1605 1943 1852 1998 mutavit

193 2034 423 2104 Nempe
435 2031 1018 2088 sicutsacrahistoria
1035 2031 1324 2096 refert,bis
1337 2049 1466 2086 eum
1489 2031 1646 2086 domi
1659 2031 1850 2086 adhuc

194 2122 487 2194 positum,
507 2121 588 2175 sic
609 2119 1280 2191 Dominusprazmonuit:
1303 2142 1329 2168 ‹‹
1351 2118 1475 2173 Noli
1495 2119 1575 2173 ire
1597 2136 1729 2173 cum
1754 2119 1850 2174 ho-

195 2210 467 2264 minibus
488 2208 829 2280 istis,neque
853 2207 1170 2262 maledicas
1187 2207 1568 2278 populo,quia
1587 2208 1852 2262 benedic-

195 2305 298 2354 tus
319 2304 411 2353 est
429 2298 612 2368 (Num.
633 2315 770 2364 xxn,
789 2298 892 2368 l2).
922 2319 948 2344 »
971 2296 1071 2351 Cui
1093 2301 1283 2350 lamen
1308 2297 1679 2366 postmodum
1707 2313 1848 2367 prae-

192 2387 357 2458 cepit
391 2403 404 2439 :
440 2410 465 2435 ‹‹
502 2386 558 2439 Si
588 2401 788 2440 vocare
819 2389 872 2438 te
905 2389 1188 2438 venerunt
1230 2383 1496 2438 homines
1527 2383 1642 2449 isti,
1677 2399 1851 2456 surge

190 2475 427 2531 etvade
456 2492 588 2528 cum
621 2474 724 2536 eis,
762 2474 844 2528 ita
872 2473 1175 2536 duntaxat,
1209 2477 1273 2526 ut
1321 2473 1470 2542 quod
1527 2489 1848 2544 praecepero

193 2563 308 2618 tibi
342 2562 522 2617 facias
554 2561 740 2633 (lbid.,
769 2562 880 2626 20).
917 2584 944 2609 »
977 2561 1075 2615 Cui
1100 2561 1227 2631 jam
1262 2561 1316 2614 in
1349 2561 1439 2614 via
1479 2561 1666 2632 posito
1721 2565 1852 2632 post

191 2650 504 2706 afﬂamina
536 2651 714 2705 asina:
737 2649 978 2721 angelus
1010 2665 1294 2721 apparens
1327 2649 1738 2704 interminatus
1763 2654 1852 2704 est

190 2740 283 2796 sic
321 2757 391 2794 :«
427 2742 543 2811 Ego
590 2737 720 2793 veni
761 2742 826 2792 ut
854 2737 1193 2793 adversarer
1224 2737 1346 2804 tibi,
1399 2737 1535 2809 quia
1585 2754 1853 2808 perversa

189 2832 288 2884 est
321 2828 414 2883 via
441 2831 563 2896 tua,
597 2825 861 2898 mihique
892 2825 1182 2882 contraria
1224 2826 1406 2896 (lbid.,
1447 2826 1556 2897 33).
1597 2848 1623 2874 ››
1667 2829 1848 2892 Quem

187 2922 398 2973 tamen
449 2915 792 2988 permittens
838 2913 942 2982 ire,
994 2915 1140 2969 dixit
1191 2930 1202 2968 :
1257 2937 1284 2963 «
1315 2914 1474 2969 Vade
1505 2931 1638 2970 cum
1685 2914 1849 2982 istis;

190 3011 250 3062 et
283 3020 428 3061 cave
444 3021 516 3060 ne
528 3003 686 3059 aliud
711 3011 886 3075 quam
911 3019 1235 3076 precepero
1257 3002 1363 3058 tibi
1383 3001 1642 3075 loquaris
1668 3002 1848 3073 (Ibid.,

191 3097 315 3167 35).
343 3116 372 3144 »
408 3093 521 3149 Sed
552 3093 770 3166 impius
796 3091 893 3148 ille
913 3091 1074 3147 ferali
1095 3091 1348 3147 avaritiae
1380 3092 1668 3159 addictus,
1704 3091 1852 3147 clam

1948 530 2088 585 retis
2117 530 2165 586 ei
2201 530 2257 584 in
2290 529 2449 585 cultu
2492 529 2874 594 tabernaculi,
2907 535 2963 584 et
2985 531 3216 586 staretis
3247 551 3440 590 coram
3473 537 3590 594 fre-

1947 619 2185 689 quentia
2224 619 2446 691 populi,
2483 623 2544 673 ut
2598 619 3013 673 ministraretis
3047 619 3135 674 ei?
3170 622 3384 677 Idcirco
3428 626 3498 678 ad
3533 643 3593 681 se

1949 706 2082 762 fecit
2102 709 2374 762 accedere
2395 712 2468 774 te,
2494 711 2549 761 et
2571 723 2775 761 omnes
2801 708 3005 762 fratres
3029 712 3160 764 tuos
3181 709 3330 764 filios
3354 712 3508 779 Levi,
3528 719 3593 767 ut
3635 721 3640 726 '

1947 795 2109 851 vobis
2139 795 2314 850 etiam
2333 795 2726 850 sacerdotium
2745 794 3072 862 vindicetis,
3100 802 3155 852 et
3178 799 3368 852 omnis
3387 799 3595 872 globus

1948 886 2086 937 tuus
2117 887 2228 938 stet
2258 888 2458 938 contra
2480 882 2793 937 Dominum
2825 884 3013 953 (Num.
3042 903 3153 947 xvr,
3189 887 3360 953 5-H).
3393 911 3418 935 ››
3453 889 3596 944 Hinc

1949 976 2356 1027 summotenus
2397 988 2498 1043 per
2535 971 2931 1026 internuntios
2961 979 3255 1044 comperta
3277 975 3500 1031 Dathan
3543 982 3600 1033 et

1947 1061 2165 1114 Abiron
2190 1064 2453 1131 proterva
2465 1060 3233 1124 contradictione,iratusest
3255 1064 3465 1120 Moises
3482 1065 3599 1120 val-

1951 1148 2180 1216 de;hait
2194 1149 2262 1203 ad
2288 1148 2622 1202 Dominum:
2649 1148 2760 1202 «Ne
2779 1149 3054 1220 respicias
3076 1151 3598 1208 saeriliciaeorum.

1951 1239 2036 1292 Tu
2071 1237 2185 1291 scis
2216 1237 2372 1308 quod
2405 1253 2474 1290 ne
2505 1235 2751 1290 asellum
2777 1237 3012 1307 quidem
3036 1239 3355 1310 acceperim
3391 1241 3461 1295 ab
3485 1242 3590 1309 eis,

1955 1342 2058 1381 nec
2080 1325 2385 1384 afﬂixerim
2407 1323 2741 1395 quempiam
2763 1341 2984 1378 eorum.
3012 1325 3279 1397 Dixitque
3310 1329 3379 1382 ad
3413 1329 3590 1382 Core:

1951 1415 2058 1480 Tu,
2091 1418 2146 1468 et
2176 1412 2366 1468 omnis
2389 1411 2756 1483 congregatio
2788 1417 2907 1481 tua,
2943 1417 3088 1466 state
3109 1431 3372 1468 seorsum
3405 1433 3600 1470 coram

1957 1503 2224 1566 Domino,
2245 1504 2300 1555 et
2321 1504 2508 1555 Aaron
2528 1499 2620 1554 die
2641 1504 2896 1554 crastino
2918 1501 3464 1570 separatim.Tollite
3487 1505 3602 1558 sin-

1955 1590 2076 1661 guli
2109 1588 2411 1644 thuribula
2440 1593 2651 1652 vestra,
2686 1594 2742 1642 et
2765 1588 2958 1659 ponite
2990 1606 3166 1661 super
3183 1608 3250 1645 ea
3274 1591 3600 1660 incensum,

1957 1678 2261 1732 offerentes
2297 1676 2648 1730 Dominocca
2669 1675 2966 1730 thuribula
2993 1694 3005 1743 ;
3039 1679 3226 1732 Aaron
3251 1695 3484 1750 quoque
3515 1685 3604 1736 te-

1958 1769 2091 1821 neat
2120 1762 2486 1819 thuribulum
2522 1780 2716 1819 suum.
2751 1765 2909 1827 Quod
2945 1781 3074 1818 cum
3113 1767 3405 1834 fecissent,
3439 1773 3604 1824 stan-

1959 1853 2116 1908 tibus
2150 1852 2342 1924 Moyse
2375 1857 2430 1906 et
2459 1854 2667 1918 Aaron,
2694 1857 3170 1908 etcoacorvantes
3197 1855 3475 1911 adversus
3504 1873 3604 1912 eos

1959 1958 2191 1996 omnem
2217 1940 2654 1995 multitudinem
2675 1941 2744 1993 ad
2769 1941 2984 1994 ostium
3019 1941 3404 2012 tabernaculi,
3424 1961 3602 2015 appa-

1960 2031 2078 2085 ruit
2103 2029 2329 2083 cunctis
2352 2028 2534 2098 gloria
2559 2027 2806 2082 Domini.
2834 2029 3204 2100 Locutusque
3226 2031 3509 2086 Dominus
3531 2032 3600 2086 ad

1961 2119 2192 2189 Moysen
2228 2123 2281 2171 et
2306 2125 2490 2171 Aaron
2520 2117 2633 2170 ait:
2660 2116 3020 2187 Separamini
3049 2118 3120 2170 de
3146 2119 3331 2172 medio
3363 2137 3601 2192 congre-

1958 2206 2209 2278 gationis
2243 2206 2438 2273 huius,
2477 2211 2539 2258 ut
2560 2222 2658 2259 eos
2684 2210 2914 2275 repente
2946 2205 3300 2276 disperdani.
3331 2208 3436 2270 Qui
3457 2209 3602 2263 ceci-

1960 2296 2172 2348 derunt
2205 2294 2367 2364 proni
2401 2293 2456 2346 in
2493 2293 2718 2357 faciem,
2741 2297 2913 2363 atque
2937 2293 3209 2348 dixerunt
3235 2311 3246 2348 :
3269 2295 3604 2351 Fortissime

1965 2385 2112 2438 Deus
2135 2382 2446 2453 spirituum
2475 2381 2754 2435 universae
2781 2381 2995 2444 carnis,
3020 2399 3160 2436 num
3194 2400 3310 2436 uno
3335 2390 3606 2454 peccante

1959 2478 2159 2526 contra
2191 2487 2393 2525 omnes
2421 2476 2521 2524 tua
2555 2471 2639 2524 ira
2669 2471 2981 2525 desaeviet?
3014 2472 3081 2525 Et
3113 2471 3194 2524 ait
3224 2472 3510 2528 Dominus
3533 2473 3604 2528 ad

1961 2561 2192 2630 Moysen
2222 2575 2233 2612 :
2267 2558 2518 2629 Praecipe
2553 2558 2820 2612 universo
2850 2558 3088 2629 populo,
3117 2564 3178 2612 ut
3199 2565 3543 2631 separentur
3575 2579 3610 2616 a

1962 2647 2354 2702 tabernaculis
2385 2647 2526 2701 Core
2558 2651 2615 2700 et
2639 2646 2859 2700 Dathan
2887 2650 2943 2700 et
2963 2647 3196 2701 Abiron.
3232 2649 3606 2720 Surrexilque

1963 2737 2188 2807 Moyses
2210 2742 2264 2789 ct
2295 2735 2436 2788 abiit
2459 2734 2528 2787 ad
2559 2735 2774 2788 Dathan
2799 2740 2856 2788 et
2882 2735 3116 2800 Abiron,
3139 2741 3194 2789 et
3224 2737 3608 2806 sequentibus

1961 2841 2092 2878 cum
2126 2822 2454 2877 senioribus
2483 2822 2674 2885 Israel,
2699 2821 2840 2875 dixit
2863 2822 2930 2875 ad
2968 2823 3196 2876 turbam
3231 2839 3244 2877 :
3281 2823 3546 2878 llecedite
3573 2842 3607 2879 a

1959 2911 2352 2967 tabernaculis
2387 2911 2688 2964 hominum
2715 2911 3051 2980 impiorum,
3085 2915 3142 2965 et
3164 2909 3342 2966 nolite
3370 2915 3606 2984 tangere

1961 3000 2179 3072 quaead
2211 3015 2308 3054 eos
2340 2999 2739 3070 pertinent,ne
2759 2998 3206 3054 involvaminiin
3231 3001 3481 3071 peccatis
3510 3019 3603 3056 eo-

1963 3106 2117 3144 rum.
2143 3090 2405 3158 Cumque
2435 3087 2814 3142 recessissent
2831 3087 3139 3143 atentoriis
3162 3104 3360 3144 eorum
3378 3106 3479 3161 per
3495 3091 3604 3144 cir-

191 3184 282 3240 eis
315 3183 563 3254 laqueos
603 3180 944 3254 perditionis
971 3180 1209 3253 aptavit,
1233 3180 1446 3252 quibus
1477 3180 1670 3253 palam
1701 3198 1762 3237 se
1791 3181 1849 3237 in
1882 3167 1923 3233 C
1963 3177 2208 3242 cuitum,
2242 3175 2467 3230 Dathan
2500 3179 2556 3230 et
2584 3176 2795 3231 Abiron
2815 3175 3605 3246 egressistabantinintroitu

195 3276 463 3328 mortem
496 3270 618 3326 fieri
663 3269 915 3326 similem
950 3269 1188 3342 optavit.

850 3375 1082 3431 CAPUT
1121 3375 1216 3430 III.

349 3474 526 3521 eccato
556 3466 686 3521 Core
714 3472 765 3521 et
793 3469 1074 3536 fautorum
1105 3465 1242 3536 ejus,
1274 3473 1434 3536 atque
1462 3481 1619 3536 poena
1643 3481 1850 3520 eorum.

312 3535 412 3592 am
446 3535 501 3591 in
543 3537 670 3610 ipsa
699 3535 1154 3591 contradictione
1199 3540 1358 3604 Core,
1391 3535 1770 3608 praesumptio
1795 3541 1854 3592 et

191 3625 451 3683 avaritia
479 3625 633 3681 idem
655 3623 927 3680 videntur
946 3639 1093 3680 esse.
1117 3623 1261 3678 Nam
1293 3625 1602 3680 ambiendo
1623 3625 1854 3680 indebi-

189 3721 326 3771 tum
363 3714 480 3770 sibi
511 3712 900 3769 sacerdotium
932 3713 1326 3784 praesumpsit,
1362 3716 1416 3768 et
1445 3715 1852 3784 praesumendo

190 3802 470 3860 ambivit.
525 3802 696 3858 Porro
744 3801 1006 3867 avaritia,
1049 3805 1112 3856 ut
1161 3802 1222 3856 B.
1259 3802 1570 3875 Gregorius
1601 3803 1700 3871 ait,
1735 3819 1850 3859 non

189 3893 395 3949 solum
419 3891 677 3964 pecuniae
695 3894 802 3957 est,
823 3891 921 3946 sed
942 3889 1117 3946 etiam
1143 3889 1489 3947 altitudinis.
1507 3892 1680 3948 Recte
1695 3893 1851 3948 enim

190 3979 450 4037 avaritia
481 3979 719 4047 dicitur,
749 3996 883 4034 cum
906 3993 1086 4051 supra
1107 3979 1344 4034 modum
1367 3978 1702 4035 sublimitas
1733 3997 1853 4036 am-

189 4070 381 4125 bitur.
412 4068 472 4123 Si
495 4067 650 4122 enim
678 4085 791 4123 non
814 4068 885 4122 ad
910 4067 1212 4123 avaritiam
1226 4067 1464 4123 honoris
1486 4068 1690 4140 rapina
1719 4085 1849 4141 per-

187 4158 438 4214 tineret.
474 4156 852 4228 Nequaquam
900 4154 1116 4211 Paulus
1149 4155 1218 4210 de
1251 4155 1557 4228 Unigenito
1591 4156 1730 4212 Filio
1762 4156 1850 4211 di-

189 4250 358 4303 ceret
387 4263 398 4299 :
428 4245 592 4300 «Non
618 4246 881 4317 rapinam
903 4245 1220 4300 arbitratus
1242 4248 1468 4300 estesse
1489 4260 1549 4298 se
1565 4248 1849 4315 aequalem

185 4335 312 4391 Deo
346 4333 619 4404 (Philipp.
656 4349 715 4400 n,
745 4335 822 4401 6).
855 4356 882 4384 »
919 4335 981 4389 In
1022 4333 1132 4387 hoc
1167 4348 1303 4404 ergo
1334 4331 1602 4387 diabolus
1644 4349 1850 4403 paren-

189 4431 316 4480 tem
342 4427 617 4478 nostrum
643 4424 712 4478 ad
744 4423 1078 4494 superbiam
1113 4421 1306 4490 traxit,
1331 4439 1445 4494 quo
1467 4438 1602 4477 eum
1625 4423 1695 4478 ad
1722 4441 1851 4480 ava-

187 3470 273 3523 De

1966 3265 2327 3338 papilionum
2358 3280 2600 3320 suorum
2630 3280 2764 3319 cum
2798 3264 3074 3320 uxoribus
3105 3269 3160 3320 et
3188 3265 3386 3322 liberis
3417 3266 3605 3322 omni-

1965 3371 2078 3426 que
2106 3353 2450 3425 frequentia.
2484 3353 2553 3408 Et
2581 3353 2662 3408 ait
2693 3354 2918 3425 Moyses
2952 3371 2964 3408 :
3001 3355 3064 3408 In
3098 3353 3192 3408 his
3223 3355 3418 3410 scietis
3449 3357 3605 3427 quod

1964 3443 2249 3499 Dominus
2280 3441 2505 3498 miserit
2527 3459 2638 3508 me,
2672 3447 2737 3497 ut
2758 3443 3005 3497 facerem
3033 3442 3304 3498 universa
3331 3460 3458 3514 qua:
3491 3459 3608 3499 cer-

1964 3531 2122 3600 nitis,
2156 3536 2214 3586 et
2235 3548 2348 3586 non
2371 3548 2439 3586 ex
2461 3531 2692 3604 proprio
2716 3547 2780 3586 ea
2804 3531 2975 3586 corde
3001 3530 3363 3602 protulerim.
3398 3532 3607 3588 Sicon-

1963 3625 2131 3676 sueta
2159 3620 2465 3675 hominum
2489 3623 2674 3675 morte
2705 3619 3052 3683 interierint,
3077 3624 3133 3675 et
3166 3619 3483 3676 visitaverit
3511 3638 3609 3676 eos

1962 3708 2155 3782 plaga,
2187 3725 2304 3779 qua
2333 3712 2388 3763 et
2425 3708 2614 3763 caeteri
2654 3707 2877 3763 visitari
2909 3706 3116 3774 solent,
3168 3724 3282 3762 non
3315 3707 3478 3762 misit
3516 3724 3610 3763 me

1965 3798 2246 3853 Dominus
2280 3813 2292 3850 :
2328 3797 2418 3851 sin
2451 3801 2646 3852 autem
2677 3813 2885 3850 novam
2921 3811 3040 3850 rem
3075 3795 3270 3851 fecerit
3301 3795 3608 3861 Dominus,

1962 3889 2027 3940 ut
2057 3885 2323 3956 aperiens
2355 3888 2508 3938 terra
2536 3899 2602 3938 os
2644 3898 2817 3936 suum
2860 3879 3142 3952 deglutiat
3188 3896 3287 3935 eos
3317 3884 3374 3935 et
3413 3880 3612 3936 omnia

1962 3991 2089 4045 qure
2121 3974 2190 4027 ad
2220 3972 2351 4027 illos
2382 3971 2693 4043 pertinent,
2719 3967 3244 4040 descenderintque
3264 3969 3519 4024 viventes
3550 3969 3610 4025 in

1960 4063 2280 4126 infernum,
2307 4059 2503 4115 scietis
2527 4058 2681 4129 quod
2706 4057 3238 4129 blasphemaverint
3270 4058 3608 4114 Dominum.

1961 4148 2276 4204 Confestim
2306 4146 2486 4219 igitur
2514 4149 2578 4200 ut
2597 4146 2847 4201 cessavit
2873 4144 3054 4217 loqui,
3079 4146 3316 4219 dirupta
3347 4151 3436 4202 est
3457 4151 3612 4202 terra

1959 4240 2068 4294 sub
2102 4236 2350 4309 pedibus
2379 4252 2601 4301 eorum,
2635 4239 2693 4289 et
2723 4235 2992 4307 aperiens
3016 4251 3080 4291 os
3110 4252 3284 4290 suum
3317 4237 3612 4292 devoravit

1958 4327 2090 4382 illos
2121 4342 2254 4380 cum
2288 4322 2684 4380 tabernaculis
2708 4323 2860 4391 suis,
2883 4328 2939 4378 et
2972 4323 3606 4392 universasubstantia,

1957 4415 2499 4485 descenderuntque
2527 4412 2636 4466 vivi
2671 4413 2727 4467 in
2761 4413 3057 4468 infernum
3091 4412 3271 4484 operti
3314 4411 3517 4479 humo,
3550 4417 3607 4467 et

186 4513 403 4567 ritiam
422 4510 800 4568 sublimitatis
816 4511 1099 4567 excitavit.
1118 4510 1438 4566 Pertinacia
1459 4527 1688 4583 quoque
1707 4511 1847 4568 Core

1959 4502 2334 4576 perieruntde
2349 4500 3040 4556 mediomultitudinis.At
3057 4516 3190 4554 vero
3203 4500 3395 4554 omnis
3411 4499 3604 4564 Israel,

188 4603 252 4656 in
289 4601 411 4656 hoc
451 4600 796 4665 ostenditur,
840 4600 995 4672 quod
1028 4616 1131 4655 nec
1161 4598 1575 4671 increpatione,
1611 4615 1713 4654 nec
1745 4601 1846 4655 ad-

187 4689 534 4746 monitione
565 4689 634 4742 ad
661 4705 758 4743 cor
779 4688 890 4743 fuit
911 4705 1197 4744 reversus.
1225 4687 1502 4758 Denique,
1529 4693 1592 4742 ut
1613 4687 1859 4744 historia

187 4781 409 4844 refert,
445 4777 527 4831 ita
556 4776 636 4830 illi
662 4778 872 4832 acriter
892 4777 1380 4848 impudenterque
1403 4776 1667 4847 jurganti
1695 4781 1751 4832 et
1771 4795 1864 4833 ex-

182 4866 510 4940 probranti
534 4864 882 4921 mitissimus
915 4865 1217 4921 hominum
1259 4865 1486 4936 Moyses
1512 4866 1812 4936 respondit
1845 4884 1857 4922 :

268 4979 297 5006 α
331 4953 507 5009 Mane
525 4961 728 5009 notum
750 4953 1208 5009 facietDominus
1221 4951 1320 5024 qui
1338 4953 1410 5008 ad
1432 4969 1494 5007 se
1509 4953 1859 5022 pertineant,

181 5050 247 5100 et
262 5084 266 5087 ι
283 5048 530 5100 sanctos
546 5041 860 5114 applicabit
881 5043 1016 5108 sibi,
1038 5046 1095 5098 et
1125 5058 1270 5113 quos
1291 5040 1528 5113 elegerit
1543 5041 1858 5114 appropin-

181 5132 479 5205 quabunt
535 5130 606 5186 ci.
646 5133 757 5186 lloc
789 5132 966 5203 igitur
997 5131 1185 5187 facite.
1217 5129 1406 5186 Tollat
1444 5130 1855 5203 unusquisque

181 5219 512 5276 thuribula
533 5236 661 5284 sua,
690 5223 753 5274 tu
784 5220 944 5287 Core,
970 5224 1026 5274 et
1050 5235 1223 5274 omne
1247 5217 1558 5274 concilium
1575 5223 1766 5286 tuum,
1797 5225 1854 5275 et

181 5311 419 5365 hausto
451 5324 580 5362 cras
627 5307 759 5380 igne
789 5308 985 5380 ponite
1015 5308 1266 5378 desuper
1302 5305 1627 5377 thymiama
1657 5323 1851 5364 coram

180 5396 479 5465 Domino,
513 5401 568 5451 et
599 5412 1008 5468 quemcunque
1039 5394 1274 5467 elegerit
1304 5395 1429 5466 ipse
1455 5395 1564 5450 erit
1591 5400 1850 5452 sanctus.

181 5485 462 5542 Multum
493 5483 804 5556 erigimini,
833 5484 934 5540 filii
960 5484 1108 5541 Levi.
1133 5483 1286 5538 Dixit
1311 5500 1547 5538 rursum
1572 5485 1643 5539 ad
1670 5486 1812 5541 Core
1837 5503 1850 5542 :

178 5573 440 5650 Audite,
455 5572 560 5631 filii
582 5573 732 5632 Levi.
752 5573 799 5632 N
805 5591 905 5632 um
923 5589 1129 5650 parum
1150 5570 1314 5632 vobis
1335 5576 1425 5631 est
1444 5573 1598 5647 quod
1622 5589 1852 5649 separa-

1958 4591 2057 4664 qui
2079 4591 2272 4647 stabat
2289 4606 2389 4661 per
2405 4589 2760 4661 gyrum,l‘ugi
2778 4589 2872 4644 tad
2887 4587 3196 4643 clamorem
3215 4588 3583 4657 pereuntium
3597 4631 3610 4654 ,

1968 4681 2170 4736 dicens
2201 4697 2214 4734 :
2248 4679 2328 4734 Ne
2360 4678 2570 4732 forteet
2593 4694 2697 4732 nos
2715 4681 2867 4732 terra
2891 4675 3193 4746 deglutiat.
3228 4676 3337 4730 Sed
3370 4681 3426 4730 et
3458 4675 3610 4748 ignis

1968 4785 2240 4842 egressus
2263 4785 2295 4822 a
2324 4764 2866 4821 Dominointerl‘ecit
2881 4781 2983 4819 CCL
3002 4763 3156 4818 viros
3175 4763 3273 4835 qui
3295 4765 3611 4820 offerebant

1969 4859 2273 4912 incensum
2304 4854 2484 4924 (Ibid.,
2515 4853 2721 4922 lii-35).
2759 4874 2785 4899 »
2807 4853 2882 4905 Ex
2905 4868 3020 4923 quo
3053 4851 3255 4923 utique
3277 4853 3481 4908 divinae
3514 4871 3608 4909 se-

1969 4941 2478 5014 veritatisjudicio,
2511 4940 2766 4995 etiamin
2791 4941 3098 5012 superlicie
3121 4940 3397 5008 historiae,
3430 4959 3606 5015 quam

1972 5051 2116 5106 pene
2156 5037 2336 5088 totam
2370 5028 2505 5084 huic
2535 5027 2813 5100 opusculo
2845 5029 3217 5086 inserendam
3269 5033 3609 5102 judicanus,

1965 5123 2247 5194 conjicere
2264 5119 2558 5192 possimus
2581 5116 2721 5188 quid
2739 5123 3073 5173 mereantur
3093 5124 3194 5174 aut
3215 5119 3353 5190 quid
3384 5118 3610 5190 passuri

1963 5213 2083 5269 sint
2112 5211 2210 5281 qui
2236 5207 2620 5264 sacerdotium
2641 5205 2982 5260 Christianzn
3015 5208 3212 5278 gratiae
3235 5208 3344 5261 sibi
3375 5207 3610 5260 sa-rula-

1965 5303 2104 5357 riter
2125 5298 2416 5353 vindicare
2438 5299 2820 5368 praesumunt,
2854 5295 2902 5348 si
2929 5299 3088 5350 tanta
3111 5293 3614 5350 animadversione

1963 5388 2225 5446 mulctati
2259 5383 2534 5453 sunt,qui
2587 5383 2973 5438 sacerdotium
3017 5384 3294 5455 Mosaycae
3319 5383 3464 5456 legis
3495 5384 3607 5439 sibi

1963 5475 2387 5536 contumaciter
2408 5472 2714 5546 praeripere
2731 5476 3190 5541 attentaverunt;
3212 5489 3457 5545 quorum
3475 5474 3617 5530 duo-

1963 5586 2095 5628 rum
2143 5567 2297 5626 sicut
2325 5579 2502 5640 quam
2537 5561 2797 5620 maxima
2825 5561 2885 5618 in
2925 5561 3307 5623 sacramentis
3336 5566 3425 5622 est
3453 5563 3616 5624 diffe-
