4106 6178
507 297 662 368 1063

1551 287 1963 364 HUMBERTI
2011 301 2076 362 s.
2122 291 2197 360 Β.
2243 291 2314 359 E.
2361 291 2858 360 CABDINALIS.

3699 289 3833 362 ισθι·

509 438 714 506 rentia,
741 436 826 492 sic
857 439 912 492 et
942 450 1118 506 quam
1139 433 1393 489 maxima
1415 432 1585 488 debet
1611 449 1738 488 esse
1773 433 1830 487 in
1865 430 2148 486 ministris
2176 436 2228 498 Α
2259 429 2479 486 cladem
2505 431 2720 502 experti
2756 434 2913 485 sunt.
2941 426 3202 483 Severior
3229 424 3380 482 enim
3402 423 3670 499 Evangelii
3689 441 3826 498 quam

508 524 1145 598 utriusque‘distantia,
1183 527 1468 594 quantum
1513 521 1733 576 scilicet
1772 523 1980 577 sistare
2009 519 2154 575 solet

507 615 720 672 servuli
753 616 824 669 ab
845 611 1212 684 imperatoris
1236 627 1502 682 persona.
1527 611 1807 680 Equidem
1832 609 2150 665 Mosaicum

507 705 644 760 illud
669 701 1057 758 sacerdotium
1073 699 1215 754 sacri
1227 699 1372 752 ﬁciis
1385 697 1718 753 carnalibus
1732 696 2011 751 insistens
2026 712 2156 748 san-

507 793 743 866 guinem
775 790 1067 845 hircorum
1099 791 1156 842 et
1185 791 1513 849 taurorum,
1545 785 1995 856 aliquorumque
2027 783 2151 837 ani-

508 881 773 944 malium,
795 895 908 948 quo
930 873 1517 946 secundumApostoli
1540 873 1763 928 dictum
1789 869 2153 944 impossibile

506 974 630 1025 erat
661 965 875 1023 auferri
907 968 1160 1036 peccata,
1192 963 1462 1018 umbram
1505 961 1875 1017 solummodo
1927 961 2150 1014 futuro-

506 1074 637 1112 rum
660 1056 942 1110 honorum
968 1053 1307 1124 praeferebat
1330 1068 1343 1118 ;
1368 1051 1767 1106 Christianum
1791 1053 2009 1115 autem,
2037 1049 2152 1119 spi-

503 1143 815 1200 ritualibus
847 1141 1054 1196 hostiis
1082 1156 1313 1205 vacans,
1348 1138 1692 1208 sanguinem
1719 1137 1863 1208 Agni
1887 1137 2147 1190 inconta-

506 1233 711 1289 minati
742 1241 794 1287 et
824 1228 1184 1284 immaculati
1219 1229 1358 1282 Jesu
1413 1225 1648 1291 Christi,
1704 1225 1806 1296 qui
1835 1224 1988 1280 tollit
2018 1240 2148 1294 pec-

504 1327 633 1378 cata
664 1319 887 1383 mundi,
921 1317 1180 1387 quotidie
1203 1315 1394 1368 fundit
1424 1315 1482 1368 in
1506 1314 1907 1368 remissionem
1944 1329 2151 1383 pecca-

503 1415 695 1464 torum
727 1424 827 1478 per
858 1405 1226 1458 manifestam
1244 1403 1547 1458 veritatem
1576 1401 1952 1473 prazsentium
1971 1405 2028 1455 et
2060 1400 2147 1454 fu-

502 1496 1087 1551 turorumbonorum.
1116 1492 1262 1546 Illud
1286 1507 1517 1562 quoque
1540 1490 2146 1555 animadvertendum,

502 1583 802 1654 quodCore
823 1597 938 1636 non
960 1581 1206 1652 pecunia
1228 1579 1487 1650 [sibimet
1504 1578 1891 1654 sacerdotium
1917 1576 2151 1647 quaesie-

502 1649 620 1742 rit],
651 1671 752 1726 sed
785 1649 1003 1741 gradus
1033 1668 1123 1723 sui
1167 1668 1620 1739 propinquitate,
1654 1649 2148 1738 sedbognatione,

500 1776 618 1830 qua
655 1757 1014 1814 contribules
1042 1761 1207 1811 erant
1237 1756 1361 1828 ipse
1391 1761 1447 1811 et
1475 1758 1686 1823 Aaron,
1735 1755 2001 1826 quamvis
2033 1771 2148 1808 non
2181 1786 2227 1851 Β

500 1847 761 1918 ejusdem
795 1845 1047 1909 familiae,
1083 1849 1140 1898 et
1172 1845 1311 1915 quia
1334 1844 1662 1898 confidebat
1686 1860 1746 1898 se
1778 1858 2012 1914 quoque
2035 1842 2150 1896 Do-

502 1935 644 1990 mini
676 1951 824 2002 esse,
852 1935 1004 1988 sicut
1024 1950 1091 1988 ex
1117 1932 1210 1987 his
1231 1932 1562 2002 verbisejus
1583 1932 1955 2002 cognoscitur
1984 1946 2140 2000 aper-

502 2031 597 2080 te:
633 2048 660 2073 ‹‹
695 2023 978 2090 Sufficiat,
1010 2023 1220 2093 inquit,
1254 2022 1417 2076 vobis
1449 2021 1587 2092 quia
1611 2021 1802 2075 omnis
1834 2019 2146 2074 multitudo

498 2118 839 2170 sanctorum
871 2116 976 2178 est,
1011 2117 1068 2166 et
1101 2112 1156 2164 in
1192 2110 1337 2182 ipsis
1366 2115 1454 2164 est
1479 2110 1782 2163 Dominus.
1818 2109 1931 2162 Cur
1961 2107 2147 2162 eleva-

501 2203 644 2258 mini
679 2216 856 2272 super
885 2198 1166 2271 populum
1197 2197 1469 2252 Domini?
1493 2199 1673 2268 (Num.
1706 2214 1819 2264 xvr,
1849 2197 1926 2267 3.)
1959 2196 2068 2249 Sed
2094 2199 2150 2249 et

500 2290 643 2345 illud
669 2306 780 2344 non
806 2289 1002 2342 minus
1025 2285 1631 2355 animadvertendum,
1654 2302 1830 2356 quam
1858 2284 2148 2340 horrendo

499 2382 556 2433 et
587 2375 905 2431 miserabili
930 2374 1100 2429 modo
1121 2373 1342 2427 Dathan
1365 2378 1420 2428 et
1439 2373 1652 2428 Abiron
1683 2373 1940 2427 viventes
1969 2372 2028 2426 in
2061 2372 2146 2425 in-

500 2467 729 2520 fernum
759 2480 894 2518 cum
924 2463 1200 2517 omnibus
1232 2461 1381 2529 suis,
1428 2478 1680 2533 cumque
1711 2462 1869 2516 omni
1903 2459 2149 2532 supelle-

499 2553 630 2610 ctile
648 2570 756 2608 sua
776 2551 1206 2616 descenderint,
1229 2567 1360 2604 cum
1377 2549 1612 2605 sibimet
1626 2550 2016 2605 sacerdotium
2032 2565 2146 2604 non

499 2641 853 2714 quaesierint,
879 2657 1066 2711 neque
1097 2639 1252 2694 enim
1278 2654 1345 2693 ex
1360 2637 1512 2692 tribu
1539 2637 1668 2693 Levi
1687 2638 1988 2705 crant,sed
2019 2641 2148 2692 tan-

499 2731 802 2786 tummodo
835 2726 1357 2801 przesumptoribus
1399 2725 1662 2781 faverint.
1698 2726 1765 2780 Et
1793 2730 1990 2780 tamen
2024 2735 2150 2797 gra-

498 2820 629 2874 vius
659 2817 848 2889 puniti
883 2820 1021 2872 sunt
1053 2818 1309 2870 fautores
1341 2819 1399 2870 et
1438 2814 1792 2878 defensores,
1827 2831 2003 2886 quam
2037 2811 2150 2885 ipsi

501 2909 972 2979 prazsumptores.
1009 2903 1251 2960 Gravius
1295 2907 1383 2958 est
1425 2902 1580 2958 enim
1612 2906 1826 2958 terram
1875 2901 2149 2974 deglutiri

500 2996 659 3050 vivos
691 3010 820 3048 cum
846 2993 1020 3048 rebus
1051 2997 1107 3047 et
1128 2991 1270 3062 ipsis
1294 2991 1572 3068 parvulis,
1607 2989 1706 3062 qui
1739 3008 1853 3045 non
1886 3006 2150 3062 peccave-

501 3087 650 3149 rant,
675 3099 851 3154 quam
880 3082 1011 3153 igne
1033 3079 1260 3135 amburi
1283 3079 1437 3135 solos
1468 3079 1566 3150 qui
1594 3083 1989 3150 peccaverant.
2025 3078 2152 3132 Ani-

2262 519 2407 591 legis
2438 524 2528 574 est
2545 519 2758 585 cautio,
2785 517 2923 590 quia
2951 517 3009 572 in
3038 517 3148 572 hac
3168 530 3405 589 pravum
3429 515 3628 572 factum
3647 514 3828 572 solum-

2263 609 2458 672 modo,
2508 608 2567 662 in
2617 607 2716 662 illa
2758 611 2953 662 autem
2994 604 3235 677 punitur
3273 605 3440 660 etiam
3497 604 3751 676 cogitatio.
3778 605 3829 659 Et

2262 702 2414 752 certe
2446 696 2672 752 Dathan
2716 700 2772 750 et
2806 695 3018 750 Abiron
3049 699 3222 765 atque
3255 694 3392 750 Core
3434 692 3633 764 duplici
3659 693 3830 748 contri-

2261 786 2438 852 tione,
2470 785 2728 856 corporis
2761 783 2982 839 scilicet
3009 787 3066 838 et
3094 781 3321 851 animae,
3345 783 3641 837 creduntur
3664 783 3828 836 centri.

2261 873 2326 945 ti,
2358 878 2423 928 ut
2452 876 2762 929 attestatur
2789 872 2971 927 Judas
2998 870 3222 927 Jacobi.

2900 976 3129 1033 CAPUT
3167 976 3258 1031 ιν.

2260 1072 2333 1126 De
2363 1071 2522 1138 vulgo
2552 1070 2772 1141 sequaci
2787 1074 3251 1141 prwsumptorum
3269 1064 3410 1141 etde
3437 1064 3720 1136 diﬂerentia
3741 1067 3828 1120 veri

2783 1136 2836 1194 ἐι
2877 1139 3018 1208 falsi
3036 1136 3042 1137 “
3057 1136 3346 1192 sacerdotii
3357 1178 3368 1190 .

2328 1230 2502 1284 Jesus
2534 1229 2604 1283 de
2633 1231 2788 1283 terra
2815 1225 3039 1298 [Egypti
3063 1223 3346 1297 populum
3370 1222 3606 1290 salvans,
3624 1223 3826 1279 secundo

2259 1336 2356 1374 eos
2381 1317 2480 1390 qui
2503 1335 2619 1373 non
2643 1317 3014 1372 crediderunt
3035 1312 3307 1386 perdidit.
3330 1313 3436 1368 Sed
3457 1312 3701 1382 hincjam
3720 1312 3826 1384 quid

2259 1407 2460 1462 eadem
2491 1405 2738 1461 historia
2768 1404 3088 1475 subjungat
3117 1402 3502 1474 perpendetur
3531 1419 3542 1456 :
3575 1422 3598 1454 α
3617 1401 3825 1455 Murmu-

2259 1493 2406 1549 ravit
2418 1498 2611 1548 autem
2631 1492 2823 1547 omnis
2847 1486 3596 1546 multitudoﬁliorumlsrael
3616 1487 3827 1560 sequenti

2261 1583 2352 1638 die
2381 1585 2580 1637 contra
2593 1581 2827 1652 Moysen
2843 1584 2898 1635 et
2909 1580 3096 1634 Aaron
3116 1577 3317 1634 dicens
3343 1595 3356 1632 :
3394 1577 3504 1632 Vos
3523 1575 3826 1632 interfecistis

2260 1669 2546 1743 populum
2596 1668 2848 1724 Domini.
2900 1668 3162 1737 Cumque
3193 1665 3444 1722 oriretur
3481 1665 3662 1720 seditio
3687 1669 3734 1720 et
3753 1669 3826 1718 tu-

2259 1758 2486 1814 multus
2520 1758 2888 1822 incresceret,
2922 1756 3149 1828 Moyses
3176 1758 3234 1810 et
3270 1757 3458 1810 Aaron
3499 1751 3825 1826 fugieruntad

2258 1845 2698 1903 tabernaculum
2724 1845 2974 1900 foederis.
2999 1844 3159 1907 Quod
3175 1847 3479 1916 postquam
3497 1839 3704 1913 ingressi
3719 1842 3826 1894 sunt

2257 1937 2486 2008 operuit
2515 1935 2720 2000 nubes,
2755 1937 2811 1990 et
2836 1933 3108 2006 apparuit
3132 1931 3323 2004 gloria
3366 1930 3590 1992 Domini,
3617 1927 3821 1998 dixitque

2257 2023 2540 2080 Dominus
2587 2025 2658 2078 ad
2708 2027 2978 2094 Moysen:
3034 2021 3309 2076 Recedite
3371 2019 3439 2074 de
3485 2017 3637 2073 medio
3676 2015 3821 2084 hujus

2259 2111 2676 2179 multitudinis,
2710 2114 2885 2174 etiam
2919 2127 3075 2164 nunc
3098 2109 3306 2164 delebo
3329 2125 3444 2164 eos.
3467 2103 3825 2175 Cumquejace-

2259 2207 2385 2256 rent
2415 2202 2473 2256 in
2507 2206 2741 2267 terram,
2767 2201 2909 2254 dixit
2933 2200 3156 2270 Moyses
3179 2199 3247 2252 ad
3278 2201 3462 2252 Aaron
3496 2212 3508 2252 :
3533 2192 3666 2249 Tolle
3685 2190 3829 2246 thuri-

2258 2290 2481 2357 bulum,
2517 2294 2573 2344 et
2603 2289 2813 2344 hausto
2831 2287 2964 2359 igne
2988 2287 3060 2341 de
3081 2286 3250 2342 altari
3280 2286 3448 2341 mitte
3471 2284 3729 2338 incensum
3751 2278 3826 2332 de-

2257 2395 2454 2451 super,
2491 2393 2735 2450 pergens
2765 2376 2878 2432 cito
2911 2375 2979 2431 arl
3014 2373 3324 2447 populum,
3358 2377 3421 2428 ut
3462 2387 3614 2443 roges
3641 2383 3726 2440 pro
3749 2365 3828 2421 eis.

2257 2467 2285 2522 J
2295 2484 2388 2522 am
2422 2466 2574 2522 enim
2610 2481 2844 2538 egressa
2873 2468 2962 2520 est
2992 2464 3078 2518 ira
3099 2481 3132 2517 a
3160 2462 3432 2528 Domino,
3451 2465 3502 2516 et
3521 2458 3670 2532 plaga
3693 2456 3830 2510 dese-

2256 2555 2429 2609 vitur.
2464 2554 2626 2620 Quod
2658 2569 2793 2608 cum
2824 2551 3056 2607 fecisset
3102 2553 3321 2617 Aaron,
3353 2554 3409 2606 et
3441 2545 3748 2604 cucurrisset
3778 2541 3830 2594 ad

2260 2641 2516 2697 mediam
2545 2639 3005 2706 multitudinem,
3045 2655 3221 2710 quam
3241 2638 3373 2708 jam
3401 2634 3646 2692 vastabat
3681 2631 3832 2685 incen-

2260 2730 2444 2797 dium,
2482 2729 2693 2784 obtulit
2722 2728 3082 2800 thymiama;
3114 2731 3172 2782 et
3196 2731 3370 2783 stans
3389 2725 3536 2781 inter
3561 2723 3777 2778 mortuos
3791 2718 3834 2771 et

2257 2819 2536 2885 viventes,
2566 2835 2669 2890 pro
2693 2816 2906 2889 populo
2928 2817 3276 2888 deprecatus
3303 2819 3409 2880 est,
3433 2817 3486 2869 et
3514 2811 3665 2884 plaga
3689 2820 3834 2864 cessa-

2259 2907 2356 2962 vit.
2391 2906 2648 2962 Fuerunt
2678 2909 2874 2961 autem
2891 2903 2991 2976 qui
3011 2901 3271 2976 percussi
3311 2905 3446 2959 sunt
3468 2893 3834 2976 quatuordecim

2261 2994 2446 3051 millia
2461 2994 2766 3050 hominum
2790 2997 2846 3050 et
2865 2991 3239 3065 septingenti,
3258 2992 3484 3064 absque
3497 2989 3579 3045 his
3599 2985 3682 3059 qui
3703 2980 3835 3057 perie-

2264 3089 2401 3139 runt
2432 3084 2490 3138 in
2514 3082 2797 3138 seditione
2819 3081 2958 3136 Core
2976 3081 3160 3153 (Num.
3177 3098 3297 3145 xvr,
3327 3081 3570 3146 lit-49.)-
3595 3077 3648 3131 In
3667 3088 3759 3145 quo
3775 3067 3836 3122 vi-

501 3151 866 3227 madvertant
892 3151 998 3225 hoc
1028 3168 1157 3223 laici
1180 3173 1236 3221 et
1266 3167 1481 3234 clerici,
1515 3168 1611 3237 qui
1640 3184 1752 3222 non
1786 3167 1996 3222 timent
2028 3183 2152 3238 pra-
2183 3151 2224 3216 C
2264 3157 2632 3228 delicetfactb
2647 3151 3481 3226 evidentepmongtpatupauod
3498 3166 3652 3223 etiam
3667 3174 3838 3235 perver-

501 3261 585 3315 vis
606 3266 662 3315 et
688 3257 1142 3329 indisciplinatis
1165 3256 1537 3327 patrocinari,
1562 3255 1932 3326 maximeque
1951 3256 2042 3310 cui
2065 3255 2150 3308 in-

503 3349 733 3419 dignos,
766 3352 867 3402 aut
900 3346 1159 3417 potentia
1185 3362 1312 3410 sua,
1348 3343 1433 3398 vel
1477 3345 1689 3410 favore,
1729 3361 1829 3398 seu
1864 3343 2044 3415 pretio
2075 3343 2146 3396 ad

503 3452 699 3490 sacros
730 3435 964 3488 ordines
1003 3433 1242 3502 exigunt
1274 3431 1617 3502 promoveri.
1668 3431 2150 3486 Animadvertant

503 3539 735 3595 quoque
783 3522 920 3594 quia
972 3520 1303 3593 prohibitus
1357 3519 1467 3574 fuit
1521 3519 1772 3591 populus
1815 3520 2150 3589 contingere

503 3611 788 3684 quidquid
821 3627 1021 3666 eorum
1050 3626 1176 3681 quae
1209 3609 1278 3664 ad
1320 3607 1542 3663 Dathan
1570 3613 1625 3662 et
1651 3607 1864 3661 Abiron
1899 3607 2147 3678 pertine-

503 3702 665 3770 bant,
701 3717 771 3756 ne
803 3699 1232 3756 involverentur
1261 3696 1513 3768 peccatis
1545 3712 1766 3762 eorum,
1791 3711 1925 3750 cum
1956 3695 2148 3766 supel-

507 3789 596 3846 lex
627 3792 770 3846 Corc
793 3789 852 3844 in
879 3793 1112 3843 tantum
1135 3802 1248 3841 non
1275 3783 1529 3856 perierit,
1561 3789 1625 3839 ut
1645 3783 1821 3839 etiam
1853 3782 2152 3838 thuribula

505 3896 707 3937 eorum
739 3879 798 3934 in
829 3877 1080 3932 laminas
1109 3874 1585 3948 productajussu
1635 3873 1733 3929 Dei
1765 3872 1932 3928 altari
1964 3873 2152 3928 affusa

507 3969 644 4024 sint.
678 3969 748 4020 Et
769 3971 833 4020 ut
853 3964 1096 4021 historia
1119 3965 1291 4019 refert
1312 3963 1369 4017 in
1394 3962 1798 4034 sequentibus,
1822 3963 2034 4017 factum
2063 3965 2152 4017 est

508 4055 726 4128 grande
750 4052 1119 4117 miraculum,
1145 4056 1228 4118 ut,
1253 4057 1531 4122 pereunte
1549 4050 1828 4115 Core,filii
1855 4049 2014 4106 illius
2036 4067 2149 4105 non

507 4143 801 4215 perirent;
861 4141 1215 4212 tandemque
1268 4143 1622 4212 cognoscant
1678 4139 2014 4194 defensores
2064 4138 2150 4194 vel

508 4232 764 4288 fautores
795 4246 1103 4303 pravorum
1128 4233 1347 4299 quanto
1374 4230 1600 4300 pejores
1621 4228 1740 4283 sint
1762 4228 1956 4299 pravis
1987 4227 2149 4299 ipsis.

509 4319 734 4376 Etenim
750 4318 1138 4390 sicutpriores
1161 4318 1219 4371 in
1245 4316 1460 4372 scelere
1493 4316 1654 4388 prius
1677 4317 1905 4371 Dathan
1937 4322 1995 4371 et
2024 4317 2156 4371 Abi-

511 4427 613 4465 ron
646 4414 798 4465 terra
827 4407 1162 4474 absorbuit;
1205 4405 1337 4460 dein
1369 4405 1512 4460 Core
1542 4421 1676 4460 cum
1703 4405 1828 4460 suis
1859 4405 2154 4478 complici-

2259 3278 2458 3316 sorum
2491 3277 2708 3330 sequax
2730 3258 2940 3330 vulgus
2963 3259 3157 3313 divina
3173 3257 3568 3330 indignatione
3587 3247 3838 3309 enormiter

2259 3349 2670 3421 prosternitur,
2704 3348 2844 3402 dum
2875 3347 3110 3402 eosdem
3141 3361 3448 3418 perversos
3476 3358 3611 3416 quos
3640 3334 3833 3411 populus

2257 3438 2357 3493 Dei
2381 3437 2525 3492 falso
2545 3437 2818 3492 credebat
2829 3449 2886 3491 et
2907 3435 3136 3490 dicebat
3156 3435 3492 3490 interfectos
3504 3425 3831 3500 conqueritur.

2257 3526 2369 3580 Nec
2403 3525 2640 3590 mirum,
2668 3524 2806 3595 quia
2835 3523 3060 3579 amicus
3091 3522 3406 3579 stultorum
3438 3518 3694 3594 efficietur
3709 3508 3831 3569 simi-

2258 3613 2411 3678 liter,
2437 3617 2500 3667 ut
2530 3613 2611 3668 ait
2635 3611 2929 3678 Salomon,
2958 3629 3206 3684 quorum
3229 3611 3566 3668 societatem
3587 3599 3832 3662 cavendam

2258 3702 2458 3758 edocet
2487 3701 2569 3756 sic
2602 3718 2614 3755 :
2647 3724 2674 3749 «
2709 3700 2812 3754 Fili
2847 3701 2947 3766 mi,
2979 3701 3029 3756 si
3079 3705 3134 3755 te
3183 3699 3522 3756 lactaverint
3553 3695 3834 3768 peccatores,

2260 3807 2329 3846 ne
2378 3789 2713 3862 acquiescas
2749 3789 2852 3844 eis.
2911 3789 2968 3843 Si
3017 3787 3272 3844 dixerint
3321 3807 3334 3844 :
3393 3785 3533 3842 Veni
3570 3779 3836 3839 nobiscum,

2260 3884 2361 3935 aut
2418 3881 2632 3934 sortem
2693 3876 2859 3932 mitte
2916 3876 3244 3942 nobiscum,
3309 3872 3659 3945 marsupium
3691 3873 3834 3920 unum

2260 3968 2337 4023 sit
2366 3967 2630 4022 omnium
2663 3969 2952 4021 nostrum.
2978 3965 3158 4020 Pedes
3179 3963 3342 4019 enim
3369 3979 3564 4020 eorum
3587 3957 3648 4014 ad
3669 3949 3838 4010 malum

2259 4059 2517 4111 currunt.
2574 4055 2656 4109 Ne
2687 4041 2977 4109 aemuleris
3005 4053 3159 4108 viros
3187 4052 3428 4124 impios,
3480 4065 3580 4106 nec
3607 4041 3840 4102 desideres

2259 4161 2386 4200 esse
2410 4161 2542 4199 cum
2573 4143 2677 4209 eis,
2712 4143 2849 4214 quia
2879 4142 3114 4197 fraudes
3143 4140 3300 4196 labia
3339 4155 3539 4196 eorum
3563 4131 3838 4206 loquuntur.

2259 4234 2489 4288 Etcum
2520 4229 2945 4288 detractoribus
2995 4246 3067 4285 ne
3117 4227 3574 4292 commiscearis,
3623 4216 3838 4294 quoniam

2261 4325 2495 4394 repente
2568 4323 2880 4392 consurget
2955 4318 3199 4390 perditio
3259 4333 3486 4384 eorum,
3543 4317 3596 4369 et
3661 4306 3839 4364 ruinam

2263 4410 2570 4481 utriusque
2590 4409 2722 4480 quis
2745 4407 2904 4464 novit
2923 4407 3043 4462 ?Ne
3059 4407 3161 4462 des
3182 4405 3393 4462 alienis
3409 4405 3672 4460 honorem
3691 4402 3838 4481 tuum!

509 4500 620 4555 bus
651 4499 890 4553 ﬂamma
919 4495 1237 4567 corripiens
1267 4493 1610 4549 combussit.
1647 4494 1766 4548 Prae
1798 4495 2023 4550 cunctis
2051 4512 2153 4548 au-
2187 4518 2232 4582 Ι)
2261 4503 2318 4554 et
2348 4472 2532 4554 annos
2558 4472 2689 4554 tuos
2719 4496 2962 4567 crudeli,
2995 4511 3066 4550 ne
3096 4494 3242 4551 forte
3273 4493 3622 4568 impleantur
3640 4472 3838 4543 extranei

507 4594 625 4644 tem
658 4587 1127 4643 animadvertant
1157 4582 1495 4652 Simoniaci,
1537 4583 1636 4654 qui
1673 4587 1803 4654 post
1852 4584 2159 4637 innumera
2187 4566 2230 4582 υ
2265 4587 2487 4642 viribus
2535 4587 2670 4655 tuis,
2704 4591 2760 4643 et
2790 4566 3018 4641 labores
3047 4584 3131 4639 tui
3165 4583 3283 4639 sint
3313 4566 3376 4638 in
3407 4583 3575 4638 domo
3605 4575 3779 4634 aliena,
3802 4566 3841 4618 el

510 4677 886 4733 anathemata
915 4673 1198 4746 Spiritum
1223 4677 1490 4728 sanctum
1517 4687 1620 4743 pro
1643 4671 2048 4726 ecclesiastica:
2080 4670 2161 4724 di-

509 4765 749 4837 gnitatis
767 4763 1087 4819 ambitione
1115 4761 1362 4833 pecunia
1400 4760 1746 4832 impugnare
1776 4763 2158 4831 prmsumunt,

512 4854 729 4924 quique
761 4868 823 4906 se
855 4841 1188 4923 expugnare
1220 4849 1303 4904 vel
1337 4848 1656 4920 expugnari
1688 4863 1858 4920 posse
1889 4847 2158 4903 eumdem

510 4941 772 5008 credunt,
807 4944 1027 5011 quanto
1060 4939 1458 4994 sceleratiores
1493 4937 1610 4992 sint
1649 4939 1810 5004 Core,
1863 4937 1984 5008 qui,
2030 4941 2160 4992 ante

511 5027 1149 5102 quidlibetanathcma,
1167 5025 1556 5082 sacerdotium
1579 5025 1833 5080 Judaicee
1847 5025 2160 5098 Synagogae

511 5119 672 5175 nulla
702 5117 953 5190 pecunia
975 5115 1196 5187 prolata
1224 5113 1310 5170 vel
1336 5114 1646 5186 promissa,
1673 5114 1771 5169 sed
1794 5113 1918 5170 sola
1948 5130 2158 5186 cogna-

507 5209 703 5276 tionis,
739 5206 824 5262 vel
861 5203 1186 5262 sanctitatis
1214 5203 1566 5270 fiducia,sibi
1597 5203 1853 5275 arripere
1886 5203 2152 5258 tentavit.

511 5298 792 5353 Prznterea
843 5295 1312 5352 animadvertant
1357 5291 1846 5357 Simoniacorum,
1881 5308 1980 5347 seu
2013 5309 2156 5362 quo-

513 5383 1378 5458 rumlibetjndisciplinatorum
1405 5383 1663 5436 fautores
1683 5386 1739 5435 et
1759 5380 2032 5435 obstinati
2058 5381 2155 5435 de-

513 5475 773 5529 fensores
823 5475 894 5528 ab
943 5471 1273 5544 evangelica
1317 5469 1555 5525 veritate
1607 5469 1749 5538 quid
1799 5469 2002 5523 timere
2061 5469 2158 5523 de-

513 5563 708 5633 beant,
733 5561 782 5617 si
815 5561 1037 5618 Dathan
1067 5565 1124 5618 et
1153 5559 1363 5616 Abiron
1385 5559 1458 5614 ab
1489 5557 1700 5614 umbra
1728 5555 1901 5630 legati
1927 5561 2152 5616 tantam

2267 4690 2466 4746 gemas
2498 4673 2557 4728 in
2582 4673 2916 4730 novissimis
2947 4671 3185 4741 quando
3217 4665 3644 4741 consumpseris
3687 4664 3840 4746 οᾶῐεθε

2268 4740 2326 4816 et
2353 4779 2563 4834 corpus
2595 4767 2784 4829 tuum,
2816 4767 2872 4816 et
2903 4740 3064 4817 dicas
3094 4777 3106 4816 :
3141 4761 3253 4816 Cur
3285 4740 3601 4814 detestatus
3621 4763 3734 4807 sum
3756 4740 3841 4797 dis-

2270 4849 2567 4922 ciplinam,
2618 4853 2672 4904 et
2730 4848 3226 4920 increpationibus
3298 4863 3414 4902 non
3471 4837 3731 4914 acquievit
3773 4839 3844 4924 eo?

2271 4955 2489 5005 meum,
2523 4954 2626 4994 nec
2656 4937 2847 4992 audivi
2878 4952 3076 4992 vocem
3097 4935 3434 4990 docentium
3467 4947 3577 4996 me,
3601 4930 3651 4984 et
3678 4927 3843 5005 ωειδνε-

2271 5027 2377 5083 tris
2410 5044 2524 5082 non
2553 5026 2827 5082 inclinavi
2851 5043 3051 5081 aurem
3083 5040 3273 5080 meam
3295 5024 3479 5093 (Prov.
3514 5037 3550 5086 ι,
3580 5035 3628 5083 v,
3656 5003 3801 5072 xxm)
3822 5022 3839 5051 ¹

2272 5117 2420 5172 Pene
2453 5116 2532 5170 fui
2564 5116 2620 5170 in
2653 5114 2808 5172 omni
2842 5113 2996 5170 malo
3029 5115 3087 5169 in
3120 5111 3308 5169 medio
3352 5108 3614 5166 Ecclesiae
3643 5105 3693 5158 et
3717 5104 3844 5168 εγω·

2268 5221 2451 5277 gogze,
2485 5221 2610 5276 qua}
2641 5220 2708 5259 ex
2737 5202 3056 5276 proverbiis
3086 5201 3299 5258 idcirco
3333 5199 3512 5254 latius
3541 5187 3843 5277 collegium:

2269 5274 2406 5364 quia
2437 5274 2608 5348 bruta
2636 5298 2692 5348 et
2713 5274 2908 5364 segnis
2934 5294 3004 5348 ad
3028 5291 3368 5363 malumque
3396 5301 3576 5362 prona
3595 5274 3842 5364 homines!

2267 5356 2583 5437 multitudo
2597 5356 2920 5436 doctrinam
2934 5380 3192 5434 veritatis
3205 5356 3549 5450 cognoscere
3562 5356 3843 5428 contemﬂilv

2264 5473 2494 5526 tantum
2517 5487 2692 5542 prava
2722 5470 2872 5524 facta
2901 5469 3191 5539 majorum
3219 5465 3302 5521 vel
3345 5471 3622 5520 rectorum
3651 5453 3843 5542 βυοιςιξω

2263 5558 2480 5617 imitari
2513 5533 2744 5634 cupida,
2776 5575 2884 5616 sua
2913 5573 2973 5614 se
2993 5533 3349 5630 ignorantia,
3373 5552 3467 5609 cui
3488 5535 3677 5626 sponte
3692 5533 3846 5613 sub}?
