4086 6180
261 318 415 382 1065

809 307 1221 384 ADVERSUS
1273 319 1746 383 SIMONIACOS
1791 317 1997 382 LIBRI
2042 315 2267 381 TRES.
2302 353 2376 365 .-
2408 315 2640 382 LIBER
2688 321 3120 386 SECUNDUS.

3508 325 3662 386 1066

259 459 371 524 cet,
399 470 677 510 excusare
727 455 1041 521 contendit,
1074 470 1208 509 cum
1257 454 1412 509 dicat
1460 453 1675 508 Paulus
1705 471 1718 508 :
1749 477 1768 501 α
1796 453 1902 517 Qui
1937 455 1987 520 Α
2017 458 2251 525 propter
2281 454 2682 525 pertinaciam,
2706 455 2880 512 etiam
2912 474 3042 512 cum
3068 459 3358 528 jumentis
3386 477 3484 516 eos
3512 461 3666 518 ulce-

255 544 488 618 ignorat
511 543 878 616 ignorabitur
908 544 952 612 (I
981 544 1098 599 Cor.
1133 561 1248 610 xxv,
1281 544 1444 611 38).»
1480 542 1641 597 Unde
1672 541 1908 611 abjiciat

254 651 289 688 a
320 649 382 689 se
412 631 804 705 ignorantiam
838 648 962 704 quae
994 637 1180 688 mater
1210 636 1298 687 est
1327 631 1599 687 vitiorum
1622 630 1906 687 Christia-

250 738 366 778 nus
405 720 680 794 populus,
704 721 891 776 discat
931 721 1064 793 quis
1096 721 1173 776 sit
1202 724 1420 792 pastor,
1444 721 1577 792 quis
1607 735 1905 775 mercena-

245 812 396 877 rius,
420 808 554 882 quis
576 809 669 864 fur
694 815 752 864 et
781 808 959 877 latro;
994 814 1050 866 et
1080 813 1371 881 pastorem
1397 810 1635 881 quidem
1668 809 1905 865 omnino

245 903 535 972 sequatur
553 901 608 954 et
629 898 849 968 audiat,
869 898 1292 954 mercenarium
1317 902 1512 954 autem
1533 897 1904 954 solummodo

245 988 471 1055 audiat,
493 991 551 1042 et
579 987 816 1042 interim
850 988 1117 1056 sufferat;
1151 987 1339 1042 furem
1369 1003 1503 1042 vero
1532 991 1591 1041 et
1615 986 1905 1043 latronem

244 1095 354 1134 nec
377 1076 693 1148 aliquando
715 1075 932 1141 audiat,
956 1092 1062 1131 nec
1083 1075 1342 1143 sufferat,
1368 1075 1504 1147 quia
1526 1092 1641 1130 non
1664 1076 1906 1131 veniunt

246 1167 366 1223 nisi
387 1170 454 1221 ut
474 1167 762 1231 furentur,
782 1169 838 1220 et
858 1169 1116 1220 mactent
1137 1169 1194 1220 et.
1215 1166 1480 1237 perdant.
1506 1166 1570 1220 Et
1591 1165 1705 1220 heu
1727 1165 1906 1239 lacry-

246 1254 546 1312 mabiliter
573 1253 776 1309 vitiata
801 1257 1015 1310 nostra}
1046 1253 1428 1308 humanitatis
1457 1253 1744 1309 conditio!
1779 1271 1902 1326 quae

244 1345 344 1401 vix
373 1359 659 1414 unquam,
691 1341 920 1398 diurnis
952 1342 1430 1398 meditationibus
1460 1346 1518 1397 et
1544 1342 1902 1413 quotidianis

246 1430 798 1506 praemonitionibus
821 1430 1080 1502 fatigata,
1101 1431 1400 1502 cognoscit
1421 1430 1531 1486 sibi
1555 1433 1898 1504 appetenda,

244 1522 336 1578 vel
367 1519 665 1593 fugienda,
699 1535 835 1575 cum
883 1518 1109 1591 reliqua
1139 1519 1336 1575 omnia
1365 1518 1645 1575 animalia
1673 1520 1743 1575 ab
1773 1520 1900 1592 ipso

245 1611 340 1667 sui
372 1609 609 1667 exordio
639 1608 762 1665 solo
794 1608 1077 1663 instinctu
1109 1612 1330 1664 natura:
1361 1612 1638 1680 appetant
1667 1608 1779 1664 sibi
1812 1626 1902 1665 ac-

243 1698 577 1763 commoda,
612 1700 668 1752 et
698 1696 928 1768 fugiant
973 1696 1366 1765 incommoda,
1398 1696 1508 1762 vel,
1539 1701 1606 1751 ut
1642 1701 1902 1753 turtures

2016 543 2180 598 ribus
2209 546 2266 598 et
2293 542 2500 600 vesicis
2530 545 2900 616 turgentibus
2930 547 3272 619 deturpasse
3301 553 3358 604 et
3387 551 3660 607 condem-

2017 648 2205 698 nasse,
2230 649 2301 687 ne
2316 633 2441 704 jam
2466 639 2703 704 possent
2723 639 2874 691 stare
2910 652 3104 692 coram
3137 637 3352 709 Moyse.
3378 639 3551 695 Porro
3573 640 3662 694 di-

2015 719 2203 791 gitum
2236 721 2336 775 Dei
2367 721 2647 793 Spiritum
2676 728 2945 780 sanctum
2978 741 3102 781 esse
3131 726 3256 798 ipse
3286 727 3570 783 Dominus
3599 727 3660 783 in

2015 808 2328 880 Evangelio
2359 810 2597 879 indicat,
2632 811 2830 868 dicens
2865 830 2876 866 :
2909 837 2929 861 α
2969 814 3027 868 Si
3058 814 3116 868 in
3151 815 3330 887 digito
3363 817 3463 872 Dei
3493 818 3661 889 ejicio

2015 897 2301 953 daemonia
2336 899 2483 970 (Luc.
2510 917 2589 964 x1,
2619 903 2730 970 20).
2759 923 2786 950 ››
2810 903 2969 968 Quod
3001 902 3152 959 alius
3183 905 3537 977 evangelista
3565 923 3660 963 ex-

2015 1001 2258 1056 ponens,
2295 986 2446 1042 ait:«
2471 988 2530 1043 Si
2562 989 2619 1042 in
2653 989 2861 1061 spiritu
2900 991 3023 1046 Dei.
3052 1014 3078 1040 »
3103 992 3248 1048 Hinc
3297 994 3662 1065 perpendant

2014 1073 2268 1129 haeretici
2293 1075 2510 1146 quibus
2531 1076 2649 1132 sint
2670 1077 2998 1147 assimilati,
3013 1085 3072 1136 et
3093 1086 3334 1138 caveant
3354 1099 3415 1138 se
3436 1099 3662 1155 suaque

2014 1179 2226 1216 arcana
2255 1168 2375 1230 aut,
2415 1164 2566 1220 sicut
2593 1165 2706 1236 ipsi
2739 1165 2848 1221 sibi
2881 1173 3262 1239 praesumunt,
3295 1175 3663 1227 sacramenta

2014 1251 2338 1306 assimilare
2361 1253 2743 1308 sacramentis
2765 1253 3205 1324 catholicorum,
3221 1259 3437 1329 quibus
3463 1275 3662 1332 coope-

2011 1344 2177 1394 ratur
2196 1339 2414 1412 digitus
2436 1341 2550 1408 Dei,
2567 1357 2671 1396 nec
2693 1359 2796 1412 pro
2819 1360 2927 1397 sua
2945 1343 3330 1400 irrationabili
3345 1347 3663 1417 pertinacia

2013 1446 2047 1484 a
2075 1429 2298 1501 Spiritu
2329 1434 2550 1497 sancto,
2585 1430 2676 1486 cui
2723 1433 3145 1488 contumaciter
3189 1451 3514 1506 repugnare
3543 1452 3659 1491 non

2013 1517 2468 1584 metuunt,velut
2480 1519 2752 1590 jumenta
2768 1519 3189 1577 irrationabilia
3203 1522 3663 1594 irrecuperabili-

2010 1609 2099 1661 ter
2123 1607 2543 1678 percutiantur.
2563 1610 2929 1680 Perpendant
2951 1627 3182 1682 quoque
3206 1611 3504 1668 maleficos
3528 1611 3661 1668 illos

2015 1693 2194 1750 nullis
2217 1695 2341 1751 suis
2361 1695 2825 1752 invocationibus
2845 1701 2902 1752 et
2921 1699 3372 1755 exsecramentis
3397 1699 3662 1771 potuisse

244 1786 507 1859 [milvos]
537 1789 595 1840 et
623 1784 988 1856 bujusmodi,
1030 1785 1149 1840 sive
1194 1783 1518 1855 accipitres,
1550 1785 1901 1856 generisque
1933 1823 1980 1886 B
2013 1783 2240 1839 auferre
2270 1784 2358 1839 vel
2388 1784 2738 1840 imminuere
2770 1787 2964 1842 clades
2998 1803 3238 1841 suorum
3277 1791 3334 1842 et
3363 1804 3523 1856 suas,
3557 1787 3660 1842 sed

242 1892 447 1932 eorum
479 1889 615 1929 aves
644 1873 936 1930 columba.
963 1873 1024 1926 In
1057 1872 1362 1944 superficie
1393 1889 1626 1944 quoque
1658 1875 1901 1945 praefixae

241 1963 503 2020 historia
526 1961 926 2017 indubitanter
948 1965 1310 2016 monstratur
1327 1966 1612 2032 quantum
1636 1962 1907 2018 differant

241 2053 340 2125 qui
374 2054 622 2108 sumunt
642 2050 753 2106 sibi
777 2049 1055 2104 honorem
1081 2050 1152 2104 ab
1174 2049 1268 2105 his
1290 2051 1389 2122 qui
1413 2067 1446 2105 a
1467 2050 1582 2106 Deo
1603 2056 1900 2106 vocantur.

241 2141 385 2196 Core
417 2139 634 2211 quippe
664 2139 908 2210 ejusque
931 2137 1244 2210 complices
1276 2139 1568 2194 offerendo
1599 2139 1904 2196 incensum

247 2236 302 2285 et
325 2244 529 2300 preces
549 2227 796 2282 Domino
823 2226 1043 2281 nemini
1067 2225 1429 2298 profuerunt,
1447 2227 1556 2282 sibi
1583 2232 1776 2283 autem
1805 2245 1907 2301 per

245 2317 451 2372 omnia
479 2315 816 2382 obfuerunt,
846 2315 944 2369 ubi
977 2331 1081 2369 nec
1113 2331 1278 2370 mora
1308 2314 1644 2370 incendium
1679 2333 1904 2373 merue-

242 2409 402 2461 runt.
432 2406 618 2460 Aaron
651 2407 845 2459 autem
879 2402 1038 2458 solus
1061 2403 1353 2459 offerendo
1383 2404 1710 2470 incensum,
1736 2409 1792 2460 et
1820 2423 1907 2461 ro-

240 2494 442 2566 gando
495 2510 599 2566 pro
648 2491 1054 2564 pereuntibus,
1106 2491 1258 2547 inter
1310 2497 1574 2548 mortuos
1633 2498 1690 2549 et
1745 2494 1904 2550 vivos

241 2582 607 2654 stans,quasi
623 2580 859 2653 quidam
884 2579 1356 2652 inexpugnabilis
1373 2585 1430 2636 et
1446 2581 1904 2653 impenetrabilis

241 2688 472 2738 murus,
497 2675 552 2726 et
582 2671 706 2743 ipse
737 2687 770 2724 a
797 2674 958 2724 tanto
1002 2669 1274 2725 incendio
1303 2671 1631 2746 permansit
1661 2671 1898 2742 illaesus,

238 2763 417 2831 atque
440 2759 584 2814 illud
609 2757 813 2814 avertit
833 2775 867 2813 a
887 2757 1550 2829 superstitibus.Taliter
1570 2760 1744 2816 unius
1767 2760 1905 2832 legi-

232 2849 368 2905 timi
395 2847 712 2905 sacerdotis
735 2845 974 2914 oblatio,
997 2851 1053 2902 et
1077 2846 1259 2902 oratio
1277 2846 1739 2920 indignationem
1763 2849 1906 2904 divi-

2013 1872 2206 1943 potius
2225 1878 2720 1946 augmentasse,et
2736 1875 3248 1947 tandem,digitum
3267 1876 3368 1930 Dei
3387 1875 3658 1944 confessi,

2014 1960 2296 2032 incipiant
2327 1961 2439 2018 sibi
2461 1962 2701 2034 suisque
2730 1962 3154 2019 ecclesiasticos
3173 1965 3408 2019 ordines
3428 1962 3664 2019 humili-

2013 2054 2102 2104 ter
2123 2050 2468 2106 declinando
2504 2067 2730 2123 pavere,
2765 2052 2958 2122 potius
2993 2070 3169 2124 quam
3213 2053 3464 2126 superbe
3495 2069 3663 2108 usur-

2015 2139 2207 2210 pando
2238 2139 2539 2195 interitum
2585 2156 2926 2212 propagare.
2960 2142 3120 2206 Quod
3167 2141 3280 2196 nisi
3327 2141 3662 2214 sategerint,

2015 2228 2323 2300 nequiores
2355 2245 2416 2284 se
2435 2229 2643 2284 Jamne
2675 2233 2732 2284 et
2761 2229 3021 2285 Mambre
3046 2229 3247 2301 procul
3277 2230 3456 2284 dubio
3488 2247 3666 2286 nove-

2014 2316 2151 2383 rint,
2171 2334 2303 2372 cum
2337 2317 2432 2371 isti
2463 2316 2711 2389 digitum
2745 2318 2844 2372 Dei
2877 2317 2990 2372 sibi
3022 2319 3313 2374 adversari
3347 2318 3665 2374 sentientes

2013 2405 2316 2470 cesserint,
2349 2406 2662 2477 ipsumque
2691 2406 2935 2477 professi
2967 2405 3199 2473 fuerint,
3232 2406 3365 2462 licet
3393 2406 3662 2478 impceni-

2011 2496 2202 2548 tentes
2232 2493 2461 2549 veniam
2492 2511 2605 2549 non
2634 2495 2973 2550 meruerint.
2999 2495 3113 2565 Ipsi
3133 2512 3264 2551 vero
3287 2494 3432 2550 nihil
3455 2499 3664 2566 praeter

2013 2581 2197 2636 solam
2230 2582 2609 2654 pertinaciam
2632 2582 2962 2650 habuerint,
2984 2587 3145 2638 tanto
3173 2582 3396 2638 scilicet
3417 2582 3660 2654 nequio-

2012 2687 2126 2736 res,
2151 2675 2368 2742 quanto
2400 2671 2483 2725 illi
2516 2672 2574 2726 in
2608 2672 2822 2727 scelere
2853 2671 3126 2737 minores,
3153 2675 3216 2726 ut
3240 2674 3380 2743 puta
3411 2672 3512 2742 qui
3544 2672 3661 2726 fue-

2011 2760 2128 2813 rint
2160 2760 2315 2832 magi
2348 2760 2666 2815 Pharaonis
2697 2760 2961 2816 mortalis
2991 2759 3194 2832 utique
3222 2758 3499 2825 hominis,
3523 2775 3659 2814 cum

2011 2848 2132 2902 sint
2161 2847 2274 2919 ipsi
2303 2847 2412 2902 sub
2444 2847 2678 2903 nomine
2701 2847 2994 2920 religionis
3024 2847 3263 2903 lenones
3292 2846 3516 2919 antiqui
3540 2863 3661 2904 ser-

240 2937 446 2993 nitatis
505 2936 774 3008 placavit,
810 2951 988 3008 quam
1037 2935 1420 2990 ducentorum
1473 2937 1905 3009 quinquaginta
2014 2935 2222 3008 pentis.
2248 2935 2609 3007 Quapropter
2638 2935 2899 3007 exemplo
2931 2935 3092 3004 Cain,
3118 2937 3376 3003 Balaam,
3409 2941 3465 2990 et
3493 2936 3656 3005 Core,

235 3030 734 3098 praesumptorum
768 3022 881 3079 sibi
911 3028 968 3078 et
997 3022 1126 3078 aliis
1156 3025 1504 3096 provocavit.
1535 3026 1698 3091 Quod
1731 3042 1901 3097 opor-
2014 3025 2084 3079 de
2117 3022 2331 3095 quibus
2362 3041 2542 3095 supra
2587 3024 2861 3091 diximus,
2891 3029 2946 3079 et
2992 3041 3299 3097 magorum
3348 3025 3560 3080 horum
3593 3025 3663 3080 de

243 3116 330 3170 tet
364 3114 608 3170 audiant
640 3111 955 3170 Simoniaci
995 3116 1170 3183 atque
1212 3128 1413 3168 eorum
1465 3113 1820 3181 defensores,
1854 3105 1904 3170 si
2015 3113 2231 3184 quibus
2261 3128 2452 3167 sermo
2497 3117 2604 3178 est,
2637 3113 3051 3184 perterrefacti,
3086 3117 3372 3184 quotquot
3419 3113 3665 3184 cupiunt

241 3203 470 3258 habent
499 3218 668 3258 aures
699 3200 995 3268 audiendi,
1028 3201 1386 3272 tandemque
1417 3201 1689 3257 desinant
1718 3203 1904 3273 preci¢
1936 3187 1978 3253 C
2019 3201 2089 3256 de
2121 3199 2417 3255 catholicae
2439 3199 2704 3256 Ecclesize
2736 3217 2875 3272 pace
2896 3201 2952 3255 in
2976 3205 3255 3256 aeternum
3286 3201 3662 3272 gaudere,ca-

241 3290 359 3348 bus
392 3290 518 3348 suis
547 3295 604 3346 et
646 3289 950 3345 sacrificiis
979 3293 1181 3344 contra
1212 3305 1273 3344 se
1305 3295 1361 3345 et
1389 3294 1590 3345 contra
1620 3289 1900 3363 populum
2014 3293 2184 3344 veant
2221 3289 2759 3361 praesumptionem,
2795 3290 3019 3361 fugiant
3049 3290 3377 3359 avaritiam,
3408 3289 3664 3345 devitent

239 3378 805 3452 inexstinguibiliter
833 3378 1148 3435 accendere
1181 3378 1327 3433 iram
1357 3379 1476 3433 Dei.
2016 3378 2416 3450 pertinaciam,
2450 3376 2610 3433 illam
2643 3379 2704 3433 B.
2739 3378 2901 3433 Pauli
2931 3395 3164 3451 semper
3193 3397 3309 3451 pra:
3340 3378 3524 3434 oculis
3554 3378 3662 3433 ha-

908 3466 1138 3522 CAPUT
1179 3466 1245 3523 V.

2018 3468 2219 3522 bentes
2265 3467 2612 3523 sententiam
2640 3485 2651 3522 :
2678 3490 2704 3517 ‹‹
2739 3469 3110 3540 Ουωουηᾳυθ
3147 3468 3366 3540 scripta
3395 3470 3554 3534 sunt,
3589 3465 3664 3522 ad

241 3559 318 3614 De
345 3559 542 3616 Jamne
569 3562 617 3613 et
646 3556 902 3623 Mambre,
936 3555 1132 3626 quibus
1173 3557 1382 3627 pejores
1427 3565 1555 3613 sunt
1588 3558 1907 3617 Simoniaci.
2019 3560 2281 3612 nostram
2312 3556 2637 3612 doctrinam
2671 3556 2887 3628 scripta
2912 3562 3050 3612 sunt
3075 3559 3253 3629 (Rom.
3277 3574 3371 3623 xv,
3395 3557 3468 3628 4).
3496 3579 3523 3605 ››
3555 3556 3659 3610 Et:

312 3649 563 3704 Restant
590 3646 832 3702 Jamnes
864 3648 920 3700 et
951 3644 1214 3700 Mambre
1247 3661 1498 3716 quorum
1532 3648 1908 3720 praesumptio
2019 3666 2047 3694 «
2081 3645 2210 3700 Haec
2242 3645 2439 3700 omnia
2474 3645 2532 3699 in
2564 3644 2752 3717 ﬁgura
2794 3646 3212 3717 contingebant
3260 3644 3398 3700 illis.
3436 3644 3664 3714 Scripta

236 3741 294 3793 et
323 3735 575 3792 avaritia
604 3734 798 3807 palam
829 3737 934 3789 est.
961 3732 1225 3805 Denique
1247 3751 1381 3789 cum
1414 3740 1615 3790 essent
1636 3736 1882 3792 maleﬁci
1894 3764 1909 3789 ›
2019 3738 2159 3790 sunt
2187 3738 2381 3789 autem
2410 3735 2482 3788 ad
2515 3735 2930 3789 correctionem
2953 3737 3236 3803 nostram,
3257 3732 3317 3786 in
3340 3748 3487 3802 quos
3518 3732 3666 3787 fines

233 3825 495 3899 geminae
529 3823 780 3879 avaritia
811 3839 1007 3888 causa,
1037 3823 1483 3894 praesumebant
1512 3824 1678 3897 signa
1709 3825 1912 3880 divini-
2020 3820 2369 3877 saeculorum
2399 3822 2755 3876 devenerunt
2785 3822 2830 3890 (Ι
2857 3823 2979 3878 Cor.
3010 3839 3067 3888 Χ,
3104 3822 3210 3889 11).
3243 3842 3270 3868 ››

233 3913 384 3970 tatis
408 3911 696 3981 aemulari,
719 3911 838 3967 sive
863 3916 926 3966 ut
947 3927 1117 3982 pares
1145 3910 1327 3982 Moysi
1349 3911 1438 3967 vel
1460 3913 1790 3985 superiores
1813 3913 1912 3969 illo
2653 3925 2885 3980 CAPUT
2928 3927 3000 3980 VI
3009 3968 3020 3982 .

234 4000 524 4058 aestimati
557 4017 590 4056 a
618 3999 835 4072 populo
866 3999 1400 4072 magniﬁcarentur,
1425 4005 1526 4055 aut
1554 4006 1706 4056 certe
1738 4006 1802 4056 ut
1832 4018 1906 4058 re.

2025 4016 2123 4074 Ubi
2159 4015 2522 4071 admonentur
2577 4014 2880 4068 Christiani
2934 4017 3110 4070 ritare
3164 4017 3667 4087 supplantationem

2091 4088 2498 4160 hereticorum,
2550 4102 2782 4157 quorum
2840 4087 2982 4141 inibi
3031 4087 3241 4142 malum
3296 4098 3457 4160 atque
3509 4104 3672 4160 paena

238 4091 361 4164 giis
397 4089 570 4145 donis
601 4087 1064 4144 cumularentur.
1084 4088 1339 4151 Quorum
1373 4088 1726 4159 pertinacem
1750 4088 1912 4146 falla-

237 4157 401 4235 ciam
435 4177 596 4232 nuda
624 4177 840 4232 veritas
888 4179 944 4232 et
995 4175 1249 4231 maxima
1301 4176 1563 4247 potentia
1609 4177 1906 4249 signorum

2091 4157 2410 4213 ostenditur.

237 4266 438 4340 Moysi
463 4283 579 4322 non
603 4265 900 4337 repressit,
921 4266 1106 4320 donec
1128 4263 1244 4320 illis
1267 4263 1433 4336 copia
1455 4264 1695 4321 fallendi
1717 4266 1910 4338 palam
2095 4263 2161 4320 Et
2191 4278 2347 4316 nunc
2369 4261 2724 4330 sacerdotes,
2747 4277 2912 4334 reges
2934 4266 3122 4334 terra»,
3141 4267 3199 4318 et
3218 4280 3420 4320 omnes
3446 4263 3669 4336 populi,

236 4355 534 4414 omnibus
581 4354 811 4410 defecit.
845 4353 990 4408 Nam
1025 4353 1164 4425 quia
1196 4353 1280 4408 uti
1333 4353 1556 4408 ratione
1587 4355 1659 4409 ad
1691 4355 1913 4411 discer-
2023 4349 2349 4423 intelligite,
2397 4350 2734 4416 erudimini,
2786 4351 3080 4423 principes
3111 4356 3167 4407 et
3195 4369 3400 4407 omnes
3438 4352 3671 4422 judices

238 4444 520 4503 nendum
552 4444 771 4498 bonum
798 4459 830 4498 a
851 4441 1004 4497 malo
1031 4442 1329 4509 nolebant,
1354 4459 1452 4498 eos
1481 4446 1764 4514 tanquam
1788 4444 1915 4499 infi-
2025 4445 2188 4496 terrae
2206 4458 2218 4507 ;
2235 4439 2480 4510 juvenes
2502 4444 2558 4494 et
2579 4439 3036 4511 virgines,senes
3053 4439 3672 4510 cumjunioribus,ap-

238 4534 414 4592 deles
446 4548 562 4588 non
592 4533 789 4599 verba,
825 4531 924 4587 sed
956 4530 1125 4604 signa
1169 4531 1454 4603 respicere
1497 4532 1912 4601 admonebant,
1947 4551 1992 4615 D
2025 4527 2366 4600 prehendite
2391 4527 2786 4599 disciplinam,
2821 4529 3130 4600 nequando
3160 4528 3448 4583 irascatur
3475 4527 3672 4583 Domi-

236 4628 306 4680 et
336 4621 742 4694 increpabant.
764 4620 1063 4691 Siquidem
1092 4620 1414 4675 admonitio
1438 4620 1615 4676 simul
1647 4625 1704 4676 et
1729 4622 1913 4676 incre-
2027 4633 2139 4672 nus
2155 4615 3674 4688 etpereatisdeviajusta.Diligitejustitiam,recolite

236 4711 412 4785 patio
447 4709 564 4766 illis
594 4709 1000 4774 adhibebatur,
1024 4709 1123 4763 ubi
1156 4726 1190 4764 a
1217 4709 1381 4780 virga
1413 4709 1596 4781 Moysi
1629 4711 1803 4782 virgae
1826 4727 1916 4767 eo-
2025 4705 2157 4776 quis
2190 4705 2411 4761 dederit
2431 4705 2592 4760 vobis
2624 4705 2839 4777 pignus
2870 4704 3142 4776 Spiritus,
3165 4708 3222 4760 et
3251 4704 3429 4760 nolite
3461 4704 3674 4760 contri-

233 4818 389 4858 rum
438 4799 886 4865 devorabantur,
933 4802 990 4853 et
1039 4815 1193 4870 aqua
1240 4798 1298 4853 in
1352 4797 1698 4871 sanguinem
1748 4816 1917 4855 versa
2028 4799 2182 4852 stare
2204 4795 2474 4850 eumdem
2503 4793 2784 4863 Spiritum
2807 4798 3075 4848 sanctum
3099 4794 3219 4865 Dei,
3244 4794 3302 4849 in
3325 4811 3438 4866 quo
3461 4793 3678 4868 signati

232 4895 434 4961 atque
466 4905 620 4943 ranae
668 4887 887 4942 eductae
920 4888 991 4942 ad
1026 4887 1083 4941 id
1115 4887 1269 4958 quod
1321 4887 1551 4942 fuerant
1591 4904 1692 4959 per
1724 4888 1916 4943 solum
2029 4884 2169 4939 estis
2191 4883 2248 4938 in
2273 4883 2363 4938 die
2383 4881 2824 4952 redemptionis.
2853 4885 2987 4937 «An
3014 4884 3250 4939 nescitis
3275 4885 3410 4956 quia
3436 4901 3679 4956 corpora

233 4979 496 5050 Moysen
523 4977 976 5044 revertebantur,
997 4992 1131 5031 cum
1157 4975 1267 5047 ipsi
1291 4975 1537 5030 malefici
1559 4976 1763 5048 plagas
1787 4976 1917 5032 illas
2026 4978 2221 5028 vestra
2238 4971 2524 5043 templum
2548 4975 2686 5025 sunt
2707 4971 2960 5042 Spiritus
2983 4973 3190 5040 sancti,
3206 4990 3379 5046 quem
3402 4973 3630 5029 babetis
3647 4988 3681 5026 a

2029 5062 2165 5128 Deo,
2190 5065 2378 5117 etnon
2403 5060 2544 5116 estis
2564 5059 2776 5114 vestri?
2799 5061 2846 5116 (I
2866 5061 2986 5116 Cor.
3007 5080 3086 5131 VI,
3107 5063 3324 5134 19.)››-
3343 5063 3499 5116 «Vos
3521 5061 3678 5116 enim

2029 5151 2171 5206 estis
2195 5150 2478 5222 templum
2498 5149 2598 5204 Dci
2615 5148 2744 5223 vivi,
2759 5153 2814 5204 et
2835 5150 3087 5221 Spiritus
3108 5157 3347 5206 sanctus
3367 5149 3598 5205 habitat
3618 5147 3677 5201 in

2029 5240 2214 5294 vobis.
2235 5240 2294 5294 Si
2319 5238 2450 5310 quis
2474 5242 2667 5293 autem
2696 5238 2981 5309 templum
3004 5239 3103 5295 Dei
3125 5239 3442 5307 violaverit,
3459 5237 3681 5309 disper-

2031 5329 2129 5383 det
2148 5328 2315 5383 illum
2339 5328 2693 5396 Dcus(ICor.
2715 5345 2800 5392 ιιι,
2824 5329 2906 5396 16,
2931 5327 3502 5399 17).»-—«Templum
3522 5325 3680 5382 enim

2032 5417 2132 5473 Dei
2163 5422 2433 5472 sanctum
2461 5421 2550 5471 est
2580 5417 2736 5487 quod
2765 5417 2905 5472 estis
2934 5435 3056 5474 vos.
3080 5417 3276 5489 Empti
3323 5416 3462 5473 estis
3494 5416 3680 5489 pretio

234 5067 371 5124 sibi
404 5071 463 5122 et
488 5065 620 5121 aliis
650 5069 879 5120 tantum
910 5064 1144 5134 addere,
1178 5081 1291 5119 non
1320 5068 1514 5119 autem
1549 5069 1790 5136 possent
1815 5083 1917 5120 au-

231 5157 431 5213 ferre.
460 5154 569 5220 Qui
604 5171 735 5209 cum
770 5158 970 5225 postea
1009 5152 1185 5209 etiam
1230 5153 1416 5224 ipsam
1461 5152 1698 5208 fallendi
1730 5158 1787 5208 et
1818 5169 1919 5208 no-

229 5242 426 5301 cendi
455 5241 905 5314 possibilitatem
929 5244 986 5298 in
1006 5241 1178 5297 tertia
1199 5240 1368 5313 plaga
1389 5241 1748 5310 amisissent,
1770 5241 1922 5296 dixe-

230 5335 404 5393 runt
436 5349 448 5385 :
484 5353 505 5380 α
541 5329 770 5403 Digitus
802 5330 900 5385 Dei
950 5335 1039 5385 est
1068 5330 1162 5384 hic
1193 5331 1386 5400 (Exod.
1419 5347 1540 5396 vni,
1575 5330 1682 5400 19).
1710 5353 1737 5378 »
1760 5330 1922 5385 Unde

232 5425 500 5482 constat
517 5419 798 5492 Spiritum
818 5427 1105 5486 sanctum,
1121 5421 1288 5491 cujus
1307 5418 1629 5493 operationi
1652 5419 1710 5474 in
1733 5419 1924 5492 Moyse

232 5510 642 5578 resistebant,
667 5526 867 5566 eorum
890 5508 1187 5582 praestigia
1207 5512 1347 5564 tunc
1368 5507 1722 5578 exinanisse,
1745 5512 1802 5564 et
1821 5525 1924 5582 po-
2033 5523 2248 5579 magno
2281 5506 2327 5579 (Ι
2356 5506 2475 5562 Cor.
2509 5524 2584 5575 vr,
2619 5509 2731 5577 20).
2759 5530 2786 5558 »
2826 5506 3012 5564 Nolite
3050 5525 3152 5564 vos
3199 5507 3390 5565 denuo
3436 5508 3682 5566 vendere

232 5605 392 5664 stes
413 5598 475 5660 in
499 5599 670 5661 tertia
691 5597 1076 5655 nihilominus
1093 5596 1284 5673 plaga,
1310 5614 1434 5675 quae
1449 5599 1578 5674 jam
1598 5602 1760 5658 sexta
1779 5602 1924 5670 erat,
2034 5595 2265 5658 diabolo
2287 5597 2609 5674 quadrante
2631 5597 2894 5672 minimo,
2915 5614 3090 5676 quem
3112 5598 3294 5659 donec
3315 5596 3682 5671 reddatis,de

598 5727 866 5815 Panem,
911 5724 1173 5796 CXLIII.
2205 5824 2208 5828 '
3285 5727 3366 5810 ag
