4086 6180
388 218 394 224 “
427 266 579 331 1067

1441 263 1924 332 HUMBERTUS
1971 264 2035 327 S.
2083 262 2154 326 Il.
2203 260 2274 325 Ε.
2322 256 2812 326 CARDlNALlS.

3667 261 3816 328 {068

426 417 654 458 carcere
677 400 922 458 districti
944 400 1169 459 Judicis
1191 400 1407 457 exitum
1432 401 1649 455 frustra
1673 400 1939 471 speratis.
1960 400 2068 455 No-
2099 401 2151 465 Α
2184 398 2348 453 rimis
2372 397 2704 453 mortalium
2727 399 2981 454 venditio
3015 412 3453 455 suarumrerum
3474 398 3570 454 vix
3598 415 3715 454 non
3735 384 3830 455 in-A

420 489 521 546 lite
548 491 733 547 facere
754 492 996 548 domum
1019 490 1118 546 Dei
1151 489 1339 545 Patris
1360 490 1598 544 domum
1634 488 2065 560 negotiationis,

423 597 611 653 neque
630 582 866 636 domum
884 580 1161 637 orationis
1176 580 1512 650 speluncam
1533 578 2071 633 latronumﬁcutite

422 670 494 725 de
513 669 762 726 Domino
793 670 853 725 in
875 669 1153 737 bonitate,
1179 666 1513 740 praesumite
1540 667 1610 721 de
1632 666 1732 721 illo
1755 667 1822 721 ad
1853 667 2069 721 bonum

421 757 696 832 incipere,
714 759 900 815 facere
930 762 986 813 et
1015 756 1383 829 perficere,et
1407 756 1464 810 in
1488 754 1858 827 simplicitate
1881 755 2071 811 cordis

422 847 666 919 qnaarite
695 846 889 915 illum,
912 864 1028 903 non
1062 850 1259 902 autem
1289 845 1347 900 in
1372 844 1570 916 aliqua
1591 843 1949 916 (inplicitatc,
1975 861 2072 899 ne-

423 951 537 1008 que
558 936 803 1008 potestis
821 935 936 991 Deo
954 935 1192 1001 servire,
1207 934 1290 990 vel
1312 933 1687 999 adhaerere,et
1703 950 2070 988 mammonae.

422 1025 687 1096 Denique
717 1025 857 1097 quia
887 1023 1013 1096 ipse
1037 1023 1290 1096 Spiritus
1321 1028 1560 1080 sanctus
1590 1021 1936 1093 simplicitas
1966 1028 2073 1088 est,

425 1116 483 1169 et
503 1112 802 1185 simplices
827 1113 981 1181 facit,
1004 1112 1417 1182 simplicesque
1438 1116 1503 1165 ut
1523 1112 1593 1165 ab
1618 1111 1761 1181 ipsis
1784 1116 2079 1181 qureratur

423 1204 651 1275 quaerit,
686 1217 940 1274 congrue
973 1201 1027 1255 in
1064 1199 1504 1271 simplicissima
1527 1199 1718 1253 avium
1747 1216 1922 1273 super
1944 1200 2079 1254 sim-

421 1291 815 1364 plicissimum
850 1289 1162 1344 Dominum
1196 1288 1399 1342 Jesum
1433 1288 1706 1359 apparuit.
1735 1293 1790 1343 et
1822 1289 2076 1344 mansit:

422 1396 550 1451 qua:
601 1377 974 1449 simplicibus
1018 1376 1284 1449 frugibus
1333 1380 1629 1441 contenta,
1663 1376 1808 1431 nulli
1864 1378 2078 1450 rapina:

420 1467 629 1533 inhiat,
645 1465 783 1536 quin
806 1465 998 1537 potius
1020 1463 1250 1519 fallaces
1269 1464 1497 1532 milvos,
1516 1469 1573 1520 et
1592 1466 1926 1535 hujusmo'li
1955 1482 2080 1539 rap‘

419 1558 576 1611 tores
599 1554 776 1626 [aves]
799 1557 968 1609 caute
992 1552 1226 1608 devitat.
1249 1577 1274 1602 ‹‹
1296 1552 1655 1625 Simplicitas
1677 1558 1868 1610 autem
1886 1555 2077 1625 justo-

421 1660 551 1699 rum
579 1642 789 1714 diriget
815 1658 934 1711 eos,
960 1647 1016 1697 et
1042 1641 1439 1713 supplantatio
1462 1658 1863 1713 perversorum
1887 1649 2077 1699 vasta-

2179 488 2306 559 figit
2330 491 2653 559 peccatum,
2675 489 2827 558 quod
2851 488 3151 560 Scriptura
3173 486 3382 543 asserit
3399 487 3551 543 inter
3569 488 3829 543 venden-

2180 582 2295 631 tem
2320 580 2374 630 et
2391 580 2676 630 ementem
2700 575 2794 647 figi
2822 582 2877 631 et
2899 577 3293 648 coangustiari
3314 576 3469 632 velut
3489 576 3660 648 palus
3682 577 3833 631 inter

2181 665 2405 720 medias
2447 664 2760 735 juncturas
2807 663 3183 735 lapidum.Et
3214 668 3501 737 quantum
3551 669 3833 738 putamus

2182 753 2400 809 crimen
2433 752 2761 821 incurrunt,
2778 753 2877 824 qui
2902 752 3102 809 illicita
3122 757 3179 808 et
3208 754 3482 825 pestifera
3499 753 3837 810 venditione

2183 842 2431 898 alienam
2469 858 2611 906 rem,
2636 841 3065 897 contradicente
3090 858 3157 897 eo
3182 843 3353 914 cujus
3377 847 3484 909 est,
3507 843 3837 900 distrahere

2185 930 2585 1003 praesumunt?
2618 930 2790 985 Plane
2818 929 3054 986 violenti
3078 935 3135 986 et
3164 935 3428 1003 raptores
3450 936 3588 987 sunt
3612 932 3687 988 de
3707 933 3836 1004 qui-

2184 1020 2295 1074 bus
2342 1017 2653 1090 Apostolus
2688 1036 2755 1074 τι(
2789 1018 2985 1091 Neque
3033 1023 3313 1091 raptores,
3341 1019 3553 1092 inquit,
3586 1036 3835 1093 regnum

2186 1108 2283 1163 Dei
2309 1108 2691 1179 possidebunt
2709 1109 2757 1177 (I
2776 1107 2989 1176 Cor.v1,
3008 1108 3150 1179 10).»
3170 1109 3229 1163 In
3252 1108 3489 1181 quibus,
3510 1109 3557 1165 si
3581 1111 3837 1182 possint,

2181 1198 2338 1268 justo
2357 1196 2733 1252 considerent
2754 1202 3030 1269 quantam
3055 1196 3316 1269 rapinam
3347 1200 3837 1271 praesumant,qui

2187 1287 2258 1341 de
2280 1287 2405 1358 ipso
2433 1288 2541 1341 Deo
2563 1289 2618 1340 et
2640 1286 2903 1341 omnium
2930 1302 3125 1341 rerum
3147 1286 3467 1342 visibilium
3491 1294 3549 1343 et
3569 1288 3837 1344 invisibi-

2186 1375 2332 1430 lium
2366 1375 2608 1430 Domino
2651 1374 2898 1430 nefande
2938 1374 3214 1447 negotiari
3250 1376 3543 1443 affectant,
3568 1378 3672 1433 ubi
3704 1394 3838 1451 gra-

2188 1464 2330 1519 tiam
2362 1463 2510 1534 ejus,
2545 1479 2723 1534 quam
2776 1462 2961 1535 gratis
2990 1467 3288 1535 acceptam
3322 1481 3355 1520 a
3386 1481 3450 1520 se
3478 1466 3667 1538 gratis
3712 1467 3838 1523 dari

2188 1551 2478 1624 praecipit:
2503 1552 2749 1607 vendere
2770 1557 2827 1607 et
2848 1567 3039 1607 emere
3060 1553 3127 1607 ad
3156 1552 3475 1608 multarum
3503 1555 3837 1611 animarum
3926 1572 3933 1575 '

2188 1639 2571 1713 perditionem
2605 1656 2717 1694 non
2751 1639 3269 1696 dubitant.Verum
3292 1642 3353 1696 in
3374 1641 3484 1697 hoc
3506 1661 3623 1699 non
3647 1643 3841 1701 solum

420 1733 506 1789 bit
535 1731 667 1787 illos
689 1732 870 1802 (Prov.
894 1748 973 1798 x1,
997 1730 1072 1801 3).
1103 1752 1129 1778 ››
1156 1731 1477 1801 Undcjusti
1503 1746 1569 1785 ex
1594 1732 1703 1786 fide
1726 1732 1981 1787 viventes
2004 1733 2079 1789 si-
2115 1769 2157 1832 B
2188 1734 2444 1801 raptores
2478 1732 2533 1783 et
2582 1729 2874 1800 sacrilegi,
2896 1727 3114 1831 .verum'
3138 1735 3196 1785 et
3234 1730 3562 1797 homicidae,
3599 1734 3838 1806 perjuri,

419 1836 486 1878 ve
510 1837 612 1893 pro
630 1820 818 1874 officio
842 1835 947 1875 suo
967 1835 1177 1874 manus
1201 1818 1372 1873 alicui
1393 1819 1736 1890 simpliciter
1756 1821 2079 1892 imponant,

421 1911 543 1967 sive
574 1908 732 1964 aliud
766 1908 904 1979 quid
939 1907 997 1961 in
1037 1907 1272 1962 nomine
1297 1906 1526 1963 Domini
1561 1913 1756 1981 agant,
1780 1911 1976 1964 omnia
1997 1911 2081 1965 eis

422 1994 813 2072 cooperantur
862 1997 918 2051 in
979 1998 1219 2052 bonum.
1255 1997 1593 2052 Econtrario
1644 2000 1898 2070 perversi
1949 2001 2086 2072 quia

422 2086 885 2162 supplantationi
908 2091 1124 2140 mutua:
1156 2085 1575 2141 insatiabiliter
1606 2086 1852 2153 inhiant,
1878 2105 2084 2159 pecca-

419 2183 547 2234 tum
571 2180 657 2231 est
680 2175 966 2247 quidquid
994 2174 1263 2244 actitant,
1290 2176 1566 2245 quoniam
1596 2176 1720 2230 sine
1743 2176 1854 2230 fide
1876 2181 2082 2232 exstat.

420 2267 565 2322 Nam
600 2264 697 2319 ubi
723 2262 1122 2334 supplantatio
1145 2267 1251 2329 cst,
1272 2263 1430 2317 fraus
1454 2279 1687 2334 quoque
1711 2265 1932 2320 est.Ubi
1954 2282 2086 2321 vero

421 2354 607 2420 fraus,
630 2349 710 2404 ibi
742 2353 798 2404 et
826 2348 1143 2404 infidelitas
1175 2354 1352 2421 atque
1392 2350 1742 2419 maledictio,
1772 2353 1925 2407 sicut
1953 2371 2082 2424 pro-

419 2440 597 2513 pheta
613 2438 921 2493 denuntiat
949 2453 997 2491 :«
1021 2437 1363 2493 Maledictus
1400 2440 1501 2509 qui
1525 2440 1662 2494 facit
1685 2457 1830 2512 opus
1853 2437 2083 2496 Domini

421 2527 831 2584 fraudulenter
851 2525 980 2598 (Jer.
1004 2542 1197 2594 XLVIII,
1219 2527 1327 2597 10).
1354 2548 1381 2576 ››
1407 2528 1606 2599 Itaque
1638 2529 1976 2585 attendatur
1995 2530 2082 2585 in-

420 2615 512 2674 ter
533 2617 680 2674 alias
700 2614 803 2670 illa
826 2614 1300 2671 Simoniacorum
1330 2615 1746 2689 supplantatio,
1773 2634 1887 2689 qua
1920 2636 1980 2673 se
2006 2620 2087 2674 in-

419 2707 606 2762 vicem
651 2703 1043 2776 supplantant
1084 2704 1385 2759 vendendo
1417 2709 1470 2760 et
1500 2705 1765 2761 emendo.
1802 2708 2084 2779 Equidem

422 2799 653 2867 emptor
674 2792 926 2866 pretium
948 2792 1142 2848 dando
1175 2793 1513 2865 supplantat
1530 2795 1906 2864 venditorem,
1939 2797 2079 2852 dum

425 2883 594 2939 illum
629 2883 818 2956 gratia
859 2881 961 2937 Dei
1002 2882 1234 2937 fraudat
1264 2899 1335 2936 ne
1366 2898 1493 2937 eam
1539 2883 1751 2939 habeat
1795 2885 2079 2952 venditor,

427 2976 530 3028 aut
556 2972 807 3044 pretium
835 2970 1169 3042 accipiendo
1194 2969 1580 3027 nihilominus
1603 2973 1942 3045 supplantat
1960 2992 2081 3030 em-

424 3060 826 3133 ptorem,dum
850 3058 1019 3114 illum
1053 3059 1240 3132 gratia
1270 3059 1369 3114 Dei
1394 3060 1643 3126 fraudat,
1672 3078 1743 3117 ne
1771 3079 1898 3118 eam
1931 3062 2081 3119 acci-

2191 1821 2464 1889 apostatae
2497 1821 2671 1889 atque
2711 1816 2989 1884 haeretici,
3022 1835 3270 1890 quorum
3303 1820 3478 1890 justa:
3508 1819 3719 1876 ultioni
3752 1822 3842 1877 vix

2190 1905 2487 1961 sufﬁciant
2510 1905 2668 1960 varia
2689 1909 2743 1960 et
2765 1905 3216 1961 innumerabilia
3239 1911 3526 1964 tormenta
3547 1908 3840 1966 inferioris

2189 1994 2399 2049 inferni
2436 2012 2448 2049 :
2484 1995 2581 2066 qui
2631 2010 2737 2049 nec
2788 1995 3043 2067 praefatis
3089 1995 3409 2051 sceleribus
3454 1998 3725 2067 contenti,
3758 2000 3837 2053 ad

2192 2082 2495 2138 cumulum
2538 2083 2908 2154 sempiternae
2955 2084 3351 2140 damnationis
3400 2102 3515 2141 suae
3558 2086 3845 2159 blasphe-

2192 2176 2354 2226 mant
2376 2171 2655 2242 Spiritum
2690 2176 2982 2238 sanctum,
3006 2188 3179 2243 quem
3205 2191 3312 2228 suo
3342 2173 3645 2246 sacrilegio
3675 2180 3734 2230 et
3754 2193 3845 2231 ra-

2192 2259 2339 2331 pina:
2364 2260 2701 2331 czeterisque
2727 2260 3006 2331 nequitiis
3033 2261 3092 2315 in
3120 2265 3345 2317 tantum
3373 2264 3674 2334 cooperari
3698 2281 3846 2337 pra:-

2194 2348 2391 2404 dicant
2420 2353 2476 2402 et
2505 2348 2767 2417 credunt,
2793 2354 2859 2402 ut
2887 2349 2958 2403 ad
2982 2353 3181 2404 votum
3212 2349 3446 2405 illorum
3480 2352 3850 2409 sacrificetur

2192 2441 2248 2491 et
2300 2436 2677 2492 benedicatur
2723 2436 3010 2509 quidquid
3043 2438 3153 2510 ipsi
3185 2437 3395 2510 leprosi
3446 2444 3505 2495 et
3553 2440 3851 2498 maledicti

2193 2542 2289 2580 ore
2322 2542 2619 2596 manuque
2655 2525 3020 2599 contingunt.

2820 2633 3052 2688 CAPUT
3092 2633 3213 2689 VII.

2281 2722 2353 2776 De
2383 2720 2736 2777 damnatione
2764 2720 2884 2791 ﬁcte
2913 2724 3281 2793 qwrrentz'um
3312 2724 3629 2790 Dominum,
3662 2728 3771 2783 sub

2492 2850 2495 2853 _
2571 2794 2818 2864 exemplo
2852 2793 3088 2850 Ananiae
3110 2797 3159 2850 et
3192 2794 3461 2866 Saphiraa.

2263 2879 2447 2952 Igitur
2492 2885 2778 2953 quotquot
2808 2882 2949 2937 estis
2993 2882 3096 2937 ﬁlii
3148 2882 3268 2949 Dei,
3303 2884 3441 2955 quia
3470 2884 3697 2957 Spiritu
3750 2887 3851 2943 Dei

2190 2968 2453 3041 agimini,
2485 2968 2541 3024 in
2578 2969 2959 3042 simplicitate
2989 2972 3181 3026 cordis
3214 2973 3456 3043 quaerite
3487 2973 3685 3045 ipsum
3721 2976 3852 3048 Spi-

2190 3057 2367 3112 ritum
2400 3057 2521 3126 Dei,
2557 3059 2833 3130 quoniam
2868 3059 3158 3115 invenitur
3197 3061 3269 3116 ab
3301 3060 3391 3116 bis
3425 3062 3526 3133 qui
3572 3080 3692 3119 non
3725 3069 3849 3119 ten-

424 3150 698 3222 piat.Qua
716 3147 1191 3221 supplantatione
1209 3148 1347 3219 quia
1364 3148 1937 3221 utriqueinvicemse
1954 3169 2086 3225 gra-
2117 3134 2160 3200 (ἶ
2197 3150 2324 3201 tant
2368 3145 2556 3201 illum.
2589 3147 2843 3219 Simplex
2879 3152 2968 3203 est
3005 3148 3182 3217 enim,
3219 3149 3337 3204 imo
3383 3149 3515 3222 ipsa
3565 3151 3850 3225 simplici-

429 3239 512 3295 tia
544 3238 646 3293 Dei
679 3238 975 3302 fraudant,
1012 3235 1322 3308 elongatur
1366 3238 1439 3292 ab
1479 3238 1563 3292 eis
1604 3239 1950 3308 benedictio,
1976 3257 2091 3313 qua

427 3326 807 3398 postmodum
832 3340 1031 3378 secum
1062 3323 1207 3378 alios
1237 3325 1536 3379 damnent.
1560 3328 1949 3399 Quoscunque
1971 3330 2089 3385 sive

427 3413 632 3486 gratis,
652 3413 774 3467 sive
795 3428 910 3466 non
933 3412 1116 3482 gratis
1139 3413 1499 3467 contaminat
1522 3430 1732 3470 manus
1754 3432 1952 3471 eorum
1977 3417 2088 3471 im-

426 3500 670 3574 positio;
694 3516 759 3556 ac
791 3515 894 3571 per
922 3499 1033 3553 hoc
1058 3499 1120 3552 fit
1148 3503 1213 3553 ut
1257 3500 1654 3571 supplantatio
1685 3519 2090 3574 pervcrsorum

422 3593 611 3646 vastet
633 3588 785 3657 illos,
812 3604 916 3644 nec
942 3587 1086 3642 relin
1102 3592 1247 3660 quat
1267 3588 1351 3643 eis
1375 3588 1624 3644 radicem
1646 3595 1700 3644 et
1716 3607 1952 3661 germen
1975 3593 2090 3664 spi-

423 3678 655 3737 ritualis
670 3678 890 3752 gratiae.
910 3678 1054 3732 Nam
1077 3693 1252 3749 quam
1274 3677 1430 3749 peric
1446 3677 1678 3732 ulosum
1698 3678 1774 3733 sit
1791 3680 1965 3735 etiam
1989 3681 2089 3736 lai-

421 3770 506 3826 cis
528 3786 596 3825 ex
621 3765 999 3824 saecularibus
1023 3766 1198 3821 rebus
1224 3783 1258 3820 n
1278 3765 1556 3839 egotium,
1574 3766 1863 3838 Sapientis
1889 3786 2086 3826 mons-

417 3863 536 3915 trat
556 3858 665 3912 hoc
687 3855 1057 3929 proverbium
1085 3871 1137 3910 :«
1161 3855 1297 3910 Dum
1322 3855 1548 3927 species
1571 3855 1836 3912 difficiles
1857 3861 1913 3913 et
1935 3858 2089 3930 peri-

421 3947 632 4003 culosae
650 3945 791 4000 mihi
812 3949 1240 4017 apparuerunt:
1260 3944 1324 4000 Di
1337 3943 1506 4000 fficile
1523 3945 1760 4000 exuitur
1780 3948 2084 4019 negotians

422 4033 919 4107 anegligentia,et
940 4051 1054 4088 non
1076 4034 1505 4103 justiﬁcabitur
1556 4050 1740 4106 caupo
1772 4052 1804 4090 a
1835 4038 2086 4107 peccatis

419 4122 736 4179 labiorum.
755 4122 996 4192 Propter
1016 4121 1274 4193 inopiam
1299 4122 1465 4177 multi
1494 4123 1960 4195 deliquerunt,et
1982 4127 2081 4197 qui

423 4210 633 4286 quaerit
655 4208 1016 4283 locupletari,
1034 4211 1239 4265 avertit
1256 4209 1490 4265 oculum
1511 4213 1871 4279 suum,sicut
1888 4214 1947 4268 in
1967 4232 2084 4270 me-

423 4303 519 4358 dio
550 4297 913 4372 compaginis
942 4297 1205 4370 lapidum
1250 4298 1418 4370 palus
1461 4300 1679 4373 figitur.
1719 4302 1812 4357 Sic
1846 4307 1902 4357 et
1934 4303 2083 4360 inter

422 4391 681 4447 medium
706 4388 1075 4452 venditionis,
1094 4392 1150 4441 et
1183 4388 1496 4459 emptionis
1522 4391 1931 4461 angustabilur
1952 4409 2079 4463 pec-

2196 3240 2310 3303 tas,
2343 3235 2433 3290 cui
2469 3252 2570 3308 per
2598 3236 2794 3291 omnia
2825 3235 3196 3293 exsecrabilis
3228 3241 3316 3292 est
3346 3238 3765 3297 simulatorum
3796 3246 3853 3297 et

2198 3324 2520 3380 calidorum
2570 3324 2901 3396 duplicitas,
2929 3327 3104 3396 juxta
3148 3328 3304 3398 quod
3362 3329 3654 3400 scriptum
3712 3334 3798 3387 est
3827 3349 3849 3384 :

2201 3434 2227 3462 ‹‹
2259 3412 2642 3468 Simulatores
2684 3417 2741 3468 et
2787 3413 2982 3468 callidi
3014 3421 3330 3486 provocant
3375 3416 3525 3471 iram
3574 3418 3679 3474 Dei
3710 3419 3846 3491 (Job.

2197 3519 2387 3566 xxxvr,
2422 3502 2529 3569 13).
2557 3522 2584 3549 »
2617 3500 2961 3573 Ubicunque
2992 3507 3184 3558 autem
3237 3503 3539 3560 simulatio
3568 3505 3657 3560 vel
3688 3505 3850 3561 calli-

2197 3591 2373 3655 ditas,
2423 3590 2503 3643 ibi
2551 3606 2784 3662 quoque
2835 3590 3026 3657 fraus;
3060 3595 3117 3646 et
3169 3592 3505 3665 ubicunque
3551 3593 3726 3660 fraus,
3761 3594 3849 3649 Ibi

2196 3694 2429 3749 quoque
2470 3682 2730 3733 tentatur
2758 3678 3033 3734 divinitas
3071 3697 3082 3735 :
3114 3697 3230 3752 qua
3276 3681 3481 3753 utique
3528 3682 3845 3739 tentatione

2194 3765 2282 3820 ira
2311 3765 2410 3821 Dei
2453 3771 2815 3838 provocatur,
2845 3767 2998 3823 sicut
3046 3768 3105 3823 in
3155 3770 3552 3841 apostolorum
3600 3772 3843 3828 Actibus

2193 3855 2370 3910 verbo
2400 3858 2456 3910 et
2483 3854 2631 3911 facto
2676 3855 2961 3928 principis
3008 3857 3405 3928 apostolorum
3458 3864 3841 3929 monstratur,

2196 3943 2295 3998 ubi
2328 3944 2413 3999 sic
2446 3942 2657 4017 legitur
2690 3962 2753 4000 :«
2788 3944 2891 3999 Vir
2920 3950 3115 4000 autem
3148 3946 3387 4018 quidam
3421 3949 3659 4004 nomine
3691 3954 3840 4004 Ana-

2194 4031 2341 4100 nias,
2375 4050 2507 4087 cum
2539 4033 2786 4106 Saphira
2830 4050 3006 4089 uxore
3056 4051 3184 4101 sua,
3216 4036 3479 4092 vendidit
3526 4054 3751 4111 agrum,
3780 4041 3843 4093 et

2192 4121 2481 4176 fraudavit
2511 4122 2581 4177 de
2610 4123 2793 4193 pretio
2825 4122 2973 4194 agri,
3005 4124 3239 4179 conscia
3270 4141 3447 4181 uxore
3477 4142 3611 4193 sua,
3634 4132 3687 4183 et
3706 4126 3839 4182 atie-

2192 4227 2326 4265 rcns
2342 4216 2565 4281 partem
2586 4211 2901 4282 quamdam
2921 4213 2993 4267 ad
3011 4212 3186 4284 pedes
3201 4212 3605 4284 apostolorum
3628 4214 3833 4289 posuit.

2190 4299 2395 4354 Petrus
2425 4303 2618 4354 autem
2668 4300 2813 4354 dixit
2861 4300 2930 4355 ad
2969 4318 3103 4356 eum
3129 4319 3142 4357 :
3168 4302 3415 4370 Anania,
3447 4321 3556 4359 cur
3602 4302 3836 4361 tentavit

2191 4387 2436 4442 Satanas
2482 4404 2582 4443 cor
2627 4392 2796 4443 tuum
2828 4389 3061 4443 mentiri
3122 4393 3177 4445 te
3227 4390 3471 4463 Spiritui
3529 4397 3746 4461 sancto,
3773 4397 3833 4447 et

421 4485 614 4537 catum
636 4478 1643 4552 (Ecclz'.xxv1.28;xxvu.t,2).»Quod
1670 4478 1853 4534 sitam
1878 4480 2080 4535 ditﬁci-
2112 4501 2156 4565 Β
2190 4476 2459 4565 fraudare
2491 4476 2560 4531 de
2591 4477 2774 4547 pretio
2806 4476 2974 4549 agri?
3002 4478 3204 4534 Nonne
3237 4495 3482 4537 manens
3505 4481 3612 4537 tibi
3643 4496 3834 4537 mane-

421 4569 496 4626 lis
517 4574 573 4625 et
595 4566 920 4641 periculosa
943 4571 1031 4622 est
1050 4566 1305 4620 venditio
1328 4570 1382 4621 et
1404 4566 1619 4637 emptio
1652 4567 1816 4623 laicis
1840 4568 1893 4623 in
1919 4585 2075 4624 com-

421 4658 700 4713 munibus
718 4660 776 4711 et
793 4655 1032 4727 privatis
1050 4671 1249 4710 eorum
1272 4655 1352 4709 uti
1367 4653 1785 4728 |itatibus,quis
1804 4672 2075 4714 enarrare

419 4750 609 4819 potest
631 4762 808 4817 quam
832 4744 1090 4798 difficilis
1112 4747 1169 4798 et
1202 4742 1527 4815 periculosa
1558 4743 1635 4798 sit
1654 4744 1878 4800 clericis
1900 4746 1957 4800 in
1980 4763 2070 4801 ec-

419 4832 759 4889 clesiasticis
809 4831 1319 4887 ordinationibus?
1352 4832 1419 4885 Et
1448 4837 1599 4888 certe
1646 4833 1747 4887 tibi
1795 4834 1954 4889 licita
1984 4840 2073 4890 est

416 4921 674 4979 venditio
715 4921 791 4975 rei
833 4924 965 4987 tum,
991 4921 1130 4992 quia
1165 4921 1488 4976 secunium
1513 4922 1574 4976 B.
1599 4923 1908 4995 Augustini
1949 4924 2068 4978 dic-

2188 4564 2313 4631 bat;
2351 4570 2408 4620 et
2436 4566 2837 4621 venundatum
2870 4565 2927 4620 in
2975 4569 3076 4621 tua
3124 4572 3247 4622 erat
3296 4571 3628 4640 potestate?
3655 4571 3828 4635 Quare

2184 4652 2431 4725 posuisti
2464 4654 2523 4708 in
2555 4654 2724 4709 corde
2764 4658 2862 4709 tuo
2893 4654 3043 4710 hanc
3075 4656 3243 4711 rem?
3271 4657 3395 4711 Non
3445 4674 3510 4715 es
3560 4659 3830 4715 mentitus

2182 4741 2543 4809 hominibus,
2586 4743 2686 4797 sed
2737 4743 2845 4798 Deo
2898 4744 3155 4801 Audiens
3200 4749 3394 4801 autem
3424 4748 3688 4804 Ananiae
3716 4748 3828 4804 hac

2178 4833 2371 4899 verba,
2418 4831 2626 4887 cecidit
2674 4835 2731 4887 et
2774 4832 3107 4905 exspiravit.
3144 4834 3210 4889 Et
3268 4835 3459 4892 factus
3515 4843 3607 4894 est
3662 4840 3828 4894 timor

2180 4937 2431 4994 magnus
2461 4919 2519 4974 in
2552 4937 2756 4976 omnes
2789 4922 2887 4992 qui
2920 4922 3253 4979 audierunt.
3286 4924 3609 4997 Surgentes
3645 4932 3829 4983 autem

416 5009 915 5079 tum,nonillicite
934 5010 1267 5065 venduntur
1288 5010 1590 5081 quazlicite
1611 5012 2066 5068 cmuntur.Nam
2169 5011 2416 5081 juvenes
2448 5014 2791 5064 amoverunt
2822 5026 2978 5077 eum,
3006 5017 3062 5067 et
3099 5012 3405 5069 efferentes
3451 5017 3828 5088 sepelierunt.

417 5101 543 5175 ipse
565 5100 851 5157 Dominus
873 5099 1221 5154 adolescenti
1244 5099 1475 5154 cuidam
1507 5118 1557 5155 ζα
1578 5100 1756 5167 Vade,
1780 5100 1988 5172 inquit,
2014 5106 2070 5156 et

416 5192 600 5248 vende
630 5189 828 5246 omnia
859 5205 983 5260 qua).
1017 5188 1195 5243 habes
1227 5188 1433 5260 (.lfa-uh.
1468 5206 1580 5254 xix,
1611 5188 1733 5259 21);
1771 5211 1797 5237 ››
1821 5194 1877 5243 et
1906 5189 2064 5257 alibi,

416 5278 545 5352 ipso
567 5279 791 5334 dicente
811 5277 975 5332 Judre
999 5276 1276 5349 proditori
1304 5293 1357 5331 ;‹‹
1383 5278 1542 5342 Quod
1599 5277 1761 5343 facis,
1790 5278 1874 5331 fac
1896 5279 2067 5335 citius

419 5369 596 5440 (Joan.
626 5384 749 5434 xm,
770 5369 925 5433 27),»
952 5365 1192 5438 quidam
1243 5366 1667 5437 discipulorum
1720 5371 2069 5438 putaverunt

419 5472 554 5514 eum
586 5456 753 5512 solito
776 5456 991 5511 dixisse
1018 5473 1030 5511 :
1056 5456 1193 5510 Eme
1224 5454 1393 5510 nobis
1415 5471 1481 5509 ea
1506 5471 1632 5527 qua:
1656 5472 1804 5528 opus
1835 5461 1973 5512 sunt
1993 5457 2065 5513 ad

2178 5100 2416 5155 Factum
2450 5103 2539 5153 est
2559 5103 2753 5153 autem
2779 5100 2945 5170 quasi
2968 5100 3246 5157 horarum
3268 5102 3451 5158 trium
3475 5105 3758 5177 spatium,
3779 5108 3830 5161 et

2178 5205 2323 5243 uxor
2353 5187 2559 5260 ipsius,
2585 5187 2852 5245 nesciens
2875 5190 3029 5260 quod
3065 5191 3279 5246 factum
3312 5192 3527 5260 fuerat,
3550 5194 3829 5251 introivit.

2176 5278 2332 5333 Dixit
2354 5282 2548 5333 autem
2573 5278 2622 5333 ei
2646 5277 2849 5333 Petrus
2876 5296 2887 5333 :
2914 5278 3015 5335 Dic
3046 5280 3189 5335 mihi
3213 5281 3262 5335 si
3291 5281 3438 5336 tanti
3461 5298 3675 5355 agrum
3697 5299 3828 5339 ven-

2176 5367 2452 5423 didistis?
2480 5373 2555 5421 At
2584 5365 2684 5421 illa
2714 5367 2858 5422 dixit
2889 5383 2903 5423 :
2938 5368 3122 5425 Etiam
3172 5371 3337 5426 tanti.
3372 5370 3589 5428 Petrus
3637 5377 3831 5428 autem

2175 5457 2246 5512 ad
2278 5473 2407 5511 eam
2431 5473 2444 5510 :
2472 5454 2617 5521 Quid
2664 5455 2864 5528 utique
2894 5459 3163 5514 convenit
3192 5464 3416 5516 tentare
3445 5462 3615 5518 vobis
3642 5460 3827 5536 Spiri-

417 5545 571 5645 dlem
602 5544 839 5608 festum.
872 5545 942 5604 Et
969 5547 1165 5605 tamen
1206 5542 1366 5609 licita
1391 5546 1448 5608 et
1476 5546 1911 5619 pernecessaria
1938 5545 2065 5627 plu-
2172 5546 2300 5616 tum
2341 5544 2616 5604 Domini?
2664 5546 2807 5605 Ecce
2862 5547 3040 5623 pedes
3100 5564 3301 5614 eorum
3350 5551 3455 5636 qui
3506 5549 3825 5630 spolierth
