  <div class='ocr_page' id='page_1' title='image "/cluster/home/n/w/nwhite01/storage/ocr_20150623/143/hvd.32044054760038/543.png"; bbox 0 0 4106 6178; ppageno 0'>
   <div class='ocr_carea' id='block_1_1' title="bbox 467 326 616 392">
    <p class='ocr_par' dir='ltr' id='par_1_1' title="bbox 467 326 616 392">
     <span class='ocr_line' id='line_1_1' title="bbox 467 326 616 392; baseline -0.054 0"><span class='ocrx_word' id='word_1_1' title='bbox 467 326 616 392; x_wconf 77' lang='grc'><strong>1071</strong></span> 
     </span>
    </p>
   </div>
   <div class='ocr_carea' id='block_1_2' title="bbox 1519 314 2821 384">
    <p class='ocr_par' dir='ltr' id='par_1_2' title="bbox 1519 314 2821 384">
     <span class='ocr_line' id='line_1_2' title="bbox 1519 314 2821 384; baseline -0.001 -2"><span class='ocrx_word' id='word_1_2' title='bbox 1519 314 1928 384; x_wconf 82' lang='lat' dir='ltr'><strong>HUMBERTI</strong></span> <span class='ocrx_word' id='word_1_3' title='bbox 1972 323 2036 383; x_wconf 93' lang='lat' dir='ltr'><strong>S.</strong></span> <span class='ocrx_word' id='word_1_4' title='bbox 2086 320 2158 382; x_wconf 77' lang='grc' dir='ltr'><strong>Β.</strong></span> <span class='ocrx_word' id='word_1_5' title='bbox 2206 318 2277 380; x_wconf 86' lang='lat' dir='ltr'><strong>E.</strong></span> <span class='ocrx_word' id='word_1_6' title='bbox 2323 314 2821 382; x_wconf 80' lang='lat' dir='ltr'><strong>CARDINALIS.</strong></span> 
     </span>
    </p>
   </div>
   <div class='ocr_carea' id='block_1_3' title="bbox 3709 322 3845 386">
    <p class='ocr_par' dir='ltr' id='par_1_3' title="bbox 3709 322 3845 386">
     <span class='ocr_line' id='line_1_3' title="bbox 3709 322 3845 386; baseline 0.029 -4"><span class='ocrx_word' id='word_1_7' title='bbox 3709 322 3845 386; x_wconf 72' lang='lat'><strong>1012</strong></span> 
     </span>
    </p>
   </div>
   <div class='ocr_carea' id='block_1_4' title="bbox 461 454 3851 533">
    <p class='ocr_par' dir='ltr' id='par_1_4' title="bbox 461 454 3851 533">
     <span class='ocr_line' id='line_1_4' title="bbox 461 454 3851 533; baseline -0.001 -16"><span class='ocrx_word' id='word_1_8' title='bbox 461 465 526 518; x_wconf 90' lang='lat' dir='ltr'><strong>ut</strong></span> <span class='ocrx_word' id='word_1_9' title='bbox 555 476 681 533; x_wconf 68' lang='lat' dir='ltr'><strong>quae</strong></span> <span class='ocrx_word' id='word_1_10' title='bbox 713 458 791 514; x_wconf 99' lang='lat' dir='ltr'><strong>sit</strong></span> <span class='ocrx_word' id='word_1_11' title='bbox 817 455 1086 512; x_wconf 81' lang='lat' dir='ltr'><strong>voluntas</strong></span> <span class='ocrx_word' id='word_1_12' title='bbox 1117 454 1239 522; x_wconf 87' lang='lat' dir='ltr'>Dei,</span> <span class='ocrx_word' id='word_1_13' title='bbox 1273 455 1423 527; x_wconf 91' lang='lat' dir='ltr'><strong>quod</strong></span> <span class='ocrx_word' id='word_1_14' title='bbox 1458 455 1675 509; x_wconf 73' lang='lat' dir='ltr'><strong>bonum</strong></span> <span class='ocrx_word' id='word_1_15' title='bbox 1722 458 1779 508; x_wconf 87' lang='lat' dir='ltr'><strong>et</strong></span> <span class='ocrx_word' id='word_1_16' title='bbox 1829 454 2102 525; x_wconf 88' lang='lat' dir='ltr'><strong>bencpla-</strong></span> <span class='ocrx_word' id='word_1_17' title='bbox 2134 454 2187 521; x_wconf 83' lang='grc' dir='ltr'><strong>Α</strong></span> <span class='ocrx_word' id='word_1_18' title='bbox 2218 456 2312 508; x_wconf 89' lang='lat' dir='ltr'><strong>tur</strong></span> <span class='ocrx_word' id='word_1_19' title='bbox 2332 455 2404 509; x_wconf 89' lang='lat' dir='ltr'><strong>ab</strong></span> <span class='ocrx_word' id='word_1_20' title='bbox 2427 455 2823 527; x_wconf 88' lang='lat' dir='ltr'><strong>eis,quoniam</strong></span> <span class='ocrx_word' id='word_1_21' title='bbox 2851 455 3175 511; x_wconf 83' lang='lat' dir='ltr'><strong>fraudando</strong></span> <span class='ocrx_word' id='word_1_22' title='bbox 3197 460 3252 511; x_wconf 91' lang='lat' dir='ltr'><strong>et</strong></span> <span class='ocrx_word' id='word_1_23' title='bbox 3273 454 3610 512; x_wconf 86' lang='lat' dir='ltr'><strong>mentiendo</strong></span> <span class='ocrx_word' id='word_1_24' title='bbox 3635 460 3851 513; x_wconf 77' lang='lat' dir='ltr'><strong>tentant</strong></span> 
     </span>
    </p>
   </div>
   <div class='ocr_carea' id='block_1_5' title="bbox 463 544 2103 620">
    <p class='ocr_par' dir='ltr' id='par_1_5' title="bbox 463 544 2103 620">
     <span class='ocr_line' id='line_1_5' title="bbox 463 544 2103 620; baseline -0.005 -14"><span class='ocrx_word' id='word_1_25' title='bbox 463 552 667 618; x_wconf 82' lang='lat' dir='ltr'><strong>citum,</strong></span> <span class='ocrx_word' id='word_1_26' title='bbox 695 553 751 604; x_wconf 89' lang='lat' dir='ltr'><strong>et</strong></span> <span class='ocrx_word' id='word_1_27' title='bbox 781 548 934 620; x_wconf 90' lang='lat' dir='ltr'><strong>quod</strong></span> <span class='ocrx_word' id='word_1_28' title='bbox 965 547 1283 619; x_wconf 88' lang='lat' dir='ltr'><strong>perfectum</strong></span> <span class='ocrx_word' id='word_1_29' title='bbox 1313 548 1402 599; x_wconf 88' lang='lat' dir='ltr'><strong>cst</strong></span> <span class='ocrx_word' id='word_1_30' title='bbox 1428 544 1875 617; x_wconf 82' lang='lat' dir='ltr'><strong>probetis.Quod</strong></span> <span class='ocrx_word' id='word_1_31' title='bbox 1908 550 2103 599; x_wconf 85' lang='lat' dir='ltr'><strong>votum</strong></span> 
     </span>
    </p>
   </div>
   <div class='ocr_carea' id='block_1_6' title="bbox 466 632 2102 712">
    <p class='ocr_par' dir='ltr' id='par_1_6' title="bbox 466 632 2102 712">
     <span class='ocr_line' id='line_1_6' title="bbox 466 632 2102 712; baseline -0.006 -16"><span class='ocrx_word' id='word_1_32' title='bbox 466 657 540 696; x_wconf 89' lang='lat' dir='ltr'><strong>ne</strong></span> <span class='ocrx_word' id='word_1_33' title='bbox 569 637 914 712; x_wconf 84' lang='lat' dir='ltr'><strong>negligeres,</strong></span> <span class='ocrx_word' id='word_1_34' title='bbox 944 635 1036 692; x_wconf 88' lang='lat' dir='ltr'><strong>cui</strong></span> <span class='ocrx_word' id='word_1_35' title='bbox 1064 634 1288 690; x_wconf 90' lang='lat' dir='ltr'><strong>voveris</strong></span> <span class='ocrx_word' id='word_1_36' title='bbox 1329 632 1586 689; x_wconf 78' lang='lat' dir='ltr'><strong>inculcat</strong></span> <span class='ocrx_word' id='word_1_37' title='bbox 1629 632 1867 689; x_wconf 91' lang='lat' dir='ltr'><strong>dicens:</strong></span> <span class='ocrx_word' id='word_1_38' title='bbox 1910 656 1929 681; x_wconf 78' lang='grc' dir='ltr'><strong>«ι</strong></span> <span class='ocrx_word' id='word_1_39' title='bbox 1965 633 2102 687; x_wconf 90' lang='lat' dir='ltr'><strong>Tcr-</strong></span> 
     </span>
    </p>
   </div>
   <div class='ocr_carea' id='block_1_7' title="bbox 466 721 2102 797">
    <p class='ocr_par' dir='ltr' id='par_1_7' title="bbox 466 721 2102 797">
     <span class='ocr_line' id='line_1_7' title="bbox 466 721 2102 797; baseline -0.006 -12"><span class='ocrx_word' id='word_1_40' title='bbox 466 727 645 785; x_wconf 91' lang='lat' dir='ltr'><strong>ribili.</strong></span> <span class='ocrx_word' id='word_1_41' title='bbox 680 749 707 778; x_wconf 85' lang='lat'><strong>»</strong></span> <span class='ocrx_word' id='word_1_42' title='bbox 752 727 1003 783; x_wconf 83' lang='lat' dir='ltr'><strong>Putasne</strong></span> <span class='ocrx_word' id='word_1_43' title='bbox 1034 739 1211 797; x_wconf 88' lang='lat' dir='ltr'><strong>quam</strong></span> <span class='ocrx_word' id='word_1_44' title='bbox 1261 723 1552 779; x_wconf 83' lang='lat' dir='ltr'><strong>Terribili?</strong></span> <span class='ocrx_word' id='word_1_45' title='bbox 1588 723 1813 794; x_wconf 87' lang='lat' dir='ltr'><strong>Adjecit</strong></span> <span class='ocrx_word' id='word_1_46' title='bbox 1844 740 1857 777; x_wconf 85' lang='lat'><strong>:</strong></span> <span class='ocrx_word' id='word_1_47' title='bbox 1892 744 1920 772; x_wconf 94' lang='grc'><strong>‹‹</strong></span> <span class='ocrx_word' id='word_1_48' title='bbox 1953 722 2023 776; x_wconf 90' lang='lat' dir='ltr'><strong>Et</strong></span> <span class='ocrx_word' id='word_1_49' title='bbox 2052 721 2102 777; x_wconf 92' lang='lat' dir='ltr'><strong>ei</strong></span> 
     </span>
    </p>
   </div>
   <div class='ocr_carea' id='block_1_8' title="bbox 465 810 2103 892">
    <p class='ocr_par' dir='ltr' id='par_1_8' title="bbox 465 810 2103 892">
     <span class='ocr_line' id='line_1_8' title="bbox 465 810 2103 892; baseline -0.006 -17"><span class='ocrx_word' id='word_1_50' title='bbox 465 818 563 892; x_wconf 92' lang='lat' dir='ltr'><strong>qui</strong></span> <span class='ocrx_word' id='word_1_51' title='bbox 593 817 780 875; x_wconf 84' lang='lat' dir='ltr'><strong>aufert</strong></span> <span class='ocrx_word' id='word_1_52' title='bbox 808 814 1079 887; x_wconf 86' lang='lat' dir='ltr'><strong>spiritum</strong></span> <span class='ocrx_word' id='word_1_53' title='bbox 1112 812 1502 885; x_wconf 77' lang='lat' dir='ltr'><strong>principum.»</strong></span> <span class='ocrx_word' id='word_1_54' title='bbox 1535 810 1717 883; x_wconf 85' lang='lat' dir='ltr'>Cujus</span> <span class='ocrx_word' id='word_1_55' title='bbox 1748 815 2017 867; x_wconf 84' lang='lat' dir='ltr'><strong>tenorem</strong></span> <span class='ocrx_word' id='word_1_56' title='bbox 2041 814 2103 866; x_wconf 93' lang='lat' dir='ltr'><strong>ut</strong></span> 
     </span>
    </p>
   </div>
   <div class='ocr_carea' id='block_1_9' title="bbox 461 900 2105 964">
    <p class='ocr_par' dir='ltr' id='par_1_9' title="bbox 461 900 2105 964">
     <span class='ocr_line' id='line_1_9' title="bbox 461 900 2105 964; baseline -0.005 -1"><span class='ocrx_word' id='word_1_57' title='bbox 461 923 593 964; x_wconf 86' lang='lat' dir='ltr'><strong>vere</strong></span> <span class='ocrx_word' id='word_1_58' title='bbox 610 904 962 961; x_wconf 69' lang='lat' dir='ltr'><strong>ineffabilem</strong></span> <span class='ocrx_word' id='word_1_59' title='bbox 980 902 1171 959; x_wconf 86' lang='lat' dir='ltr'><strong>adhuc</strong></span> <span class='ocrx_word' id='word_1_60' title='bbox 1186 901 1438 957; x_wconf 80' lang='lat' dir='ltr'><strong>revelare</strong></span> <span class='ocrx_word' id='word_1_61' title='bbox 1460 900 1687 957; x_wconf 82' lang='lat' dir='ltr'><strong>mortali</strong></span> <span class='ocrx_word' id='word_1_62' title='bbox 1700 902 1807 956; x_wconf 92' lang='lat' dir='ltr'><strong>bus</strong></span> <span class='ocrx_word' id='word_1_63' title='bbox 1829 900 2105 956; x_wconf 91' lang='lat' dir='ltr'><strong>loborans</strong></span> 
     </span>
    </p>
   </div>
   <div class='ocr_carea' id='block_1_10' title="bbox 462 991 2097 1063">
    <p class='ocr_par' dir='ltr' id='par_1_10' title="bbox 462 991 2097 1063">
     <span class='ocr_line' id='line_1_10' title="bbox 462 991 2097 1063; baseline -0.006 -11"><span class='ocrx_word' id='word_1_64' title='bbox 462 994 751 1053; x_wconf 84' lang='lat' dir='ltr'><strong>conclusit</strong></span> <span class='ocrx_word' id='word_1_65' title='bbox 779 994 863 1049; x_wconf 89' lang='lat' dir='ltr'><strong>sic</strong></span> <span class='ocrx_word' id='word_1_66' title='bbox 891 1008 944 1048; x_wconf 84' lang='lat'><strong>:«</strong></span> <span class='ocrx_word' id='word_1_67' title='bbox 965 991 1234 1048; x_wconf 83' lang='lat' dir='ltr'><strong>Terribili</strong></span> <span class='ocrx_word' id='word_1_68' title='bbox 1264 991 1417 1063; x_wconf 89' lang='lat' dir='ltr'><strong>apud</strong></span> <span class='ocrx_word' id='word_1_69' title='bbox 1448 1007 1652 1046; x_wconf 91' lang='lat' dir='ltr'><strong>omnes</strong></span> <span class='ocrx_word' id='word_1_70' title='bbox 1683 1007 1845 1063; x_wconf 84' lang='lat' dir='ltr'><strong>reges</strong></span> <span class='ocrx_word' id='word_1_71' title='bbox 1876 994 2097 1045; x_wconf 66' lang='lat' dir='ltr'><strong>terrae.»</strong></span> 
     </span>
    </p>
   </div>
   <div class='ocr_carea' id='block_1_11' title="bbox 462 1079 2102 1159">
    <p class='ocr_par' dir='ltr' id='par_1_11' title="bbox 462 1079 2102 1159">
     <span class='ocr_line' id='line_1_11' title="bbox 462 1079 2102 1159; baseline -0.004 -18"><span class='ocrx_word' id='word_1_72' title='bbox 462 1089 608 1159; x_wconf 83' lang='lat' dir='ltr'><strong>Ergo</strong></span> <span class='ocrx_word' id='word_1_73' title='bbox 639 1084 779 1156; x_wconf 88' lang='lat' dir='ltr'>quia</span> <span class='ocrx_word' id='word_1_74' title='bbox 805 1082 1115 1155; x_wconf 89' lang='lat' dir='ltr'><strong>indignum</strong></span> <span class='ocrx_word' id='word_1_75' title='bbox 1153 1081 1333 1136; x_wconf 87' lang='lat' dir='ltr'><strong>nimis</strong></span> <span class='ocrx_word' id='word_1_76' title='bbox 1382 1084 1471 1135; x_wconf 90' lang='lat' dir='ltr'><strong>est</strong></span> <span class='ocrx_word' id='word_1_77' title='bbox 1517 1084 1583 1135; x_wconf 89' lang='lat' dir='ltr'><strong>ut</strong></span> <span class='ocrx_word' id='word_1_78' title='bbox 1626 1079 1872 1135; x_wconf 91' lang='lat' dir='ltr'><strong>Domino</strong></span> <span class='ocrx_word' id='word_1_79' title='bbox 1905 1083 2102 1135; x_wconf 89' lang='lat' dir='ltr'><strong>nostro</strong></span> 
     </span>
    </p>
   </div>
   <div class='ocr_carea' id='block_1_12' title="bbox 458 1167 2103 1243">
    <p class='ocr_par' dir='ltr' id='par_1_12' title="bbox 458 1167 2103 1243">
     <span class='ocr_line' id='line_1_12' title="bbox 458 1167 2103 1243; baseline -0.005 -12"><span class='ocrx_word' id='word_1_80' title='bbox 458 1174 599 1231; x_wconf 89' lang='lat' dir='ltr'><strong>Jesu</strong></span> <span class='ocrx_word' id='word_1_81' title='bbox 631 1170 988 1243; x_wconf 83' lang='lat' dir='ltr'><strong>Christo,qui</strong></span> <span class='ocrx_word' id='word_1_82' title='bbox 1017 1174 1182 1226; x_wconf 88' lang='lat' dir='ltr'><strong>tanta</strong></span> <span class='ocrx_word' id='word_1_83' title='bbox 1210 1174 1269 1224; x_wconf 89' lang='lat' dir='ltr'><strong>et</strong></span> <span class='ocrx_word' id='word_1_84' title='bbox 1292 1168 1429 1223; x_wconf 84' lang='lat' dir='ltr'><strong>talia</strong></span> <span class='ocrx_word' id='word_1_85' title='bbox 1461 1168 1519 1222; x_wconf 92' lang='lat' dir='ltr'><strong>in</strong></span> <span class='ocrx_word' id='word_1_86' title='bbox 1550 1167 1720 1223; x_wconf 91' lang='lat' dir='ltr'><strong>nobis</strong></span> <span class='ocrx_word' id='word_1_87' title='bbox 1737 1170 1792 1222; x_wconf 91' lang='lat' dir='ltr'><strong>et</strong></span> <span class='ocrx_word' id='word_1_88' title='bbox 1811 1184 1914 1239; x_wconf 91' lang='lat' dir='ltr'><strong>pro</strong></span> <span class='ocrx_word' id='word_1_89' title='bbox 1936 1167 2103 1223; x_wconf 91' lang='lat' dir='ltr'><strong>nobis</strong></span> 
     </span>
    </p>
   </div>
   <div class='ocr_carea' id='block_1_13' title="bbox 459 1256 2101 1335">
    <p class='ocr_par' dir='ltr' id='par_1_13' title="bbox 459 1256 2101 1335">
     <span class='ocr_line' id='line_1_13' title="bbox 459 1256 2101 1335; baseline -0.005 -14"><span class='ocrx_word' id='word_1_90' title='bbox 459 1267 549 1320; x_wconf 88' lang='lat' dir='ltr'><strong>est</strong></span> <span class='ocrx_word' id='word_1_91' title='bbox 577 1267 851 1335; x_wconf 82' lang='lat' dir='ltr'><strong>operatus</strong></span> <span class='ocrx_word' id='word_1_92' title='bbox 875 1264 932 1316; x_wconf 91' lang='lat' dir='ltr'><strong>et</strong></span> <span class='ocrx_word' id='word_1_93' title='bbox 959 1275 1191 1331; x_wconf 91' lang='lat' dir='ltr'><strong>passus,</strong></span> <span class='ocrx_word' id='word_1_94' title='bbox 1228 1257 1439 1330; x_wconf 85' lang='lat' dir='ltr'><strong>ingrati</strong></span> <span class='ocrx_word' id='word_1_95' title='bbox 1471 1256 1680 1325; x_wconf 91' lang='lat' dir='ltr'><strong>simus,</strong></span> <span class='ocrx_word' id='word_1_96' title='bbox 1709 1260 1895 1312; x_wconf 88' lang='lat' dir='ltr'><strong>totum</strong></span> <span class='ocrx_word' id='word_1_97' title='bbox 1948 1257 2101 1328; x_wconf 92' lang='lat' dir='ltr'><strong>quod</strong></span> 
     </span>
    </p>
   </div>
   <div class='ocr_carea' id='block_1_14' title="bbox 457 1344 2101 1417">
    <p class='ocr_par' dir='ltr' id='par_1_14' title="bbox 457 1344 2101 1417">
     <span class='ocr_line' id='line_1_14' title="bbox 457 1344 2101 1417; baseline -0.004 -11"><span class='ocrx_word' id='word_1_98' title='bbox 457 1348 1023 1417; x_wconf 88' lang='lat' dir='ltr'><strong>habemus,vivimus</strong></span> <span class='ocrx_word' id='word_1_99' title='bbox 1048 1351 1106 1401; x_wconf 94' lang='lat' dir='ltr'><strong>et</strong></span> <span class='ocrx_word' id='word_1_100' title='bbox 1134 1363 1362 1412; x_wconf 91' lang='lat' dir='ltr'><strong>sumus,</strong></span> <span class='ocrx_word' id='word_1_101' title='bbox 1394 1344 1506 1417; x_wconf 89' lang='lat' dir='ltr'><strong>ipsi</strong></span> <span class='ocrx_word' id='word_1_102' title='bbox 1537 1361 1852 1400; x_wconf 61' lang='lat' dir='ltr'><strong>voveamus</strong></span> <span class='ocrx_word' id='word_1_103' title='bbox 1881 1349 1936 1399; x_wconf 88' lang='lat' dir='ltr'><strong>et</strong></span> <span class='ocrx_word' id='word_1_104' title='bbox 1968 1345 2101 1400; x_wconf 87' lang='lat' dir='ltr'><strong>red-</strong></span> 
     </span>
    </p>
   </div>
   <div class='ocr_carea' id='block_1_15' title="bbox 459 1434 2104 1507">
    <p class='ocr_par' dir='ltr' id='par_1_15' title="bbox 459 1434 2104 1507">
     <span class='ocr_line' id='line_1_15' title="bbox 459 1434 2104 1507; baseline -0.004 -13"><span class='ocrx_word' id='word_1_105' title='bbox 459 1435 970 1507; x_wconf 85' lang='lat' dir='ltr'><strong>damus.Alioquin</strong></span> <span class='ocrx_word' id='word_1_106' title='bbox 1004 1434 1215 1490; x_wconf 89' lang='lat' dir='ltr'><strong>melius</strong></span> <span class='ocrx_word' id='word_1_107' title='bbox 1244 1438 1332 1490; x_wconf 89' lang='lat' dir='ltr'><strong>est</strong></span> <span class='ocrx_word' id='word_1_108' title='bbox 1363 1451 1473 1488; x_wconf 91' lang='lat' dir='ltr'><strong>non</strong></span> <span class='ocrx_word' id='word_1_109' title='bbox 1506 1450 1728 1499; x_wconf 79' lang='lat' dir='ltr'><strong>vovere,</strong></span> <span class='ocrx_word' id='word_1_110' title='bbox 1763 1450 1938 1506; x_wconf 86' lang='lat' dir='ltr'><strong>quam</strong></span> <span class='ocrx_word' id='word_1_111' title='bbox 1972 1438 2104 1505; x_wconf 87' lang='lat' dir='ltr'><strong>post</strong></span> 
     </span>
    </p>
   </div>
   <div class='ocr_carea' id='block_1_16' title="bbox 457 1523 2099 1596">
    <p class='ocr_par' dir='ltr' id='par_1_16' title="bbox 457 1523 2099 1596">
     <span class='ocr_line' id='line_1_16' title="bbox 457 1523 2099 1596; baseline -0.003 -14"><span class='ocrx_word' id='word_1_112' title='bbox 457 1531 656 1582; x_wconf 90' lang='lat' dir='ltr'><strong>votum</strong></span> <span class='ocrx_word' id='word_1_113' title='bbox 687 1541 802 1581; x_wconf 91' lang='lat' dir='ltr'><strong>non</strong></span> <span class='ocrx_word' id='word_1_114' title='bbox 835 1525 1101 1591; x_wconf 86' lang='lat' dir='ltr'><strong>reddere;</strong></span> <span class='ocrx_word' id='word_1_115' title='bbox 1136 1539 1269 1578; x_wconf 90' lang='lat' dir='ltr'><strong>cum</strong></span> <span class='ocrx_word' id='word_1_116' title='bbox 1300 1523 1475 1578; x_wconf 88' lang='lat' dir='ltr'><strong>etiam</strong></span> <span class='ocrx_word' id='word_1_117' title='bbox 1518 1539 1619 1596; x_wconf 89' lang='lat' dir='ltr'><strong>per</strong></span> <span class='ocrx_word' id='word_1_118' title='bbox 1668 1523 1902 1595; x_wconf 84' lang='lat' dir='ltr'><strong>Moysen</strong></span> <span class='ocrx_word' id='word_1_119' title='bbox 1936 1540 2099 1577; x_wconf 89' lang='lat' dir='ltr'><strong>mon-</strong></span> 
     </span>
    </p>
   </div>
   <div class='ocr_carea' id='block_1_17' title="bbox 459 1611 2097 1686">
    <p class='ocr_par' dir='ltr' id='par_1_17' title="bbox 459 1611 2097 1686">
     <span class='ocr_line' id='line_1_17' title="bbox 459 1611 2097 1686; baseline -0.003 -15"><span class='ocrx_word' id='word_1_120' title='bbox 459 1620 676 1671; x_wconf 89' lang='lat' dir='ltr'><strong>slretur</strong></span> <span class='ocrx_word' id='word_1_121' title='bbox 705 1618 1007 1686; x_wconf 89' lang='lat' dir='ltr'><strong>peccatum</strong></span> <span class='ocrx_word' id='word_1_122' title='bbox 1040 1629 1166 1669; x_wconf 86' lang='lat' dir='ltr'><strong>esse</strong></span> <span class='ocrx_word' id='word_1_123' title='bbox 1197 1611 1245 1668; x_wconf 90' lang='lat' dir='ltr'>si</span> <span class='ocrx_word' id='word_1_124' title='bbox 1278 1613 1580 1667; x_wconf 87' lang='lat' dir='ltr'><strong>tardamus</strong></span> <span class='ocrx_word' id='word_1_125' title='bbox 1610 1616 1807 1667; x_wconf 87' lang='lat' dir='ltr'><strong>votum</strong></span> <span class='ocrx_word' id='word_1_126' title='bbox 1839 1613 2097 1668; x_wconf 83' lang='lat' dir='ltr'><strong>reddere.</strong></span> 
     </span>
    </p>
   </div>
   <div class='ocr_carea' id='block_1_18' title="bbox 460 1701 2097 1776">
    <p class='ocr_par' dir='ltr' id='par_1_18' title="bbox 460 1701 2097 1776">
     <span class='ocr_line' id='line_1_18' title="bbox 460 1701 2097 1776; baseline -0.002 -16"><span class='ocrx_word' id='word_1_127' title='bbox 460 1704 622 1769; x_wconf 89' lang='lat' dir='ltr'><strong>Quod</strong></span> <span class='ocrx_word' id='word_1_128' title='bbox 656 1703 703 1759; x_wconf 91' lang='lat' dir='ltr'><strong>si</strong></span> <span class='ocrx_word' id='word_1_129' title='bbox 756 1706 1053 1776; x_wconf 89' lang='lat' dir='ltr'><strong>peccatum</strong></span> <span class='ocrx_word' id='word_1_130' title='bbox 1113 1706 1201 1756; x_wconf 87' lang='lat' dir='ltr'><strong>est</strong></span> <span class='ocrx_word' id='word_1_131' title='bbox 1258 1701 1304 1755; x_wconf 89' lang='lat' dir='ltr'>si</span> <span class='ocrx_word' id='word_1_132' title='bbox 1366 1702 1604 1757; x_wconf 86' lang='lat' dir='ltr'><strong>reddere</strong></span> <span class='ocrx_word' id='word_1_133' title='bbox 1652 1702 2097 1771; x_wconf 80' lang='lat' dir='ltr'><strong>tardaverimus,</strong></span> 
     </span>
    </p>
   </div>
   <div class='ocr_carea' id='block_1_19' title="bbox 460 1790 2181 1890">
    <p class='ocr_par' dir='ltr' id='par_1_19' title="bbox 460 1790 2181 1890">
     <span class='ocr_line' id='line_1_19' title="bbox 460 1790 2181 1890; baseline -0.002 -41"><span class='ocrx_word' id='word_1_134' title='bbox 460 1797 677 1866; x_wconf 88' lang='lat' dir='ltr'><strong>quanto</strong></span> <span class='ocrx_word' id='word_1_135' title='bbox 707 1791 896 1865; x_wconf 86' lang='lat' dir='ltr'><strong>magis</strong></span> <span class='ocrx_word' id='word_1_136' title='bbox 953 1792 1001 1846; x_wconf 89' lang='lat' dir='ltr'><strong>si</strong></span> <span class='ocrx_word' id='word_1_137' title='bbox 1050 1807 1162 1846; x_wconf 89' lang='lat' dir='ltr'><strong>non</strong></span> <span class='ocrx_word' id='word_1_138' title='bbox 1210 1790 1676 1846; x_wconf 87' lang='lat' dir='ltr'><strong>reddiderimus?</strong></span> <span class='ocrx_word' id='word_1_139' title='bbox 1718 1791 1862 1846; x_wconf 87' lang='lat' dir='ltr'><strong>Nam</strong></span> <span class='ocrx_word' id='word_1_140' title='bbox 1920 1790 2097 1846; x_wconf 86' lang='lat' dir='ltr'><strong>simili</strong></span> <span class='ocrx_word' id='word_1_141' title='bbox 2136 1827 2181 1890; x_wconf 82' lang='lat' dir='ltr'><strong>B</strong></span> 
     </span>
    </p>
   </div>
   <div class='ocr_carea' id='block_1_20' title="bbox 463 1880 2103 1953">
    <p class='ocr_par' dir='ltr' id='par_1_20' title="bbox 463 1880 2103 1953">
     <span class='ocr_line' id='line_1_20' title="bbox 463 1880 2103 1953; baseline -0.002 -14"><span class='ocrx_word' id='word_1_142' title='bbox 463 1883 634 1939; x_wconf 88' lang='lat' dir='ltr'><strong>nobis</strong></span> <span class='ocrx_word' id='word_1_143' title='bbox 665 1881 893 1937; x_wconf 88' lang='lat' dir='ltr'><strong>homini</strong></span> <span class='ocrx_word' id='word_1_144' title='bbox 941 1881 986 1936; x_wconf 90' lang='lat' dir='ltr'><strong>si</strong></span> <span class='ocrx_word' id='word_1_145' title='bbox 1009 1881 1147 1953; x_wconf 92' lang='lat' dir='ltr'><strong>quid</strong></span> <span class='ocrx_word' id='word_1_146' title='bbox 1170 1897 1445 1936; x_wconf 88' lang='lat' dir='ltr'><strong>vovcmus</strong></span> <span class='ocrx_word' id='word_1_147' title='bbox 1468 1897 1572 1935; x_wconf 90' lang='lat' dir='ltr'><strong>nec</strong></span> <span class='ocrx_word' id='word_1_148' title='bbox 1594 1880 1915 1947; x_wconf 90' lang='lat' dir='ltr'><strong>reddimus,</strong></span> <span class='ocrx_word' id='word_1_149' title='bbox 1934 1881 2103 1952; x_wconf 90' lang='lat' dir='ltr'><strong>quasi</strong></span> 
     </span>
    </p>
   </div>
   <div class='ocr_carea' id='block_1_21' title="bbox 461 1969 2108 2037">
    <p class='ocr_par' dir='ltr' id='par_1_21' title="bbox 461 1969 2108 2037">
     <span class='ocr_line' id='line_1_21' title="bbox 461 1969 2108 2037; baseline -0.002 -9"><span class='ocrx_word' id='word_1_150' title='bbox 461 1972 639 2028; x_wconf 88' lang='lat' dir='ltr'><strong>rebus</strong></span> <span class='ocrx_word' id='word_1_151' title='bbox 692 1971 816 2027; x_wconf 88' lang='lat' dir='ltr'><strong>suis</strong></span> <span class='ocrx_word' id='word_1_152' title='bbox 869 1987 1003 2025; x_wconf 91' lang='lat' dir='ltr'><strong>eum</strong></span> <span class='ocrx_word' id='word_1_153' title='bbox 1065 1970 1549 2037; x_wconf 84' lang='lat' dir='ltr'><strong>fraudaverimus,</strong></span> <span class='ocrx_word' id='word_1_154' title='bbox 1586 1969 1878 2025; x_wconf 88' lang='lat' dir='ltr'><strong>adversari</strong></span> <span class='ocrx_word' id='word_1_155' title='bbox 1939 1970 2108 2025; x_wconf 90' lang='lat' dir='ltr'><strong>nobis</strong></span> 
     </span>
    </p>
   </div>
   <div class='ocr_carea' id='block_1_22' title="bbox 461 2058 2107 2134">
    <p class='ocr_par' dir='ltr' id='par_1_22' title="bbox 461 2058 2107 2134">
     <span class='ocr_line' id='line_1_22' title="bbox 461 2058 2107 2134; baseline -0.004 -15"><span class='ocrx_word' id='word_1_156' title='bbox 461 2067 984 2134; x_wconf 85' lang='lat' dir='ltr'><strong>quantumcunque</strong></span> <span class='ocrx_word' id='word_1_157' title='bbox 997 2058 1623 2131; x_wconf 87' lang='lat' dir='ltr'><strong>poteritsentiemus.Si</strong></span> <span class='ocrx_word' id='word_1_158' title='bbox 1640 2062 1829 2113; x_wconf 84' lang='lat' dir='ltr'><strong>autem</strong></span> <span class='ocrx_word' id='word_1_159' title='bbox 1848 2058 2107 2130; x_wconf 84' lang='lat' dir='ltr'><strong>aggressi</strong></span> 
     </span>
    </p>
   </div>
   <div class='ocr_carea' id='block_1_23' title="bbox 461 2148 2107 2218">
    <p class='ocr_par' dir='ltr' id='par_1_23' title="bbox 461 2148 2107 2218">
     <span class='ocr_line' id='line_1_23' title="bbox 461 2148 2107 2218; baseline -0.003 -10"><span class='ocrx_word' id='word_1_160' title='bbox 461 2153 577 2209; x_wconf 88' lang='lat' dir='ltr'><strong>Deo</strong></span> <span class='ocrx_word' id='word_1_161' title='bbox 610 2157 806 2207; x_wconf 89' lang='lat' dir='ltr'><strong>votum</strong></span> <span class='ocrx_word' id='word_1_162' title='bbox 841 2149 1081 2204; x_wconf 84' lang='lat' dir='ltr'><strong>reddere</strong></span> <span class='ocrx_word' id='word_1_163' title='bbox 1108 2148 1466 2215; x_wconf 86' lang='lat' dir='ltr'><strong>deficiemus,</strong></span> <span class='ocrx_word' id='word_1_164' title='bbox 1504 2153 1635 2218; x_wconf 86' lang='lat' dir='ltr'><strong>post</strong></span> <span class='ocrx_word' id='word_1_165' title='bbox 1666 2148 1941 2203; x_wconf 81' lang='lat' dir='ltr'><strong>Satanam</strong></span> <span class='ocrx_word' id='word_1_166' title='bbox 1970 2165 2107 2203; x_wconf 91' lang='lat' dir='ltr'><strong>con-</strong></span> 
     </span>
    </p>
   </div>
   <div class='ocr_carea' id='block_1_24' title="bbox 459 2235 2108 2309">
    <p class='ocr_par' dir='ltr' id='par_1_24' title="bbox 459 2235 2108 2309">
     <span class='ocr_line' id='line_1_24' title="bbox 459 2235 2108 2309; baseline -0.004 -9"><span class='ocrx_word' id='word_1_167' title='bbox 459 2244 759 2308; x_wconf 86' lang='lat' dir='ltr'><strong>vertimur,</strong></span> <span class='ocrx_word' id='word_1_168' title='bbox 791 2238 1071 2309; x_wconf 86' lang='lat' dir='ltr'><strong>canisque</strong></span> <span class='ocrx_word' id='word_1_169' title='bbox 1100 2236 1172 2290; x_wconf 89' lang='lat' dir='ltr'><strong>ad</strong></span> <span class='ocrx_word' id='word_1_170' title='bbox 1229 2235 1512 2291; x_wconf 88' lang='lat' dir='ltr'><strong>vomitum</strong></span> <span class='ocrx_word' id='word_1_171' title='bbox 1572 2253 1857 2305; x_wconf 77' lang='lat' dir='ltr'><strong>reversus,</strong></span> <span class='ocrx_word' id='word_1_172' title='bbox 1902 2241 1959 2292; x_wconf 90' lang='lat' dir='ltr'><strong>et</strong></span> <span class='ocrx_word' id='word_1_173' title='bbox 2006 2255 2108 2294; x_wconf 84' lang='lat' dir='ltr'><strong>sus</strong></span> 
     </span>
    </p>
   </div>
   <div class='ocr_carea' id='block_1_25' title="bbox 460 2324 2103 2396">
    <p class='ocr_par' dir='ltr' id='par_1_25' title="bbox 460 2324 2103 2396">
     <span class='ocr_line' id='line_1_25' title="bbox 460 2324 2103 2396; baseline -0.003 -10"><span class='ocrx_word' id='word_1_174' title='bbox 460 2332 519 2386; x_wconf 93' lang='lat' dir='ltr'>in</span> <span class='ocrx_word' id='word_1_175' title='bbox 575 2329 877 2385; x_wconf 88' lang='lat' dir='ltr'><strong>volutabro</strong></span> <span class='ocrx_word' id='word_1_176' title='bbox 931 2324 1036 2380; x_wconf 91' lang='lat' dir='ltr'><strong>luti</strong></span> <span class='ocrx_word' id='word_1_177' title='bbox 1083 2324 1201 2381; x_wconf 90' lang='lat' dir='ltr'><strong>lota</strong></span> <span class='ocrx_word' id='word_1_178' title='bbox 1247 2325 1537 2379; x_wconf 73' lang='lat' dir='ltr'><strong>efficimur</strong></span> <span class='ocrx_word' id='word_1_179' title='bbox 1583 2325 1655 2395; x_wconf 86' lang='grc' dir='ltr'><strong>(Π</strong></span> <span class='ocrx_word' id='word_1_180' title='bbox 1700 2326 1845 2380; x_wconf 84' lang='lat' dir='ltr'><strong>Pctr.</strong></span> <span class='ocrx_word' id='word_1_181' title='bbox 1896 2344 1955 2391; x_wconf 78' lang='grc' dir='ltr'><strong>ιι,</strong></span> <span class='ocrx_word' id='word_1_182' title='bbox 1989 2329 2103 2396; x_wconf 86' lang='lat'><strong>22).</strong></span> 
     </span>
    </p>
   </div>
   <div class='ocr_carea' id='block_1_26' title="bbox 458 2412 2105 2491">
    <p class='ocr_par' dir='ltr' id='par_1_26' title="bbox 458 2412 2105 2491">
     <span class='ocr_line' id='line_1_26' title="bbox 458 2412 2105 2491; baseline -0.003 -15"><span class='ocrx_word' id='word_1_183' title='bbox 458 2421 657 2491; x_wconf 81' lang='lat' dir='ltr'><strong>Itaque</strong></span> <span class='ocrx_word' id='word_1_184' title='bbox 689 2419 1000 2490; x_wconf 82' lang='lat' dir='ltr'><strong>postquam</strong></span> <span class='ocrx_word' id='word_1_185' title='bbox 1020 2412 1225 2469; x_wconf 89' lang='lat' dir='ltr'><strong>multis</strong></span> <span class='ocrx_word' id='word_1_186' title='bbox 1252 2414 1442 2468; x_wconf 92' lang='lat' dir='ltr'><strong>modis</strong></span> <span class='ocrx_word' id='word_1_187' title='bbox 1460 2412 1706 2484; x_wconf 82' lang='lat' dir='ltr'><strong>sapienti</strong></span> <span class='ocrx_word' id='word_1_188' title='bbox 1739 2413 2105 2471; x_wconf 81' lang='lat' dir='ltr'><strong>satisfactum</strong></span> 
     </span>
    </p>
   </div>
   <div class='ocr_carea' id='block_1_27' title="bbox 459 2501 2104 2582">
    <p class='ocr_par' dir='ltr' id='par_1_27' title="bbox 459 2501 2104 2582">
     <span class='ocr_line' id='line_1_27' title="bbox 459 2501 2104 2582; baseline -0.004 -18"><span class='ocrx_word' id='word_1_189' title='bbox 459 2510 700 2582; x_wconf 88' lang='lat' dir='ltr'><strong>putatur</strong></span> <span class='ocrx_word' id='word_1_190' title='bbox 729 2507 1017 2579; x_wconf 90' lang='lat' dir='ltr'><strong>quantum</strong></span> <span class='ocrx_word' id='word_1_191' title='bbox 1049 2502 1287 2558; x_wconf 88' lang='lat' dir='ltr'><strong>vitanda</strong></span> <span class='ocrx_word' id='word_1_192' title='bbox 1314 2501 1390 2558; x_wconf 90' lang='lat' dir='ltr'><strong>sit</strong></span> <span class='ocrx_word' id='word_1_193' title='bbox 1421 2502 1602 2569; x_wconf 87' lang='lat' dir='ltr'><strong>fraus,</strong></span> <span class='ocrx_word' id='word_1_194' title='bbox 1637 2502 1875 2557; x_wconf 90' lang='lat' dir='ltr'><strong>tandem</strong></span> <span class='ocrx_word' id='word_1_195' title='bbox 1917 2503 2104 2559; x_wconf 88' lang='lat' dir='ltr'><strong>Simo-</strong></span> 
     </span>
    </p>
   </div>
   <div class='ocr_carea' id='block_1_28' title="bbox 458 2590 2103 2669">
    <p class='ocr_par' dir='ltr' id='par_1_28' title="bbox 458 2590 2103 2669">
     <span class='ocr_line' id='line_1_28' title="bbox 458 2590 2103 2669; baseline -0.003 -16"><span class='ocrx_word' id='word_1_196' title='bbox 458 2596 853 2669; x_wconf 88' lang='lat' dir='ltr'><strong>niaci,quibus</strong></span> <span class='ocrx_word' id='word_1_197' title='bbox 884 2609 1029 2666; x_wconf 81' lang='lat' dir='ltr'><strong>pene</strong></span> <span class='ocrx_word' id='word_1_198' title='bbox 1052 2595 1175 2648; x_wconf 86' lang='lat' dir='ltr'><strong>tota</strong></span> <span class='ocrx_word' id='word_1_199' title='bbox 1198 2591 1319 2647; x_wconf 71' lang='lat' dir='ltr'><strong>haec</strong></span> <span class='ocrx_word' id='word_1_200' title='bbox 1345 2596 1543 2647; x_wconf 80' lang='lat' dir='ltr'><strong>nostra</strong></span> <span class='ocrx_word' id='word_1_201' title='bbox 1568 2590 1850 2664; x_wconf 85' lang='lat' dir='ltr'><strong>tragcedia</strong></span> <span class='ocrx_word' id='word_1_202' title='bbox 1870 2593 2103 2662; x_wconf 83' lang='lat' dir='ltr'><strong>texitur,</strong></span> 
     </span>
    </p>
   </div>
   <div class='ocr_carea' id='block_1_29' title="bbox 457 2680 2105 2755">
    <p class='ocr_par' dir='ltr' id='par_1_29' title="bbox 457 2680 2105 2755">
     <span class='ocr_line' id='line_1_29' title="bbox 457 2680 2105 2755; baseline -0.004 -11"><span class='ocrx_word' id='word_1_203' title='bbox 457 2687 518 2743; x_wconf 91' lang='lat' dir='ltr'><strong>in</strong></span> <span class='ocrx_word' id='word_1_204' title='bbox 551 2702 612 2743; x_wconf 89' lang='lat' dir='ltr'><strong>se</strong></span> <span class='ocrx_word' id='word_1_205' title='bbox 644 2685 902 2751; x_wconf 87' lang='lat' dir='ltr'><strong>redeant,</strong></span> <span class='ocrx_word' id='word_1_206' title='bbox 936 2686 992 2737; x_wconf 93' lang='lat' dir='ltr'><strong>et</strong></span> <span class='ocrx_word' id='word_1_207' title='bbox 1022 2685 1302 2755; x_wconf 88' lang='lat' dir='ltr'><strong>quantam</strong></span> <span class='ocrx_word' id='word_1_208' title='bbox 1336 2680 1597 2736; x_wconf 87' lang='lat' dir='ltr'><strong>fraudem</strong></span> <span class='ocrx_word' id='word_1_209' title='bbox 1638 2684 1976 2753; x_wconf 79' lang='lat' dir='ltr'><strong>perpetrant</strong></span> <span class='ocrx_word' id='word_1_210' title='bbox 2016 2681 2105 2737; x_wconf 89' lang='lat' dir='ltr'><strong>vel</strong></span> 
     </span>
    </p>
   </div>
   <div class='ocr_carea' id='block_1_30' title="bbox 460 2766 2102 2845">
    <p class='ocr_par' dir='ltr' id='par_1_30' title="bbox 460 2766 2102 2845">
     <span class='ocr_line' id='line_1_30' title="bbox 460 2766 2102 2845; baseline -0.004 -14"><span class='ocrx_word' id='word_1_211' title='bbox 460 2772 745 2832; x_wconf 87' lang='lat' dir='ltr'><strong>admoniti</strong></span> <span class='ocrx_word' id='word_1_212' title='bbox 770 2770 1283 2845; x_wconf 86' lang='lat' dir='ltr'><strong>recognoscant.Et</strong></span> <span class='ocrx_word' id='word_1_213' title='bbox 1304 2768 1351 2823; x_wconf 89' lang='lat' dir='ltr'><strong>si</strong></span> <span class='ocrx_word' id='word_1_214' title='bbox 1373 2767 1630 2823; x_wconf 86' lang='lat' dir='ltr'><strong>Ananias</strong></span> <span class='ocrx_word' id='word_1_215' title='bbox 1646 2784 1715 2823; x_wconf 86' lang='lat' dir='ltr'><strong>ex</strong></span> <span class='ocrx_word' id='word_1_216' title='bbox 1736 2766 1858 2823; x_wconf 88' lang='lat' dir='ltr'><strong>sola</strong></span> <span class='ocrx_word' id='word_1_217' title='bbox 1882 2769 2102 2836; x_wconf 90' lang='lat' dir='ltr'><strong>fraude,</strong></span> 
     </span>
    </p>
   </div>
   <div class='ocr_carea' id='block_1_31' title="bbox 460 2856 2107 2933">
    <p class='ocr_par' dir='ltr' id='par_1_31' title="bbox 460 2856 2107 2933">
     <span class='ocr_line' id='line_1_31' title="bbox 460 2856 2107 2933; baseline -0.004 -13"><span class='ocrx_word' id='word_1_218' title='bbox 460 2865 637 2932; x_wconf 86' lang='lat' dir='ltr'><strong>furto,</strong></span> <span class='ocrx_word' id='word_1_219' title='bbox 669 2859 992 2933; x_wconf 89' lang='lat' dir='ltr'><strong>sacrilegio,</strong></span> <span class='ocrx_word' id='word_1_220' title='bbox 1024 2858 1351 2926; x_wconf 89' lang='lat' dir='ltr'><strong>mendacio,</strong></span> <span class='ocrx_word' id='word_1_221' title='bbox 1382 2856 1811 2929; x_wconf 84' lang='lat' dir='ltr'><strong>conspiratione</strong></span> <span class='ocrx_word' id='word_1_222' title='bbox 1841 2857 2019 2913; x_wconf 90' lang='lat' dir='ltr'><strong>simul</strong></span> <span class='ocrx_word' id='word_1_223' title='bbox 2049 2862 2107 2913; x_wconf 89' lang='lat' dir='ltr'><strong>ct</strong></span> 
     </span>
    </p>
   </div>
   <div class='ocr_carea' id='block_1_32' title="bbox 459 2946 2104 3021">
    <p class='ocr_par' dir='ltr' id='par_1_32' title="bbox 459 2946 2104 3021">
     <span class='ocr_line' id='line_1_32' title="bbox 459 2946 2104 3021; baseline -0.005 -12"><span class='ocrx_word' id='word_1_224' title='bbox 459 2951 779 3009; x_wconf 90' lang='lat' dir='ltr'><strong>tcntatione</strong></span> <span class='ocrx_word' id='word_1_225' title='bbox 800 2948 1055 3021; x_wconf 88' lang='lat' dir='ltr'><strong>Spiritus</strong></span> <span class='ocrx_word' id='word_1_226' title='bbox 1082 2947 1175 3003; x_wconf 88' lang='lat' dir='ltr'><strong>Dei</strong></span> <span class='ocrx_word' id='word_1_227' title='bbox 1196 2951 1430 3003; x_wconf 89' lang='lat' dir='ltr'><strong>notatus</strong></span> <span class='ocrx_word' id='word_1_228' title='bbox 1458 2954 1643 3002; x_wconf 89' lang='lat' dir='ltr'><strong>morte</strong></span> <span class='ocrx_word' id='word_1_229' title='bbox 1673 2946 1869 3003; x_wconf 86' lang='lat' dir='ltr'><strong>subita</strong></span> <span class='ocrx_word' id='word_1_230' title='bbox 1889 2947 2104 3002; x_wconf 89' lang='lat' dir='ltr'><strong>multa-</strong></span> 
     </span>
    </p>
   </div>
   <div class='ocr_carea' id='block_1_33' title="bbox 456 3035 2103 3115">
    <p class='ocr_par' dir='ltr' id='par_1_33' title="bbox 456 3035 2103 3115">
     <span class='ocr_line' id='line_1_33' title="bbox 456 3035 2103 3115; baseline -0.004 -15"><span class='ocrx_word' id='word_1_231' title='bbox 456 3048 683 3115; x_wconf 89' lang='lat' dir='ltr'><strong>tur,pro</strong></span> <span class='ocrx_word' id='word_1_232' title='bbox 716 3057 782 3097; x_wconf 87' lang='lat' dir='ltr'><strong>eo</strong></span> <span class='ocrx_word' id='word_1_233' title='bbox 821 3042 1049 3095; x_wconf 89' lang='lat' dir='ltr'><strong>tantum</strong></span> <span class='ocrx_word' id='word_1_234' title='bbox 1083 3037 1237 3109; x_wconf 91' lang='lat' dir='ltr'><strong>quod</strong></span> <span class='ocrx_word' id='word_1_235' title='bbox 1278 3052 1346 3092; x_wconf 82' lang='lat' dir='ltr'><strong>ex</strong></span> <span class='ocrx_word' id='word_1_236' title='bbox 1379 3035 1615 3109; x_wconf 86' lang='lat' dir='ltr'><strong>agelluli</strong></span> <span class='ocrx_word' id='word_1_237' title='bbox 1655 3036 1745 3093; x_wconf 91' lang='lat' dir='ltr'><strong>sui</strong></span> <span class='ocrx_word' id='word_1_238' title='bbox 1782 3039 1964 3109; x_wconf 92' lang='lat' dir='ltr'><strong>pretio</strong></span> <span class='ocrx_word' id='word_1_239' title='bbox 2000 3039 2103 3094; x_wconf 77' lang='lat' dir='ltr'><strong>ali-</strong></span> 
     </span>
    </p>
   </div>
   <div class='ocr_carea' id='block_1_34' title="bbox 460 3126 2100 3206">
    <p class='ocr_par' dir='ltr' id='par_1_34' title="bbox 460 3126 2100 3206">
     <span class='ocr_line' id='line_1_34' title="bbox 460 3126 2100 3206; baseline -0.002 -17"><span class='ocrx_word' id='word_1_240' title='bbox 460 3130 813 3206; x_wconf 89' lang='lat' dir='ltr'><strong>quantulum</strong></span> <span class='ocrx_word' id='word_1_241' title='bbox 836 3129 946 3185; x_wconf 87' lang='lat' dir='ltr'>sibi</span> <span class='ocrx_word' id='word_1_242' title='bbox 971 3126 1212 3183; x_wconf 89' lang='lat' dir='ltr'><strong>retinuit</strong></span> <span class='ocrx_word' id='word_1_243' title='bbox 1233 3127 1301 3182; x_wconf 92' lang='lat' dir='ltr'><strong>de</strong></span> <span class='ocrx_word' id='word_1_244' title='bbox 1323 3127 1577 3182; x_wconf 88' lang='lat' dir='ltr'><strong>crastino</strong></span> <span class='ocrx_word' id='word_1_245' title='bbox 1598 3126 1901 3195; x_wconf 85' lang='lat' dir='ltr'><strong>sollicitus,</strong></span> <span class='ocrx_word' id='word_1_246' title='bbox 1938 3128 2018 3195; x_wconf 91' lang='lat' dir='ltr'><strong>hi,</strong></span> <span class='ocrx_word' id='word_1_247' title='bbox 2054 3131 2100 3187; x_wconf 92' lang='lat' dir='ltr'><strong>si</strong></span> 
     </span>
    </p>
   </div>
   <div class='ocr_carea' id='block_1_35' title="bbox 461 3196 2175 3290">
    <p class='ocr_par' dir='ltr' id='par_1_35' title="bbox 461 3196 2175 3290">
     <span class='ocr_line' id='line_1_35' title="bbox 461 3196 2175 3290; baseline -0.003 -11"><span class='ocrx_word' id='word_1_248' title='bbox 461 3196 787 3287; x_wconf 73' lang='lat' dir='ltr'><strong>sufficiunt,</strong></span> <span class='ocrx_word' id='word_1_249' title='bbox 817 3218 1108 3274; x_wconf 64' lang='lat' dir='ltr'><strong>aestiment</strong></span> <span class='ocrx_word' id='word_1_250' title='bbox 1131 3219 1350 3288; x_wconf 87' lang='lat' dir='ltr'><strong>quanto</strong></span> <span class='ocrx_word' id='word_1_251' title='bbox 1374 3215 1548 3283; x_wconf 88' lang='lat' dir='ltr'><strong>furto,</strong></span> <span class='ocrx_word' id='word_1_252' title='bbox 1581 3216 1904 3290; x_wconf 87' lang='lat' dir='ltr'><strong>sacrilegio,</strong></span> <span class='ocrx_word' id='word_1_253' title='bbox 1938 3235 2100 3275; x_wconf 87' lang='lat' dir='ltr'><strong>men-</strong></span> <span class='ocrx_word' id='word_1_254' title='bbox 2132 3196 2175 3264; x_wconf 82' lang='lat' dir='ltr'>C</span> 
     </span>
    </p>
   </div>
   <div class='ocr_carea' id='block_1_36' title="bbox 461 3302 2102 3378">
    <p class='ocr_par' dir='ltr' id='par_1_36' title="bbox 461 3302 2102 3378">
     <span class='ocr_line' id='line_1_36' title="bbox 461 3302 2102 3378; baseline 0 -12"><span class='ocrx_word' id='word_1_255' title='bbox 461 3306 1084 3378; x_wconf 79' lang='lat' dir='ltr'><strong>dacio,couspiratione</strong></span> <span class='ocrx_word' id='word_1_256' title='bbox 1106 3302 1283 3360; x_wconf 88' lang='lat' dir='ltr'><strong>simul</strong></span> <span class='ocrx_word' id='word_1_257' title='bbox 1305 3307 1360 3358; x_wconf 89' lang='lat' dir='ltr'><strong>et</strong></span> <span class='ocrx_word' id='word_1_258' title='bbox 1385 3305 1701 3359; x_wconf 82' lang='lat' dir='ltr'><strong>tcntatione</strong></span> <span class='ocrx_word' id='word_1_259' title='bbox 1722 3306 1976 3376; x_wconf 89' lang='lat' dir='ltr'><strong>Spiritus</strong></span> <span class='ocrx_word' id='word_1_260' title='bbox 2007 3310 2102 3366; x_wconf 91' lang='lat' dir='ltr'><strong>Dei</strong></span> 
     </span>
    </p>
   </div>
   <div class='ocr_carea' id='block_1_37' title="bbox 460 3392 2099 3465">
    <p class='ocr_par' dir='ltr' id='par_1_37' title="bbox 460 3392 2099 3465">
     <span class='ocr_line' id='line_1_37' title="bbox 460 3392 2099 3465; baseline -0.001 -10"><span class='ocrx_word' id='word_1_261' title='bbox 460 3397 695 3455; x_wconf 84' lang='lat' dir='ltr'><strong>obnoxii</strong></span> <span class='ocrx_word' id='word_1_262' title='bbox 724 3397 863 3461; x_wconf 89' lang='lat' dir='ltr'><strong>sint,</strong></span> <span class='ocrx_word' id='word_1_263' title='bbox 895 3398 953 3450; x_wconf 90' lang='lat' dir='ltr'><strong>et</strong></span> <span class='ocrx_word' id='word_1_264' title='bbox 982 3411 1098 3465; x_wconf 89' lang='lat' dir='ltr'><strong>qua</strong></span> <span class='ocrx_word' id='word_1_265' title='bbox 1144 3408 1316 3463; x_wconf 85' lang='lat' dir='ltr'><strong>poena</strong></span> <span class='ocrx_word' id='word_1_266' title='bbox 1362 3392 1544 3464; x_wconf 87' lang='lat' dir='ltr'><strong>digni,</strong></span> <span class='ocrx_word' id='word_1_267' title='bbox 1598 3393 1698 3465; x_wconf 91' lang='lat' dir='ltr'><strong>qui</strong></span> <span class='ocrx_word' id='word_1_268' title='bbox 1745 3411 1806 3449; x_wconf 83' lang='lat' dir='ltr'><strong>se</strong></span> <span class='ocrx_word' id='word_1_269' title='bbox 1852 3395 2099 3454; x_wconf 90' lang='lat' dir='ltr'><strong>invicem</strong></span> 
     </span>
    </p>
   </div>
   <div class='ocr_carea' id='block_1_38' title="bbox 458 3480 2101 3561">
    <p class='ocr_par' dir='ltr' id='par_1_38' title="bbox 458 3480 2101 3561">
     <span class='ocr_line' id='line_1_38' title="bbox 458 3480 2101 3561; baseline -0.001 -17"><span class='ocrx_word' id='word_1_270' title='bbox 458 3485 703 3561; x_wconf 88' lang='lat' dir='ltr'><strong>Spiritui</strong></span> <span class='ocrx_word' id='word_1_271' title='bbox 750 3488 949 3539; x_wconf 89' lang='lat' dir='ltr'><strong>sancto</strong></span> <span class='ocrx_word' id='word_1_272' title='bbox 998 3480 1343 3545; x_wconf 86' lang='lat' dir='ltr'><strong>fraudaturi,</strong></span> <span class='ocrx_word' id='word_1_273' title='bbox 1394 3482 1667 3537; x_wconf 89' lang='lat' dir='ltr'><strong>eumdem</strong></span> <span class='ocrx_word' id='word_1_274' title='bbox 1724 3485 2101 3543; x_wconf 88' lang='lat' dir='ltr'><strong>mediatorem</strong></span> 
     </span>
    </p>
   </div>
   <div class='ocr_carea' id='block_1_39' title="bbox 455 3569 2098 3643">
    <p class='ocr_par' dir='ltr' id='par_1_39' title="bbox 455 3569 2098 3643">
     <span class='ocr_line' id='line_1_39' title="bbox 455 3569 2098 3643; baseline -0.002 -8"><span class='ocrx_word' id='word_1_275' title='bbox 455 3577 570 3635; x_wconf 84' lang='lat' dir='ltr'><strong>sibi</strong></span> <span class='ocrx_word' id='word_1_276' title='bbox 600 3580 657 3633; x_wconf 92' lang='lat' dir='ltr'><strong>et</strong></span> <span class='ocrx_word' id='word_1_277' title='bbox 686 3589 924 3631; x_wconf 85' lang='lat' dir='ltr'><strong>causam</strong></span> <span class='ocrx_word' id='word_1_278' title='bbox 957 3569 1124 3643; x_wconf 91' lang='lat' dir='ltr'><strong>pretii</strong></span> <span class='ocrx_word' id='word_1_279' title='bbox 1155 3585 1475 3641; x_wconf 88' lang='lat' dir='ltr'><strong>proponere</strong></span> <span class='ocrx_word' id='word_1_280' title='bbox 1506 3574 1797 3642; x_wconf 66' lang='lat' dir='ltr'><strong>satagunt,</strong></span> <span class='ocrx_word' id='word_1_281' title='bbox 1825 3578 1890 3628; x_wconf 91' lang='lat' dir='ltr'><strong>ut</strong></span> <span class='ocrx_word' id='word_1_282' title='bbox 1919 3592 2098 3631; x_wconf 88' lang='lat' dir='ltr'><strong>aucu-</strong></span> 
     </span>
    </p>
   </div>
   <div class='ocr_carea' id='block_1_40' title="bbox 456 3658 2098 3743">
    <p class='ocr_par' dir='ltr' id='par_1_40' title="bbox 456 3658 2098 3743">
     <span class='ocr_line' id='line_1_40' title="bbox 456 3658 2098 3743; baseline -0.003 -18"><span class='ocrx_word' id='word_1_283' title='bbox 456 3671 662 3743; x_wconf 88' lang='lat' dir='ltr'><strong>pantes</strong></span> <span class='ocrx_word' id='word_1_284' title='bbox 707 3663 959 3719; x_wconf 88' lang='lat' dir='ltr'><strong>alienam</strong></span> <span class='ocrx_word' id='word_1_285' title='bbox 1009 3676 1129 3716; x_wconf 86' lang='lat' dir='ltr'><strong>rem</strong></span> <span class='ocrx_word' id='word_1_286' title='bbox 1180 3658 1552 3730; x_wconf 88' lang='lat' dir='ltr'><strong>alienumque</strong></span> <span class='ocrx_word' id='word_1_287' title='bbox 1602 3676 1863 3730; x_wconf 89' lang='lat' dir='ltr'><strong>censum,</strong></span> <span class='ocrx_word' id='word_1_288' title='bbox 1911 3664 2098 3720; x_wconf 87' lang='lat' dir='ltr'><strong>adim-</strong></span> 
     </span>
    </p>
   </div>
   <div class='ocr_carea' id='block_1_41' title="bbox 451 3750 2097 3831">
    <p class='ocr_par' dir='ltr' id='par_1_41' title="bbox 451 3750 2097 3831">
     <span class='ocr_line' id='line_1_41' title="bbox 451 3750 2097 3831; baseline -0.002 -19"><span class='ocrx_word' id='word_1_289' title='bbox 451 3757 652 3831; x_wconf 85' lang='lat' dir='ltr'><strong>pleant</strong></span> <span class='ocrx_word' id='word_1_290' title='bbox 707 3750 1197 3825; x_wconf 78' lang='lat' dir='ltr'><strong>conSpirationem</strong></span> <span class='ocrx_word' id='word_1_291' title='bbox 1255 3765 1446 3815; x_wconf 91' lang='lat' dir='ltr'><strong>suam,</strong></span> <span class='ocrx_word' id='word_1_292' title='bbox 1506 3766 1622 3820; x_wconf 89' lang='lat' dir='ltr'><strong>qua</strong></span> <span class='ocrx_word' id='word_1_293' title='bbox 1677 3753 1901 3807; x_wconf 90' lang='lat' dir='ltr'><strong>tentare</strong></span> <span class='ocrx_word' id='word_1_294' title='bbox 1961 3769 2097 3810; x_wconf 88' lang='lat' dir='ltr'><strong>con-</strong></span> 
     </span>
    </p>
   </div>
   <div class='ocr_carea' id='block_1_42' title="bbox 450 3838 2097 3916">
    <p class='ocr_par' dir='ltr' id='par_1_42' title="bbox 450 3838 2097 3916">
     <span class='ocr_line' id='line_1_42' title="bbox 450 3838 2097 3916; baseline -0.002 -13"><span class='ocrx_word' id='word_1_295' title='bbox 450 3847 607 3903; x_wconf 87' lang='lat' dir='ltr'><strong>venit</strong></span> <span class='ocrx_word' id='word_1_296' title='bbox 634 3845 718 3901; x_wconf 91' lang='lat' dir='ltr'><strong>eis</strong></span> <span class='ocrx_word' id='word_1_297' title='bbox 751 3843 944 3916; x_wconf 91' lang='lat' dir='ltr'><strong>ipsum</strong></span> <span class='ocrx_word' id='word_1_298' title='bbox 975 3838 1255 3913; x_wconf 86' lang='lat' dir='ltr'><strong>Spiritum</strong></span> <span class='ocrx_word' id='word_1_299' title='bbox 1288 3838 1700 3902; x_wconf 79' lang='lat' dir='ltr'><strong>sanctuni.Qui</strong></span> <span class='ocrx_word' id='word_1_300' title='bbox 1732 3843 1928 3896; x_wconf 90' lang='lat' dir='ltr'><strong>tamen</strong></span> <span class='ocrx_word' id='word_1_301' title='bbox 1961 3842 2097 3914; x_wconf 87' lang='lat' dir='ltr'><strong>quia</strong></span> 
     </span>
    </p>
   </div>
   <div class='ocr_carea' id='block_1_43' title="bbox 449 3926 2094 4000">
    <p class='ocr_par' dir='ltr' id='par_1_43' title="bbox 449 3926 2094 4000">
     <span class='ocr_line' id='line_1_43' title="bbox 449 3926 2094 4000; baseline -0.002 -8"><span class='ocrx_word' id='word_1_302' title='bbox 449 3952 566 3992; x_wconf 91' lang='lat' dir='ltr'><strong>non</strong></span> <span class='ocrx_word' id='word_1_303' title='bbox 594 3932 889 3990; x_wconf 86' lang='lat' dir='ltr'><strong>invenitur</strong></span> <span class='ocrx_word' id='word_1_304' title='bbox 909 3930 981 3984; x_wconf 88' lang='lat' dir='ltr'><strong>ab</strong></span> <span class='ocrx_word' id='word_1_305' title='bbox 999 3926 1092 3984; x_wconf 87' lang='lat' dir='ltr'><strong>his</strong></span> <span class='ocrx_word' id='word_1_306' title='bbox 1110 3927 1453 4000; x_wconf 90' lang='lat' dir='ltr'><strong>quitentant</strong></span> <span class='ocrx_word' id='word_1_307' title='bbox 1483 3926 1871 3996; x_wconf 91' lang='lat' dir='ltr'><strong>illum,omnis</strong></span> <span class='ocrx_word' id='word_1_308' title='bbox 1893 3948 2094 3988; x_wconf 90' lang='lat' dir='ltr'><strong>eorum</strong></span> 
     </span>
    </p>
   </div>
   <div class='ocr_carea' id='block_1_44' title="bbox 447 4016 2091 4096">
    <p class='ocr_par' dir='ltr' id='par_1_44' title="bbox 447 4016 2091 4096">
     <span class='ocr_line' id='line_1_44' title="bbox 447 4016 2091 4096; baseline -0.003 -15"><span class='ocrx_word' id='word_1_309' title='bbox 447 4021 740 4096; x_wconf 78' lang='lat' dir='ltr'><strong>cogitatio,</strong></span> <span class='ocrx_word' id='word_1_310' title='bbox 762 4019 975 4076; x_wconf 90' lang='lat' dir='ltr'><strong>locutio</strong></span> <span class='ocrx_word' id='word_1_311' title='bbox 1003 4022 1059 4073; x_wconf 91' lang='lat' dir='ltr'><strong>ct</strong></span> <span class='ocrx_word' id='word_1_312' title='bbox 1090 4017 1262 4084; x_wconf 90' lang='lat' dir='ltr'><strong>actio,</strong></span> <span class='ocrx_word' id='word_1_313' title='bbox 1296 4016 1421 4072; x_wconf 85' lang='lat' dir='ltr'><strong>sine</strong></span> <span class='ocrx_word' id='word_1_314' title='bbox 1452 4017 1629 4073; x_wconf 91' lang='lat' dir='ltr'><strong>dubio</strong></span> <span class='ocrx_word' id='word_1_315' title='bbox 1669 4017 1919 4075; x_wconf 88' lang='lat' dir='ltr'><strong>habetur</strong></span> <span class='ocrx_word' id='word_1_316' title='bbox 1965 4021 2091 4094; x_wconf 89' lang='lat' dir='ltr'><strong>Spi-</strong></span> 
     </span>
    </p>
   </div>
   <div class='ocr_carea' id='block_1_45' title="bbox 448 4106 2093 4175">
    <p class='ocr_par' dir='ltr' id='par_1_45' title="bbox 448 4106 2093 4175">
     <span class='ocr_line' id='line_1_45' title="bbox 448 4106 2093 4175; baseline -0.001 -7"><span class='ocrx_word' id='word_1_317' title='bbox 448 4111 587 4169; x_wconf 90' lang='lat' dir='ltr'><strong>ritui</strong></span> <span class='ocrx_word' id='word_1_318' title='bbox 616 4112 819 4167; x_wconf 89' lang='lat' dir='ltr'><strong>sancto</strong></span> <span class='ocrx_word' id='word_1_319' title='bbox 851 4106 1245 4175; x_wconf 88' lang='lat' dir='ltr'><strong>mendacium,</strong></span> <span class='ocrx_word' id='word_1_320' title='bbox 1268 4106 1499 4162; x_wconf 88' lang='lat' dir='ltr'><strong>etiamsi</strong></span> <span class='ocrx_word' id='word_1_321' title='bbox 1531 4106 1870 4165; x_wconf 89' lang='lat' dir='ltr'><strong>hominibus</strong></span> <span class='ocrx_word' id='word_1_322' title='bbox 1902 4109 2093 4168; x_wconf 89' lang='lat' dir='ltr'><strong>videa-</strong></span> 
     </span>
    </p>
   </div>
   <div class='ocr_carea' id='block_1_46' title="bbox 446 4195 1742 4272">
    <p class='ocr_par' dir='ltr' id='par_1_46' title="bbox 446 4195 1742 4272">
     <span class='ocr_line' id='line_1_46' title="bbox 446 4195 1742 4272; baseline -0.005 -14"><span class='ocrx_word' id='word_1_323' title='bbox 446 4205 544 4258; x_wconf 92' lang='lat' dir='ltr'><strong>tur</strong></span> <span class='ocrx_word' id='word_1_324' title='bbox 571 4199 823 4272; x_wconf 86' lang='lat' dir='ltr'><strong>alicujus</strong></span> <span class='ocrx_word' id='word_1_325' title='bbox 852 4196 1110 4254; x_wconf 88' lang='lat' dir='ltr'><strong>veritatis</strong></span> <span class='ocrx_word' id='word_1_326' title='bbox 1142 4195 1409 4268; x_wconf 72' lang='lat' dir='ltr'><strong>przeferre</strong></span> <span class='ocrx_word' id='word_1_327' title='bbox 1439 4195 1742 4252; x_wconf 90' lang='lat' dir='ltr'><strong>indicium.</strong></span> 
     </span>
    </p>
   </div>
   <div class='ocr_carea' id='block_1_47' title="bbox 1084 4302 1448 4358">
    <p class='ocr_par' dir='ltr' id='par_1_47' title="bbox 1084 4302 1448 4358">
     <span class='ocr_line' id='line_1_47' title="bbox 1084 4302 1448 4358; baseline 0 0"><span class='ocrx_word' id='word_1_328' title='bbox 1084 4302 1313 4358; x_wconf 90' lang='lat' dir='ltr'><strong>CAPUT</strong></span> <span class='ocrx_word' id='word_1_329' title='bbox 1354 4302 1448 4358; x_wconf 82' lang='lat' dir='ltr'><strong>IX.</strong></span> 
     </span>
    </p>
   </div>
   <div class='ocr_carea' id='block_1_48' title="bbox 448 4392 2089 4470">
    <p class='ocr_par' dir='ltr' id='par_1_48' title="bbox 448 4392 2089 4470">
     <span class='ocr_line' id='line_1_48' title="bbox 448 4392 2089 4470; baseline -0.002 -15"><span class='ocrx_word' id='word_1_330' title='bbox 448 4398 599 4469; x_wconf 76' lang='grc' dir='ltr'><strong>Ωιιεά</strong></span> <span class='ocrx_word' id='word_1_331' title='bbox 645 4398 886 4470; x_wconf 77' lang='lat' dir='ltr'><strong>Spiritus</strong></span> <span class='ocrx_word' id='word_1_332' title='bbox 932 4396 1151 4470; x_wconf 61' lang='lat' dir='ltr'><strong>sanatus</strong></span> <span class='ocrx_word' id='word_1_333' title='bbox 1213 4392 1463 4470; x_wconf 58' lang='lat' dir='ltr'><strong>ﬁdelibus</strong></span> <span class='ocrx_word' id='word_1_334' title='bbox 1515 4403 1795 4470; x_wconf 76' lang='lat' dir='ltr'><strong>appareat,</strong></span> <span class='ocrx_word' id='word_1_335' title='bbox 1842 4396 2089 4465; x_wconf 81' lang='lat' dir='ltr'><strong>inﬁdeles</strong></span> 
     </span>
    </p>
   </div>
   <div class='ocr_carea' id='block_1_49' title="bbox 712 4463 1817 4536">
    <p class='ocr_par' dir='ltr' id='par_1_49' title="bbox 712 4463 1817 4536">
     <span class='ocr_line' id='line_1_49' title="bbox 712 4463 1817 4536; baseline -0.004 -11"><span class='ocrx_word' id='word_1_336' title='bbox 712 4472 896 4525; x_wconf 84' lang='lat' dir='ltr'><strong>autem</strong></span> <span class='ocrx_word' id='word_1_337' title='bbox 927 4468 1091 4522; x_wconf 82' lang='lat' dir='ltr'><strong>lateat</strong></span> <span class='ocrx_word' id='word_1_338' title='bbox 1120 4482 1154 4519; x_wconf 85' lang='grc' dir='ltr'><strong>(ι</strong></span> <span class='ocrx_word' id='word_1_339' title='bbox 1183 4463 1379 4535; x_wconf 79' lang='lat' dir='ltr'><strong>quibus</strong></span> <span class='ocrx_word' id='word_1_340' title='bbox 1406 4479 1504 4517; x_wconf 80' lang='lat' dir='ltr'><strong>nec</strong></span> <span class='ocrx_word' id='word_1_341' title='bbox 1533 4463 1817 4536; x_wconf 61' lang='lat' dir='ltr'><strong>quaeritur.</strong></span> 
     </span>
    </p>
   </div>
   <div class='ocr_carea' id='block_1_50' title="bbox 2216 542 3850 617">
    <p class='ocr_par' dir='ltr' id='par_1_50' title="bbox 2216 542 3850 617">
     <span class='ocr_line' id='line_1_50' title="bbox 2216 542 3850 617; baseline 0.002 -20"><span class='ocrx_word' id='word_1_342' title='bbox 2216 542 2403 611; x_wconf 90' lang='lat' dir='ltr'><strong>illum,</strong></span> <span class='ocrx_word' id='word_1_343' title='bbox 2441 548 2504 599; x_wconf 92' lang='lat' dir='ltr'><strong>ut</strong></span> <span class='ocrx_word' id='word_1_344' title='bbox 2536 549 2677 617; x_wconf 87' lang='lat' dir='ltr'><strong>puta</strong></span> <span class='ocrx_word' id='word_1_345' title='bbox 2712 544 2807 615; x_wconf 90' lang='lat' dir='ltr'><strong>qui</strong></span> <span class='ocrx_word' id='word_1_346' title='bbox 2842 544 3015 600; x_wconf 84' lang='lat' dir='ltr'><strong>ﬁdem</strong></span> <span class='ocrx_word' id='word_1_347' title='bbox 3049 562 3163 600; x_wconf 91' lang='lat' dir='ltr'><strong>non</strong></span> <span class='ocrx_word' id='word_1_348' title='bbox 3197 544 3414 601; x_wconf 84' lang='lat' dir='ltr'><strong>habent</strong></span> <span class='ocrx_word' id='word_1_349' title='bbox 3443 545 3501 600; x_wconf 92' lang='lat' dir='ltr'><strong>in</strong></span> <span class='ocrx_word' id='word_1_350' title='bbox 3548 544 3742 613; x_wconf 90' lang='lat' dir='ltr'><strong>illum,</strong></span> <span class='ocrx_word' id='word_1_351' title='bbox 3775 563 3850 602; x_wconf 86' lang='lat' dir='ltr'><strong>se-</strong></span> 
     </span>
    </p>
   </div>
   <div class='ocr_carea' id='block_1_51' title="bbox 2214 631 3851 705">
    <p class='ocr_par' dir='ltr' id='par_1_51' title="bbox 2214 631 3851 705">
     <span class='ocr_line' id='line_1_51' title="bbox 2214 631 3851 705; baseline 0.002 -18"><span class='ocrx_word' id='word_1_352' title='bbox 2214 632 2473 687; x_wconf 92' lang='lat' dir='ltr'><strong>cundum</strong></span> <span class='ocrx_word' id='word_1_353' title='bbox 2504 632 2660 705; x_wconf 92' lang='lat' dir='ltr'><strong>quod</strong></span> <span class='ocrx_word' id='word_1_354' title='bbox 2692 631 3157 690; x_wconf 90' lang='lat' dir='ltr'><strong>incredulitatem</strong></span> <span class='ocrx_word' id='word_1_355' title='bbox 3181 634 3510 705; x_wconf 75' lang='lat' dir='ltr'><strong>judaeorum</strong></span> <span class='ocrx_word' id='word_1_356' title='bbox 3542 635 3851 691; x_wconf 86' lang='lat' dir='ltr'><strong>cavendam</strong></span> 
     </span>
    </p>
   </div>
   <div class='ocr_carea' id='block_1_52' title="bbox 2211 721 3852 795">
    <p class='ocr_par' dir='ltr' id='par_1_52' title="bbox 2211 721 3852 795">
     <span class='ocr_line' id='line_1_52' title="bbox 2211 721 3852 795; baseline 0.002 -20"><span class='ocrx_word' id='word_1_357' title='bbox 2211 721 2525 792; x_wconf 90' lang='lat' dir='ltr'><strong>Apostolus</strong></span> <span class='ocrx_word' id='word_1_358' title='bbox 2555 738 2819 789; x_wconf 87' lang='lat' dir='ltr'><strong>monens,</strong></span> <span class='ocrx_word' id='word_1_359' title='bbox 2843 722 2942 778; x_wconf 91' lang='lat' dir='ltr'><strong>ait:</strong></span> <span class='ocrx_word' id='word_1_360' title='bbox 2955 744 2981 771; x_wconf 88' lang='grc'>‹‹</span> <span class='ocrx_word' id='word_1_361' title='bbox 2996 723 3194 795; x_wconf 89' lang='lat' dir='ltr'><strong>Neque</strong></span> <span class='ocrx_word' id='word_1_362' title='bbox 3223 726 3519 779; x_wconf 90' lang='lat' dir='ltr'><strong>tentemus</strong></span> <span class='ocrx_word' id='word_1_363' title='bbox 3540 722 3852 793; x_wconf 87' lang='lat' dir='ltr'><strong>Christum,</strong></span> 
     </span>
    </p>
   </div>
   <div class='ocr_carea' id='block_1_53' title="bbox 2215 810 3856 885">
    <p class='ocr_par' dir='ltr' id='par_1_53' title="bbox 2215 810 3856 885">
     <span class='ocr_line' id='line_1_53' title="bbox 2215 810 3856 885; baseline 0.002 -19"><span class='ocrx_word' id='word_1_364' title='bbox 2215 810 2369 866; x_wconf 90' lang='lat' dir='ltr'><strong>sicut</strong></span> <span class='ocrx_word' id='word_1_365' title='bbox 2396 810 2638 882; x_wconf 89' lang='lat' dir='ltr'><strong>quidam</strong></span> <span class='ocrx_word' id='word_1_366' title='bbox 2670 827 2874 867; x_wconf 88' lang='lat' dir='ltr'><strong>eorum</strong></span> <span class='ocrx_word' id='word_1_367' title='bbox 2905 815 3299 880; x_wconf 89' lang='lat' dir='ltr'><strong>tentaverunt,</strong></span> <span class='ocrx_word' id='word_1_368' title='bbox 3332 816 3389 868; x_wconf 91' lang='lat' dir='ltr'><strong>et</strong></span> <span class='ocrx_word' id='word_1_369' title='bbox 3416 829 3451 868; x_wconf 88' lang='lat' dir='ltr'><strong>a</strong></span> <span class='ocrx_word' id='word_1_370' title='bbox 3489 812 3856 885; x_wconf 87' lang='lat' dir='ltr'><strong>serpentibus</strong></span> 
     </span>
    </p>
   </div>
   <div class='ocr_carea' id='block_1_54' title="bbox 2214 897 3855 972">
    <p class='ocr_par' dir='ltr' id='par_1_54' title="bbox 2214 897 3855 972">
     <span class='ocr_line' id='line_1_54' title="bbox 2214 897 3855 972; baseline 0.003 -19"><span class='ocrx_word' id='word_1_371' title='bbox 2214 897 2512 971; x_wconf 90' lang='lat' dir='ltr'><strong>perierunt</strong></span> <span class='ocrx_word' id='word_1_372' title='bbox 2543 899 2594 969; x_wconf 88' lang='grc' dir='ltr'><strong>(ι</strong></span> <span class='ocrx_word' id='word_1_373' title='bbox 2627 899 2747 955; x_wconf 87' lang='lat' dir='ltr'><strong>Cor.</strong></span> <span class='ocrx_word' id='word_1_374' title='bbox 2774 917 2831 968; x_wconf 86' lang='lat' dir='ltr'><strong>x,</strong></span> <span class='ocrx_word' id='word_1_375' title='bbox 2852 899 3055 971; x_wconf 85' lang='lat' dir='ltr'><strong>9).»De</strong></span> <span class='ocrx_word' id='word_1_376' title='bbox 3086 899 3300 972; x_wconf 90' lang='lat' dir='ltr'><strong>quibus</strong></span> <span class='ocrx_word' id='word_1_377' title='bbox 3330 905 3388 957; x_wconf 92' lang='lat' dir='ltr'><strong>et</strong></span> <span class='ocrx_word' id='word_1_378' title='bbox 3414 900 3739 958; x_wconf 84' lang='lat' dir='ltr'><strong>Psalmista</strong></span> <span class='ocrx_word' id='word_1_379' title='bbox 3761 902 3855 958; x_wconf 86' lang='lat' dir='ltr'><strong>ait:</strong></span> 
     </span>
    </p>
   </div>
   <div class='ocr_carea' id='block_1_55' title="bbox 2215 988 3859 1063">
    <p class='ocr_par' dir='ltr' id='par_1_55' title="bbox 2215 988 3859 1063">
     <span class='ocr_line' id='line_1_55' title="bbox 2215 988 3859 1063; baseline 0.006 -26"><span class='ocrx_word' id='word_1_380' title='bbox 2215 1009 2243 1037; x_wconf 92' lang='grc'><strong>‹‹</strong></span> <span class='ocrx_word' id='word_1_381' title='bbox 2278 988 2672 1043; x_wconf 86' lang='lat' dir='ltr'><strong>Tentavcrunt</strong></span> <span class='ocrx_word' id='word_1_382' title='bbox 2697 988 2881 1044; x_wconf 91' lang='lat' dir='ltr'><strong>Deum</strong></span> <span class='ocrx_word' id='word_1_383' title='bbox 2914 988 2974 1043; x_wconf 94' lang='lat' dir='ltr'><strong>in</strong></span> <span class='ocrx_word' id='word_1_384' title='bbox 3001 989 3278 1044; x_wconf 89' lang='lat' dir='ltr'><strong>cordibus</strong></span> <span class='ocrx_word' id='word_1_385' title='bbox 3310 989 3455 1060; x_wconf 89' lang='lat' dir='ltr'><strong>suis,</strong></span> <span class='ocrx_word' id='word_1_386' title='bbox 3500 993 3566 1046; x_wconf 88' lang='lat' dir='ltr'><strong>ut</strong></span> <span class='ocrx_word' id='word_1_387' title='bbox 3610 995 3859 1063; x_wconf 84' lang='lat' dir='ltr'><strong>peterent</strong></span> 
     </span>
    </p>
   </div>
   <div class='ocr_carea' id='block_1_56' title="bbox 2213 1076 3854 1150">
    <p class='ocr_par' dir='ltr' id='par_1_56' title="bbox 2213 1076 3854 1150">
     <span class='ocr_line' id='line_1_56' title="bbox 2213 1076 3854 1150; baseline 0.003 -18"><span class='ocrx_word' id='word_1_388' title='bbox 2213 1093 2377 1132; x_wconf 83' lang='lat' dir='ltr'><strong>escas</strong></span> <span class='ocrx_word' id='word_1_389' title='bbox 2408 1076 2720 1133; x_wconf 86' lang='lat' dir='ltr'><strong>animabus</strong></span> <span class='ocrx_word' id='word_1_390' title='bbox 2750 1077 2875 1133; x_wconf 91' lang='lat' dir='ltr'><strong>suis</strong></span> <span class='ocrx_word' id='word_1_391' title='bbox 2915 1077 3083 1149; x_wconf 88' lang='lat' dir='ltr'><strong>(Psal.</strong></span> <span class='ocrx_word' id='word_1_392' title='bbox 3138 1094 3348 1147; x_wconf 84' lang='lat' dir='ltr'><strong>Lxxvu,</strong></span> <span class='ocrx_word' id='word_1_393' title='bbox 3384 1079 3495 1150; x_wconf 89' lang='grc'><strong>18),</strong></span> <span class='ocrx_word' id='word_1_394' title='bbox 3530 1102 3558 1129; x_wconf 83' lang='grc'><strong>››</strong></span> <span class='ocrx_word' id='word_1_395' title='bbox 3593 1080 3854 1149; x_wconf 86' lang='lat' dir='ltr'><strong>dicendo,</strong></span> 
     </span>
    </p>
   </div>
   <div class='ocr_carea' id='block_1_57' title="bbox 2213 1164 3854 1226">
    <p class='ocr_par' dir='ltr' id='par_1_57' title="bbox 2213 1164 3854 1226">
     <span class='ocr_line' id='line_1_57' title="bbox 2213 1164 3854 1226; baseline 0.004 -6"><span class='ocrx_word' id='word_1_396' title='bbox 2213 1170 2278 1221; x_wconf 92' lang='lat' dir='ltr'><strong>ut</strong></span> <span class='ocrx_word' id='word_1_397' title='bbox 2307 1164 2556 1222; x_wconf 87' lang='lat' dir='ltr'><strong>historia</strong></span> <span class='ocrx_word' id='word_1_398' title='bbox 2584 1166 2757 1222; x_wconf 87' lang='lat' dir='ltr'><strong>refert</strong></span> <span class='ocrx_word' id='word_1_399' title='bbox 2790 1167 2947 1222; x_wconf 82' lang='lat' dir='ltr'><strong>:«Est</strong></span> <span class='ocrx_word' id='word_1_400' title='bbox 2976 1182 3049 1222; x_wconf 89' lang='lat' dir='ltr'><strong>ne</strong></span> <span class='ocrx_word' id='word_1_401' title='bbox 3080 1166 3235 1223; x_wconf 91' lang='lat' dir='ltr'><strong>Deus</strong></span> <span class='ocrx_word' id='word_1_402' title='bbox 3264 1167 3324 1223; x_wconf 91' lang='lat' dir='ltr'><strong>in</strong></span> <span class='ocrx_word' id='word_1_403' title='bbox 3357 1167 3527 1224; x_wconf 82' lang='lat' dir='ltr'><strong>nobis</strong></span> <span class='ocrx_word' id='word_1_404' title='bbox 3549 1186 3624 1224; x_wconf 89' lang='lat' dir='ltr'><strong>an</strong></span> <span class='ocrx_word' id='word_1_405' title='bbox 3667 1186 3788 1226; x_wconf 90' lang='lat' dir='ltr'><strong>non</strong></span> <span class='ocrx_word' id='word_1_406' title='bbox 3804 1170 3854 1225; x_wconf 72' lang='lat'><strong>‘1»</strong></span> 
     </span>
    </p>
   </div>
   <div class='ocr_carea' id='block_1_58' title="bbox 2214 1253 3854 1327">
    <p class='ocr_par' dir='ltr' id='par_1_58' title="bbox 2214 1253 3854 1327">
     <span class='ocr_line' id='line_1_58' title="bbox 2214 1253 3854 1327; baseline 0.002 -18"><span class='ocrx_word' id='word_1_407' title='bbox 2214 1253 2362 1309; x_wconf 91' lang='lat' dir='ltr'><strong>Illud</strong></span> <span class='ocrx_word' id='word_1_408' title='bbox 2394 1271 2625 1327; x_wconf 91' lang='lat' dir='ltr'><strong>quoque</strong></span> <span class='ocrx_word' id='word_1_409' title='bbox 2651 1255 2957 1327; x_wconf 67' lang='lat' dir='ltr'><strong>Sapientiae</strong></span> <span class='ocrx_word' id='word_1_410' title='bbox 2979 1256 3226 1312; x_wconf 91' lang='lat' dir='ltr'><strong>dicentis</strong></span> <span class='ocrx_word' id='word_1_411' title='bbox 3250 1259 3574 1324; x_wconf 67' lang='lat' dir='ltr'><strong>:«Quaarent</strong></span> <span class='ocrx_word' id='word_1_412' title='bbox 3604 1274 3703 1315; x_wconf 91' lang='lat' dir='ltr'><strong>me</strong></span> <span class='ocrx_word' id='word_1_413' title='bbox 3731 1258 3854 1315; x_wconf 85' lang='lat' dir='ltr'><strong>mali</strong></span> 
     </span>
    </p>
   </div>
   <div class='ocr_carea' id='block_1_59' title="bbox 2212 1343 3855 1417">
    <p class='ocr_par' dir='ltr' id='par_1_59' title="bbox 2212 1343 3855 1417">
     <span class='ocr_line' id='line_1_59' title="bbox 2212 1343 3855 1417; baseline 0.004 -19"><span class='ocrx_word' id='word_1_414' title='bbox 2212 1347 2269 1398; x_wconf 90' lang='lat' dir='ltr'><strong>et</strong></span> <span class='ocrx_word' id='word_1_415' title='bbox 2298 1361 2411 1399; x_wconf 91' lang='lat' dir='ltr'><strong>non</strong></span> <span class='ocrx_word' id='word_1_416' title='bbox 2439 1343 2752 1400; x_wconf 89' lang='lat' dir='ltr'><strong>invenient.</strong></span> <span class='ocrx_word' id='word_1_417' title='bbox 2789 1367 2817 1395; x_wconf 87' lang='lat'>»</span> <span class='ocrx_word' id='word_1_418' title='bbox 2832 1344 2891 1400; x_wconf 91' lang='lat' dir='ltr'><strong>Si</strong></span> <span class='ocrx_word' id='word_1_419' title='bbox 2921 1344 2981 1400; x_wconf 94' lang='lat' dir='ltr'><strong>in</strong></span> <span class='ocrx_word' id='word_1_420' title='bbox 3012 1344 3122 1400; x_wconf 89' lang='lat' dir='ltr'><strong>hoc</strong></span> <span class='ocrx_word' id='word_1_421' title='bbox 3147 1345 3358 1402; x_wconf 80' lang='lat' dir='ltr'><strong>saeculo</strong></span> <span class='ocrx_word' id='word_1_422' title='bbox 3389 1347 3855 1417; x_wconf 85' lang='lat' dir='ltr'><strong>subauditur,se-</strong></span> 
     </span>
    </p>
   </div>
   <div class='ocr_carea' id='block_1_60' title="bbox 2212 1433 3854 1509">
    <p class='ocr_par' dir='ltr' id='par_1_60' title="bbox 2212 1433 3854 1509">
     <span class='ocr_line' id='line_1_60' title="bbox 2212 1433 3854 1509; baseline 0.005 -23"><span class='ocrx_word' id='word_1_423' title='bbox 2212 1433 2469 1487; x_wconf 82' lang='lat' dir='ltr'><strong>cundum</strong></span> <span class='ocrx_word' id='word_1_424' title='bbox 2503 1433 2887 1504; x_wconf 61' lang='lat' dir='ltr'><strong>prtecedentia</strong></span> <span class='ocrx_word' id='word_1_425' title='bbox 2916 1434 3320 1506; x_wconf 90' lang='lat' dir='ltr'><strong>accipiendum</strong></span> <span class='ocrx_word' id='word_1_426' title='bbox 3352 1440 3463 1502; x_wconf 88' lang='lat' dir='ltr'><strong>est,</strong></span> <span class='ocrx_word' id='word_1_427' title='bbox 3496 1438 3670 1509; x_wconf 86' lang='lat' dir='ltr'><strong>quasi</strong></span> <span class='ocrx_word' id='word_1_428' title='bbox 3714 1437 3854 1494; x_wconf 85' lang='lat' dir='ltr'><strong>dice-</strong></span> 
     </span>
    </p>
   </div>
   <div class='ocr_carea' id='block_1_61' title="bbox 2214 1521 3855 1595">
    <p class='ocr_par' dir='ltr' id='par_1_61' title="bbox 2214 1521 3855 1595">
     <span class='ocr_line' id='line_1_61' title="bbox 2214 1521 3855 1595; baseline 0.004 -20"><span class='ocrx_word' id='word_1_429' title='bbox 2214 1525 2371 1576; x_wconf 87' lang='lat' dir='ltr'><strong>retur</strong></span> <span class='ocrx_word' id='word_1_430' title='bbox 2398 1540 2416 1575; x_wconf 90' lang='lat'><em>:</em></span> <span class='ocrx_word' id='word_1_431' title='bbox 2449 1522 2785 1577; x_wconf 85' lang='lat' dir='ltr'><strong>Tentabunt</strong></span> <span class='ocrx_word' id='word_1_432' title='bbox 2813 1538 2906 1577; x_wconf 91' lang='lat' dir='ltr'><strong>me</strong></span> <span class='ocrx_word' id='word_1_433' title='bbox 2940 1521 3072 1577; x_wconf 90' lang='lat' dir='ltr'><strong>mali</strong></span> <span class='ocrx_word' id='word_1_434' title='bbox 3104 1528 3161 1579; x_wconf 85' lang='lat' dir='ltr'><strong>et</strong></span> <span class='ocrx_word' id='word_1_435' title='bbox 3193 1538 3296 1579; x_wconf 90' lang='lat' dir='ltr'><strong>nec</strong></span> <span class='ocrx_word' id='word_1_436' title='bbox 3316 1525 3488 1595; x_wconf 84' lang='lat' dir='ltr'><strong>juxta</strong></span> <span class='ocrx_word' id='word_1_437' title='bbox 3517 1525 3669 1581; x_wconf 90' lang='lat' dir='ltr'><strong>velle</strong></span> <span class='ocrx_word' id='word_1_438' title='bbox 3693 1544 3855 1582; x_wconf 88' lang='lat' dir='ltr'><strong>suum</strong></span> 
     </span>
    </p>
   </div>
   <div class='ocr_carea' id='block_1_62' title="bbox 2214 1608 3859 1686">
    <p class='ocr_par' dir='ltr' id='par_1_62' title="bbox 2214 1608 3859 1686">
     <span class='ocr_line' id='line_1_62' title="bbox 2214 1608 3859 1686; baseline 0.005 -24"><span class='ocrx_word' id='word_1_439' title='bbox 2214 1608 2582 1665; x_wconf 79' lang='lat' dir='ltr'><strong>invenientur</strong></span> <span class='ocrx_word' id='word_1_440' title='bbox 2597 1627 2689 1665; x_wconf 92' lang='lat' dir='ltr'><strong>me</strong></span> <span class='ocrx_word' id='word_1_441' title='bbox 2708 1611 2993 1667; x_wconf 88' lang='lat' dir='ltr'><strong>faventem</strong></span> <span class='ocrx_word' id='word_1_442' title='bbox 3018 1611 3416 1684; x_wconf 86' lang='lat' dir='ltr'><strong>sibi;alioquin</strong></span> <span class='ocrx_word' id='word_1_443' title='bbox 3437 1614 3571 1686; x_wconf 90' lang='lat' dir='ltr'><strong>quis</strong></span> <span class='ocrx_word' id='word_1_444' title='bbox 3597 1615 3859 1686; x_wconf 61' lang='lat' dir='ltr'><strong>quassivit</strong></span> 
     </span>
    </p>
   </div>
   <div class='ocr_carea' id='block_1_63' title="bbox 2212 1698 3855 1762">
    <p class='ocr_par' dir='ltr' id='par_1_63' title="bbox 2212 1698 3855 1762">
     <span class='ocr_line' id='line_1_63' title="bbox 2212 1698 3855 1762; baseline 0.004 -9"><span class='ocrx_word' id='word_1_445' title='bbox 2212 1698 2525 1754; x_wconf 90' lang='lat' dir='ltr'><strong>Dominum</strong></span> <span class='ocrx_word' id='word_1_446' title='bbox 2550 1704 2737 1753; x_wconf 81' lang='lat' dir='ltr'><strong>etnon</strong></span> <span class='ocrx_word' id='word_1_447' title='bbox 2766 1699 3339 1762; x_wconf 80' lang='lat' dir='ltr'><strong>invenit?«0uoniam</strong></span> <span class='ocrx_word' id='word_1_448' title='bbox 3363 1702 3420 1757; x_wconf 92' lang='lat' dir='ltr'><strong>in</strong></span> <span class='ocrx_word' id='word_1_449' title='bbox 3444 1704 3730 1760; x_wconf 66' lang='lat' dir='ltr'><strong>saeculum</strong></span> <span class='ocrx_word' id='word_1_450' title='bbox 3760 1705 3855 1760; x_wconf 83' lang='lat' dir='ltr'><strong>mi-</strong></span> 
     </span>
    </p>
   </div>
   <div class='ocr_carea' id='block_1_64' title="bbox 2214 1787 3856 1864">
    <p class='ocr_par' dir='ltr' id='par_1_64' title="bbox 2214 1787 3856 1864">
     <span class='ocr_line' id='line_1_64' title="bbox 2214 1787 3856 1864; baseline 0.004 -21"><span class='ocrx_word' id='word_1_451' title='bbox 2214 1787 2528 1843; x_wconf 88' lang='lat' dir='ltr'><strong>sericordia</strong></span> <span class='ocrx_word' id='word_1_452' title='bbox 2558 1789 2985 1861; x_wconf 74' lang='lat' dir='ltr'><strong>ejus(l’snl.cvi,</strong></span> <span class='ocrx_word' id='word_1_453' title='bbox 3024 1791 3093 1861; x_wconf 85' lang='grc'><strong>1),</strong></span> <span class='ocrx_word' id='word_1_454' title='bbox 3132 1814 3158 1837; x_wconf 87' lang='grc'><strong>››</strong></span> <span class='ocrx_word' id='word_1_455' title='bbox 3191 1794 3246 1845; x_wconf 91' lang='lat' dir='ltr'><strong>et</strong></span> <span class='ocrx_word' id='word_1_456' title='bbox 3276 1791 3375 1863; x_wconf 85' lang='lat' dir='ltr'><strong>qui</strong></span> <span class='ocrx_word' id='word_1_457' title='bbox 3411 1794 3856 1864; x_wconf 65' lang='lat' dir='ltr'><strong>quierit,invenit</strong></span> 
     </span>
    </p>
   </div>
   <div class='ocr_carea' id='block_1_65' title="bbox 2219 1875 3854 1957">
    <p class='ocr_par' dir='ltr' id='par_1_65' title="bbox 2219 1875 3854 1957">
     <span class='ocr_line' id='line_1_65' title="bbox 2219 1875 3854 1957; baseline 0.006 -27"><span class='ocrx_word' id='word_1_458' title='bbox 2219 1875 2427 1948; x_wconf 79' lang='lat' dir='ltr'><strong>(Matth.</strong></span> <span class='ocrx_word' id='word_1_459' title='bbox 2456 1894 2556 1943; x_wconf 80' lang='lat' dir='ltr'><strong>vn,</strong></span> <span class='ocrx_word' id='word_1_460' title='bbox 2587 1878 2664 1949; x_wconf 93' lang='lat'><strong>8).</strong></span> <span class='ocrx_word' id='word_1_461' title='bbox 2698 1878 2755 1931; x_wconf 87' lang='lat' dir='ltr'><strong>Si</strong></span> <span class='ocrx_word' id='word_1_462' title='bbox 2786 1882 2980 1934; x_wconf 89' lang='lat' dir='ltr'><strong>au‘em</strong></span> <span class='ocrx_word' id='word_1_463' title='bbox 3015 1880 3069 1933; x_wconf 91' lang='lat' dir='ltr'><strong>in</strong></span> <span class='ocrx_word' id='word_1_464' title='bbox 3105 1879 3299 1936; x_wconf 85' lang='lat' dir='ltr'><strong>futuro</strong></span> <span class='ocrx_word' id='word_1_465' title='bbox 3331 1882 3854 1957; x_wconf 67' lang='lat' dir='ltr'><strong>subauditur,quaa-</strong></span> 
     </span>
    </p>
   </div>
   <div class='ocr_carea' id='block_1_66' title="bbox 2218 1967 3849 2044">
    <p class='ocr_par' dir='ltr' id='par_1_66' title="bbox 2218 1967 3849 2044">
     <span class='ocr_line' id='line_1_66' title="bbox 2218 1967 3849 2044; baseline 0.005 -23"><span class='ocrx_word' id='word_1_466' title='bbox 2218 1970 2611 2033; x_wconf 88' lang='lat' dir='ltr'><strong>returtunc,et</strong></span> <span class='ocrx_word' id='word_1_467' title='bbox 2631 1967 3086 2024; x_wconf 66' lang='lat' dir='ltr'><strong>noninwnietur</strong></span> <span class='ocrx_word' id='word_1_468' title='bbox 3108 1970 3243 2042; x_wconf 88' lang='lat' dir='ltr'><strong>quia</strong></span> <span class='ocrx_word' id='word_1_469' title='bbox 3256 1970 3648 2027; x_wconf 87' lang='lat' dir='ltr'><strong>duminveniri</strong></span> <span class='ocrx_word' id='word_1_470' title='bbox 3663 1977 3849 2044; x_wconf 87' lang='lat' dir='ltr'><strong>potest</strong></span> 
     </span>
    </p>
   </div>
   <div class='ocr_carea' id='block_1_67' title="bbox 2218 2056 3852 2134">
    <p class='ocr_par' dir='ltr' id='par_1_67' title="bbox 2218 2056 3852 2134">
     <span class='ocr_line' id='line_1_67' title="bbox 2218 2056 3852 2134; baseline 0.005 -23"><span class='ocrx_word' id='word_1_471' title='bbox 2218 2072 2373 2111; x_wconf 89' lang='lat' dir='ltr'><strong>nunc</strong></span> <span class='ocrx_word' id='word_1_472' title='bbox 2405 2073 2519 2111; x_wconf 92' lang='lat' dir='ltr'><strong>non</strong></span> <span class='ocrx_word' id='word_1_473' title='bbox 2553 2056 3020 2128; x_wconf 74' lang='lat' dir='ltr'><strong>qumritur.Unde</strong></span> <span class='ocrx_word' id='word_1_474' title='bbox 3050 2059 3332 2131; x_wconf 87' lang='lat' dir='ltr'><strong>propheta</strong></span> <span class='ocrx_word' id='word_1_475' title='bbox 3351 2061 3422 2115; x_wconf 86' lang='lat' dir='ltr'><strong>ad</strong></span> <span class='ocrx_word' id='word_1_476' title='bbox 3446 2077 3571 2117; x_wconf 88' lang='lat' dir='ltr'><strong>vere</strong></span> <span class='ocrx_word' id='word_1_477' title='bbox 3602 2079 3852 2134; x_wconf 70' lang='lat' dir='ltr'><strong>quaeren-</strong></span> 
     </span>
    </p>
   </div>
   <div class='ocr_carea' id='block_1_68' title="bbox 2218 2146 3855 2224">
    <p class='ocr_par' dir='ltr' id='par_1_68' title="bbox 2218 2146 3855 2224">
     <span class='ocr_line' id='line_1_68' title="bbox 2218 2146 3855 2224; baseline 0.004 -23"><span class='ocrx_word' id='word_1_478' title='bbox 2218 2146 2359 2201; x_wconf 89' lang='lat' dir='ltr'><strong>dum</strong></span> <span class='ocrx_word' id='word_1_479' title='bbox 2391 2146 2699 2201; x_wconf 88' lang='lat' dir='ltr'><strong>Dominum</strong></span> <span class='ocrx_word' id='word_1_480' title='bbox 2726 2148 3048 2203; x_wconf 89' lang='lat' dir='ltr'><strong>admonens</strong></span> <span class='ocrx_word' id='word_1_481' title='bbox 3073 2147 3154 2203; x_wconf 89' lang='lat' dir='ltr'><strong>ait</strong></span> <span class='ocrx_word' id='word_1_482' title='bbox 3185 2165 3198 2202; x_wconf 90' lang='lat'>:</span> <span class='ocrx_word' id='word_1_483' title='bbox 3225 2148 3282 2204; x_wconf 92' lang='lat' dir='ltr'><strong>Si</strong></span> <span class='ocrx_word' id='word_1_484' title='bbox 3317 2150 3596 2221; x_wconf 77' lang='lat' dir='ltr'><strong>quaeritis,</strong></span> <span class='ocrx_word' id='word_1_485' title='bbox 3624 2153 3855 2224; x_wconf 71' lang='lat' dir='ltr'><strong>quaerite</strong></span> 
     </span>
    </p>
   </div>
   <div class='ocr_carea' id='block_1_69' title="bbox 2218 2235 3857 2309">
    <p class='ocr_par' dir='ltr' id='par_1_69' title="bbox 2218 2235 3857 2309">
     <span class='ocr_line' id='line_1_69' title="bbox 2218 2235 3857 2309; baseline 0.004 -18"><span class='ocrx_word' id='word_1_486' title='bbox 2218 2238 2493 2305; x_wconf 80' lang='lat' dir='ltr'><strong>(Isa.xx1,</strong></span> <span class='ocrx_word' id='word_1_487' title='bbox 2530 2236 2633 2295; x_wconf 85' lang='grc'>12).</span> <span class='ocrx_word' id='word_1_488' title='bbox 2681 2235 2785 2301; x_wconf 88' lang='lat' dir='ltr'><strong>Qui</strong></span> <span class='ocrx_word' id='word_1_489' title='bbox 2838 2235 2993 2290; x_wconf 89' lang='lat' dir='ltr'><strong>enim</strong></span> <span class='ocrx_word' id='word_1_490' title='bbox 3044 2237 3173 2292; x_wconf 89' lang='lat' dir='ltr'><strong>ficte</strong></span> <span class='ocrx_word' id='word_1_491' title='bbox 3224 2238 3428 2309; x_wconf 66' lang='lat' dir='ltr'><strong>quierit</strong></span> <span class='ocrx_word' id='word_1_492' title='bbox 3474 2239 3688 2307; x_wconf 90' lang='lat' dir='ltr'><strong>Deum,</strong></span> <span class='ocrx_word' id='word_1_493' title='bbox 3718 2260 3857 2298; x_wconf 87' lang='lat' dir='ltr'><strong>nun-</strong></span> 
     </span>
    </p>
   </div>
   <div class='ocr_carea' id='block_1_70' title="bbox 2217 2324 3855 2398">
    <p class='ocr_par' dir='ltr' id='par_1_70' title="bbox 2217 2324 3855 2398">
     <span class='ocr_line' id='line_1_70' title="bbox 2217 2324 3855 2398; baseline 0.005 -19"><span class='ocrx_word' id='word_1_494' title='bbox 2217 2341 2393 2397; x_wconf 89' lang='lat' dir='ltr'><strong>quam</strong></span> <span class='ocrx_word' id='word_1_495' title='bbox 2434 2324 2684 2379; x_wconf 88' lang='lat' dir='ltr'><strong>inveniet</strong></span> <span class='ocrx_word' id='word_1_496' title='bbox 2710 2341 2844 2380; x_wconf 90' lang='lat' dir='ltr'><strong>cum</strong></span> <span class='ocrx_word' id='word_1_497' title='bbox 2879 2342 2892 2380; x_wconf 88' lang='lat'>:</span> <span class='ocrx_word' id='word_1_498' title='bbox 2929 2347 2956 2373; x_wconf 91' lang='grc'><strong>‹‹</strong></span> <span class='ocrx_word' id='word_1_499' title='bbox 2988 2326 3251 2393; x_wconf 72' lang='lat' dir='ltr'><strong>Quzerile,</strong></span> <span class='ocrx_word' id='word_1_500' title='bbox 3282 2326 3476 2398; x_wconf 88' lang='lat' dir='ltr'><strong>inquit</strong></span> <span class='ocrx_word' id='word_1_501' title='bbox 3530 2329 3855 2398; x_wconf 84' lang='lat' dir='ltr'><strong>Psalmista,</strong></span> 
     </span>
    </p>
   </div>
   <div class='ocr_carea' id='block_1_71' title="bbox 2216 2413 3856 2491">
    <p class='ocr_par' dir='ltr' id='par_1_71' title="bbox 2216 2413 3856 2491">
     <span class='ocr_line' id='line_1_71' title="bbox 2216 2413 3856 2491; baseline 0.005 -22"><span class='ocrx_word' id='word_1_502' title='bbox 2216 2414 2554 2479; x_wconf 88' lang='lat' dir='ltr'><strong>Dominum,</strong></span> <span class='ocrx_word' id='word_1_503' title='bbox 2607 2418 2662 2468; x_wconf 89' lang='lat' dir='ltr'><strong>et</strong></span> <span class='ocrx_word' id='word_1_504' title='bbox 2718 2413 3169 2485; x_wconf 89' lang='lat' dir='ltr'><strong>confirmamini,</strong></span> <span class='ocrx_word' id='word_1_505' title='bbox 3223 2415 3459 2487; x_wconf 69' lang='lat' dir='ltr'><strong>quaerite</strong></span> <span class='ocrx_word' id='word_1_506' title='bbox 3500 2416 3713 2475; x_wconf 88' lang='lat' dir='ltr'><strong>faciem</strong></span> <span class='ocrx_word' id='word_1_507' title='bbox 3738 2422 3856 2491; x_wconf 88' lang='lat' dir='ltr'><strong>ejus</strong></span> 
     </span>
    </p>
   </div>
   <div class='ocr_carea' id='block_1_72' title="bbox 2216 2504 3857 2577">
    <p class='ocr_par' dir='ltr' id='par_1_72' title="bbox 2216 2504 3857 2577">
     <span class='ocr_line' id='line_1_72' title="bbox 2216 2504 3857 2577; baseline 0.004 -18"><span class='ocrx_word' id='word_1_508' title='bbox 2216 2520 2448 2576; x_wconf 88' lang='lat' dir='ltr'><strong>semper</strong></span> <span class='ocrx_word' id='word_1_509' title='bbox 2478 2504 2650 2574; x_wconf 82' lang='lat' dir='ltr'><strong>(Psat.</strong></span> <span class='ocrx_word' id='word_1_510' title='bbox 2677 2519 2788 2568; x_wconf 85' lang='lat' dir='ltr'><strong>CIV,</strong></span> <span class='ocrx_word' id='word_1_511' title='bbox 2825 2504 2895 2574; x_wconf 83' lang='grc'><strong>4).</strong></span> <span class='ocrx_word' id='word_1_512' title='bbox 2931 2527 2957 2552; x_wconf 82' lang='grc'><strong>‹‹</strong></span> <span class='ocrx_word' id='word_1_513' title='bbox 2993 2504 3061 2559; x_wconf 90' lang='lat' dir='ltr'><strong>Et</strong></span> <span class='ocrx_word' id='word_1_514' title='bbox 3091 2508 3286 2560; x_wconf 89' lang='lat' dir='ltr'><strong>tamen</strong></span> <span class='ocrx_word' id='word_1_515' title='bbox 3318 2505 3448 2577; x_wconf 77' lang='lat' dir='ltr'><strong>quia</strong></span> <span class='ocrx_word' id='word_1_516' title='bbox 3495 2508 3742 2565; x_wconf 90' lang='lat' dir='ltr'><strong>omnino</strong></span> <span class='ocrx_word' id='word_1_517' title='bbox 3769 2526 3857 2565; x_wconf 82' lang='lat' dir='ltr'><strong>ve-</strong></span> 
     </span>
    </p>
   </div>
   <div class='ocr_carea' id='block_1_73' title="bbox 2215 2591 3856 2664">
    <p class='ocr_par' dir='ltr' id='par_1_73' title="bbox 2215 2591 3856 2664">
     <span class='ocr_line' id='line_1_73' title="bbox 2215 2591 3856 2664; baseline 0.005 -18"><span class='ocrx_word' id='word_1_518' title='bbox 2215 2609 2344 2647; x_wconf 90' lang='lat' dir='ltr'><strong>rum</strong></span> <span class='ocrx_word' id='word_1_519' title='bbox 2392 2596 2480 2647; x_wconf 90' lang='lat' dir='ltr'><strong>est</strong></span> <span class='ocrx_word' id='word_1_520' title='bbox 2515 2609 2527 2646; x_wconf 91' lang='lat'><strong>:</strong></span> <span class='ocrx_word' id='word_1_521' title='bbox 2560 2591 2665 2658; x_wconf 88' lang='lat' dir='ltr'><strong>Qui</strong></span> <span class='ocrx_word' id='word_1_522' title='bbox 2719 2592 2944 2664; x_wconf 59' lang='lat' dir='ltr'><strong>quierit,</strong></span> <span class='ocrx_word' id='word_1_523' title='bbox 2994 2592 3232 2661; x_wconf 79' lang='lat' dir='ltr'><strong>invenit,</strong></span> <span class='ocrx_word' id='word_1_524' title='bbox 3284 2595 3644 2652; x_wconf 88' lang='lat' dir='ltr'><strong>concedatur</strong></span> <span class='ocrx_word' id='word_1_525' title='bbox 3692 2599 3856 2654; x_wconf 87' lang='lat' dir='ltr'><strong>etiam</strong></span> 
     </span>
    </p>
   </div>
   <div class='ocr_carea' id='block_1_74' title="bbox 2215 2681 3856 2755">
    <p class='ocr_par' dir='ltr' id='par_1_74' title="bbox 2215 2681 3856 2755">
     <span class='ocr_line' id='line_1_74' title="bbox 2215 2681 3856 2755; baseline 0.004 -19"><span class='ocrx_word' id='word_1_526' title='bbox 2215 2681 2579 2737; x_wconf 89' lang='lat' dir='ltr'><strong>Simoniacos</strong></span> <span class='ocrx_word' id='word_1_527' title='bbox 2602 2698 2715 2736; x_wconf 91' lang='lat' dir='ltr'><strong>non</strong></span> <span class='ocrx_word' id='word_1_528' title='bbox 2745 2681 2874 2736; x_wconf 85' lang='lat' dir='ltr'><strong>ficte</strong></span> <span class='ocrx_word' id='word_1_529' title='bbox 2896 2682 2996 2737; x_wconf 89' lang='lat' dir='ltr'><strong>sed</strong></span> <span class='ocrx_word' id='word_1_530' title='bbox 3030 2681 3324 2738; x_wconf 90' lang='lat' dir='ltr'><strong>inhianter</strong></span> <span class='ocrx_word' id='word_1_531' title='bbox 3343 2691 3694 2755; x_wconf 61' lang='lat' dir='ltr'><strong>quaerere,et</strong></span> <span class='ocrx_word' id='word_1_532' title='bbox 3713 2688 3786 2743; x_wconf 94' lang='lat' dir='ltr'><strong>ob</strong></span> <span class='ocrx_word' id='word_1_533' title='bbox 3805 2687 3856 2743; x_wconf 91' lang='lat' dir='ltr'><strong>id</strong></span> 
     </span>
    </p>
   </div>
   <div class='ocr_carea' id='block_1_75' title="bbox 2216 2769 3855 2849">
    <p class='ocr_par' dir='ltr' id='par_1_75' title="bbox 2216 2769 3855 2849">
     <span class='ocr_line' id='line_1_75' title="bbox 2216 2769 3855 2849; baseline 0.004 -24"><span class='ocrx_word' id='word_1_534' title='bbox 2216 2770 2366 2842; x_wconf 92' lang='lat' dir='ltr'><strong>quod</strong></span> <span class='ocrx_word' id='word_1_535' title='bbox 2405 2774 2675 2842; x_wconf 76' lang='lat' dir='ltr'><strong>qumrunt</strong></span> <span class='ocrx_word' id='word_1_536' title='bbox 2736 2769 3138 2827; x_wconf 89' lang='lat' dir='ltr'><strong>indubitanter</strong></span> <span class='ocrx_word' id='word_1_537' title='bbox 3213 2771 3490 2829; x_wconf 90' lang='lat' dir='ltr'><strong>invenire.</strong></span> <span class='ocrx_word' id='word_1_538' title='bbox 3549 2776 3667 2831; x_wconf 85' lang='lat' dir='ltr'><strong>Sed</strong></span> <span class='ocrx_word' id='word_1_539' title='bbox 3724 2776 3855 2849; x_wconf 88' lang='lat' dir='ltr'><strong>quid</strong></span> 
     </span>
    </p>
   </div>
   <div class='ocr_carea' id='block_1_76' title="bbox 2214 2858 3858 2933">
    <p class='ocr_par' dir='ltr' id='par_1_76' title="bbox 2214 2858 3858 2933">
     <span class='ocr_line' id='line_1_76' title="bbox 2214 2858 3858 2933; baseline 0.004 -19"><span class='ocrx_word' id='word_1_540' title='bbox 2214 2858 2530 2931; x_wconf 70' lang='lat' dir='ltr'><strong>quaeritur?</strong></span> <span class='ocrx_word' id='word_1_541' title='bbox 2562 2860 2723 2925; x_wconf 87' lang='lat' dir='ltr'><strong>Quod</strong></span> <span class='ocrx_word' id='word_1_542' title='bbox 2774 2859 3040 2932; x_wconf 88' lang='lat' dir='ltr'><strong>psalmus</strong></span> <span class='ocrx_word' id='word_1_543' title='bbox 3088 2860 3437 2933; x_wconf 86' lang='lat' dir='ltr'><strong>increpative</strong></span> <span class='ocrx_word' id='word_1_544' title='bbox 3493 2863 3858 2922; x_wconf 85' lang='lat' dir='ltr'><strong>demonstrat</strong></span> 
     </span>
    </p>
   </div>
   <div class='ocr_carea' id='block_1_77' title="bbox 2214 2948 3859 3024">
    <p class='ocr_par' dir='ltr' id='par_1_77' title="bbox 2214 2948 3859 3024">
     <span class='ocr_line' id='line_1_77' title="bbox 2214 2948 3859 3024; baseline 0.004 -20"><span class='ocrx_word' id='word_1_545' title='bbox 2214 2949 2414 3004; x_wconf 91' lang='lat' dir='ltr'><strong>dicens</strong></span> <span class='ocrx_word' id='word_1_546' title='bbox 2448 2967 2460 3004; x_wconf 93' lang='lat'>:</span> <span class='ocrx_word' id='word_1_547' title='bbox 2494 2948 2620 3004; x_wconf 87' lang='lat' dir='ltr'><strong>Filii</strong></span> <span class='ocrx_word' id='word_1_548' title='bbox 2653 2948 2982 3015; x_wconf 89' lang='lat' dir='ltr'><strong>hominum,</strong></span> <span class='ocrx_word' id='word_1_549' title='bbox 3014 2965 3319 3021; x_wconf 91' lang='lat' dir='ltr'><strong>usquequo</strong></span> <span class='ocrx_word' id='word_1_550' title='bbox 3348 2952 3509 3024; x_wconf 85' lang='lat' dir='ltr'><strong>gravi</strong></span> <span class='ocrx_word' id='word_1_551' title='bbox 3553 2954 3769 3011; x_wconf 86' lang='lat' dir='ltr'><strong>corde?</strong></span> <span class='ocrx_word' id='word_1_552' title='bbox 3800 2960 3859 3011; x_wconf 92' lang='lat' dir='ltr'><strong>ut</strong></span> 
     </span>
    </p>
   </div>
   <div class='ocr_carea' id='block_1_78' title="bbox 2214 3036 3853 3110">
    <p class='ocr_par' dir='ltr' id='par_1_78' title="bbox 2214 3036 3853 3110">
     <span class='ocr_line' id='line_1_78' title="bbox 2214 3036 3853 3110; baseline 0.001 -18"><span class='ocrx_word' id='word_1_553' title='bbox 2214 3038 2353 3109; x_wconf 90' lang='lat' dir='ltr'><strong>quid</strong></span> <span class='ocrx_word' id='word_1_554' title='bbox 2388 3036 2632 3109; x_wconf 84' lang='lat' dir='ltr'><strong>diligitis</strong></span> <span class='ocrx_word' id='word_1_555' title='bbox 2658 3038 3068 3106; x_wconf 88' lang='lat' dir='ltr'><strong>vanitatem,ct</strong></span> <span class='ocrx_word' id='word_1_556' title='bbox 3086 3039 3358 3110; x_wconf 65' lang='lat' dir='ltr'><strong>quaeritis</strong></span> <span class='ocrx_word' id='word_1_557' title='bbox 3380 3042 3801 3099; x_wconf 78' lang='lat' dir='ltr'><strong>mendacium?</strong></span> <span class='ocrx_word' id='word_1_558' title='bbox 3826 3066 3853 3094; x_wconf 69' lang='grc' dir='ltr'><strong><em>ιο</em></strong></span> 
     </span>
    </p>
   </div>
   <div class='ocr_carea' id='block_1_79' title="bbox 2214 3127 3853 3205">
    <p class='ocr_par' dir='ltr' id='par_1_79' title="bbox 2214 3127 3853 3205">
     <span class='ocr_line' id='line_1_79' title="bbox 2214 3127 3853 3205; baseline 0.005 -23"><span class='ocrx_word' id='word_1_559' title='bbox 2214 3128 2382 3199; x_wconf 83' lang='lat' dir='ltr'><strong>(Psal.</strong></span> <span class='ocrx_word' id='word_1_560' title='bbox 2418 3145 2493 3195; x_wconf 84' lang='lat' dir='ltr'><strong>Iv,</strong></span> <span class='ocrx_word' id='word_1_561' title='bbox 2524 3128 2602 3199; x_wconf 88' lang='lat'><strong>3.)</strong></span> <span class='ocrx_word' id='word_1_562' title='bbox 2633 3128 2702 3182; x_wconf 76' lang='lat' dir='ltr'>Et</span> <span class='ocrx_word' id='word_1_563' title='bbox 2731 3127 2870 3200; x_wconf 89' lang='lat' dir='ltr'><strong>quid</strong></span> <span class='ocrx_word' id='word_1_564' title='bbox 2915 3127 3255 3183; x_wconf 81' lang='lat' dir='ltr'><strong>inveniunt?</strong></span> <span class='ocrx_word' id='word_1_565' title='bbox 3306 3129 3600 3187; x_wconf 89' lang='lat' dir='ltr'><strong>Nimirum</strong></span> <span class='ocrx_word' id='word_1_566' title='bbox 3635 3138 3853 3205; x_wconf 84' lang='lat' dir='ltr'><strong>patrem</strong></span> 
     </span>
    </p>
   </div>
   <div class='ocr_carea' id='block_1_80' title="bbox 2215 3215 3854 3287">
    <p class='ocr_par' dir='ltr' id='par_1_80' title="bbox 2215 3215 3854 3287">
     <span class='ocr_line' id='line_1_80' title="bbox 2215 3215 3854 3287; baseline 0.003 -14"><span class='ocrx_word' id='word_1_567' title='bbox 2215 3216 2523 3282; x_wconf 84' lang='lat' dir='ltr'><strong>mendacii,</strong></span> <span class='ocrx_word' id='word_1_568' title='bbox 2544 3215 3102 3284; x_wconf 88' lang='lat' dir='ltr'><strong>scilicetdiabolum,</strong></span> <span class='ocrx_word' id='word_1_569' title='bbox 3135 3217 3233 3287; x_wconf 91' lang='lat' dir='ltr'><strong>qui</strong></span> <span class='ocrx_word' id='word_1_570' title='bbox 3269 3221 3585 3276; x_wconf 88' lang='lat' dir='ltr'><strong>attestante</strong></span> <span class='ocrx_word' id='word_1_571' title='bbox 3616 3221 3854 3278; x_wconf 90' lang='lat' dir='ltr'><strong>Domino</strong></span> 
     </span>
    </p>
   </div>
   <div class='ocr_carea' id='block_1_81' title="bbox 2214 3304 3853 3378">
    <p class='ocr_par' dir='ltr' id='par_1_81' title="bbox 2214 3304 3853 3378">
     <span class='ocr_line' id='line_1_81' title="bbox 2214 3304 3853 3378; baseline 0.004 -16"><span class='ocrx_word' id='word_1_572' title='bbox 2214 3309 2272 3362; x_wconf 90' lang='lat' dir='ltr'><strong>in</strong></span> <span class='ocrx_word' id='word_1_573' title='bbox 2305 3306 2545 3362; x_wconf 87' lang='lat' dir='ltr'><strong>veritate</strong></span> <span class='ocrx_word' id='word_1_574' title='bbox 2577 3322 2690 3360; x_wconf 73' lang='lat' dir='ltr'><strong>non</strong></span> <span class='ocrx_word' id='word_1_575' title='bbox 2723 3305 2904 3374; x_wconf 87' lang='lat' dir='ltr'><strong>stetit,</strong></span> <span class='ocrx_word' id='word_1_576' title='bbox 2938 3304 3076 3378; x_wconf 90' lang='lat' dir='ltr'><strong>quia</strong></span> <span class='ocrx_word' id='word_1_577' title='bbox 3104 3306 3318 3362; x_wconf 88' lang='lat' dir='ltr'><strong>veritas</strong></span> <span class='ocrx_word' id='word_1_578' title='bbox 3339 3324 3456 3363; x_wconf 90' lang='lat' dir='ltr'><strong>non</strong></span> <span class='ocrx_word' id='word_1_579' title='bbox 3478 3313 3569 3365; x_wconf 89' lang='lat' dir='ltr'><strong>est</strong></span> <span class='ocrx_word' id='word_1_580' title='bbox 3602 3307 3669 3366; x_wconf 78' lang='lat' dir='ltr'><strong>fn</strong></span> <span class='ocrx_word' id='word_1_581' title='bbox 3698 3312 3853 3367; x_wconf 88' lang='lat' dir='ltr'><strong>eo.Et</strong></span> 
     </span>
    </p>
   </div>
   <div class='ocr_carea' id='block_1_82' title="bbox 2212 3393 3851 3473">
    <p class='ocr_par' dir='ltr' id='par_1_82' title="bbox 2212 3393 3851 3473">
     <span class='ocr_line' id='line_1_82' title="bbox 2212 3393 3851 3473; baseline 0.003 -22"><span class='ocrx_word' id='word_1_582' title='bbox 2212 3413 2345 3452; x_wconf 92' lang='lat' dir='ltr'><strong>cum</strong></span> <span class='ocrx_word' id='word_1_583' title='bbox 2386 3394 2648 3466; x_wconf 88' lang='lat' dir='ltr'><strong>loquitur</strong></span> <span class='ocrx_word' id='word_1_584' title='bbox 2687 3393 3082 3462; x_wconf 87' lang='lat' dir='ltr'><strong>mendacium,</strong></span> <span class='ocrx_word' id='word_1_585' title='bbox 3130 3395 3201 3450; x_wconf 90' lang='lat' dir='ltr'><strong>de</strong></span> <span class='ocrx_word' id='word_1_586' title='bbox 3249 3412 3354 3451; x_wconf 91' lang='lat' dir='ltr'><strong>suo</strong></span> <span class='ocrx_word' id='word_1_587' title='bbox 3405 3395 3689 3469; x_wconf 88' lang='lat' dir='ltr'><strong>loquitur,</strong></span> <span class='ocrx_word' id='word_1_588' title='bbox 3722 3401 3851 3473; x_wconf 87' lang='lat' dir='ltr'><strong>quia</strong></span> 
     </span>
    </p>
   </div>
   <div class='ocr_carea' id='block_1_83' title="bbox 2212 3483 3847 3562">
    <p class='ocr_par' dir='ltr' id='par_1_83' title="bbox 2212 3483 3847 3562">
     <span class='ocr_line' id='line_1_83' title="bbox 2212 3483 3847 3562; baseline 0.004 -22"><span class='ocrx_word' id='word_1_589' title='bbox 2212 3485 2461 3541; x_wconf 83' lang='lat' dir='ltr'><strong>mendax</strong></span> <span class='ocrx_word' id='word_1_590' title='bbox 2509 3488 2599 3539; x_wconf 90' lang='lat' dir='ltr'><strong>est</strong></span> <span class='ocrx_word' id='word_1_591' title='bbox 2647 3483 2771 3555; x_wconf 91' lang='lat' dir='ltr'><strong>ipse</strong></span> <span class='ocrx_word' id='word_1_592' title='bbox 2823 3486 2880 3538; x_wconf 91' lang='lat' dir='ltr'><strong>et</strong></span> <span class='ocrx_word' id='word_1_593' title='bbox 2921 3487 3082 3554; x_wconf 86' lang='lat' dir='ltr'><strong>pater</strong></span> <span class='ocrx_word' id='word_1_594' title='bbox 3128 3484 3279 3554; x_wconf 78' lang='lat' dir='ltr'><strong>eius.</strong></span> <span class='ocrx_word' id='word_1_595' title='bbox 3335 3484 3481 3541; x_wconf 88' lang='lat' dir='ltr'><strong>Hinc</strong></span> <span class='ocrx_word' id='word_1_596' title='bbox 3511 3490 3568 3541; x_wconf 94' lang='lat' dir='ltr'><strong>et</strong></span> <span class='ocrx_word' id='word_1_597' title='bbox 3612 3488 3847 3562; x_wconf 84' lang='lat' dir='ltr'><strong>Sapiens</strong></span> 
     </span>
    </p>
   </div>
   <div class='ocr_carea' id='block_1_84' title="bbox 2210 3571 3843 3649">
    <p class='ocr_par' dir='ltr' id='par_1_84' title="bbox 2210 3571 3843 3649">
     <span class='ocr_line' id='line_1_84' title="bbox 2210 3571 3843 3649; baseline -0.001 -20"><span class='ocrx_word' id='word_1_598' title='bbox 2210 3573 2351 3629; x_wconf 88' lang='lat' dir='ltr'><strong>dicit</strong></span> <span class='ocrx_word' id='word_1_599' title='bbox 2374 3571 2884 3644; x_wconf 81' lang='lat' dir='ltr'><strong>:«Semperjurgia</strong></span> <span class='ocrx_word' id='word_1_600' title='bbox 2906 3571 3114 3643; x_wconf 67' lang='lat' dir='ltr'><strong>quaerit</strong></span> <span class='ocrx_word' id='word_1_601' title='bbox 3136 3572 3659 3645; x_wconf 79' lang='lat' dir='ltr'><strong>malus(Prov.xvu,</strong></span> <span class='ocrx_word' id='word_1_602' title='bbox 3690 3578 3843 3649; x_wconf 66' lang='lat'><strong>41.)»</strong></span> 
     </span>
    </p>
   </div>
   <div class='ocr_carea' id='block_1_85' title="bbox 2205 3660 3843 3736">
    <p class='ocr_par' dir='ltr' id='par_1_85' title="bbox 2205 3660 3843 3736">
     <span class='ocr_line' id='line_1_85' title="bbox 2205 3660 3843 3736; baseline 0.002 -18"><span class='ocrx_word' id='word_1_603' title='bbox 2205 3662 2462 3735; x_wconf 89' lang='lat' dir='ltr'><strong>Angelus</strong></span> <span class='ocrx_word' id='word_1_604' title='bbox 2487 3666 2681 3716; x_wconf 88' lang='lat' dir='ltr'><strong>autem</strong></span> <span class='ocrx_word' id='word_1_605' title='bbox 2714 3660 2966 3716; x_wconf 89' lang='lat' dir='ltr'><strong>crudelis</strong></span> <span class='ocrx_word' id='word_1_606' title='bbox 2997 3660 3247 3716; x_wconf 80' lang='lat' dir='ltr'><strong>mittitur</strong></span> <span class='ocrx_word' id='word_1_607' title='bbox 3267 3667 3470 3719; x_wconf 89' lang='lat' dir='ltr'><strong>contra</strong></span> <span class='ocrx_word' id='word_1_608' title='bbox 3490 3671 3843 3736; x_wconf 84' lang='lat' dir='ltr'><strong>eum,anctor</strong></span> 
     </span>
    </p>
   </div>
   <div class='ocr_carea' id='block_1_86' title="bbox 2206 3749 3842 3824">
    <p class='ocr_par' dir='ltr' id='par_1_86' title="bbox 2206 3749 3842 3824">
     <span class='ocr_line' id='line_1_86' title="bbox 2206 3749 3842 3824; baseline 0.002 -18"><span class='ocrx_word' id='word_1_609' title='bbox 2206 3752 2408 3824; x_wconf 91' lang='lat' dir='ltr'><strong>utique</strong></span> <span class='ocrx_word' id='word_1_610' title='bbox 2438 3749 2822 3806; x_wconf 80' lang='lat' dir='ltr'><strong>discordiae.Si</strong></span> <span class='ocrx_word' id='word_1_611' title='bbox 2855 3765 2989 3821; x_wconf 83' lang='lat' dir='ltr'><strong>ergo</strong></span> <span class='ocrx_word' id='word_1_612' title='bbox 3021 3749 3153 3821; x_wconf 92' lang='lat' dir='ltr'><strong>quis</strong></span> <span class='ocrx_word' id='word_1_613' title='bbox 3176 3751 3329 3822; x_wconf 88' lang='lat' dir='ltr'><strong>quod</strong></span> <span class='ocrx_word' id='word_1_614' title='bbox 3355 3753 3564 3824; x_wconf 68' lang='lat' dir='ltr'><strong>quaerit</strong></span> <span class='ocrx_word' id='word_1_615' title='bbox 3612 3754 3842 3824; x_wconf 82' lang='lat' dir='ltr'><strong>invenit,</strong></span> 
     </span>
    </p>
   </div>
   <div class='ocr_carea' id='block_1_87' title="bbox 2204 3840 3840 3916">
    <p class='ocr_par' dir='ltr' id='par_1_87' title="bbox 2204 3840 3840 3916">
     <span class='ocr_line' id='line_1_87' title="bbox 2204 3840 3840 3916; baseline 0.003 -21"><span class='ocrx_word' id='word_1_616' title='bbox 2204 3844 2262 3895; x_wconf 92' lang='lat' dir='ltr'><strong>et</strong></span> <span class='ocrx_word' id='word_1_617' title='bbox 2320 3840 2369 3896; x_wconf 91' lang='lat' dir='ltr'><strong>si</strong></span> <span class='ocrx_word' id='word_1_618' title='bbox 2418 3855 2685 3912; x_wconf 69' lang='lat' dir='ltr'><strong>quaerens</strong></span> <span class='ocrx_word' id='word_1_619' title='bbox 2740 3840 3113 3894; x_wconf 84' lang='lat' dir='ltr'><strong>mendacium</strong></span> <span class='ocrx_word' id='word_1_620' title='bbox 3170 3840 3257 3896; x_wconf 87' lang='lat' dir='ltr'><strong>vel</strong></span> <span class='ocrx_word' id='word_1_621' title='bbox 3302 3841 3593 3914; x_wconf 87' lang='lat' dir='ltr'><strong>jurgium,</strong></span> <span class='ocrx_word' id='word_1_622' title='bbox 3627 3848 3840 3916; x_wconf 87' lang='lat' dir='ltr'><strong>patrem</strong></span> 
     </span>
    </p>
   </div>
   <div class='ocr_carea' id='block_1_88' title="bbox 2206 3928 3841 3999">
    <p class='ocr_par' dir='ltr' id='par_1_88' title="bbox 2206 3928 3841 3999">
     <span class='ocr_line' id='line_1_88' title="bbox 2206 3928 3841 3999; baseline 0.001 -15"><span class='ocrx_word' id='word_1_623' title='bbox 2206 3929 2493 3985; x_wconf 89' lang='lat' dir='ltr'><strong>mendacii</strong></span> <span class='ocrx_word' id='word_1_624' title='bbox 2517 3928 2603 3985; x_wconf 88' lang='lat' dir='ltr'><strong>vel</strong></span> <span class='ocrx_word' id='word_1_625' title='bbox 2633 3932 2928 3985; x_wconf 89' lang='lat' dir='ltr'><strong>auctorem</strong></span> <span class='ocrx_word' id='word_1_626' title='bbox 2962 3929 3264 3985; x_wconf 71' lang='lat' dir='ltr'><strong>discordiae</strong></span> <span class='ocrx_word' id='word_1_627' title='bbox 3298 3930 3841 3999; x_wconf 84' lang='lat' dir='ltr'><strong>invenit,Simoniaci</strong></span> 
     </span>
    </p>
   </div>
   <div class='ocr_carea' id='block_1_89' title="bbox 2202 4018 3840 4095">
    <p class='ocr_par' dir='ltr' id='par_1_89' title="bbox 2202 4018 3840 4095">
     <span class='ocr_line' id='line_1_89' title="bbox 2202 4018 3840 4095; baseline 0.002 -21"><span class='ocrx_word' id='word_1_628' title='bbox 2202 4018 2533 4075; x_wconf 89' lang='lat' dir='ltr'><strong>venditores</strong></span> <span class='ocrx_word' id='word_1_629' title='bbox 2555 4022 2611 4074; x_wconf 92' lang='lat' dir='ltr'><strong>et</strong></span> <span class='ocrx_word' id='word_1_630' title='bbox 2632 4022 2926 4089; x_wconf 89' lang='lat' dir='ltr'><strong>emptores</strong></span> <span class='ocrx_word' id='word_1_631' title='bbox 2943 4018 3083 4090; x_wconf 91' lang='lat' dir='ltr'><strong>quid</strong></span> <span class='ocrx_word' id='word_1_632' title='bbox 3098 4018 3625 4090; x_wconf 65' lang='lat' dir='ltr'><strong>qumruntJucrum</strong></span> <span class='ocrx_word' id='word_1_633' title='bbox 3653 4020 3840 4095; x_wconf 89' lang='lat' dir='ltr'><strong>procul</strong></span> 
     </span>
    </p>
   </div>
   <div class='ocr_carea' id='block_1_90' title="bbox 2203 4107 3835 4183">
    <p class='ocr_par' dir='ltr' id='par_1_90' title="bbox 2203 4107 3835 4183">
     <span class='ocr_line' id='line_1_90' title="bbox 2203 4107 3835 4183; baseline 0.001 -19"><span class='ocrx_word' id='word_1_634' title='bbox 2203 4109 2381 4165; x_wconf 91' lang='lat' dir='ltr'><strong>dubio</strong></span> <span class='ocrx_word' id='word_1_635' title='bbox 2410 4112 2795 4175; x_wconf 90' lang='lat' dir='ltr'><strong>terrenum,et</strong></span> <span class='ocrx_word' id='word_1_636' title='bbox 2822 4111 2887 4163; x_wconf 92' lang='lat' dir='ltr'><strong>ut</strong></span> <span class='ocrx_word' id='word_1_637' title='bbox 2917 4107 3261 4163; x_wconf 87' lang='lat' dir='ltr'><strong>summatim</strong></span> <span class='ocrx_word' id='word_1_638' title='bbox 3292 4112 3349 4164; x_wconf 90' lang='lat' dir='ltr'><strong>et</strong></span> <span class='ocrx_word' id='word_1_639' title='bbox 3377 4114 3575 4183; x_wconf 88' lang='lat' dir='ltr'><strong>aperte</strong></span> <span class='ocrx_word' id='word_1_640' title='bbox 3603 4112 3835 4177; x_wconf 87' lang='lat' dir='ltr'><strong>dicatur,</strong></span> 
     </span>
    </p>
   </div>
   <div class='ocr_carea' id='block_1_91' title="bbox 2201 4196 3835 4270">
    <p class='ocr_par' dir='ltr' id='par_1_91' title="bbox 2201 4196 3835 4270">
     <span class='ocr_line' id='line_1_91' title="bbox 2201 4196 3835 4270; baseline 0.001 -16"><span class='ocrx_word' id='word_1_641' title='bbox 2201 4198 2507 4270; x_wconf 88' lang='lat' dir='ltr'><strong>pecuniam</strong></span> <span class='ocrx_word' id='word_1_642' title='bbox 2524 4196 2895 4253; x_wconf 88' lang='lat' dir='ltr'><strong>tantum.Sed</strong></span> <span class='ocrx_word' id='word_1_643' title='bbox 2918 4197 3057 4269; x_wconf 92' lang='lat' dir='ltr'><strong>quid</strong></span> <span class='ocrx_word' id='word_1_644' title='bbox 3076 4196 3421 4254; x_wconf 79' lang='lat' dir='ltr'><strong>inveniunt?</strong></span> <span class='ocrx_word' id='word_1_645' title='bbox 3450 4202 3835 4258; x_wconf 85' lang='lat' dir='ltr'><strong>Tentationem</strong></span> 
     </span>
    </p>
   </div>
   <div class='ocr_carea' id='block_1_92' title="bbox 2200 4285 3833 4361">
    <p class='ocr_par' dir='ltr' id='par_1_92' title="bbox 2200 4285 3833 4361">
     <span class='ocr_line' id='line_1_92' title="bbox 2200 4285 3833 4361; baseline 0.001 -19"><span class='ocrx_word' id='word_1_646' title='bbox 2200 4290 2255 4342; x_wconf 93' lang='lat' dir='ltr'><strong>et</strong></span> <span class='ocrx_word' id='word_1_647' title='bbox 2284 4286 2558 4359; x_wconf 89' lang='lat' dir='ltr'><strong>laqueum</strong></span> <span class='ocrx_word' id='word_1_648' title='bbox 2591 4285 2829 4353; x_wconf 90' lang='lat' dir='ltr'><strong>diaboli,</strong></span> <span class='ocrx_word' id='word_1_649' title='bbox 2863 4287 3001 4358; x_wconf 91' lang='lat' dir='ltr'><strong>quia</strong></span> <span class='ocrx_word' id='word_1_650' title='bbox 3032 4286 3433 4359; x_wconf 81' lang='lat' dir='ltr'><strong>impugnanda</strong></span> <span class='ocrx_word' id='word_1_651' title='bbox 3466 4290 3714 4361; x_wconf 85' lang='lat' dir='ltr'><strong>gratiam</strong></span> <span class='ocrx_word' id='word_1_652' title='bbox 3742 4287 3833 4343; x_wconf 83' lang='lat' dir='ltr'><strong>Dei</strong></span> 
     </span>
    </p>
   </div>
   <div class='ocr_carea' id='block_1_93' title="bbox 2196 4374 3829 4445">
    <p class='ocr_par' dir='ltr' id='par_1_93' title="bbox 2196 4374 3829 4445">
     <span class='ocr_line' id='line_1_93' title="bbox 2196 4374 3829 4445; baseline 0 -13"><span class='ocrx_word' id='word_1_653' title='bbox 2196 4375 2398 4432; x_wconf 91' lang='lat' dir='ltr'><strong>volunt</strong></span> <span class='ocrx_word' id='word_1_654' title='bbox 2426 4375 2622 4432; x_wconf 87' lang='lat' dir='ltr'><strong>ditari.</strong></span> <span class='ocrx_word' id='word_1_655' title='bbox 2644 4377 2714 4430; x_wconf 90' lang='lat' dir='ltr'><strong>Et</strong></span> <span class='ocrx_word' id='word_1_656' title='bbox 2735 4375 2904 4445; x_wconf 88' lang='lat' dir='ltr'><strong>cujus</strong></span> <span class='ocrx_word' id='word_1_657' title='bbox 2936 4374 3195 4431; x_wconf 85' lang='lat' dir='ltr'><strong>diaboli?</strong></span> <span class='ocrx_word' id='word_1_658' title='bbox 3225 4376 3574 4433; x_wconf 66' lang='lat' dir='ltr'><strong>Mammonte</strong></span> <span class='ocrx_word' id='word_1_659' title='bbox 3605 4377 3829 4443; x_wconf 82' lang='lat' dir='ltr'><strong>scilicet,</strong></span> 
     </span>
    </p>
   </div>
   <div class='ocr_carea' id='block_1_94' title="bbox 2196 4464 3829 4538">
    <p class='ocr_par' dir='ltr' id='par_1_94' title="bbox 2196 4464 3829 4538">
     <span class='ocr_line' id='line_1_94' title="bbox 2196 4464 3829 4538; baseline -0.001 -17"><span class='ocrx_word' id='word_1_660' title='bbox 2196 4465 2296 4537; x_wconf 91' lang='lat' dir='ltr'><strong>qui</strong></span> <span class='ocrx_word' id='word_1_661' title='bbox 2326 4465 2502 4521; x_wconf 90' lang='lat' dir='ltr'><strong>lucris</strong></span> <span class='ocrx_word' id='word_1_662' title='bbox 2533 4469 2591 4520; x_wconf 90' lang='lat' dir='ltr'><strong>et</strong></span> <span class='ocrx_word' id='word_1_663' title='bbox 2622 4464 2885 4537; x_wconf 87' lang='lat' dir='ltr'><strong>pecuniis</strong></span> <span class='ocrx_word' id='word_1_664' title='bbox 2916 4464 3164 4519; x_wconf 87' lang='lat' dir='ltr'><strong>terrenis</strong></span> <span class='ocrx_word' id='word_1_665' title='bbox 3216 4471 3446 4536; x_wconf 65' lang='lat' dir='ltr'><strong>praeest.</strong></span> <span class='ocrx_word' id='word_1_666' title='bbox 3479 4467 3550 4521; x_wconf 90' lang='lat' dir='ltr'><strong>Et</strong></span> <span class='ocrx_word' id='word_1_667' title='bbox 3579 4468 3651 4522; x_wconf 87' lang='lat' dir='ltr'><strong>ad</strong></span> <span class='ocrx_word' id='word_1_668' title='bbox 3703 4465 3829 4538; x_wconf 89' lang='lat' dir='ltr'><strong>quid</strong></span> 
     </span>
    </p>
   </div>
   <div class='ocr_carea' id='block_1_95' title="bbox 509 4551 3826 4632">
    <p class='ocr_par' dir='ltr' id='par_1_95' title="bbox 509 4551 3826 4632">
     <span class='ocr_line' id='line_1_95' title="bbox 509 4551 3826 4632; baseline -0.002 -18"><span class='ocrx_word' id='word_1_669' title='bbox 509 4564 687 4615; x_wconf 89' lang='lat' dir='ltr'><strong>Porro</strong></span> <span class='ocrx_word' id='word_1_670' title='bbox 719 4557 875 4631; x_wconf 88' lang='lat' dir='ltr'><strong>quod</strong></span> <span class='ocrx_word' id='word_1_671' title='bbox 907 4553 1271 4611; x_wconf 89' lang='lat' dir='ltr'><strong>mendaciam</strong></span> <span class='ocrx_word' id='word_1_672' title='bbox 1303 4568 1336 4607; x_wconf 89' lang='lat' dir='ltr'><strong>a</strong></span> <span class='ocrx_word' id='word_1_673' title='bbox 1368 4551 1586 4624; x_wconf 89' lang='lat' dir='ltr'><strong>Spiritu</strong></span> <span class='ocrx_word' id='word_1_674' title='bbox 1621 4557 1821 4609; x_wconf 84' lang='lat' dir='ltr'><strong>sancto</strong></span> <span class='ocrx_word' id='word_1_675' title='bbox 1852 4556 2089 4611; x_wconf 88' lang='lat' dir='ltr'><strong>damna-</strong></span> <span class='ocrx_word' id='word_1_676' title='bbox 2116 4567 2162 4632; x_wconf 83' lang='lat' dir='ltr'><strong>D</strong></span> <span class='ocrx_word' id='word_1_677' title='bbox 2196 4554 2619 4610; x_wconf 79' lang='lat' dir='ltr'><strong>inveniuntPut</strong></span> <span class='ocrx_word' id='word_1_678' title='bbox 2635 4554 2713 4610; x_wconf 92' lang='lat' dir='ltr'><strong>sit</strong></span> <span class='ocrx_word' id='word_1_679' title='bbox 2735 4570 2935 4609; x_wconf 90' lang='lat' dir='ltr'><strong>eorum</strong></span> <span class='ocrx_word' id='word_1_680' title='bbox 2963 4554 3245 4610; x_wconf 90' lang='lat' dir='ltr'><strong>Dominus</strong></span> <span class='ocrx_word' id='word_1_681' title='bbox 3268 4553 3499 4627; x_wconf 89' lang='lat' dir='ltr'><strong>ipsique</strong></span> <span class='ocrx_word' id='word_1_682' title='bbox 3522 4556 3668 4611; x_wconf 87' lang='lat' dir='ltr'><strong>servi</strong></span> <span class='ocrx_word' id='word_1_683' title='bbox 3691 4556 3826 4627; x_wconf 87' lang='lat' dir='ltr'><strong>ejus,</strong></span> 
     </span>
    </p>
   </div>
   <div class='ocr_carea' id='block_1_96' title="bbox 442 4638 2084 4706">
    <p class='ocr_par' dir='ltr' id='par_1_96' title="bbox 442 4638 2084 4706">
     <span class='ocr_line' id='line_1_96' title="bbox 442 4638 2084 4706; baseline -0.003 -2"><span class='ocrx_word' id='word_1_684' title='bbox 442 4648 656 4704; x_wconf 89' lang='lat' dir='ltr'><strong>tionem</strong></span> <span class='ocrx_word' id='word_1_685' title='bbox 688 4646 800 4702; x_wconf 90' lang='lat' dir='ltr'><strong>sibi</strong></span> <span class='ocrx_word' id='word_1_686' title='bbox 823 4649 881 4700; x_wconf 93' lang='lat' dir='ltr'><strong>et</strong></span> <span class='ocrx_word' id='word_1_687' title='bbox 902 4641 1152 4699; x_wconf 90' lang='lat' dir='ltr'><strong>consciis</strong></span> <span class='ocrx_word' id='word_1_688' title='bbox 1187 4638 1563 4706; x_wconf 91' lang='lat' dir='ltr'><strong>suis,nullam</strong></span> <span class='ocrx_word' id='word_1_689' title='bbox 1596 4645 1792 4697; x_wconf 88' lang='lat' dir='ltr'><strong>autem</strong></span> <span class='ocrx_word' id='word_1_690' title='bbox 1825 4645 2084 4699; x_wconf 85' lang='lat' dir='ltr'><strong>sanctifi-</strong></span> 
     </span>
    </p>
   </div>
   <div class='ocr_carea' id='block_1_97' title="bbox 437 4728 2080 4806">
    <p class='ocr_par' dir='ltr' id='par_1_97' title="bbox 437 4728 2080 4806">
     <span class='ocr_line' id='line_1_97' title="bbox 437 4728 2080 4806; baseline -0.002 -14"><span class='ocrx_word' id='word_1_691' title='bbox 437 4737 723 4792; x_wconf 89' lang='lat' dir='ltr'><strong>cationem</strong></span> <span class='ocrx_word' id='word_1_692' title='bbox 755 4734 1204 4806; x_wconf 89' lang='lat' dir='ltr'><strong>quibuscunque</strong></span> <span class='ocrx_word' id='word_1_693' title='bbox 1260 4728 1546 4801; x_wconf 73' lang='lat' dir='ltr'><strong>acquirat,</strong></span> <span class='ocrx_word' id='word_1_694' title='bbox 1580 4731 1814 4785; x_wconf 72' lang='lat' dir='ltr'><strong>Ananim</strong></span> <span class='ocrx_word' id='word_1_695' title='bbox 1868 4737 1924 4787; x_wconf 80' lang='lat' dir='ltr'><strong>ct</strong></span> <span class='ocrx_word' id='word_1_696' title='bbox 1972 4732 2080 4788; x_wconf 89' lang='lat' dir='ltr'><strong>Sa--</strong></span> 
     </span>
    </p>
   </div>
   <div class='ocr_carea' id='block_1_98' title="bbox 436 4817 2079 4897">
    <p class='ocr_par' dir='ltr' id='par_1_98' title="bbox 436 4817 2079 4897">
     <span class='ocr_line' id='line_1_98' title="bbox 436 4817 2079 4897; baseline -0.001 -18"><span class='ocrx_word' id='word_1_697' title='bbox 436 4825 616 4897; x_wconf 72' lang='lat' dir='ltr'><strong>phirze</strong></span> <span class='ocrx_word' id='word_1_698' title='bbox 649 4840 808 4878; x_wconf 91' lang='lat' dir='ltr'><strong>mors</strong></span> <span class='ocrx_word' id='word_1_699' title='bbox 838 4817 1225 4882; x_wconf 89' lang='lat' dir='ltr'><strong>clamat.Quin</strong></span> <span class='ocrx_word' id='word_1_700' title='bbox 1259 4818 1433 4872; x_wconf 88' lang='lat' dir='ltr'><strong>etiam</strong></span> <span class='ocrx_word' id='word_1_701' title='bbox 1461 4817 1507 4873; x_wconf 91' lang='lat' dir='ltr'><strong>si</strong></span> <span class='ocrx_word' id='word_1_702' title='bbox 1542 4818 1695 4873; x_wconf 89' lang='lat' dir='ltr'><strong>Deus</strong></span> <span class='ocrx_word' id='word_1_703' title='bbox 1727 4825 1965 4891; x_wconf 77' lang='lat' dir='ltr'><strong>apparet</strong></span> <span class='ocrx_word' id='word_1_704' title='bbox 1987 4822 2079 4878; x_wconf 89' lang='lat' dir='ltr'><strong>his</strong></span> 
     </span>
    </p>
   </div>
   <div class='ocr_carea' id='block_1_99' title="bbox 440 4906 2077 4984">
    <p class='ocr_par' dir='ltr' id='par_1_99' title="bbox 440 4906 2077 4984">
     <span class='ocr_line' id='line_1_99' title="bbox 440 4906 2077 4984; baseline -0.001 -17"><span class='ocrx_word' id='word_1_705' title='bbox 440 4912 539 4984; x_wconf 92' lang='lat' dir='ltr'><strong>qui</strong></span> <span class='ocrx_word' id='word_1_706' title='bbox 566 4912 740 4966; x_wconf 84' lang='lat' dir='ltr'><strong>ﬁdem</strong></span> <span class='ocrx_word' id='word_1_707' title='bbox 773 4910 989 4966; x_wconf 88' lang='lat' dir='ltr'><strong>habent</strong></span> <span class='ocrx_word' id='word_1_708' title='bbox 1022 4908 1081 4962; x_wconf 92' lang='lat' dir='ltr'><strong>in</strong></span> <span class='ocrx_word' id='word_1_709' title='bbox 1113 4906 1301 4971; x_wconf 89' lang='lat' dir='ltr'><strong>illum,</strong></span> <span class='ocrx_word' id='word_1_710' title='bbox 1323 4908 1575 4979; x_wconf 86' lang='lat' dir='ltr'><strong>profecto</strong></span> <span class='ocrx_word' id='word_1_711' title='bbox 1608 4913 1765 4980; x_wconf 83' lang='lat' dir='ltr'><strong>patet</strong></span> <span class='ocrx_word' id='word_1_712' title='bbox 1796 4910 2077 4981; x_wconf 87' lang='lat' dir='ltr'><strong>Spiritum</strong></span> 
     </span>
    </p>
   </div>
   <div class='ocr_carea' id='block_1_100' title="bbox 433 4995 2080 5071">
    <p class='ocr_par' dir='ltr' id='par_1_100' title="bbox 433 4995 2080 5071">
     <span class='ocr_line' id='line_1_100' title="bbox 433 4995 2080 5071; baseline -0.002 -12"><span class='ocrx_word' id='word_1_713' title='bbox 433 5006 701 5059; x_wconf 86' lang='lat' dir='ltr'><strong>sanctum</strong></span> <span class='ocrx_word' id='word_1_714' title='bbox 736 5015 840 5054; x_wconf 90' lang='lat' dir='ltr'><strong>nec</strong></span> <span class='ocrx_word' id='word_1_715' title='bbox 873 5013 1150 5069; x_wconf 90' lang='lat' dir='ltr'><strong>apparere</strong></span> <span class='ocrx_word' id='word_1_716' title='bbox 1198 4995 1546 5052; x_wconf 74' lang='lat' dir='ltr'><strong>Sinoniacis</strong></span> <span class='ocrx_word' id='word_1_717' title='bbox 1603 4998 1701 5069; x_wconf 86' lang='lat' dir='ltr'><strong>qui</strong></span> <span class='ocrx_word' id='word_1_718' title='bbox 1751 4999 1990 5071; x_wconf 85' lang='lat' dir='ltr'><strong>perfidia</strong></span> <span class='ocrx_word' id='word_1_719' title='bbox 2021 5005 2080 5056; x_wconf 89' lang='lat' dir='ltr'><strong>et</strong></span> 
     </span>
    </p>
   </div>
   <div class='ocr_carea' id='block_1_101' title="bbox 432 5083 2074 5159">
    <p class='ocr_par' dir='ltr' id='par_1_101' title="bbox 432 5083 2074 5159">
     <span class='ocr_line' id='line_1_101' title="bbox 432 5083 2074 5159; baseline -0.003 -10"><span class='ocrx_word' id='word_1_720' title='bbox 432 5089 739 5149; x_wconf 84' lang='lat' dir='ltr'><strong>mendacio</strong></span> <span class='ocrx_word' id='word_1_721' title='bbox 769 5089 1119 5159; x_wconf 82' lang='lat' dir='ltr'><strong>impugnant</strong></span> <span class='ocrx_word' id='word_1_722' title='bbox 1147 5083 1459 5141; x_wconf 90' lang='lat' dir='ltr'><strong>illum.Ubi</strong></span> <span class='ocrx_word' id='word_1_723' title='bbox 1492 5086 1646 5142; x_wconf 90' lang='lat' dir='ltr'><strong>enim</strong></span> <span class='ocrx_word' id='word_1_724' title='bbox 1682 5088 2074 5156; x_wconf 88' lang='lat' dir='ltr'><strong>mendacium,</strong></span> 
     </span>
    </p>
   </div>
   <div class='ocr_carea' id='block_1_102' title="bbox 430 5175 2073 5253">
    <p class='ocr_par' dir='ltr' id='par_1_102' title="bbox 430 5175 2073 5253">
     <span class='ocr_line' id='line_1_102' title="bbox 430 5175 2073 5253; baseline -0.001 -16"><span class='ocrx_word' id='word_1_725' title='bbox 430 5182 511 5237; x_wconf 91' lang='lat' dir='ltr'><strong>ibi</strong></span> <span class='ocrx_word' id='word_1_726' title='bbox 542 5186 601 5237; x_wconf 92' lang='lat' dir='ltr'><strong>ct</strong></span> <span class='ocrx_word' id='word_1_727' title='bbox 630 5175 1068 5253; x_wconf 70' lang='lat' dir='ltr'><strong>perficlia.Undc</strong></span> <span class='ocrx_word' id='word_1_728' title='bbox 1094 5176 1373 5231; x_wconf 89' lang='lat' dir='ltr'><strong>Dominus</strong></span> <span class='ocrx_word' id='word_1_729' title='bbox 1396 5175 1492 5247; x_wconf 87' lang='lat' dir='ltr'><strong>qui</strong></span> <span class='ocrx_word' id='word_1_730' title='bbox 1518 5184 1758 5248; x_wconf 88' lang='lat' dir='ltr'><strong>apparet</strong></span> <span class='ocrx_word' id='word_1_731' title='bbox 1782 5179 2073 5244; x_wconf 85' lang='lat' dir='ltr'><strong>fidelibus,</strong></span> 
     </span>
    </p>
   </div>
   <div class='ocr_carea' id='block_1_103' title="bbox 430 5263 2072 5337">
    <p class='ocr_par' dir='ltr' id='par_1_103' title="bbox 430 5263 2072 5337">
     <span class='ocr_line' id='line_1_103' title="bbox 430 5263 2072 5337; baseline -0.001 -11"><span class='ocrx_word' id='word_1_732' title='bbox 430 5269 738 5326; x_wconf 88' lang='lat' dir='ltr'><strong>abscondit</strong></span> <span class='ocrx_word' id='word_1_733' title='bbox 767 5285 829 5324; x_wconf 87' lang='lat' dir='ltr'><strong>se</strong></span> <span class='ocrx_word' id='word_1_734' title='bbox 859 5267 930 5321; x_wconf 91' lang='lat' dir='ltr'><strong>ab</strong></span> <span class='ocrx_word' id='word_1_735' title='bbox 963 5263 1317 5320; x_wconf 88' lang='lat' dir='ltr'><strong>infidelibus.</strong></span> <span class='ocrx_word' id='word_1_736' title='bbox 1349 5264 1501 5319; x_wconf 85' lang='lat' dir='ltr'><strong>Fidei</strong></span> <span class='ocrx_word' id='word_1_737' title='bbox 1548 5266 1841 5337; x_wconf 84' lang='lat' dir='ltr'><strong>siquidem</strong></span> <span class='ocrx_word' id='word_1_738' title='bbox 1874 5269 2072 5325; x_wconf 85' lang='lat' dir='ltr'><strong>catho-</strong></span> 
     </span>
    </p>
   </div>
   <div class='ocr_carea' id='block_1_104' title="bbox 429 5353 2071 5430">
    <p class='ocr_par' dir='ltr' id='par_1_104' title="bbox 429 5353 2071 5430">
     <span class='ocr_line' id='line_1_104' title="bbox 429 5353 2071 5430; baseline 0 -17"><span class='ocrx_word' id='word_1_739' title='bbox 429 5358 551 5413; x_wconf 76' lang='lat' dir='ltr'><strong>licas</strong></span> <span class='ocrx_word' id='word_1_740' title='bbox 583 5361 842 5430; x_wconf 85' lang='lat' dir='ltr'><strong>apparet,</strong></span> <span class='ocrx_word' id='word_1_741' title='bbox 875 5360 940 5411; x_wconf 92' lang='lat' dir='ltr'><strong>ut</strong></span> <span class='ocrx_word' id='word_1_742' title='bbox 970 5359 1110 5427; x_wconf 86' lang='lat' dir='ltr'><strong>puta</strong></span> <span class='ocrx_word' id='word_1_743' title='bbox 1154 5353 1211 5408; x_wconf 90' lang='lat' dir='ltr'><strong>in</strong></span> <span class='ocrx_word' id='word_1_744' title='bbox 1260 5371 1397 5426; x_wconf 91' lang='lat' dir='ltr'><strong>qua,</strong></span> <span class='ocrx_word' id='word_1_745' title='bbox 1429 5359 1485 5408; x_wconf 90' lang='lat' dir='ltr'><strong>et</strong></span> <span class='ocrx_word' id='word_1_746' title='bbox 1515 5372 1615 5426; x_wconf 91' lang='lat' dir='ltr'><strong>per</strong></span> <span class='ocrx_word' id='word_1_747' title='bbox 1643 5372 1817 5426; x_wconf 87' lang='lat' dir='ltr'><strong>quam</strong></span> <span class='ocrx_word' id='word_1_748' title='bbox 1854 5356 1911 5411; x_wconf 92' lang='lat' dir='ltr'><strong>in</strong></span> <span class='ocrx_word' id='word_1_749' title='bbox 1947 5374 2071 5414; x_wconf 86' lang='lat' dir='ltr'><strong>cor-</strong></span> 
     </span>
    </p>
   </div>
   <div class='ocr_carea' id='block_1_105' title="bbox 427 5442 2072 5517">
    <p class='ocr_par' dir='ltr' id='par_1_105' title="bbox 427 5442 2072 5517">
     <span class='ocr_line' id='line_1_105' title="bbox 427 5442 2072 5517; baseline -0.001 -13"><span class='ocrx_word' id='word_1_750' title='bbox 427 5447 603 5504; x_wconf 89' lang='lat' dir='ltr'><strong>dibus</strong></span> <span class='ocrx_word' id='word_1_751' title='bbox 632 5446 849 5502; x_wconf 88' lang='lat' dir='ltr'><strong>nostris</strong></span> <span class='ocrx_word' id='word_1_752' title='bbox 881 5448 1103 5512; x_wconf 87' lang='lat' dir='ltr'><strong>manet;</strong></span> <span class='ocrx_word' id='word_1_753' title='bbox 1131 5442 1361 5515; x_wconf 81' lang='lat' dir='ltr'><strong>perﬁdae</strong></span> <span class='ocrx_word' id='word_1_754' title='bbox 1393 5446 1585 5498; x_wconf 88' lang='lat' dir='ltr'><strong>autem</strong></span> <span class='ocrx_word' id='word_1_755' title='bbox 1616 5442 2072 5517; x_wconf 72' lang='lat' dir='ltr'><strong>hacresi,utputa</strong></span> 
     </span>
    </p>
   </div>
   <div class='ocr_carea' id='block_1_106' title="bbox 427 5533 2069 5610">
    <p class='ocr_par' dir='ltr' id='par_1_106' title="bbox 427 5533 2069 5610">
     <span class='ocr_line' id='line_1_106' title="bbox 427 5533 2069 5610; baseline 0 -17"><span class='ocrx_word' id='word_1_756' title='bbox 427 5551 605 5610; x_wconf 90' lang='lat' dir='ltr'><strong>quam</strong></span> <span class='ocrx_word' id='word_1_757' title='bbox 638 5550 739 5607; x_wconf 92' lang='lat' dir='ltr'><strong>per</strong></span> <span class='ocrx_word' id='word_1_758' title='bbox 768 5534 967 5590; x_wconf 88' lang='lat' dir='ltr'><strong>omnia</strong></span> <span class='ocrx_word' id='word_1_759' title='bbox 998 5533 1518 5606; x_wconf 89' lang='lat' dir='ltr'><strong>horret,nusquam</strong></span> <span class='ocrx_word' id='word_1_760' title='bbox 1544 5536 1599 5587; x_wconf 89' lang='lat' dir='ltr'><strong>et</strong></span> <span class='ocrx_word' id='word_1_761' title='bbox 1630 5548 1931 5606; x_wconf 87' lang='lat' dir='ltr'><strong>nunquam</strong></span> <span class='ocrx_word' id='word_1_762' title='bbox 1955 5535 2069 5593; x_wconf 87' lang='lat' dir='ltr'><strong>nisi</strong></span> 
     </span>
    </p>
   </div>
   <div class='ocr_carea' id='block_1_107' title="bbox 424 5620 2069 5702">
    <p class='ocr_par' dir='ltr' id='par_1_107' title="bbox 424 5620 2069 5702">
     <span class='ocr_line' id='line_1_107' title="bbox 424 5620 2069 5702; baseline -0.002 -14"><span class='ocrx_word' id='word_1_763' title='bbox 424 5624 613 5688; x_wconf 81' lang='lat' dir='ltr'><strong>iratus</strong></span> <span class='ocrx_word' id='word_1_764' title='bbox 634 5626 691 5684; x_wconf 86' lang='lat' dir='ltr'><strong>et</strong></span> <span class='ocrx_word' id='word_1_765' title='bbox 710 5621 920 5682; x_wconf 80' lang='lat' dir='ltr'><strong>vindex</strong></span> <span class='ocrx_word' id='word_1_766' title='bbox 934 5621 1117 5681; x_wconf 85' lang='lat' dir='ltr'><strong>adest.</strong></span> <span class='ocrx_word' id='word_1_767' title='bbox 1137 5620 1301 5681; x_wconf 87' lang='lat' dir='ltr'><strong>Unde</strong></span> <span class='ocrx_word' id='word_1_768' title='bbox 1318 5623 1549 5680; x_wconf 87' lang='lat' dir='ltr'><strong>constat</strong></span> <span class='ocrx_word' id='word_1_769' title='bbox 1570 5620 1708 5702; x_wconf 87' lang='lat' dir='ltr'><strong>quia</strong></span> <span class='ocrx_word' id='word_1_770' title='bbox 1728 5639 1833 5682; x_wconf 86' lang='lat' dir='ltr'><strong>nec</strong></span> <span class='ocrx_word' id='word_1_771' title='bbox 1853 5624 2069 5685; x_wconf 78' lang='lat' dir='ltr'><strong>inveni-</strong></span> 
     </span>
    </p>
   </div>
   <div class='ocr_carea' id='block_1_108' title="bbox 2193 4643 3827 4716">
    <p class='ocr_par' dir='ltr' id='par_1_108' title="bbox 2193 4643 3827 4716">
     <span class='ocr_line' id='line_1_108' title="bbox 2193 4643 3827 4716; baseline -0.001 -17"><span class='ocrx_word' id='word_1_772' title='bbox 2193 4644 2519 4700; x_wconf 87' lang='lat' dir='ltr'><strong>seeundum</strong></span> <span class='ocrx_word' id='word_1_773' title='bbox 2570 4643 2725 4715; x_wconf 90' lang='lat' dir='ltr'><strong>quod</strong></span> <span class='ocrx_word' id='word_1_774' title='bbox 2755 4643 2971 4698; x_wconf 92' lang='lat' dir='ltr'><strong>dicitur</strong></span> <span class='ocrx_word' id='word_1_775' title='bbox 3003 4661 3015 4699; x_wconf 90' lang='lat'><strong>:</strong></span> <span class='ocrx_word' id='word_1_776' title='bbox 3047 4645 3288 4699; x_wconf 88' lang='lat' dir='ltr'><strong>Amator</strong></span> <span class='ocrx_word' id='word_1_777' title='bbox 3335 4644 3594 4716; x_wconf 78' lang='lat' dir='ltr'><strong>pecuniae</strong></span> <span class='ocrx_word' id='word_1_778' title='bbox 3643 4659 3827 4702; x_wconf 86' lang='lat' dir='ltr'><strong>servus</strong></span> 
     </span>
    </p>
   </div>
   <div class='ocr_carea' id='block_1_109' title="bbox 2190 4733 2677 4789">
    <p class='ocr_par' dir='ltr' id='par_1_109' title="bbox 2190 4733 2677 4789">
     <span class='ocr_line' id='line_1_109' title="bbox 2190 4733 2677 4789; baseline -0.004 0"><span class='ocrx_word' id='word_1_779' title='bbox 2190 4736 2278 4789; x_wconf 91' lang='lat' dir='ltr'><strong>est</strong></span> <span class='ocrx_word' id='word_1_780' title='bbox 2310 4733 2677 4788; x_wconf 72' lang='lat' dir='ltr'><strong>Mammonzr.</strong></span> 
     </span>
    </p>
   </div>
   <div class='ocr_carea' id='block_1_110' title="bbox 2841 4821 3180 4879">
    <p class='ocr_par' dir='ltr' id='par_1_110' title="bbox 2841 4821 3180 4879">
     <span class='ocr_line' id='line_1_110' title="bbox 2841 4821 3180 4879; baseline 0.003 -3"><span class='ocrx_word' id='word_1_781' title='bbox 2841 4821 3073 4879; x_wconf 87' lang='lat' dir='ltr'><strong>CAPUT</strong></span> <span class='ocrx_word' id='word_1_782' title='bbox 3116 4822 3180 4877; x_wconf 70' lang='grc' dir='ltr'><strong>Χῖ</strong></span> 
     </span>
    </p>
   </div>
   <div class='ocr_carea' id='block_1_111' title="bbox 2189 4911 3824 4994">
    <p class='ocr_par' dir='ltr' id='par_1_111' title="bbox 2189 4911 3824 4994">
     <span class='ocr_line' id='line_1_111' title="bbox 2189 4911 3824 4994; baseline -0.002 -27"><span class='ocrx_word' id='word_1_783' title='bbox 2189 4913 2533 4994; x_wconf 48' lang='lat' dir='ltr'><strong>De&#39;cmccssus</strong></span> <span class='ocrx_word' id='word_1_784' title='bbox 2553 4928 2741 4994; x_wconf 63' lang='lat' dir='ltr'><strong>eorum</strong></span> <span class='ocrx_word' id='word_1_785' title='bbox 2766 4911 3083 4994; x_wconf 72' lang='lat' dir='ltr'><strong>differentia</strong></span> <span class='ocrx_word' id='word_1_786' title='bbox 3102 4912 3201 4994; x_wconf 73' lang='lat' dir='ltr'><strong>qui</strong></span> <span class='ocrx_word' id='word_1_787' title='bbox 3216 4927 3381 4994; x_wconf 73' lang='lat' dir='ltr'><strong>super</strong></span> <span class='ocrx_word' id='word_1_788' title='bbox 3407 4912 3824 4994; x_wconf 60' lang='lat' dir='ltr'><strong>fundamentum</strong></span> 
     </span>
    </p>
   </div>
   <div class='ocr_carea' id='block_1_112' title="bbox 2224 4983 3789 5055">
    <p class='ocr_par' dir='ltr' id='par_1_112' title="bbox 2224 4983 3789 5055">
     <span class='ocr_line' id='line_1_112' title="bbox 2224 4983 3789 5055; baseline -0.001 -18"><span class='ocrx_word' id='word_1_789' title='bbox 2224 4983 2427 5039; x_wconf 76' lang='lat' dir='ltr'><strong>Christi</strong></span> <span class='ocrx_word' id='word_1_790' title='bbox 2456 4983 2799 5050; x_wconf 66' lang='lat' dir='ltr'><strong>e.rcetlunt,ct</strong></span> <span class='ocrx_word' id='word_1_791' title='bbox 2827 4998 3015 5038; x_wconf 89' lang='lat' dir='ltr'><strong>eorum</strong></span> <span class='ocrx_word' id='word_1_792' title='bbox 3031 4983 3126 5055; x_wconf 85' lang='lat' dir='ltr'><strong>qui</strong></span> <span class='ocrx_word' id='word_1_793' title='bbox 3144 4984 3265 5039; x_wconf 83' lang='lat' dir='ltr'><strong>sine</strong></span> <span class='ocrx_word' id='word_1_794' title='bbox 3284 4985 3403 5055; x_wconf 83' lang='lat' dir='ltr'><strong>ejus</strong></span> <span class='ocrx_word' id='word_1_795' title='bbox 3420 4984 3789 5055; x_wconf 79' lang='lat' dir='ltr'><strong>fundamento.</strong></span> 
     </span>
    </p>
   </div>
   <div class='ocr_carea' id='block_1_113' title="bbox 2256 5088 3820 5162">
    <p class='ocr_par' dir='ltr' id='par_1_113' title="bbox 2256 5088 3820 5162">
     <span class='ocr_line' id='line_1_113' title="bbox 2256 5088 3820 5162; baseline -0.001 -19"><span class='ocrx_word' id='word_1_796' title='bbox 2256 5090 2474 5145; x_wconf 89' lang='lat' dir='ltr'><strong>Verum</strong></span> <span class='ocrx_word' id='word_1_797' title='bbox 2507 5091 2645 5162; x_wconf 89' lang='lat' dir='ltr'><strong>quia</strong></span> <span class='ocrx_word' id='word_1_798' title='bbox 2672 5094 2729 5145; x_wconf 91' lang='lat' dir='ltr'><strong>et</strong></span> <span class='ocrx_word' id='word_1_799' title='bbox 2759 5091 2912 5162; x_wconf 88' lang='lat' dir='ltr'><strong>apud</strong></span> <span class='ocrx_word' id='word_1_800' title='bbox 2947 5090 3282 5158; x_wconf 72' lang='lat' dir='ltr'><strong>catholicos,</strong></span> <span class='ocrx_word' id='word_1_801' title='bbox 3312 5089 3475 5146; x_wconf 91' lang='lat' dir='ltr'><strong>velut</strong></span> <span class='ocrx_word' id='word_1_802' title='bbox 3524 5108 3655 5147; x_wconf 90' lang='lat' dir='ltr'><strong>rara</strong></span> <span class='ocrx_word' id='word_1_803' title='bbox 3694 5088 3820 5157; x_wconf 87' lang='lat' dir='ltr'><strong>avis,</strong></span> 
     </span>
    </p>
   </div>
   <div class='ocr_carea' id='block_1_114' title="bbox 2184 5178 3818 5253">
    <p class='ocr_par' dir='ltr' id='par_1_114' title="bbox 2184 5178 3818 5253">
     <span class='ocr_line' id='line_1_114' title="bbox 2184 5178 3818 5253; baseline -0.001 -20"><span class='ocrx_word' id='word_1_804' title='bbox 2184 5180 2509 5236; x_wconf 73' lang='lat' dir='ltr'><strong>zeslimatur</strong></span> <span class='ocrx_word' id='word_1_805' title='bbox 2528 5179 2625 5250; x_wconf 91' lang='lat' dir='ltr'><strong>qui</strong></span> <span class='ocrx_word' id='word_1_806' title='bbox 2650 5178 2801 5233; x_wconf 89' lang='lat' dir='ltr'><strong>inter</strong></span> <span class='ocrx_word' id='word_1_807' title='bbox 2822 5195 2920 5234; x_wconf 91' lang='lat' dir='ltr'><strong>eos</strong></span> <span class='ocrx_word' id='word_1_808' title='bbox 2948 5179 3225 5251; x_wconf 88' lang='lat' dir='ltr'><strong>pecunias</strong></span> <span class='ocrx_word' id='word_1_809' title='bbox 3256 5187 3818 5253; x_wconf 80' lang='lat' dir='ltr'><strong>aspernalur,quam-</strong></span> 
     </span>
    </p>
   </div>
   <div class='ocr_carea' id='block_1_115' title="bbox 2183 5268 3817 5341">
    <p class='ocr_par' dir='ltr' id='par_1_115' title="bbox 2183 5268 3817 5341">
     <span class='ocr_line' id='line_1_115' title="bbox 2183 5268 3817 5341; baseline -0.002 -18"><span class='ocrx_word' id='word_1_810' title='bbox 2183 5269 2268 5325; x_wconf 92' lang='lat' dir='ltr'><strong>vis</strong></span> <span class='ocrx_word' id='word_1_811' title='bbox 2300 5268 2621 5341; x_wconf 89' lang='lat' dir='ltr'><strong>plurimum</strong></span> <span class='ocrx_word' id='word_1_812' title='bbox 2656 5269 2928 5323; x_wconf 80' lang='lat' dir='ltr'><strong>differant</strong></span> <span class='ocrx_word' id='word_1_813' title='bbox 2964 5268 3064 5341; x_wconf 92' lang='lat' dir='ltr'><strong>qui</strong></span> <span class='ocrx_word' id='word_1_814' title='bbox 3103 5285 3201 5324; x_wconf 89' lang='lat' dir='ltr'><strong>eas</strong></span> <span class='ocrx_word' id='word_1_815' title='bbox 3232 5268 3345 5324; x_wconf 89' lang='lat' dir='ltr'><strong>sibi</strong></span> <span class='ocrx_word' id='word_1_816' title='bbox 3367 5269 3531 5340; x_wconf 85' lang='lat' dir='ltr'><strong>justo</strong></span> <span class='ocrx_word' id='word_1_817' title='bbox 3569 5268 3817 5341; x_wconf 68' lang='lat' dir='ltr'><strong>quaerunt</strong></span> 
     </span>
    </p>
   </div>
   <div class='ocr_carea' id='block_1_116' title="bbox 2182 5352 3815 5430">
    <p class='ocr_par' dir='ltr' id='par_1_116' title="bbox 2182 5352 3815 5430">
     <span class='ocr_line' id='line_1_116' title="bbox 2182 5352 3815 5430; baseline -0.002 -17"><span class='ocrx_word' id='word_1_818' title='bbox 2182 5358 2253 5413; x_wconf 89' lang='lat' dir='ltr'><strong>ad</strong></span> <span class='ocrx_word' id='word_1_819' title='bbox 2286 5357 2476 5413; x_wconf 91' lang='lat' dir='ltr'><strong>solum</strong></span> <span class='ocrx_word' id='word_1_820' title='bbox 2510 5374 2685 5413; x_wconf 89' lang='lat' dir='ltr'><strong>usum</strong></span> <span class='ocrx_word' id='word_1_821' title='bbox 2719 5358 3138 5425; x_wconf 86' lang='lat' dir='ltr'><strong>necessarium,</strong></span> <span class='ocrx_word' id='word_1_822' title='bbox 3174 5358 3245 5413; x_wconf 90' lang='lat' dir='ltr'><strong>ab</strong></span> <span class='ocrx_word' id='word_1_823' title='bbox 3278 5357 3372 5414; x_wconf 89' lang='lat' dir='ltr'><strong>his</strong></span> <span class='ocrx_word' id='word_1_824' title='bbox 3401 5358 3504 5430; x_wconf 92' lang='lat' dir='ltr'><strong>qui</strong></span> <span class='ocrx_word' id='word_1_825' title='bbox 3551 5358 3720 5414; x_wconf 87' lang='lat' dir='ltr'><strong>etiam</strong></span> <span class='ocrx_word' id='word_1_826' title='bbox 3752 5352 3815 5409; x_wconf 87' lang='lat' dir='ltr'><strong>ad</strong></span> 
     </span>
    </p>
   </div>
   <div class='ocr_carea' id='block_1_117' title="bbox 2180 5445 3814 5519">
    <p class='ocr_par' dir='ltr' id='par_1_117' title="bbox 2180 5445 3814 5519">
     <span class='ocr_line' id='line_1_117' title="bbox 2180 5445 3814 5519; baseline -0.003 -18"><span class='ocrx_word' id='word_1_827' title='bbox 2180 5447 2565 5516; x_wconf 56' lang='lat' dir='ltr'><strong>superfluum,</strong></span> <span class='ocrx_word' id='word_1_828' title='bbox 2599 5463 2714 5502; x_wconf 93' lang='lat' dir='ltr'><strong>non</strong></span> <span class='ocrx_word' id='word_1_829' title='bbox 2746 5462 2807 5502; x_wconf 92' lang='lat' dir='ltr'><strong>se</strong></span> <span class='ocrx_word' id='word_1_830' title='bbox 2835 5446 3048 5502; x_wconf 88' lang='lat' dir='ltr'><strong>debent</strong></span> <span class='ocrx_word' id='word_1_831' title='bbox 3094 5445 3584 5519; x_wconf 84' lang='lat' dir='ltr'><strong>negotiatores,de</strong></span> <span class='ocrx_word' id='word_1_832' title='bbox 3612 5445 3814 5517; x_wconf 81' lang='lat' dir='ltr'><strong>quibus</strong></span> 
     </span>
    </p>
   </div>
   <div class='ocr_carea' id='block_1_118' title="bbox 2178 5532 3812 5610">
    <p class='ocr_par' dir='ltr' id='par_1_118' title="bbox 2178 5532 3812 5610">
     <span class='ocr_line' id='line_1_118' title="bbox 2178 5532 3812 5610; baseline -0.004 -17"><span class='ocrx_word' id='word_1_833' title='bbox 2178 5535 2373 5609; x_wconf 87' lang='lat' dir='ltr'><strong>agitur</strong></span> <span class='ocrx_word' id='word_1_834' title='bbox 2428 5535 2647 5591; x_wconf 89' lang='lat' dir='ltr'><strong>nostris</strong></span> <span class='ocrx_word' id='word_1_835' title='bbox 2692 5535 2752 5591; x_wconf 94' lang='lat' dir='ltr'><strong>in</strong></span> <span class='ocrx_word' id='word_1_836' title='bbox 2803 5534 3000 5610; x_wconf 87' lang='lat' dir='ltr'><strong>aliquo</strong></span> <span class='ocrx_word' id='word_1_837' title='bbox 3045 5535 3397 5602; x_wconf 88' lang='lat' dir='ltr'><strong>assimilarc,</strong></span> <span class='ocrx_word' id='word_1_838' title='bbox 3450 5536 3549 5609; x_wconf 90' lang='lat' dir='ltr'><strong>qui</strong></span> <span class='ocrx_word' id='word_1_839' title='bbox 3602 5532 3812 5590; x_wconf 81' lang='lat' dir='ltr'><strong>malunt</strong></span> 
     </span>
    </p>
   </div>
   <div class='ocr_carea' id='block_1_119' title="bbox 2176 5622 3811 5707">
    <p class='ocr_par' dir='ltr' id='par_1_119' title="bbox 2176 5622 3811 5707">
     <span class='ocr_line' id='line_1_119' title="bbox 2176 5622 3811 5707; baseline 0 -21"><span class='ocrx_word' id='word_1_840' title='bbox 2176 5625 2576 5703; x_wconf 84' lang='lat' dir='ltr'><strong>temporaliter</strong></span> <span class='ocrx_word' id='word_1_841' title='bbox 2604 5639 2775 5703; x_wconf 78' lang='lat' dir='ltr'><strong>agere</strong></span> <span class='ocrx_word' id='word_1_842' title='bbox 2807 5641 2987 5707; x_wconf 83' lang='lat' dir='ltr'><strong>quam</strong></span> <span class='ocrx_word' id='word_1_843' title='bbox 3017 5624 3266 5706; x_wconf 85' lang='lat' dir='ltr'><strong>patriam</strong></span> <span class='ocrx_word' id='word_1_844' title='bbox 3297 5623 3400 5685; x_wconf 83' lang='lat' dir='ltr'><strong>Dei</strong></span> <span class='ocrx_word' id='word_1_845' title='bbox 3426 5623 3683 5688; x_wconf 79' lang='lat' dir='ltr'><strong>venalem</strong></span> <span class='ocrx_word' id='word_1_846' title='bbox 3710 5622 3811 5688; x_wconf 76' lang='lat' dir='ltr'><strong>du-</strong></span> 
     </span>
    </p>
   </div>
  </div>
