4086 6180
272 354 455 449 ,107³

861 360 1275 427 ADVERSUS
1321 357 1797 426 SIMONIACOS
1842 355 2048 421 LIBRI
2091 356 2668 421 TRES.—-LIBER
2711 358 3145 424 SECUNDUS.

296 509 423 553 cere
450 492 808 552 confidentes
838 494 976 569 quia
1006 493 1152 552 nihil
1184 494 1369 553 deerit
1397 494 1746 552 timentibus
1776 509 1934 551 eum:
1967 490 2022 559 Α
2050 491 2121 548 Et
2151 489 2325 566 paulo
2364 497 2497 566 post
2526 510 2540 548 :
2580 517 2602 544 ι
2653 494 2878 551 Inimici
2924 494 3157 552 Domini
3206 496 3435 554 mentiti
3486 501 3626 556 sunt
3654 498 3707 556 ei

296 584 417 657 qui,
431 584 681 641 seetiam
697 584 757 640 in
778 587 1146 641 terrenarum
1165 603 1361 642 rerum
1387 583 1944 657 negotiisinterdum

288 673 596 740 excedunt,
629 671 1037 746 eleemosynis,
1072 673 1342 747 alliisque
1384 673 1555 729 bonis
1594 672 1946 745 quantocius

287 778 395 835 pro
422 764 580 817 certo
612 760 841 832 placare
878 761 988 817 sibi
1021 761 1340 818 Dominum
1374 766 1644 835 possunt,
1678 760 1817 833 quia
1847 776 1942 816 ca-

286 849 518 905 tholicae
550 848 684 904 ﬁdei
707 846 1157 905 fundamentum
1182 851 1242 905 in
1267 854 1460 905 mente
1481 853 1826 905 conservant
1852 848 1944 904 in-

284 942 543 1011 tegrum.
575 937 756 1007 Cujus
776 938 1146 994 fundamenti
1171 940 1377 994 merito
1396 938 1539 994 salvi
1558 939 1727 1005 ﬁunt,
1750 938 1834 993 sic
1851 942 1945 992 ta-

290 1043 426 1082 men
456 1026 626 1097 quasi
649 1043 751 1097 per
769 1027 987 1098 ignem,
1014 1028 1243 1083 etiamsi
1269 1027 1863 1099 supermdificaverint
1883 1025 1946 1080 li-

286 1132 427 1189 gna,
442 1114 760 1186 aliquando
784 1115 1005 1183 fenum,
1032 1115 1348 1188 stipulas(l
1377 1116 1497 1171 Cor.
1526 1134 1611 1180 ιιι,
1646 1117 1754 1187 12),
1788 1116 1943 1187 quod

287 1204 361 1260 de
390 1203 667 1259 omnibus
688 1202 864 1258 etiam
881 1203 1214 1259 criminosis
1236 1204 1485 1260 creditur
1516 1221 1550 1259 a
1569 1204 1786 1274 quibus
1808 1204 1939 1258 fun-

287 1292 632 1347 damentum
665 1290 723 1345 id
763 1291 1065 1357 retinetur,
1096 1292 1145 1347 si
1172 1296 1370 1347 tamen
1403 1291 1463 1346 in
1496 1292 1605 1347 hac
1634 1291 1754 1347 vita
1794 1292 1939 1347 fece-

285 1380 411 1437 rint
437 1380 647 1452 dignos
670 1379 1020 1452 paenitentiae
1047 1382 1289 1436 fructus.
1318 1381 1493 1436 Porro
1515 1380 1767 1453 emptitii
1789 1380 1940 1436 servi

262 1470 659 1545 .Mammonaa,
682 1471 928 1541 ejusque
948 1486 1175 1525 vesanae
1199 1470 1433 1526 malitia:
1476 1471 1654 1527 duces
1685 1474 1742 1526 et
1761 1470 1941 1543 signi-

287 1560 418 1623 feri,
453 1559 554 1631 qui
574 1575 688 1614 non
713 1558 902 1614 solum
919 1575 1059 1614 suas
1076 1559 1306 1614 animas
1322 1559 1557 1615 venales
1577 1559 1815 1626 habent,
1841 1559 1942 1614 sed

286 1649 465 1706 etiam
517 1650 780 1720 ipsarum
820 1651 1145 1704 Creatorem
1177 1652 1235 1703 et
1264 1649 1765 1705 Sanctiﬁcatorem
1810 1647 1941 1703 ani-

284 1754 522 1793 marum
537 1735 1087 1804 venderela'oorant,
1113 1738 1253 1809 quid
1276 1737 1489 1809 agent?
1510 1743 1613 1793 aut
1624 1755 1740 1815 quo
1762 1736 1938 1793 iidem

289 1826 451 1882 milvi
486 1824 847 1881 fallacissimi
878 1842 912 1880 a
940 1825 1086 1881 facie
1105 1825 1389 1882 columbae
1417 1827 1608 1899 ipsius
1630 1843 1809 1900 quam
1839 1844 1940 1883 ve-
1972 1863 2020 1928 Β

287 1914 483 1971 nalem
523 1917 753 1987 putant,
804 1913 1051 1987 fugient,
1107 1914 1208 1986 qui
1239 1915 1620 1971 fundamento
1668 1916 1821 1987 quod
1856 1920 1946 1972 est

282 2004 554 2060 Christus
601 2004 794 2067 Jesus,
841 2003 955 2059 fide
1013 2003 1236 2060 scilicet
1285 2021 1347 2060 se
1398 2005 1719 2077 privarunt,
1766 2022 1944 2077 super

284 2110 489 2166 quem,
518 2092 679 2149 velut
707 2107 883 2163 super
906 2093 1137 2148 firmam
1160 2094 1411 2162 Petram,
1430 2094 1751 2151 Ecclesiam
1774 2111 1938 2150 suam

281 2183 415 2257 ipse
443 2182 692 2237 aediﬁcat
708 2181 736 2236 ?
762 2182 962 2253 Neque
980 2182 1136 2237 enim
1160 2182 1547 2255 eleemosynis
1576 2182 1824 2255 aliisque
1844 2183 1942 2239 bo-

285 2271 402 2339 nis,
437 2288 563 2344 quae
594 2271 817 2342 utique,
854 2271 1151 2326 subtracto
1182 2271 1310 2343 ipso
1341 2272 1747 2339 fundamento,
1780 2270 1944 2327 nulla

286 2362 377 2418 eis
408 2360 629 2425 insunt,
648 2358 843 2431 juvari
867 2363 1140 2431 possunt,
1161 2377 1295 2416 cum
1321 2360 1517 2432 potius
1545 2361 1604 2416 in
1636 2365 1938 2433 peccatum

286 2448 412 2505 illis
430 2452 738 2522 reputatur
758 2447 1047 2520 quidquid
1072 2448 1203 2505 aliis
1233 2448 1485 2505 salutem
1509 2454 1803 2522 operatur.
1826 2449 1940 2505 Nec

282 2537 507 2593 mirum
528 2552 659 2591 cum
677 2534 789 2607 ipsi
806 2551 910 2591 nec
925 2534 1175 2591 salutem
1195 2553 1387 2602 suam,
1401 2553 1506 2592 nec
1520 2536 1770 2608 alicujus
1783 2554 1939 2608 qum-

281 2630 424 2683 rant
445 2625 505 2680 in
538 2623 953 2680 ecclesiasticis
983 2624 1225 2694 officiis;
1261 2642 1388 2698 qua
1410 2625 1521 2681 sibi
1548 2625 1699 2682 male
1729 2642 1942 2697 praesu-

282 2718 484 2780 munt,
513 2712 656 2786 quid
687 2729 757 2769 ex
783 2713 893 2769 hoc
923 2714 1206 2786 probatur
1234 2715 1374 2786 quia
1402 2713 1529 2771 sola
1570 2714 1818 2787 pecunia
1854 2716 1939 2771 eis

281 2802 630 2860 dominatur
661 2842 676 2869 ,
727 2817 858 2873 quae
900 2800 1027 2857 sola
1075 2802 1134 2856 in
1185 2802 1511 2860 actionibus
1560 2820 1760 2859 eorum
1810 2820 1940 2876 ope-

278 2897 496 2959 ratur;
525 2891 655 2964 ipsa
678 2891 834 2946 enim
861 2891 1100 2963 petitur,
1116 2890 1246 2964 ipsa
1268 2893 1546 2964 quaeritur
1566 2910 1601 2948 a
1620 2892 1936 2960 venditore,

278 2980 421 3053 ipsa
450 2978 742 3051 pulsatur,
776 2979 907 3050 ipsa
933 2979 1301 3051 proponitur,
1332 2980 1461 3052 ipsa
1488 2982 1785 3046 adoretur,
1808 2981 1938 3053 ipsa

276 3069 610 3133 invocatur,
644 3067 773 3139 ipsa
800 3067 993 3135 datur,
1028 3068 1157 3140 ipsa
1188 3068 1489 3141 accipitur,
1515 3064 1643 3141 ipsa
1664 3069 1931 3138 habetur,

278 3158 421 3230 ipsa
463 3155 816 3230 possidetur.
858 3157 992 3220 Qua:
1041 3157 1091 3213 si
1141 3158 1211 3213 de
1255 3159 1447 3213 medio
1500 3159 1781 3223 aufertur,
1833 3162 1934 3213 aut

2057 582 2252 655 (Ibid.,
2290 584 2412 654 16);
2441 607 2463 636 ι
2499 584 2569 639 de
2590 583 2807 656 quibus
2833 584 2971 640 alibi
2995 586 3331 658 congeritur
3355 605 3368 643 :
3407 607 3435 641 α
3462 588 3706 645 Verum-

2053 675 2249 727 tamen
2284 673 2536 745 pretium
2570 689 2767 728 meum
2799 673 3201 745 cogitaverunt
3218 675 3497 746 repellere
3527 679 3699 745 (Psal.

2057 777 2166 829 LXI,
2196 762 2272 832 5),
2309 784 2336 811 ››
2370 762 2554 817 Deum
2587 779 2785 818 meum
2816 762 3036 819 scilicet
3064 765 3135 820 ad
3169 782 3281 821 me.
3332 768 3456 833 Qua
3486 767 3702 840 cogita-

2052 850 2209 906 tione
2239 850 2484 922 ad‘quid
2510 852 2894 923 pervenerint,
2916 854 3222 925 subjungit
3250 855 3449 911 dicens
3482 873 3495 911 :
3531 882 3559 908 (ι
3587 857 3699 914 Ore

2055 955 2161 994 suo
2180 939 2693 1006 benedicebant,et
2709 942 2880 997 corde
2904 958 3012 997 suo
3033 942 3458 1000 maledicebant
3475 946 3696 1018 (lbid).»

2054 1027 2114 1084 Si
2144 1044 2281 1100 ergo
2313 1029 2411 1101 qui
2435 1030 2835 1102 cogitaverunt
2865 1032 3045 1087 Deum
3080 1048 3113 1086 a
3142 1037 3343 1088 sancto
3372 1033 3496 1089 viro
3525 1034 3705 1106 repel-

2051 1115 2190 1183 lere,
2216 1118 2335 1187 jam
2358 1117 2713 1173 maledicunt
2729 1120 2921 1185 corde,
2945 1120 3217 1191 quamvis
3235 1120 3585 1178 benedicant
3607 1139 3705 1179 ore

2053 1205 2194 1277 quid
2226 1209 2397 1278 putas
2429 1210 2631 1277 agunt,
2664 1207 2765 1279 qui
2796 1224 2911 1263 non
2944 1208 3070 1264 sola
3097 1209 3467 1281 cogitatione,
3500 1227 3701 1267 verum

2052 1293 2343 1350 locutione
2391 1299 2449 1350 et
2478 1311 2650 1366 opere
2689 1296 2955 1352 laborant
3001 1298 3314 1353 Dominum
3351 1316 3385 1353 a
3433 1316 3496 1356 se
3533 1304 3590 1355 et
3629 1300 3704 1355 ab

2053 1381 2184 1437 aliis
2214 1382 2489 1455 repellere
2508 1384 2536 1438 ‘I
2561 1386 2818 1449 Quorum
2849 1383 2967 1440 oris
2989 1384 3312 1441 benedictio
3342 1403 3703 1459 quaecunque

2052 1470 2154 1526 illa
2183 1471 2279 1539 sit,
2330 1470 2648 1527 indicibilis
2677 1471 3007 1528 maledictio
3032 1474 3209 1544 'apud
3252 1473 3439 1529 Deum
3482 1475 3566 1542 tit,
3600 1475 3701 1545 qui

2050 1560 2226 1615 verba
2254 1558 2341 1615 vel
2377 1560 2529 1615 facta
2557 1559 2867 1616 hominum
2897 1578 2967 1616 ex
2994 1561 3122 1617 sola
3149 1560 3471 1617 intentione
3502 1563 3696 1619 cordis

2050 1649 2378 1721 perpendit.
2420 1649 2535 1704 Nec
2577 1649 2949 1705 considerant
2977 1650 3121 1721 quid
3152 1649 3290 1706 boni
3338 1651 3556 1717 dicant,
3589 1650 3690 1707 sed

2051 1737 2297 1793 dicendo
2327 1755 2442 1810 quo
2486 1738 2812 1794 intendant.
2863 1739 3024 1804 Quod
3066 1742 3296 1793 tantum
3353 1738 3539 1794 solius
3595 1739 3695 1795 Dei

2050 1830 2138 1882 est
2187 1827 2535 1896 discernere,
2580 1826 2732 1883 sicut
2777 1827 3092 1899 Apostolus
3142 1826 3419 1899 praedicat
3448 1831 3693 1899 aperte:

2057 1937 2085 1965 ‹‹
2115 1914 2293 1971 Vivus
2324 1919 2431 1984 est,
2446 1915 2661 1988 inquit,
2685 1932 2878 1971 sermo
2907 1915 3007 1971 Dei
3031 1920 3088 1971 et
3107 1916 3333 1984 efﬁcax,
3350 1919 3407 1971 et
3427 1920 3667 1988 penetra
3684 1945 3698 1957 ο

2050 2003 2247 2060 biliter
2275 2005 2435 2060 omni
2463 2004 2656 2077 gladio
2674 2004 2934 2077 ancipiti,
2956 2008 3017 2067 et
3044 2004 3379 2077 pertingens
3411 2020 3600 2076 usque
3624 2004 3696 2059 ad

2051 2093 2395 2150 divisionem
2441 2093 2647 2149 anima?
2679 2110 2745 2148 ac
2775 2094 3039 2166 spiritus,
3073 2110 3423 2166 compagum
3464 2109 3698 2166 quoque

2049 2187 2107 2238 et
2136 2182 2544 2250 medullarum,
2578 2186 2634 2237 et
2663 2182 2949 2239 discretor
2970 2183 3392 2255 cogitationum
3417 2186 3474 2238 et
3504 2183 3694 2238 inten-

2048 2271 2275 2327 tionum
2307 2270 2520 2337 cordis,
2552 2275 2609 2326 et
2633 2288 2746 2327 non
2766 2275 2854 2327 est
2875 2271 2995 2326 ulla
3018 2276 3284 2327 creatura
3312 2270 3693 2328 invisibilisin

2049 2364 2362 2433 conspectu
2394 2362 2541 2431 ejus.
2570 2359 2779 2416 Omnia
2808 2365 3004 2416 autem
3035 2362 3195 2416 nuda
3223 2365 3282 2416 et
3319 2366 3521 2433 aperta
3551 2363 3694 2416 sunt

2048 2448 2234 2505 oculis
2262 2450 2391 2520 ejus
2408 2449 2479 2504 ad
2505 2465 2680 2520 quem
2702 2449 2872 2504 nobis
2903 2450 3387 2521 sermo(Hebr.1v,
3422 2450 3510 2517 12,
3544 2449 3688 2520 13).»

2679 2555 2912 2611 CAPUT
2949 2556 3043 2611 ΧΙ.

2049 2643 2196 2711 Quod
2234 2645 2454 2700 vitandi
2505 2652 2632 2701 sunt
2673 2645 2922 2701 haeretici
2977 2646 3226 2717 exemplo
3277 2647 3598 2716 viperarum
3641 2655 3693 2701 et

2651 2718 2820 2773 malae
2848 2717 3080 2771 arboris.

2118 2806 2229 2861 Sed
2264 2822 2336 2860 ne
2378 2805 2637 2861 crederet
2668 2805 2802 2876 quis
2830 2821 2892 2860 se
2920 2804 3248 2860 immunem
3281 2821 3462 2873 noxae,
3512 2805 3558 2861 si
3593 2822 3691 2862 ne-

2044 2892 2288 2965 gligeret
2308 2892 2455 2948 tales
2485 2909 2703 2959 cavere,
2736 2891 2897 2948 velut
2915 2893 3013 2965 qui
3044 2894 3219 2950 corda
3246 2911 3449 2950 eorum
3481 2894 3690 2967 nequi-

2044 2985 2132 3037 ret
2161 2986 2481 3052 penetrare,
2515 2981 2640 3053 ipse
2669 2981 2974 3049 Dominus,
3006 2983 3067 3038 in
3106 2983 3410 3056 Evangelia
3442 2999 3689 3040 monens

2044 3086 2078 3124 a
2106 3069 2271 3126 falsis
2302 3070 2602 3143 prophetis
2632 3071 3075 3140 attendendum,
3119 3072 3403 3128 indicium
3444 3089 3686 3146 cognos-

2043 3159 2210 3213 cendi
2261 3175 2395 3213 mox
2431 3158 2674 3225 addidit,
2716 3160 2917 3214 dicens
2951 3175 2963 3215 :
3018 3182 3038 3208 ι
3074 3161 3120 3215 Α
3150 3160 3438 3216 fructibus
3480 3176 3683 3216 eorum

277 3250 467 3316 certe,
497 3246 638 3301 dum
672 3246 941 3317 exigitur,
975 3246 1315 3319 denegatur,
1350 3247 1551 3319 procul
1594 3248 1773 3303 dubio
1798 3264 1931 3303 con-
1961 3230 2003 3295 (ἶ
2041 3248 2403 3317 cognoscetis
2441 3264 2540 3303 eos
2583 3248 2788 3319 (Matth.
2832 3265 2931 3315 vn,
2983 3250 3092 3320 16).
3148 3270 3176 3297 ››
3226 3248 3389 3304 Unde
3431 3264 3683 3320 quorum

274 3340 406 3393 stat
435 3334 575 3406 quia
602 3350 709 3390 nec
738 3334 893 3390 Deus
924 3338 1161 3406 petitur,
1195 3353 1301 3391 nec
1332 3336 1632 3407 quaeritur,
1666 3352 1772 3391 nec
1802 3335 1932 3408 pul-

275 3428 473 3491 satur,
505 3439 612 3479 nec
642 3422 1006 3495 preponitur,
1030 3441 1136 3480 nec
1156 3425 1453 3491 adoretur,
1488 3442 1592 3481 nec
1614 3424 1933 3491 invocatur,

274 3530 394 3570 nec
422 3513 618 3577 datur,
649 3527 755 3567 nec
784 3512 1088 3584 accipitur,
1120 3530 1226 3568 nec
1246 3514 1517 3581 habetur,
1547 3531 1653 3570 nec
1674 3513 1932 3586 posside-

258 3602 406 3659 'tur.
455 3600 553 3657 Sic
581 3617 750 3656 versa
776 3600 901 3656 vice
932 3601 1061 3672 ipsa
1107 3602 1271 3673 petit,
1304 3602 1433 3674 ipsa
1479 3601 1695 3674 pulsat,
1746 3603 1934 3674 ipsam

272 3693 519 3763 emptor
557 3688 851 3762 proponit,
883 3688 1073 3761 ipsam
1092 3690 1319 3756 adorat,
1342 3691 1532 3763 ipsam
1565 3692 1813 3759 invocat,
1846 3690 1935 3763 ip-

272 3795 415 3836 sam
447 3778 571 3844 dat,
602 3793 704 3849 per
732 3776 930 3849 ipsum
961 3777 1193 3850 accipit,
1227 3795 1330 3850 per
1368 3778 1559 3851 ipsam
1587 3780 1761 3835 habet
1781 3779 1936 3850 quod

271 3867 484 3931 habet,
519 3882 623 3938 per
641 3866 828 3938 ipsam
851 3866 1112 3937 possidet
1134 3868 1289 3939 quod
1313 3869 1589 3940 possidet.
1615 3869 1723 3923 Sed
1752 3869 1892 3940 quid
1912 3868 1939 3923 ?

273 3954 635 4013 exteriorem
663 3952 1093 4011 dealbationem
1124 3960 1181 4010 et
1212 3956 1549 4012 interiorem
1587 3957 1938 4030 denigratio-

269 4060 444 4113 nem,
478 4042 621 4114 quia
648 4043 1057 4115 perditionem,
1102 4044 1242 4115 quia
1289 4045 1756 4113 damnationem,
1803 4046 1942 4117 quia

272 4131 782 4199 maledictionem,
800 4132 940 4203 quia
954 4132 1349 4204 sacrilegium,
1376 4133 1514 4204 quia
1545 4134 1938 4200 mendacium,

274 4220 431 4294 quia
458 4220 817 4292 apostasiam
839 4220 1087 4276 invicem
1108 4221 1221 4277 sibi
1254 4222 1397 4277 dant
1418 4226 1474 4277 et
1496 4222 1808 4294 accipiunt,
1833 4222 1939 4277 ha—

274 4311 431 4366 bent
461 4324 527 4363 ac
550 4308 873 4380 possident.
899 4309 1046 4372 Quin
1063 4310 1401 4382 potiusatot
1420 4311 1785 4366 daemonibus
1806 4328 1941 4383 pos-

275 4398 560 4456 sidentur
588 4401 735 4467 quot
764 4398 955 4453 modis
986 4398 1533 4472 pravehegotiando
1557 4399 1944 4472 supplantant

276 4492 347 4543 et
366 4485 848 4558 supplantantur.
870 4486 1210 4559 Specialiter
1225 4492 1418 4544 autem
1434 4506 1467 4543 a
1483 4488 1739 4560 maligno
1762 4506 1945 4543 mam-

2043 3336 2285 3391 avaritia
2312 3337 2542 3392 videtur
2572 3336 2764 3409 palam
2796 3337 2881 3391 sic
2910 3336 3131 3404 saevire,
3166 3342 3231 3392 ut
3260 3354 3376 3393 non
3416 3338 3687 3393 dubitent

2044 3425 2327 3495 Spiritum
2357 3432 2627 3481 sanctum
2656 3425 2916 3482 venalem
2956 3443 3294 3499 proponere,
3327 3430 3556 3483 constat
3586 3442 3687 3482 eos

2044 3514 2225 3569 falsos
2255 3514 2569 3587 praphetas
2596 3531 2745 3584 esse,
2778 3515 2937 3585 quia,
2981 3515 3139 3571 velut
3176 3516 3429 3589 profanae
3461 3515 3689 3573 arboris

2044 3602 2338 3659 occultum
2371 3619 2629 3675 germen,
2663 3603 2836 3675 quale
2867 3604 2945 3659 sit
2975 3595 3150 3676 sapor
3177 3605 3433 3676 pertiferi
3464 3606 3691 3661 fructus

2047 3691 2260 3764 prodit.
2284 3690 2585 3763 ltquequee
2606 3693 2678 3747 de
2698 3709 2796 3748 ore
2818 3693 3160 3763 procedunt,
3183 3694 3254 3748 de
3274 3694 3445 3748 corde
3456 3696 3689 3760 exeunt;

2047 3786 2104 3837 et
2134 3780 2262 3835 ideo
2293 3780 2342 3836 si
2376 3779 2533 3835 mala
2563 3784 2703 3835 sunt
2735 3781 2790 3834 in
2826 3781 3018 3845 corde,
3054 3782 3205 3835 bona
3234 3795 3364 3835 esse
3394 3785 3694 3851 nequeunt

2047 3868 2106 3924 in
2137 3886 2256 3935 ore,
2288 3869 2517 3924 etiamsi
2563 3868 2872 3924 videantur
2901 3884 3048 3923 esse.
3081 3868 3162 3923 Ea
3192 3872 3331 3923 sunt
3374 3868 3531 3923 enim
3564 3885 3691 3941 quae

2048 3958 2431 4028 coinquinant
2489 3956 2808 4023 hominem,
2867 3957 3037 4027 cujus
3092 3956 3152 4011 in
3196 3973 3294 4012 ore
3346 3956 3743 4022 benedictio“

2050 4046 2190 4118 quia
2220 4062 2334 4099 non
2377 4062 2479 4117 pro
2517 4046 2626 4100 Deo
2657 4049 2845 4112 sonat,
2880 4045 2981 4100 sed
3014 4062 3117 4117 pro
3148 4062 3391 4102 nummo
3436 4045 3694 4119 plurima

2049 4138 2425 4206 computatur
2477 4133 2827 4199 maledictio,
2860 4138 2917 4189 et
2976 4133 3137 4191 nulla
3184 4135 3533 4191 benedictio.
3567 4139 3689 4190 Hu-

2043 4223 2305 4295 jusmodi
2338 4222 2518 4292 enim,
2553 4227 2616 4277 ut
2645 4222 2727 4277 ait
2755 4223 3091 4295 Apostolus,
3133 4248 3160 4275 ε(
3195 4242 3297 4296 per
3324 4224 3525 4280 dulces
3572 4242 3693 4280 ser-

2052 4329 2254 4368 mones
2277 4318 2332 4367 et
2353 4312 2787 4367 benedictiones
2801 4314 3091 4368 seducunt
3111 4313 3697 4369 cordainnocentium

2053 4402 2227 4472 (Rom.
2274 4418 2389 4467 xvr,
2437 4403 2545 4470 18).
2601 4424 2628 4449 ››
2677 4402 2819 4457 Ecce
2859 4401 3061 4474 quales
3093 4402 3697 4473 benedictiones,qua2

2054 4492 2343 4546 seducunt
2386 4489 2761 4546 innocentes!
2811 4491 2882 4545 Et
2929 4490 3069 4562 quid
3123 4493 3212 4545 est
3254 4489 3486 4562 proprie
3525 4490 3697 4545 sedu-

276 4590 490 4642 mona,
512 4575 684 4646 cujus
713 4578 852 4630 sunt
881 4575 1080 4631 sumni
1105 4576 1381 4644 usurarii,
1408 4577 1620 4649 cuique
1639 4578 1832 4633 omnis
1854 4578 1941 4633 in-
1974 4596 2022 4662 Ι)
2054 4580 2232 4635 cunt?
2262 4595 2529 4635 seorsum
2550 4579 2795 4634 ducunt.
2818 4579 2980 4633 Unde
3009 4582 3066 4633 et
3094 4577 3250 4649 quo?
3281 4595 3315 4632 a
3337 4582 3449 4632 Deo
3472 4576 3544 4633 ad
3574 4576 3697 4631 dia-

274 4663 496 4731 tentio,
520 4667 580 4718 et
610 4662 759 4718 actio
789 4680 992 4720 eorum
1023 4664 1254 4721 militat.
1286 4665 1501 4722 Neuter
1529 4666 1686 4723 enim
1716 4683 1940 4734 eorum,

275 4752 571 4809 vendetor
611 4751 834 4809 scilicet
878 4770 945 4809 ac
998 4758 1248 4826 emptor,
1296 4755 1481 4810 Deum
1512 4755 1785 4828 proponit
1813 4760 1947 4811 ante

278 4846 675 4913 conspectum
695 4858 904 4911 suum;
929 4843 1047 4899 imo
1063 4843 1299 4915 penitus
1313 4845 1587 4916 proponit
1606 4845 1719 4900 sibi
1738 4845 1943 4900 Deum.

282 4929 387 4988 cui
443 4931 716 5003 proponit
756 4948 1091 4987 numerum.
1143 4935 1265 4998 Quo
1310 4934 1375 4988 ﬁt
1432 4938 1498 4988 ut
1547 4934 1948 5006 postponendo

282 5021 504 5089 Deum,
558 5020 818 5090 primum
864 5025 922 5076 et
970 5021 1360 5077 novissimum
1402 5024 1713 5095 antiquum
1747 5023 1948 5094 utique

287 5109 552 5176 dierum,
575 5110 747 5181 cujus
772 5110 901 5166 sine
932 5110 1047 5165 ﬁne
1074 5126 1343 5183 regnum,
1368 5116 1699 5183 proponant
1721 5111 1831 5166 sibi
1863 5128 1948 5165 re-

287 5201 527 5253 centem
551 5201 942 5270 Deum,atque
961 5198 1281 5254 deserendo
1303 5216 1477 5254 suum
1501 5200 1743 5255 adorent
1763 5200 1955 5255 Domi-

289 5302 443 5343 num
464 5285 748 5354 alienum,
773 5286 1088 5343 Psalmista
1107 5288 1539 5344 contradicente
1556 5289 1668 5343 sic:
1697 5311 1726 5337 «
1753 5287 1951 5355 Israel,

284 5374 347 5432 si
378 5391 475 5431 me
505 5374 784 5441 audieris,
818 5391 932 5430 non
978 5375 1087 5431 erit
1137 5374 1194 5429 in
1226 5379 1283 5431 te
1324 5377 1480 5431 Deus
1518 5394 1740 5443 recens,
1767 5393 1954 5447 neque

288 5463 572 5520 adorabis
599 5463 784 5519 Deum
816 5463 1072 5519 alienum
1105 5464 1279 5530 (Psal.
1312 5467 1606 5536 1.xxx,10).
1629 5486 1655 5517 n
1682 5466 1792 5520 Sed
1818 5464 1956 5536 quia

284 5568 415 5608 non
460 5552 778 5609 obauditus
826 5552 955 5619 fuit,
1003 5553 1207 5607 subdit
1262 5570 1273 5607 :
1331 5577 1351 5602 α
1389 5555 1458 5609 Et
1505 5554 1703 5610 dimisi
1731 5570 1831 5609 eos
1864 5569 1953 5608 se-

289 5640 562 5699 cundum
624 5641 915 5699 desideria
984 5642 1177 5697 cordis
1235 5656 1439 5699 eorum
1502 5643 1686 5715 (lbid.,
1747 5642 1862 5713 l3).
1922 5664 1952 5692 »

2053 4668 2275 4725 bolum.
2292 4669 2438 4723 Nam
2461 4669 2510 4724 si
2533 4686 2566 4723 a
2590 4667 2822 4723 diabolo
2848 4667 2918 4721 ad
2940 4666 3145 4731 Deum,
3170 4666 3317 4721 bene
3332 4665 3699 4721 seducerent.

2055 4757 2222 4824 Vere,
2275 4757 2466 4812 malus
2514 4757 2689 4811 homo
2729 4757 2802 4811 de
2852 4754 3005 4810 malo
3056 4754 3331 4810 thesruro
3376 4753 3569 4811 cordis
3610 4754 3700 4811 sui

2055 4848 2275 4918 profert
2299 4844 2451 4899 mala
2469 4846 2617 4913 (Luc.
2648 4860 2723 4907 vr,
2747 4843 2856 4915 45).
2890 4843 3037 4897 Nam
3060 4842 3200 4914 quid
3218 4841 3378 4898 aliud
3409 4842 3545 4899 inde
3567 4859 3703 4915 pro-

2056 4937 2203 4991 ferre
2245 4933 2474 5007 poterit,
2508 4932 2613 4987 nisi
2648 4932 2801 5003 quod
2835 4932 3298 4988 thesaurizavit?
3332 4934 3394 4988 In
3433 4932 3583 4989 tales
3614 4932 3702 4987 in-

2053 5022 2579 5080 vehiturDominus
2593 5021 2813 5076 dicens:
2840 5042 2860 5069 ι
2877 5020 3187 5077 Genimina
3200 5021 3553 5094 viperarum,
3569 5038 3707 5092 quo-

2056 5115 2229 5169 modo
2273 5110 2517 5183 potestis
2558 5110 2709 5164 bona
2725 5109 2904 5181 loqui,
2923 5127 3057 5165 cum
3080 5110 3215 5165 sitis
3234 5109 3370 5166 mali
3393 5110 3422 5163 ?
3444 5114 3545 5164 aut
3562 5110 3708 5163 face-

2063 5220 2122 5257 re
2153 5201 2364 5273 [facite]
2397 5199 2659 5255 arborem
2696 5196 2912 5252 malum
2944 5202 2999 5254 et
3020 5199 3277 5253 fructum
3298 5199 3428 5267 ejus
3452 5195 3708 5251 malum?

2062 5290 2286 5361 (Matth.
2320 5306 2419 5352 xu,
2451 5289 2539 5353 33,
2573 5286 2684 5357 34).
2718 5310 2744 5335 ‹‹
2782 5288 2842 5341 In
2866 5287 3081 5357 quibus
3112 5286 3370 5342 veritatis
3390 5284 3581 5340 verbis
3611 5300 3709 5339 ar-

2063 5384 2326 5449 guuntur
2354 5376 2671 5431 deteriores
2703 5374 2875 5430 malis
2915 5375 3244 5441 arboribus,
3274 5373 3374 5447 qui
3406 5373 3529 5429 istae
3561 5389 3706 5445 qua-

2062 5465 2146 5521 les
2177 5465 2285 5519 sibi
2310 5469 2451 5519 sunt
2481 5464 2538 5518 in
2572 5463 2764 5518 radice
2796 5462 2940 5518 tales
2971 5480 3033 5518 se
3062 5462 3338 5519 exhibent
3366 5461 3709 5517 hominibus

2064 5555 2122 5609 in
2155 5570 2381 5625 sapore,
2414 5553 2497 5607 illi
2525 5557 2740 5620 autem,
2767 5568 2900 5607 cum
2932 5552 3211 5608 malisint
3240 5551 3298 5606 in
3332 5552 3523 5620 corde,
3557 5551 3712 5606 bona

2062 5649 2259 5699 tamen
2321 5642 2493 5698 verbo
2541 5645 2713 5697 tenus
2754 5646 3122 5713 praesumunt
3166 5641 3225 5697 in
3259 5657 3377 5697 ore.
3430 5642 3500 5696 Et
3530 5653 3709 5711 quam

3553 358 3709 425 10⁸74
3804 358 3805 361 “
