4106 6178
445 401 602 468 1073

1499 401 1912 470 HUMBERTI
1957 405 2019 470 S.
2069 405 2142 469 Β.
2188 405 2257 469 E.
2306 406 2795 475 CARDINALIS.

3692 397 3854 470 1076

440 555 827 612 congrue,per
847 537 1081 596 arbores
1103 538 1308 607 malas,
1331 557 1456 612 qua:
1471 541 1672 596 vivunt
1692 540 1952 612 quidem,
1977 557 2082 596 nec
2112 539 2168 605 Α
2197 542 2492 598 szerviunt.
2517 544 2597 604 De
2627 544 2842 616 quibus
2872 543 3186 601 Psalmista
3213 542 3358 600 dicit
3389 561 3402 600 :
3429 565 3455 594 ‹‹
3490 541 3618 599 Filii
3646 541 3856 599 homi-

442 633 639 685 tamen
671 629 947 696 sentiunt,
983 631 1350 701 accipiuntur
1379 630 1611 701 pagani,
1645 631 1744 702 qui
1786 630 2091 702 perfidiam

441 717 989 790 idololatrize,quam
1020 720 1236 775 habent
1275 720 1331 774 in
1354 722 1545 785 corde,
1580 721 1851 775 exhibent
1879 720 1938 774 in
1973 736 2090 775 ore.

445 809 551 864 Per
569 809 868 880 genimina
893 813 1087 863 autem
1110 810 1460 880 viperarum,
1487 827 1611 880 quae
1642 809 1847 863 vivunt
1876 812 1932 862 et
1963 825 2090 863 sen-

442 899 617 963 tiunt,
651 915 754 954 nec
784 903 979 954 tamen
1013 899 1377 965 discernunt,
1413 899 1695 953 increduli
1737 902 1792 953 et
1833 898 2086 968 perversi

444 988 825 1060 hmretici,qui
853 988 1152 1060 perfidiam
1170 989 1404 1059 quidem
1421 989 1674 1043 retinent
1691 987 1866 1042 simul
1883 987 1940 1040 in
1961 1002 2090 1056 ope-

444 1095 540 1146 re;
575 1079 674 1134 sed
703 1079 760 1133 in
789 1095 886 1134 ore
907 1082 1234 1133 monstrant
1262 1078 1553 1133 interdum
1573 1093 1633 1132 se
1656 1093 1886 1148 quoque
1917 1076 2086 1147 quid-

443 1168 580 1223 dam
610 1168 748 1224 recti
779 1169 1013 1222 sentire.
1048 1167 1207 1232 Quod
1241 1166 1379 1236 quia
1410 1183 1521 1220 non
1556 1165 1914 1228 discernunt,
1972 1164 2082 1218 sibi

442 1261 498 1313 et
531 1258 733 1312 multis
768 1257 1010 1328 pejores,
1046 1260 1102 1310 et
1137 1255 1578 1326 perniciosiores
1628 1255 1872 1327 paganis
1923 1258 2082 1323 sunt,

443 1346 542 1416 qui
565 1345 710 1399 nihil
735 1345 868 1399 fidei
892 1343 1230 1398 Christianae
1252 1344 1532 1406 sentiunt,
1559 1344 1710 1398 sicut
1731 1344 1958 1413 viperm,
1981 1359 2080 1397 no-

442 1433 724 1488 centiores
746 1431 901 1487 mala
921 1432 1123 1486 arbore
1144 1433 1402 1486 existunt
1423 1431 1966 1503 quantum,scilicet
1988 1447 2080 1485 ve-

441 1539 614 1588 nena,
648 1522 718 1576 ab
751 1537 947 1576 amaro
977 1520 1064 1574 vel
1095 1521 1262 1575 noxio
1295 1538 1466 1592 pomo
1501 1521 1795 1576 differunt.
1829 1522 1898 1575 Et
1921 1520 2077 1591 vipe-

441 1626 517 1665 rae
548 1611 806 1682 quidem,
841 1610 888 1665 si
921 1626 1035 1664 non
1065 1609 1425 1680 impetantur
1456 1610 1540 1665 vel
1573 1609 1877 1674 laedantur,
1930 1609 2080 1664 ultro

440 1699 732 1770 impetunt
785 1702 988 1753 caetera
1049 1698 1345 1763 animalia,
1389 1702 1446 1753 et
1477 1698 1818 1754 naturaliter
1865 1697 2084 1752 laedunt

442 1788 595 1843 Mala
619 1792 812 1843 autem
848 1788 1037 1850 arbor,
1072 1805 1177 1842 nec
1197 1787 1518 1859 quemlibet
1551 1788 1738 1842 fructu
1771 1804 1876 1842 suo
1898 1787 2079 1859 impe-

2203 648 2368 700 num,
2397 633 2601 687 dentes
2628 649 2826 688 eorum
2860 651 3024 688 arma
3053 638 3110 689 et
3135 633 3379 706 sagittae,
3411 633 3614 706 lingua
3642 648 3853 688 eorum

2202 718 2434 791 gladius
2483 728 2687 777 acutus
2731 722 2900 788 (Psal.
2938 740 3043 788 LVI,
3074 723 3148 793 5).
3187 743 3207 772 ι
3247 725 3380 788 Quae
3431 721 3632 793 lingua
3661 738 3853 793 quan-

2202 812 2328 862 tum
2361 809 2592 864 incauto
2626 810 2932 881 praevaleat
2964 811 3171 866 beatus
3201 811 3311 866 Job
3355 811 3713 876 manifestat,
3759 810 3850 865 di-

2200 913 2336 952 cens
2371 915 2383 952 :
2422 920 2441 946 α
2467 898 2700 954 Occidet
2728 917 2862 955 eum
2900 899 3104 971 lingua
3135 900 3346 970 viperae
3375 901 3515 968 (Job.
3550 917 3644 962 xx,
3683 900 3789 969 16).
3825 921 3853 947 ››

2197 986 2376 1055 Cujus
2408 991 2619 1041 natura
2648 991 2766 1042 tam
2799 987 3210 1043 abominabilis
3259 991 3348 1042 est
3391 987 3736 1043 hominibus
3763 992 3852 1055 ut,

2197 1091 2330 1129 cum
2363 1075 2524 1130 nullo
2556 1077 2626 1130 ab
2657 1077 2740 1131 eis
2771 1076 3162 1148 experimento
3198 1077 3438 1142 sciatur,
3470 1076 3565 1130 vix
3587 1076 3714 1131 sine
3744 1094 3851 1132 au-

2196 1168 2491 1219 reamento
2512 1167 2600 1234 [[2,
2622 1165 2879 1234 horrore]
2903 1165 3083 1219 animi
3109 1164 3404 1230 audiatur,
3437 1181 3571 1220 cum
3596 1165 3745 1220 forte
3767 1183 3854 1220 re-

2195 1251 2394 1307 fertur.
2429 1253 2665 1307 Utenim
2698 1253 3021 1325 physiologi
3039 1257 3331 1320 asserunt,
3373 1252 3573 1324 vipera
3601 1270 3851 1326 concep-

2191 1343 2324 1394 tura
2353 1346 2552 1411 aperto
2582 1359 2678 1397 ore
2705 1358 3038 1413 comparem
3073 1358 3246 1397 suum
3275 1342 3511 1413 expetit,
3555 1343 3732 1412 cujus
3761 1343 3850 1398 ori

2193 1433 2367 1500 caput
2394 1429 2492 1485 ille
2523 1430 2728 1486 insano
2761 1447 2956 1486 amore
2989 1431 3215 1499 inserit,
3250 1431 3405 1502 quod
3431 1429 3530 1485 illa
3561 1431 3851 1487 insaniori

2193 1518 2487 1573 mordicus
2511 1523 2845 1574 truncatum
2876 1519 3151 1592 deglutit;
3179 1535 3307 1590 quae
3334 1535 3401 1574 ex
3430 1519 3724 1591 comparis
3755 1521 3854 1575 sui

2193 1612 2378 1662 morte
2399 1608 2590 1662 taliter
2607 1613 2837 1680 peracto
2854 1625 2984 1664 mox
2997 1608 3461 1680 concipiens,ubi
3487 1608 3706 1663 maturi
3723 1627 3855 1681 par-

2190 1701 2286 1751 tus
2317 1701 2550 1768 tempus
2571 1697 2862 1764 habuerit,
2896 1714 2928 1752 a
2951 1695 3093 1751 ﬁliis
3119 1697 3173 1750 in
3199 1701 3391 1751 ortum
3422 1696 3852 1754 festinantibus

2190 1785 2390 1840 infelix
2420 1789 2604 1840 mater
2635 1803 2870 1840 corrosa
2899 1785 3096 1851 costis,
3133 1785 3460 1856 perimitur,
3488 1785 3628 1856 quia
3658 1787 3709 1841 ei
3742 1804 3851 1842 na.-

440 1877 530 1945 tit,
573 1894 679 1933 nec
727 1877 1065 1948 quemlibet,
1118 1876 1166 1930 si
1197 1894 1309 1931 non
1343 1877 1678 1947 impetatur,
1728 1876 1902 1931 laedit.
1937 1877 2078 1933 Cum
2113 1907 2160 1970 B
2190 1877 2323 1929 tura
2343 1875 2572 1946 negavit
2591 1891 2932 1929 communes
2955 1874 3231 1929 omnibus
3249 1873 3678 1945 concipiendiet
3703 1892 3848 1946 par-

439 1983 576 2039 ergo
605 1970 833 2022 tantum
862 1966 1088 2038 viperea,
1124 1983 1270 2037 quas
1287 1966 1593 2030 hereticos,
1627 1970 1683 2020 et
1713 1965 1878 2020 malae
1910 1967 2083 2022 arbo-

442 2071 553 2122 res,
588 2072 734 2127 quas
763 2071 1022 2128 paganos
1056 2056 1459 2126 praefigurasse
1502 2054 1724 2108 dictum
1769 2059 1874 2121 est,
1919 2056 2084 2111 diffe-

441 2148 592 2211 rant,
644 2145 777 2212 quis
803 2145 991 2215 magis
1040 2161 1073 2197 a
1123 2143 1422 2198 catholicis
1461 2144 1794 2200 tolerandos
1824 2161 2082 2217 paganos

413 2253 416 2256 '
442 2250 618 2304 quam
651 2233 949 2287 haereticos
971 2231 1230 2286 dubitat?
1252 2231 1549 2302 Siquidem
1575 2233 1806 2304 pagani,
1840 2234 1953 2289 nisi
1984 2251 2082 2290 eos

441 2320 716 2384 lacessas,
749 2337 864 2374 non
888 2323 941 2374 te
961 2320 1278 2385 lacessunt;
1301 2324 1358 2374 et
1387 2319 1718 2388 lacessiti,si
1749 2322 2079 2392 praevalent,

441 2407 966 2463 damnaexterioris
988 2407 1327 2462 substantiae
1344 2412 1399 2463 et
1415 2410 1798 2466 contumelias
1811 2411 2084 2484 infligunt

441 2499 688 2553 mortem
709 2513 842 2552 vero
865 2496 1090 2568 corpori
1112 2501 1338 2552 tantum
1360 2497 1776 2570 vixaliquando
1802 2499 2077 2555 inferunt.

438 2585 612 2641 Porro
625 2585 873 2640 haeretici
900 2590 1256 2657 praesumpta
1276 2586 1384 2640 sibi
1409 2588 1599 2657 specie
1621 2587 1930 2643 Christiani
1949 2606 2080 2644 sen-

440 2691 542 2730 sus
574 2679 630 2730 et
660 2674 898 2746 praelata
923 2675 1078 2729 ultro
1109 2679 1163 2730 te
1193 2675 1510 2741 lacessunt,
1545 2677 1771 2732 etiamsi
1809 2677 2086 2747 quiescas,

439 2766 496 2818 et
511 2762 704 2827 sileas,
721 2767 777 2816 et
793 2766 1023 2818 tantum
1041 2762 1249 2818 animae
1270 2768 1516 2818 mortem
1536 2764 1907 2835 pertinaciter
1921 2783 2077 2837 qum-

437 2856 653 2915 rentes,
686 2853 902 2907 damna
927 2852 1210 2908 exteriora
1229 2856 1285 2907 et
1315 2856 1560 2908 mortem
1582 2855 1840 2925 corporis
1870 2856 2082 2911 inferre

438 2938 606 2994 nihili
652 2940 892 3002 ducunt,
943 2941 1211 3012 quamvis
1253 2941 1425 2996 etiam
1459 2942 1580 2997 haec
1629 2960 2077 3014 nonnunquam,

438 3028 488 3083 si
520 3029 850 3100 praevalent,
873 3029 1125 3085 inferant
1145 3033 1479 3085 constanter
1499 3031 1608 3086 sibi
1643 3031 2074 3088 resistentibus.

440 3118 503 3172 In
563 3135 678 3190 quo
732 3118 880 3173 facto
943 3118 1297 3173 omnimodis
1355 3119 1578 3174 similes
1656 3125 1793 3175 sunt
1849 3121 2080 3177 diabolo

439 3207 561 3278 qui,
607 3211 836 3263 tantum
885 3207 1214 3262 animarum
1264 3214 1509 3263 mortem
1555 3208 1781 3275 sitiens,
1833 3227 1946 3264 non
1988 3227 2081 3264 cu-

2193 1963 2443 2018 turiendi
2476 1964 2732 2018 effectus.
2768 1963 2861 2019 Sic
2902 1963 3169 2033 pessimae
3209 1963 3522 2018 bestiarum
3565 1968 3842 2034 pereunt,

2195 2070 2320 2108 mas
2352 2051 2619 2107 videlicet
2649 2053 2790 2107 dum
2821 2052 2955 2118 coit,
2991 2051 3208 2106 femina
3228 2053 3370 2106 dum
3404 2051 3584 2122 parit;
3618 2057 3677 2106 et
3706 2069 3849 2108 mas

2193 2143 2430 2213 quidem
2479 2159 2513 2196 a
2544 2141 2780 2210 femina,
2817 2141 3033 2196 femina
3077 2145 3275 2196 autem
3310 2158 3342 2195 a
3373 2140 3529 2202 ﬁliis,
3560 2139 3685 2212 lege
3740 2159 3850 2212 pa-

2194 2237 2424 2286 rentum
2457 2248 2572 2285 non
2603 2231 2788 2286 multo
2814 2234 2946 2302 post
2969 2230 3261 2301 perituris.
3296 2230 3456 2295 Quod
3491 2229 3729 2301 physice
3753 2231 3851 2285 di-

2192 2325 2372 2387 ctum,
2424 2319 2473 2375 si
2503 2320 2692 2391 typice
2723 2321 2895 2374 fuerit
2925 2319 3280 2386 discussum,
3327 2342 3354 2368 «
3397 2317 3552 2372 Nihil
3587 2319 3743 2373 enim
3777 2320 3850 2374 ﬁt

2192 2410 2250 2463 in
2287 2415 2442 2464 terra
2492 2409 2618 2464 sine
2665 2426 2841 2464 causa
2871 2409 3005 2479 (Job.
3040 2426 3091 2475 v,
3124 2409 3200 2479 6),
3237 2429 3264 2455 ››
3308 2406 3580 2478 congruit
3610 2405 3721 2462 hoc
3751 2406 3846 2461 ni-

2192 2498 2408 2552 mirum
2441 2498 2647 2552 animze
2677 2497 2869 2568 pravis
2901 2497 3025 2551 suis
3073 2495 3587 2566 concupiscentiis,
3618 2499 3676 2548 et
3713 2511 3850 2550 car-

2192 2587 2284 2642 nis
2315 2586 2648 2651 stimulatae,
2681 2603 2746 2640 ac
2769 2602 2872 2657 per
2899 2585 3008 2640 hoc
3040 2583 3312 2640 fornicari
3343 2601 3378 2638 a
3408 2583 3548 2648 Deo,
3579 2582 3848 2655 legitimo

2191 2677 2318 2746 ejus
2341 2676 2586 2746 Sponso,
2611 2675 2862 2745 cupidae;
2887 2674 3002 2738 cui,
3021 2673 3175 2729 velut
3196 2673 3680 2744 viperae,compar
3698 2690 3852 2728 suus

2191 2763 2460 2831 occurrit,
2487 2761 2751 2816 diabolus
2781 2761 3003 2816 scilicet
3033 2760 3132 2832 qui
3152 2761 3374 2815 ratione
3403 2758 3582 2815 simul
3614 2764 3671 2815 et
3700 2777 3851 2832 apo-

2191 2851 2372 2907 stasia
2395 2851 2567 2921 prior,
2592 2851 2749 2907 velut
2770 2850 3017 2916 adulter,
3033 2849 3513 2920 concupiscentia
3539 2848 3699 2904 illius
3712 2854 3850 2904 tan-

2193 2957 2369 3012 quam
2398 2941 2483 2994 ori
2505 2945 2698 3011 caput,
2729 2940 2786 2994 id
2809 2943 2898 2994 est
2927 2939 3360 3012 suggestionem
3385 2937 3468 2993 vel
3503 2937 3848 2993 suasionem

2191 3047 2360 3084 suam
2391 3030 2622 3095 inserit;
2657 3045 2833 3099 quam
2866 3028 3081 3084 misera
3119 3027 3337 3093 anima,
3381 3044 3563 3098 supra
3597 3028 3848 3084 modum

2191 3117 2500 3183 oblectata,
2535 3118 2606 3173 ab
2639 3117 2738 3172 illo
2768 3117 2941 3184 tollit,
2975 3121 3032 3172 et
3058 3117 3115 3170 in
3140 3116 3378 3171 secretis
3408 3115 3531 3171 suis
3553 3115 3844 3171 recondit.

2192 3207 2270 3260 Ex
2317 3224 2435 3278 qua
2465 3223 2598 3262 mox
2644 3205 2976 3277 concipiens
3008 3204 3290 3276 paulatim
3331 3207 3387 3259 et
3417 3203 3636 3260 sensim
3682 3204 3847 3260 intra

438 3276 546 3363 rat,
600 3297 753 3352 sicut
803 3301 855 3350 Β.
909 3296 1220 3367 Gregorius
1269 3298 1457 3362 docet,
1515 3301 1580 3352 ut
1627 3302 1854 3353 terrena
1892 3298 2076 3368 tollat,
2112 3276 2154 3342 C
2193 3312 2256 3351 se
2288 3276 2588 3366 pravitatis
2612 3276 2836 3350 semina
2869 3295 3035 3367 fingit
3055 3299 3110 3348 et
3133 3293 3332 3358 nutrit,
3361 3310 3486 3364 quae
3518 3297 3842 3360 maturata,

435 3384 535 3438 sed
568 3388 634 3438 ut
654 3383 996 3439 charitatem
1021 3385 1077 3438 in
1122 3384 1288 3438 nobis
1323 3384 1506 3453 feriat,
1531 3386 1701 3454 cujus
1729 3386 2077 3443 fundamen-

434 3474 561 3526 tum
592 3471 737 3526 fidcs
763 3471 1192 3542 exstat.Pagani
1221 3475 1416 3527 autem
1448 3473 1657 3527 irritati
1690 3473 1747 3527 in
1780 3491 1888 3528 sua
1919 3476 2077 3530 savi-

433 3558 515 3614 tia
543 3558 764 3614 similes
796 3563 934 3613 sunt
980 3553 1207 3625 bestiis,
1243 3576 1367 3630 quae
1400 3575 1462 3615 se
1498 3559 1852 3616 irritantium
1885 3567 2074 3620 vestes

427 3647 788 3714 discindunt,
823 3651 878 3702 et
899 3645 1212 3719 aliquando
1243 3647 1302 3702 in
1333 3664 1430 3702 eos
1463 3664 1650 3718 usque
1701 3650 1772 3702 ad
1823 3655 2072 3706 mortem

426 3737 620 3793 carnis
669 3737 933 3792 saeviunt.
980 3737 1084 3800 Qui
1123 3737 1377 3808 profecto
1428 3740 1589 3792 tanto
1638 3737 1873 3793 fuerunt
1903 3739 2072 3797 bonis

421 3825 866 3890 tolerabiliores,
901 3825 1273 3896 haereticique
1306 3824 1814 3893 intolerabiliores,
1849 3832 2067 3898 quanto

422 3914 617 3970 bestiae
649 3914 1166 3985 deprehenduntur
1203 3914 1546 3970 crudelitate
1587 3915 1947 3971 daemonibus
1979 3917 2066 3973 in-

421 4001 679 4067 feriores,
713 4017 964 4070 quarum
996 4000 1309 4056 crudelitas
1339 4005 1549 4056 natura
1597 4005 1703 4069 est,
1751 4019 1883 4056 cum
1926 4003 2063 4059 isto-

421 4104 550 4142 rum
584 4087 660 4142 sit
687 4087 914 4143 vitium.

1043 4177 1271 4232 CAPUT
1310 4180 1428 4233 XII.

417 4266 572 4337 Quod
594 4267 722 4338 plus
751 4283 915 4338 quam
947 4267 1146 4333 m’perze
1187 4267 1411 4320 cavendi
1451 4272 1576 4321 sunt
1608 4267 1890 4330 haeretici;
1914 4273 1966 4324 et
1995 4270 2060 4325 de

895 4345 1097 4393 natura
1124 4346 1175 4392 et
1205 4341 1330 4409 typo
1359 4354 1566 4392 earum.

487 4445 647 4500 Unde
687 4445 737 4500 si
770 4445 1078 4500 horremus
1115 4445 1343 4516 viperas
1375 4461 1524 4515 quae,
1577 4449 1797 4500 natura:
1831 4445 2058 4518 legibus

415 4533 624 4600 ductae,
656 4533 735 4588 nil
769 4535 985 4605 peccati
1009 4550 1076 4589 ex
1101 4551 1207 4589 sua
1228 4533 1454 4588 feritate
1474 4534 1846 4601 contrahunt,
1873 4552 2056 4606 quan-

2189 3385 2465 3456 quoniam
2515 3385 2783 3456 impensa
2836 3388 3027 3439 mente
3080 3381 3377 3438 naturales
3413 3387 3469 3437 et
3514 3387 3684 3454 aptos
3711 3383 3840 3438 suis

2185 3473 2492 3529 conatibus
2525 3479 2750 3529 meatus
2782 3471 2866 3528 vel
2899 3471 3092 3528 exitus
3137 3488 3252 3526 non
3285 3471 3592 3526 inveniunt
3622 3474 3840 3542 (neque

2184 3563 2340 3617 enim
2395 3567 2600 3617 natura
2645 3566 2735 3617 est
2781 3562 2988 3616 animae
3034 3561 3120 3616 vel
3173 3559 3384 3632 angeli,
3437 3564 3504 3614 ut
3552 3559 3834 3615 vitiorum

2183 3668 2358 3722 opera
2381 3652 2669 3723 gignant),
2704 3651 2980 3706 miseram
3014 3654 3259 3704 matrem
3291 3665 3482 3712 suam,
3506 3648 3561 3702 id
3589 3655 3668 3702 est
3697 3647 3832 3702 ani-

2182 3757 2360 3804 mam,
2395 3740 2687 3795 occidunt.
2720 3741 2864 3794 Nam
2912 3740 3053 3794 dum
3103 3738 3231 3808 ejus
3277 3742 3546 3792 naturam
3594 3736 3834 3792 obstare

2180 3845 2297 3883 suae
2348 3827 2633 3882 nativitati
2678 3828 2958 3890 sentiunt,
3001 3826 3058 3880 in
3111 3831 3340 3881 tantum
3389 3825 3708 3879 efferantur
3765 3829 3833 3878 ut

2177 3917 2427 3972 corrosis
2457 3916 2732 3972 vitalibus
2767 3921 2822 3971 et
2853 3915 3051 3983 costis,
3085 3913 3353 3968 videlicet
3384 3913 3834 3968 immortalitate

2175 4009 2232 4060 et
2279 4007 2486 4061 robore
2516 4005 2694 4065 illius.
2729 4022 2862 4060 cum
2913 4019 3146 4059 summo
3177 4003 3384 4058 matris
3433 4019 3552 4056 sua
3587 4002 3830 4058 interitu

2173 4095 2442 4150 effectum
2460 4112 2635 4150 suum
2658 4095 2891 4166 capiant
2906 4097 2961 4148 et
2985 4093 3138 4148 foras
3159 4096 3490 4163 erumpant.
3521 4090 3619 4146 Sic
3641 4114 3671 4140 «
3697 4108 3828 4164 pec-

2172 4187 2367 4238 catum
2399 4199 2534 4238 cum
2565 4187 3042 4239 consummatum
3077 4180 3269 4246 fuerit,
3303 4183 3544 4252 generat
3576 4184 3824 4235 mortem

2171 4271 2304 4342 (Jac.
2331 4290 2368 4336 ι,
2404 4273 2510 4342 l5).
2546 4294 2574 4321 ››
2610 4303 2675 4312 —
2708 4295 2735 4321 «
2765 4271 2977 4325 Anima
3007 4269 3163 4325 enim
3187 4286 3315 4340 quae
3337 4269 3670 4340 peccaverit
3699 4269 3824 4341 ipsa

2169 4360 2455 4416 morietur
2503 4361 2716 4432 (Ezech.
2768 4377 2925 4426 xvm,
2961 4360 3034 4431 4).
3071 4383 3092 4411 ι
3141 4358 3250 4413 Sed
3297 4356 3498 4412 anima
3540 4358 3824 4413 morietur

2168 4449 2564 4520 parturiendo,
2579 4448 2845 4504 adulator
2864 4447 3042 4512 illius,
3071 4447 3124 4502 id
3145 4451 3234 4501 est
3250 4444 3520 4500 diabolus
3534 4447 3817 4509 coeundo,

2166 4554 2341 4607 prava
2371 4537 2574 4609 utique
2607 4538 2929 4606 suadendo,
2958 4536 3146 4608 ipsius
3185 4535 3341 4590 enim
3374 4533 3592 4589 diaboli
3645 4538 3816 4606 caput

412 4627 470 4678 to
501 4623 849 4678 abhorrendi
881 4627 1017 4678 sunt
1073 4622 1325 4678 hmretici
1366 4622 1486 4693 qui,
1538 4622 1660 4676 solo
1693 4623 1894 4677 afflatu
1942 4625 2054 4678 dze-
2087 4643 2132 4706 Ι)
2164 4626 2360 4680 suasio
2390 4629 2518 4697 ejus
2549 4631 2664 4694 est;
2700 4643 2826 4698 quae
2857 4625 2905 4680 si
2931 4625 3235 4696 recipitur,
3258 4622 3452 4678 omnis
3487 4624 3705 4694 peccati
3729 4639 3812 4678 se-

413 4727 654 4766 monum
706 4711 968 4783 impulsi,
1003 4710 1285 4783 quidquid
1328 4710 1600 4767 vitiorum
1643 4716 1699 4766 et
1746 4713 2052 4777 scelerum,

412 4799 818 4868 ubiquejacet,
845 4800 1222 4854 irreverenter
1243 4805 1444 4871 agunt.
1471 4803 1624 4866 Quos
1656 4817 1771 4855 non
1799 4801 2051 4856 absurde

410 4885 694 4941 Chaldeos
717 4887 1320 4958 captivantes,scilicet
1335 4888 1418 4943 vel
1439 4889 1605 4960 quasi
1628 4889 1942 4954 daemones,
1966 4906 2054 4945 ac-

410 4974 682 5047 cipimus,
713 4975 851 5046 quia
875 4977 1142 5047 quamvis
1166 4981 1372 5031 natura
1391 4977 1658 5032 homines
1682 4977 1818 5043 sint,
1850 4982 2049 5034 tamen

410 5065 755 5136 captivando
771 5062 970 5119 ﬁdeles
995 5063 1260 5136 populos,
1284 5065 1422 5119 vitio
1442 5082 1548 5120 suo
1571 5067 1862 5122 daemones
1885 5072 2044 5136 sunt,

407 5158 568 5209 tanto
600 5153 801 5226 utique
845 5153 1152 5209 sollicitius
1183 5155 1421 5209 cavendi
1460 5156 1692 5225 quando
1727 5155 2048 5211 bestiarum

409 5243 780 5313 nequissimi,
804 5260 918 5297 non
953 5241 1142 5297 solum
1174 5243 1446 5298 dentibus
1477 5243 1712 5312 laedunt,
1747 5246 1869 5310 scd,
1900 5246 2054 5316 quod

407 5330 803 5386 miserabilius
821 5330 1133 5403 est,lingua
1150 5349 1380 5402 quoque
1395 5333 1732 5387 innumeras
1746 5333 2053 5389 hominum

408 5423 665 5473 catervas
688 5421 1004 5490 perimunt,
1028 5437 1156 5475 cum
1184 5420 1417 5490 reliquae
1441 5420 1636 5474 bestiae
1659 5422 1931 5477 dentibus
1954 5439 2052 5477 so-

407 5504 729 5573 lummodo,
746 5509 1043 5571 cornibus,
1063 5508 1421 5578 autpedibus
1437 5507 1543 5562 sibi
1561 5509 1786 5578 objecta
1808 5510 2047 5581 impete-

407 5611 465 5649 re
489 5592 729 5658 soleant,
753 5614 876 5666 qua:
900 5601 1059 5650 tanto
1085 5598 1280 5651 minus
1301 5597 1676 5651 formidandae
1699 5604 1839 5653 sunt
1860 5617 2045 5670 quan-

402 5687 463 5737 to
495 5683 747 5738 exterius
779 5689 868 5739 est
899 5684 1052 5754 quod
1086 5689 1372 5755 quaerunt,
1405 5692 1737 5757 quantoque
1787 5686 2043 5758 apertius

2166 4715 2484 4769 minarium
2517 4720 2573 4770 et
2603 4714 2834 4770 initium
2859 4713 3135 4769 efﬁcitur.

2235 4804 2302 4858 Et
2331 4820 2402 4859 ne
2430 4808 2591 4875 putet
2611 4804 2926 4875 quisquam
2956 4819 3018 4858 se
3049 4801 3422 4874 suggerendo
3460 4800 3618 4856 mala
3646 4816 3810 4873 posse

2164 4908 2276 4947 non
2315 4891 2806 4963 morii,intelligat
2837 4892 3033 4963 ipsum
3079 4888 3401 4957 diabolum,
3445 4889 3806 4962 spiritualem

2161 4980 2384 5036 scilicet
2411 4980 2690 5052 viperam,
2723 4980 2896 5036 toties
2928 4981 3074 5036 mori
3111 4980 3340 5050 quoties
3372 4978 3531 5034 mala
3560 4978 3807 5034 homini-

2161 5069 2270 5125 bus
2293 5068 2570 5141 suggerit.
2587 5069 2712 5136 Qui,
2736 5068 3013 5139 quoniam
3037 5067 3391 5123 immortalis
3406 5073 3496 5123 est
3518 5068 3799 5132 conditus,

2159 5156 2296 5212 licet
2326 5174 2556 5228 semper
2585 5157 2751 5222 vivat,
2777 5174 3008 5229 semper
3034 5163 3230 5212 tamen
3256 5157 3560 5222 morietur,
3593 5165 3712 5211 tum
3740 5171 3804 5210 ex

2164 5263 2272 5302 suo
2323 5250 2554 5318 peccato
2603 5247 2754 5317 quod
2789 5247 2860 5302 ab
2893 5246 3059 5301 initio
3102 5246 3372 5312 incurrit,
3409 5251 3538 5300 tum
3571 5263 3638 5300 ex
3665 5260 3800 5315 sug-

2163 5335 2422 5405 gestione
2455 5333 2732 5405 maligna,
2770 5351 2887 5406 qua
2908 5335 3136 5389 animas
3162 5333 3347 5406 perire
3366 5350 3600 5406 semper
3627 5332 3796 5403 cupit.

2162 5422 2410 5477 Moritur
2440 5439 2574 5494 ergo
2611 5425 2737 5478 sine
2767 5423 3222 5490 intermissione,
3258 5439 3364 5476 nec
3396 5422 3659 5486 moritur,
3700 5418 3798 5491 qui

2159 5511 2394 5581 quidem
2445 5511 2574 5582 ipsa
2605 5512 2719 5566 vita
2749 5529 2857 5568 sua
2887 5511 3202 5582 aliquando
3235 5511 3475 5583 penitus
3525 5527 3634 5565 non
3687 5507 3798 5580 pri-

2156 5605 2343 5665 vatur,
2393 5605 2449 5654 et
2493 5606 2684 5655 tamen
2735 5601 2859 5656 sine
2895 5601 3328 5656 intermissione
3376 5598 3677 5655 tormentis
3706 5596 3793 5649 in-

2150 5688 2464 5760 geminatis
2508 5694 2562 5744 et
2625 5689 2911 5745 renovatis
2961 5695 3219 5762 urgetur.
3279 5688 3385 5745 Cui
3438 5689 3544 5744 hoc
3598 5686 3773 5742 solum
