4086 6180
329 336 485 402 1077
890 343 1308 410 ADVERSUS
1352 334 1820 408 SIMONIACOS
1854 335 2073 406 LIBRI
2117 338 2431 407 rans—
2450 340 2682 409 LIBER
2724 346 3158 414 SECUNDUS.
3568 324 3726 410 io‘is

326 470 430 528 illa
458 489 566 530 sua
594 472 713 530 vita
742 474 1085 549 largitur,ne
1114 494 1346 550 semper
1376 476 1632 533 moriens
1656 476 1969 549 aliquando
1998 472 2054 540 Α,
2084 479 2460 550 proponendo
2498 479 2762 551 cupitum
2813 498 3146 548 nummum,
3191 480 3379 537 aufert
3424 479 3475 537 ei
3526 480 3727 550 fidem,

326 562 629 630 moriatur,
664 567 721 619 et
750 563 834 620 vel
869 565 952 621 sic
983 567 1054 621 ab
1087 566 1550 622 accrescentibus
1583 565 1694 621 sibi
1746 565 1969 638 suppli—
2079 565 2299 622 scilicet
2329 567 2643 640 principale
2693 586 2887 636 suum,
2942 588 3046 626 nec
3088 576 3284 626 tamen
3317 569 3427 626 sibi
3477 575 3578 626 aut
3606 569 3730 626 cui-

288 656 291 659 “
321 649 429 707 ciis
459 651 765 724 eripiatur.
823 653 953 724 Ipse
1001 654 1157 710 enim
1207 653 1505 710 homicida
1550 658 1639 710 est
1685 655 1756 709 ab
1794 655 1971 710 'initio
2082 671 2258 726 quam
2285 656 2541 712 ablatam
2570 658 2744 713 ﬁdem
2778 659 3056 730 possidet,
3090 660 3189 715 sed
3214 658 3401 715 solam
3423 659 3731 731 perﬁdiam

318 740 497 812 (Joan.
530 758 653 809 vm,
687 741 1067 813 5.5).Primurn
1094 742 1383 814 siquidem
1415 742 1712 799 hominem
1739 742 1970 809 occidit,
2082 762 2259 817 quam
2289 763 2510 802 veneno
2580 746 2792 803 diaboli
2839 748 3001 803 ebria
3042 747 3348 820 deglutivit
3377 751 3447 806 ad
3478 749 3730 804 semina-

319 833 377 883 et
408 829 686 901 deinceps
719 834 1006 902 quotquot
1037 831 1224 903 potuit
1252 835 1307 885 et
1338 831 1645 903 poterit.Et
1676 849 1789 886 non
1821 837 1974 887 certe
2082 835 2236 888 rium
2282 835 2373 890 sui
2405 835 2675 891 interitus
2724 842 2781 891 et
2824 834 3095 891 aliorum.
3128 838 3325 908 Neque
3373 840 3527 894 enim
3584 837 3730 893 fides

322 934 438 973 non
462 918 611 974 ferro
641 923 742 973 aut
771 936 987 975 veneno
1021 924 1120 974 aut
1149 919 1409 991 quolibet
1432 920 1543 975 alio
1582 921 1738 977 necis
1764 921 1977 975 instru-
2083 924 2328 994 perfidia
2359 924 2480 979 fieri
2515 929 2721 996 potest,
2757 925 2857 980 sed
2890 925 3066 980 simul
3100 943 3165 980 ac
3214 926 3455 998 perﬁdia
3487 926 3729 993 accedit,

321 1012 519 1062 mento
551 1011 814 1063 armatus
846 1008 1274 1081 protoplastum
1340 1009 1500 1064 adiit.
1552 1010 1798 1065 Pravum
1850 1026 1975 1065 ver—
2086 1011 2229 1066 fides
2261 1012 2542 1077 abscedit,
2576 1019 2856 1086 tanquam
2889 1015 2960 1069 ab
2992 1030 3060 1069 ea
3112 1014 3201 1069 cui
3248 1013 3564 1085 aliquando
3616 1031 3730 1070 non

324 1096 467 1150 bum
502 1097 811 1151 seminavit
841 1102 896 1152 et
927 1098 1156 1153 occidit.
1190 1098 1563 1170 Quapropter
1607 1097 1805 1154 nullus
1838 1096 1979 1153 mali
2086 1101 2499 1157 communicat.
2538 1104 2604 1157 Et
2634 1102 2786 1159 sicut
2814 1119 3053 1173 compar
3098 1103 3303 1174 viperae
3354 1102 3452 1157 ubi
3494 1103 3732 1157 detrun-

328 1202 539 1240 suasor
566 1185 795 1241 dubitet
826 1203 886 1241 se
911 1186 1291 1254 homicidam,
1327 1186 1384 1241 in
1418 1204 1535 1258 quo
1568 1204 1637 1242 ne
1677 1191 1839 1259 putet
1869 1187 1980 1243 alio
2087 1190 2338 1245 candum
2372 1196 2547 1261 caput
2577 1192 2815 1256 addicit,
2840 1192 2965 1261 jam
2999 1208 3103 1246 nec
3135 1192 3244 1247 sibi
3278 1196 3451 1263 caput
3482 1195 3590 1258 est,
3624 1206 3731 1245 nec

331 1273 525 1329 occiso
557 1291 618 1330 se
642 1274 834 1329 adhuc
881 1274 1089 1341 vivere,
1141 1274 1471 1347 apostolum
1518 1276 1805 1332 Joannem
1862 1277 1981 1332 ani-
2088 1279 2341 1333 infanda
2372 1280 2602 1351 conjugi
2637 1280 2739 1333 sed
2772 1278 2856 1333 illi
2888 1296 3066 1347 mors,
3098 1279 3193 1333 isti
3236 1283 3430 1334 autem
3465 1279 3529 1332 fit
3558 1277 3735 1333 semi-

330 1362 656 1418 madvertat
706 1362 996 1419 dicentem
1041 1381 1053 1418 :
1116 1387 1145 1413 ‹‹
1205 1364 1381 1419 Scitis
1436 1365 1714 1435 quoniam
1788 1365 1981 1420 omnis
2089 1367 2320 1421 narium
2354 1368 2593 1433 mortis;
2629 1368 2713 1422 sic
2738 1368 2971 1423 nefandi
2995 1367 3453 1431 Simoniaci,ubi
3487 1367 3736 1438 gratiam

331 1450 625 1507 homicida
654 1469 769 1507 non
790 1452 965 1507 habet
993 1452 1172 1507 vitam
1197 1452 1255 1507 in
1289 1470 1350 1508 se
1383 1458 1713 1509 manentem
1748 1454 1794 1525 (l
1820 1456 1977 1509 Joan.
2089 1455 2459 1526 spiritualem
2482 1457 2847 1511 vendendam
2871 1461 2929 1511 et
2951 1456 3257 1511 emendam
3281 1455 3741 1519 adducunt,ven-

333 1557 420 1605 111,
460 1541 563 1607 15).
599 1562 625 1588 ››
653 1542 838 1609 Quod,
872 1558 942 1597 ne
982 1542 1504 1613 tergiversaremur
1550 1546 1609 1598 et
1656 1559 1759 1614 pro
1810 1541 1978 1597 libitu
2089 1543 2334 1598 ditorem
2368 1544 2602 1616 quidem
2636 1544 2823 1616 gratia
2862 1545 3100 1611 deserit,
3138 1560 3241 1598 nec
3267 1547 3463 1598 tamen
3513 1545 3739 1613 empto-

330 1630 680 1684 sententiam
733 1631 860 1699 ejus
908 1633 1287 1697 verteremus,
1336 1631 1618 1703 praemisit
1666 1631 1976 1702 inquiens:
2092 1648 2211 1687 rem
2244 1633 2385 1697 adit,
2420 1634 2518 1688 sed
2553 1634 2638 1687 ira
2682 1633 2783 1688 Dei
2814 1637 3129 1703 utrumque
3154 1631 3509 1687 horribiliter
3536 1646 3737 1702 perva-

330 1739 359 1765 «
410 1715 520 1779 Qui
576 1717 699 1772 odit
747 1718 984 1773 fratrem
1054 1736 1232 1774 suum
1291 1718 1587 1774 homicida
1644 1724 1731 1775 est
1781 1720 1982 1791 (Ibid)
2094 1720 2194 1774 dit.
2243 1720 2488 1776 Invicem
2540 1738 2602 1776 se
2649 1737 2784 1792 ergo
2827 1720 3046 1792 linguis
3076 1720 3224 1786 suis,
3255 1725 3320 1775 ut
3347 1720 3558 1790 viperae
3587 1719 3737 1775 occi-

324 1804 542 1860 Omnes
573 1809 772 1861 autem
802 1824 925 1873 vos,
991 1807 1193 1878 inquit
1240 1806 1526 1874 Christus,
1586 1808 1791 1863 fratres
1841 1808 1984 1863 estis
2013 1840 2061 1905 B
2091 1809 2257 1875 dunt,
2286 1809 2425 1881 quia
2471 1810 2565 1864 hic
2614 1809 2918 1882 exigendo,
2968 1808 3066 1863 ille
3115 1808 3437 1864 exhibendo
3486 1807 3737 1879 gratiam

327 1894 535 1965 (Matth.
560 1912 724 1961 XXIII,
749 1895 829 1966 8).
866 1918 894 1943 »
921 1898 1074 1962 Quos
1108 1896 1308 1966 procul
1352 1895 1529 1951 dubio
1579 1896 1703 1950 odit
1750 1897 1847 1967 qui
1896 1897 1981 1952 eis
2017 1894 2060 1905 ”
2089 1898 2351 1952 venalem
2382 1898 2632 1953 hmretici
2668 1898 2802 1953 facti
2826 1898 3174 1969 pereunt.De
3198 1897 3433 1968 quibus,
3457 1895 3737 1968 quoniam

324 1999 506 2055 prava
534 1983 786 2038 scienter
815 1984 1096 2056 suggerit.
1134 1984 1297 2039 Unde
1329 1988 1385 2040 et
1415 1989 1575 2039 tanto
1616 1985 1826 2055 majori
1876 1985 1979 2040 ho-
2089 1987 2355 2043 venenati
2390 1992 2548 2053 sunt,
2582 2005 2695 2042 non
2725 1987 2838 2042 nisi
2871 1986 3139 2042 venenati
3169 1985 3276 2040 filii
3309 1988 3654 2052 nascuntur,
3675 1987 3742 2039 ut

325 2070 566 2126 micidio
597 2087 732 2127 reus
753 2076 985 2127 tenetur
1006 2076 1229 2144 quanto
1288 2072 1544 2144 primum
1596 2072 1975 2142 homicidam,
2089 2076 2326 2148 quidam
2361 2075 2605 2148 Sapiens
2651 2080 2999 2131 testatur:«
3057 2074 3182 2130 Filii
3235 2073 3741 2130 abominationum

326 2157 551 2214 scilicet
580 2160 878 2215 diabolum
912 2161 970 2216 in
1002 2160 1111 2216 hoc
1144 2160 1398 2216 similius
1429 2161 1715 2227 imitatur,
1737 2167 1981 2233 quanto-
2088 2165 2237 2220 {lunt
2264 2166 2365 2220 filii
2401 2169 2797 2237 peccatorum.
2847 2169 2906 2220 et
2948 2164 3050 2235 qui
3104 2166 3523 2219 convcrsantur
3573 2177 3743 2217 secus

329 2263 444 2318 que
504 2247 692 2320 potior
747 2256 837 2304 est
884 2250 1082 2304 anima
1135 2266 1311 2321 quam
1375 2266 1607 2321 corpus.
1672 2252 1738 2305 Et
1783 2256 1977 2306 tamen
2086 2254 2292 2309 domos
2352 2255 2688 2326 impiorum.
2749 2252 3027 2309 Filiorum
3100 2256 3471 2324 peccatorum
3530 2250 3743 2323 peribit

329 2335 559 2391 nullum
578 2336 876 2393 homicidii
894 2355 1079 2410 genus
1098 2338 1639 2409 praztermisitidem
1655 2338 1973 2410 apostolus,
2086 2340 2478 2409 hzereditas,et
2506 2360 2638 2397 cum
2673 2342 2894 2397 semine
2920 2341 3154 2397 illorum
3184 2340 3501 2395 assiduitas
3521 2356 3730 2411 oppro-

331 2424 431 2479 ubi
456 2423 571 2480 ait:
608 2448 635 2475 ‹‹
667 2427 842 2483 Scitis
874 2426 1150 2500 quoniam
1187 2427 1381 2482 omnis
1426 2426 1738 2495 homicida,
1792 2432 1897 2483 etc.
1932 2430 1977 2500 (I
2086 2431 2299 2486 brium.
2334 2431 2414 2486 De
2446 2437 2607 2502 patre
2651 2431 2830 2502 impio
2879 2433 3226 2502 quzeruntur
3272 2427 3398 2496 filii,
3448 2427 3728 2500 quoniam

323 2515 484 2570 Joan.
519 2532 603 2583 111,
638 2518 745 2583 15).
776 2538 796 2564 ι
2083 2524 2318 2591 propter
2348 2519 2515 2575 illum
2566 2524 2704 2575 sunt
2754 2520 2813 2574 in
2862 2518 3193 2590 opprobrio.
3239 2517 3335 2572 Va:
3383 2518 3570 2583 vobis,
3620 2515 3730 2573 viri

939 2604 1170 2659 CAPUT
1201 2604 1345 2659 XIII.
2083 2608 2269 2680 impii,
2306 2608 2407 2680 qui
2438 2608 2833 2679 dereliquistis
2863 2607 3051 2679 legem
3083 2606 3311 2662 Domini
3345 2604 3614 2661 altissimi
3643 2608 3733 2673 ;et

550 2692 795 2760 Qualiler
824 2695 1020 2764 viperae
1050 2695 1374 2748 conveniant
1400 2692 1749 2749 Simonideis.
2083 2695 2132 2751 si
2170 2698 2290 2751 nati
2346 2697 2572 2752 fueritis
2624 2696 2683 2751 in
2732 2695 3136 2751 maledictione
3184 2693 3525 2758 nascemini,
3573 2698 3630 2748 et
3678 2693 3728 2750 si

399 2781 526 2836 Haec
557 2786 753 2836 autem
779 2798 905 2852 qua:
937 2782 1009 2837 de
1060 2787 1274 2836 natura
1304 2782 1630 2853 viperaram
1681 2782 1869 2854 typice
1899 2783 1971 2838 ad
2083 2785 2297 2839 mortui
2350 2785 2576 2839 fueritis
2622 2784 2678 2839 in
2713 2782 3121 2839 maledictione
3171 2782 3281 2837 erit
3327 2798 3463 2853 pars
3510 2784 3718 2837 vestra.

318 2867 623 2924 diabolum
659 2868 991 2937 retulimus,
1026 2869 1133 2925 etsi
1167 2870 1237 2925 ad
1279 2870 1477 2925 omnia
1521 2870 1784 2925 membra
1812 2870 1972 2926 illius
2080 2873 2290 2927 Omnia
2320 2890 2447 2943 quae
2477 2873 2549 2927 de
2580 2877 2734 2928 terra
2763 2876 2922 2938 sunt,
2952 2872 3011 2925 in
3063 2875 3219 2926 terra
3265 2873 3720 2939 convertuntur;

315 2958 528 3013 referri
562 2958 1151 3029 possunt,specialius
1181 2963 1376 3013 tamen
1404 2957 1824 3031 principalibus
1840 2976 1972 3014 con-
2080 2960 2164 3016 sic
2193 2961 2359 3032 impii
2390 2978 2423 3015 a
2454 2960 2768 3016 maledicto
2820 2960 2878 3014 in
2910 2958 3298 3031 perditionem
3330 2959 3638 3030 (Eccli.x1.1,
3670 2960 3724 3029 8,

313 3051 565 3119 gruunt,
597 3045 818 3102 scilicet
841 3046 1152 3113 haereticis,
1186 3052 1249 3102 ut
1280 3052 1421 3120 puta
1447 3048 1517 3102 ab
1548 3046 1647 3102 illo
1671 3048 1967 3115 secundis;
2083 3050 2169 3121 13)
2196 3067 2208 3116 ;
2246 3072 2273 3098 ››
2306 3055 2362 3104 et
2390 3049 2561 3103 alibi:
2598 3072 2625 3098 ‹‹
2664 3048 2787 3103 Filii
2820 3047 3221 3123 adulterorum
3252 3047 3311 3102 in
3352 3063 3728 3102 consumma—

316 3139 387 3190 ιιι
414 3136 569 3191 enim
631 3136 782 3191 inter
831 3135 1012 3191 Deum
1036 3140 1094 3191 et
1145 3136 1440 3207 seraphim
1475 3136 1619 3190 nulli
1652 3136 1967 3208 spirituum
2016 3206 2029 3208 _
2081 3138 2239 3192 tione
2296 3141 2487 3203 erunt,
2536 3141 2591 3191 et
2618 3137 2689 3192 ab
2716 3137 2916 3207 iniquo
2949 3137 3119 3191 thoro
3146 3150 3346 3190 semen
3377 3134 3731 3190 extermina-

312 3224 639 3292 intersunt,
691 3224 775 3279 sic
822 3224 972 3279 inter
1018 3206 1316 3279 diabolum
1363 3230 1416 3279 et
1468 3206 1768 3280 haereticos
1825 3224 1969 3279 nulli
2002 3206 2043 3271 (ἶ
2080 3226 2274 3281 bitur:
2309 3229 2366 3280 et
2394 3225 2683 3297 siquidem
2724 3206 2908 3297 longae
2956 3224 3082 3278 vitae
3125 3226 3317 3289 erunt,
3364 3222 3425 3278 in
3480 3221 3733 3278 nihilum

312 3312 629 3370 hominum
662 3313 974 3368 intersunt.
1009 3313 1119 3368 Sed
1154 3313 1432 3384 quoniam
1475 3329 1580 3367 nec
1612 3314 1683 3367 ad
1735 3314 1975 3368 nomina
2084 3316 2603 3385 computabuntur,
2638 3318 2695 3368 et
2721 3313 2846 3368 sine
2874 3313 3091 3368 honore
3139 3311 3250 3367 erit
3297 3310 3620 3367 novissima
3648 3327 3735 3367 se-

313 3407 408 3458 tot
441 3405 838 3457 monstrorum
872 3401 1223 3467 sufficimus,
1259 3401 1610 3457 Simoniacis
1643 3402 1975 3470 tantum,de
2083 3407 2290 3458 nectus
2321 3402 2577 3467 illorum,
2611 3406 2668 3456 et
2699 3403 2745 3456 si
2779 3401 3024 3457 clericus
3054 3400 3310 3456 defuncti
3345 3399 3582 3470 fuerint,
3616 3416 3733 3455 non

315 3489 1081 3562 quibusimprzesentiarum
1106 3490 1625 3562 agitur,quomodo
1648 3496 1977 3563 congruant
2083 3491 2382 3547 habebunt
2409 3506 2711 3562 spem,nec
2749 3490 2808 3544 in
2842 3490 2934 3545 die
2966 3489 3280 3562 agnitionis
3299 3488 3732 3553 allocutionem,

306 3580 643 3635 videamus.
672 3579 1044 3649 Quaecunque
1069 3578 1415 3633 Christianae
1447 3577 1829 3649 professionis
1852 3595 1978 3650 per-
2083 3580 2346 3635 Nationis
2377 3580 2531 3634 enim
2563 3578 2777 3649 iniqua:
2823 3578 2964 3633 dirae
3009 3582 3148 3634 sunt
3195 3577 3733 3634 consummationes

306 3686 481 3736 sona,
516 3668 566 3723 si
597 3668 794 3723 vitiato
825 3666 1031 3721 animae
1064 3683 1179 3721 suae
1212 3666 1462 3721 naturali
1529 3673 1710 3734 motu,
1757 3667 1979 3723 scilicet
2085 3669 2233 3741 (Sap.
2271 3687 2354 3735 111,
2386 3668 2470 3735 16,
2509 3669 2652 3739 19).»
2686 3666 2973 3723 Dominus
2998 3682 3230 3737 quoque
3256 3682 3359 3737 per
3388 3666 3730 3737 prophetam

298 3755 691 3814 laudabiliter
711 3754 1157 3826 concupiscibili
1188 3756 1523 3828 arripiatur,
1566 3763 1627 3809 ut
1672 3756 1750 3811 ita
1810 3756 1975 3811 dica-
2086 3756 2699 3829 pscudosacerdotium
2732 3755 3190 3826 reprobans,ait:
3227 3777 3253 3803 ‹‹
3287 3753 3433 3817 Quia
3465 3751 3731 3824 repulisti

300 3845 677 3911 tur,honoris
709 3843 1347 3909 ambitione,charitate
1365 3844 1464 3899 Dei
1490 3844 1655 3916 prius
1683 3843 1973 3916 privatur;
2087 3846 2413 3909 scientiam,
2447 3843 2723 3915 repellam
2756 3848 2912 3909 te,ne
2942 3840 3263 3897 sacerdotio
3295 3841 3560 3913 fungaris
3583 3840 3727 3896 mihi

300 3952 379 3991 ac
410 3934 625 3990 deinde
657 3932 973 3988 ambitiosa
1005 3933 1235 3998 effecta,
1267 3938 1332 3987 ut
1364 3932 1649 3987 Dominus
1700 3950 1762 3988 se
1793 3933 1974 4005 glori-
2088 3935 2227 4005 (05c.
2258 3952 2331 3997 1v,
2362 3932 2440 4002 6).
2478 3954 2506 3981 »
2538 3930 2791 3985 Scientia
2822 3929 2977 3985 enim
3004 3929 3104 3985 Dei
3149 3932 3256 3996 est,
3309 3928 3470 3985 verbi
3521 3924 3743 4001 gratia,

308 4023 592 4078 ﬁcantem
626 4021 911 4094 glorificet
941 4020 1182 4077 minime
1213 4025 1533 4092 exspectat.
1572 4020 1735 4076 Unde
1767 4021 1979 4093 quietis
2090 4021 2337 4094 gratiam
2382 4019 2483 4075 Dei
2533 4023 2830 4090 acceptam
2882 4016 3063 4089 gratis
3110 4017 3268 4072 dare.
3317 4017 3437 4072 Scit
3481 4032 3736 4089 namque

303 4115 375 4166 et
404 4126 584 4165 morie
632 4109 969 4181 impatiens,
1021 4110 1247 4181 passim
1299 4113 1356 4164 et
1406 4109 1704 4164 inhianter
1734 4109 1982 4181 vestigat
2092 4111 2234 4180 ipse,
2267 4109 2419 4163 sicut
2447 4108 2504 4162 in
2536 4106 2984 4162 Deuteronomio
3014 4104 3247 4178 legitur,
3270 4105 3408 4179 quid
3441 4106 3735 4179 loquatur.

311 4217 441 4256 suae
464 4198 951 4269 concupiscentiae
976 4198 1734 4270 parem.Cuiforteinvento
1756 4203 1982 4253 vastam
2092 4198 2273 4261 Quam
2307 4195 2632 4261 scientiam,
2687 4194 2824 4266 quia
2869 4192 3177 4249 Simoniaci
3227 4193 3534 4266 repellunt,
3580 4198 3640 4250 et
3687 4193 3739 4249 ei

310 4287 578 4362 pectoris
605 4286 695 4341 sui
729 4286 1030 4341 ﬂammam
1064 4285 1264 4359 patulo
1309 4302 1407 4341 ore
1454 4285 1724 4357 inspirat,
1780 4286 1879 4341 ubi
1924 4287 1984 4341 in
2095 4287 2350 4358 praebere
2381 4286 2451 4340 ad
2484 4301 2546 4339 se
2577 4284 2802 4339 aditum
2838 4282 3067 4347 nolunt,
3099 4283 3329 4337 etiamsi
3360 4299 3475 4338 non
3521 4282 3738 4348 verbis,

313 4377 515 4444 corde,
563 4379 619 4432 et
667 4392 802 4430 cum
851 4376 1024 4431 corde
1094 4375 1379 4430 hactenus
1440 4375 1757 4446 repositam
1819 4376 1990 4430 anxia
2095 4379 2292 4429 tamen
2326 4373 2495 4428 factis
2526 4372 2639 4445 ipsi
2660 4371 2906 4427 Domino
2943 4373 3051 4426 Deo
3077 4371 3317 4426 dicunt:
3368 4393 3395 4420 «
3441 4369 3664 4425 Recede
3708 4386 3775 4429 α,

316 4465 670 4540 proferendo
701 4463 1058 4519 manifestat.
1097 4463 1200 4519 Ubi
1232 4464 1389 4519 enim
1432 4463 1769 4531 thesaurus,
1809 4464 1886 4518 ibi
1931 4469 1989 4519 et
2098 4463 2301 4529 nobis;
2362 4462 2666 4517 scientiam
2723 4461 2950 4515 viarum
3005 4463 3241 4513 tuarum
3298 4458 3575 4514 nolumus
3626 4457 3741 4527 (Job

317 4572 427 4610 cor
468 4552 680 4626 (Matth.
730 4569 809 4619 v1,
856 4553 969 4621 21).
1020 4552 1221 4624 Itaque
1272 4551 1368 4607 ille
1418 4552 1615 4618 miser,
1656 4551 1815 4607 velut
1843 4550 1991 4607 alter
2025 4569 2070 4635 D
2102 4570 2220 4618 xx1,
2253 4552 2362 4622 14).
2400 4574 2427 4601 ››
2456 4551 2616 4606 Unde
2638 4555 2693 4605 et
2726 4548 3088 4635 ipsijustea
3134 4546 3249 4601 Deo
3303 4545 3541 4635 repulsi,
3590 4562 3661 4602 ne
3690 4545 3742 4602 ei

317 4661 361 4699 ε
416 4642 649 4699 diabolo
711 4640 959 4706 adulter,
1029 4640 1156 4696 visa
1222 4640 1488 4713 pecunia,
1550 4640 1708 4696 velut
1765 4642 1996 4697 occulta
2026 4632 2059 4635 ’ἡ
2104 4639 2425 4697 sacerdotio
2459 4640 2776 4711 fungantur
2805 4634 3091 4707 quidquid
3144 4632 3520 4690 sacerdotalis
3567 4635 3745 4691 officii
3840 4644 3848 4652 ‘

324 4730 764 4804 quondam,sed
798 4746 953 4784 nunc
986 4729 1365 4785 manifestata
1391 4729 1502 4784 sibi
1536 4729 1777 4785 alterius
1799 4729 1990 4785 cordis
2103 4730 2293 4801 specie
2325 4734 2497 4784 tenus
2528 4728 2915 4797 praesumunt,
2947 4722 3057 4776 sibi
3088 4726 3316 4777 tantum
3350 4726 3407 4778 et
3444 4739 3557 4778 non
3609 4728 3743 4792 Deo,

324 4819 596 4885 avaritia,
630 4818 876 4874 insanus
909 4833 1104 4873 amore
1126 4818 1389 4889 pecunize
1408 4823 1584 4889 caput
1604 4835 1777 4873 suum
1801 4818 1990 4873 eidem
2105 4835 2208 4874 nec
2240 4816 2456 4889 populo
2482 4817 2609 4885 ejus
2642 4815 3003 4884 funguntur:
3036 4809 3301 4883 alioquin
3330 4810 3469 4877 Deo,
3521 4811 3571 4867 si
3619 4812 3747 4883 ejus

328 4910 706 4975 condemnat,
740 4907 840 4962 ubi
867 4907 997 4961 vita:
1030 4923 1149 4961 suae
1181 4906 1480 4975 inimicus,
1516 4912 1575 4961 et
1624 4907 1992 4979 sempiterna:
2106 4906 2342 4979 populo.
2377 4905 2637 4968 Quorum
2669 4901 2837 4973 panis
2870 4900 2927 4954 in
2960 4903 3123 4955 utero
3162 4899 3398 4955 illorum
3427 4899 3747 4957 vertiturin

329 4998 543 5054 mortis
569 4996 790 5053 oblitus
820 4995 996 5050 fidem
1031 5010 1219 5062 suam,
1269 4994 1356 5049 vel
1410 4995 1716 5061 rationem,
1751 5012 1928 5067 quam
1961 5013 1996 5051 a
2106 4996 2177 5051 fel
2231 4993 2503 5066 aspidum
2558 4992 2911 5046 intrinsecus
2969 4989 3084 5056 (Job
3139 5008 3233 5057 xx,
3283 4990 3395 5062 14,)
3428 4989 3565 5061 quia
3617 4988 3748 5043 vitea

334 5086 606 5152 Domino,
639 5082 795 5139 velut
826 5083 1146 5155 principale
1172 5084 1527 5150 membrum,
1563 5084 1807 5139 sortitus
1849 5089 1993 5149 erat,
2108 5090 2308 5157 potum
2350 5085 2693 5137 convertunt
2720 5079 2830 5135 sibi
2860 5079 2919 5133 in
2950 5078 3155 5134 veneni
3201 5076 3499 5150 poculum,
3531 5081 3589 5131 et
3618 5075 3753 5131 inde

334 5174 683 5231 infidelitate
713 5179 767 5228 et
798 5171 1291 5227 irrationabilitati
1327 5171 1568 5228 alterius
1600 5172 1913 5228 inﬁdeliter
1940 5178 1997 5228 et
2107 5173 2460 5236 moriuntur,
2496 5171 2648 5224 unde
2678 5167 2884 5222 nutriri
2920 5168 2991 5221 ad
3016 5167 3196 5222 vitam
3227 5162 3754 5229 videntur.Quibus

340 5261 819 5320 irrationabiliter
850 5261 1173 5329 immersat,
1208 5262 1309 5316 sed
1344 5261 1535 5316 taliter
1572 5261 1759 5333 capite
1807 5261 1995 5333 priva-
2106 5263 2165 5317 in
2196 5277 2451 5316 errorem
2483 5258 2771 5313 haereseos
2802 5255 2982 5327 lapsis
3020 5254 3304 5326 contingit
3350 5258 3434 5318 ut,
3485 5251 3637 5307 sicut
3683 5252 3754 5307 de

342 5358 435 5409 tus
488 5351 758 5415 moritur,
794 5366 897 5405 nec
927 5353 1121 5404 tamen
1154 5349 1376 5421 reliqua
1419 5352 1617 5422 vipera
1664 5350 1853 5421 capite
1902 5348 1997 5405 illo
2108 5350 2235 5405 felle
2266 5349 2560 5421 aspidum,
2595 5347 2677 5402 sic
2712 5344 2975 5399 infelices
3006 5343 3077 5398 de
3102 5359 3208 5397 suo
3238 5358 3387 5413 pane
3408 5341 3754 5397 moriantur.

342 5439 633 5514 comparis
661 5439 753 5495 sui
786 5438 855 5493 ad
887 5438 1213 5510 profectum
1247 5456 1424 5494 suum
1472 5438 1561 5494 vel
1618 5440 1996 5511 cujusquam,
2108 5441 2177 5494 Et
2210 5440 2263 5492 in
2300 5455 2405 5493 suo
2438 5437 2724 5492 sacrificio
2759 5437 3009 5489 mortem
3037 5430 3357 5498 inveniunt,
3406 5431 3545 5503 quia
3570 5431 3631 5485 in
3663 5446 3758 5486 sa-

344 5530 453 5585 nisi
485 5529 559 5585 ad
608 5526 797 5584 solum
844 5526 1147 5581 interitum
1201 5528 1442 5598 potitur,
1496 5528 1637 5599 quia
1690 5528 2002 5583 ambitiosa
2109 5527 2425 5583 oramentis
2457 5526 2606 5595 vitae,
2640 5523 2725 5580 vel
2765 5520 3165 5590 verbis,vitam
3198 5520 3437 5576 minime
3468 5522 3756 5592 quaerunt.

338 5634 588 5690 persona
617 5616 808 5691 perdit
844 5615 1084 5687 quidem
1147 5615 1494 5688 complicem
1537 5634 1736 5685 suum,
1775 5618 1915 5672 dum
1949 5616 1999 5673 ei
2110 5618 2179 5672 Et
2213 5615 2533 5672 notandum
2570 5613 2706 5688 quia
2736 5609 3076 5685 bujusmodi
3108 5608 3421 5683 panis,jam
3447 5626 3560 5665 non
3590 5608 3760 5681 panis
