  <div class='ocr_page' id='page_1' title='image "/cluster/home/n/w/nwhite01/storage/ocr_20150623/143/hvd.32044054760038/547.png"; bbox 0 0 4106 6178; ppageno 0'>
   <div class='ocr_carea' id='block_1_1' title="bbox 399 335 610 411">
    <p class='ocr_par' dir='ltr' id='par_1_1' title="bbox 399 335 610 411">
     <span class='ocr_line' id='line_1_1' title="bbox 399 335 610 411; baseline 0 -3"><span class='ocrx_word' id='word_1_1' title='bbox 399 335 610 411; x_wconf 62' lang='grc' dir='ltr'>υΙΟἹΩ</span> 
     </span>
    </p>
   </div>
   <div class='ocr_carea' id='block_1_2' title="bbox 1507 340 2806 413">
    <p class='ocr_par' dir='ltr' id='par_1_2' title="bbox 1507 340 2806 413">
     <span class='ocr_line' id='line_1_2' title="bbox 1507 340 2806 413; baseline 0 -2"><span class='ocrx_word' id='word_1_2' title='bbox 1507 344 1919 411; x_wconf 79' lang='lat' dir='ltr'>HUMBERTI</span> <span class='ocrx_word' id='word_1_3' title='bbox 1965 347 2032 410; x_wconf 80' lang='grc' dir='ltr'>Β.</span> <span class='ocrx_word' id='word_1_4' title='bbox 2079 346 2152 409; x_wconf 82' lang='lat' dir='ltr'>R.</span> <span class='ocrx_word' id='word_1_5' title='bbox 2196 340 2268 410; x_wconf 82' lang='lat' dir='ltr'>E.</span> <span class='ocrx_word' id='word_1_6' title='bbox 2311 344 2806 413; x_wconf 79' lang='lat' dir='ltr'>CARDINALIS.</span> 
     </span>
    </p>
   </div>
   <div class='ocr_carea' id='block_1_3' title="bbox 3691 339 3860 412">
    <p class='ocr_par' dir='ltr' id='par_1_3' title="bbox 3691 339 3860 412">
     <span class='ocr_line' id='line_1_3' title="bbox 3691 339 3860 412; baseline 0 0"><span class='ocrx_word' id='word_1_7' title='bbox 3691 339 3860 412; x_wconf 66' lang='lat'>£080</span> 
     </span>
    </p>
   </div>
   <div class='ocr_carea' id='block_1_4' title="bbox 455 479 3857 556">
    <p class='ocr_par' dir='ltr' id='par_1_4' title="bbox 455 479 3857 556">
     <span class='ocr_line' id='line_1_4' title="bbox 455 479 3857 556; baseline -0 -18"><span class='ocrx_word' id='word_1_8' title='bbox 455 483 580 551; x_wconf 87' lang='lat' dir='ltr'>Dei,</span> <span class='ocrx_word' id='word_1_9' title='bbox 639 483 738 540; x_wconf 91' lang='lat' dir='ltr'>sed</span> <span class='ocrx_word' id='word_1_10' title='bbox 797 481 966 556; x_wconf 87' lang='lat' dir='ltr'>panis</span> <span class='ocrx_word' id='word_1_11' title='bbox 1013 483 1140 556; x_wconf 83' lang='lat' dir='ltr'>ejus</span> <span class='ocrx_word' id='word_1_12' title='bbox 1186 481 1450 539; x_wconf 83' lang='lat' dir='ltr'>videlicet</span> <span class='ocrx_word' id='word_1_13' title='bbox 1502 482 1780 551; x_wconf 78' lang='lat' dir='ltr'>haeretici,</span> <span class='ocrx_word' id='word_1_14' title='bbox 1830 481 1888 537; x_wconf 90' lang='lat' dir='ltr'>in</span> <span class='ocrx_word' id='word_1_15' title='bbox 1946 480 2094 536; x_wconf 88' lang='lat' dir='ltr'>libro</span> <span class='ocrx_word' id='word_1_16' title='bbox 2123 481 2178 548; x_wconf 80' lang='grc' dir='ltr'><strong>Α</strong></span> <span class='ocrx_word' id='word_1_17' title='bbox 2208 483 2348 556; x_wconf 90' lang='lat' dir='ltr'>quid</span> <span class='ocrx_word' id='word_1_18' title='bbox 2381 483 2666 554; x_wconf 74' lang='lat' dir='ltr'>petieritis</span> <span class='ocrx_word' id='word_1_19' title='bbox 2698 484 2926 540; x_wconf 81' lang='lat' dir='ltr'>Patrem</span> <span class='ocrx_word' id='word_1_20' title='bbox 2958 482 3016 540; x_wconf 91' lang='lat' dir='ltr'>in</span> <span class='ocrx_word' id='word_1_21' title='bbox 3047 481 3283 540; x_wconf 86' lang='lat' dir='ltr'>nomine</span> <span class='ocrx_word' id='word_1_22' title='bbox 3307 480 3648 550; x_wconf 86' lang='lat' dir='ltr'>meo,dahit</span> <span class='ocrx_word' id='word_1_23' title='bbox 3686 479 3857 538; x_wconf 83' lang='lat' dir='ltr'>vobis</span> 
     </span>
    </p>
   </div>
   <div class='ocr_carea' id='block_1_5' title="bbox 457 572 1404 644">
    <p class='ocr_par' dir='ltr' id='par_1_5' title="bbox 457 572 1404 644">
     <span class='ocr_line' id='line_1_5' title="bbox 457 572 1404 644; baseline -0.004 -15"><span class='ocrx_word' id='word_1_24' title='bbox 457 573 610 629; x_wconf 90' lang='lat' dir='ltr'>beati</span> <span class='ocrx_word' id='word_1_25' title='bbox 639 573 746 627; x_wconf 90' lang='lat' dir='ltr'>Job</span> <span class='ocrx_word' id='word_1_26' title='bbox 779 572 993 627; x_wconf 91' lang='lat' dir='ltr'>dicitur</span> <span class='ocrx_word' id='word_1_27' title='bbox 1023 574 1139 644; x_wconf 87' lang='lat' dir='ltr'>(Job</span> <span class='ocrx_word' id='word_1_28' title='bbox 1168 591 1260 636; x_wconf 84' lang='lat' dir='ltr'>xx,</span> <span class='ocrx_word' id='word_1_29' title='bbox 1296 572 1404 642; x_wconf 70' lang='lat' dir='ltr'>lli).</span> 
     </span>
    </p>
   </div>
   <div class='ocr_carea' id='block_1_6' title="bbox 1069 678 1483 735">
    <p class='ocr_par' dir='ltr' id='par_1_6' title="bbox 1069 678 1483 735">
     <span class='ocr_line' id='line_1_6' title="bbox 1069 678 1483 735; baseline -0.01 0"><span class='ocrx_word' id='word_1_30' title='bbox 1069 680 1299 735; x_wconf 85' lang='lat' dir='ltr'>CAPUT</span> <span class='ocrx_word' id='word_1_31' title='bbox 1340 678 1483 732; x_wconf 75' lang='lat' dir='ltr'><strong>XIV.</strong></span> 
     </span>
    </p>
   </div>
   <div class='ocr_carea' id='block_1_7' title="bbox 460 769 2101 842">
    <p class='ocr_par' dir='ltr' id='par_1_7' title="bbox 460 769 2101 842">
     <span class='ocr_line' id='line_1_7' title="bbox 460 769 2101 842; baseline -0.002 -17"><span class='ocrx_word' id='word_1_32' title='bbox 460 770 610 842; x_wconf 83' lang='lat' dir='ltr'>Quod</span> <span class='ocrx_word' id='word_1_33' title='bbox 668 769 985 842; x_wconf 65' lang='lat' dir='ltr'>uniusmodi</span> <span class='ocrx_word' id='word_1_34' title='bbox 1053 771 1164 822; x_wconf 76' lang='lat' dir='ltr'>sint</span> <span class='ocrx_word' id='word_1_35' title='bbox 1233 769 1573 842; x_wconf 71' lang='lat' dir='ltr'>subversores</span> <span class='ocrx_word' id='word_1_36' title='bbox 1636 771 2101 842; x_wconf 75' lang='lat' dir='ltr'>sacramentorum</span> 
     </span>
    </p>
   </div>
   <div class='ocr_carea' id='block_1_8' title="bbox 529 839 2100 912">
    <p class='ocr_par' dir='ltr' id='par_1_8' title="bbox 529 839 2100 912">
     <span class='ocr_line' id='line_1_8' title="bbox 529 839 2100 912; baseline -0.002 -16"><span class='ocrx_word' id='word_1_37' title='bbox 529 847 581 896; x_wconf 84' lang='lat' dir='ltr'>et</span> <span class='ocrx_word' id='word_1_38' title='bbox 609 842 894 896; x_wconf 82' lang='lat' dir='ltr'>verborum</span> <span class='ocrx_word' id='word_1_39' title='bbox 927 839 1152 906; x_wconf 72' lang='lat' dir='ltr'>Christi,</span> <span class='ocrx_word' id='word_1_40' title='bbox 1186 848 1235 894; x_wconf 78' lang='lat' dir='ltr'>ct</span> <span class='ocrx_word' id='word_1_41' title='bbox 1274 839 1412 912; x_wconf 78' lang='lat' dir='ltr'>quod</span> <span class='ocrx_word' id='word_1_42' title='bbox 1442 856 1542 893; x_wconf 80' lang='lat' dir='ltr'>nec</span> <span class='ocrx_word' id='word_1_43' title='bbox 1591 843 1795 909; x_wconf 81' lang='lat' dir='ltr'>petant,</span> <span class='ocrx_word' id='word_1_44' title='bbox 1842 856 1943 895; x_wconf 80' lang='lat' dir='ltr'>nec</span> <span class='ocrx_word' id='word_1_45' title='bbox 1991 840 2100 894; x_wconf 82' lang='lat' dir='ltr'>im-</span> 
     </span>
    </p>
   </div>
   <div class='ocr_carea' id='block_1_9' title="bbox 527 913 929 984">
    <p class='ocr_par' dir='ltr' id='par_1_9' title="bbox 527 913 929 984">
     <span class='ocr_line' id='line_1_9' title="bbox 527 913 929 984; baseline -0.01 -16"><span class='ocrx_word' id='word_1_46' title='bbox 527 916 735 984; x_wconf 77' lang='lat' dir='ltr'>petrent</span> <span class='ocrx_word' id='word_1_47' title='bbox 765 913 830 966; x_wconf 81' lang='lat' dir='ltr'>ab</span> <span class='ocrx_word' id='word_1_48' title='bbox 851 927 929 966; x_wconf 84' lang='lat' dir='ltr'>eo.</span> 
     </span>
    </p>
   </div>
   <div class='ocr_carea' id='block_1_10' title="bbox 531 1016 2103 1087">
    <p class='ocr_par' dir='ltr' id='par_1_10' title="bbox 531 1016 2103 1087">
     <span class='ocr_line' id='line_1_10' title="bbox 531 1016 2103 1087; baseline -0.003 -14"><span class='ocrx_word' id='word_1_49' title='bbox 531 1020 659 1073; x_wconf 61' lang='lat' dir='ltr'>Hinc</span> <span class='ocrx_word' id='word_1_50' title='bbox 689 1017 875 1073; x_wconf 87' lang='lat' dir='ltr'>nosin</span> <span class='ocrx_word' id='word_1_51' title='bbox 907 1017 1015 1071; x_wconf 91' lang='lat' dir='ltr'>hoc</span> <span class='ocrx_word' id='word_1_52' title='bbox 1073 1016 1358 1072; x_wconf 76' lang='lat' dir='ltr'>versiculo</span> <span class='ocrx_word' id='word_1_53' title='bbox 1411 1017 1560 1071; x_wconf 82' lang='lat' dir='ltr'>beati</span> <span class='ocrx_word' id='word_1_54' title='bbox 1620 1016 1879 1087; x_wconf 80' lang='lat' dir='ltr'>Gregorii</span> <span class='ocrx_word' id='word_1_55' title='bbox 1929 1032 2103 1071; x_wconf 86' lang='lat' dir='ltr'>sensa</span> 
     </span>
    </p>
   </div>
   <div class='ocr_carea' id='block_1_11' title="bbox 458 1105 2100 1179">
    <p class='ocr_par' dir='ltr' id='par_1_11' title="bbox 458 1105 2100 1179">
     <span class='ocr_line' id='line_1_11' title="bbox 458 1105 2100 1179; baseline -0.004 -15"><span class='ocrx_word' id='word_1_56' title='bbox 458 1107 757 1178; x_wconf 89' lang='lat' dir='ltr'>sequendo</span> <span class='ocrx_word' id='word_1_57' title='bbox 789 1125 914 1179; x_wconf 72' lang='lat' dir='ltr'>qum</span> <span class='ocrx_word' id='word_1_58' title='bbox 949 1108 1019 1162; x_wconf 90' lang='lat' dir='ltr'>ad</span> <span class='ocrx_word' id='word_1_59' title='bbox 1051 1107 1350 1162; x_wconf 66' lang='lat' dir='ltr'>haereticos</span> <span class='ocrx_word' id='word_1_60' title='bbox 1380 1123 1544 1161; x_wconf 86' lang='lat' dir='ltr'>sacra</span> <span class='ocrx_word' id='word_1_61' title='bbox 1581 1105 1811 1176; x_wconf 86' lang='lat' dir='ltr'>eloquia</span> <span class='ocrx_word' id='word_1_62' title='bbox 1875 1121 2100 1176; x_wconf 88' lang='lat' dir='ltr'>perver-</span> 
     </span>
    </p>
   </div>
   <div class='ocr_carea' id='block_1_12' title="bbox 460 1193 2100 1265">
    <p class='ocr_par' dir='ltr' id='par_1_12' title="bbox 460 1193 2100 1265">
     <span class='ocr_line' id='line_1_12' title="bbox 460 1193 2100 1265; baseline -0.003 -14"><span class='ocrx_word' id='word_1_63' title='bbox 460 1201 649 1253; x_wconf 89' lang='lat' dir='ltr'>tentcs</span> <span class='ocrx_word' id='word_1_64' title='bbox 673 1197 889 1262; x_wconf 91' lang='lat' dir='ltr'>retulit,</span> <span class='ocrx_word' id='word_1_65' title='bbox 924 1197 994 1251; x_wconf 91' lang='lat' dir='ltr'>ad</span> <span class='ocrx_word' id='word_1_66' title='bbox 1023 1197 1165 1251; x_wconf 89' lang='lat' dir='ltr'>istos</span> <span class='ocrx_word' id='word_1_67' title='bbox 1188 1196 1284 1265; x_wconf 92' lang='lat' dir='ltr'>qui</span> <span class='ocrx_word' id='word_1_68' title='bbox 1319 1199 1680 1261; x_wconf 85' lang='lat' dir='ltr'>sacramenta</span> <span class='ocrx_word' id='word_1_69' title='bbox 1715 1193 1914 1248; x_wconf 89' lang='lat' dir='ltr'>altaris</span> <span class='ocrx_word' id='word_1_70' title='bbox 1972 1208 2100 1264; x_wconf 88' lang='lat' dir='ltr'>per-</span> 
     </span>
    </p>
   </div>
   <div class='ocr_carea' id='block_1_13' title="bbox 460 1281 2101 1353">
    <p class='ocr_par' dir='ltr' id='par_1_13' title="bbox 460 1281 2101 1353">
     <span class='ocr_line' id='line_1_13' title="bbox 460 1281 2101 1353; baseline -0.004 -12"><span class='ocrx_word' id='word_1_71' title='bbox 460 1289 693 1342; x_wconf 88' lang='lat' dir='ltr'>vertunt</span> <span class='ocrx_word' id='word_1_72' title='bbox 724 1303 838 1340; x_wconf 89' lang='lat' dir='ltr'>non</span> <span class='ocrx_word' id='word_1_73' title='bbox 868 1283 1336 1338; x_wconf 88' lang='lat' dir='ltr'>inconvenienter</span> <span class='ocrx_word' id='word_1_74' title='bbox 1361 1281 1793 1348; x_wconf 75' lang='lat' dir='ltr'>transtulimus,</span> <span class='ocrx_word' id='word_1_75' title='bbox 1818 1282 1955 1353; x_wconf 88' lang='lat' dir='ltr'>quia</span> <span class='ocrx_word' id='word_1_76' title='bbox 1983 1296 2101 1335; x_wconf 85' lang='lat' dir='ltr'>ver-</span> 
     </span>
    </p>
   </div>
   <div class='ocr_carea' id='block_1_14' title="bbox 461 1369 2105 1443">
    <p class='ocr_par' dir='ltr' id='par_1_14' title="bbox 461 1369 2105 1443">
     <span class='ocr_line' id='line_1_14' title="bbox 461 1369 2105 1443; baseline -0.004 -14"><span class='ocrx_word' id='word_1_77' title='bbox 461 1375 602 1430; x_wconf 88' lang='lat' dir='ltr'>bum</span> <span class='ocrx_word' id='word_1_78' title='bbox 637 1374 735 1428; x_wconf 90' lang='lat' dir='ltr'>Dei</span> <span class='ocrx_word' id='word_1_79' title='bbox 760 1371 998 1443; x_wconf 89' lang='lat' dir='ltr'>etpanis</span> <span class='ocrx_word' id='word_1_80' title='bbox 1032 1371 1148 1434; x_wconf 90' lang='lat' dir='ltr'>Dei,</span> <span class='ocrx_word' id='word_1_81' title='bbox 1181 1369 1565 1424; x_wconf 81' lang='lat' dir='ltr'>nihilominus</span> <span class='ocrx_word' id='word_1_82' title='bbox 1585 1369 1764 1442; x_wconf 90' lang='lat' dir='ltr'>paris,</span> <span class='ocrx_word' id='word_1_83' title='bbox 1796 1370 1913 1423; x_wconf 91' lang='lat' dir='ltr'>imo</span> <span class='ocrx_word' id='word_1_84' title='bbox 1945 1369 2105 1439; x_wconf 88' lang='lat' dir='ltr'>ejus-</span> 
     </span>
    </p>
   </div>
   <div class='ocr_carea' id='block_1_15' title="bbox 463 1457 2102 1531">
    <p class='ocr_par' dir='ltr' id='par_1_15' title="bbox 463 1457 2102 1531">
     <span class='ocr_line' id='line_1_15' title="bbox 463 1457 2102 1531; baseline -0.002 -14"><span class='ocrx_word' id='word_1_85' title='bbox 463 1464 595 1517; x_wconf 87' lang='lat' dir='ltr'>dem</span> <span class='ocrx_word' id='word_1_86' title='bbox 634 1460 957 1531; x_wconf 76' lang='lat' dir='ltr'>dignitatis,</span> <span class='ocrx_word' id='word_1_87' title='bbox 1020 1462 1078 1512; x_wconf 88' lang='lat' dir='ltr'>et</span> <span class='ocrx_word' id='word_1_88' title='bbox 1127 1457 1534 1512; x_wconf 67' lang='lat' dir='ltr'>coaeternitatis</span> <span class='ocrx_word' id='word_1_89' title='bbox 1589 1462 1747 1512; x_wconf 89' lang='lat' dir='ltr'>sunt.</span> <span class='ocrx_word' id='word_1_90' title='bbox 1802 1457 2102 1529; x_wconf 91' lang='lat' dir='ltr'>Siquidem</span> 
     </span>
    </p>
   </div>
   <div class='ocr_carea' id='block_1_16' title="bbox 462 1545 2101 1616">
    <p class='ocr_par' dir='ltr' id='par_1_16' title="bbox 462 1545 2101 1616">
     <span class='ocr_line' id='line_1_16' title="bbox 462 1545 2101 1616; baseline -0.003 -11"><span class='ocrx_word' id='word_1_91' title='bbox 462 1551 702 1605; x_wconf 87' lang='lat' dir='ltr'>verbum</span> <span class='ocrx_word' id='word_1_92' title='bbox 731 1547 829 1602; x_wconf 92' lang='lat' dir='ltr'>Dei</span> <span class='ocrx_word' id='word_1_93' title='bbox 864 1547 1070 1614; x_wconf 87' lang='lat' dir='ltr'>nostri,</span> <span class='ocrx_word' id='word_1_94' title='bbox 1098 1547 1266 1616; x_wconf 82' lang='lat' dir='ltr'>juxta</span> <span class='ocrx_word' id='word_1_95' title='bbox 1288 1545 1520 1613; x_wconf 80' lang='lat' dir='ltr'>Isaiam,</span> <span class='ocrx_word' id='word_1_96' title='bbox 1547 1547 1722 1601; x_wconf 80' lang='lat' dir='ltr'>stabit</span> <span class='ocrx_word' id='word_1_97' title='bbox 1746 1547 1801 1601; x_wconf 92' lang='lat' dir='ltr'>in</span> <span class='ocrx_word' id='word_1_98' title='bbox 1822 1551 2101 1602; x_wconf 65' lang='lat' dir='ltr'>aeternum</span> 
     </span>
    </p>
   </div>
   <div class='ocr_carea' id='block_1_17' title="bbox 465 1635 2104 1709">
    <p class='ocr_par' dir='ltr' id='par_1_17' title="bbox 465 1635 2104 1709">
     <span class='ocr_line' id='line_1_17' title="bbox 465 1635 2104 1709; baseline -0.002 -17"><span class='ocrx_word' id='word_1_99' title='bbox 465 1640 622 1709; x_wconf 78' lang='lat' dir='ltr'>(lsm‘.</span> <span class='ocrx_word' id='word_1_100' title='bbox 656 1654 746 1700; x_wconf 79' lang='lat' dir='ltr'>xr.,</span> <span class='ocrx_word' id='word_1_101' title='bbox 781 1638 855 1704; x_wconf 90' lang='lat'>8),</span> <span class='ocrx_word' id='word_1_102' title='bbox 891 1635 1344 1706; x_wconf 80' lang='lat' dir='ltr'>etjuxtaipsum</span> <span class='ocrx_word' id='word_1_103' title='bbox 1385 1640 1732 1690; x_wconf 67' lang='lat' dir='ltr'>coaeternum</span> <span class='ocrx_word' id='word_1_104' title='bbox 1781 1638 1890 1691; x_wconf 88' lang='lat' dir='ltr'>Deo</span> <span class='ocrx_word' id='word_1_105' title='bbox 1952 1635 2104 1690; x_wconf 87' lang='lat' dir='ltr'>Patri</span> 
     </span>
    </p>
   </div>
   <div class='ocr_carea' id='block_1_18' title="bbox 461 1723 2103 1796">
    <p class='ocr_par' dir='ltr' id='par_1_18' title="bbox 461 1723 2103 1796">
     <span class='ocr_line' id='line_1_18' title="bbox 461 1723 2103 1796; baseline -0.001 -15"><span class='ocrx_word' id='word_1_106' title='bbox 461 1727 719 1782; x_wconf 83' lang='lat' dir='ltr'>Verbum</span> <span class='ocrx_word' id='word_1_107' title='bbox 751 1725 810 1779; x_wconf 91' lang='lat' dir='ltr'>in</span> <span class='ocrx_word' id='word_1_108' title='bbox 847 1723 1156 1796; x_wconf 88' lang='lat' dir='ltr'>Evangelio</span> <span class='ocrx_word' id='word_1_109' title='bbox 1212 1724 1448 1780; x_wconf 90' lang='lat' dir='ltr'>dicens:</span> <span class='ocrx_word' id='word_1_110' title='bbox 1485 1748 1512 1775; x_wconf 84' lang='lat'><strong>«</strong></span> <span class='ocrx_word' id='word_1_111' title='bbox 1561 1725 1751 1779; x_wconf 88' lang='lat' dir='ltr'>Verba</span> <span class='ocrx_word' id='word_1_112' title='bbox 1809 1741 1939 1780; x_wconf 87' lang='lat' dir='ltr'>mea</span> <span class='ocrx_word' id='word_1_113' title='bbox 1988 1742 2103 1780; x_wconf 90' lang='lat' dir='ltr'>non</span> 
     </span>
    </p>
   </div>
   <div class='ocr_carea' id='block_1_19' title="bbox 462 1813 2103 1885">
    <p class='ocr_par' dir='ltr' id='par_1_19' title="bbox 462 1813 2103 1885">
     <span class='ocr_line' id='line_1_19' title="bbox 462 1813 2103 1885; baseline -0.002 -14"><span class='ocrx_word' id='word_1_114' title='bbox 462 1815 803 1872; x_wconf 88' lang='lat' dir='ltr'>transibunt</span> <span class='ocrx_word' id='word_1_115' title='bbox 830 1815 1011 1884; x_wconf 78' lang='lat' dir='ltr'>(Marc.</span> <span class='ocrx_word' id='word_1_116' title='bbox 1037 1831 1156 1880; x_wconf 84' lang='lat' dir='ltr'>xm,</span> <span class='ocrx_word' id='word_1_117' title='bbox 1189 1816 1299 1884; x_wconf 81' lang='lat'>31).</span> <span class='ocrx_word' id='word_1_118' title='bbox 1340 1837 1366 1862; x_wconf 87' lang='grc'>››</span> <span class='ocrx_word' id='word_1_119' title='bbox 1409 1813 1488 1869; x_wconf 88' lang='lat' dir='ltr'>De</span> <span class='ocrx_word' id='word_1_120' title='bbox 1535 1814 1751 1885; x_wconf 86' lang='lat' dir='ltr'>quibus</span> <span class='ocrx_word' id='word_1_121' title='bbox 1811 1819 1866 1869; x_wconf 92' lang='lat' dir='ltr'>et</span> <span class='ocrx_word' id='word_1_122' title='bbox 1899 1815 2103 1870; x_wconf 87' lang='lat' dir='ltr'>beatus</span> 
     </span>
    </p>
   </div>
   <div class='ocr_carea' id='block_1_20' title="bbox 467 1901 2107 1960">
    <p class='ocr_par' dir='ltr' id='par_1_20' title="bbox 467 1901 2107 1960">
     <span class='ocr_line' id='line_1_20' title="bbox 467 1901 2107 1960; baseline -0.002 0"><span class='ocrx_word' id='word_1_123' title='bbox 467 1905 672 1960; x_wconf 87' lang='lat' dir='ltr'>Petrus</span> <span class='ocrx_word' id='word_1_124' title='bbox 730 1902 917 1958; x_wconf 88' lang='lat' dir='ltr'>eidem</span> <span class='ocrx_word' id='word_1_125' title='bbox 965 1902 1071 1957; x_wconf 88' lang='lat' dir='ltr'>ait:</span> <span class='ocrx_word' id='word_1_126' title='bbox 1106 1925 1126 1951; x_wconf 74' lang='grc' dir='ltr'>α</span> <span class='ocrx_word' id='word_1_127' title='bbox 1190 1903 1380 1958; x_wconf 88' lang='lat' dir='ltr'>Verba</span> <span class='ocrx_word' id='word_1_128' title='bbox 1427 1901 1555 1957; x_wconf 67' lang='lat' dir='ltr'>vita:</span> <span class='ocrx_word' id='word_1_129' title='bbox 1622 1907 1846 1958; x_wconf 67' lang='lat' dir='ltr'>aeternae</span> <span class='ocrx_word' id='word_1_130' title='bbox 1926 1901 2107 1956; x_wconf 91' lang='lat' dir='ltr'>habes</span> 
     </span>
    </p>
   </div>
   <div class='ocr_carea' id='block_1_21' title="bbox 465 1991 2107 2066">
    <p class='ocr_par' dir='ltr' id='par_1_21' title="bbox 465 1991 2107 2066">
     <span class='ocr_line' id='line_1_21' title="bbox 465 1991 2107 2066; baseline -0.004 -17"><span class='ocrx_word' id='word_1_131' title='bbox 465 1995 643 2066; x_wconf 86' lang='lat' dir='ltr'>(Joan.</span> <span class='ocrx_word' id='word_1_132' title='bbox 675 2010 756 2060; x_wconf 84' lang='lat' dir='ltr'>v1,</span> <span class='ocrx_word' id='word_1_133' title='bbox 784 1993 896 2064; x_wconf 82' lang='lat'>60).</span> <span class='ocrx_word' id='word_1_134' title='bbox 925 2015 951 2040; x_wconf 85' lang='lat'>»</span> <span class='ocrx_word' id='word_1_135' title='bbox 976 1991 1103 2046; x_wconf 90' lang='lat' dir='ltr'>Pari</span> <span class='ocrx_word' id='word_1_136' title='bbox 1123 1992 1294 2046; x_wconf 90' lang='lat' dir='ltr'>modo</span> <span class='ocrx_word' id='word_1_137' title='bbox 1327 1991 1495 2063; x_wconf 89' lang='lat' dir='ltr'>panis</span> <span class='ocrx_word' id='word_1_138' title='bbox 1535 1991 1655 2059; x_wconf 86' lang='lat' dir='ltr'>Dei,</span> <span class='ocrx_word' id='word_1_139' title='bbox 1718 1996 1781 2046; x_wconf 92' lang='lat' dir='ltr'>ut</span> <span class='ocrx_word' id='word_1_140' title='bbox 1833 1992 1998 2046; x_wconf 85' lang='lat' dir='ltr'>docet</span> <span class='ocrx_word' id='word_1_141' title='bbox 2048 1991 2107 2044; x_wconf 92' lang='lat' dir='ltr'>in</span> 
     </span>
    </p>
   </div>
   <div class='ocr_carea' id='block_1_22' title="bbox 469 2079 2107 2154">
    <p class='ocr_par' dir='ltr' id='par_1_22' title="bbox 469 2079 2107 2154">
     <span class='ocr_line' id='line_1_22' title="bbox 469 2079 2107 2154; baseline -0.002 -16"><span class='ocrx_word' id='word_1_142' title='bbox 469 2081 778 2154; x_wconf 87' lang='lat' dir='ltr'>Evangelio</span> <span class='ocrx_word' id='word_1_143' title='bbox 802 2081 997 2153; x_wconf 91' lang='lat' dir='ltr'>ipsum</span> <span class='ocrx_word' id='word_1_144' title='bbox 1022 2081 1297 2148; x_wconf 80' lang='lat' dir='ltr'>Verbum,</span> <span class='ocrx_word' id='word_1_145' title='bbox 1333 2081 1452 2136; x_wconf 91' lang='lat' dir='ltr'>imo</span> <span class='ocrx_word' id='word_1_146' title='bbox 1479 2082 1645 2153; x_wconf 92' lang='lat' dir='ltr'>panis</span> <span class='ocrx_word' id='word_1_147' title='bbox 1675 2079 1978 2136; x_wconf 88' lang='lat' dir='ltr'>descendit</span> <span class='ocrx_word' id='word_1_148' title='bbox 2035 2080 2107 2134; x_wconf 90' lang='lat' dir='ltr'>de</span> 
     </span>
    </p>
   </div>
   <div class='ocr_carea' id='block_1_23' title="bbox 469 2169 2106 2241">
    <p class='ocr_par' dir='ltr' id='par_1_23' title="bbox 469 2169 2106 2241">
     <span class='ocr_line' id='line_1_23' title="bbox 469 2169 2106 2241; baseline -0.002 -14"><span class='ocrx_word' id='word_1_149' title='bbox 469 2171 633 2238; x_wconf 82' lang='lat' dir='ltr'>ccelo,</span> <span class='ocrx_word' id='word_1_150' title='bbox 666 2174 722 2226; x_wconf 89' lang='lat' dir='ltr'>et</span> <span class='ocrx_word' id='word_1_151' title='bbox 751 2171 850 2225; x_wconf 88' lang='lat' dir='ltr'>dat</span> <span class='ocrx_word' id='word_1_152' title='bbox 875 2169 1056 2224; x_wconf 87' lang='lat' dir='ltr'>vitam</span> <span class='ocrx_word' id='word_1_153' title='bbox 1107 2171 1358 2225; x_wconf 89' lang='lat' dir='ltr'>mundo:</span> <span class='ocrx_word' id='word_1_154' title='bbox 1399 2193 1418 2220; x_wconf 78' lang='grc' dir='ltr'><strong><em>α</em></strong></span> <span class='ocrx_word' id='word_1_155' title='bbox 1461 2171 1686 2241; x_wconf 88' lang='lat' dir='ltr'>Etergo</span> <span class='ocrx_word' id='word_1_156' title='bbox 1745 2186 1877 2224; x_wconf 91' lang='lat' dir='ltr'>sum</span> <span class='ocrx_word' id='word_1_157' title='bbox 1935 2169 2106 2240; x_wconf 86' lang='lat' dir='ltr'>panis</span> 
     </span>
    </p>
   </div>
   <div class='ocr_carea' id='block_1_24' title="bbox 459 2258 2106 2332">
    <p class='ocr_par' dir='ltr' id='par_1_24' title="bbox 459 2258 2106 2332">
     <span class='ocr_line' id='line_1_24' title="bbox 459 2258 2106 2332; baseline -0.003 -15"><span class='ocrx_word' id='word_1_158' title='bbox 459 2262 648 2328; x_wconf 91' lang='lat' dir='ltr'>vivus,</span> <span class='ocrx_word' id='word_1_159' title='bbox 683 2260 780 2332; x_wconf 88' lang='lat' dir='ltr'>qui</span> <span class='ocrx_word' id='word_1_160' title='bbox 813 2261 883 2315; x_wconf 89' lang='lat' dir='ltr'>de</span> <span class='ocrx_word' id='word_1_161' title='bbox 914 2259 1053 2314; x_wconf 80' lang='lat' dir='ltr'>cmlo</span> <span class='ocrx_word' id='word_1_162' title='bbox 1084 2260 1377 2316; x_wconf 86' lang='lat' dir='ltr'>descendi.</span> <span class='ocrx_word' id='word_1_163' title='bbox 1413 2260 1469 2314; x_wconf 87' lang='lat' dir='ltr'>Si</span> <span class='ocrx_word' id='word_1_164' title='bbox 1498 2260 1628 2332; x_wconf 92' lang='lat' dir='ltr'>quis</span> <span class='ocrx_word' id='word_1_165' title='bbox 1669 2258 2106 2314; x_wconf 87' lang='lat' dir='ltr'>manducaverit</span> 
     </span>
    </p>
   </div>
   <div class='ocr_carea' id='block_1_25' title="bbox 461 2348 2105 2422">
    <p class='ocr_par' dir='ltr' id='par_1_25' title="bbox 461 2348 2105 2422">
     <span class='ocr_line' id='line_1_25' title="bbox 461 2348 2105 2422; baseline -0.005 -14"><span class='ocrx_word' id='word_1_166' title='bbox 461 2368 529 2408; x_wconf 83' lang='lat' dir='ltr'>ex</span> <span class='ocrx_word' id='word_1_167' title='bbox 553 2351 662 2406; x_wconf 91' lang='lat' dir='ltr'>hoc</span> <span class='ocrx_word' id='word_1_168' title='bbox 687 2365 856 2422; x_wconf 89' lang='lat' dir='ltr'>pane,</span> <span class='ocrx_word' id='word_1_169' title='bbox 886 2348 1037 2403; x_wconf 90' lang='lat' dir='ltr'>vivet</span> <span class='ocrx_word' id='word_1_170' title='bbox 1056 2349 1113 2404; x_wconf 90' lang='lat' dir='ltr'>in</span> <span class='ocrx_word' id='word_1_171' title='bbox 1133 2353 1410 2404; x_wconf 78' lang='lat' dir='ltr'>aeternum</span> <span class='ocrx_word' id='word_1_172' title='bbox 1438 2349 1616 2415; x_wconf 58' lang='lat' dir='ltr'>(Ibid,</span> <span class='ocrx_word' id='word_1_173' title='bbox 1640 2351 1730 2414; x_wconf 81' lang='lat'>21,</span> <span class='ocrx_word' id='word_1_174' title='bbox 1761 2348 1873 2418; x_wconf 83' lang='lat'>52).</span> <span class='ocrx_word' id='word_1_175' title='bbox 1913 2371 1932 2397; x_wconf 74' lang='grc' dir='ltr'><strong>ιο</strong></span> <span class='ocrx_word' id='word_1_176' title='bbox 1961 2348 2105 2402; x_wconf 90' lang='lat' dir='ltr'>Ilinc</span> 
     </span>
    </p>
   </div>
   <div class='ocr_carea' id='block_1_26' title="bbox 456 2435 2102 2512">
    <p class='ocr_par' dir='ltr' id='par_1_26' title="bbox 456 2435 2102 2512">
     <span class='ocr_line' id='line_1_26' title="bbox 456 2435 2102 2512; baseline -0.003 -17"><span class='ocrx_word' id='word_1_177' title='bbox 456 2456 592 2512; x_wconf 87' lang='lat' dir='ltr'>ergo</span> <span class='ocrx_word' id='word_1_178' title='bbox 619 2442 861 2510; x_wconf 88' lang='lat' dir='ltr'>apparet</span> <span class='ocrx_word' id='word_1_179' title='bbox 890 2437 1060 2492; x_wconf 88' lang='lat' dir='ltr'>Verbi</span> <span class='ocrx_word' id='word_1_180' title='bbox 1097 2439 1192 2493; x_wconf 89' lang='lat' dir='ltr'>Dei</span> <span class='ocrx_word' id='word_1_181' title='bbox 1225 2442 1280 2493; x_wconf 89' lang='lat' dir='ltr'>et</span> <span class='ocrx_word' id='word_1_182' title='bbox 1337 2437 1504 2508; x_wconf 89' lang='lat' dir='ltr'>panis</span> <span class='ocrx_word' id='word_1_183' title='bbox 1560 2437 1688 2507; x_wconf 86' lang='lat' dir='ltr'>ejus</span> <span class='ocrx_word' id='word_1_184' title='bbox 1731 2435 2102 2507; x_wconf 74' lang='lat' dir='ltr'>cozequalitas</span> 
     </span>
    </p>
   </div>
   <div class='ocr_carea' id='block_1_27' title="bbox 455 2524 2101 2597">
    <p class='ocr_par' dir='ltr' id='par_1_27' title="bbox 455 2524 2101 2597">
     <span class='ocr_line' id='line_1_27' title="bbox 455 2524 2101 2597; baseline -0.003 -14"><span class='ocrx_word' id='word_1_185' title='bbox 455 2533 514 2584; x_wconf 90' lang='lat' dir='ltr'>et</span> <span class='ocrx_word' id='word_1_186' title='bbox 545 2525 925 2592; x_wconf 62' lang='lat' dir='ltr'>coaeternitas,</span> <span class='ocrx_word' id='word_1_187' title='bbox 960 2525 1098 2597; x_wconf 87' lang='lat' dir='ltr'>quia</span> <span class='ocrx_word' id='word_1_188' title='bbox 1129 2525 1282 2580; x_wconf 89' lang='lat' dir='ltr'>sicut</span> <span class='ocrx_word' id='word_1_189' title='bbox 1305 2525 1446 2580; x_wconf 92' lang='lat' dir='ltr'>illud</span> <span class='ocrx_word' id='word_1_190' title='bbox 1479 2541 1546 2579; x_wconf 86' lang='lat' dir='ltr'>ex</span> <span class='ocrx_word' id='word_1_191' title='bbox 1577 2524 1796 2580; x_wconf 89' lang='lat' dir='ltr'>sanctis</span> <span class='ocrx_word' id='word_1_192' title='bbox 1838 2525 2101 2596; x_wconf 91' lang='lat' dir='ltr'>Scriptu-</span> 
     </span>
    </p>
   </div>
   <div class='ocr_carea' id='block_1_28' title="bbox 453 2614 2096 2686">
    <p class='ocr_par' dir='ltr' id='par_1_28' title="bbox 453 2614 2096 2686">
     <span class='ocr_line' id='line_1_28' title="bbox 453 2614 2096 2686; baseline -0.003 -13"><span class='ocrx_word' id='word_1_193' title='bbox 453 2618 556 2686; x_wconf 90' lang='lat' dir='ltr'>ris,</span> <span class='ocrx_word' id='word_1_194' title='bbox 589 2617 674 2672; x_wconf 86' lang='lat' dir='ltr'>ita</span> <span class='ocrx_word' id='word_1_195' title='bbox 703 2616 796 2671; x_wconf 91' lang='lat' dir='ltr'>hic</span> <span class='ocrx_word' id='word_1_196' title='bbox 819 2633 887 2671; x_wconf 85' lang='lat' dir='ltr'>ex</span> <span class='ocrx_word' id='word_1_197' title='bbox 903 2615 1284 2671; x_wconf 74' lang='lat' dir='ltr'>sacramentis</span> <span class='ocrx_word' id='word_1_198' title='bbox 1316 2614 1493 2669; x_wconf 90' lang='lat' dir='ltr'>vitam</span> <span class='ocrx_word' id='word_1_199' title='bbox 1526 2618 1799 2669; x_wconf 66' lang='lat' dir='ltr'>aeternam</span> <span class='ocrx_word' id='word_1_200' title='bbox 1840 2617 2096 2685; x_wconf 61' lang='lat' dir='ltr'>prastat.</span> 
     </span>
    </p>
   </div>
   <div class='ocr_carea' id='block_1_29' title="bbox 454 2702 2104 2774">
    <p class='ocr_par' dir='ltr' id='par_1_29' title="bbox 454 2702 2104 2774">
     <span class='ocr_line' id='line_1_29' title="bbox 454 2702 2104 2774; baseline -0.004 -12"><span class='ocrx_word' id='word_1_201' title='bbox 454 2707 569 2762; x_wconf 87' lang='lat' dir='ltr'>Nec</span> <span class='ocrx_word' id='word_1_202' title='bbox 595 2707 811 2762; x_wconf 92' lang='lat' dir='ltr'>mirum</span> <span class='ocrx_word' id='word_1_203' title='bbox 844 2722 975 2760; x_wconf 90' lang='lat' dir='ltr'>cum</span> <span class='ocrx_word' id='word_1_204' title='bbox 1012 2722 1164 2759; x_wconf 91' lang='lat' dir='ltr'>unus</span> <span class='ocrx_word' id='word_1_205' title='bbox 1195 2704 1468 2774; x_wconf 88' lang='lat' dir='ltr'>idemque</span> <span class='ocrx_word' id='word_1_206' title='bbox 1499 2702 1786 2758; x_wconf 90' lang='lat' dir='ltr'>Dominus</span> <span class='ocrx_word' id='word_1_207' title='bbox 1803 2702 2104 2757; x_wconf 84' lang='lat' dir='ltr'>nosterJe-</span> 
     </span>
    </p>
   </div>
   <div class='ocr_carea' id='block_1_30' title="bbox 454 2791 2098 2864">
    <p class='ocr_par' dir='ltr' id='par_1_30' title="bbox 454 2791 2098 2864">
     <span class='ocr_line' id='line_1_30' title="bbox 454 2791 2098 2864; baseline -0.004 -12"><span class='ocrx_word' id='word_1_208' title='bbox 454 2813 556 2852; x_wconf 89' lang='lat' dir='ltr'>sus</span> <span class='ocrx_word' id='word_1_209' title='bbox 587 2795 856 2850; x_wconf 86' lang='lat' dir='ltr'>Christus</span> <span class='ocrx_word' id='word_1_210' title='bbox 887 2797 944 2849; x_wconf 89' lang='lat' dir='ltr'>et</span> <span class='ocrx_word' id='word_1_211' title='bbox 970 2793 1026 2847; x_wconf 91' lang='lat' dir='ltr'>in</span> <span class='ocrx_word' id='word_1_212' title='bbox 1059 2791 1375 2864; x_wconf 87' lang='lat' dir='ltr'>Scripturis</span> <span class='ocrx_word' id='word_1_213' title='bbox 1433 2791 1652 2846; x_wconf 90' lang='lat' dir='ltr'>sanctis</span> <span class='ocrx_word' id='word_1_214' title='bbox 1712 2791 1788 2846; x_wconf 88' lang='lat' dir='ltr'>sit</span> <span class='ocrx_word' id='word_1_215' title='bbox 1840 2791 2098 2846; x_wconf 79' lang='lat' dir='ltr'>Verbum</span> 
     </span>
    </p>
   </div>
   <div class='ocr_carea' id='block_1_31' title="bbox 452 2879 2099 2952">
    <p class='ocr_par' dir='ltr' id='par_1_31' title="bbox 452 2879 2099 2952">
     <span class='ocr_line' id='line_1_31' title="bbox 452 2879 2099 2952; baseline -0.004 -12"><span class='ocrx_word' id='word_1_216' title='bbox 452 2883 574 2949; x_wconf 90' lang='lat' dir='ltr'>Dei,</span> <span class='ocrx_word' id='word_1_217' title='bbox 611 2887 666 2938; x_wconf 92' lang='lat' dir='ltr'>et</span> <span class='ocrx_word' id='word_1_218' title='bbox 695 2883 754 2937; x_wconf 89' lang='lat' dir='ltr'>in</span> <span class='ocrx_word' id='word_1_219' title='bbox 787 2881 1169 2938; x_wconf 87' lang='lat' dir='ltr'>sacramentis</span> <span class='ocrx_word' id='word_1_220' title='bbox 1199 2879 1370 2952; x_wconf 89' lang='lat' dir='ltr'>panis</span> <span class='ocrx_word' id='word_1_221' title='bbox 1392 2880 1514 2936; x_wconf 88' lang='lat' dir='ltr'>Dei.</span> <span class='ocrx_word' id='word_1_222' title='bbox 1541 2881 1704 2935; x_wconf 91' lang='lat' dir='ltr'>Unde</span> <span class='ocrx_word' id='word_1_223' title='bbox 1735 2895 2099 2951; x_wconf 89' lang='lat' dir='ltr'>consequens</span> 
     </span>
    </p>
   </div>
   <div class='ocr_carea' id='block_1_32' title="bbox 452 2968 2097 3043">
    <p class='ocr_par' dir='ltr' id='par_1_32' title="bbox 452 2968 2097 3043">
     <span class='ocr_line' id='line_1_32' title="bbox 452 2968 2097 3043; baseline -0.004 -15"><span class='ocrx_word' id='word_1_224' title='bbox 452 2977 541 3028; x_wconf 89' lang='lat' dir='ltr'>est</span> <span class='ocrx_word' id='word_1_225' title='bbox 571 2976 636 3026; x_wconf 89' lang='lat' dir='ltr'>ut</span> <span class='ocrx_word' id='word_1_226' title='bbox 665 2971 788 3043; x_wconf 89' lang='lat' dir='ltr'>pari</span> <span class='ocrx_word' id='word_1_227' title='bbox 814 2970 1246 3026; x_wconf 87' lang='lat' dir='ltr'>abominatione</span> <span class='ocrx_word' id='word_1_228' title='bbox 1269 2970 1594 3026; x_wconf 91' lang='lat' dir='ltr'>devitemus</span> <span class='ocrx_word' id='word_1_229' title='bbox 1620 2985 1920 3025; x_wconf 83' lang='lat' dir='ltr'>eversores</span> <span class='ocrx_word' id='word_1_230' title='bbox 1951 2968 2097 3023; x_wconf 89' lang='lat' dir='ltr'>divi-</span> 
     </span>
    </p>
   </div>
   <div class='ocr_carea' id='block_1_33' title="bbox 453 3058 2099 3150">
    <p class='ocr_par' dir='ltr' id='par_1_33' title="bbox 453 3058 2099 3150">
     <span class='ocr_line' id='line_1_33' title="bbox 453 3058 2099 3150; baseline -0.002 -34"><span class='ocrx_word' id='word_1_231' title='bbox 453 3077 663 3116; x_wconf 89' lang='lat' dir='ltr'>norum</span> <span class='ocrx_word' id='word_1_232' title='bbox 722 3059 1110 3131; x_wconf 88' lang='lat' dir='ltr'>eloquiorum,</span> <span class='ocrx_word' id='word_1_233' title='bbox 1144 3063 1318 3150; x_wconf 71' lang='lat' dir='ltr'>atque</span> <span class='ocrx_word' id='word_1_234' title='bbox 1347 3075 1642 3115; x_wconf 88' lang='lat' dir='ltr'>eversores</span> <span class='ocrx_word' id='word_1_235' title='bbox 1658 3058 1979 3113; x_wconf 81' lang='lat' dir='ltr'>caelestium</span> <span class='ocrx_word' id='word_1_236' title='bbox 2013 3073 2099 3112; x_wconf 90' lang='lat' dir='ltr'>sa-</span> 
     </span>
    </p>
   </div>
   <div class='ocr_carea' id='block_1_34' title="bbox 449 3146 2100 3211">
    <p class='ocr_par' dir='ltr' id='par_1_34' title="bbox 449 3146 2100 3211">
     <span class='ocr_line' id='line_1_34' title="bbox 449 3146 2100 3211; baseline -0.004 -7"><span class='ocrx_word' id='word_1_237' title='bbox 449 3155 906 3205; x_wconf 90' lang='lat' dir='ltr'>cramentorum.</span> <span class='ocrx_word' id='word_1_238' title='bbox 941 3147 1161 3211; x_wconf 89' lang='lat' dir='ltr'>Quibus</span> <span class='ocrx_word' id='word_1_239' title='bbox 1191 3146 1247 3202; x_wconf 83' lang='lat' dir='ltr'>et</span> <span class='ocrx_word' id='word_1_240' title='bbox 1297 3147 1345 3202; x_wconf 89' lang='lat' dir='ltr'>si</span> <span class='ocrx_word' id='word_1_241' title='bbox 1377 3147 1671 3202; x_wconf 69' lang='lat' dir='ltr'>caelestem</span> <span class='ocrx_word' id='word_1_242' title='bbox 1731 3146 1980 3211; x_wconf 87' lang='lat' dir='ltr'>Patrem,</span> <span class='ocrx_word' id='word_1_243' title='bbox 2033 3147 2100 3198; x_wconf 90' lang='lat' dir='ltr'>ut</span> 
     </span>
    </p>
   </div>
   <div class='ocr_carea' id='block_1_35' title="bbox 2207 569 3855 644">
    <p class='ocr_par' dir='ltr' id='par_1_35' title="bbox 2207 569 3855 644">
     <span class='ocr_line' id='line_1_35' title="bbox 2207 569 3855 644; baseline -0.002 -18"><span class='ocrx_word' id='word_1_244' title='bbox 2207 572 2363 643; x_wconf 83' lang='lat' dir='ltr'>(Joan</span> <span class='ocrx_word' id='word_1_245' title='bbox 2392 589 2506 635; x_wconf 73' lang='lat' dir='ltr'>xvx,</span> <span class='ocrx_word' id='word_1_246' title='bbox 2540 572 2675 642; x_wconf 89' lang='lat'>23.).</span> <span class='ocrx_word' id='word_1_247' title='bbox 2709 593 2736 623; x_wconf 84' lang='grc'><strong>››</strong></span> <span class='ocrx_word' id='word_1_248' title='bbox 2766 573 2864 628; x_wconf 89' lang='lat' dir='ltr'>Et:</span> <span class='ocrx_word' id='word_1_249' title='bbox 2901 596 2927 622; x_wconf 91' lang='grc'>‹‹</span> <span class='ocrx_word' id='word_1_250' title='bbox 2961 572 3357 644; x_wconf 85' lang='lat' dir='ltr'>Quodcunque</span> <span class='ocrx_word' id='word_1_251' title='bbox 3403 569 3689 643; x_wconf 88' lang='lat' dir='ltr'>petieritis</span> <span class='ocrx_word' id='word_1_252' title='bbox 3745 569 3855 624; x_wconf 85' lang='lat' dir='ltr'>Pa-</span> 
     </span>
    </p>
   </div>
   <div class='ocr_carea' id='block_1_36' title="bbox 2205 659 3855 732">
    <p class='ocr_par' dir='ltr' id='par_1_36' title="bbox 2205 659 3855 732">
     <span class='ocr_line' id='line_1_36' title="bbox 2205 659 3855 732; baseline -0.001 -17"><span class='ocrx_word' id='word_1_253' title='bbox 2205 664 2354 716; x_wconf 86' lang='lat' dir='ltr'>trem</span> <span class='ocrx_word' id='word_1_254' title='bbox 2381 660 2441 716; x_wconf 92' lang='lat' dir='ltr'>in</span> <span class='ocrx_word' id='word_1_255' title='bbox 2475 660 2707 717; x_wconf 90' lang='lat' dir='ltr'>nomine</span> <span class='ocrx_word' id='word_1_256' title='bbox 2736 677 2884 726; x_wconf 88' lang='lat' dir='ltr'>meo,</span> <span class='ocrx_word' id='word_1_257' title='bbox 2919 661 3078 717; x_wconf 89' lang='lat' dir='ltr'>dabit</span> <span class='ocrx_word' id='word_1_258' title='bbox 3098 661 3264 716; x_wconf 92' lang='lat' dir='ltr'>vobis</span> <span class='ocrx_word' id='word_1_259' title='bbox 3296 662 3471 732; x_wconf 87' lang='lat' dir='ltr'>(Joan.</span> <span class='ocrx_word' id='word_1_260' title='bbox 3503 676 3620 725; x_wconf 74' lang='lat' dir='ltr'>xxv,</span> <span class='ocrx_word' id='word_1_261' title='bbox 3675 659 3792 730; x_wconf 82' lang='lat'>13),</span> <span class='ocrx_word' id='word_1_262' title='bbox 3827 679 3855 706; x_wconf 72' lang='grc' dir='ltr'>ι»</span> 
     </span>
    </p>
   </div>
   <div class='ocr_carea' id='block_1_37' title="bbox 2279 746 3854 821">
    <p class='ocr_par' dir='ltr' id='par_1_37' title="bbox 2279 746 3854 821">
     <span class='ocr_line' id='line_1_37' title="bbox 2279 746 3854 821; baseline -0.001 -19"><span class='ocrx_word' id='word_1_263' title='bbox 2279 749 2515 805; x_wconf 86' lang='lat' dir='ltr'>Constat</span> <span class='ocrx_word' id='word_1_264' title='bbox 2543 749 2740 821; x_wconf 89' lang='lat' dir='ltr'>itaque</span> <span class='ocrx_word' id='word_1_265' title='bbox 2771 749 3054 806; x_wconf 80' lang='lat' dir='ltr'>haereticis</span> <span class='ocrx_word' id='word_1_266' title='bbox 3076 749 3168 805; x_wconf 89' lang='lat' dir='ltr'>his</span> <span class='ocrx_word' id='word_1_267' title='bbox 3200 748 3505 820; x_wconf 78' lang='lat' dir='ltr'>dariquod</span> <span class='ocrx_word' id='word_1_268' title='bbox 3537 751 3747 819; x_wconf 89' lang='lat' dir='ltr'>petunt</span> <span class='ocrx_word' id='word_1_269' title='bbox 3784 746 3854 802; x_wconf 87' lang='lat' dir='ltr'>ab</span> 
     </span>
    </p>
   </div>
   <div class='ocr_carea' id='block_1_38' title="bbox 2208 835 3858 911">
    <p class='ocr_par' dir='ltr' id='par_1_38' title="bbox 2208 835 3858 911">
     <span class='ocr_line' id='line_1_38' title="bbox 2208 835 3858 911; baseline -0.002 -17"><span class='ocrx_word' id='word_1_270' title='bbox 2208 855 2274 894; x_wconf 89' lang='lat' dir='ltr'>eo</span> <span class='ocrx_word' id='word_1_271' title='bbox 2307 855 2480 910; x_wconf 90' lang='lat' dir='ltr'>quem</span> <span class='ocrx_word' id='word_1_272' title='bbox 2505 843 2726 911; x_wconf 89' lang='lat' dir='ltr'>petunt.</span> <span class='ocrx_word' id='word_1_273' title='bbox 2762 841 2828 894; x_wconf 84' lang='lat' dir='ltr'>Et</span> <span class='ocrx_word' id='word_1_274' title='bbox 2857 856 3030 911; x_wconf 87' lang='lat' dir='ltr'>quem</span> <span class='ocrx_word' id='word_1_275' title='bbox 3063 838 3307 910; x_wconf 87' lang='lat' dir='ltr'>petunt?</span> <span class='ocrx_word' id='word_1_276' title='bbox 3338 841 3560 910; x_wconf 86' lang='lat' dir='ltr'>patrem</span> <span class='ocrx_word' id='word_1_277' title='bbox 3593 839 3652 891; x_wconf 89' lang='lat' dir='ltr'>et</span> <span class='ocrx_word' id='word_1_278' title='bbox 3673 835 3858 892; x_wconf 88' lang='lat' dir='ltr'>domi-</span> 
     </span>
    </p>
   </div>
   <div class='ocr_carea' id='block_1_39' title="bbox 2209 925 3854 1000">
    <p class='ocr_par' dir='ltr' id='par_1_39' title="bbox 2209 925 3854 1000">
     <span class='ocr_line' id='line_1_39' title="bbox 2209 925 3854 1000; baseline -0.002 -18"><span class='ocrx_word' id='word_1_279' title='bbox 2209 945 2350 982; x_wconf 90' lang='lat' dir='ltr'>num</span> <span class='ocrx_word' id='word_1_280' title='bbox 2384 945 2556 983; x_wconf 91' lang='lat' dir='ltr'>suum</span> <span class='ocrx_word' id='word_1_281' title='bbox 2591 945 3007 996; x_wconf 82' lang='lat' dir='ltr'>mammonam.</span> <span class='ocrx_word' id='word_1_282' title='bbox 3041 928 3267 1000; x_wconf 77' lang='lat' dir='ltr'>thuid</span> <span class='ocrx_word' id='word_1_283' title='bbox 3314 925 3568 999; x_wconf 84' lang='lat' dir='ltr'>petunt?</span> <span class='ocrx_word' id='word_1_284' title='bbox 3616 941 3854 996; x_wconf 90' lang='lat' dir='ltr'>panem.</span> 
     </span>
    </p>
   </div>
   <div class='ocr_carea' id='block_1_40' title="bbox 2209 1012 3856 1088">
    <p class='ocr_par' dir='ltr' id='par_1_40' title="bbox 2209 1012 3856 1088">
     <span class='ocr_line' id='line_1_40' title="bbox 2209 1012 3856 1088; baseline -0.002 -17"><span class='ocrx_word' id='word_1_285' title='bbox 2209 1018 2390 1081; x_wconf 89' lang='lat' dir='ltr'>Quem</span> <span class='ocrx_word' id='word_1_286' title='bbox 2416 1018 2664 1088; x_wconf 85' lang='lat' dir='ltr'>panem?</span> <span class='ocrx_word' id='word_1_287' title='bbox 2697 1017 2972 1072; x_wconf 87' lang='lat' dir='ltr'>nimirum</span> <span class='ocrx_word' id='word_1_288' title='bbox 3005 1017 3105 1088; x_wconf 90' lang='lat' dir='ltr'>qui</span> <span class='ocrx_word' id='word_1_289' title='bbox 3137 1017 3248 1072; x_wconf 89' lang='lat' dir='ltr'>sibi</span> <span class='ocrx_word' id='word_1_290' title='bbox 3271 1015 3441 1070; x_wconf 92' lang='lat' dir='ltr'>dulce</span> <span class='ocrx_word' id='word_1_291' title='bbox 3459 1029 3666 1087; x_wconf 86' lang='lat' dir='ltr'>sapere</span> <span class='ocrx_word' id='word_1_292' title='bbox 3688 1012 3856 1069; x_wconf 85' lang='lat' dir='ltr'>solet.</span> 
     </span>
    </p>
   </div>
   <div class='ocr_carea' id='block_1_41' title="bbox 2210 1102 3857 1175">
    <p class='ocr_par' dir='ltr' id='par_1_41' title="bbox 2210 1102 3857 1175">
     <span class='ocr_line' id='line_1_41' title="bbox 2210 1102 3857 1175; baseline -0.002 -15"><span class='ocrx_word' id='word_1_293' title='bbox 2210 1110 2275 1161; x_wconf 93' lang='lat' dir='ltr'>ut</span> <span class='ocrx_word' id='word_1_294' title='bbox 2305 1105 2576 1161; x_wconf 86' lang='lat' dir='ltr'>Salomon</span> <span class='ocrx_word' id='word_1_295' title='bbox 2601 1106 2709 1162; x_wconf 89' lang='lat' dir='ltr'>ait:</span> <span class='ocrx_word' id='word_1_296' title='bbox 2739 1128 2765 1156; x_wconf 83' lang='lat'><strong>«</strong></span> <span class='ocrx_word' id='word_1_297' title='bbox 2788 1106 2995 1160; x_wconf 83' lang='lat' dir='ltr'>Suavis</span> <span class='ocrx_word' id='word_1_298' title='bbox 3014 1109 3103 1160; x_wconf 90' lang='lat' dir='ltr'>est</span> <span class='ocrx_word' id='word_1_299' title='bbox 3124 1105 3350 1160; x_wconf 87' lang='lat' dir='ltr'>homini</span> <span class='ocrx_word' id='word_1_300' title='bbox 3370 1103 3536 1175; x_wconf 89' lang='lat' dir='ltr'>panis</span> <span class='ocrx_word' id='word_1_301' title='bbox 3561 1102 3857 1157; x_wconf 88' lang='lat' dir='ltr'>mendacii</span> 
     </span>
    </p>
   </div>
   <div class='ocr_carea' id='block_1_42' title="bbox 2213 1191 3856 1267">
    <p class='ocr_par' dir='ltr' id='par_1_42' title="bbox 2213 1191 3856 1267">
     <span class='ocr_line' id='line_1_42' title="bbox 2213 1191 3856 1267; baseline -0.002 -17"><span class='ocrx_word' id='word_1_302' title='bbox 2213 1197 2392 1264; x_wconf 87' lang='lat' dir='ltr'>(Prov.</span> <span class='ocrx_word' id='word_1_303' title='bbox 2425 1214 2517 1261; x_wconf 83' lang='lat' dir='ltr'>xx,</span> <span class='ocrx_word' id='word_1_304' title='bbox 2552 1197 2667 1265; x_wconf 82' lang='lat' dir='ltr'>t7);</span> <span class='ocrx_word' id='word_1_305' title='bbox 2704 1217 2731 1243; x_wconf 81' lang='grc'>››</span> <span class='ocrx_word' id='word_1_306' title='bbox 2765 1211 2937 1267; x_wconf 89' lang='lat' dir='ltr'>quem</span> <span class='ocrx_word' id='word_1_307' title='bbox 2971 1211 3041 1250; x_wconf 91' lang='lat' dir='ltr'>ne</span> <span class='ocrx_word' id='word_1_308' title='bbox 3072 1194 3364 1250; x_wconf 90' lang='lat' dir='ltr'>dubitaret</span> <span class='ocrx_word' id='word_1_309' title='bbox 3406 1193 3538 1265; x_wconf 89' lang='lat' dir='ltr'>quis</span> <span class='ocrx_word' id='word_1_310' title='bbox 3595 1191 3856 1264; x_wconf 88' lang='lat' dir='ltr'>lapidem</span> 
     </span>
    </p>
   </div>
   <div class='ocr_carea' id='block_1_43' title="bbox 2211 1281 3858 1356">
    <p class='ocr_par' dir='ltr' id='par_1_43' title="bbox 2211 1281 3858 1356">
     <span class='ocr_line' id='line_1_43' title="bbox 2211 1281 3858 1356; baseline -0.003 -16"><span class='ocrx_word' id='word_1_311' title='bbox 2211 1301 2360 1351; x_wconf 89' lang='lat' dir='ltr'>esse,</span> <span class='ocrx_word' id='word_1_312' title='bbox 2395 1285 2726 1355; x_wconf 82' lang='lat' dir='ltr'>subjunxit:</span> <span class='ocrx_word' id='word_1_313' title='bbox 2759 1307 2784 1332; x_wconf 86' lang='grc'><strong>››</strong></span> <span class='ocrx_word' id='word_1_314' title='bbox 2840 1285 2910 1338; x_wconf 90' lang='lat' dir='ltr'>Et</span> <span class='ocrx_word' id='word_1_315' title='bbox 2955 1288 3157 1356; x_wconf 90' lang='lat' dir='ltr'>postea</span> <span class='ocrx_word' id='word_1_316' title='bbox 3205 1282 3547 1354; x_wconf 88' lang='lat' dir='ltr'>implebitur</span> <span class='ocrx_word' id='word_1_317' title='bbox 3607 1298 3674 1336; x_wconf 92' lang='lat' dir='ltr'>os</span> <span class='ocrx_word' id='word_1_318' title='bbox 3733 1281 3858 1351; x_wconf 86' lang='lat' dir='ltr'>ejus</span> 
     </span>
    </p>
   </div>
   <div class='ocr_carea' id='block_1_44' title="bbox 2207 1368 3858 1445">
    <p class='ocr_par' dir='ltr' id='par_1_44' title="bbox 2207 1368 3858 1445">
     <span class='ocr_line' id='line_1_44' title="bbox 2207 1368 3858 1445; baseline -0.003 -16"><span class='ocrx_word' id='word_1_319' title='bbox 2207 1373 2431 1430; x_wconf 86' lang='lat' dir='ltr'>calculo</span> <span class='ocrx_word' id='word_1_320' title='bbox 2460 1373 2668 1445; x_wconf 62' lang='lat' dir='ltr'>(Ibid)</span> <span class='ocrx_word' id='word_1_321' title='bbox 2689 1396 2716 1420; x_wconf 89' lang='grc'><strong>››</strong></span> <span class='ocrx_word' id='word_1_322' title='bbox 2747 1372 2997 1428; x_wconf 86' lang='lat' dir='ltr'>Videsne</span> <span class='ocrx_word' id='word_1_323' title='bbox 3028 1372 3123 1427; x_wconf 93' lang='lat' dir='ltr'>hic</span> <span class='ocrx_word' id='word_1_324' title='bbox 3140 1389 3242 1443; x_wconf 90' lang='lat' dir='ltr'>pro</span> <span class='ocrx_word' id='word_1_325' title='bbox 3275 1387 3422 1443; x_wconf 89' lang='lat' dir='ltr'>pane</span> <span class='ocrx_word' id='word_1_326' title='bbox 3444 1369 3756 1425; x_wconf 87' lang='lat' dir='ltr'>charitatis</span> <span class='ocrx_word' id='word_1_327' title='bbox 3777 1368 3858 1424; x_wconf 89' lang='lat' dir='ltr'>la-</span> 
     </span>
    </p>
   </div>
   <div class='ocr_carea' id='block_1_45' title="bbox 2212 1457 3860 1535">
    <p class='ocr_par' dir='ltr' id='par_1_45' title="bbox 2212 1457 3860 1535">
     <span class='ocr_line' id='line_1_45' title="bbox 2212 1457 3860 1535; baseline -0.002 -18"><span class='ocrx_word' id='word_1_328' title='bbox 2212 1463 2405 1535; x_wconf 91' lang='lat' dir='ltr'>pidem</span> <span class='ocrx_word' id='word_1_329' title='bbox 2431 1464 2633 1518; x_wconf 89' lang='lat' dir='ltr'>datum</span> <span class='ocrx_word' id='word_1_330' title='bbox 2656 1462 3080 1528; x_wconf 87' lang='lat' dir='ltr'>obdurationis,</span> <span class='ocrx_word' id='word_1_331' title='bbox 3113 1461 3282 1532; x_wconf 90' lang='lat' dir='ltr'>cujus</span> <span class='ocrx_word' id='word_1_332' title='bbox 3311 1459 3600 1532; x_wconf 90' lang='lat' dir='ltr'>pesssimo</span> <span class='ocrx_word' id='word_1_333' title='bbox 3651 1457 3860 1514; x_wconf 88' lang='lat' dir='ltr'>merito</span> 
     </span>
    </p>
   </div>
   <div class='ocr_carea' id='block_1_46' title="bbox 2212 1545 3863 1622">
    <p class='ocr_par' dir='ltr' id='par_1_46' title="bbox 2212 1545 3863 1622">
     <span class='ocr_line' id='line_1_46' title="bbox 2212 1545 3863 1622; baseline -0.004 -15"><span class='ocrx_word' id='word_1_334' title='bbox 2212 1552 2463 1607; x_wconf 78' lang='lat' dir='ltr'>efﬁcitur</span> <span class='ocrx_word' id='word_1_335' title='bbox 2493 1555 2558 1606; x_wconf 89' lang='lat' dir='ltr'>ut</span> <span class='ocrx_word' id='word_1_336' title='bbox 2589 1549 2923 1622; x_wconf 87' lang='lat' dir='ltr'>petentibus</span> <span class='ocrx_word' id='word_1_337' title='bbox 2947 1549 3121 1605; x_wconf 90' lang='lat' dir='ltr'>ﬁdem</span> <span class='ocrx_word' id='word_1_338' title='bbox 3154 1549 3399 1621; x_wconf 88' lang='lat' dir='ltr'>perﬁdia</span> <span class='ocrx_word' id='word_1_339' title='bbox 3427 1545 3591 1602; x_wconf 86' lang='lat' dir='ltr'>velut</span> <span class='ocrx_word' id='word_1_340' title='bbox 3620 1562 3863 1619; x_wconf 84' lang='lat' dir='ltr'>serpens</span> 
     </span>
    </p>
   </div>
   <div class='ocr_carea' id='block_1_47' title="bbox 2213 1636 3861 1712">
    <p class='ocr_par' dir='ltr' id='par_1_47' title="bbox 2213 1636 3861 1712">
     <span class='ocr_line' id='line_1_47' title="bbox 2213 1636 3861 1712; baseline -0.002 -18"><span class='ocrx_word' id='word_1_341' title='bbox 2213 1657 2315 1711; x_wconf 91' lang='lat' dir='ltr'>pro</span> <span class='ocrx_word' id='word_1_342' title='bbox 2349 1639 2526 1712; x_wconf 88' lang='lat' dir='ltr'>pisce,</span> <span class='ocrx_word' id='word_1_343' title='bbox 2549 1639 2756 1694; x_wconf 83' lang='lat' dir='ltr'>detur?</span> <span class='ocrx_word' id='word_1_344' title='bbox 2786 1639 2930 1694; x_wconf 90' lang='lat' dir='ltr'>Nam</span> <span class='ocrx_word' id='word_1_345' title='bbox 2963 1639 3063 1693; x_wconf 91' lang='lat' dir='ltr'>ubi</span> <span class='ocrx_word' id='word_1_346' title='bbox 3095 1638 3264 1709; x_wconf 91' lang='lat' dir='ltr'>panis</span> <span class='ocrx_word' id='word_1_347' title='bbox 3321 1636 3614 1692; x_wconf 87' lang='lat' dir='ltr'>mendacii</span> <span class='ocrx_word' id='word_1_348' title='bbox 3673 1652 3861 1692; x_wconf 78' lang='lat' dir='ltr'>come-</span> 
     </span>
    </p>
   </div>
   <div class='ocr_carea' id='block_1_48' title="bbox 2211 1724 3860 1800">
    <p class='ocr_par' dir='ltr' id='par_1_48' title="bbox 2211 1724 3860 1800">
     <span class='ocr_line' id='line_1_48' title="bbox 2211 1724 3860 1800; baseline -0.002 -18"><span class='ocrx_word' id='word_1_349' title='bbox 2211 1728 2390 1795; x_wconf 89' lang='lat' dir='ltr'>ditur,</span> <span class='ocrx_word' id='word_1_350' title='bbox 2415 1729 2736 1800; x_wconf 89' lang='lat' dir='ltr'>vinumque</span> <span class='ocrx_word' id='word_1_351' title='bbox 2757 1727 3086 1799; x_wconf 86' lang='lat' dir='ltr'>iniquitatis</span> <span class='ocrx_word' id='word_1_352' title='bbox 3104 1725 3342 1796; x_wconf 89' lang='lat' dir='ltr'>bibitur,</span> <span class='ocrx_word' id='word_1_353' title='bbox 3365 1724 3614 1780; x_wconf 90' lang='lat' dir='ltr'>dubium</span> <span class='ocrx_word' id='word_1_354' title='bbox 3632 1741 3753 1780; x_wconf 92' lang='lat' dir='ltr'>non</span> <span class='ocrx_word' id='word_1_355' title='bbox 3776 1728 3860 1780; x_wconf 89' lang='lat' dir='ltr'>est</span> 
     </span>
    </p>
   </div>
   <div class='ocr_carea' id='block_1_49' title="bbox 2213 1813 3859 1888">
    <p class='ocr_par' dir='ltr' id='par_1_49' title="bbox 2213 1813 3859 1888">
     <span class='ocr_line' id='line_1_49' title="bbox 2213 1813 3859 1888; baseline -0.002 -17"><span class='ocrx_word' id='word_1_356' title='bbox 2213 1817 2352 1888; x_wconf 90' lang='lat' dir='ltr'>quin</span> <span class='ocrx_word' id='word_1_357' title='bbox 2396 1816 2473 1870; x_wconf 89' lang='lat' dir='ltr'>ibi</span> <span class='ocrx_word' id='word_1_358' title='bbox 2520 1816 2645 1872; x_wconf 85' lang='lat' dir='ltr'>sola</span> <span class='ocrx_word' id='word_1_359' title='bbox 2675 1817 2918 1888; x_wconf 88' lang='lat' dir='ltr'>perﬁdia</span> <span class='ocrx_word' id='word_1_360' title='bbox 2964 1815 3316 1871; x_wconf 90' lang='lat' dir='ltr'>dominetur.</span> <span class='ocrx_word' id='word_1_361' title='bbox 3351 1813 3512 1870; x_wconf 90' lang='lat' dir='ltr'>Unde</span> <span class='ocrx_word' id='word_1_362' title='bbox 3535 1813 3601 1868; x_wconf 90' lang='lat' dir='ltr'>ﬁt</span> <span class='ocrx_word' id='word_1_363' title='bbox 3631 1817 3720 1879; x_wconf 90' lang='lat' dir='ltr'>ut,</span> <span class='ocrx_word' id='word_1_364' title='bbox 3743 1819 3859 1869; x_wconf 85' lang='lat' dir='ltr'>tam</span> 
     </span>
    </p>
   </div>
   <div class='ocr_carea' id='block_1_50' title="bbox 2221 1901 3859 1978">
    <p class='ocr_par' dir='ltr' id='par_1_50' title="bbox 2221 1901 3859 1978">
     <span class='ocr_line' id='line_1_50' title="bbox 2221 1901 3859 1978; baseline -0.002 -18"><span class='ocrx_word' id='word_1_365' title='bbox 2221 1905 2491 1977; x_wconf 81' lang='lat' dir='ltr'>pestifero</span> <span class='ocrx_word' id='word_1_366' title='bbox 2524 1909 2792 1978; x_wconf 88' lang='lat' dir='ltr'>serpente</span> <span class='ocrx_word' id='word_1_367' title='bbox 2823 1905 3101 1977; x_wconf 90' lang='lat' dir='ltr'>possessi,</span> <span class='ocrx_word' id='word_1_368' title='bbox 3133 1903 3183 1958; x_wconf 90' lang='lat' dir='ltr'>si</span> <span class='ocrx_word' id='word_1_369' title='bbox 3217 1919 3391 1958; x_wconf 91' lang='lat' dir='ltr'>ovum</span> <span class='ocrx_word' id='word_1_370' title='bbox 3413 1901 3534 1974; x_wconf 91' lang='lat' dir='ltr'>spei</span> <span class='ocrx_word' id='word_1_371' title='bbox 3562 1901 3859 1973; x_wconf 80' lang='lat' dir='ltr'>petierint,</span> 
     </span>
    </p>
   </div>
   <div class='ocr_carea' id='block_1_51' title="bbox 2219 1991 3860 2066">
    <p class='ocr_par' dir='ltr' id='par_1_51' title="bbox 2219 1991 3860 2066">
     <span class='ocr_line' id='line_1_51' title="bbox 2219 1991 3860 2066; baseline -0.004 -16"><span class='ocrx_word' id='word_1_372' title='bbox 2219 1999 2554 2050; x_wconf 86' lang='lat' dir='ltr'>mereantur</span> <span class='ocrx_word' id='word_1_373' title='bbox 2583 1994 2946 2066; x_wconf 90' lang='lat' dir='ltr'>scorpionem</span> <span class='ocrx_word' id='word_1_374' title='bbox 2977 1994 3201 2048; x_wconf 72' lang='lat' dir='ltr'>extima:</span> <span class='ocrx_word' id='word_1_375' title='bbox 3233 1991 3666 2064; x_wconf 85' lang='lat' dir='ltr'>desperationis.</span> <span class='ocrx_word' id='word_1_376' title='bbox 3732 1991 3860 2054; x_wconf 86' lang='lat' dir='ltr'>Qua</span> 
     </span>
    </p>
   </div>
   <div class='ocr_carea' id='block_1_52' title="bbox 2215 2079 3860 2156">
    <p class='ocr_par' dir='ltr' id='par_1_52' title="bbox 2215 2079 3860 2156">
     <span class='ocr_line' id='line_1_52' title="bbox 2215 2079 3860 2156; baseline -0.003 -18"><span class='ocrx_word' id='word_1_377' title='bbox 2215 2083 2492 2156; x_wconf 90' lang='lat' dir='ltr'>impletur</span> <span class='ocrx_word' id='word_1_378' title='bbox 2528 2084 2587 2138; x_wconf 89' lang='lat' dir='ltr'>in</span> <span class='ocrx_word' id='word_1_379' title='bbox 2617 2083 2754 2149; x_wconf 92' lang='lat' dir='ltr'>illis,</span> <span class='ocrx_word' id='word_1_380' title='bbox 2789 2083 2942 2155; x_wconf 92' lang='lat' dir='ltr'>quod</span> <span class='ocrx_word' id='word_1_381' title='bbox 2963 2081 3208 2154; x_wconf 88' lang='lat' dir='ltr'>Sapiens</span> <span class='ocrx_word' id='word_1_382' title='bbox 3237 2081 3345 2136; x_wconf 86' lang='lat' dir='ltr'>ait:</span> <span class='ocrx_word' id='word_1_383' title='bbox 3380 2101 3408 2130; x_wconf 76' lang='grc' dir='ltr'>ι(</span> <span class='ocrx_word' id='word_1_384' title='bbox 3443 2079 3682 2150; x_wconf 86' lang='lat' dir='ltr'>Impius,</span> <span class='ocrx_word' id='word_1_385' title='bbox 3721 2095 3860 2134; x_wconf 86' lang='lat' dir='ltr'>cum</span> 
     </span>
    </p>
   </div>
   <div class='ocr_carea' id='block_1_53' title="bbox 2215 2169 3856 2245">
    <p class='ocr_par' dir='ltr' id='par_1_53' title="bbox 2215 2169 3856 2245">
     <span class='ocr_line' id='line_1_53' title="bbox 2215 2169 3856 2245; baseline -0.002 -17"><span class='ocrx_word' id='word_1_386' title='bbox 2215 2173 2438 2228; x_wconf 88' lang='lat' dir='ltr'>venerit</span> <span class='ocrx_word' id='word_1_387' title='bbox 2465 2174 2524 2228; x_wconf 93' lang='lat' dir='ltr'>in</span> <span class='ocrx_word' id='word_1_388' title='bbox 2556 2172 2912 2245; x_wconf 85' lang='lat' dir='ltr'>profundum</span> <span class='ocrx_word' id='word_1_389' title='bbox 2946 2171 3258 2236; x_wconf 90' lang='lat' dir='ltr'>malorum,</span> <span class='ocrx_word' id='word_1_390' title='bbox 3291 2169 3613 2226; x_wconf 85' lang='lat' dir='ltr'>contemnit</span> <span class='ocrx_word' id='word_1_391' title='bbox 3672 2170 3856 2239; x_wconf 85' lang='lat' dir='ltr'>(Prov.</span> 
     </span>
    </p>
   </div>
   <div class='ocr_carea' id='block_1_54' title="bbox 2215 2257 3861 2332">
    <p class='ocr_par' dir='ltr' id='par_1_54' title="bbox 2215 2257 3861 2332">
     <span class='ocr_line' id='line_1_54' title="bbox 2215 2257 3861 2332; baseline -0.003 -14"><span class='ocrx_word' id='word_1_392' title='bbox 2215 2281 2372 2328; x_wconf 83' lang='lat' dir='ltr'>xvm,</span> <span class='ocrx_word' id='word_1_393' title='bbox 2405 2264 2480 2332; x_wconf 91' lang='lat'>3).</span> <span class='ocrx_word' id='word_1_394' title='bbox 2507 2285 2533 2312; x_wconf 85' lang='lat'>»</span> <span class='ocrx_word' id='word_1_395' title='bbox 2575 2263 2707 2325; x_wconf 63' lang='lat' dir='ltr'>Quae</span> <span class='ocrx_word' id='word_1_396' title='bbox 2739 2261 2941 2332; x_wconf 89' lang='lat' dir='ltr'>utique</span> <span class='ocrx_word' id='word_1_397' title='bbox 2971 2260 3082 2315; x_wconf 89' lang='lat' dir='ltr'>tria</span> <span class='ocrx_word' id='word_1_398' title='bbox 3111 2258 3459 2332; x_wconf 87' lang='lat' dir='ltr'>principalia</span> <span class='ocrx_word' id='word_1_399' title='bbox 3517 2257 3677 2314; x_wconf 86' lang='lat' dir='ltr'>mala</span> <span class='ocrx_word' id='word_1_400' title='bbox 3716 2275 3861 2330; x_wconf 67' lang='lat' dir='ltr'>prte-</span> 
     </span>
    </p>
   </div>
   <div class='ocr_carea' id='block_1_55' title="bbox 2215 2346 3861 2422">
    <p class='ocr_par' dir='ltr' id='par_1_55' title="bbox 2215 2346 3861 2422">
     <span class='ocr_line' id='line_1_55' title="bbox 2215 2346 3861 2422; baseline -0.003 -15"><span class='ocrx_word' id='word_1_401' title='bbox 2215 2352 2350 2407; x_wconf 83' lang='lat' dir='ltr'>fatis</span> <span class='ocrx_word' id='word_1_402' title='bbox 2381 2352 2568 2406; x_wconf 91' lang='lat' dir='ltr'>tribus</span> <span class='ocrx_word' id='word_1_403' title='bbox 2598 2355 2654 2406; x_wconf 92' lang='lat' dir='ltr'>et</span> <span class='ocrx_word' id='word_1_404' title='bbox 2682 2349 3102 2422; x_wconf 85' lang='lat' dir='ltr'>principalibus</span> <span class='ocrx_word' id='word_1_405' title='bbox 3122 2349 3330 2403; x_wconf 67' lang='lat' dir='ltr'>animae</span> <span class='ocrx_word' id='word_1_406' title='bbox 3349 2346 3667 2403; x_wconf 87' lang='lat' dir='ltr'>virtutibus</span> <span class='ocrx_word' id='word_1_407' title='bbox 3726 2363 3861 2402; x_wconf 88' lang='lat' dir='ltr'>con-</span> 
     </span>
    </p>
   </div>
   <div class='ocr_carea' id='block_1_56' title="bbox 2211 2437 3863 2511">
    <p class='ocr_par' dir='ltr' id='par_1_56' title="bbox 2211 2437 3863 2511">
     <span class='ocr_line' id='line_1_56' title="bbox 2211 2437 3863 2511; baseline -0.002 -15"><span class='ocrx_word' id='word_1_408' title='bbox 2211 2441 2411 2508; x_wconf 89' lang='lat' dir='ltr'>traria,</span> <span class='ocrx_word' id='word_1_409' title='bbox 2443 2457 2512 2496; x_wconf 85' lang='lat' dir='ltr'>ex</span> <span class='ocrx_word' id='word_1_410' title='bbox 2541 2439 2664 2495; x_wconf 89' lang='lat' dir='ltr'>sola</span> <span class='ocrx_word' id='word_1_411' title='bbox 2690 2439 3010 2511; x_wconf 90' lang='lat' dir='ltr'>procedunt</span> <span class='ocrx_word' id='word_1_412' title='bbox 3029 2437 3287 2494; x_wconf 87' lang='lat' dir='ltr'>avaritia.</span> <span class='ocrx_word' id='word_1_413' title='bbox 3308 2438 3389 2493; x_wconf 90' lang='lat' dir='ltr'>De</span> <span class='ocrx_word' id='word_1_414' title='bbox 3418 2438 3591 2506; x_wconf 86' lang='lat' dir='ltr'>cujus</span> <span class='ocrx_word' id='word_1_415' title='bbox 3606 2437 3863 2510; x_wconf 86' lang='lat' dir='ltr'>pessima</span> 
     </span>
    </p>
   </div>
   <div class='ocr_carea' id='block_1_57' title="bbox 2219 2525 3562 2602">
    <p class='ocr_par' dir='ltr' id='par_1_57' title="bbox 2219 2525 3562 2602">
     <span class='ocr_line' id='line_1_57' title="bbox 2219 2525 3562 2602; baseline -0.005 -16"><span class='ocrx_word' id='word_1_416' title='bbox 2219 2529 2443 2596; x_wconf 87' lang='lat' dir='ltr'>sobole,</span> <span class='ocrx_word' id='word_1_417' title='bbox 2478 2529 2717 2602; x_wconf 88' lang='lat' dir='ltr'>quidam</span> <span class='ocrx_word' id='word_1_418' title='bbox 2752 2527 2866 2583; x_wconf 88' lang='lat' dir='ltr'>tale</span> <span class='ocrx_word' id='word_1_419' title='bbox 2891 2527 3209 2583; x_wconf 89' lang='lat' dir='ltr'>distichum</span> <span class='ocrx_word' id='word_1_420' title='bbox 3237 2525 3562 2599; x_wconf 89' lang='lat' dir='ltr'>prompsit:</span> 
     </span>
    </p>
   </div>
   <div class='ocr_carea' id='block_1_58' title="bbox 2273 2631 3713 2697">
    <p class='ocr_par' dir='ltr' id='par_1_58' title="bbox 2273 2631 3713 2697">
     <span class='ocr_line' id='line_1_58' title="bbox 2273 2631 3713 2697; baseline -0.003 -13"><span class='ocrx_word' id='word_1_421' title='bbox 2273 2636 2492 2697; x_wconf 87' lang='lat' dir='ltr'>Semper</span> <span class='ocrx_word' id='word_1_422' title='bbox 2519 2649 2714 2684; x_wconf 84' lang='lat' dir='ltr'>avarus</span> <span class='ocrx_word' id='word_1_423' title='bbox 2743 2636 2877 2695; x_wconf 82' lang='lat' dir='ltr'>eget,</span> <span class='ocrx_word' id='word_1_424' title='bbox 2909 2633 2984 2682; x_wconf 87' lang='lat' dir='ltr'>nil</span> <span class='ocrx_word' id='word_1_425' title='bbox 3017 2632 3552 2697; x_wconf 10' lang='lat' dir='ltr'>namquegscelestius</span> <span class='ocrx_word' id='word_1_426' title='bbox 3580 2631 3674 2681; x_wconf 92' lang='lat' dir='ltr'>illo</span> <span class='ocrx_word' id='word_1_427' title='bbox 3699 2646 3713 2692; x_wconf 89' lang='lat'>;</span> 
     </span>
    </p>
   </div>
   <div class='ocr_carea' id='block_1_59' title="bbox 2276 2695 3683 2760">
    <p class='ocr_par' dir='ltr' id='par_1_59' title="bbox 2276 2695 3683 2760">
     <span class='ocr_line' id='line_1_59' title="bbox 2276 2695 3683 2760; baseline -0.004 -12"><span class='ocrx_word' id='word_1_428' title='bbox 2276 2695 2499 2760; x_wconf 79' lang='lat' dir='ltr'>Semper</span> <span class='ocrx_word' id='word_1_429' title='bbox 2529 2711 2721 2747; x_wconf 86' lang='lat' dir='ltr'>avarus</span> <span class='ocrx_word' id='word_1_430' title='bbox 2753 2701 2893 2745; x_wconf 88' lang='lat' dir='ltr'>amat</span> <span class='ocrx_word' id='word_1_431' title='bbox 2923 2695 3218 2754; x_wconf 86' lang='lat' dir='ltr'>mendacia,</span> <span class='ocrx_word' id='word_1_432' title='bbox 3249 2695 3410 2756; x_wconf 82' lang='lat' dir='ltr'>furta,</span> <span class='ocrx_word' id='word_1_433' title='bbox 3441 2695 3683 2758; x_wconf 78' lang='lat' dir='ltr'>rapinas.</span> 
     </span>
    </p>
   </div>
   <div class='ocr_carea' id='block_1_60' title="bbox 2211 2791 3864 2866">
    <p class='ocr_par' dir='ltr' id='par_1_60' title="bbox 2211 2791 3864 2866">
     <span class='ocr_line' id='line_1_60' title="bbox 2211 2791 3864 2866; baseline -0.002 -16"><span class='ocrx_word' id='word_1_434' title='bbox 2211 2795 2317 2860; x_wconf 93' lang='lat' dir='ltr'>Qui</span> <span class='ocrx_word' id='word_1_435' title='bbox 2350 2799 2573 2850; x_wconf 89' lang='lat' dir='ltr'>tantam</span> <span class='ocrx_word' id='word_1_436' title='bbox 2605 2797 2921 2866; x_wconf 89' lang='lat' dir='ltr'>egestatem</span> <span class='ocrx_word' id='word_1_437' title='bbox 2943 2797 3001 2848; x_wconf 92' lang='lat' dir='ltr'>et</span> <span class='ocrx_word' id='word_1_438' title='bbox 3025 2791 3323 2847; x_wconf 89' lang='lat' dir='ltr'>miseriam</span> <span class='ocrx_word' id='word_1_439' title='bbox 3347 2791 3563 2848; x_wconf 92' lang='lat' dir='ltr'>idcirco</span> <span class='ocrx_word' id='word_1_440' title='bbox 3595 2791 3864 2856; x_wconf 85' lang='lat' dir='ltr'>incurrit,</span> 
     </span>
    </p>
   </div>
   <div class='ocr_carea' id='block_1_61' title="bbox 2210 2880 3865 2956">
    <p class='ocr_par' dir='ltr' id='par_1_61' title="bbox 2210 2880 3865 2956">
     <span class='ocr_line' id='line_1_61' title="bbox 2210 2880 3865 2956; baseline -0.001 -18"><span class='ocrx_word' id='word_1_441' title='bbox 2210 2885 2350 2956; x_wconf 91' lang='lat' dir='ltr'>quia</span> <span class='ocrx_word' id='word_1_442' title='bbox 2372 2883 2683 2938; x_wconf 87' lang='lat' dir='ltr'>inﬁdeliter</span> <span class='ocrx_word' id='word_1_443' title='bbox 2711 2898 2922 2954; x_wconf 90' lang='lat' dir='ltr'>panem</span> <span class='ocrx_word' id='word_1_444' title='bbox 2954 2886 3185 2951; x_wconf 88' lang='lat' dir='ltr'>petens,</span> <span class='ocrx_word' id='word_1_445' title='bbox 3230 2880 3485 2953; x_wconf 90' lang='lat' dir='ltr'>lapidem</span> <span class='ocrx_word' id='word_1_446' title='bbox 3521 2881 3865 2953; x_wconf 87' lang='lat' dir='ltr'>promeruit.</span> 
     </span>
    </p>
   </div>
   <div class='ocr_carea' id='block_1_62' title="bbox 2209 2969 3866 3044">
    <p class='ocr_par' dir='ltr' id='par_1_62' title="bbox 2209 2969 3866 3044">
     <span class='ocr_line' id='line_1_62' title="bbox 2209 2969 3866 3044; baseline -0.002 -16"><span class='ocrx_word' id='word_1_447' title='bbox 2209 2973 2372 3028; x_wconf 90' lang='lat' dir='ltr'>Unde</span> <span class='ocrx_word' id='word_1_448' title='bbox 2410 2972 2640 3044; x_wconf 92' lang='lat' dir='ltr'>prodito</span> <span class='ocrx_word' id='word_1_449' title='bbox 2671 2971 2843 3026; x_wconf 93' lang='lat' dir='ltr'>corde</span> <span class='ocrx_word' id='word_1_450' title='bbox 2890 2987 3122 3035; x_wconf 89' lang='lat' dir='ltr'>carneo,</span> <span class='ocrx_word' id='word_1_451' title='bbox 3180 2969 3240 3024; x_wconf 91' lang='lat' dir='ltr'>in</span> <span class='ocrx_word' id='word_1_452' title='bbox 3303 2986 3417 3042; x_wconf 90' lang='lat' dir='ltr'>quo</span> <span class='ocrx_word' id='word_1_453' title='bbox 3475 2970 3866 3041; x_wconf 83' lang='lat' dir='ltr'>requiesceret</span> 
     </span>
    </p>
   </div>
   <div class='ocr_carea' id='block_1_63' title="bbox 2210 3057 3864 3133">
    <p class='ocr_par' dir='ltr' id='par_1_63' title="bbox 2210 3057 3864 3133">
     <span class='ocr_line' id='line_1_63' title="bbox 2210 3057 3864 3133; baseline -0.001 -17"><span class='ocrx_word' id='word_1_454' title='bbox 2210 3061 2456 3133; x_wconf 86' lang='lat' dir='ltr'>spiritus</span> <span class='ocrx_word' id='word_1_455' title='bbox 2487 3060 2724 3132; x_wconf 90' lang='lat' dir='ltr'>pietatis</span> <span class='ocrx_word' id='word_1_456' title='bbox 2748 3064 2806 3115; x_wconf 90' lang='lat' dir='ltr'>et</span> <span class='ocrx_word' id='word_1_457' title='bbox 2839 3058 3277 3125; x_wconf 76' lang='lat' dir='ltr'>misericordiae,</span> <span class='ocrx_word' id='word_1_458' title='bbox 3310 3058 3532 3114; x_wconf 86' lang='lat' dir='ltr'>invenit</span> <span class='ocrx_word' id='word_1_459' title='bbox 3570 3057 3864 3131; x_wconf 88' lang='lat' dir='ltr'>lapideum</span> 
     </span>
    </p>
   </div>
   <div class='ocr_carea' id='block_1_64' title="bbox 2208 3146 3862 3206">
    <p class='ocr_par' dir='ltr' id='par_1_64' title="bbox 2208 3146 3862 3206">
     <span class='ocr_line' id='line_1_64' title="bbox 2208 3146 3862 3206; baseline -0.001 -1"><span class='ocrx_word' id='word_1_460' title='bbox 2208 3154 2408 3206; x_wconf 89' lang='lat' dir='ltr'>contra</span> <span class='ocrx_word' id='word_1_461' title='bbox 2465 3149 2662 3205; x_wconf 89' lang='lat' dir='ltr'>omnia</span> <span class='ocrx_word' id='word_1_462' title='bbox 2720 3148 3021 3204; x_wconf 87' lang='lat' dir='ltr'>charitatis</span> <span class='ocrx_word' id='word_1_463' title='bbox 3078 3147 3275 3203; x_wconf 79' lang='lat' dir='ltr'>ofﬁcia</span> <span class='ocrx_word' id='word_1_464' title='bbox 3329 3146 3417 3203; x_wconf 89' lang='lat' dir='ltr'>vel</span> <span class='ocrx_word' id='word_1_465' title='bbox 3475 3147 3862 3204; x_wconf 77' lang='lat' dir='ltr'>humanitatis</span> 
     </span>
    </p>
   </div>
   <div class='ocr_carea' id='block_1_65' title="bbox 446 3225 3862 3311">
    <p class='ocr_par' dir='ltr' id='par_1_65' title="bbox 446 3225 3862 3311">
     <span class='ocr_line' id='line_1_65' title="bbox 446 3225 3862 3311; baseline -0.001 -18"><span class='ocrx_word' id='word_1_466' title='bbox 446 3241 912 3311; x_wconf 89' lang='lat' dir='ltr'>putatur,petant</span> <span class='ocrx_word' id='word_1_467' title='bbox 927 3237 1336 3309; x_wconf 90' lang='lat' dir='ltr'>panem,datur</span> <span class='ocrx_word' id='word_1_468' title='bbox 1354 3234 2086 3306; x_wconf 88' lang='lat' dir='ltr'>tamenlapsis;sipiscem,</span> <span class='ocrx_word' id='word_1_469' title='bbox 2122 3225 2164 3290; x_wconf 89' lang='lat' dir='ltr'>C</span> <span class='ocrx_word' id='word_1_470' title='bbox 2200 3237 2621 3294; x_wconf 87' lang='lat' dir='ltr'>insensibiliter</span> <span class='ocrx_word' id='word_1_471' title='bbox 2639 3237 3015 3292; x_wconf 89' lang='lat' dir='ltr'>obduratum.</span> <span class='ocrx_word' id='word_1_472' title='bbox 3061 3236 3225 3302; x_wconf 88' lang='lat' dir='ltr'>Quod</span> <span class='ocrx_word' id='word_1_473' title='bbox 3253 3235 3524 3291; x_wconf 89' lang='lat' dir='ltr'>videlicet</span> <span class='ocrx_word' id='word_1_474' title='bbox 3553 3253 3658 3292; x_wconf 90' lang='lat' dir='ltr'>cor</span> <span class='ocrx_word' id='word_1_475' title='bbox 3675 3236 3862 3293; x_wconf 81' lang='lat' dir='ltr'>Domi-</span> 
     </span>
    </p>
   </div>
   <div class='ocr_carea' id='block_1_66' title="bbox 447 3324 2084 3399">
    <p class='ocr_par' dir='ltr' id='par_1_66' title="bbox 447 3324 2084 3399">
     <span class='ocr_line' id='line_1_66' title="bbox 447 3324 2084 3399; baseline -0.004 -17"><span class='ocrx_word' id='word_1_476' title='bbox 447 3343 722 3399; x_wconf 90' lang='lat' dir='ltr'>serpens;</span> <span class='ocrx_word' id='word_1_477' title='bbox 771 3327 818 3381; x_wconf 87' lang='lat' dir='ltr'>si</span> <span class='ocrx_word' id='word_1_478' title='bbox 873 3343 1065 3391; x_wconf 88' lang='lat' dir='ltr'>ovum,</span> <span class='ocrx_word' id='word_1_479' title='bbox 1119 3326 1384 3396; x_wconf 88' lang='lat' dir='ltr'>scorpius</span> <span class='ocrx_word' id='word_1_480' title='bbox 1443 3326 1650 3395; x_wconf 69' lang='lat' dir='ltr'>(.llutth.</span> <span class='ocrx_word' id='word_1_481' title='bbox 1711 3341 1808 3389; x_wconf 84' lang='lat' dir='ltr'>vn,</span> <span class='ocrx_word' id='word_1_482' title='bbox 1841 3325 1895 3388; x_wconf 80' lang='lat'>9,</span> <span class='ocrx_word' id='word_1_483' title='bbox 1957 3324 2084 3391; x_wconf 81' lang='lat'>10);</span> 
     </span>
    </p>
   </div>
   <div class='ocr_carea' id='block_1_67' title="bbox 441 3410 2085 3484">
    <p class='ocr_par' dir='ltr' id='par_1_67' title="bbox 441 3410 2085 3484">
     <span class='ocr_line' id='line_1_67' title="bbox 441 3410 2085 3484; baseline -0.002 -16"><span class='ocrx_word' id='word_1_484' title='bbox 441 3415 578 3484; x_wconf 88' lang='lat' dir='ltr'>quia</span> <span class='ocrx_word' id='word_1_485' title='bbox 608 3419 671 3468; x_wconf 92' lang='lat' dir='ltr'>ut</span> <span class='ocrx_word' id='word_1_486' title='bbox 701 3414 1015 3469; x_wconf 88' lang='lat' dir='ltr'>Psalmista</span> <span class='ocrx_word' id='word_1_487' title='bbox 1045 3413 1378 3484; x_wconf 75' lang='lat' dir='ltr'>prophetica</span> <span class='ocrx_word' id='word_1_488' title='bbox 1403 3413 1776 3484; x_wconf 86' lang='lat' dir='ltr'>imprecatur,</span> <span class='ocrx_word' id='word_1_489' title='bbox 1820 3412 1920 3466; x_wconf 86' lang='lat' dir='ltr'>dat</span> <span class='ocrx_word' id='word_1_490' title='bbox 1967 3410 2085 3465; x_wconf 90' lang='lat' dir='ltr'>illis</span> 
     </span>
    </p>
   </div>
   <div class='ocr_carea' id='block_1_68' title="bbox 443 3500 2084 3572">
    <p class='ocr_par' dir='ltr' id='par_1_68' title="bbox 443 3500 2084 3572">
     <span class='ocr_line' id='line_1_68' title="bbox 443 3500 2084 3572; baseline -0.002 -16"><span class='ocrx_word' id='word_1_491' title='bbox 443 3502 731 3557; x_wconf 90' lang='lat' dir='ltr'>Dominus</span> <span class='ocrx_word' id='word_1_492' title='bbox 761 3501 1085 3556; x_wconf 89' lang='lat' dir='ltr'>secundum</span> <span class='ocrx_word' id='word_1_493' title='bbox 1112 3517 1287 3570; x_wconf 91' lang='lat' dir='ltr'>opera</span> <span class='ocrx_word' id='word_1_494' title='bbox 1329 3500 1614 3572; x_wconf 90' lang='lat' dir='ltr'>ipsorum,</span> <span class='ocrx_word' id='word_1_495' title='bbox 1648 3506 1705 3556; x_wconf 92' lang='lat' dir='ltr'>et</span> <span class='ocrx_word' id='word_1_496' title='bbox 1758 3501 2084 3555; x_wconf 89' lang='lat' dir='ltr'>secundum</span> 
     </span>
    </p>
   </div>
   <div class='ocr_carea' id='block_1_69' title="bbox 441 3588 2087 3660">
    <p class='ocr_par' dir='ltr' id='par_1_69' title="bbox 441 3588 2087 3660">
     <span class='ocr_line' id='line_1_69' title="bbox 441 3588 2087 3660; baseline -0.001 -16"><span class='ocrx_word' id='word_1_497' title='bbox 441 3588 762 3660; x_wconf 80' lang='lat' dir='ltr'>nequitiam</span> <span class='ocrx_word' id='word_1_498' title='bbox 781 3588 1258 3643; x_wconf 90' lang='lat' dir='ltr'>adinventionum</span> <span class='ocrx_word' id='word_1_499' title='bbox 1279 3588 1538 3658; x_wconf 88' lang='lat' dir='ltr'>ipsorum</span> <span class='ocrx_word' id='word_1_500' title='bbox 1559 3589 1878 3642; x_wconf 90' lang='lat' dir='ltr'>secundum</span> <span class='ocrx_word' id='word_1_501' title='bbox 1911 3605 2087 3659; x_wconf 88' lang='lat' dir='ltr'>opera</span> 
     </span>
    </p>
   </div>
   <div class='ocr_carea' id='block_1_70' title="bbox 442 3675 2080 3740">
    <p class='ocr_par' dir='ltr' id='par_1_70' title="bbox 442 3675 2080 3740">
     <span class='ocr_line' id='line_1_70' title="bbox 442 3675 2080 3740; baseline 0 -8"><span class='ocrx_word' id='word_1_502' title='bbox 442 3694 722 3733; x_wconf 88' lang='lat' dir='ltr'>manuum</span> <span class='ocrx_word' id='word_1_503' title='bbox 755 3693 956 3733; x_wconf 88' lang='lat' dir='ltr'>eorum</span> <span class='ocrx_word' id='word_1_504' title='bbox 990 3675 1350 3740; x_wconf 90' lang='lat' dir='ltr'>tribuitillis,</span> <span class='ocrx_word' id='word_1_505' title='bbox 1398 3676 1588 3730; x_wconf 82' lang='lat' dir='ltr'>reddit</span> <span class='ocrx_word' id='word_1_506' title='bbox 1644 3675 2080 3732; x_wconf 83' lang='lat' dir='ltr'>retributionem</span> 
     </span>
    </p>
   </div>
   <div class='ocr_carea' id='block_1_71' title="bbox 438 3763 2085 3838">
    <p class='ocr_par' dir='ltr' id='par_1_71' title="bbox 438 3763 2085 3838">
     <span class='ocr_line' id='line_1_71' title="bbox 438 3763 2085 3838; baseline -0.002 -16"><span class='ocrx_word' id='word_1_507' title='bbox 438 3782 640 3822; x_wconf 89' lang='lat' dir='ltr'>eorum</span> <span class='ocrx_word' id='word_1_508' title='bbox 665 3766 829 3838; x_wconf 91' lang='lat' dir='ltr'>ipsis.</span> <span class='ocrx_word' id='word_1_509' title='bbox 866 3765 1149 3833; x_wconf 84' lang='lat' dir='ltr'>Quoniam</span> <span class='ocrx_word' id='word_1_510' title='bbox 1182 3782 1295 3820; x_wconf 91' lang='lat' dir='ltr'>non</span> <span class='ocrx_word' id='word_1_511' title='bbox 1329 3763 1744 3820; x_wconf 83' lang='lat' dir='ltr'>intellexerunt</span> <span class='ocrx_word' id='word_1_512' title='bbox 1774 3781 1947 3836; x_wconf 87' lang='lat' dir='ltr'>opera</span> <span class='ocrx_word' id='word_1_513' title='bbox 1977 3765 2085 3819; x_wconf 94' lang='lat' dir='ltr'>Do-</span> 
     </span>
    </p>
   </div>
   <div class='ocr_carea' id='block_1_72' title="bbox 439 3853 2100 3928">
    <p class='ocr_par' dir='ltr' id='par_1_72' title="bbox 439 3853 2100 3928">
     <span class='ocr_line' id='line_1_72' title="bbox 439 3853 2100 3928; baseline -0.001 -18"><span class='ocrx_word' id='word_1_514' title='bbox 439 3855 605 3922; x_wconf 89' lang='lat' dir='ltr'>mini,</span> <span class='ocrx_word' id='word_1_515' title='bbox 637 3860 694 3911; x_wconf 93' lang='lat' dir='ltr'>et</span> <span class='ocrx_word' id='word_1_516' title='bbox 722 3856 782 3911; x_wconf 88' lang='lat' dir='ltr'>in</span> <span class='ocrx_word' id='word_1_517' title='bbox 813 3871 988 3928; x_wconf 90' lang='lat' dir='ltr'>opera</span> <span class='ocrx_word' id='word_1_518' title='bbox 1019 3871 1298 3910; x_wconf 91' lang='lat' dir='ltr'>manuum</span> <span class='ocrx_word' id='word_1_519' title='bbox 1355 3870 1555 3909; x_wconf 90' lang='lat' dir='ltr'>eorum</span> <span class='ocrx_word' id='word_1_520' title='bbox 1615 3855 1880 3909; x_wconf 90' lang='lat' dir='ltr'>destrues</span> <span class='ocrx_word' id='word_1_521' title='bbox 1929 3853 2100 3921; x_wconf 80' lang='lat' dir='ltr'>illos,’</span> 
     </span>
    </p>
   </div>
   <div class='ocr_carea' id='block_1_73' title="bbox 441 3942 2084 4016">
    <p class='ocr_par' dir='ltr' id='par_1_73' title="bbox 441 3942 2084 4016">
     <span class='ocr_line' id='line_1_73' title="bbox 441 3942 2084 4016; baseline -0.001 -16"><span class='ocrx_word' id='word_1_522' title='bbox 441 3950 497 4000; x_wconf 92' lang='lat' dir='ltr'>et</span> <span class='ocrx_word' id='word_1_523' title='bbox 530 3961 644 4000; x_wconf 91' lang='lat' dir='ltr'>non</span> <span class='ocrx_word' id='word_1_524' title='bbox 676 3944 991 4000; x_wconf 69' lang='lat' dir='ltr'>aadiﬁcabis</span> <span class='ocrx_word' id='word_1_525' title='bbox 1014 3961 1112 4000; x_wconf 93' lang='lat' dir='ltr'>eos</span> <span class='ocrx_word' id='word_1_526' title='bbox 1143 3945 1312 4016; x_wconf 77' lang='lat' dir='ltr'>(Psal.</span> <span class='ocrx_word' id='word_1_527' title='bbox 1361 3960 1536 4013; x_wconf 84' lang='lat' dir='ltr'>xxvu,</span> <span class='ocrx_word' id='word_1_528' title='bbox 1578 3944 1631 4014; x_wconf 82' lang='grc'>4,</span> <span class='ocrx_word' id='word_1_529' title='bbox 1661 3944 1737 4014; x_wconf 91' lang='lat'>5).</span> <span class='ocrx_word' id='word_1_530' title='bbox 1795 3942 1907 3998; x_wconf 91' lang='lat' dir='ltr'>Nec</span> <span class='ocrx_word' id='word_1_531' title='bbox 1967 3944 2084 3998; x_wconf 83' lang='lat' dir='ltr'>mi-</span> 
     </span>
    </p>
   </div>
   <div class='ocr_carea' id='block_1_74' title="bbox 437 4032 2081 4104">
    <p class='ocr_par' dir='ltr' id='par_1_74' title="bbox 437 4032 2081 4104">
     <span class='ocr_line' id='line_1_74' title="bbox 437 4032 2081 4104; baseline 0.001 -18"><span class='ocrx_word' id='word_1_532' title='bbox 437 4049 600 4099; x_wconf 88' lang='lat' dir='ltr'>rum;</span> <span class='ocrx_word' id='word_1_533' title='bbox 633 4048 822 4104; x_wconf 90' lang='lat' dir='ltr'>neque</span> <span class='ocrx_word' id='word_1_534' title='bbox 851 4033 1007 4088; x_wconf 90' lang='lat' dir='ltr'>enim</span> <span class='ocrx_word' id='word_1_535' title='bbox 1039 4033 1330 4088; x_wconf 79' lang='lat' dir='ltr'>cmlestem</span> <span class='ocrx_word' id='word_1_536' title='bbox 1377 4033 1604 4088; x_wconf 88' lang='lat' dir='ltr'>Patrem</span> <span class='ocrx_word' id='word_1_537' title='bbox 1665 4035 1868 4104; x_wconf 88' lang='lat' dir='ltr'>petunt</span> <span class='ocrx_word' id='word_1_538' title='bbox 1925 4032 2081 4103; x_wconf 92' lang='lat' dir='ltr'>quod</span> 
     </span>
    </p>
   </div>
   <div class='ocr_carea' id='block_1_75' title="bbox 431 4119 2078 4192">
    <p class='ocr_par' dir='ltr' id='par_1_75' title="bbox 431 4119 2078 4192">
     <span class='ocr_line' id='line_1_75' title="bbox 431 4119 2078 4192; baseline 0.001 -18"><span class='ocrx_word' id='word_1_539' title='bbox 431 4125 521 4176; x_wconf 91' lang='lat' dir='ltr'>est</span> <span class='ocrx_word' id='word_1_540' title='bbox 551 4119 797 4185; x_wconf 77' lang='lat' dir='ltr'>cmleste,</span> <span class='ocrx_word' id='word_1_541' title='bbox 831 4124 887 4175; x_wconf 90' lang='lat' dir='ltr'>et</span> <span class='ocrx_word' id='word_1_542' title='bbox 916 4120 1044 4175; x_wconf 93' lang='lat' dir='ltr'>ideo</span> <span class='ocrx_word' id='word_1_543' title='bbox 1080 4120 1223 4174; x_wconf 90' lang='lat' dir='ltr'>nihil</span> <span class='ocrx_word' id='word_1_544' title='bbox 1256 4123 1326 4177; x_wconf 89' lang='lat' dir='ltr'>ab</span> <span class='ocrx_word' id='word_1_545' title='bbox 1358 4138 1423 4176; x_wconf 91' lang='lat' dir='ltr'>eo</span> <span class='ocrx_word' id='word_1_546' title='bbox 1481 4125 1921 4192; x_wconf 90' lang='lat' dir='ltr'>consequuntur</span> <span class='ocrx_word' id='word_1_547' title='bbox 1967 4137 2078 4176; x_wconf 79' lang='lat' dir='ltr'>cce-</span> 
     </span>
    </p>
   </div>
   <div class='ocr_carea' id='block_1_76' title="bbox 429 4206 2076 4280">
    <p class='ocr_par' dir='ltr' id='par_1_76' title="bbox 429 4206 2076 4280">
     <span class='ocr_line' id='line_1_76' title="bbox 429 4206 2076 4280; baseline 0.001 -18"><span class='ocrx_word' id='word_1_548' title='bbox 429 4206 593 4277; x_wconf 90' lang='lat' dir='ltr'>]este,</span> <span class='ocrx_word' id='word_1_549' title='bbox 618 4209 897 4278; x_wconf 88' lang='lat' dir='ltr'>sedjusto</span> <span class='ocrx_word' id='word_1_550' title='bbox 924 4208 1109 4280; x_wconf 89' lang='lat' dir='ltr'>ipsius</span> <span class='ocrx_word' id='word_1_551' title='bbox 1141 4209 1240 4264; x_wconf 90' lang='lat' dir='ltr'>Dei</span> <span class='ocrx_word' id='word_1_552' title='bbox 1272 4210 1460 4264; x_wconf 88' lang='lat' dir='ltr'>Patris</span> <span class='ocrx_word' id='word_1_553' title='bbox 1493 4210 1784 4280; x_wconf 91' lang='lat' dir='ltr'>permissu</span> <span class='ocrx_word' id='word_1_554' title='bbox 1833 4215 1890 4265; x_wconf 91' lang='lat' dir='ltr'>et</span> <span class='ocrx_word' id='word_1_555' title='bbox 1913 4209 2076 4280; x_wconf 85' lang='lat' dir='ltr'>judi-</span> 
     </span>
    </p>
   </div>
   <div class='ocr_carea' id='block_1_77' title="bbox 427 4296 2072 4370">
    <p class='ocr_par' dir='ltr' id='par_1_77' title="bbox 427 4296 2072 4370">
     <span class='ocr_line' id='line_1_77' title="bbox 427 4296 2072 4370; baseline 0 -17"><span class='ocrx_word' id='word_1_556' title='bbox 427 4297 516 4353; x_wconf 92' lang='lat' dir='ltr'>cio</span> <span class='ocrx_word' id='word_1_557' title='bbox 547 4297 842 4370; x_wconf 89' lang='lat' dir='ltr'>accipiunt</span> <span class='ocrx_word' id='word_1_558' title='bbox 880 4315 914 4352; x_wconf 90' lang='lat' dir='ltr'>a</span> <span class='ocrx_word' id='word_1_559' title='bbox 945 4296 1198 4364; x_wconf 89' lang='lat' dir='ltr'>diabolo,</span> <span class='ocrx_word' id='word_1_560' title='bbox 1233 4314 1334 4353; x_wconf 91' lang='lat' dir='ltr'>seu</span> <span class='ocrx_word' id='word_1_561' title='bbox 1368 4297 1470 4352; x_wconf 90' lang='lat' dir='ltr'>ﬁlii</span> <span class='ocrx_word' id='word_1_562' title='bbox 1493 4297 1630 4352; x_wconf 92' lang='lat' dir='ltr'>mali</span> <span class='ocrx_word' id='word_1_563' title='bbox 1653 4315 1686 4352; x_wconf 89' lang='lat' dir='ltr'>a</span> <span class='ocrx_word' id='word_1_564' title='bbox 1716 4303 1879 4370; x_wconf 90' lang='lat' dir='ltr'>patre</span> <span class='ocrx_word' id='word_1_565' title='bbox 1936 4315 2072 4370; x_wconf 89' lang='lat' dir='ltr'>pes-</span> 
     </span>
    </p>
   </div>
   <div class='ocr_carea' id='block_1_78' title="bbox 428 4385 2074 4459">
    <p class='ocr_par' dir='ltr' id='par_1_78' title="bbox 428 4385 2074 4459">
     <span class='ocr_line' id='line_1_78' title="bbox 428 4385 2074 4459; baseline 0 -17"><span class='ocrx_word' id='word_1_566' title='bbox 428 4387 601 4453; x_wconf 87' lang='lat' dir='ltr'>simo,</span> <span class='ocrx_word' id='word_1_567' title='bbox 634 4403 736 4458; x_wconf 92' lang='lat' dir='ltr'>pro</span> <span class='ocrx_word' id='word_1_568' title='bbox 767 4403 916 4459; x_wconf 91' lang='lat' dir='ltr'>pane</span> <span class='ocrx_word' id='word_1_569' title='bbox 942 4385 1245 4441; x_wconf 88' lang='lat' dir='ltr'>charitatis</span> <span class='ocrx_word' id='word_1_570' title='bbox 1268 4385 1352 4441; x_wconf 89' lang='lat' dir='ltr'>vel</span> <span class='ocrx_word' id='word_1_571' title='bbox 1389 4387 1762 4453; x_wconf 89' lang='lat' dir='ltr'>sacramenti,</span> <span class='ocrx_word' id='word_1_572' title='bbox 1818 4388 2074 4443; x_wconf 89' lang='lat' dir='ltr'>obdura-</span> 
     </span>
    </p>
   </div>
   <div class='ocr_carea' id='block_1_79' title="bbox 426 4474 2071 4547">
    <p class='ocr_par' dir='ltr' id='par_1_79' title="bbox 426 4474 2071 4547">
     <span class='ocr_line' id='line_1_79' title="bbox 426 4474 2071 4547; baseline 0 -17"><span class='ocrx_word' id='word_1_573' title='bbox 426 4475 604 4531; x_wconf 88' lang='lat' dir='ltr'>tionis</span> <span class='ocrx_word' id='word_1_574' title='bbox 635 4475 912 4546; x_wconf 92' lang='lat' dir='ltr'>lapidem,</span> <span class='ocrx_word' id='word_1_575' title='bbox 944 4491 1047 4546; x_wconf 92' lang='lat' dir='ltr'>pro</span> <span class='ocrx_word' id='word_1_576' title='bbox 1079 4475 1256 4546; x_wconf 90' lang='lat' dir='ltr'>pisce,</span> <span class='ocrx_word' id='word_1_577' title='bbox 1277 4474 1682 4545; x_wconf 76' lang='lat' dir='ltr'>ﬁdeiperﬁdize</span> <span class='ocrx_word' id='word_1_578' title='bbox 1713 4482 2071 4547; x_wconf 89' lang='lat' dir='ltr'>serpentem,</span> 
     </span>
    </p>
   </div>
   <div class='ocr_carea' id='block_1_80' title="bbox 431 4563 2151 4651">
    <p class='ocr_par' dir='ltr' id='par_1_80' title="bbox 431 4563 2151 4651">
     <span class='ocr_line' id='line_1_80' title="bbox 431 4563 2151 4651; baseline -0.001 -31"><span class='ocrx_word' id='word_1_579' title='bbox 431 4581 534 4636; x_wconf 91' lang='lat' dir='ltr'>pro</span> <span class='ocrx_word' id='word_1_580' title='bbox 566 4581 670 4619; x_wconf 89' lang='lat' dir='ltr'>ovo</span> <span class='ocrx_word' id='word_1_581' title='bbox 693 4565 816 4636; x_wconf 90' lang='lat' dir='ltr'>spei</span> <span class='ocrx_word' id='word_1_582' title='bbox 847 4563 1267 4636; x_wconf 88' lang='lat' dir='ltr'>desperationis</span> <span class='ocrx_word' id='word_1_583' title='bbox 1299 4563 1686 4635; x_wconf 89' lang='lat' dir='ltr'>scorpionem.</span> <span class='ocrx_word' id='word_1_584' title='bbox 1729 4563 1874 4619; x_wconf 87' lang='lat' dir='ltr'>Nam</span> <span class='ocrx_word' id='word_1_585' title='bbox 1923 4563 2069 4620; x_wconf 88' lang='lat' dir='ltr'>nihil</span> <span class='ocrx_word' id='word_1_586' title='bbox 2103 4586 2151 4651; x_wconf 70' lang='grc' dir='ltr'>Β</span> 
     </span>
    </p>
   </div>
   <div class='ocr_carea' id='block_1_81' title="bbox 431 4651 2072 4725">
    <p class='ocr_par' dir='ltr' id='par_1_81' title="bbox 431 4651 2072 4725">
     <span class='ocr_line' id='line_1_81' title="bbox 431 4651 2072 4725; baseline 0 -17"><span class='ocrx_word' id='word_1_587' title='bbox 431 4653 694 4708; x_wconf 90' lang='lat' dir='ltr'>beneﬁcii</span> <span class='ocrx_word' id='word_1_588' title='bbox 727 4653 976 4708; x_wconf 80' lang='lat' dir='ltr'>cmlestis</span> <span class='ocrx_word' id='word_1_589' title='bbox 1004 4651 1298 4724; x_wconf 88' lang='lat' dir='ltr'>malignus</span> <span class='ocrx_word' id='word_1_590' title='bbox 1329 4652 1422 4708; x_wconf 92' lang='lat' dir='ltr'>hic</span> <span class='ocrx_word' id='word_1_591' title='bbox 1453 4657 1618 4725; x_wconf 91' lang='lat' dir='ltr'>pater</span> <span class='ocrx_word' id='word_1_592' title='bbox 1638 4652 1762 4708; x_wconf 91' lang='lat' dir='ltr'>suis</span> <span class='ocrx_word' id='word_1_593' title='bbox 1794 4653 1930 4708; x_wconf 92' lang='lat' dir='ltr'>ﬁliis</span> <span class='ocrx_word' id='word_1_594' title='bbox 1974 4671 2072 4708; x_wconf 87' lang='lat' dir='ltr'>va-</span> 
     </span>
    </p>
   </div>
   <div class='ocr_carea' id='block_1_82' title="bbox 431 4739 2070 4813">
    <p class='ocr_par' dir='ltr' id='par_1_82' title="bbox 431 4739 2070 4813">
     <span class='ocr_line' id='line_1_82' title="bbox 431 4739 2070 4813; baseline 0.001 -19"><span class='ocrx_word' id='word_1_595' title='bbox 431 4739 511 4796; x_wconf 87' lang='lat' dir='ltr'>let</span> <span class='ocrx_word' id='word_1_596' title='bbox 541 4741 819 4805; x_wconf 81' lang='lat' dir='ltr'>cont‘erre,</span> <span class='ocrx_word' id='word_1_597' title='bbox 866 4758 1000 4796; x_wconf 91' lang='lat' dir='ltr'>cum</span> <span class='ocrx_word' id='word_1_598' title='bbox 1049 4741 1312 4796; x_wconf 89' lang='lat' dir='ltr'>carnales</span> <span class='ocrx_word' id='word_1_599' title='bbox 1369 4747 1564 4812; x_wconf 89' lang='lat' dir='ltr'>patres</span> <span class='ocrx_word' id='word_1_600' title='bbox 1618 4741 1889 4813; x_wconf 89' lang='lat' dir='ltr'>quamvis</span> <span class='ocrx_word' id='word_1_601' title='bbox 1931 4741 2070 4797; x_wconf 89' lang='lat' dir='ltr'>mali</span> 
     </span>
    </p>
   </div>
   <div class='ocr_carea' id='block_1_83' title="bbox 430 4829 2069 4902">
    <p class='ocr_par' dir='ltr' id='par_1_83' title="bbox 430 4829 2069 4902">
     <span class='ocr_line' id='line_1_83' title="bbox 430 4829 2069 4902; baseline 0.002 -20"><span class='ocrx_word' id='word_1_602' title='bbox 430 4833 720 4895; x_wconf 90' lang='lat' dir='ltr'>recusent,</span> <span class='ocrx_word' id='word_1_603' title='bbox 755 4829 866 4884; x_wconf 89' lang='lat' dir='ltr'>nisi</span> <span class='ocrx_word' id='word_1_604' title='bbox 897 4832 1049 4883; x_wconf 89' lang='lat' dir='ltr'>bona</span> <span class='ocrx_word' id='word_1_605' title='bbox 1078 4830 1232 4895; x_wconf 89' lang='lat' dir='ltr'>data,</span> <span class='ocrx_word' id='word_1_606' title='bbox 1266 4835 1549 4902; x_wconf 88' lang='lat' dir='ltr'>quantum</span> <span class='ocrx_word' id='word_1_607' title='bbox 1610 4831 1682 4884; x_wconf 89' lang='lat' dir='ltr'>ad</span> <span class='ocrx_word' id='word_1_608' title='bbox 1736 4829 1845 4885; x_wconf 93' lang='lat' dir='ltr'>hoc</span> <span class='ocrx_word' id='word_1_609' title='bbox 1891 4847 2069 4886; x_wconf 78' lang='lat' dir='ltr'>saecu-</span> 
     </span>
    </p>
   </div>
   <div class='ocr_carea' id='block_1_84' title="bbox 425 4913 2066 4990">
    <p class='ocr_par' dir='ltr' id='par_1_84' title="bbox 425 4913 2066 4990">
     <span class='ocr_line' id='line_1_84' title="bbox 425 4913 2066 4990; baseline 0.004 -22"><span class='ocrx_word' id='word_1_610' title='bbox 425 4913 550 4970; x_wconf 90' lang='lat' dir='ltr'>lum</span> <span class='ocrx_word' id='word_1_611' title='bbox 592 4914 725 4970; x_wconf 89' lang='lat' dir='ltr'>ﬁliis</span> <span class='ocrx_word' id='word_1_612' title='bbox 744 4931 804 4971; x_wconf 91' lang='lat' dir='ltr'>se</span> <span class='ocrx_word' id='word_1_613' title='bbox 836 4917 1168 4986; x_wconf 86' lang='lat' dir='ltr'>petentibus</span> <span class='ocrx_word' id='word_1_614' title='bbox 1199 4919 1355 4984; x_wconf 87' lang='lat' dir='ltr'>dare,</span> <span class='ocrx_word' id='word_1_615' title='bbox 1419 4923 1482 4972; x_wconf 90' lang='lat' dir='ltr'>ut</span> <span class='ocrx_word' id='word_1_616' title='bbox 1526 4918 1574 4972; x_wconf 92' lang='lat' dir='ltr'>si</span> <span class='ocrx_word' id='word_1_617' title='bbox 1625 4922 1784 4990; x_wconf 88' lang='lat' dir='ltr'>petat</span> <span class='ocrx_word' id='word_1_618' title='bbox 1834 4936 2066 4990; x_wconf 88' lang='lat' dir='ltr'>panem,</span> 
     </span>
    </p>
   </div>
   <div class='ocr_carea' id='block_1_85' title="bbox 422 5003 2065 5080">
    <p class='ocr_par' dir='ltr' id='par_1_85' title="bbox 422 5003 2065 5080">
     <span class='ocr_line' id='line_1_85' title="bbox 422 5003 2065 5080; baseline 0.004 -22"><span class='ocrx_word' id='word_1_619' title='bbox 422 5003 739 5075; x_wconf 91' lang='lat' dir='ltr'>panem;si</span> <span class='ocrx_word' id='word_1_620' title='bbox 773 5004 1012 5075; x_wconf 86' lang='lat' dir='ltr'>piscem,</span> <span class='ocrx_word' id='word_1_621' title='bbox 1045 5006 1299 5077; x_wconf 88' lang='lat' dir='ltr'>piscem;</span> <span class='ocrx_word' id='word_1_622' title='bbox 1342 5006 1390 5063; x_wconf 93' lang='lat' dir='ltr'>si</span> <span class='ocrx_word' id='word_1_623' title='bbox 1449 5024 1641 5074; x_wconf 90' lang='lat' dir='ltr'>ovum,</span> <span class='ocrx_word' id='word_1_624' title='bbox 1702 5024 1873 5063; x_wconf 86' lang='lat' dir='ltr'>ovum</span> <span class='ocrx_word' id='word_1_625' title='bbox 1934 5025 2065 5080; x_wconf 87' lang='lat' dir='ltr'>por-</span> 
     </span>
    </p>
   </div>
   <div class='ocr_carea' id='block_1_86' title="bbox 422 5091 591 5166">
    <p class='ocr_par' dir='ltr' id='par_1_86' title="bbox 422 5091 591 5166">
     <span class='ocr_line' id='line_1_86' title="bbox 422 5091 591 5166; baseline 0.006 -19"><span class='ocrx_word' id='word_1_626' title='bbox 422 5091 591 5166; x_wconf 86' lang='lat' dir='ltr'>rigat.</span> 
     </span>
    </p>
   </div>
   <div class='ocr_carea' id='block_1_87' title="bbox 488 5182 2061 5256">
    <p class='ocr_par' dir='ltr' id='par_1_87' title="bbox 488 5182 2061 5256">
     <span class='ocr_line' id='line_1_87' title="bbox 488 5182 2061 5256; baseline 0.003 -19"><span class='ocrx_word' id='word_1_627' title='bbox 488 5185 612 5248; x_wconf 89' lang='lat' dir='ltr'>Qua</span> <span class='ocrx_word' id='word_1_628' title='bbox 642 5183 698 5237; x_wconf 90' lang='lat' dir='ltr'>in</span> <span class='ocrx_word' id='word_1_629' title='bbox 723 5199 782 5238; x_wconf 93' lang='lat' dir='ltr'>re</span> <span class='ocrx_word' id='word_1_630' title='bbox 811 5182 991 5238; x_wconf 90' lang='lat' dir='ltr'>claret</span> <span class='ocrx_word' id='word_1_631' title='bbox 1020 5199 1138 5247; x_wconf 89' lang='lat' dir='ltr'>cos,</span> <span class='ocrx_word' id='word_1_632' title='bbox 1190 5184 1404 5254; x_wconf 91' lang='lat' dir='ltr'>quibus</span> <span class='ocrx_word' id='word_1_633' title='bbox 1454 5185 1787 5256; x_wconf 88' lang='lat' dir='ltr'>perniciosa</span> <span class='ocrx_word' id='word_1_634' title='bbox 1829 5187 2061 5253; x_wconf 90' lang='lat' dir='ltr'>dantur,</span> 
     </span>
    </p>
   </div>
   <div class='ocr_carea' id='block_1_88' title="bbox 2196 3325 3858 3396">
    <p class='ocr_par' dir='ltr' id='par_1_88' title="bbox 2196 3325 3858 3396">
     <span class='ocr_line' id='line_1_88' title="bbox 2196 3325 3858 3396; baseline -0.002 -14"><span class='ocrx_word' id='word_1_635' title='bbox 2196 3344 2309 3382; x_wconf 89' lang='lat' dir='ltr'>nus</span> <span class='ocrx_word' id='word_1_636' title='bbox 2341 3343 2444 3382; x_wconf 87' lang='lat' dir='ltr'>nec</span> <span class='ocrx_word' id='word_1_637' title='bbox 2474 3327 2574 3382; x_wconf 90' lang='lat' dir='ltr'>dat</span> <span class='ocrx_word' id='word_1_638' title='bbox 2603 3325 2848 3393; x_wconf 91' lang='lat' dir='ltr'>homini,</span> <span class='ocrx_word' id='word_1_639' title='bbox 2885 3342 2988 3380; x_wconf 90' lang='lat' dir='ltr'>nec</span> <span class='ocrx_word' id='word_1_640' title='bbox 3033 3325 3190 3396; x_wconf 81' lang='lat' dir='ltr'>facit,</span> <span class='ocrx_word' id='word_1_641' title='bbox 3222 3325 3322 3380; x_wconf 87' lang='lat' dir='ltr'>sed</span> <span class='ocrx_word' id='word_1_642' title='bbox 3347 3327 3508 3396; x_wconf 88' lang='lat' dir='ltr'>juste</span> <span class='ocrx_word' id='word_1_643' title='bbox 3538 3325 3858 3382; x_wconf 86' lang='lat' dir='ltr'>deserendo</span> 
     </span>
    </p>
   </div>
   <div class='ocr_carea' id='block_1_89' title="bbox 2197 3413 3857 3487">
    <p class='ocr_par' dir='ltr' id='par_1_89' title="bbox 2197 3413 3857 3487">
     <span class='ocr_line' id='line_1_89' title="bbox 2197 3413 3857 3487; baseline 0 -18"><span class='ocrx_word' id='word_1_644' title='bbox 2197 3415 2320 3470; x_wconf 90' lang='lat' dir='ltr'>ﬁeri</span> <span class='ocrx_word' id='word_1_645' title='bbox 2351 3416 2654 3487; x_wconf 88' lang='lat' dir='ltr'>permittit,</span> <span class='ocrx_word' id='word_1_646' title='bbox 2688 3414 2786 3469; x_wconf 93' lang='lat' dir='ltr'>ubi</span> <span class='ocrx_word' id='word_1_647' title='bbox 2809 3413 2998 3470; x_wconf 83' lang='lat' dir='ltr'>ultron</span> <span class='ocrx_word' id='word_1_648' title='bbox 3017 3431 3095 3470; x_wconf 67' lang='lat' dir='ltr'>eae</span> <span class='ocrx_word' id='word_1_649' title='bbox 3125 3414 3531 3470; x_wconf 90' lang='lat' dir='ltr'>obdurationis</span> <span class='ocrx_word' id='word_1_650' title='bbox 3551 3414 3857 3470; x_wconf 89' lang='lat' dir='ltr'>subditum</span> 
     </span>
    </p>
   </div>
   <div class='ocr_carea' id='block_1_90' title="bbox 2195 3500 3859 3576">
    <p class='ocr_par' dir='ltr' id='par_1_90' title="bbox 2195 3500 3859 3576">
     <span class='ocr_line' id='line_1_90' title="bbox 2195 3500 3859 3576; baseline -0.001 -17"><span class='ocrx_word' id='word_1_651' title='bbox 2195 3521 2303 3559; x_wconf 90' lang='lat' dir='ltr'>sua</span> <span class='ocrx_word' id='word_1_652' title='bbox 2333 3503 2686 3576; x_wconf 87' lang='lat' dir='ltr'>aspiratione</span> <span class='ocrx_word' id='word_1_653' title='bbox 2719 3520 2836 3558; x_wconf 88' lang='lat' dir='ltr'>non</span> <span class='ocrx_word' id='word_1_654' title='bbox 2875 3502 3126 3568; x_wconf 89' lang='lat' dir='ltr'>emollit,</span> <span class='ocrx_word' id='word_1_655' title='bbox 3162 3502 3261 3557; x_wconf 90' lang='lat' dir='ltr'>sed</span> <span class='ocrx_word' id='word_1_656' title='bbox 3298 3500 3712 3572; x_wconf 88' lang='lat' dir='ltr'>spiritualibus</span> <span class='ocrx_word' id='word_1_657' title='bbox 3767 3518 3859 3557; x_wconf 84' lang='lat' dir='ltr'>nc-</span> 
     </span>
    </p>
   </div>
   <div class='ocr_carea' id='block_1_91' title="bbox 2193 3589 3858 3663">
    <p class='ocr_par' dir='ltr' id='par_1_91' title="bbox 2193 3589 3858 3663">
     <span class='ocr_line' id='line_1_91' title="bbox 2193 3589 3858 3663; baseline -0.002 -16"><span class='ocrx_word' id='word_1_658' title='bbox 2193 3591 2398 3663; x_wconf 89' lang='lat' dir='ltr'>quitiis</span> <span class='ocrx_word' id='word_1_659' title='bbox 2429 3592 2785 3648; x_wconf 89' lang='lat' dir='ltr'>obduratum</span> <span class='ocrx_word' id='word_1_660' title='bbox 2819 3591 3130 3662; x_wconf 88' lang='lat' dir='ltr'>adhucque</span> <span class='ocrx_word' id='word_1_661' title='bbox 3163 3590 3533 3646; x_wconf 88' lang='lat' dir='ltr'>obduratum</span> <span class='ocrx_word' id='word_1_662' title='bbox 3564 3589 3858 3660; x_wconf 83' lang='lat' dir='ltr'>relinquit.</span> 
     </span>
    </p>
   </div>
   <div class='ocr_carea' id='block_1_92' title="bbox 2191 3677 3853 3751">
    <p class='ocr_par' dir='ltr' id='par_1_92' title="bbox 2191 3677 3853 3751">
     <span class='ocr_line' id='line_1_92' title="bbox 2191 3677 3853 3751; baseline -0.002 -17"><span class='ocrx_word' id='word_1_663' title='bbox 2191 3681 2353 3745; x_wconf 88' lang='lat' dir='ltr'>Quod</span> <span class='ocrx_word' id='word_1_664' title='bbox 2371 3681 2418 3735; x_wconf 91' lang='lat' dir='ltr'>si</span> <span class='ocrx_word' id='word_1_665' title='bbox 2437 3697 2567 3736; x_wconf 91' lang='lat' dir='ltr'>vere</span> <span class='ocrx_word' id='word_1_666' title='bbox 2589 3685 2874 3751; x_wconf 87' lang='lat' dir='ltr'>peteretur</span> <span class='ocrx_word' id='word_1_667' title='bbox 2889 3679 3188 3751; x_wconf 91' lang='lat' dir='ltr'>,spiritum</span> <span class='ocrx_word' id='word_1_668' title='bbox 3207 3678 3366 3734; x_wconf 89' lang='lat' dir='ltr'>chari</span> <span class='ocrx_word' id='word_1_669' title='bbox 3379 3677 3517 3734; x_wconf 88' lang='lat' dir='ltr'>tatis</span> <span class='ocrx_word' id='word_1_670' title='bbox 3539 3682 3853 3751; x_wconf 75' lang='lat' dir='ltr'>gratanter.</span> 
     </span>
    </p>
   </div>
   <div class='ocr_carea' id='block_1_93' title="bbox 2191 3765 3864 3840">
    <p class='ocr_par' dir='ltr' id='par_1_93' title="bbox 2191 3765 3864 3840">
     <span class='ocr_line' id='line_1_93' title="bbox 2191 3765 3864 3840; baseline -0.002 -16"><span class='ocrx_word' id='word_1_671' title='bbox 2191 3769 2522 3840; x_wconf 87' lang='lat' dir='ltr'>largiretur,</span> <span class='ocrx_word' id='word_1_672' title='bbox 2552 3769 2724 3839; x_wconf 88' lang='lat' dir='ltr'>cujus</span> <span class='ocrx_word' id='word_1_673' title='bbox 2759 3769 2996 3824; x_wconf 84' lang='lat' dir='ltr'>fervore</span> <span class='ocrx_word' id='word_1_674' title='bbox 3029 3767 3217 3840; x_wconf 82' lang='lat' dir='ltr'>frigus</span> <span class='ocrx_word' id='word_1_675' title='bbox 3247 3766 3501 3822; x_wconf 75' lang='lat' dir='ltr'>avaritiae</span> <span class='ocrx_word' id='word_1_676' title='bbox 3560 3765 3864 3822; x_wconf 86' lang='lat' dir='ltr'>resolvere-</span> 
     </span>
    </p>
   </div>
   <div class='ocr_carea' id='block_1_94' title="bbox 2191 3853 3856 3927">
    <p class='ocr_par' dir='ltr' id='par_1_94' title="bbox 2191 3853 3856 3927">
     <span class='ocr_line' id='line_1_94' title="bbox 2191 3853 3856 3927; baseline -0.005 -13"><span class='ocrx_word' id='word_1_677' title='bbox 2191 3862 2306 3914; x_wconf 91' lang='lat' dir='ltr'>tur.</span> <span class='ocrx_word' id='word_1_678' title='bbox 2340 3859 2488 3913; x_wconf 88' lang='lat' dir='ltr'>Nam</span> <span class='ocrx_word' id='word_1_679' title='bbox 2518 3858 2590 3924; x_wconf 92' lang='lat' dir='ltr'>si,</span> <span class='ocrx_word' id='word_1_680' title='bbox 2622 3862 2685 3912; x_wconf 91' lang='lat' dir='ltr'>ut</span> <span class='ocrx_word' id='word_1_681' title='bbox 2707 3857 2788 3913; x_wconf 94' lang='lat' dir='ltr'>Do</span> <span class='ocrx_word' id='word_1_682' title='bbox 2803 3857 2969 3912; x_wconf 91' lang='lat' dir='ltr'>minu</span> <span class='ocrx_word' id='word_1_683' title='bbox 2987 3873 3014 3911; x_wconf 88' lang='lat' dir='ltr'>s</span> <span class='ocrx_word' id='word_1_684' title='bbox 3035 3856 3392 3927; x_wconf 84' lang='lat' dir='ltr'>ait,patres,«</span> <span class='ocrx_word' id='word_1_685' title='bbox 3411 3855 3683 3927; x_wconf 88' lang='lat' dir='ltr'>quamvis</span> <span class='ocrx_word' id='word_1_686' title='bbox 3701 3853 3856 3919; x_wconf 85' lang='lat' dir='ltr'>mali,</span> 
     </span>
    </p>
   </div>
   <div class='ocr_carea' id='block_1_95' title="bbox 2189 3943 3852 4015">
    <p class='ocr_par' dir='ltr' id='par_1_95' title="bbox 2189 3943 3852 4015">
     <span class='ocr_line' id='line_1_95' title="bbox 2189 3943 3852 4015; baseline -0.002 -13"><span class='ocrx_word' id='word_1_687' title='bbox 2189 3953 2406 4002; x_wconf 91' lang='lat' dir='ltr'>norunt</span> <span class='ocrx_word' id='word_1_688' title='bbox 2437 3948 2592 4002; x_wconf 92' lang='lat' dir='ltr'>bona</span> <span class='ocrx_word' id='word_1_689' title='bbox 2622 3948 2765 4002; x_wconf 91' lang='lat' dir='ltr'>data</span> <span class='ocrx_word' id='word_1_690' title='bbox 2782 3947 2923 4001; x_wconf 90' lang='lat' dir='ltr'>dare</span> <span class='ocrx_word' id='word_1_691' title='bbox 2949 3944 3091 4000; x_wconf 91' lang='lat' dir='ltr'>ﬁliis</span> <span class='ocrx_word' id='word_1_692' title='bbox 3105 3944 3256 4011; x_wconf 89' lang='lat' dir='ltr'>suis,</span> <span class='ocrx_word' id='word_1_693' title='bbox 3280 3947 3504 4015; x_wconf 91' lang='lat' dir='ltr'>quanto</span> <span class='ocrx_word' id='word_1_694' title='bbox 3519 3943 3710 4015; x_wconf 85' lang='lat' dir='ltr'>magis</span> <span class='ocrx_word' id='word_1_695' title='bbox 3734 3944 3852 4014; x_wconf 89' lang='lat' dir='ltr'>ipse</span> 
     </span>
    </p>
   </div>
   <div class='ocr_carea' id='block_1_96' title="bbox 2196 4031 3847 4104">
    <p class='ocr_par' dir='ltr' id='par_1_96' title="bbox 2196 4031 3847 4104">
     <span class='ocr_line' id='line_1_96' title="bbox 2196 4031 3847 4104; baseline -0.002 -16"><span class='ocrx_word' id='word_1_696' title='bbox 2196 4035 2366 4090; x_wconf 84' lang='lat' dir='ltr'>Pater</span> <span class='ocrx_word' id='word_1_697' title='bbox 2397 4035 2469 4090; x_wconf 92' lang='lat' dir='ltr'>de</span> <span class='ocrx_word' id='word_1_698' title='bbox 2498 4033 2644 4090; x_wconf 87' lang='lat' dir='ltr'>coelo</span> <span class='ocrx_word' id='word_1_699' title='bbox 2673 4034 2839 4090; x_wconf 89' lang='lat' dir='ltr'>dabit</span> <span class='ocrx_word' id='word_1_700' title='bbox 2871 4033 3144 4104; x_wconf 86' lang='lat' dir='ltr'>spiritum</span> <span class='ocrx_word' id='word_1_701' title='bbox 3165 4033 3384 4088; x_wconf 89' lang='lat' dir='ltr'>bonum</span> <span class='ocrx_word' id='word_1_702' title='bbox 3409 4032 3747 4104; x_wconf 88' lang='lat' dir='ltr'>petentibus</span> <span class='ocrx_word' id='word_1_703' title='bbox 3762 4031 3847 4086; x_wconf 84' lang='lat' dir='ltr'>se!</span> 
     </span>
    </p>
   </div>
   <div class='ocr_carea' id='block_1_97' title="bbox 2188 4119 3849 4194">
    <p class='ocr_par' dir='ltr' id='par_1_97' title="bbox 2188 4119 3849 4194">
     <span class='ocr_line' id='line_1_97' title="bbox 2188 4119 3849 4194; baseline -0.003 -16"><span class='ocrx_word' id='word_1_704' title='bbox 2188 4124 2509 4194; x_wconf 80' lang='lat' dir='ltr'>(Luc.n,13)</span> <span class='ocrx_word' id='word_1_705' title='bbox 2544 4146 2572 4172; x_wconf 83' lang='lat'>»</span> <span class='ocrx_word' id='word_1_706' title='bbox 2605 4122 2741 4178; x_wconf 91' lang='lat' dir='ltr'>hinc</span> <span class='ocrx_word' id='word_1_707' title='bbox 2775 4123 2959 4177; x_wconf 90' lang='lat' dir='ltr'>datur</span> <span class='ocrx_word' id='word_1_708' title='bbox 2989 4121 3239 4194; x_wconf 84' lang='lat' dir='ltr'>intelligi</span> <span class='ocrx_word' id='word_1_709' title='bbox 3270 4121 3430 4192; x_wconf 90' lang='lat' dir='ltr'>quia,</span> <span class='ocrx_word' id='word_1_710' title='bbox 3461 4121 3509 4176; x_wconf 89' lang='lat' dir='ltr'>si</span> <span class='ocrx_word' id='word_1_711' title='bbox 3542 4119 3682 4175; x_wconf 89' lang='lat' dir='ltr'>mali</span> <span class='ocrx_word' id='word_1_712' title='bbox 3715 4125 3849 4175; x_wconf 88' lang='lat' dir='ltr'>sunt</span> 
     </span>
    </p>
   </div>
   <div class='ocr_carea' id='block_1_98' title="bbox 2187 4208 3842 4282">
    <p class='ocr_par' dir='ltr' id='par_1_98' title="bbox 2187 4208 3842 4282">
     <span class='ocr_line' id='line_1_98' title="bbox 2187 4208 3842 4282; baseline -0.002 -16"><span class='ocrx_word' id='word_1_713' title='bbox 2187 4210 2460 4267; x_wconf 91' lang='lat' dir='ltr'>liberales</span> <span class='ocrx_word' id='word_1_714' title='bbox 2492 4213 2563 4267; x_wconf 89' lang='lat' dir='ltr'>ad</span> <span class='ocrx_word' id='word_1_715' title='bbox 2597 4211 2937 4282; x_wconf 89' lang='lat' dir='ltr'>petitionem</span> <span class='ocrx_word' id='word_1_716' title='bbox 2970 4215 3028 4265; x_wconf 91' lang='lat' dir='ltr'>et</span> <span class='ocrx_word' id='word_1_717' title='bbox 3045 4209 3408 4265; x_wconf 85' lang='lat' dir='ltr'>voluntatem</span> <span class='ocrx_word' id='word_1_718' title='bbox 3434 4208 3689 4264; x_wconf 90' lang='lat' dir='ltr'>ﬁliorum</span> <span class='ocrx_word' id='word_1_719' title='bbox 3714 4225 3842 4264; x_wconf 81' lang='lat' dir='ltr'>suo-</span> 
     </span>
    </p>
   </div>
   <div class='ocr_carea' id='block_1_99' title="bbox 2186 4296 3843 4371">
    <p class='ocr_par' dir='ltr' id='par_1_99' title="bbox 2186 4296 3843 4371">
     <span class='ocr_line' id='line_1_99' title="bbox 2186 4296 3843 4371; baseline -0.004 -17"><span class='ocrx_word' id='word_1_720' title='bbox 2186 4317 2340 4370; x_wconf 92' lang='lat' dir='ltr'>rum,</span> <span class='ocrx_word' id='word_1_721' title='bbox 2374 4299 2558 4355; x_wconf 90' lang='lat' dir='ltr'>multo</span> <span class='ocrx_word' id='word_1_722' title='bbox 2589 4299 2777 4371; x_wconf 84' lang='lat' dir='ltr'>magis</span> <span class='ocrx_word' id='word_1_723' title='bbox 2797 4304 2852 4355; x_wconf 89' lang='lat' dir='ltr'>et</span> <span class='ocrx_word' id='word_1_724' title='bbox 2885 4298 3426 4370; x_wconf 86' lang='lat' dir='ltr'>incomparabiliter</span> <span class='ocrx_word' id='word_1_725' title='bbox 3454 4296 3718 4354; x_wconf 88' lang='lat' dir='ltr'>liberalis</span> <span class='ocrx_word' id='word_1_726' title='bbox 3761 4299 3843 4350; x_wconf 88' lang='lat' dir='ltr'>est</span> 
     </span>
    </p>
   </div>
   <div class='ocr_carea' id='block_1_100' title="bbox 2186 4385 3843 4460">
    <p class='ocr_par' dir='ltr' id='par_1_100' title="bbox 2186 4385 3843 4460">
     <span class='ocr_line' id='line_1_100' title="bbox 2186 4385 3843 4460; baseline -0.002 -16"><span class='ocrx_word' id='word_1_727' title='bbox 2186 4389 2351 4444; x_wconf 89' lang='lat' dir='ltr'>Pater</span> <span class='ocrx_word' id='word_1_728' title='bbox 2381 4405 2612 4444; x_wconf 91' lang='lat' dir='ltr'>summe</span> <span class='ocrx_word' id='word_1_729' title='bbox 2625 4389 2814 4444; x_wconf 90' lang='lat' dir='ltr'>bonus</span> <span class='ocrx_word' id='word_1_730' title='bbox 2839 4387 2976 4443; x_wconf 88' lang='lat' dir='ltr'>ﬁliis</span> <span class='ocrx_word' id='word_1_731' title='bbox 2992 4403 3053 4443; x_wconf 92' lang='lat' dir='ltr'>se</span> <span class='ocrx_word' id='word_1_732' title='bbox 3077 4387 3435 4460; x_wconf 88' lang='lat' dir='ltr'>petentibus.</span> <span class='ocrx_word' id='word_1_733' title='bbox 3452 4385 3843 4441; x_wconf 87' lang='lat' dir='ltr'>velutincom-</span> 
     </span>
    </p>
   </div>
   <div class='ocr_carea' id='block_1_101' title="bbox 2183 4473 3837 4548">
    <p class='ocr_par' dir='ltr' id='par_1_101' title="bbox 2183 4473 3837 4548">
     <span class='ocr_line' id='line_1_101' title="bbox 2183 4473 3837 4548; baseline -0.003 -16"><span class='ocrx_word' id='word_1_734' title='bbox 2183 4477 2466 4548; x_wconf 87' lang='lat' dir='ltr'>parabilia</span> <span class='ocrx_word' id='word_1_735' title='bbox 2496 4481 2638 4533; x_wconf 89' lang='lat' dir='ltr'>sunt</span> <span class='ocrx_word' id='word_1_736' title='bbox 2668 4477 2887 4531; x_wconf 92' lang='lat' dir='ltr'>bonum</span> <span class='ocrx_word' id='word_1_737' title='bbox 2920 4480 2978 4530; x_wconf 91' lang='lat' dir='ltr'>et</span> <span class='ocrx_word' id='word_1_738' title='bbox 3010 4475 3268 4541; x_wconf 89' lang='lat' dir='ltr'>malum;</span> <span class='ocrx_word' id='word_1_739' title='bbox 3302 4475 3388 4530; x_wconf 92' lang='lat' dir='ltr'>sic</span> <span class='ocrx_word' id='word_1_740' title='bbox 3411 4475 3568 4546; x_wconf 89' lang='lat' dir='ltr'>quod</span> <span class='ocrx_word' id='word_1_741' title='bbox 3592 4473 3837 4546; x_wconf 87' lang='lat' dir='ltr'>quilibet</span> 
     </span>
    </p>
   </div>
   <div class='ocr_carea' id='block_1_102' title="bbox 2183 4561 3836 4635">
    <p class='ocr_par' dir='ltr' id='par_1_102' title="bbox 2183 4561 3836 4635">
     <span class='ocr_line' id='line_1_102' title="bbox 2183 4561 3836 4635; baseline -0.003 -15"><span class='ocrx_word' id='word_1_742' title='bbox 2183 4565 2444 4621; x_wconf 69' lang='lat' dir='ltr'>haeretici</span> <span class='ocrx_word' id='word_1_743' title='bbox 2469 4569 2528 4620; x_wconf 92' lang='lat' dir='ltr'>et</span> <span class='ocrx_word' id='word_1_744' title='bbox 2558 4565 2912 4621; x_wconf 89' lang='lat' dir='ltr'>nominatim</span> <span class='ocrx_word' id='word_1_745' title='bbox 2947 4562 3265 4620; x_wconf 90' lang='lat' dir='ltr'>Simoniaci</span> <span class='ocrx_word' id='word_1_746' title='bbox 3297 4561 3584 4635; x_wconf 90' lang='lat' dir='ltr'>Spiritum</span> <span class='ocrx_word' id='word_1_747' title='bbox 3625 4563 3836 4618; x_wconf 88' lang='lat' dir='ltr'>bonum</span> 
     </span>
    </p>
   </div>
   <div class='ocr_carea' id='block_1_103' title="bbox 2184 4649 3832 4728">
    <p class='ocr_par' dir='ltr' id='par_1_103' title="bbox 2184 4649 3832 4728">
     <span class='ocr_line' id='line_1_103' title="bbox 2184 4649 3832 4728; baseline -0.002 -20"><span class='ocrx_word' id='word_1_748' title='bbox 2184 4672 2298 4711; x_wconf 86' lang='lat' dir='ltr'>non</span> <span class='ocrx_word' id='word_1_749' title='bbox 2320 4654 2638 4728; x_wconf 90' lang='lat' dir='ltr'>accipiunt,</span> <span class='ocrx_word' id='word_1_750' title='bbox 2672 4656 2899 4708; x_wconf 91' lang='lat' dir='ltr'>constat</span> <span class='ocrx_word' id='word_1_751' title='bbox 2930 4652 3070 4724; x_wconf 92' lang='lat' dir='ltr'>quia</span> <span class='ocrx_word' id='word_1_752' title='bbox 3096 4669 3130 4706; x_wconf 88' lang='lat' dir='ltr'>a</span> <span class='ocrx_word' id='word_1_753' title='bbox 3161 4652 3327 4707; x_wconf 89' lang='lat' dir='ltr'>Patre</span> <span class='ocrx_word' id='word_1_754' title='bbox 3375 4650 3600 4708; x_wconf 78' lang='lat' dir='ltr'>cmlesti</span> <span class='ocrx_word' id='word_1_755' title='bbox 3659 4649 3832 4722; x_wconf 84' lang='lat' dir='ltr'>Spiri-</span> 
     </span>
    </p>
   </div>
   <div class='ocr_carea' id='block_1_104' title="bbox 2181 4736 3831 4814">
    <p class='ocr_par' dir='ltr' id='par_1_104' title="bbox 2181 4736 3831 4814">
     <span class='ocr_line' id='line_1_104' title="bbox 2181 4736 3831 4814; baseline -0.004 -16"><span class='ocrx_word' id='word_1_756' title='bbox 2181 4747 2309 4798; x_wconf 89' lang='lat' dir='ltr'>tum</span> <span class='ocrx_word' id='word_1_757' title='bbox 2351 4743 2572 4797; x_wconf 90' lang='lat' dir='ltr'>bonum</span> <span class='ocrx_word' id='word_1_758' title='bbox 2607 4759 2720 4798; x_wconf 91' lang='lat' dir='ltr'>non</span> <span class='ocrx_word' id='word_1_759' title='bbox 2754 4745 2980 4814; x_wconf 89' lang='lat' dir='ltr'>petunt.</span> <span class='ocrx_word' id='word_1_760' title='bbox 3015 4742 3084 4795; x_wconf 88' lang='lat' dir='ltr'>Et</span> <span class='ocrx_word' id='word_1_761' title='bbox 3112 4740 3251 4812; x_wconf 90' lang='lat' dir='ltr'>quia</span> <span class='ocrx_word' id='word_1_762' title='bbox 3280 4744 3337 4794; x_wconf 90' lang='lat' dir='ltr'>et</span> <span class='ocrx_word' id='word_1_763' title='bbox 3365 4756 3401 4794; x_wconf 91' lang='lat' dir='ltr'>a</span> <span class='ocrx_word' id='word_1_764' title='bbox 3428 4755 3546 4810; x_wconf 89' lang='lat' dir='ltr'>quo</span> <span class='ocrx_word' id='word_1_765' title='bbox 3592 4736 3831 4812; x_wconf 85' lang='lat' dir='ltr'>petunt?</span> 
     </span>
    </p>
   </div>
   <div class='ocr_carea' id='block_1_105' title="bbox 2179 4827 3829 4904">
    <p class='ocr_par' dir='ltr' id='par_1_105' title="bbox 2179 4827 3829 4904">
     <span class='ocr_line' id='line_1_105' title="bbox 2179 4827 3829 4904; baseline -0.004 -17"><span class='ocrx_word' id='word_1_766' title='bbox 2179 4831 2459 4904; x_wconf 90' lang='lat' dir='ltr'>spiritum</span> <span class='ocrx_word' id='word_1_767' title='bbox 2493 4830 2695 4901; x_wconf 85' lang='lat' dir='ltr'>utique</span> <span class='ocrx_word' id='word_1_768' title='bbox 2727 4830 2950 4885; x_wconf 88' lang='lat' dir='ltr'>malum</span> <span class='ocrx_word' id='word_1_769' title='bbox 2983 4827 3682 4900; x_wconf 87' lang='lat' dir='ltr'>amalignopatresuo,ut</span> <span class='ocrx_word' id='word_1_770' title='bbox 3697 4831 3829 4898; x_wconf 82' lang='lat' dir='ltr'>puta</span> 
     </span>
    </p>
   </div>
   <div class='ocr_carea' id='block_1_106' title="bbox 2178 4912 3831 4976">
    <p class='ocr_par' dir='ltr' id='par_1_106' title="bbox 2178 4912 3831 4976">
     <span class='ocr_line' id='line_1_106' title="bbox 2178 4912 3831 4976; baseline -0.006 0"><span class='ocrx_word' id='word_1_771' title='bbox 2178 4925 2415 4976; x_wconf 90' lang='lat' dir='ltr'>auctore</span> <span class='ocrx_word' id='word_1_772' title='bbox 2449 4922 2504 4973; x_wconf 91' lang='lat' dir='ltr'>et</span> <span class='ocrx_word' id='word_1_773' title='bbox 2535 4918 2834 4973; x_wconf 89' lang='lat' dir='ltr'>inventore</span> <span class='ocrx_word' id='word_1_774' title='bbox 2864 4917 3047 4972; x_wconf 88' lang='lat' dir='ltr'>totius</span> <span class='ocrx_word' id='word_1_775' title='bbox 3076 4914 3235 4970; x_wconf 90' lang='lat' dir='ltr'>mali.</span> <span class='ocrx_word' id='word_1_776' title='bbox 3272 4915 3384 4971; x_wconf 91' lang='lat' dir='ltr'>Sed</span> <span class='ocrx_word' id='word_1_777' title='bbox 3417 4919 3665 4971; x_wconf 87' lang='lat' dir='ltr'>econtra</span> <span class='ocrx_word' id='word_1_778' title='bbox 3700 4912 3831 4968; x_wconf 89' lang='lat' dir='ltr'>dici-</span> 
     </span>
    </p>
   </div>
   <div class='ocr_carea' id='block_1_107' title="bbox 2176 5003 3830 5071">
    <p class='ocr_par' dir='ltr' id='par_1_107' title="bbox 2176 5003 3830 5071">
     <span class='ocr_line' id='line_1_107' title="bbox 2176 5003 3830 5071; baseline -0.005 -7"><span class='ocrx_word' id='word_1_779' title='bbox 2176 5013 2304 5064; x_wconf 87' lang='lat' dir='ltr'>tur:</span> <span class='ocrx_word' id='word_1_780' title='bbox 2339 5008 2542 5062; x_wconf 90' lang='lat' dir='ltr'>Nonne</span> <span class='ocrx_word' id='word_1_781' title='bbox 2568 5007 2864 5071; x_wconf 90' lang='lat' dir='ltr'>videntur,</span> <span class='ocrx_word' id='word_1_782' title='bbox 2914 5011 2971 5061; x_wconf 90' lang='lat' dir='ltr'>et</span> <span class='ocrx_word' id='word_1_783' title='bbox 3026 5005 3352 5060; x_wconf 89' lang='lat' dir='ltr'>audiuntur</span> <span class='ocrx_word' id='word_1_784' title='bbox 3406 5003 3560 5059; x_wconf 88' lang='lat' dir='ltr'>tales</span> <span class='ocrx_word' id='word_1_785' title='bbox 3607 5004 3830 5058; x_wconf 87' lang='lat' dir='ltr'>Patrem</span> 
     </span>
    </p>
   </div>
   <div class='ocr_carea' id='block_1_108' title="bbox 2175 5089 3827 5166">
    <p class='ocr_par' dir='ltr' id='par_1_108' title="bbox 2175 5089 3827 5166">
     <span class='ocr_line' id='line_1_108' title="bbox 2175 5089 3827 5166; baseline -0.005 -14"><span class='ocrx_word' id='word_1_786' title='bbox 2175 5096 2470 5152; x_wconf 71' lang='lat' dir='ltr'>caelestem</span> <span class='ocrx_word' id='word_1_787' title='bbox 2502 5096 2788 5161; x_wconf 87' lang='lat' dir='ltr'>invocare,</span> <span class='ocrx_word' id='word_1_788' title='bbox 2823 5098 2880 5149; x_wconf 91' lang='lat' dir='ltr'>et</span> <span class='ocrx_word' id='word_1_789' title='bbox 2911 5093 3198 5166; x_wconf 90' lang='lat' dir='ltr'>Spiritum</span> <span class='ocrx_word' id='word_1_790' title='bbox 3219 5092 3575 5147; x_wconf 90' lang='lat' dir='ltr'>bonumsibi</span> <span class='ocrx_word' id='word_1_791' title='bbox 3590 5090 3682 5147; x_wconf 89' lang='lat' dir='ltr'>vel</span> <span class='ocrx_word' id='word_1_792' title='bbox 3705 5089 3827 5146; x_wconf 86' lang='lat' dir='ltr'>aliis</span> 
     </span>
    </p>
   </div>
   <div class='ocr_carea' id='block_1_109' title="bbox 2177 5179 3827 5256">
    <p class='ocr_par' dir='ltr' id='par_1_109' title="bbox 2177 5179 3827 5256">
     <span class='ocr_line' id='line_1_109' title="bbox 2177 5179 3827 5256; baseline -0.004 -16"><span class='ocrx_word' id='word_1_793' title='bbox 2177 5189 2372 5256; x_wconf 90' lang='lat' dir='ltr'>petere</span> <span class='ocrx_word' id='word_1_794' title='bbox 2391 5185 2418 5239; x_wconf 89' lang='lat'><strong><em>?</em></strong></span> <span class='ocrx_word' id='word_1_795' title='bbox 2449 5183 2670 5250; x_wconf 91' lang='lat' dir='ltr'>Quibus</span> <span class='ocrx_word' id='word_1_796' title='bbox 2700 5183 3014 5253; x_wconf 79' lang='lat' dir='ltr'>apostolica</span> <span class='ocrx_word' id='word_1_797' title='bbox 3032 5181 3449 5252; x_wconf 88' lang='lat' dir='ltr'>respondetur:</span> <span class='ocrx_word' id='word_1_798' title='bbox 3478 5203 3506 5232; x_wconf 73' lang='grc' dir='ltr'><strong>ι(</strong></span> <span class='ocrx_word' id='word_1_799' title='bbox 3534 5179 3827 5245; x_wconf 88' lang='lat' dir='ltr'>Quomodo</span> 
     </span>
    </p>
   </div>
   <div class='ocr_carea' id='block_1_110' title="bbox 414 5269 3819 5344">
    <p class='ocr_par' dir='ltr' id='par_1_110' title="bbox 414 5269 3819 5344">
     <span class='ocr_line' id='line_1_110' title="bbox 414 5269 3819 5344; baseline -0.001 -18"><span class='ocrx_word' id='word_1_800' title='bbox 414 5272 742 5342; x_wconf 88' lang='lat' dir='ltr'>perniciosa</span> <span class='ocrx_word' id='word_1_801' title='bbox 772 5272 883 5327; x_wconf 87' lang='lat' dir='ltr'>sibi</span> <span class='ocrx_word' id='word_1_802' title='bbox 933 5271 1192 5344; x_wconf 89' lang='lat' dir='ltr'>petiisse,</span> <span class='ocrx_word' id='word_1_803' title='bbox 1242 5289 1345 5327; x_wconf 92' lang='lat' dir='ltr'>nec</span> <span class='ocrx_word' id='word_1_804' title='bbox 1371 5290 1404 5328; x_wconf 89' lang='lat' dir='ltr'>a</span> <span class='ocrx_word' id='word_1_805' title='bbox 1434 5273 1598 5329; x_wconf 88' lang='lat' dir='ltr'>Patre</span> <span class='ocrx_word' id='word_1_806' title='bbox 1665 5273 1977 5341; x_wconf 90' lang='lat' dir='ltr'>luminum,</span> <span class='ocrx_word' id='word_1_807' title='bbox 2032 5292 2066 5329; x_wconf 89' lang='lat' dir='ltr'>a</span> <span class='ocrx_word' id='word_1_808' title='bbox 2171 5272 2605 5329; x_wconf 90' lang='lat' dir='ltr'>invocabuntin</span> <span class='ocrx_word' id='word_1_809' title='bbox 2637 5288 2812 5344; x_wconf 91' lang='lat' dir='ltr'>quem</span> <span class='ocrx_word' id='word_1_810' title='bbox 2839 5288 2951 5326; x_wconf 90' lang='lat' dir='ltr'>non</span> <span class='ocrx_word' id='word_1_811' title='bbox 2981 5269 3648 5339; x_wconf 86' lang='lat' dir='ltr'>crediderunt?(Rom.x,</span> <span class='ocrx_word' id='word_1_812' title='bbox 3675 5270 3819 5334; x_wconf 72' lang='grc'>14.)-</span> 
     </span>
    </p>
   </div>
   <div class='ocr_carea' id='block_1_111' title="bbox 417 5362 2060 5436">
    <p class='ocr_par' dir='ltr' id='par_1_111' title="bbox 417 5362 2060 5436">
     <span class='ocr_line' id='line_1_111' title="bbox 417 5362 2060 5436; baseline 0.004 -23"><span class='ocrx_word' id='word_1_813' title='bbox 417 5375 532 5430; x_wconf 90' lang='lat' dir='ltr'>quo</span> <span class='ocrx_word' id='word_1_814' title='bbox 562 5377 732 5416; x_wconf 91' lang='lat' dir='ltr'>omne</span> <span class='ocrx_word' id='word_1_815' title='bbox 758 5362 958 5416; x_wconf 89' lang='lat' dir='ltr'>datum</span> <span class='ocrx_word' id='word_1_816' title='bbox 992 5362 1277 5432; x_wconf 83' lang='lat' dir='ltr'>optimum</span> <span class='ocrx_word' id='word_1_817' title='bbox 1311 5367 1368 5417; x_wconf 93' lang='lat' dir='ltr'>et</span> <span class='ocrx_word' id='word_1_818' title='bbox 1423 5379 1594 5417; x_wconf 89' lang='lat' dir='ltr'>omne</span> <span class='ocrx_word' id='word_1_819' title='bbox 1654 5363 1872 5418; x_wconf 90' lang='lat' dir='ltr'>donum</span> <span class='ocrx_word' id='word_1_820' title='bbox 1932 5381 2060 5436; x_wconf 92' lang='lat' dir='ltr'>per-</span> 
     </span>
    </p>
   </div>
   <div class='ocr_carea' id='block_1_112' title="bbox 418 5447 2058 5522">
    <p class='ocr_par' dir='ltr' id='par_1_112' title="bbox 418 5447 2058 5522">
     <span class='ocr_line' id='line_1_112' title="bbox 418 5447 2058 5522; baseline 0.005 -22"><span class='ocrx_word' id='word_1_821' title='bbox 418 5447 634 5502; x_wconf 83' lang='lat' dir='ltr'>fectum</span> <span class='ocrx_word' id='word_1_822' title='bbox 668 5454 757 5503; x_wconf 88' lang='lat' dir='ltr'>est</span> <span class='ocrx_word' id='word_1_823' title='bbox 788 5452 921 5505; x_wconf 79' lang='lat' dir='ltr'>(Jac.</span> <span class='ocrx_word' id='word_1_824' title='bbox 955 5468 995 5516; x_wconf 82' lang='grc' dir='ltr'>ι,</span> <span class='ocrx_word' id='word_1_825' title='bbox 1030 5451 1137 5522; x_wconf 78' lang='lat' dir='ltr'>l7),</span> <span class='ocrx_word' id='word_1_826' title='bbox 1169 5473 1195 5500; x_wconf 85' lang='grc'><strong>››</strong></span> <span class='ocrx_word' id='word_1_827' title='bbox 1231 5451 1553 5521; x_wconf 87' lang='lat' dir='ltr'>quidquam</span> <span class='ocrx_word' id='word_1_828' title='bbox 1589 5451 1953 5521; x_wconf 84' lang='lat' dir='ltr'>pctiisse,nec</span> <span class='ocrx_word' id='word_1_829' title='bbox 1998 5453 2058 5508; x_wconf 90' lang='lat' dir='ltr'>in</span> 
     </span>
    </p>
   </div>
   <div class='ocr_carea' id='block_1_113' title="bbox 418 5534 2058 5610">
    <p class='ocr_par' dir='ltr' id='par_1_113' title="bbox 418 5534 2058 5610">
     <span class='ocr_line' id='line_1_113' title="bbox 418 5534 2058 5610; baseline 0.005 -22"><span class='ocrx_word' id='word_1_830' title='bbox 418 5534 651 5590; x_wconf 90' lang='lat' dir='ltr'>nomine</span> <span class='ocrx_word' id='word_1_831' title='bbox 682 5537 819 5592; x_wconf 87' lang='lat' dir='ltr'>Jesu</span> <span class='ocrx_word' id='word_1_832' title='bbox 854 5539 1129 5610; x_wconf 88' lang='lat' dir='ltr'>petiisse;</span> <span class='ocrx_word' id='word_1_833' title='bbox 1189 5538 1445 5610; x_wconf 90' lang='lat' dir='ltr'>alioquin</span> <span class='ocrx_word' id='word_1_834' title='bbox 1498 5537 1919 5594; x_wconf 87' lang='lat' dir='ltr'>contradicitur</span> <span class='ocrx_word' id='word_1_835' title='bbox 1977 5541 2058 5596; x_wconf 89' lang='lat' dir='ltr'>sic</span> 
     </span>
    </p>
   </div>
   <div class='ocr_carea' id='block_1_114' title="bbox 2176 5356 3824 5431">
    <p class='ocr_par' dir='ltr' id='par_1_114' title="bbox 2176 5356 3824 5431">
     <span class='ocr_line' id='line_1_114' title="bbox 2176 5356 3824 5431; baseline -0.005 -15"><span class='ocrx_word' id='word_1_836' title='bbox 2176 5363 2240 5416; x_wconf 86' lang='lat' dir='ltr'>Et</span> <span class='ocrx_word' id='word_1_837' title='bbox 2271 5380 2340 5417; x_wconf 89' lang='lat' dir='ltr'>ne</span> <span class='ocrx_word' id='word_1_838' title='bbox 2372 5361 2620 5428; x_wconf 89' lang='lat' dir='ltr'>dicatur,</span> <span class='ocrx_word' id='word_1_839' title='bbox 2662 5359 2802 5431; x_wconf 87' lang='lat' dir='ltr'>quia</span> <span class='ocrx_word' id='word_1_840' title='bbox 2833 5376 2962 5414; x_wconf 89' lang='lat' dir='ltr'>vere</span> <span class='ocrx_word' id='word_1_841' title='bbox 3018 5363 3074 5414; x_wconf 92' lang='lat' dir='ltr'>et</span> <span class='ocrx_word' id='word_1_842' title='bbox 3131 5356 3418 5413; x_wconf 90' lang='lat' dir='ltr'>catholice</span> <span class='ocrx_word' id='word_1_843' title='bbox 3473 5357 3724 5412; x_wconf 88' lang='lat' dir='ltr'>credunt</span> <span class='ocrx_word' id='word_1_844' title='bbox 3767 5356 3824 5409; x_wconf 88' lang='lat' dir='ltr'>in</span> 
     </span>
    </p>
   </div>
   <div class='ocr_carea' id='block_1_115' title="bbox 2173 5445 3821 5519">
    <p class='ocr_par' dir='ltr' id='par_1_115' title="bbox 2173 5445 3821 5519">
     <span class='ocr_line' id='line_1_115' title="bbox 2173 5445 3821 5519; baseline -0.004 -14"><span class='ocrx_word' id='word_1_845' title='bbox 2173 5457 2377 5516; x_wconf 89' lang='lat' dir='ltr'>Deum,</span> <span class='ocrx_word' id='word_1_846' title='bbox 2413 5448 2822 5519; x_wconf 86' lang='lat' dir='ltr'>subjungitur:</span> <span class='ocrx_word' id='word_1_847' title='bbox 2865 5471 2884 5496; x_wconf 76' lang='grc' dir='ltr'>ι</span> <span class='ocrx_word' id='word_1_848' title='bbox 2917 5447 3216 5511; x_wconf 89' lang='lat' dir='ltr'>Quomodo</span> <span class='ocrx_word' id='word_1_849' title='bbox 3248 5446 3493 5501; x_wconf 91' lang='lat' dir='ltr'>credent</span> <span class='ocrx_word' id='word_1_850' title='bbox 3541 5445 3617 5516; x_wconf 90' lang='lat' dir='ltr'>ei,</span> <span class='ocrx_word' id='word_1_851' title='bbox 3652 5459 3821 5516; x_wconf 87' lang='lat' dir='ltr'>quem</span> 
     </span>
    </p>
   </div>
   <div class='ocr_carea' id='block_1_116' title="bbox 2186 5530 3818 5607">
    <p class='ocr_par' dir='ltr' id='par_1_116' title="bbox 2186 5530 3818 5607">
     <span class='ocr_line' id='line_1_116' title="bbox 2186 5530 3818 5607; baseline -0.004 -14"><span class='ocrx_word' id='word_1_852' title='bbox 2186 5556 2298 5594; x_wconf 88' lang='lat' dir='ltr'>non</span> <span class='ocrx_word' id='word_1_853' title='bbox 2333 5537 2684 5593; x_wconf 84' lang='lat' dir='ltr'>audierunt?</span> <span class='ocrx_word' id='word_1_854' title='bbox 2721 5537 2905 5607; x_wconf 65' lang='lat' dir='ltr'>(Ibid)</span> <span class='ocrx_word' id='word_1_855' title='bbox 2941 5561 2966 5584; x_wconf 90' lang='grc'><strong><em>››</em></strong></span> <span class='ocrx_word' id='word_1_856' title='bbox 3000 5537 3066 5590; x_wconf 86' lang='lat' dir='ltr'>Et</span> <span class='ocrx_word' id='word_1_857' title='bbox 3123 5535 3362 5606; x_wconf 91' lang='lat' dir='ltr'>quidem</span> <span class='ocrx_word' id='word_1_858' title='bbox 3419 5530 3818 5606; x_wconf 64' lang='lat' dir='ltr'>praetermissis</span> 
     </span>
    </p>
   </div>
   <div class='ocr_carea' id='block_1_117' title="bbox 416 5619 3813 5699">
    <p class='ocr_par' dir='ltr' id='par_1_117' title="bbox 416 5619 3813 5699">
     <span class='ocr_line' id='line_1_117' title="bbox 416 5619 3813 5699; baseline -0.001 -21"><span class='ocrx_word' id='word_1_859' title='bbox 416 5623 841 5695; x_wconf 90' lang='lat' dir='ltr'>repromittenti</span> <span class='ocrx_word' id='word_1_860' title='bbox 875 5626 1001 5699; x_wconf 90' lang='lat' dir='ltr'>ipso</span> <span class='ocrx_word' id='word_1_861' title='bbox 1026 5627 1284 5682; x_wconf 87' lang='lat' dir='ltr'>Christo:</span> <span class='ocrx_word' id='word_1_862' title='bbox 1327 5650 1346 5675; x_wconf 73' lang='grc' dir='ltr'><strong>α</strong></span> <span class='ocrx_word' id='word_1_863' title='bbox 1380 5628 1562 5682; x_wconf 88' lang='lat' dir='ltr'>Amen</span> <span class='ocrx_word' id='word_1_864' title='bbox 1589 5641 1755 5682; x_wconf 85' lang='lat' dir='ltr'>amen</span> <span class='ocrx_word' id='word_1_865' title='bbox 1810 5629 1959 5698; x_wconf 90' lang='lat' dir='ltr'>dico,</span> <span class='ocrx_word' id='word_1_866' title='bbox 2009 5628 2057 5685; x_wconf 90' lang='lat' dir='ltr'>si</span> <span class='ocrx_word' id='word_1_867' title='bbox 2167 5629 2436 5684; x_wconf 68' lang='lat' dir='ltr'>humanae</span> <span class='ocrx_word' id='word_1_868' title='bbox 2497 5625 2847 5698; x_wconf 82' lang='lat' dir='ltr'>fragilitatis,</span> <span class='ocrx_word' id='word_1_869' title='bbox 2879 5633 2932 5680; x_wconf 89' lang='lat' dir='ltr'>et</span> <span class='ocrx_word' id='word_1_870' title='bbox 2964 5625 3278 5698; x_wconf 73' lang='lat' dir='ltr'>repentinae</span> <span class='ocrx_word' id='word_1_871' title='bbox 3339 5619 3813 5697; x_wconf 70' lang='lat' dir='ltr'>concupiscentia</span> 
     </span>
    </p>
   </div>
  </div>
