4106 6178
221 361 417 429 .1081

823 362 1239 432 ADVERSUS
1284 361 1752 430 SIMONIACOS
1795 358 2006 426 LIBRI
2048 359 2366 426 TRES.--
2393 363 2627 428 LIBER
2669 363 3104 432 SECUNDUS.

3479 370 3660 440 ,1082

219 496 621 572 ,quotidianis
651 498 1005 571 excessibus,
1051 500 1344 572 quomodo
1395 499 1640 554 credunt
1685 497 1757 567 ei,
1806 495 1906 570 qui
1935 495 1992 561 Α
2019 511 2094 551 vr.
2153 498 2240 567 5);
2271 520 2298 547 ››
2357 501 2442 553 et:
2478 521 2504 548 «
2540 498 3044 572 Honora’patrem
3102 502 3159 555 et
3216 505 3484 575 matrem,
3539 523 3655 564 non

260 587 538 644 diuturna
559 587 1054 660 praemeditatione
1076 591 1131 642 et
1163 586 1400 642 consilio
1430 587 1488 640 in
1520 585 1699 657 hujus
1721 586 1899 640 haere-

257 693 390 734 seos
421 677 643 732 crimen
673 675 821 748 lapsi
853 677 1234 742 contendunt,
1269 693 1372 730 nec
1404 675 1652 730 audiunt
1705 675 1900 729 dicen-

251 770 400 822 tem:
437 789 465 816 α
485 766 676 821 Gratis
699 764 1022 837 accepistis,
1048 765 1231 837 gratis
1253 764 1425 820 date?
1451 787 1477 813 »
1496 764 1735 819 Constat
1763 779 1898 834 ergo

255 855 396 928 quia
425 871 541 910 non
570 854 631 909 in
657 871 790 909 eum
818 855 1088 921 credunt;
1114 854 1498 909 sacramentis
1520 852 1644 908 suis
1663 849 1899 906 inviola-

253 943 398 1000 bilia
429 948 486 999 et
504 949 779 1016 perpetua
809 942 1109 1015 privilegia
1135 944 1541 998 decernentem
1592 946 1648 997 et
1677 939 1900 996 consti-

255 1037 521 1089 tuentem
558 1049 672 1089 non
705 1032 972 1088 audiunt.

890 1139 1118 1195 CAPUT
1159 1138 1273 1193 XV.

255 1229 510 1298 Qualiter
537 1245 570 1282 a
603 1227 928 1298 quibusdam
949 1229 1115 1298 juxta
1156 1225 1403 1298 quaedam
1450 1243 1560 1280 non
1607 1225 1898 1293 audiatur,

515 1307 569 1354 et
589 1300 752 1371 juxta
782 1298 1034 1369 quaedam
1064 1298 1328 1353 audiatur
1357 1298 1636 1352 Dominus.

329 1388 464 1456 Sed,
496 1404 568 1443 ne
601 1388 732 1460 quis
763 1387 901 1442 hinc
931 1404 1135 1442 ansam
1170 1385 1474 1442 calumniae
1497 1386 1555 1439 in
1587 1402 1693 1441 nos
1717 1388 1900 1440 retor-

204 1516 209 1536 ς
251 1477 549 1549 quendam
580 1476 914 1545 arbitretur,
948 1476 1262 1532 asserendo
1294 1493 1398 1530 nec
1430 1489 1538 1529 nos
1576 1475 1809 1529 credere
1840 1472 1900 1527 in

250 1566 462 1633 Deum,
497 1564 634 1637 quia
664 1565 961 1620 multoties
986 1568 1220 1637 peccata
1243 1568 1302 1620 et
1319 1564 1566 1618 crimina
1585 1566 1894 1624 vetantem,

251 1658 430 1726 atque
451 1654 522 1710 ad
553 1653 797 1709 virtutes
827 1652 1168 1708 invitantem
1192 1671 1306 1709 non
1337 1653 1633 1719 audimus,
1656 1649 1898 1718 noverit,

253 1744 410 1799 sicut
438 1741 753 1814 plurimam
785 1759 912 1798 esse
942 1742 1334 1798 diversitatem
1367 1741 1695 1796 divinorum
1746 1757 1897 1812 prae-

2011 585 2258 651 occides,
2292 603 2404 642 non
2439 587 2821 643 mmchaberis
2853 589 3008 659 (Deut
3061 607 3120 660 ν,
3155 591 3368 664 16-18).
3407 616 3434 641 ››
3482 595 3652 652 Tales

2012 675 2060 731 si
2096 693 2127 730 a
2158 675 2311 731 malo
2342 675 2655 745 declinant,
2691 694 2794 732 nec
2814 682 3009 733 tamen
3033 679 3184 734 bona
3211 679 3658 748 faciunt,ﬁdeles

2013 764 2250 836 quidem
2282 768 2438 830 sunt,
2473 766 2572 820 sed
2598 765 2783 821 otiosa
2813 771 2902 820 est
2934 767 3077 822 ﬁdes
3105 784 3332 823 eorum.
3369 770 3426 825 Si
3460 776 3655 827 autem

2015 871 2119 909 nec
2157 871 2191 908 a
2221 853 2372 908 malo
2432 853 2745 920 declinant,
2799 856 2898 910 sed
2960 856 3201 928 insuper
3249 858 3657 916 criminalibus

2012 942 2261 1014 peccatis
2293 943 2517 1014 seipsos
2567 944 2952 1014 pessumdant
2985 962 2997 1011 ;
3025 945 3150 1015 jam
3209 946 3450 1017 quidem
3506 949 3653 1004 ﬁdes

2012 1048 2212 1087 eorum
2245 1036 2547 1103 reputatur
2577 1035 2641 1086 ut
2661 1033 2832 1087 arbor
2853 1034 3208 1100 mortua,sed
3236 1051 3350 1088 non
3377 1036 3658 1092 radicitus

2011 1119 2229 1187 evulsa,
2264 1137 2397 1175 cum
2432 1124 2623 1176 tamen
2656 1139 2890 1193 quoquo
2922 1121 3095 1177 modo
3139 1123 3330 1179 adhuc
3387 1125 3543 1178 vivat
3589 1143 3658 1180 ex

2011 1226 2114 1281 spe
2145 1225 2259 1281 qua
2284 1208 2512 1263 veniam
2545 1209 2655 1264 sibi
2681 1215 2936 1280 sperant,
2972 1215 3030 1266 et
3061 1211 3240 1266 Deum
3275 1230 3308 1267 a
3337 1213 3652 1285 quoipsam

2010 1298 2239 1354 veniam
2271 1302 2526 1368 sperant,
2559 1302 2614 1352 et
2675 1299 3004 1369 proximum
3072 1301 3657 1374 quantulumcunque

2013 1391 2228 1443 ament.
2269 1387 2544 1459 Denique,
2580 1391 2643 1441 ut
2672 1388 2984 1458 Apostolus
3017 1389 3132 1444 ait:
3173 1411 3200 1438 «
3227 1389 3394 1444 Fides
3427 1395 3513 1445 est
3535 1409 3660 1462 spe-

2013 1477 2329 1531 raudarum
2361 1474 2691 1531 substantia
2724 1493 2918 1530 rerum
2968 1478 3150 1547 (Hebr.
3214 1496 3294 1545 x1,
3328 1479 3400 1546 1).
3436 1500 3462 1527 ››
3497 1479 3661 1536 Unde

2011 1569 2168 1636 patet
2199 1566 2373 1619 ﬁdem
2397 1565 2521 1636 spei
2543 1565 2934 1620 substantiam
2963 1581 3112 1620 esse.
3138 1565 3244 1620 Ubi
3270 1571 3464 1622 autem
3500 1583 3656 1640 spes,

2010 1653 2089 1708 ibi
2113 1657 2169 1708 et
2190 1670 2373 1724 amor,
2403 1653 2540 1725 quia
2562 1670 2796 1708 necesse
2819 1658 2907 1708 est
2930 1671 3092 1709 ames
3114 1656 3267 1709 bona
3290 1672 3415 1726 quae
3435 1673 3655 1727 speras.

2010 1747 2092 1798 Ac
2122 1759 2224 1814 per
2254 1742 2362 1797 hoc
2379 1745 2606 1798 constat
2624 1741 2768 1796 illud
2793 1742 3655 1814 B.Gregoriidictum,«unum-

257 1835 581 1903 ceptorum,
615 1831 699 1887 sic
721 1835 777 1886 et
791 1831 1106 1903 plurimam
1131 1847 1562 1887 conversorum.
1579 1833 1726 1885 Sunt
1742 1827 1896 1884 enlm
1933 1865 1981 1929 B
2012 1848 2304 1904 quemque
2322 1835 2606 1902 quantum
2626 1831 3049 1885 credittantum
3074 1848 3308 1902 sperare
3329 1837 3385 1887 et
3399 1850 3651 1888 amare.»

260 1921 527 1992 quaedam
558 1920 758 1975 divina
777 1924 1080 1993 praecepta,
1116 1937 1240 1993 quae
1263 1919 1312 1974 si
1334 1919 1465 1992 quis
1490 1919 1581 1992 pie
1606 1922 1901 1990 transgre-

256 2009 439 2078 ditur,
471 2026 587 2065 non
619 2008 810 2064 solum
842 2008 923 2064 nil
959 2009 1164 2082 culpae,
1199 2011 1299 2065 sed
1331 2014 1386 2065 et
1410 2009 1731 2081 plurimum
1753 2023 1906 2061 mer-

227 2160 230 2162 ,
259 2097 419 2154 cedis
449 2099 826 2166 nanciscitur,
860 2096 1020 2154 velut
1049 2097 1144 2154 ille
1175 2097 1465 2171 gloriosus
1503 2101 1907 2170 transgressor

257 2186 500 2254 Paulus,
533 2187 633 2260 qui
685 2204 819 2243 cum
868 2205 901 2242 a
947 2187 1188 2243 Domino
1246 2190 1598 2260 praeceptum
1649 2187 1802 2242 sicut
1851 2191 1907 2241 et

251 2275 573 2347 coapostoli
595 2277 723 2347 ejus
745 2276 1036 2342 habuerit,
1059 2281 1124 2331 ut
1147 2275 1523 2348 Evangelium
1545 2274 1904 2330 annuntians

251 2364 325 2429 de
354 2364 667 2438 Evangelio
697 2365 913 2420 viveret
940 2366 984 2437 (Ι
1015 2364 1134 2420 Cor.
1197 2383 1272 2430 Ix,
1329 2365 1436 2437 14),
1497 2363 1642 2418 nihil
1693 2364 1903 2420 horum

252 2470 422 2521 usus,
453 2452 654 2509 labore
686 2469 927 2508 manum
958 2470 1201 2509 suarum
1232 2451 1393 2518 vixit,
1426 2469 1498 2508 ne
1530 2469 1707 2524 quam
1739 2470 1903 2508 occa-

227 2541 482 2599 sionem
515 2543 680 2598 daret
707 2541 1017 2616 Evangelia
1050 2542 1267 2597 Christi
1326 2542 1459 2614 (Act.
1493 2560 1586 2606 xx,
1643 2543 1755 2611 31).
1814 2543 1905 2598 Sic

257 2634 488 2688 suntet
517 2630 736 2702 aliqua,
779 2648 905 2702 quae
939 2630 987 2687 si
1041 2630 1428 2686 continuatim
1485 2633 1758 2702 aguntur,
1801 2647 1905 2687 nec

255 2719 575 2792 aliquando
594 2735 697 2791 pro
710 2719 1594 2792 temporeintermittuntur,non
1609 2720 1905 2776 modicum

257 2807 549 2873 deviatur,
582 2807 735 2864 sicut
764 2809 835 2863 de
867 2808 1122 2876 sacculo,
1166 2807 1254 2863 vel
1312 2823 1470 2880 pera,
1522 2825 1624 2864 seu
1665 2808 1906 2880 reliquis

264 2913 386 2954 non
415 2895 688 2952 tollendis
719 2901 776 2953 et
792 2896 1090 2966 tollendis,
1117 2896 1336 2952 scilicet
1350 2900 1610 2968 tempore
1635 2897 1794 2969 pacis
1808 2902 1908 2953 aut

258 2985 706 3057 persecutionis.
738 2986 887 3041 Nam
917 2985 1042 3058 ipse
1073 2986 1172 3057 qui
1205 2985 1368 3058 prius
1398 2985 1644 3041 dixerat:
1668 3009 1694 3035 ‹‹
1720 2985 1905 3041 Nolite

219 3130 224 3134 .
259 3082 493 3146 portare
533 3073 833 3130 sacculum
891 3078 991 3129 aut
1046 3091 1244 3146 peram
1308 3075 1436 3148 (Luc
1482 3092 1536 3140 x,
1571 3076 1652 3146 li);
1690 3097 1716 3123 »
1748 3074 1903 3130 idem

251 3166 460 3235 postea
491 3161 660 3218 dicit:
696 3186 722 3213 ‹‹
774 3163 942 3217 Nunc
971 3161 1071 3233 qui
1129 3163 1305 3218 habet
1352 3162 1675 3230 sacculum,
1737 3161 1904 3218 tollat

2020 1921 2192 1976 Porro
2225 1937 2359 1991 spes
2382 1921 2440 1974 in
2465 1923 2696 1974 tantum
2729 1918 2940 1973 dicitur
2959 1920 3190 1991 prOprie
3220 1937 3416 1976 rerum
3477 1922 3658 1976 bona-

2017 2027 2147 2064 rum
2179 2025 2325 2076 esse,
2360 2013 2423 2063 ut
2452 2008 2738 2063 habeatur
2767 2007 3213 2080 agrammaticis
3228 2025 3330 2080 pro
3349 2009 3654 2082 vitioquod

2017 2099 2209 2155 Graece
2259 2097 2606 2170 acyrologia,
2668 2096 2862 2151 Latine
2921 2112 3054 2150 vero
3115 2097 3434 2169 impropria
3483 2098 3658 2154 dictio

2012 2187 2246 2252 dicitur,
2280 2186 2614 2258 ubicunque
2647 2184 2815 2240 aliter
2845 2185 3035 2258 posita
3085 2185 3398 2251 invenitur,
3459 2191 3525 2242 ut
3570 2191 3658 2243 est

2013 2275 2156 2331 illud
2189 2280 2367 2348 poetae
2391 2292 2404 2330 :

2076 2391 2208 2440 Hinc
2230 2404 2355 2454 ergo
2381 2389 2423 2439 si
2455 2389 2605 2452 potui
2627 2391 2836 2438 tantum
2859 2402 3075 2452 sperare
3107 2389 3365 2440 dolorem.

2085 2499 2248 2554 Unde
2272 2501 2330 2553 et
2358 2497 2443 2553 sic
2473 2499 2770 2568 exponunt
2790 2511 3036 2567 ;sperare
3051 2494 3197 2551 dixit
3216 2513 3320 2568 pro
3343 2498 3539 2553 timere
3555 2497 3662 2554 Cu-

2004 2588 2107 2659 jus
2136 2586 2293 2642 verbi
2325 2586 2735 2658 proprietatem
2760 2600 2997 2641 servans
3027 2584 3172 2640 alter
3189 2585 3268 2639 ait
3294 2603 3306 2640 :

2076 2702 2251 2751 Liceat
2279 2714 2492 2764 sperare
2515 2700 2737 2750 timenti.

2015 2807 2405 2875 Quamobrem
2436 2806 2702 2877 quamvis
2727 2806 2870 2861 ﬁdes
2902 2807 3187 2860 bonarum
3223 2821 3417 2861 rerum
3477 2806 3555 2862 sit
3605 2809 3662 2863 et

2016 2896 2472 2966 malarum,spes
2494 2900 2687 2949 tamen
2713 2895 2970 2962 nonnisi,
3004 2893 3458 2967 bonarum,quia
3475 2894 3663 2951 credi-

2018 3002 2152 3040 mus
2184 2984 2422 3057 quidem
2455 2984 2608 3038 bona
2647 3000 2772 3054 quae
2832 2982 3121 3054 promittit
3163 2983 3339 3050 Deus,
3400 2988 3458 3039 et
3507 2984 3662 3040 mala

2016 3073 2402 3129 nihilominus
2422 3089 2547 3144 qua:
2572 3071 2851 3139 minatur,
2885 3087 3018 3136 cum
3083 3076 3283 3127 tamen
3337 3073 3490 3128 bona
3535 3074 3663 3145 ipsa

2014 3167 2243 3218 tantum
2277 3177 2602 3233 speremus,
2636 3159 2790 3214 mala
2821 3164 3020 3215 autem
3053 3164 3281 3215 tantum
3317 3162 3657 3216 timeamus.

253 3229 532 3307 similiter
560 3255 615 3308 et
639 3267 839 3324 peram
873 3229 1006 3322 (Luc
1032 3269 1170 3318 χχιι,
1203 3252 1312 3324 36).
1344 3274 1370 3299 ››
1403 3251 1900 3323 Hujusmodiergo

2016 3253 2096 3306 Ac
2130 3268 2230 3323 per
2259 3229 2368 3304 hoc
2400 3249 2462 3303 B.
2495 3246 2898 3304 Jacobuslicct
2922 3248 3117 3304 dicat:
3155 3270 3181 3298 «
3212 3249 3296 3303 Tu
3322 3249 3510 3304 credis
3525 3249 3663 3321 quia

254 3341 561 3398 Dominica
590 3345 879 3414 praecepta
924 3357 1056 3396 cum
1108 3340 1356 3395 discrete
1413 3340 1902 3408 intermittuntur,

251 3430 465 3484 beatus
496 3428 698 3501 procul
732 3429 909 3484 dubio
966 3429 1337 3484 intermissor
1382 3428 1576 3484 taliter
1635 3428 1900 3484 habetur.

251 3518 412 3574 Sunt
440 3534 670 3590 quoque
702 3517 814 3572 alia
848 3535 976 3588 qum
1020 3516 1194 3572 etiam
1229 3520 1515 3588 perfectos
1548 3517 1904 3573 conturbant

253 3603 445 3659 nimia
473 3603 797 3660 subtilitate
843 3621 970 3671 sua,
1008 3608 1073 3658 ut
1119 3607 1243 3658 est:
1279 3627 1305 3652 ‹‹
1340 3604 1464 3660 Νοιι
1525 3605 1902 3677 concupisces

252 3692 447 3763 (Exod.
480 3695 720 3770 xx,_i7),
756 3715 784 3742 n
817 3697 874 3749 et
905 3710 1018 3748 non
1070 3692 1258 3748 solum
1318 3693 1748 3760 contumeliosi,
1800 3695 1901 3749 sed

249 3781 430 3837 etiam
476 3780 646 3836 otiosi
696 3780 855 3837 verbi
913 3781 1228 3837 vehemens
1302 3782 1634 3838 interdictio
1693 3782 1898 3854 (Matth.

248 3886 354 3935 χιι,
383 3868 477 3940 36)
495 3887 508 3936 ;
525 3869 584 3923 in
611 3868 826 3940 quibus
847 3886 981 3925 cum
1005 3870 1535 3941 transgrediuntur,
1563 3888 1676 3926 non
1700 3871 1903 3942 utique

246 3974 455 4014 eorum
488 3957 632 4014 ﬁdes
658 3958 958 4014 sauciatur
985 3958 1088 4012 sed
1121 3959 1400 4014 sanctitas
1443 3960 1902 4016 conversationis

243 4046 655 4116 deterioratur,
708 4045 980 4118 quamvis
1028 4050 1159 4118 post
1210 4047 1715 4119 concupiscentiae
1761 4065 1902 4103 suas

245 4151 365 4192 non
395 4135 611 4203 eundo,
644 4135 930 4209 ex‘verbis
957 4150 1186 4207 quoque
1209 4136 1334 4191 suis
1365 4152 1492 4190 sese
1519 4137 1732 4191 acriter
1754 4137 1903 4205 diiu-

245 4223 508 4280 dicando
536 4228 805 4295 reparata
835 4222 1193 4291 melioretur,
1226 4223 1520 4295 praecipue
1572 4224 1670 4278 ubi
1703 4225 1898 4292 corde,

251 4328 375 4378 ore,
406 4327 581 4384 opere
610 4317 725 4368 Deo
755 4311 908 4366 Patri
942 4329 1048 4367 suo
1076 4311 1337 4384 quotidie
1386 4312 1469 4366 sic
1516 4312 1895 4384 proﬁtentur:

257 4423 284 4451 α
318 4401 563 4456 Dimitte
584 4400 753 4457 nobis
784 4401 979 4456 debita
1006 4403 1225 4469 nostra,
1261 4399 1411 4455 sicut
1439 4404 1496 4455 et
1520 4417 1625 4456 nos
1648 4401 1901 4456 dimitti-

251 4506 392 4546 mus
422 4489 788 4546 debitoribus
831 4489 1048 4544 nostris
1079 4488 1280 4560 (Matth.
1312 4505 1389 4554 v1,
1424 4489 1576 4560 12).»
1601 4488 1746 4544 Hinc
1761 4493 1900 4546 sunt

2020 3357 2173 3395 unus
2195 3343 2283 3394 est
2315 3339 2496 3405 Deus;
2520 3338 2668 3393 bene
2700 3337 2864 3408 facis,
2899 3341 2956 3392 et
2986 3339 3280 3393 daemones
3312 3339 3582 3404 credunt,
3606 3341 3664 3394 et

2015 3427 2473 3484 contremiscunt
2504 3429 2634 3498 (Jac.
2667 3445 2728 3494 ιι,
2768 3428 2884 3498 19);
2919 3450 2944 3475 ››
2979 3427 3036 3481 in
3071 3427 3178 3482 hoc
3201 3427 3660 3484 tamencreduli-

2014 3522 2104 3573 tas
2136 3534 2446 3589 parvorum
2497 3516 2804 3571 hominum
2838 3533 2870 3570 a
2928 3515 3272 3572 credulitate
3321 3517 3656 3572 daemonum

2014 3607 2226 3672 differt,
2262 3604 2402 3676 quia
2432 3605 2591 3676 pravi
2652 3604 2919 3660 homines
2977 3605 3223 3660 credunt
3273 3608 3330 3660 et
3382 3610 3659 3677 sperant;

2013 3696 2314 3751 daemones
2337 3698 2532 3748 autem
2567 3694 2814 3748 credunt
2843 3693 3103 3764 quidem,
3128 3693 3228 3748 sed
3258 3710 3372 3748 non
3397 3697 3654 3764 sperant,

2013 3784 2130 3839 imo
2162 3784 2494 3855 desperant,
2528 3785 2584 3837 et
2608 3782 2735 3836 ideo
2757 3781 3233 3836 contremiscunt.
3267 3781 3432 3845 Quod
3465 3781 3513 3836 si
3532 3798 3658 3852 per-

2011 3873 2158 3928 versi
2189 3871 2458 3926 homines
2487 3869 2730 3924 credunt
2763 3868 3022 3938 quidem,
3076 3868 3175 3922 sed
3235 3885 3350 3923 non
3397 3872 3654 3940 sperant.

2003 3962 2129 4032 jam
2154 3977 2186 4014 a
2216 3957 2559 4015 credulitate
2591 3957 2922 4011 daemonum
2948 3955 3025 4010 nil
3058 3954 3299 4011 distant.
3334 3957 3442 4012 Sed
3477 3958 3660 4013 scien-

2011 4049 2152 4103 dum
2186 4046 2344 4118 quia,
2380 4046 2534 4099 sicut
2568 4043 2786 4099 malum
2820 4047 2909 4098 est
2929 4043 3272 4100 hominibus
3295 4045 3658 4117 desperando

2011 4153 2271 4209 peccare,
2305 4133 2410 4199 sic,
2446 4136 2504 4189 et
2531 4150 2710 4204 supra
2736 4134 2976 4188 modum
3010 4134 3320 4206 sperando,
3356 4135 3425 4190 de
3453 4135 3546 4191 die
3600 4135 3657 4190 in

2012 4225 2166 4280 diem
2223 4222 2625 4296 paenitentiam
2675 4221 2927 4288 differre,
2963 4223 3338 4295 peccatisque
3421 4230 3660 4296 peccata

2012 4313 2244 4391 addere,
2279 4315 2336 4367 et
2367 4327 2435 4365 ex
2453 4309 2537 4366 eis
2568 4309 2723 4366 velut
2749 4310 2952 4366 restim
2985 4311 3216 4384 longam
3279 4311 3390 4367 sibi
3451 4317 3657 4378 texere,

2012 4420 2130 4474 qua
2159 4401 2217 4455 in
2251 4399 2364 4455 ﬁne
2386 4399 2558 4472 legati
2595 4416 2806 4455 manus
2838 4404 2893 4455 et
2915 4401 3091 4472 pedes
3119 4399 3550 4471 przecipitentur
3599 4400 3658 4454 in

2011 4493 2282 4549 tenebras
2315 4490 2650 4557 exteriores,
2684 4507 2854 4561 quos,
2890 4491 3152 4562 quandiu
3186 4506 3290 4544 nec
3322 4489 3655 4561 desperant,

245 4582 308 4636 et
338 4577 458 4634 alia
485 4595 612 4650 qua:
639 4578 749 4634 etsi
783 4578 853 4633 ad
911 4577 1322 4650 perfectionem
1365 4577 1561 4632 minus
1605 4578 1896 4649 perfectos
1930 4593 1978 4659 D
2011 4599 2114 4638 nec
2143 4583 2383 4653 peccata
2401 4596 2508 4634 sua
2536 4579 2880 4645 defendunt,
2907 4593 3278 4649 nequaquam
3299 4593 3333 4630 a
3358 4576 3658 4632 catholica;

242 4667 520 4734 invitent,
554 4672 750 4722 tamen
783 4665 1088 4721 arbitrium
1113 4682 1314 4721 eorum
1347 4666 1692 4722 necessitate
1753 4685 1898 4739 prai-

243 4759 522 4830 gravant,
583 4760 650 4811 ut
707 4758 828 4811 est:
863 4777 892 4804 «
947 4755 1008 4810 Si
1062 4754 1148 4809 vis
1190 4754 1483 4826 perfectus
1539 4772 1687 4822 esse,
1733 4757 1896 4825 vade,

238 4844 436 4901 vende
486 4844 683 4900 omnia
741 4861 867 4915 quas
916 4843 1099 4898 habes
1153 4842 1360 4914 (Matth.
1414 4860 1531 4913 xxx,
1589 4845 1703 4914 21).
1741 4867 1768 4893 »
1800 4845 1897 4900 Et:

241 4956 276 4985 α
309 4933 628 5005 Quipotest
649 4949 854 5005 capere
884 4931 1076 5004 capiat
1099 4931 1278 5002 (ΗΜΛ,
1303 4931 1412 5003 42).
1440 4951 1468 4979 ››
1499 4933 1633 4996 Quae
1652 4936 1902 5003 quatuor

219 5021 618 5080 diversitates
640 5021 968 5076 divinorum
984 5023 1404 5092 praeceptorum
1418 5018 1823 5091 spiritualibus
1846 5026 1902 5076 et

233 5126 385 5167 vere
414 5109 719 5166 catholicis
749 5112 1108 5182 competunt,
1141 5108 1240 5180 qui
1273 5108 1542 5181 quamvis
1562 5125 1677 5164 non
1701 5111 1900 5166 omnia

235 5199 535 5256 mandata
564 5198 664 5254 Dei
695 5197 778 5254 sic
808 5199 1056 5254 audiunt
1082 5201 1148 5252 ut
1176 5196 1408 5266 faciant,
1440 5200 1635 5251 tamen
1696 5213 1897 5254 eorum

213 5304 457 5349 sanam
479 5287 657 5344 ﬁdem
687 5292 843 5343 recta
865 5303 1040 5359 opera
1067 5285 1410 5341 clariﬁcant.
1435 5286 1636 5341 Restat
1667 5287 1894 5358 quinta,

229 5393 376 5450 quis
408 5376 611 5433 ﬁdeles
643 5377 904 5449 quidem,
938 5377 1037 5432 sed
1073 5380 1267 5431 tamen
1301 5373 1564 5430 carnales
1624 5379 1679 5430 et
1721 5377 1898 5432 rudes

224 5465 549 5532 informat,
581 5469 637 5520 et
663 5483 696 5521 a
717 5465 953 5538 ﬂagitiis
979 5469 1152 5536 atque
1206 5463 1562 5518 facinoribus
1611 5464 1887 5532 refrenat,

226 5557 313 5610 ut
341 5557 431 5609 est
459 5553 800 5626 Decalogus,
833 5557 890 5609 et
921 5553 1257 5625 hujusmodi
1283 5557 1506 5619 caetera,
1534 5552 1716 5608 sicut:
1754 5577 1780 5603 ‹‹
1807 5554 1900 5608 Di-

222 5641 390 5714 liges
421 5643 740 5700 Dominum
771 5644 957 5700 Deum
977 5647 1146 5699 tuum
1170 5658 1237 5698 ex
1265 5646 1384 5698 toto
1402 5643 1573 5698 corde
1596 5647 1694 5697 tuo
1713 5644 1893 5716 (Deut.

2011 4670 2276 4726 Ecclesim
2310 4669 2584 4741 paradiso
2617 4671 2877 4722 extrema
2934 4663 3223 4720 sententia
3281 4665 3655 4732 damnamus,

2013 4757 2282 4830 quamvis
2297 4756 2591 4812 interdum
2608 4771 2640 4808 a
2662 4752 3076 4808 communione
3090 4755 3290 4807 nostra
3314 4751 3655 4826 aliquandiu

2011 4846 2248 4902 medelas
2279 4861 2457 4900 causa
2491 4857 2914 4896 removeamus.
2949 4841 3019 4895 Et
3061 4840 3190 4897 ideo
3221 4847 3452 4898 constat
3508 4841 3656 4899 tales

2011 4935 2204 4991 adhuc
2236 4929 2558 5004 computari
2592 4929 2744 4982 inter
2767 4927 2985 4994 ﬁdeles,
3010 4931 3066 4983 et
3084 4930 3354 5001 quamvis
3381 4932 3656 4988 crimino-

2009 5041 2128 5094 sos,
2154 5041 2266 5079 non
2297 5025 2490 5076 tamen
2526 5021 2679 5073 recte
2711 5017 2824 5072 dici
2854 5017 3085 5090 impios,
3111 5019 3249 5091 quia
3279 5043 3299 5070 ο
3352 5021 3592 5093 impius,
3625 5041 3652 5072 υ

2009 5111 2066 5166 id
2098 5116 2188 5166 est
2218 5107 2491 5174 inﬁdelis,
2529 5129 2556 5156 ‹‹
2588 5122 2720 5160 cum
2751 5107 2971 5161 venerit
3002 5107 3059 5161 in
3093 5108 3450 5180 profundum
3475 5107 3657 5163 malo-

2009 5216 2163 5266 rum,
2196 5195 2517 5254 contemnit
2547 5195 2844 5267 (Pr0v.xv,
2877 5196 2953 5265 3).
2988 5217 3015 5244 »
3056 5197 3255 5267 Itaque
3286 5213 3391 5250 nec
3423 5195 3519 5250 isti
3553 5212 3657 5249 au-

2009 5287 2241 5344 dierunt
2272 5285 2587 5341 Dominum
2621 5282 2869 5339 crimina
2889 5283 3356 5351 interdicentem,
3392 5291 3444 5338 et
3462 5288 3657 5339 tamen

2009 5378 2254 5432 credunt
2282 5375 2355 5442 ei,
2389 5373 2540 5428 sicut
2569 5389 2747 5445 supra
2774 5375 3137 5426 monstratur
3168 5371 3484 5442 evidenter,
3502 5375 3656 5444 quod

2007 5469 2065 5522 et
2095 5466 2165 5520 de
2195 5464 2287 5518 his
2320 5463 2636 5517 dicendum
2660 5466 2772 5525 est,
2798 5460 2898 5532 qui
2922 5461 3096 5514 etiam
3130 5461 3199 5515 de
3221 5478 3455 5516 summo
3479 5462 3658 5518 virtu-

2007 5559 2134 5633 tum
2167 5552 2422 5608 culmine
2453 5551 2524 5606 ad
2559 5551 2678 5606 ima
2707 5550 2979 5605 vitiorum
3013 5550 3138 5622 pari
3175 5551 3345 5606 modo
3391 5568 3660 5608 nonnun-

2013 5659 2193 5718 quam
2223 5644 2524 5698 corruunt.
