4086 6180
513 397 668 464 1083

515 624 618 683 Ubi
645 623 1040 678 contradicitur
1061 621 1361 685 hmretz’cos,
1385 635 1484 674 nec
1507 620 1643 673 sicut
1665 619 1986 673 criminosas
2008 619 2160 672 intra

970 694 1265 747 Ecclesium
1288 693 1455 745 Deum
1488 691 1702 745 audire.

580 799 794 856 Verum
828 816 896 854 ne
947 798 1168 871 praefati
1229 797 1478 852 haeretici
1541 796 1632 851 his
1684 796 1895 850 nostris
1950 794 2157 861 armis,

511 890 668 945 velut
696 890 980 956 incautos,
1008 886 1440 959 aggrediantur,
1467 889 1793 940 asserentes
1817 901 1880 939 se
1902 900 2158 954 quoque,

520 977 781 1049 exemplo
813 993 1014 1032 eorum
1049 993 1196 1047 quos
1226 973 1836 1037 commemoravimus,
1875 973 1934 1026 in
1982 975 2159 1026 Deum

512 1067 764 1134 credere,
799 1066 1066 1138 quamvis
1100 1081 1232 1119 eum
1268 1081 1380 1118 non
1409 1063 1650 1116 audiant
1696 1062 2157 1132 praecipientem:

513 1178 540 1204 ‹‹
574 1155 765 1210 Gratis
798 1154 1124 1226 accepistis,
1157 1152 1338 1224 gratis
1371 1152 1520 1216 date,
1552 1174 1576 1197 ›ι
1612 1152 2158 1204 noverintnostram

511 1261 544 1298 θ.
575 1261 681 1298 sua
712 1261 887 1298 causa
918 1240 1427 1312 incorporabiliter
1458 1239 1808 1310 discrepare.
1839 1237 1896 1293 Si
1922 1238 2159 1308 quidem

513 1333 696 1386 nostri
732 1332 994 1402 quaedam
1027 1329 1238 1382 Christi
1266 1329 1542 1382 mandata
1566 1327 1730 1398 quasi
1758 1344 1868 1380 non
1890 1326 2159 1396 audiunt,

511 1420 609 1473 ubi
643 1437 712 1474 ea
742 1423 843 1474 aut
866 1437 983 1474 sua:
1009 1434 1292 1488 suprema:
1310 1416 1680 1488 perfectionis
1694 1415 1880 1486 gratia
1895 1414 2164 1469 alacriter

513 1509 842 1573 transeunt,
877 1510 977 1560 aut
1008 1505 1384 1560 imbecilitate
1435 1503 1648 1558 mentis
1707 1503 1994 1574 perterriti
2047 1519 2158 1556 non

513 1595 750 1663 adeunt,
771 1599 872 1648 aut
906 1593 1236 1665 fragillitate
1267 1593 1528 1647 humana
1559 1593 1851 1646 interdum
1883 1589 2041 1644 ducti
2072 1590 2161 1645 in-

510 1688 678 1738 caute
711 1687 1079 1754 praetereunt,
1117 1686 1215 1736 aut
1247 1682 1566 1736 tentatione
1597 1679 1883 1735 diabolica
1902 1679 2160 1750 superati

512 1771 630 1826 illis
663 1773 899 1839 obeunt,
933 1775 1034 1825 aut
1073 1772 1142 1826 ab
1176 1770 1290 1824 illis
1351 1771 1614 1825 redeunt.
1676 1770 1933 1832 Quorum
1987 1767 2159 1838 primi

513 1877 627 1915 non
657 1859 848 1915 solum
884 1864 1026 1914 sunt
1080 1858 1361 1914 laudandi
1396 1864 1452 1913 et
1510 1858 1803 1924 imitandi,
1850 1873 2050 1911 verum
2106 1860 2236 1955 etB

510 1949 917 2017 beatiﬁcandi;
954 1948 1122 2004 medii
1158 1952 1355 2004 autem
1404 1947 1681 2002 laudandi
1739 1945 1996 2018 quidem,
2054 1945 2154 2000 sed

517 2038 866 2105 miserandi;
938 2037 1213 2109 postremi
1274 2054 1408 2092 vero
1458 2038 1674 2107 pariter
1729 2033 2045 2089 miserandi
2102 2037 2158 2088 et

513 2127 819 2198 arguendi,
845 2131 899 2180 et
933 2130 1130 2180 tamen
1160 2142 1262 2196 pro
1294 2128 1556 2196 tempore
1587 2128 1642 2179 et
1672 2140 1847 2178 causa
1877 2122 1924 2176 si
1946 2121 2154 2191 corripi

511 2220 568 2270 et
590 2215 798 2284 corrigi
827 2213 1151 2284 patiuntur,
1186 2213 1475 2284 patienter
1527 2212 1809 2268 tolerandi
1863 2215 1918 2266 et
1966 2226 2155 2282 exspe-

513 2303 730 2357 ctandi.
755 2302 858 2364 Qui
885 2301 994 2355 etsi
1019 2319 1048 2354 a
1073 2302 1186 2356 Deo
1207 2305 1612 2372 apostatarunt
1641 2301 1799 2371 pravi
1819 2298 2007 2371 operis
2030 2316 2157 2370 per-

513 2389 855 2460 petratione,
888 2393 1084 2443 tamen
1117 2389 1308 2443 adhuc
1329 2393 1466 2443 sunt
1488 2406 1619 2443 cum
1665 2406 1731 2444 eo
1763 2396 1814 2443 el
1849 2392 2006 2442 stant
2055 2404 2157 2458 pro

519 2495 586 2532 eo
617 2494 683 2532 ex
724 2476 857 2530 ﬁdei
891 2477 1250 2548 professione
1283 2493 1457 2548 quam
1492 2476 1742 2531 retinent
1772 2476 1942 2531 corde
1966 2480 2016 2530 et
2037 2491 2151 2529 ore.

515 2563 790 2627 Quamvis
822 2563 977 2618 enim
1009 2563 1200 2632 factis,
1237 2581 1349 2618 non
1374 2567 1570 2617 tamen
1605 2564 1715 2617 ﬁde
1757 2581 1791 2618 a
1844 2563 1959 2618 Deo
2005 2578 2156 2616 rece-

515 2654 683 2718 dunt,
714 2653 854 2706 dum
884 2669 1017 2706 eum
1053 2651 1283 2707 ﬁdelem
1315 2651 1374 2706 in
1406 2653 1681 2707 omnibus
1713 2650 1902 2706 verbis
1925 2650 2068 2718 suis,
2104 2653 2160 2705 et

516 2745 786 2796 sanctum
819 2740 879 2795 in
911 2741 1186 2796 omnibus
1218 2741 1490 2813 operibus
1513 2740 1636 2796 suis
1670 2742 2042 2813 (Psal.CXI.1v,
2077 2739 2158 2809 15)

516 2831 763 2886 credunt
793 2834 848 2884 et
879 2831 1102 2896 dicunt,
1132 2831 1306 2884 etiam
1341 2847 1473 2885 cum
1519 2831 1691 2885 ﬁdem
1752 2829 1939 2900 ipsam
1994 2828 2160 2882 factis

515 2924 776 2973 astruere
807 2918 1131 2991 negligunt.
1166 2919 1272 2982 Qui
1307 2919 1544 2990 quidem
1572 2919 1642 2973 ad
1678 2918 2035 2972 credendum
2058 2933 2159 2970 au-

515 3007 685 3062 diunt
715 3007 1011 3062 Christum
1045 3008 1360 3063 Dominum
1389 3009 1675 3064 dicentem
1703 3025 1715 3062 :
1752 3007 1868 3062 Hoc
1895 3009 1983 3062 est
2014 3021 2162 3076 opus

514 3096 638 3162 Dei,
667 3099 733 3150 ut
762 3096 1012 3151 credatis
1074 3097 1133 3151 in
1190 3105 1346 3163 eum,
1407 3113 1585 3168 quam
1637 3095 1800 3151 misit
1830 3094 1927 3150 ille
1981 3095 2156 3164 (Joan.

514 3202 589 3254 γι,
622 3185 742 3256 29);
780 3208 806 3234 ››
838 3190 934 3241 et:
971 3208 997 3235 «
1026 3185 1273 3241 Creditis
1301 3186 1358 3240 in
1391 3186 1595 3251 Deum,
1629 3189 1686 3239 et
1713 3184 1772 3238 in
1811 3200 1901 3238 me
1951 3183 2162 3238 credite

1562 391 1972 459 HUMBERTI
2015 389 2080 456 S.
2127 393 2200 455 Β.
2247 389 2328 454 E.‘
2362 391 2855 458 CARDINALIS.

2186 528 2241 593 Α
2273 544 2384 583 non
2419 532 2575 583 sunt.
2604 528 2712 584 Sed
2734 527 2966 584 interim
2991 525 3397 600 praetermissis
3415 523 3567 592 aliis,
3592 519 3906 579 Simoniaci

3713 405 3726 410 '
3754 381 3909 450 1084

2271 617 2340 671 ab
2374 616 2516 688 ipsis
2547 617 2999 672 Christianitatis
3059 615 3410 672 rudimentis
3463 611 3722 668 haeretici
3786 615 3911 666 sunt

2271 705 2409 760 dicti
2441 711 2500 761 et
2524 706 2880 778 habiti.Ergo
2903 707 3027 761 sine
3060 707 3172 760 ﬁde
3199 708 3339 760 sunt
3363 703 3432 770 ;si
3465 703 3592 757 sine
3619 701 3737 754 ﬁde
3761 704 3911 765 sunt,

2273 810 2377 849 nec
2409 811 2573 865 spem
2606 794 2820 850 habere
2846 799 3110 866 possunt,
3145 795 3283 864 quia
3316 793 3459 847 ﬁdes
3475 795 3565 846 est
3588 789 3915 845 substantia

2272 884 2413 954 spei.
2449 883 2508 937 Si
2540 901 2703 955 spem
2737 900 2850 938 non
2867 883 3104 953 habent,
3140 899 3243 938 nec
3271 877 3795 950 charitatem,quia
3817 894 3915 932 non

2272 976 2462 1043 potest
2492 989 2687 1027 amare
2712 973 2873 1046 quod
2908 989 3010 1028 nec
3069 975 3283 1043 sperat,
3344 987 3449 1025 nec
3503 967 3716 1033 credit,
3782 967 3917 1020 sicut

2272 1059 2444 1132 paulo
2477 1061 2749 1132 superius
2781 1062 3068 1116 astruitur
3095 1061 3258 1116 satis.

2342 1149 2485 1204 Hinc
2516 1149 2721 1218 conjici
2754 1149 3262 1221 potesthzereticos
3291 1151 3348 1202 et
3377 1162 3643 1218 paganos
3690 1145 3915 1199 inferio-

2271 1252 2363 1292 res
2384 1254 2511 1292 esse
2535 1255 2602 1292 ex
2624 1237 3191 1308 incredulitate,quia
3218 1237 3512 1291 daemones
3530 1250 3725 1288 unum
3745 1233 3916 1287 Deum

2272 1341 2398 1380 esse
2447 1327 2689 1380 credunt
2720 1330 2776 1380 et
2805 1327 3262 1381 contremiscunt
3288 1343 3300 1391 ;
3324 1323 3407 1378 illi
3443 1327 3643 1378 autem
3680 1338 3794 1376 nec
3825 1321 3917 1375 hoc

2269 1413 2590 1468 tantillum.
2628 1415 2692 1468 Et
2721 1418 2916 1469 tamen
2949 1413 3279 1486 superiores
3301 1413 3673 1467 dmmonibus
3710 1411 3771 1464 in
3819 1410 3911 1464 hoc

2271 1507 2409 1557 sunt
2433 1503 2589 1573 quia,
2624 1507 2678 1558 et
2708 1503 2916 1574 pagani
2979 1519 3082 1574 per
3127 1501 3490 1573 baptismum
3549 1506 3608 1555 et
3668 1498 3917 1554 haeretici

2273 1591 2466 1645 forsan
2500 1608 2604 1662 per
2636 1592 3040 1662 pmnitentiam
3070 1590 3280 1646 salvari
3314 1593 3584 1661 possunt.
3647 1587 3916 1654 Quamvis

2269 1679 2316 1734 si
2343 1680 2487 1734 bene
2519 1679 2780 1734 deﬁnitio
2808 1680 2938 1735 ﬁdei
2963 1679 3365 1736 consideretur
3396 1678 3542 1732 ﬁdes
3575 1681 3684 1731 aut
3715 1676 3916 1730 credu-

2269 1767 2403 1822 litas
2435 1769 2803 1824 daemonibus
2835 1771 3027 1824 inesse
3059 1785 3173 1824 non
3206 1766 3461 1838 proprie,
3506 1766 3609 1821 sed
3661 1765 3915 1830 abusive,

2271 1857 2501 1912 dicitur.
2536 1857 2681 1912 Nam
2710 1858 2758 1912 si
2792 1859 2957 1923 ﬁdes,
3016 1862 3082 1912 ut
3137 1854 3452 1928 Apostolus
3511 1855 3742 1919 definit,
3783 1878 3804 1902 ε
3836 1857 3920 1908 est

2267 1947 2689 2017 sperandarum
2727 1947 3063 2002 substantia
3087 1963 3306 2013 rerum,
3341 1948 3752 2017 argumentum
3798 1957 3917 1996 non

2267 2035 2674 2106 apparentium
2708 2036 2890 2105 (llcbr.
2922 2054 2980 2104 ιι,
3016 2035 3069 2105 οΙ)
3106 2058 3132 2083 ››
3167 2037 3397 2090 constat
3453 2034 3744 2086 daemones
3807 2045 3916 2084 nec

2268 2124 2442 2178 ﬁdem
2474 2124 2708 2192 habere,
2745 2140 2849 2178 nec
2880 2125 3114 2179 credere
3147 2127 3351 2189 Deum,
3382 2137 3553 2192 quem
3583 2119 3644 2173 in
3671 2133 3917 2189 evange-

2268 2212 2379 2268 lica
2410 2211 2691 2282 dignitate
2725 2213 2796 2267 ab
2830 2212 2957 2284 ipso
2989 2212 3165 2267 creati
3201 2209 3585 2280 antelapsum
3609 2224 3789 2263 suum
3814 2223 3913 2261 n0-

2265 2305 2484 2369 verant,
2519 2306 2576 2356 et
2596 2300 2859 2356 solebant
2890 2301 3032 2356 facie
3065 2301 3136 2355 ad
3155 2299 3358 2354 faciem
3383 2295 3792 2368 contemplari.
3843 2297 3912 2349 Ac

2269 2406 2370 2461 per
2399 2389 2505 2445 hoc
2537 2407 2652 2444 non
2683 2389 2927 2444 credunt
2952 2388 3137 2444 Deum
3162 2404 3288 2443 esse
3320 2403 3434 2441 non
3495 2397 3670 2457 posse
3731 2371 3911 2438 dicere

2268 2479 2422 2550 quod
2454 2477 2599 2533 dixit
2628 2478 2911 2550 insipiens
2930 2478 2989 2532 in
3021 2478 3194 2533 corde
3219 2493 3354 2532 suo:
3384 2499 3412 2524 ‹‹
3441 2475 3566 2530 Non
3595 2477 3688 2528 est
3709 2473 3906 2536 Deus,»

2269 2567 2408 2638 quia
2435 2567 2492 2621 in
2527 2583 2592 2622 eo
2626 2568 2780 2638 quod
2816 2566 2979 2639 prius
3007 2566 3298 2631 viderunt,
3351 2564 3547 2619 sciunt
3596 2579 3737 2617 eum
3769 2577 3906 2616 esse.

2267 2655 2430 2718 Quod
2461 2656 2612 2710 enim
2634 2655 2788 2709 videt
2821 2654 2974 2726 quis,
3009 2654 3148 2726 quid
3172 2651 3413 2725 sperat?
3444 2652 3592 2705 Hinc
3627 2667 3766 2722 ergo
3792 2666 3913 2704 con-

2268 2747 2384 2798 stat
2415 2744 2566 2815 quod
2595 2760 2695 2798 nec
2726 2745 3019 2798 dzemones
3043 2743 3217 2798 ﬁdem
3253 2741 3527 2797 habeant.
3563 2739 3842 2811 Alioquin
3864 2738 3907 2792 si

2270 2831 2443 2887 ﬁdem
2465 2848 2595 2886 vere
2627 2831 2928 2899 haberent,
2963 2848 3067 2903 spe
3093 2847 3324 2904 quoque
3373 2833 3429 2884 et
3458 2829 3754 2884 charitate
3811 2844 3914 2882 non

2269 2925 2550 2988 carerent,
2589 2938 2655 2975 ac
2687 2937 2789 2991 per
2841 2920 2950 2976 hoc
2993 2921 3119 2991 jam
3170 2921 3464 2974 daemones
3522 2935 3642 2972 non
3701 2922 3904 2972 essent.

2270 3011 2637 3081 Quapropter
2665 3012 2720 3064 et
2752 3008 2853 3063 illa
2884 3025 3017 3081 spes
3049 3007 3286 3073 diaboli,
3348 3007 3418 3062 de
3449 3023 3566 3078 qua
3625 3005 3904 3060 Dominus

2271 3098 2467 3154 B.Job
2499 3098 2729 3153 dicit:«
2763 3099 2906 3169 Spes
2965 3098 3094 3169 ejus
3155 3096 3534 3152 frustrabitur
3583 3110 3726 3150 eum
3785 3094 3906 3164 (Job.

2270 3205 2359 3253 XL,
2388 3187 2501 3257 28),
2539 3210 2558 3235 »
2596 3204 2710 3242 non
2734 3191 2821 3242 est
2846 3203 2981 3241 vera
3005 3203 3159 3258 spes,
3185 3187 3288 3242 sed
3319 3185 3588 3257 quiedam
3614 3183 3904 3248 securitas,

515 3276 672 3345 (Joan
705 3292 818 3338 xw,
854 3275 940 3343 1);
970 3297 996 3322 »
1021 3276 1120 3328 sed
1145 3291 1258 3329 non
1277 3274 1526 3328 audiunt
1547 3290 1679 3328 eum
1703 3274 1774 3327 ad
1797 3272 2154 3337 faciendum,
2189 3252 2230 3319 (ἶ
2271 3293 2386 3347 qua
2416 3275 2651 3330 sibimet
2680 3275 2804 3346 ipse
2834 3275 2918 3330 vel
2938 3275 3028 3331 sui
3058 3275 3128 3329 de
3152 3252 3553 3329 misericordia
3575 3271 3680 3327 Dei
3707 3272 3905 3326 frustra

515 3362 831 3416 dicentem:
869 3385 895 3410 «
927 3361 1159 3433 Diligite
1187 3362 1456 3417 inimicos
1514 3366 1772 3428 vestros;
1835 3359 2157 3416 benefacite

514 3448 606 3503 his
639 3449 736 3520 qui
771 3450 1018 3511 oderunt
1048 3467 1171 3519 vos,
1205 3455 1261 3504 et
1291 3455 1448 3505 orate
1470 3467 1573 3520 pro
1597 3449 2082 3521 persequentibus
2102 3451 2158 3501 et

513 3534 1012 3592 calumniantibus
1034 3554 1132 3592 vos
1156 3539 1579 3608 (Mutilum/1U,»
1607 3569 1672 3578 —
1696 3561 1722 3586 ‹‹
1751 3543 1805 3591 et
1830 3536 2006 3592 nolite
2028 3535 2154 3591 the-

514 3624 806 3681 saurizare
837 3624 999 3681 vobis
1013 3625 1320 3680 thesauros
1351 3626 1407 3679 iu
1439 3630 1594 3680 terra
1623 3625 1828 3696 (Matth.
1863 3643 1940 3679 vr.
1978 3623 2099 3695 19);
2128 3645 2154 3673 »

514 3719 572 3771 et
601 3714 819 3770 similia
850 3713 941 3770 his
968 3714 1423 3787 quamplurima.
1460 3715 1539 3768 De
1572 3713 1784 3785 quibus
1817 3731 1885 3768 ex
1917 3714 2027 3768 ﬁde
2073 3713 2158 3767 vi-

511 3805 801 3872 ventibus,
836 3803 925 3858 vel
953 3804 1300 3870 virentibus,
1335 3806 1507 3875 atque
1537 3819 1606 3858 ex
1637 3803 1973 3874 operatione
2031 3819 2155 3857 mo-

515 3893 802 3948 rientibus
842 3893 925 3948 vel
990 3893 1312 3958 arentibus,
1372 3891 1514 3946 illud
1577 3891 1981 3963 propheticum
2044 3907 2157 3944 non

515 3981 1087 4051 incongruedicitur:
1123 4005 1152 4031 «
1188 3983 1326 4037 Pars
1351 3999 1467 4036 una
1499 3980 1795 4052 compluta
1812 3984 1919 4049 est,
1953 3983 2009 4034 et
2025 3995 2160 4050 pars

517 4083 692 4137 super
721 4085 900 4138 quam
933 4087 1047 4124 non
1080 4070 1248 4142 pluit,
1281 4070 1435 4126 aruit
1458 4071 1638 4140 (Amos
1672 4087 1746 4136 1v,
1768 4070 1844 4140 7).
1908 4093 1934 4117 ‹‹
1958 4068 2163 4123 Virent

517 4171 655 4228 ergo
688 4173 863 4211 succo
903 4158 1035 4212 ﬁdei
1097 4175 1274 4229 quam
1323 4158 1584 4213 auditam
1648 4160 2032 4229 perceperunt
2087 4157 2159 4211 ad

517 4245 893 4313 credendum,
928 4250 983 4300 et
1041 4246 1321 4314 retinent;
1384 4251 1440 4300 et
1494 4251 1659 4300 arent
1716 4246 1976 4319 neglectu
2024 4245 2160 4301 boni

517 4334 731 4405 operis,
765 4335 918 4404 quod
952 4335 1218 4389 auditum
1243 4335 1314 4389 ad
1351 4334 1681 4388 faciendum
1714 4352 1828 4389 non
1891 4335 2161 4390 retinent.

517 4424 600 4478 Ad
634 4440 802 4494 quos,
833 4429 1116 4495 quantum
1143 4425 1213 4478 ad
1248 4423 1444 4489 ﬁdem,
1480 4422 1581 4477 illa
1597 4422 1820 4478 Domini
1853 4424 2162 4490 sententia,

517 4511 850 4568 incredulos
863 4511 973 4566 sibi
989 4512 1223 4568 Judaeos
1246 4509 1691 4583 arguentis,non
1707 4510 1874 4582 plene
1893 4511 2164 4583 pertinet,

2265 3363 2665 3431 blandiuntur,
2700 3380 2832 3419 cum
2863 3363 3257 3435 ejusjustitiae
3290 3360 3659 3416 districtione
3703 3375 3902 3432 nequa-

2265 3470 2443 3525 quam
2472 3456 2763 3508 verentur.
2797 3453 2980 3516 Quam
3000 3451 3199 3524 procul
3227 3451 3403 3506 dubio
3426 3451 3726 3515 timerent,
3755 3449 3802 3503 si
3842 3464 3898 3502 ex

2266 3542 2378 3597 ﬁde
2410 3559 2544 3614 spes
2577 3540 2809 3596 illorum
2843 3541 3207 3609 subsisteret,
3247 3541 3385 3612 quia
3416 3539 3560 3594 ﬁdes
3619 3537 3802 3592 credit
3848 3536 3898 3590 in

2266 3629 2447 3684 Deum
2479 3634 2536 3684 et
2557 3646 2624 3684 ex
2652 3645 2718 3684 eo
2775 3646 2891 3700 quo
2940 3629 3237 3683 timendus
3279 3632 3388 3695 est,
3449 3631 3508 3682 et
3562 3643 3628 3681 ex
3681 3641 3745 3679 eo
3791 3639 3898 3695 quo

2268 3719 2577 3773 amandus.
2614 3718 2776 3773 Unde
2807 3718 3201 3785 ﬁdes,retento
3216 3717 3328 3772 sibi
3359 3712 3898 3787 timorejustissimi

2266 3805 2494 3861 Judicis
2528 3823 2630 3878 spe
2655 3807 3050 3862 communicat
3070 3823 3330 3862 amorem
3357 3805 3614 3876 piissimi
3637 3803 3900 3869 Patris,ut

2269 3895 2678 3950 tantummodo
2712 3896 2961 3950 amando
2993 3899 3186 3966 speret
3206 3895 3359 3967 quod
3387 3894 3532 3948 ﬁdes
3557 3908 3788 3964 quoque
3803 3905 3903 3946 cre-

2270 3983 2356 4037 dit
2391 3984 2735 4038 amandum.
2790 3983 2881 4038 Sic
2914 3983 3058 4038 ﬁdes
3090 3988 3146 4038 et
3194 4000 3328 4055 spes
3387 3999 3491 4036 nec
3527 3979 3786 4048 diabolo,
3815 3995 3901 4033 nec

2271 4071 2469 4143 impiis
2502 4071 2724 4139 insunt,
2758 4072 3024 4144 quamvis
3055 4072 3182 4143 ejus
3213 4072 3404 4126 inesse
3427 4070 3762 4124 inveniatur
3779 4068 3900 4123 abu-

2273 4160 2392 4215 sive
2424 4159 2667 4228 dictum,
2704 4160 2855 4216 sicut
2876 4161 2936 4215 B.
2962 4160 3276 4231 Gregorius
3297 4160 3472 4214 ﬁdem
3485 4157 3901 4214 asserithabere

2272 4248 2562 4318 inﬁdeles,
2595 4265 2728 4304 cum
2753 4250 3000 4305 credunt
3047 4267 3107 4304 se
3157 4253 3324 4305 natos
3383 4248 3454 4302 ab
3498 4247 3583 4303 eis
3637 4263 3780 4320 quos
3808 4244 3900 4299 sibi

2274 4342 2541 4410 parentes
2573 4337 2797 4405 dicunt,
2834 4338 3103 4409 quamvis
3153 4337 3592 4409 conceptionem
3655 4352 3817 4390 suam
3858 4336 3904 4386 et

2277 4426 2633 4482 nativitatem
2668 4444 2784 4482 non
2811 4427 3147 4495 viderint,et
3170 4425 3425 4498 plurima
3455 4422 3903 4497 hujusmodibu-

2277 4532 2462 4571 mante
2494 4516 2974 4583 conversationis,
3007 4533 3108 4571 seu
3141 4515 3410 4571 actionis.
3446 4514 3526 4570 De
3556 4515 3776 4586 quibus
3801 4512 3904 4583 ipse

519 4617 634 4672 qua
665 4601 909 4656 dicitur:
946 4624 974 4651 «
1011 4601 1068 4656 Si
1127 4600 1429 4656 veritatem
1477 4597 1623 4667 dico,
1674 4615 1853 4670 quare
1897 4617 1997 4655 vos
2048 4618 2161 4656 non
2197 4623 2243 4688 D
2275 4604 2653 4661 doctissimus
2672 4604 2837 4659 Pater
2867 4604 2984 4660 ait:
3019 4605 3295 4661 «Habent
3325 4602 3590 4658 inﬁdeles
3625 4599 3909 4668 ﬁdem,sed

521 4689 754 4744 creditis
787 4690 978 4745 mihi?
1009 4689 1114 4756 Qui
1146 4695 1332 4746 estex
1389 4688 1529 4755 Deo,
1585 4688 1762 4743 verba
1822 4688 1920 4744 Dei
1977 4690 2162 4745 audit.

520 4777 829 4848 Propterea
859 4796 960 4835 vos
991 4797 1105 4835 non
1137 4778 1379 4844 auditis,
1416 4775 1555 4848 quia
1585 4793 1652 4832 ex
1683 4776 1798 4832 Deo
1857 4793 1973 4832 non
2025 4777 2166 4832 estis

521 4864 698 4935 (Joan.
733 4883 860 4934 vm,
891 4869 1000 4939 46).
1041 4891 1066 4918 η
1099 4872 1245 4922 Nam
1278 4866 1539 4922 carnales
1572 4867 1791 4939 quique
1822 4867 1879 4921 in
1916 4866 2174 4922 Ecclesia

519 4951 786 5008 Christus
820 4955 1114 5011 veritatem
1147 4959 1338 5011 dicere
1375 4957 1644 5022 credunt,
1705 4961 1761 5011 et
1814 4957 1987 5011 verba
2045 4957 2173 5027 ejus

517 5043 790 5108 audiunt,
824 5047 878 5099 et
909 5045 957 5099 si
990 5063 1104 5100 non
1129 5047 1201 5101 ad
1236 5046 1588 5118 profectum.
1626 5045 1789 5099 Unde
1823 5049 1880 5100 et
1934 5062 2003 5100 ex
2059 5050 2172 5101 Deo

524 5136 686 5198 sunt,
720 5132 775 5187 in
810 5139 1095 5205 quantum
1128 5135 1304 5190 verba
1332 5135 1425 5189 Dei
1461 5133 1731 5199 audiunt,
1757 5139 1812 5188 et
1833 5151 1900 5188 ex
1921 5139 2033 5189 Deo
2057 5153 2171 5189 non

523 5226 680 5291 sunt,
716 5222 774 5277 in
809 5227 1094 5295 quantum
1120 5242 1232 5279 non
1266 5223 1534 5279 audiunt.
1557 5221 1732 5277 Porro
1757 5221 2010 5278 bzeretici
2034 5241 2173 5279 neu-

523 5315 612 5367 tro
647 5313 817 5368 modo
849 5313 1030 5370 Deum
1065 5319 1163 5369 aut
1194 5313 1368 5368 verba
1399 5309 1556 5365 illius
1583 5311 1850 5379 audiunt,
1891 5312 2030 5383 quia
2062 5313 2173 5369 ﬁde

527 5418 640 5454 non
674 5403 912 5467 amissa,
934 5403 1019 5459 vel
1041 5403 1279 5469 amissa,
1315 5417 1427 5456 non
1453 5398 1641 5454 stilum
1667 5398 1748 5453 nil
1772 5399 1904 5454 boni
1930 5402 2171 5469 faciunt,

523 5505 724 5542 verum
757 5491 986 5547 etiamsi
1021 5493 1157 5564 quid
1194 5493 1378 5546 facere
1409 5488 1695 5555 videntur,
1725 5492 1908 5545 totum
1933 5497 2020 5546 est
2042 5509 2175 5563 pec-

527 5581 744 5643 catum,
781 5586 844 5633 ut
874 5586 1014 5651 puta
1045 5582 1195 5653 quod
1233 5579 1356 5635 sine
1380 5579 1489 5632 ﬁde
1518 5581 1627 5632 est.
1660 5576 1934 5650 Alioquin
1964 5581 2011 5635 si
2049 5580 2175 5635 sine

527 5665 640 5725 ﬁde
670 5667 973 5736 catholica,
1008 5687 1134 5742 quae
1165 5668 1289 5725 sola
1319 5672 1406 5724 est
1439 5667 1726 5733 ﬁdes,non
1752 5671 1907 5737 sunt,
1927 5669 2178 5725 haeretici

2277 4693 2502 4748 utinam
2537 4692 2593 4746 in
2627 4691 2845 4748 Deum!
2885 4715 2904 4741 η

2887 4799 3118 4854 CAPUT
3157 4800 3324 4856 XVII.

2281 4888 2354 4942 Dc
2405 4886 2719 4960 dz'ﬂ‘erentz'a
2773 4890 3173 4958 negotiatorum
3227 4889 3425 4947 saeculi
3474 4893 3525 4944 et
3581 4902 3772 4942 eorum
3835 4882 3916 4956 qui

2802 4960 3065 5015 dicuntur
3095 4962 3413 5016 Sz'moniaci.

2352 5047 2486 5114 Sed,
2521 5047 2614 5102 his
2659 5064 2775 5103 non
2837 5066 3261 5122 usquequaque
3308 5050 3612 5105 incassum
3662 5041 3914 5121 pretim.

2283 5136 2646 5208 disquiratur
2679 5153 2795 5208 quo
2821 5143 2988 5209 pacto
3045 5137 3446 5204 ecclesiastici,
3479 5136 3580 5208 qui
3635 5136 3697 5191 in
3753 5148 3921 5190 sacra-

2283 5225 2496 5280 mentis
2527 5223 2942 5282 ecclesiasticis
2974 5244 3086 5283 non
3118 5227 3300 5300 gratis
3333 5227 3477 5282 dant
3498 5225 3699 5280 danda
3729 5221 3920 5297 gratis,

2285 5315 2552 5369 dicantur
2582 5313 2819 5369 omnino
2854 5316 3028 5372 ﬁdem
3054 5317 3316 5388 perdere,
3347 5319 3403 5372 et
3455 5314 3774 5388 plusquam
3805 5309 3923 5383 qui-

2283 5402 2426 5457 libet
2455 5403 2769 5459 Cbristiani
2803 5403 2940 5460 cleri
2969 5405 3056 5460 vel
3088 5405 3242 5474 laici,
3275 5405 3510 5462 etiamsi
3535 5403 3752 5460 terreni
3780 5416 3926 5473 qua:-

2287 5496 2415 5546 stus
2448 5507 2625 5545 causa
2655 5491 3114 5548 circumveniant
3145 5493 3200 5548 in
3235 5494 3466 5566 negotio
3513 5493 3722 5547 fratres
3777 5500 3927 5548 suos,

2290 5581 2332 5652 (I
2362 5580 2710 5650 Tlicss.1v,(’i),
2735 5581 3098 5637 autnimium
3131 5600 3259 5639 care
3290 5576 3931 5653 vendantquodviliter.

2290 5673 2391 5726 aut
2430 5673 2584 5725 certe
2628 5670 2811 5742 gratis
2869 5677 3234 5745 acceperunt.
3295 5675 3362 5728 Et
3417 5671 3610 5745 primo
3663 5667 3922 5725 videatur
