4106 6178
251 401 413 474 1085

817 408 1229 476 ADVERSUS
1266 403 1744 474 SIMONIACOS
1787 401 2000 470 LIBRI
2042 403 2353 471 TRES.-—
2378 409 2616 476 LIBER
2659 361 3094 478 SECUNDDS.

3499 381 3656 483 4086

220 542 563 616 _utriusque
594 541 753 598 modi
776 544 1392 617 negotiatoribus,quae
1416 545 1493 599 sit
1506 543 1727 615 jugiter
1750 558 1902 597 com-
1929 536 1984 603 Α
2013 542 2309 599 tellectum
2341 545 2668 601 doctissimi
2702 547 2887 602 Patris
2917 547 3426 620 Augustini,prius
3461 568 3652 622 prosa,

253 631 457 688 munis
516 631 760 687 intentio
808 632 894 687 vel
953 651 1152 697 causa,
1207 634 1413 688 deinde
1471 650 1597 703 quae
1654 632 1896 703 privata.

252 720 427 792 Ergo,
451 724 514 775 ut
543 721 880 776 summatim
912 722 1158 788 dicatur,
1207 723 1329 778 hzec
1376 723 1542 777 nobis
1569 721 1900 777 communis

251 809 523 880 utrisque
556 810 799 864 intentio
823 810 880 864 in
907 829 1011 866 suo
1045 813 1272 883 negotio
1303 811 1550 878 videtur,
1577 811 1713 882 quia
1743 814 1898 864 uter-

251 913 368 969 que
401 898 606 968 queerit
637 898 1034 970 temporaliter
1054 900 1224 954 ditari
1249 901 1670 971 temporalibus
1703 901 1896 954 rebus.

249 986 377 1050 Quo
408 986 475 1040 ﬁt
505 990 568 1040 ut
599 988 861 1059 utrisque
893 989 1128 1059 pariter,
1161 990 1427 1061 quamvis
1463 1007 1562 1060 per
1591 989 1900 1044 diversita-

252 1079 374 1131 tem
433 1075 758 1131 officiorum
807 1094 1071 1143 suorum,
1115 1078 1418 1149 impariter
1474 1079 1760 1134 feriantur
1802 1075 1900 1131 illo

250 1163 444 1235 elogio
472 1164 762 1235 Sapientis
792 1182 852 1220 :«
884 1166 992 1230 Qui
1023 1167 1229 1238 quaerit
1261 1167 1432 1222 ditari
1467 1185 1579 1222 non
1613 1167 1724 1222 erit
1745 1168 1904 1221 iuno-

251 1269 394 1308 cens
425 1253 607 1322 (Prov.
650 1271 846 1320 xxvm,
878 1256 992 1326 20).
1024 1280 1050 1302 ››
1082 1255 1226 1310 Nam
1277 1257 1601 1310 secundum
1634 1272 1901 1310 commu-

250 1358 388 1397 nem
418 1341 805 1398 intentionem
864 1361 1174 1400 commune
1227 1346 1508 1400 damnum
1559 1343 1902 1399 innocentize

249 1429 649 1496 incurrunt,li«
672 1436 728 1486 et
759 1448 860 1503 pro
893 1433 1114 1488 ordinis
1145 1433 1480 1488 diversitate
1514 1451 1666 1488 unus
1688 1434 1902 1502 majus,

255 1518 406 1574 alter
435 1519 654 1578 minus.
689 1520 851 1583 Quod
883 1537 996 1574 non
1031 1525 1088 1576 et
1119 1537 1429 1576 commune
1460 1527 1548 1577 est
1580 1523 1662 1577 eis
1689 1520 1904 1594 negotii

253 1623 437 1663 causa
489 1624 712 1663 merces
760 1625 1101 1680 proponere,
1144 1615 1358 1675 taxare,
1409 1611 1674 1674 vendere,
1731 1615 1906 1681 atque

251 1700 578 1768 emptorem
601 1698 902 1768 cupere.ln
925 1699 1141 1769 quibus
1155 1698 1203 1754 si
1227 1698 1305 1753 nil
1325 1699 1483 1753 aliud
1503 1699 1904 1764 intercederet,

253 1790 361 1841 aut
390 1784 570 1853 nulla,
615 1790 716 1840 aut
767 1786 1015 1842 minima
1060 1787 1232 1858 culpa
1279 1793 1452 1843 esset.
1502 1789 1698 1859 Neque
1746 1788 1902 1843 enim

255 1873 444 1945 culpae
476 1875 891 1946 imputandum
937 1879 1043 1943 est,
1079 1877 1125 1931 si
1177 1877 1509 1932 communis
1540 1877 1905 1932 necessitatis
1937 1903 1985 1967 Β

251 1979 436 2018 causa
466 1978 687 2018 merces
711 1963 944 2020 venales
984 1970 1401 2036 proponantur,
1436 1970 1728 2034 taxentur,
1768 1983 1904 2020 ven-

252 2050 476 2104 dantur
504 2056 559 2106 et
589 2053 1180 2124 emantur,siquidem
1213 2071 1326 2108 non
1369 2053 1565 2110 illicite
1580 2056 1911 2109 venduntur

253 2155 386 2210 quae
416 2139 571 2195 licite
598 2145 898 2196 emuntur.
933 2143 1032 2197 Est
1061 2142 1236 2197 etiam
1269 2143 1353 2198 eis
1385 2143 1702 2214 aliquando
1745 2159 1906 2198 com-

253 2228 461 2282 munis
491 2229 904 2286 cireumventio
938 2231 1308 2302 fratris,quia
1349 2249 1502 2287 unus
1531 2249 1731 2286 eorum
1765 2248 1908 2302 quo-

253 2315 606 2388 tiescunque
638 2319 991 2390 negotiatur,
1026 2319 1408 2375 circumvenit
1437 2325 1493 2374 et
1524 2320 1908 2374 circumveni-

252 2408 392 2472 tur;
427 2405 574 2460 alter
607 2409 824 2471 autem,
856 2407 962 2463 etsi
1004 2406 1344 2477 aliquando,
1380 2412 1722 2480 nontamen
1756 2423 1909 2462 sem-

252 2509 379 2565 per.
418 2493 497 2549 De
528 2510 645 2565 qua
673 2494 1189 2562 cireumventione,
1237 2495 1506 2566 quamvis
1562 2495 1774 2550 vindex
1837 2495 1912 2550 sit

251 2582 547 2638 Dominus
568 2582 627 2637 in
659 2588 994 2655 utrumque,
1019 2588 1214 2639 tamen
1238 2601 1350 2640 non
1383 2584 1616 2656 gravius
1643 2585 1701 2638 in
1727 2601 1910 2638 unum

215 2655 222 2664 ’
255 2687 441 2742 quam
473 2669 722 2726 alterum
756 2688 860 2742 pro
890 2672 1404 2728 circumventionis
1423 2677 1479 2728 et
1509 2690 1698 2728 causae
1723 2673 1910 2744 quali-

251 2764 398 2814 tate.
434 2760 525 2815 Sic
557 2765 614 2815 et
642 2760 833 2816 viliter
860 2762 1108 2817 vendere
1141 2779 1266 2833 quae
1300 2779 1430 2816 care
1479 2766 1714 2834 accepta
1751 2767 1909 2830 sunt,

256 2849 534 2920 utrisque
555 2853 644 2904 est
665 2849 979 2922 aliquando
1011 2867 1342 2916 commune,
1367 2853 1508 2924 quia
1539 2870 1691 2907 unus
1712 2869 1912 2907 eorum

252 2937 730 3010 quotiescunque
762 2939 956 2994 vendit
1007 2940 1147 3011 quid
1198 2956 1327 2994 care
1375 2945 1696 3012 acceperat,
1726 2939 1916 2994 viliter

253 3026 573 3093 distrahit;
607 3026 754 3082 alter
795 3032 991 3083 autem
1036 3029 1145 3084 etsi
1193 3029 1526 3100 aliquando,
1561 3045 1674 3084 non
1715 3033 1914 3084 tamen

253 3115 487 3171 sedulo.
523 3117 588 3170 Et
629 3120 824 3172 tamen
875 3116 972 3171 ille
1022 3133 1254 3189 semper
1291 3117 1482 3172 viliter
1510 3118 1914 3188 :distrahendo

255 3204 420 3276 quod
451 3219 652 3259 carum
684 3209 774 3260 est
801 3206 1120 3261 enormiter
1150 3211 1376 3277 peccat;
1409 3206 1502 3261 hic
1538 3211 1733 3261 autem
1779 3207 1912 3261 inde

2011 633 2220 688 deinde
2261 639 2442 690 metro
2477 636 2560 690 sic
2590 637 2861 692 edisserit
2894 653 2906 690 :
2937 663 2964 686 α
2997 637 3088 691 Nil
3121 638 3275 693 Deus
3298 638 3468 707 jubet
3498 642 3652 710 quod

2010 721 2118 777 sibi
2155 724 2356 794 prosit,
2381 725 2479 779 sed
2517 724 2595 778 illi
2631 726 2724 780 cui
2751 727 3092 794 jubet.ldeo
3122 745 3294 782 verus
3325 732 3413 783 est
3457 733 3655 784 Domi-

2012 828 2123 865 nus
2155 813 2253 882 qui
2288 830 2452 867 servo
2483 831 2594 867 non
2627 814 2864 885 indiget,
2897 820 2954 872 et
2985 833 3097 886 quo
3130 833 3327 872 servus
3350 816 3590 889 indiget.
3628 839 3655 866 »

2335 903 2690 972 Epigramma
2720 907 2879 974 cujus
2906 908 2957 959 et
2987 905 3128 959 unde
3156 922 3342 976 supra.

2012 1017 2124 1088 Nqn
2159 1015 2277 1064 ideo
2309 1015 2601 1088 quidquam
2631 1018 3123 1088 mandat_D_eus,.ut
3153 1020 3250 1068 sibi
3275 1023 3439 1082 prosit

2075 1079 2177 1141 Nec
2209 1079 2344 1127 servi
2376 1079 2549 1128 ofﬁcio
2581 1095 2738 1128 verus
2768 1085 2886 1141 eget
2916 1082 3187 1130 Dominus.

2011 1140 2174 1206 Cujus
2203 1142 2479 1206 prmceptis
2509 1147 2735 1206 augetur
2763 1140 3186 1206 quirfamulatur.

2077 1203 2258 1267 Fitque
2291 1205 2466 1251 minor
2495 1205 2736 1267 quisquis
2762 1203 2979 1266 negligit
3007 1207 3309 1267 imperium.

2013 1265 2150 1333 Nam
2175 1265 2701 1333 Deusomnipoteus,
2736 1268 2891 1333 simul
2917 1265 3398 1333 Aomntheuensque
3422 1276 3656 1332 potestas

2075 1326 2155 1374 Nil
2185 1328 2358 1388 perdit
2388 1326 2678 1392 proprium,
2710 1330 2781 1377 nil
2812 1330 2952 1392 capit
2981 1331 3280 1380 occiduum.

2014 1389 2294 1451 Nunquam
2325 1404 2432 1438 non
2465 1389 2652 1440 habuit
2697 1392 2840 1455 quod
2880 1389 3070 1450 habet,
3104 1393 3237 1441 dans
3277 1394 3535 1456 quidquid
3567 1395 3655 1443 ha-

2079 1513 2331 1570 Proderit.
2367 1519 2417 1564 et
2449 1529 2668 1571 sumens
2699 1516 2913 1565 nonnisi
2946 1517 3086 1580 quod
3119 1517 3342 1567 dederit.
3451 1457 3598 1519 [bere

2610 1632 2836 1688 CAPUT
2875 1633 3067 1688 XVIII.

2017 1720 2089 1773 De
2116 1735 2174 1774 eo
2205 1719 2343 1788 quod
2368 1721 2618 1775 carnales
2651 1722 2905 1777 Ecclesia?
2931 1724 3053 1776 sine
3080 1723 3186 1790 ﬁde
3211 1740 3320 1777 non
3350 1727 3460 1779 sint
3492 1727 3664 1780 instar

2186 1793 2392 1858 Ruben,
2427 1801 2477 1846 et
2509 1792 2642 1857 Gud,
2673 1801 2722 1846 ct
2748 1793 2994 1846 dimidia:
3025 1795 3197 1847 tribus
3227 1796 3490 1850 Manasse.

2125 1880 2335 1934 Verum
2371 1884 2434 1933 ut
2464 1881 2535 1934 ad
2575 1897 2608 1951 p
2631 1881 3110 1951 ropositosnobis
3158 1884 3546 1952 negotiatores
3577 1901 3663 1938 re-

2019 1961 2559 2034 deamusfillorum
2607 1973 2696 2022 est
2743 1969 2938 2039 ipsum
2989 1970 3171 2023 Deum
3225 1974 3280 2024 et
3327 1971 3662 2039 Dominum,

2019 2057 2306 2127 Spiritum
2334 2056 2534 2127 utique
2567 2061 2834 2110 sanctum
2869 2056 3131 2111 venalem
3182 2058 3413 2112 credere
3462 2063 3518 2113 et
3562 2058 3664 2114 ha-

2019 2146 2182 2212 bere;
2227 2146 2467 2200 istorum
2525 2162 2682 2209 vero,
2732 2145 2778 2199 si
2834 2146 2902 2199 ad
2958 2146 3312 2216 profundum
3373 2147 3664 2203 malorum

2020 2233 2270 2288 avaritia:
2303 2233 2946 2305 pervenerint,amimas
2979 2251 3117 2288 suas
3146 2233 3377 2290 venales
3431 2235 3662 2303 habere,

2020 2339 2124 2377 nec
2156 2327 2349 2376 tamen
2385 2323 2619 2376 credere
2668 2338 2730 2376 se
2781 2338 2949 2393 posse
2997 2338 3096 2376 eas
3145 2321 3319 2377 alicui
3359 2323 3666 2380 hominum

2019 2411 2266 2466 vendere
2297 2415 2398 2465 aut
2427 2411 2585 2465 dare.
2623 2410 2764 2465 llinc
2812 2409 2993 2465 vivaci
3044 2411 3258 2466 mentis
3291 2412 3410 2467 acie
3451 2413 3666 2468 rescul-

2021 2497 2208 2568 pendo
2227 2513 2570 2552 communes
2584 2501 2638 2552 et
2655 2495 2976 2568 peculiares
2989 2497 3200 2553 horum
3219 2500 3667 2570 negotiatorum,

2021 2603 2168 2657 quas
2202 2585 2878 2658 prmnotavimus,lineas
2909 2586 3208 2657 sigillatim
3241 2587 3666 2660 discernamus,

2023 2674 2156 2747 quis
2188 2692 2390 2730 eorum
2427 2674 2613 2746 magis
2646 2679 2865 2745 peccat,
2901 2679 3000 2729 aut
3029 2675 3160 2746 quis
3194 2674 3394 2747 Scyllae
3429 2694 3526 2732 seu
3563 2678 3666 2733 Ca-

2022 2764 2172 2819 ribdi
2225 2763 2479 2835 perfidiae
2531 2762 2719 2834 magis
2777 2763 3229 2833 appropinquat.
3283 2765 3348 2817 Et
3397 2764 3669 2836 primitus

2023 2853 2397 2907 attendamus
2421 2851 2717 2906 szecularis
2745 2851 2956 2922 negotii
2987 2851 3428 2921 professores,in
3453 2853 3670 2923 quibus

2023 2939 2358 3010 delinquere
2389 2939 2632 2994 soleant.
2679 2939 2854 2994 Plane
2903 2937 3256 3011 delinquunt
3286 2940 3342 2994 in
3374 2941 3482 2996 hoc
3515 2943 3668 3013 quod

2024 3028 2195 3083 ditari
2228 3027 2624 3098 temporaliter
2646 3033 3042 3099 quaeruntsed
3067 3027 3198 3099 quis
3221 3029 3517 3084 invenitur
3538 3031 3671 3102 pius

2017 3118 2180 3186 justo
2213 3117 2383 3170 ditari
2418 3133 2532 3170 non
2566 3117 2853 3187 cupidus?
2885 3120 3036 3171 certe
3083 3117 3386 3172 rarissima
3429 3123 3518 3174 est
3561 3119 3669 3174 hu-

2016 3205 2279 3275 jusmodi
2315 3203 2588 3258 volucris.
2623 3203 2984 3276 Delinquunt
3022 3204 3198 3259 etiam
3250 3205 3307 3258 in
3359 3206 3466 3260 hoc
3515 3209 3668 3278 quod

254 3292 541 3347 meritum
573 3293 683 3348 sibi
715 3294 935 3350 bonum
969 3299 1026 3350 et
1055 3293 1302 3366 gratiam
1335 3295 1488 3367 apud
1520 3295 1702 3349 Deum
1726 3298 1781 3350 et
1806 3294 1910 3350 ho-
1942 3269 1984 3334 δ
2024 3292 2169 3347 lucri
2201 3293 2393 3347 studio
2425 3291 2891 3347 circumveniunt
2921 3293 2977 3346 in
3013 3293 3242 3364 negotio
3272 3294 3480 3350 fratres
3505 3313 3663 3362 suos,

260 3380 458 3437 mines
489 3387 795 3454 praeparat.

338 3469 608 3525 Diximus
639 3472 876 3527 tandem
908 3490 1035 3544 quas
1085 3471 1204 3527 sint
1250 3472 1516 3543 utrisque
1555 3474 1910 3539 communia,

253 3559 535 3615 dicamus
565 3563 622 3615 et
647 3577 774 3631 quae
805 3567 943 3617 sunt
962 3561 1207 3633 privata,
1239 3560 1645 3633 episcopis,vel
1672 3561 1912 3633 reliquis

252 3646 436 3703 cleris
491 3663 742 3718 quorum
793 3649 1036 3704 interest
1078 3649 1274 3704 divina
1323 3653 1690 3705 sacramenta
1721 3650 1912 3705 admi-

254 3736 537 3803 nistrare,
600 3737 958 3810 praecipuum
1019 3743 1107 3792 est
1164 3742 1219 3792 et
1282 3738 1599 3809 singulare,
1662 3755 1913 3794 mercem

251 3825 560 3881 caelestem
595 3830 822 3880 tantum
875 3843 1212 3898 proponere,
1263 3826 1347 3880 vel
1400 3843 1715 3897 exponere;
1751 3826 1913 3882 laicis

251 3919 483 3980 autem,
517 3913 604 3969 vel
637 3915 858 3969 czeteris
888 3914 1184 3970 saecularis
1225 3915 1438 3986 negotii
1487 3916 1914 3986 professoribus

249 4008 556 4059 terrenam
596 4007 826 4058 tantum
878 4008 934 4057 et
984 4003 1350 4070 saecularem;
1399 4003 1630 4057 illorum
1683 4021 1916 4075 quoque

251 4095 349 4148 est
393 4107 518 4146 rem
566 4108 681 4146 non
733 4108 926 4157 suam,
972 4092 1401 4147 contradicente
1458 4107 1524 4146 eo
1583 4093 1752 4163 cujus
1806 4098 1911 4159 est,

250 4197 496 4252 semper
555 4197 896 4252 proponere,
963 4185 1161 4235 taxare
1213 4185 1269 4235 et
1323 4180 1602 4247 vendere;
1667 4181 1913 4236 istorum

251 4273 460 4325 autem
512 4285 679 4324 suam
740 4268 1112 4324 solummodo
1172 4268 1404 4323 nemine
1456 4269 1910 4325 contradicente.

253 4359 430 4414 Haud
465 4374 634 4414 secus
683 4357 917 4414 illorum
967 4363 1055 4414 est
1103 4375 1333 4429 semper
1363 4356 1550 4412 viliter
1581 4359 1915 4414 venundare

253 4463 380 4518 non
412 4464 523 4502 sua
539 4447 808 4514 ;istorum
831 4451 1025 4502 autem
1049 4446 1144 4501 vix
1164 4445 1479 4517 aliquando
1501 4444 1690 4500 viliter
1711 4445 1918 4500 distra-

254 4535 402 4592 here
434 4552 561 4592 sua.
594 4535 990 4590 Nihilominus
1022 4535 1254 4590 illorum
1309 4539 1397 4589 est
1443 4533 1624 4605 gratis
1655 4538 1912 4605 accepta,

2026 3382 2166 3436 dum
2200 3380 2334 3436 vilia
2363 3381 2556 3436 carius
2589 3380 2705 3435 illis
2735 3381 3012 3448 vendunt,
3041 3380 3126 3436 vel
3169 3398 3304 3436 cara
3344 3381 3538 3438 viliter
3565 3401 3668 3438 au-

2026 3470 2238 3525 ferunt.

2096 3561 2294 3615 Restat
2325 3558 2621 3630 aliquibus
2652 3576 2853 3613 eorum
2880 3558 3022 3613 illud
3059 3560 3380 3615 maximum
3420 3561 3672 3617 avaritiae

2026 3649 2278 3716 culmen,
2312 3665 2426 3719 quo
2477 3647 2653 3703 etiam
2703 3647 2934 3702 animas
2977 3665 3115 3704 suas
3165 3649 3394 3704 venales
3434 3650 3671 3718 habent,

2027 3737 2124 3792 ubi
2156 3755 2253 3792 eas
2283 3741 2544 3808 quaestus
2575 3753 2749 3791 causa
2802 3738 3076 3791 sectando
3126 3737 3282 3792 varia
3326 3737 3573 3793 crimina
3619 3744 3676 3794 et

2025 3831 2259 3898 peccata
2287 3825 2652 3894 occidunt,ex
2683 3824 2897 3895 quibus
2920 3825 3186 3895 quamvis
3211 3825 3417 3879 animae
3441 3825 3672 3881 illorum

2025 3913 2524 3978 moriantur,ﬁdes
2538 3919 2734 3967 tamen
2753 3911 2869 3966 illis
2882 3911 3118 3967 omnino
3137 3929 3250 3968 non
3273 3917 3669 3985 extorquetur.

2022 4003 2146 4058 Non
2179 4003 2368 4058 solum
2401 4002 2557 4056 enim
2591 4001 2763 4055 ﬁdem
2797 4017 3000 4055 sanam
3032 4019 3145 4056 non
3177 4002 3552 4074 impugnant,
3574 4008 3676 4058 aut

2024 4091 2299 4157 refutant,
2334 4092 2433 4144 sed
2467 4090 2733 4144 eamdem
2765 4105 2996 4161 quoque
3035 4089 3170 4145 licet
3221 4091 3330 4147 sibi
3379 4096 3674 4148 mortuam

2025 4179 2196 4235 corde
2226 4183 2282 4234 et
2303 4193 2400 4233 ore
2421 4178 2726 4233 defendere
2752 4176 3203 4244 laborant.0uos
3223 4197 3337 4235 non
3357 4180 3675 4253 incongrue

2026 4267 2127 4322 lilii
2160 4267 2363 4322 Ruben
2387 4271 2442 4322 et
2463 4266 2608 4333 Gad,
2635 4270 2691 4321 et
2721 4265 2966 4322 dimidia
2997 4268 3186 4323 tribus
3217 4274 3478 4325 Manasse
3499 4270 3676 4340 signi-

2025 4355 2326 4425 ﬁcant,qui
2351 4354 2558 4410 armati
2577 4355 2890 4410 Jordanem
2916 4361 3047 4411 ante
3072 4356 3276 4412 fratres
3300 4357 3675 4428 suos,eisque

2024 4448 2240 4499 terram
2273 4442 2746 4515 repromissionis
2781 4443 2999 4515 potenti
3037 4443 3270 4499 brachio
3303 4449 3358 4499 et
3389 4445 3538 4500 ferro
3571 4445 3676 4500 de-

2023 4537 2310 4589 certantes
2335 4532 2728 4604 acquirunt,et
2749 4533 3088 4601 subjiciunt.
3116 4533 3271 4587 Inter
3288 4550 3436 4604 quos
3456 4540 3674 4589 sortem

256 4641 384 4680 non
413 4624 596 4698 gratis
617 4625 1034 4693 dare;istorum
1056 4641 1190 4679 vero
1213 4629 1437 4680 estnon
1461 4623 1643 4694 gratis
1664 4628 1919 4695 accepta,
1953 4634 1997 4697 D
2031 4621 2203 4677 aliam
2225 4621 2336 4675 sibi
2362 4638 2476 4676 non
2502 4620 2828 4690 requirunt,
2859 4621 2959 4674 sed
2999 4620 3068 4674 ad
3099 4637 3268 4674 suam
3301 4637 3480 4692 quam
3512 4626 3675 4678 trans

258 4732 386 4770 non
418 4713 600 4786 gratis
633 4715 789 4769 dare.
833 4714 980 4769 Nam
1040 4713 1088 4768 si
1133 4713 1446 4785 diligenter
1495 4712 1915 4767 consideretur.

257 4819 575 4874 nunquam
604 4803 675 4858 ab
704 4802 939 4858 homine
971 4802 1147 4858 homo
1177 4801 1358 4874 gratis
1381 4800 1601 4872 aliquid
1627 4802 1917 4862 commodi

257 4890 637 4964 adipiscitur,
666 4896 769 4946 aut
797 4891 953 4948 enim
988 4909 1091 4964 pro
1123 4889 1423 4962 obsequio,
1457 4893 1559 4945 aut
1598 4907 1700 4961 pro
1730 4891 1919 4946 favore

261 4981 530 5036 humano
559 4978 648 5035 vel
679 4980 887 5051 gratia,
920 4986 1022 5036 aut
1070 4995 1172 5052 pro
1223 4978 1763 5051 recompensatione
1794 4997 1916 5035 ma-

263 5066 465 5124 nualis
495 5067 758 5123 muneris
790 5069 1003 5140 accipit
1033 5068 1188 5141 quod
1219 5067 1451 5139 accipit,
1483 5071 1540 5122 et
1571 5066 1618 5121 si
1653 5083 1756 5138 pro
1801 5067 1918 5124 Deo

264 5156 393 5212 solo
440 5156 512 5212 ab
552 5155 793 5212 homine
840 5158 994 5229 quod
1051 5155 1280 5227 accipit,
1325 5155 1509 5210 multo
1565 5155 1752 5227 magis
1803 5173 1917 5210 non

265 5245 454 5318 gratis
485 5245 712 5317 accipit,
743 5247 881 5318 quia
938 5253 996 5302 et
1045 5247 1168 5318 ipse
1217 5245 1391 5301 homo
1421 5261 1454 5298 a
1484 5243 1598 5298 Deo
1646 5249 1708 5298 ut
1756 5244 1920 5300 alteri

267 5335 408 5390 dare
443 5334 630 5407 possit
658 5335 898 5407 accepit,
932 5339 987 5391 et
1018 5334 1208 5390 dando
1240 5333 1516 5389 meritum
1547 5333 1701 5403 apud
1735 5333 1922 5388 Deum

268 5422 641 5495 reponit,qui
674 5423 834 5480 solus
874 5424 1002 5480 ideo
1026 5441 1198 5479 verus
1229 5427 1318 5478 est
1345 5422 1498 5476 Deus
1528 5424 1584 5475 et
1615 5421 1920 5490 Dominus,

271 5512 574 5584 quoniam.
609 5515 934 5567 secundum
965 5511 1358 5576 Psalmistam,
1381 5509 1670 5564 bonorum
1697 5516 1921 5566 nostro-

274 5619 404 5657 rum
438 5617 556 5656 non
583 5604 713 5672 eget
741 5600 906 5672 (Psal.
940 5619 1031 5669 xv,
1063 5603 1139 5672 2).
1175 5601 1252 5655 De
1284 5601 1453 5669 cujus
1486 5597 1832 5670 plenissima
1870 5605 1925 5654 et

275 5689 396 5747 solo
428 5689 793 5762 plenitudine
822 5689 998 5747 etiam
1030 5689 1298 5762 egregius
1338 5688 1600 5759 Prosper,
1626 5687 1796 5756 juxta
1833 5689 1924 5745 in-

2026 4711 2342 4767 Jordanem
2401 4710 2692 4780 liquerunt
2736 4711 2867 4778 post
2919 4724 2979 4762 se
3027 4707 3345 4763 habitaturi
3407 4711 3672 4766 redeunt.

2028 4805 2301 4855 Attamen
2329 4797 2508 4853 altare
2552 4811 2730 4867 super
2778 4795 2974 4866 ipsum
3021 4796 3337 4853 Jordanem
3387 4800 3680 4856 aedificant

2029 4889 2138 4946 sibi
2173 4889 2231 4943 in
2263 4884 2849 4955 testinionium,quod
2873 4884 3158 4941 Dominus
3181 4886 3303 4957 ipse
3326 4890 3402 4943 sit
3425 4888 3678 4958 Deus,ne

2029 4982 2231 5050 postea
2262 4974 2364 5030 filii
2398 4977 2738 5028 caeterarum
2770 4973 3030 5029 tribuum
3066 4982 3306 5047 possent
3327 4977 3517 5033 dicere
3541 4978 3678 5034 ﬁliis

2028 5083 2230 5122 eorum
2257 5081 2270 5119 :
2295 5087 2322 5113 ‹‹
2355 5062 2480 5118 Non
2514 5066 2603 5115 est
2622 5061 2785 5114 vobis
2809 5079 2944 5132 pars
2968 5063 3023 5118 in
3050 5064 3315 5133 Domino,
3349 5067 3487 5137 quia
3528 5068 3680 5122 inter

2029 5172 2135 5210 nos
2153 5159 2208 5208 ct
2227 5170 2326 5207 vos
2348 5151 2660 5206 Jordanem
2680 5151 2878 5221 posuit
2896 5152 3670 5222 medium(Jos.xvu,25-27).n

2032 5243 2125 5298 Sic
2156 5247 2210 5297 et
2244 5239 2551 5297 szeeulares
2584 5238 2800 5309 quique
2833 5244 2888 5293 et
2917 5245 3116 5296 tamen
3149 5241 3346 5296 fideles
3377 5242 3435 5294 in
3475 5247 3680 5298 sancta

2029 5331 2287 5388 Ecclesia
2318 5329 2564 5401 quoties,
2585 5326 2886 5382 catholicis
2917 5328 3272 5398 baptismum
3300 5329 3411 5383 fide
3433 5333 3488 5384 et
3509 5347 3680 5402 opere

2032 5418 2534 5481 conservantibus,
2571 5421 2863 5470 certamen
2899 5417 3029 5471 fidei
3062 5419 3132 5471 ab
3164 5418 3451 5473 haereticis
3470 5418 3556 5474 vel
3579 5437 3679 5492 pa-

2033 5508 2198 5582 ganis
2231 5506 2514 5569 induitur,
2550 5523 2682 5560 mox
2713 5505 3016 5560 sententiis
3063 5511 3400 5562 sanctorum
3446 5509 3676 5564 Patrum

2041 5597 2348 5667 armati,et
2381 5595 2678 5650 interdum
2712 5594 3284 5666 potentimsmcularis
3308 5596 3676 5667 sull'ulti,fra-

2034 5686 2191 5743 tribu
2273 5686 2397 5740 suis
2447 5700 2547 5756 pro
2593 5683 2706 5738 fide
2729 5683 3078 5754 pugnaturis
3119 5689 3448 5740 accurrunt.
3483 5686 3678 5757 Neque
