4086 6180
232 324 256 383 1
266 319 382 382 089

774 317 1182 388 ADVERSUS
1231 323 1702 388 SIMONIACOS
1752 327 1954 390 LIBRI
1999 329 2224 394 TRES.
2259 367 2335 376 —
2365 333 2595 395 LIBER
2641 333 3074 403 SECUNDUS.

3470 354 3490 410 1
3503 353 3622 414 090

227 454 441 511 diaboli
466 454 606 526 quid
633 455 834 511 infelix
852 457 1035 513 Judas
1052 459 1408 529 adeptussit,
1434 458 1616 514 Lucas
1632 461 1871 531 apertis-
1901 469 1949 530 Α
1983 463 2146 533 prius
2169 481 2269 536 per
2292 466 2461 521 fidem
2492 468 2787 526 habitibat
2811 473 2867 528 in
2901 491 3098 530 eorum
3124 479 3396 537 cordibus
3418 500 3620 542 succe-

226 546 374 601 sime
405 544 488 601 sic
509 545 766 601 ostendit.
791 565 807 600 :
835 569 861 597 «
894 545 1133 602 Intravit
1161 548 1406 604 Satanas
1440 547 1494 602 in
1528 549 1742 604 Judam
1767 550 1866 621 qui

223 633 750 708 cognominabatur
778 634 1082 692 Iscariotes
1113 652 1296 691 unum
1346 637 1416 691 de
1449 637 1779 705 duodecim,
1813 642 1869 694 et

221 723 387 790 abiit,
417 728 474 778 et
505 722 736 779 locutus
767 728 856 780 est
876 741 1010 780 cum
1033 725 1400 798 principibus
1419 726 1790 782 sacerdotum
1813 732 1870 783 et

220 811 686 885 magistratibus,
721 814 1220 884 quemadmodum
1255 813 1417 872 illum
1453 816 1710 872 traderet
1756 816 1863 872 eis.

223 904 295 955 Et
321 899 504 972 gasivi
532 905 692 969 sunt,
731 905 788 956 et
818 901 971 973 pacti
1004 909 1140 958 sunt
1173 902 1480 975 pecuniam
1513 903 1596 958 illi
1627 905 1784 973 dare,
1812 908 1868 960 et

217 989 552 1062 spopondit.
587 991 656 1044 Et
685 990 979 1062 quaerebat
1008 991 1505 1063 opportunitatem
1529 996 1593 1047 ut
1613 993 1868 1049 traderet

215 1079 391 1134 illum
421 1078 549 1134 sine
581 1078 770 1134 turbis
800 1081 930 1134 (Luc
959 1097 1098 1146 χχιι,
1125 1080 1270 1151 3-6).
1310 1103 1336 1128 ››
1369 1080 1430 1134 In
1464 1081 1679 1152 quibus
1709 1098 1866 1137 vera-

215 1169 377 1224 cium
437 1167 928 1241 evangelistarum
981 1168 1376 1225 veracissimis
1424 1170 1618 1226 verbis
1665 1174 1864 1243 aperte

215 1258 491 1314 innuitur
515 1261 805 1329 quantum
839 1261 1064 1313 reatum
1095 1275 1163 1314 ex
1183 1257 1531 1330 proditionis
1550 1255 1709 1314 illius
1731 1275 1866 1314 con-

218 1346 487 1419 ceptione
517 1346 763 1402 incurrit
794 1346 1054 1419 proditor
1080 1347 1396 1418 pessimus,
1429 1346 1528 1418 qui
1549 1346 1868 1418 licetlenge

218 1442 356 1491 ante
369 1435 560 1507 ipsam
577 1435 964 1506 proditionem
981 1434 1404 1508 fursacrilegus
1419 1435 1609 1502 fuerit,
1634 1437 1867 1508 quando

217 1523 584 1580 Dominicam
643 1523 949 1595 pecuniam
995 1523 1194 1594 egenis
1248 1524 1638 1596 profuturam,
1689 1542 1865 1596 quam

215 1613 548 1668 ministerio
578 1614 865 1685 portabat,
900 1612 1051 1668 furto
1084 1611 1341 1668 aloculis
1368 1614 1728 1685 exportabat,
1749 1629 1865 1669 non

215 1708 415 1758 tamen
443 1703 503 1758 in
527 1719 660 1758 eum
695 1701 964 1757 diabolus
997 1702 1246 1757 intrasse
1277 1701 1510 1774 legitur,
1546 1702 1656 1758 nisi
1690 1703 1786 1757 ubi
1808 1703 1863 1758 in

212 1809 314 1848 cor
332 1793 462 1863 ejus
487 1796 548 1846 ut
577 1791 783 1864 prodat
796 1791 1134 1862 Magistrum
1151 1791 1402 1846 mittitur
1424 1811 1435 1858 ;
1455 1793 1607 1863 quod
1627 1792 1673 1847 si
1693 1791 1862 1847 talem

211 1881 606 1938 habitatorem
666 1880 878 1936 meruit
935 1897 1001 1936 ex
1059 1879 1182 1936 solo
1234 1881 1582 1952 proditionis
1631 1882 1862 1949 affectu,

210 1971 450 2043 qualem
484 1975 764 2042 putamus
793 1969 1005 2025 meruit
1032 1987 1100 2024 ex
1129 1970 1254 2042 ipso
1297 1971 1500 2025 ell'ectu
1523 1970 1551 2024 ?
1603 1969 1862 2042 Denique

210 2059 524 2116 sciendum
543 2059 800 2130 estquia,
820 2058 972 2114 sicut
998 2058 1229 2114 bonitas
1249 2059 1469 2131 gradus
1501 2076 1640 2114 suos
1665 2059 1858 2127 habet,

210 2148 436 2220 quibus
477 2147 758 2219 paulatim
811 2148 1175 2203 ascendendo
1219 2147 1468 2220 proﬁcit,
1521 2148 1605 2204 sic
1636 2147 1863 2204 malitia

210 2256 379 2304 suos,
413 2237 629 2309 quibus
660 2237 1057 2292 indesinenter
1085 2237 1156 2292 ad
1216 2238 1414 2309 pejora
1451 2237 1861 2293 descendendo

210 2327 433 2382 deficit.
468 2327 580 2382 Nec
632 2325 846 2381 mirum
879 2342 1011 2381 cum
1046 2327 1346 2399 suggestio
1378 2327 1514 2382 boni
1547 2326 1622 2382 sit
1662 2343 1862 2382 semen

209 2417 314 2473 Dei
343 2435 358 2484 ;
389 2415 688 2488 suggestio
719 2419 912 2470 autem
946 2414 1082 2470 mali
1103 2415 1486 2471 nihilominus
1508 2432 1704 2471 semen
1737 2416 1861 2472 dia-

206 2506 454 2561 boli.Et
482 2510 546 2560 ut
576 2521 775 2561 semen
820 2504 940 2572 Dei,
993 2504 1052 2559 in
1108 2505 1320 2560 bonam
1369 2509 1584 2560 terram
1608 2505 1859 2576 jactum,

207 2595 544 2652 secundum
584 2593 897 2666 evangelici
929 2592 1192 2666 agricola:
1224 2593 1655 2666 pararabolam,
1697 2595 1861 2666 prius

207 2685 400 2741 mittit
445 2699 703 2756 germen,
758 2682 890 2738 dein
953 2682 1274 2738 fructiferat
1329 2683 1592 2750 herbam,
1654 2683 1862 2739 deinde

205 2773 464 2847 spicam,
507 2772 640 2827 inde
685 2770 925 2843 plenum
975 2772 1336 2828 frumentum
1381 2772 1437 2826 in
1489 2773 1673 2845 spica,
1705 2773 1859 2844 quod

206 2863 420 2919 statim
469 2859 614 2916 falce
665 2860 957 2916 defectum
1005 2865 1177 2932 atque
1219 2860 1519 2932 palearum
1579 2861 1860 2916 selectum

204 2950 522 3023 reponitur
550 2949 609 3004 in
665 2947 899 3005 caeleste
951 2949 1223 3004 horreum
1285 2949 1492 3020 (Matth.
1545 2967 1666 3017 χιιι,
1696 2949 1859 3006 Marc.

206 3058 293 3105 ιν,
325 3041 435 3094 Luc
463 3039 584 3108 vm)
610 3057 624 3106 ;
659 3039 739 3094 ita
767 3043 824 3094 et
855 3055 1054 3094 semen
1075 3037 1290 3094 diaboli
1317 3039 1374 3093 in
1397 3038 1551 3094 mala
1572 3040 1862 3096 terrasuis

207 3127 549 3201 augmentis
579 3128 875 3184 contendit
930 3127 1251 3200 provenire,
1286 3131 1350 3182 ut
1410 3145 1544 3183 mox
1581 3129 1651 3184 ad
1684 3147 1858 3186 suum

1978 551 2072 644 dit
2091 553 2162 607 ad
2198 553 2590 611 invadendum
2625 561 2879 630 perfidia:
2905 563 3116 636 hospes
3137 567 3426 626 diabolus.
3454 573 3617 644 Hinc,

1976 641 2075 694 ubi
2116 645 2288 697 tanta:
2322 644 2648 716 iniquitatis
2698 657 2979 723 conceptu
3035 657 3424 725 parturientes
3455 641 3617 718 clans

1976 729 2269 786 destinum
2304 750 2451 805 opus
2475 736 2760 794 mentium
2797 746 3285 816 suarum,quibus
3309 750 3623 808 refundant

1977 815 2200 906 similes
2228 819 2339 874 sibi
2365 821 2606 878 solerter
2635 826 2940 898 vestigant,
2975 815 3175 902 eisque
3209 837 3450 906 repertis
3484 841 3623 897 talia.

1975 903 2368 963 insusurrant.
2403 911 2547 974 Quid
2577 913 2754 969 vultis
2787 917 2954 972 nobis
2997 918 3153 984 dare,
3205 903 3289 976 et_
3323 942 3428 981 nos
3459 929 3622 987 vobis

1971 995 2252 1065 Spiritum
2276 1002 2543 1054 sanctum
2569 1001 2857 1059 tradimus
2884 1005 2911 1058 ‘?
2933 1006 3207 1078 Nunquid
3237 1029 3350 1067 non
3377 1013 3497 1070 haec
3516 1035 3622 1074 vox

1978 1099 2105 1154 quae
2139 1101 2258 1139 una
2291 1087 2399 1140 fuit
2422 1087 2604 1158 Judac,
2641 1093 2696 1145 et
2727 1109 2840 1146 uno
2865 1097 3088 1150 tantum
3113 1097 3224 1165 die,
3261 1117 3406 1172 pene
3437 1107 3619 1161 conti-

1979 1189 2094 1227 nua
2126 1176 2182 1227 et
2211 1175 2553 1244 quotidiana
2584 1185 2672 1233 est
2704 1179 2832 1235 istis
2855 1182 2881 1235 ‘?

2047 1263 2233 1333 Atque
2266 1263 2489 1319 utinam
2525 1265 2619 1321 hic
2651 1267 2829 1336 milvi,
2858 1273 3180 1329 secundum
3209 1277 3442 1348 Isaiam,
3476 1281 3622 1339 alter

1977 1350 2048 1442 ad
2117 1350 2367 1442 alterum
2456 1352 2514 1408 in
2595 1372 2764 1411 suam
2843 1359 3194 1431 Babylonem
3262 1373 3618 1442 congregati,

1978 1437 2126 1493 hanc
2149 1440 2458 1496 nefandam
2488 1459 2682 1498 vocem
2718 1445 2828 1499 sibi
2856 1445 3096 1504 invicem
3121 1449 3274 1508 lente
3295 1459 3350 1510 et
3370 1437 3624 1514 tenuiter

1977 1523 2435 1594 insusurrarent,
2463 1534 2652 1584 etnon
2678 1537 2938 1602 proterve
2961 1539 3015 1589 et
3036 1539 3625 1608 granditerinclama-

1977 1615 2139 1668 rent!
2169 1615 2300 1705 Sed,
2323 1617 2474 1686 quod
2499 1620 2664 1690 pejus
2689 1626 2797 1686 est,
2823 1623 2877 1676 in
2907 1629 3132 1680 tantum
3161 1626 3620 1705 inolevithujus-

1977 1717 2040 1756 ce
2063 1703 2468 1774 negotiationis
2502 1725 2644 1762 usus
2678 1711 2902 1779 utjam,
2923 1713 3079 1768 velut
3110 1732 3174 1770 ex
3194 1703 3533 1779 auctoritate
3565 1730 3623 1780 et

1979 1790 2197 1862 regula,
2233 1793 2485 1864 Spiritus
2513 1802 2751 1853 sanctus
2773 1798 2829 1852 in
2855 1805 3238 1860 sacramentis
3257 1808 3381 1864 suis
3403 1812 3621 1875 venalis

1972 1878 2164 1970 palam
2198 1883 2474 1938 omnibus
2506 1891 2884 1956 proponatur,
2921 1889 3113 1960 palam
3147 1898 3390 1964 taxetur,
3425 1900 3617 1970 palam

1974 1967 2228 2039 pretium
2259 1972 2386 2040 ejus
2408 1974 2829 2046 expostuletur,
2854 1977 3070 2047 palam,
3106 1985 3167 2036 ut
3189 1967 3465 2053 creditur,
3490 2006 3620 2046 ven-

1974 2056 2167 2125 datur,
2205 2057 2516 2131 palamque
2543 2070 2792 2129 ematur,
2828 2083 2944 2136 qua
2994 2067 3052 2122 in
3113 2087 3171 2125 re
3222 2073 3617 2135 sceleratiores

1973 2150 2112 2200 sunt
2144 2147 2596 2207 sceleratissimo
2633 2153 2808 2220 Juda,
2859 2156 2956 2226 qui
3010 2159 3420 2231 proditionem,
3457 2168 3616 2224 nullo

1975 2234 2148 2290 modo
2179 2238 2576 2293 attentandam
2602 2257 2633 2294 a
2663 2242 2864 2312 quovis
2889 2243 2973 2298 vel
2998 2243 3266 2314 latenter,
3291 2255 3615 2312 attentavit.

1975 2324 2135 2386 Quod
2171 2323 2219 2378 si
2253 2325 2406 2380 inter
2435 2325 2550 2382 alia
2606 2328 2919 2386 Dominum
2981 2338 3160 2389 Deum
3215 2337 3389 2395 etiam
3417 2359 3484 2396 ex
3509 2344 3617 2400 hoc

1975 2411 2312 2469 immaniter
2353 2415 2594 2470 offendit
2639 2419 2789 2489 quod
2846 2419 3318 2481 inazstimabilem
3378 2432 3617 2490 arbitrio

1971 2499 2306 2592 Judazorum
2331 2503 2773 2574 appretiandum
2800 2506 3055 2579 reliquit,
3076 2516 3131 2565 et
3152 2514 3303 2584 quod
3323 2515 3616 2592 incompa-

1973 2589 2216 2645 rabilem
2247 2592 2390 2647 adeo
2423 2593 2806 2665 parvipendit,
2861 2602 2925 2651 ut
2973 2599 3345 2658 denariorum
3373 2589 3615 2666 numero

1973 2694 2103 2732 cum
2137 2680 2390 2735 traderet
2419 2683 2700 2752 profanis,
2727 2701 2841 2755 quo
2867 2685 3033 2741 ibunt
3059 2705 3092 2742 a
3114 2689 3332 2760 Spiritu
3360 2693 3482 2759 Dei,
3508 2702 3563 2751 et
3583 2716 3617 2752 a

1972 2767 2115 2823 facie
2137 2769 2284 2838 ejus,
2309 2786 2424 2840 quo
2445 2771 2912 2844 fugientisti,qui
2933 2792 3083 2830 nunc
3098 2794 3223 2846 suo,
3251 2797 3404 2836 nunc
3427 2783 3614 2842 alieno

1975 2857 2212 2913 arbitrio
2237 2859 2430 2929 ipsum
2455 2859 2737 2931 Spiritum
2762 2867 3030 2918 sanctum
3055 2868 3382 2938 appretiare
3405 2872 3612 2942 solent,

1973 2946 2231 3017 adeoque
2253 2947 2480 3002 minimi
2515 2947 2756 3014 faciunt,
2791 2954 2854 3004 ut
2893 2967 3007 3006 non
3056 2954 3248 3011 solum
3293 2975 3613 3029 paucorum

1973 3034 2687 3106 summulanummorum,
2712 3056 2914 3094 verum
2938 3040 3110 3098 etiam
3127 3045 3616 3124 piget,pudetque

1973 3125 2182 3193 dicere,
2219 3143 2320 3197 pro
2351 3142 2512 3194 cane,
2547 3144 2672 3192 sue,
2695 3129 2988 3200 accipitre,
3029 3135 3086 3187 et
3116 3133 3400 3208 relinquis
3433 3140 3616 3210 quali-

206 3219 516 3292 perveniat
573 3216 787 3282 locum,
819 3219 1163 3289 perpetuum
1225 3215 1449 3272 scilicet
1502 3217 1860 3276 incendium.
1894 3205 1936 3275 C
1970 3214 2336 3285 buscunque,
2363 3219 2420 3270 et
2450 3215 2853 3287 hujuscemodi
2903 3219 3146 3276 xeniolis
3201 3205 3466 3282 γεώδει-θ’
3496 3246 3611 3285 non

205 3309 416 3379 Neque
445 3307 603 3361 enim
634 3306 949 3378 quisquam
983 3309 1216 3377 repente
1271 3305 1335 3360 fit
1381 3305 1537 3362 imus
1593 3307 1652 3361 in
1687 3307 1864 3378 malo,

207 3397 372 3452 sicut
403 3412 574 3451 nemo
606 3399 842 3466 repente
870 3411 1139 3450 summus
1169 3394 1227 3448 in
1260 3394 1433 3450 bono.

291 3484 456 3540 Unde
474 3488 528 3540 et
549 3498 748 3538 semen
770 3481 1042 3538 diabolici
1074 3481 1196 3556 lolii
1222 3482 1280 3538 in
1305 3500 1404 3538 cor
1428 3484 1670 3556 pessimi
1698 3485 1863 3542 ,ἶυίίω

199 3576 441 3646 jactum
486 3571 649 3643 prius
707 3571 931 3628 occulte
987 3571 1335 3645 germinavit
1382 3571 1861 3632 deliberationem

205 3662 589 3737 proditionis,
621 3660 830 3717 deinde
859 3665 1055 3733 aperte
1086 3662 1280 3733 erupit
1310 3661 1552 3718 herbam
1576 3664 1862 3736 pestifera

207 3751 693 3816 machinationis,
709 3750 809 3806 ubi
831 3750 1100 3806 abeundo
1121 3754 1176 3806 et
1190 3750 1476 3823 loquendo
1489 3751 1623 3809 inde
1638 3753 1861 3811 Judazis

203 3841 406 3899 verbis
441 3840 589 3906 suis,
621 3839 780 3896 velut
807 3839 1244 3896 luxuriantibus
1293 3841 1403 3896 sibi
1464 3841 1617 3898 foliis
1649 3843 1862 3900 umbra

203 3930 491 4003 nequitiae
523 3947 663 3998 suis,
697 3928 791 3985 alii
827 3929 1036 3985 semini
1069 3947 1320 4002 nequam
1355 3931 1424 3985 ad
1451 3931 1858 3991 mortiﬁcando

203 4017 623 4094 principalem,
655 4023 710 4074 et
722 4017 1016 4091 singulare
1030 4036 1279 4092 granum
1298 4020 1576 4076 frumenti
1593 4038 1858 4078 commu-

199 4110 443 4166 nicavit.
477 4109 700 4174 Quibus
730 4109 871 4163 dum
900 4108 1196 4180 superhoc
1237 4109 1454 4181 gavisis
1474 4114 1532 4165 et
1548 4111 1856 4182 pecuniam

201 4216 392 4272 super
418 4199 527 4255 hoc
577 4197 1038 4270 pasciscentibus
1077 4199 1410 4270 spopondit,
1445 4199 1602 4255 velut
1632 4201 1856 4272 spicam

204 4287 476 4362 protulit,
499 4305 626 4360 quse
649 4287 1034 4356 adolescebat,
1058 4287 1200 4342 dum
1226 4289 1492 4344 tradendi
1517 4291 1856 4362 opportuni-

199 4381 389 4433 tatem
421 4378 716 4449 quazrebat
773 4376 983 4448 (Matth.
1045 4394 1200 4442 xxvr,
1234 4378 1320 4447 15,
1359 4379 1470 4449 16),
1530 4384 1586 4434 et
1615 4379 1851 4452 plenum

204 4466 416 4522 lolium
452 4466 509 4521 in
543 4483 666 4522 sese
683 4466 966 4533 exhibuit,
990 4467 1226 4537 quando
1249 4467 1619 4524 traditionem
1672 4469 1854 4525 osculi

1975 3303 2289 3359 dubitent?
2323 3305 2748 3362 Inwstimabilis
2776 3307 2933 3363 enim
2963 3309 3146 3380 culpa:
3177 3317 3265 3367 est
3286 3314 3612 3374 Creatorem

1975 3392 2098 3447 cmli
2132 3397 2188 3448 et
2214 3396 2376 3448 terra:
2407 3410 2510 3465 pro
2542 3395 2978 3465 quantumlibet
3009 3415 3242 3472 magna,
3277 3407 3332 3459 et
3361 3406 3616 3476 pretiosa

1973 3499 2163 3538 merce
2190 3481 2335 3538 velle
2366 3482 2708 3539 distrahere.
2757 3484 2912 3554 Ideo,
2955 3487 3110 3543 sicut
3157 3508 3335 3564 supra
3377 3495 3610 3565 dicitur,

1971 3571 2332 3628 intolerabile
2363 3572 2589 3629 facinus
2612 3579 2946 3647 perpetrant
2966 3578 3430 3654 quotiescunque
3457 3587 3612 3656 quod

1971 3662 2315 3735 pretiosum,
2339 3667 2395 3718 et
2416 3679 2594 3734 super
2616 3663 2814 3718 omnia
2841 3682 3041 3721 carum
3065 3673 3153 3722 est
3175 3669 3366 3726 viliter
3389 3690 3610 3729 venun-

1971 3752 2109 3807 dare
2141 3755 2385 3807 tentant.
2419 3751 2567 3816 Quid
2594 3751 2749 3807 enim
2781 3753 2973 3810 carius
3021 3760 3077 3810 et
3108 3758 3420 3826 pretiosius
3453 3762 3611 3817 Deo?

1970 3840 2150 3912 Cujus
2180 3839 2698 3911 incomparabilem
2748 3842 3170 3911 excellentiam,
3232 3846 3341 3901 sub
3375 3849 3610 3905 nomine

1969 3929 2286 4001 sapientiae,
2322 3930 2567 4000 Sapiens
2599 3930 2682 3984 sic
2713 3931 3105 4001 commendat,
3131 3933 3366 3991 dicens:
3403 3960 3428 3987 ‹‹
3455 3937 3609 3994 Nihil

1968 4035 2096 4074 esse
2127 4019 2263 4073 duxi
2297 4018 2354 4072 in
2404 4018 2839 4089 comparatione
2891 4019 3090 4088 illius;
3121 4039 3226 4080 nec
3279 4028 3609 4098 comparavi

1967 4106 2052 4162 illi
2083 4106 2336 4178 lapidem
2376 4106 2718 4178 pretiosum,
2770 4109 3048 4180 quoniam
3101 4129 3271 4170 omne
3309 4132 3517 4172 aurum
3550 4117 3608 4174 in

1968 4196 2401 4268 comparatione
2432 4196 2592 4252 illius
2624 4213 2801 4252 arena
2826 4203 2914 4254 est
2942 4200 3170 4273 exigua,
3213 4209 3279 4259 et
3328 4209 3609 4279 tanquam

1965 4285 2155 4340 lutum
2187 4285 2577 4340 aestimabitur
2608 4291 2916 4359 argentum
2965 4290 3026 4344 in
3085 4299 3397 4365 conspectu
3429 4295 3609 4362 illius,

1967 4374 2243 4448 quoniam
2269 4375 2745 4447 inexstinguibile
2769 4383 2859 4432 est
2889 4377 3086 4435 lumen
3128 4381 3309 4438 illius.
3337 4383 3608 4441 Infinitus

1965 4464 2123 4519 enim
2146 4463 2459 4519 thesaurus
2483 4469 2572 4520 est
2603 4465 2942 4523 hominibus
2968 4469 3119 4539 (δίῳ.
3167 4483 3268 4536 vn,
3291 4472 3460 4542 8-1/1).
3491 4495 3518 4521 ››
3544 4473 3612 4528 Et

203 4554 381 4628 signo
414 4555 651 4628 perfecit
677 4555 861 4623 (Ibid,
883 4555 990 4626 49).
1024 4555 1127 4610 Cui
1159 4556 1393 4611 tandem
1427 4556 1542 4611 falx
1587 4559 1856 4630 accessit,
1888 4580 1933 4644 D
1969 4557 2100 4625 post
2131 4570 2351 4644 pauca:
2378 4576 2405 4602 ‹‹
2431 4553 2705 4644 Estenim
2757 4554 2814 4609 in
2868 4555 2975 4644 illa
3017 4557 3260 4627 spiritus
3283 4558 3610 4616 intellectus

202 4644 308 4699 ubi
342 4644 553 4716 laqueo
585 4661 910 4716 suspensus
944 4645 1171 4700 medius
1201 4645 1444 4716 crepuit,
1486 4649 1541 4701 et
1571 4645 1628 4702 in
1661 4647 1852 4704 locum

202 4749 387 4790 suum
419 4735 787 4806 reponendus
817 4733 952 4788 hinc
983 4733 1126 4788 abiit
1155 4735 1291 4801 (Act.
1329 4734 1500 4806 1,18).
1531 4737 1712 4807 Cujus
1732 4755 1857 4808 pro-

203 4823 550 4895 pinquiores
577 4839 858 4894 sequaces
889 4822 1077 4878 ell'ecti
1107 4823 1443 4891 Simoniaci,
1492 4841 1607 4879 non
1642 4826 1854 4882 minori

203 4911 454 4967 avaritia
507 4912 577 4966 ad
636 4911 746 4967 hoc
791 4928 978 4983 usque
1011 4910 1414 4977 devolvuntur,
1473 4918 1537 4967 ut
1568 4913 1852 4986 Spiritum

203 5005 483 5055 sanctum
496 5001 739 5073 prodere
752 5005 1054 5056 conentur.
1074 4999 1216 5055 Cum
1233 5017 1349 5072 qua
1363 5018 1470 5056 sua
1486 5002 1852 5060 immissione

204 5089 479 5146 diabolus
497 5091 671 5145 corda
693 5106 916 5154 eorum,
935 5089 1188 5144 effractis
1212 5090 1434 5145 foribus
1457 5091 1610 5159 fidei,
1635 5091 1856 5148 scilicet

202 5179 416 5233 timore
449 5183 505 5234 et
535 5196 753 5247 amore,
785 5177 1074 5234 violentus
1107 5178 1305 5245 intrat,
1327 5179 1425 5250 qui
1455 5179 1740 5235 hactenus
1771 5181 1854 5237 eis

204 5269 463 5323 exterius
494 5268 824 5334 assistebat,
857 5268 998 5324 dum
1031 5266 1146 5322 alia
1177 5268 1431 5324 avaritia:
1455 5268 1610 5324 mala
1631 5269 1853 5326 illectos

210 5357 653 5429 supplantabat,
688 5375 758 5413 ne
793 5361 988 5413 tamen
1020 5355 1510 5429 qualemcumque
1543 5359 1717 5414 fidem
1752 5359 1853 5416 Dei

205 5446 278 5500 ab
313 5462 516 5501 eorum
550 5447 822 5502 cordibus
853 5445 1150 5502 elimabat.
1210 5452 1285 5502 At
1339 5463 1492 5515 mox,
1545 5453 1608 5503 ut
1637 5449 1706 5504 de
1739 5449 1853 5505 Deo

205 5535 422 5592 sentire
444 5553 621 5608 prava
641 5540 696 5592 et
714 5535 910 5593 conari
941 5535 1092 5604 licet,
1113 5535 1298 5592 celam
1322 5553 1436 5591 non
1461 5541 1750 5604 metuunt,
1787 5539 1851 5594 li-

206 5623 341 5683 dem
378 5624 620 5688 omnino
642 5625 918 5706 perdunt,
941 5624 1140 5703 sicque
1163 5625 1455 5686 secedenti
1481 5625 1729 5701 Christo,
1754 5631 1856 5708 qui

1964 4642 3607 4716 sanctus,uuicus,multiplex,subtilis,mobilis,disertus,

1965 4733 2470 4804 incoinquinatus,
2497 4736 2604 4788 etc.
2631 4733 2811 4802 (ibz'd.,
2833 4735 2945 4804 22).
2962 4753 2987 4783 ι)
3024 4735 3230 4790 Beatus
3253 4753 3485 4808 quoque
3499 4738 3608 4794 Job

1967 4821 2101 4877 inde
2119 4822 2199 4876 ait
2219 4838 2230 4876 :
2253 4821 2476 4876 «Nescit
2495 4821 2668 4875 homo
2689 4821 2937 4892 pretium
2958 4823 3105 4892 ejus.
3123 4824 3244 4880 Non
3263 4825 3612 4882 dabiturau-

1966 4929 2097 4966 rum
2115 4911 2376 4966 obrisum
2397 4927 2498 4980 pro
2519 4926 2606 4975 ca,
2646 4926 2750 4964 nec
2790 4912 3152 4982 appendetur
3199 4920 3508 4987 argentum
3552 4917 3609 4971 in

1965 5000 2418 5056 commutatione
2441 5000 2591 5067 ejus.
2613 4999 2737 5054 Non
2756 5000 3054 5056 confertur
3071 5001 3268 5060 tinctis
3283 5006 3339 5060 in
3357 5006 3447 5061 die
3465 5006 3613 5061 colo-

1965 5090 2149 5156 ribus,
2177 5107 2280 5144 nec
2305 5087 2484 5159 lapidi
2520 5088 2827 5144 sardonico
2859 5091 3308 5162 pretiosissimo,
3360 5095 3445 5149 vel
3477 5111 3608 5165 sap-

1965 5179 2153 5250 phiro.
2178 5179 2302 5233 Non
2332 5177 2736 5248 adaequabitur
2756 5178 2806 5233 ei
2833 5198 3064 5244 aurum,
3099 5199 3204 5237 nec
3234 5183 3470 5250 vitrum,
3506 5199 3609 5238 nec

1965 5268 2486 5322 commutabuntur
2519 5284 2621 5338 pro
2651 5284 2717 5321 ca
2749 5284 2885 5323 vasa
2915 5271 3061 5322 auri.
3099 5269 3333 5324 Excelsa
3377 5275 3431 5324 et
3463 5269 3606 5324 cmi-

1966 5357 2162 5412 nentia
2193 5374 2308 5411 non
2342 5357 2829 5411 memorabuntur
2886 5357 2943 5410 in
2997 5357 3426 5430 comparatione
3459 5360 3606 5429 ejus.

1963 5446 2239 5502 Trahitur
2271 5451 2464 5502 autem
2500 5445 2787 5517 sapientia
2820 5446 2888 5500 de
2908 5445 3176 5502 occultis.
3204 5447 3327 5502 Non
3347 5449 3611 5520 adaequa-

1963 5537 2124 5592 bitur
2154 5535 2204 5591 ei
2233 5536 2523 5608 topazium
2554 5535 2625 5590 de
2649 5535 2960 5607 EthiOpia,
2996 5552 3099 5592 nec
3132 5536 3396 5594 tinctura:
3435 5555 3607 5596 mun-

1969 5625 2226 5688 dissima
2261 5631 2648 5703 componatur
2677 5627 2791 5704 (Job
2821 5642 3020 5698 xxvm,
3056 5627 3122 5685 13
3151 5627 3262 5704 19).
3298 5649 3326 5682 ››
3349 5627 3454 5699 Qui
3478 5619 3610 5704 post
