4106 6178
517 233 666 311 ιοθι

1568 222 1971 289 HUMBERTI
2017 227 2081 287 s.
2127 213 2203 286 Β.
2247 220 2322 289 E.
2366 176 2860 287 CARDlNALIS.

3714 222 3845 295 {I92

517 382 703 441 pauca
719 362 970 420 breviter
995 352 1261 431 aperiens
1285 359 1428 431 quid
1453 358 1529 414 sit
1551 357 1856 430 sapientia,
1874 374 1939 412 ex
1962 373 2155 429 perso-
2186 356 2243 423 Α
2273 356 2717 423 catecbismum,
2751 356 3134 427 baptismum,
3152 350 3477 428 etperfectae
3496 353 3846 416 Christianita-

518 473 596 512 na
614 453 713 512 Dei
746 450 889 508 dicit
910 447 1172 504 homini:
1212 471 1231 498 υ
1266 448 1411 503 Ecce
1441 446 1620 501 timor
1650 445 1878 501 Domini
1910 445 2038 517 ipsa
2076 450 2165 500 est

518 541 831 616 sapientia,
890 542 947 594 et
994 537 1261 593 recedere
1323 553 1357 592 a
1401 534 1563 591 malo
1622 533 2009 606 intelligentia
2041 534 2163 602 (Job

515 649 715 698 xxvm,
742 631 852 695 28).
884 644 915 698 ῳ
946 626 1092 681 Hinc
1143 627 1345 681 beatus
1375 625 1783 696 Hieronymus,
1846 622 1905 677 in
1937 623 2163 695 exposi-

517 721 675 776 tione
703 715 1011 781 Zachariae,
1048 713 1159 769 ait:
1188 736 1215 763 «
1248 714 1515 789 Salvator
1561 712 1814 784 pretium
1875 729 2071 779 suum,
2104 712 2164 766 id

518 814 609 865 est
637 804 984 877 majestatis,
1016 803 1074 857 in
1109 820 1218 857 xxx
1241 819 1486 858 cernens
1509 801 1821 873 argenteis,
1846 805 1903 856 et
1924 806 2041 857 tam
2064 799 2165 855 vili

519 896 783 953 mercede
816 909 877 949 se
908 890 1203 964 proditum
1236 892 1457 947 ironice
1489 890 1608 946 ait:
1642 913 1668 939 ‹‹
1719 890 2002 945 Decorum
2036 905 2162 961 pre-

517 987 667 1041 tium
702 999 816 1055 quo
846 980 1206 1053 appretiatus
1236 997 1368 1035 sum
1414 980 1486 1035 ab
1530 978 1613 1034 eis
1644 980 1824 1049 (Zach.
1884 996 1960 1043 x1,
1996 979 2097 1049 I3).
2134 1000 2162 1027 »

521 1074 638 1128 Hoc
669 1076 864 1127 autem
893 1073 982 1124 est
1012 1069 1320 1140 legendum
1356 1084 1491 1123 cum
1547 1066 1815 1121 irrisione
1874 1066 2158 1122 dicentis:

519 1185 548 1212 ‹‹
572 1163 755 1216 Tanto
780 1175 873 1214 me
902 1156 1157 1230 populus
1189 1174 1375 1222 meus,
1437 1161 1495 1211 et
1547 1172 1832 1227 pauperes
1863 1156 2160 1227 quondam

516 1250 731 1324 gregis,
763 1252 821 1304 et
849 1264 883 1301 a
912 1262 1004 1301 me
1026 1245 1189 1300 electi
1211 1246 1269 1299 in
1294 1245 1465 1310 filios,
1486 1244 1800 1300 emendum
1825 1248 1999 1316 atque
2023 1261 2159 1299 ven-

517 1339 774 1395 dendum
804 1334 992 1407 pretio
1010 1333 1422 1404 judicaverunt
1455 1333 1467 1387 l
1503 1354 1531 1382 »

1139 1439 1375 1494 CAPUT
1413 1438 1522 1494 XX.

517 1534 653 1601 Quot
679 1527 1155 1586 maledictionibus
1183 1544 1306 1582 cum
1333 1527 1466 1601 {adu
1490 1525 2159 1601 Simonz'acisubjaceant,

743 1604 792 1656 et
824 1601 1063 1672 qualiter
1091 1616 1309 1655 omnem
1339 1600 1640 1654 Ecclesium
1670 1599 1922 1654 vendant.

586 1689 750 1746 Haud
783 1705 951 1744 secus
966 1686 1388 1743 hoshmreticos
1403 1686 1970 1743 nefandiambitione
2000 1704 2157 1743 com-
2187 1723 2235 1788 B

516 1778 713 1834 mercii
747 1777 1081 1848 dirumpere
1100 1775 1334 1830 vincula
1352 1775 1692 1831 Christiana:
1715 1775 1880 1847 legis,
1903 1780 1959 1831 et
1979 1776 2156 1847 proji-

514 1884 642 1923 cere
672 1884 705 1921 a
735 1867 1026 1938 sejugum
1081 1864 1407 1936 apostolicae
1457 1863 1778 1936 disciplima
1811 1869 2155 1936 quaerentes,

515 1956 615 2029 qui
647 1955 874 2011 habitat
901 1955 960 2009 in
993 1953 1152 2008 caelis
1183 1953 1390 2009 irridet
1419 1956 1476 2008 et
1506 1953 1834 2008 subsannat
1891 1953 2057 2025 (P511.
2092 1970 2155 2021 II,

514 2046 657 2117 3-4),
692 2044 790 2100 ubi
824 2043 1198 2113 impudenter
1227 2041 1578 2114 negotiando
1601 2042 1671 2097 de
1693 2043 1809 2097 Dco
1833 2041 1978 2096 nihil
2009 2042 2161 2097 inve-

516 2134 687 2189 niunt
717 2133 775 2187 in
809 2132 1084 2187 manibus
1142 2131 1267 2186 suis
1298 2132 1473 2202 (Psal.
1509 2148 1674 2198 Lxxv,
1721 2131 1798 2202 6),
1861 2130 1972 2187 nisi
2004 2131 2155 2201 quod

514 2223 701 2279 Judas
731 2224 788 2277 et
818 2219 1003 2275 Judaei
1036 2219 1092 2273 in
1127 2220 1274 2287 suis,
1302 2224 1642 2291 perpetuam
1667 2220 1890 2275 scilicet
1914 2219 2159 2274 maledi-

517 2311 768 2365 ctionem
828 2312 883 2363 et
937 2307 1400 2373 damnationem,
1464 2306 1622 2379 quia,
1682 2307 1943 2379 exemplo
1970 2308 2155 2375 Judae,

520 2399 669 2451 fiunt
700 2395 802 2449 ﬁlii
836 2411 1035 2449 eorum
1069 2395 1314 2466 orphani
1347 2395 1517 2465 (Psal.
1539 2412 1697 2464 cvm,
1718 2396 1795 2466 9),
1828 2400 1882 2450 et
1907 2412 2048 2450 uxor
2074 2395 2157 2450 vi-

518 2485 654 2551 dua,
688 2482 823 2556 quia
855 2481 1160 2554 sanguinis
1182 2482 1395 2538 Christi
1422 2499 1599 2555 super
1619 2500 1716 2538 eos
1736 2487 1793 2538 et
1812 2501 1989 2555 super
2011 2483 2161 2540 ﬁlios

517 2588 719 2629 eorum
780 2571 969 2643 (Matth
1028 2589 1207 2637 xxvn,
1265 2572 1378 2644 25),
1441 2577 1504 2626 ut
1559 2571 1906 2638 vindicetur,
1940 2576 2155 2628 manet.

518 2646 774 2726 Q‘uorum
807 2660 978 2732 plane
1011 2660 1114 2714 filii
1147 2660 1217 2715 ab
1249 2660 1378 2732 ipsa
1407 2660 1785 2731 conceptione
1805 2678 1913 2715 sua
1937 2665 1995 2715 et
2011 2661 2158 2716 nati-

517 2751 694 2805 vitate
727 2750 877 2804 ﬁunt
908 2748 1176 2817 orphani,
1211 2749 1350 2821 quia
1381 2748 1505 2804 sine
1537 2749 1651 2805 Deo
1677 2749 1844 2805 Patre
1866 2768 1883 2815 ;
1905 2754 1964 2805 et
1994 2767 2155 2817 uxor,

519 2838 740 2895 scilicet
769 2837 966 2909 plebes
996 2854 1220 2903 eorum,
1281 2838 1478 2904 vidua,
1537 2838 1677 2909 quia
1735 2839 1861 2893 sine
1898 2837 2158 2910 legitimo

519 2926 748 2993 marito,
782 2925 1030 2981 Christo.
1065 2925 1227 2980 Unde
1244 2930 1484 2998 apparet
1505 2926 1808 2982 haereticos
1828 2927 2159 2998 generando

521 3015 691 3080 mori,
725 3030 974 3086 quorum
1006 3029 1152 3068 uxor
1181 3014 1356 3069 vidua
1387 3019 1669 3083 remanet,
1693 3020 1750 3070 et
1772 3015 2153 3087 ﬁliiorphani.

520 3104 588 3159 Et
618 3120 745 3159 vere
766 3103 1000 3175 penitus
1022 3102 1135 3158 Deo
1158 3102 1506 3167 moriuntur,
1537 3103 1635 3158 ubi
1658 3086 2157 3159 sacramentorum
2190 3086 2231 3151 (ἶ

518 3194 647 3264 ejus
677 3192 924 3265 gratiam
958 3208 1223 3263 perverse
1255 3191 1399 3247 alios
1422 3192 1746 3247 ordinando
1764 3194 2012 3248 vendere
2042 3210 2155 3248 non

515 3287 812 3347 verentur,
845 3285 909 3335 ut
939 3279 1043 3334 filii
1108 3280 1438 3347 amborum,
1473 3280 1705 3336 nonnisi
1750 3281 2017 3353 orphani,
2051 3299 2157 3337 na~

519 3373 776 3436 scantur,
810 3368 949 3439 quia
980 3385 1112 3423 mox
1143 3370 1499 3440 sempiterno
1531 3370 1696 3425 Patre
1717 3370 2017 3435 orbantur,
2057 3370 2159 3425 ubi

519 3457 897 3513 sacramentis
928 3472 1055 3526 quas
1088 3457 1241 3528 apud
1277 3457 1576 3513 hzereticos
1607 3457 1885 3513 dicuntur
1920 3458 2157 3513 initian-

517 3552 631 3600 tur.
666 3544 890 3611 Quibus
922 3544 1139 3615 pariter
1168 3546 1239 3599 ad
1272 3562 1390 3599 suae
1412 3546 1809 3601 damnationis
1854 3547 2158 3602 cumulum

517 3634 817 3703 accrescit,
851 3637 915 3689 ut
945 3650 978 3688 a
1005 3633 1374 3705 generatione
1404 3650 1605 3689 eorum
1631 3634 1962 3693 requiratur
1998 3635 2157 3691 blas-

516 3723 751 3796 phemia
780 3723 1033 3794 Spiritus
1065 3721 1271 3789 sancti,
1301 3723 1403 3794 qui
1452 3727 1541 3779 est
1596 3724 1863 3779 remissio
1894 3729 2156 3796 peccato-

518 3830 671 3879 rum,
697 3812 935 3868 sicutab
951 3812 1318 3868 insanoJuda
1334 3817 1390 3867 et
1403 3814 1581 3885 perlid
1594 3814 1639 3868 is
1660 3813 1901 3880 Judaais,
1920 3813 2160 3885 sanguis

516 3901 750 3968 Christi,
775 3900 874 3973 qui
899 3902 1122 3958 effusus
1145 3902 1310 3957 estin
1344 3902 1748 3957 remissionem
1767 3907 2157 3973 peccatorum.

516 3989 775 4053 Quorum
806 3990 1195 4045 substantiam
1222 4007 1455 4047 omnem
1481 3991 1739 4063 perfidus
1761 3991 1857 4047 ille
1876 3992 2165 4047 fenerator

514 4094 889 4134 mammonae
945 4094 1048 4149 pro
1106 4080 1545 4135 accommodato
1614 4079 1700 4135 eis
1752 4081 2004 4152 perﬁdia:
2044 4098 2162 4136 sum

519 4182 762 4223 nummo
787 4170 1104 4232 scrutatur,
1130 4166 1476 4240 laboresque
1499 4185 1701 4224 eorum
1725 4168 2007 4240 diripiunt
2028 4168 2163 4225 alie-

519 4254 577 4308 ni
600 4254 707 4321 illi,
733 4271 982 4326 quorum
1002 4272 1172 4311 voces
1205 4272 1319 4310 non
1348 4260 1638 4311 noverunt
1664 4274 1796 4313 oves
1827 4258 2065 4313 Christi.
2098 4258 2168 4312 Et

520 4342 619 4415 qui
651 4342 841 4416 plura,
875 4360 1009 4398 cum
1038 4344 1304 4415 psalmus
1334 4345 1405 4399 de
1436 4361 1551 4416 quo
1599 4346 1720 4401 haec
1769 4346 2016 4402 strictim
2066 4347 2163 4403 de-

2275 446 2351 500 tis
2383 444 2643 518 sigillum
2670 445 2950 510 vendunt,
2966 443 3187 499 scilicet
3207 444 3436 515 aprimo
3457 443 3653 516 pabulo
3676 450 3842 504 sacrati

2276 532 2418 589 salis
2446 550 2631 606 usque
2653 533 2722 589 ad
2746 532 3248 588 conﬁrmationem
3274 548 3377 604 per
3398 533 3728 606 episcopum,
3748 553 3847 609 quae

2276 627 2366 678 est
2388 623 2647 695 septima
2675 625 3173 678 sacramentorum
3197 621 3651 693 regenerationis,
3680 640 3845 691 secun:

2275 712 2417 767 dum
2439 711 2712 767 eumdem
2743 709 3179 782 septemplicem
3208 709 3587 781 Spiritum,ad
3609 711 3846 770 remissio-

2274 817 2407 857 nem
2441 799 2706 856 omnium
2739 802 3129 871 peccatorum.
3153 796 3222 853 Et
3240 798 3359 853 haec
3378 798 3844 869 quidemvendunt,

2273 888 2738 962 quotiescunque
2768 887 3042 944 ordinant
3070 886 3253 959 pretio
3274 886 3589 960 episcopos.
3610 888 3843 962 presbyte-

2273 995 2391 1045 ros,
2424 977 2706 1049 aliosque,
2739 992 2989 1048 quorum
3021 976 3215 1032 ofﬁcia
3269 976 3661 1054 regeneratrici
3686 979 3844 1049 gratia

2271 1066 2332 1122 in
2363 1065 2618 1123 Ecclesia
2673 1063 2958 1121 catholica
3013 1064 3367 1121 deserviunt.
3416 1063 3774 1122 Nihilominus
3796 1067 3840 1121 in

2270 1155 2637 1222 diaconibus,
2669 1153 2953 1225 quidquid
2986 1156 3483 1209 sacramentorum
3538 1153 3594 1207 in
3620 1154 3844 1211 diaconos

2271 1245 2539 1316 pertinet;
2559 1243 2614 1297 in
2628 1259 2695 1299 su
2704 1241 3085 1297 bdiaconibus
3102 1240 3388 1314 quidquid
3402 1242 3471 1297 ad
3485 1241 3841 1311 subdiaconos;

2269 1332 2329 1387 in
2362 1330 2604 1403 acolytis
2627 1330 2913 1403 quidquid
2933 1330 3005 1386 ad
3024 1328 3277 1402 acolytos
3300 1348 3315 1397 ;
3341 1330 3399 1386 in
3420 1330 3699 1387 exorcistis
3716 1332 3844 1403 quid-

2272 1421 2413 1493 quid
2436 1421 2507 1476 ad
2538 1419 2853 1476 exorcistas
2879 1437 2892 1486 ;
2915 1419 2975 1473 in
2997 1418 3312 1475 lectoribus
3333 1419 3607 1491 quidquid
3627 1419 3689 1474 ad
3707 1418 3844 1475 lecto-

2269 1527 2362 1566 res
2386 1529 2399 1577 ;
2425 1509 2486 1565 in
2511 1507 2763 1565 ostiariis
2787 1507 3072 1580 quidquid
3095 1507 3170 1564 ad
3182 1507 3535 1577 ostiarios;in
3549 1506 3700 1564 cleris
3715 1508 3844 1580 quid-

2269 1598 2410 1671 quid
2435 1600 2504 1654 ad
2525 1598 2730 1665 cleros,
2749 1597 2808 1652 in
2826 1595 3142 1653 mcunomis
3153 1596 3441 1669 quidquid
3461 1597 3528 1652 ad
3540 1612 3842 1662 (ecouomos;

2267 1686 2326 1742 in
2358 1686 2620 1743 ecclesiis
2651 1685 2935 1758 quidquid
2964 1686 3035 1740 ad
3068 1684 3348 1741 ecclesias
3375 1701 3387 1753 ;
3448 1684 3506 1741 in
3535 1683 3843 1741 monasteriis

2265 1776 2551 1848 quidquid
2570 1775 2629 1830 iu
2644 1774 2999 1830 monasteria
3018 1777 3074 1829 et
3093 1774 3165 1828 ad
3185 1773 3476 1844 ejusmodi
3497 1772 3709 1846 reliqua.
3728 1772 3844 1827 Tali-

2267 1870 2354 1921 ter
2375 1865 2514 1922 dum
2540 1863 2770 1919 nullum
2792 1863 3133 1919 Christianae
3164 1861 3469 1935 religionis
3495 1863 3720 1919 ordinem
3751 1861 3839 1916 im-

2268 1970 2506 2009 munem
2527 1951 2879 2008 venditionis
2901 1950 3263 2023 relinquunt,
3291 1950 3373 2006 nil
3396 1968 3505 2006 non
3519 1950 3764 2006 venditum
3788 1948 3837 2003 in

2266 2043 2449 2099 totius
2478 2040 2935 2097 Christianitatis
2993 2040 3216 2095 mundo
3275 2038 3702 2111 praetermittunt.
3732 2036 3842 2092 Non

2271 2130 2799 2203 quantulacunque
2826 2128 3217 2201 possessionis
3248 2127 3547 2201 angulum,
3592 2143 3689 2182 non
3715 2123 3840 2195 agel-

2268 2220 2416 2285 lum,
2449 2236 2565 2275 non
2594 2218 2978 2291 tuguriolum,
3008 2217 3107 2273 sed
3139 2233 3248 2272 nec
3280 2216 3581 2272 minimum
3616 2212 3840 2279 ebulum;

2270 2310 2563 2365 intantum
2596 2312 2659 2362 ut
2686 2324 2801 2363 non
2824 2306 3014 2362 solum
3042 2309 3382 2378 praesentes,
3406 2321 3593 2362 verum
3613 2306 3663 2359 et
3679 2303 3842 2358 tutare

2270 2397 2531 2453 fidelium
2583 2395 2907 2451 oblationes
2964 2395 3023 2449 in
3086 2394 3350 2451 Ecclesia
3403 2392 3845 2466 deprehendantur

2269 2488 2433 2559 prius
2464 2485 2708 2541 vendita:
2736 2501 2911 2556 quam
2944 2483 3187 2540 collata.
3221 2484 3325 2540 Sic
3380 2483 3439 2539 hi
3496 2483 3587 2555 qui
3625 2481 3847 2537 dicuntur

2268 2575 2605 2639 Christiani,
2626 2577 2811 2629 totum
2830 2573 3302 2628 Christianorum
3318 2572 3593 2628 mundum
3609 2572 3842 2641 quantum

2269 2665 2327 2720 in
2359 2664 2444 2720 eis
2468 2667 2557 2719 est
2576 2663 2836 2718 vendunt
2864 2680 2877 2731 ;
2912 2678 3087 2734 quem
3109 2683 3136 2712 α
3158 2661 3244 2718 sic
3306 2662 3457 2718 Deus
3510 2658 3692 2716 dilexit
3711 2673 3844 2713 mua-

2268 2754 2432 2821 dum,
2452 2756 2515 2807 ut
2546 2751 2757 2806 Filium
2789 2768 2962 2807 suum
2996 2749 3365 2820 unigenitum
3398 2750 3554 2805 daret
3595 2748 3746 2819 (Joan.
3775 2760 3839 2809 ut,

2270 2842 2357 2912 16)
2390 2863 2417 2891 ››
2453 2840 2909 2911 redemptionem
2939 2843 3173 2911 propter
3199 2855 3363 2895 eum.
3396 2839 3464 2894 Et
3491 2836 3578 2893 cui
3621 2833 3843 2897 vendunt,

2269 2930 2380 2985 nisi
2412 2928 2641 2985 diabolo
2663 2929 2690 2983 ?
2712 2929 2780 2983 Et
2806 2929 2875 2983 ad
2910 2927 3049 3000 quid
3079 2928 3129 2982 ei
3160 2926 3540 2983 vendantur?
3565 2925 3631 2981 Ut
3655 2923 3755 2980 sint
3778 2920 3846 2974 dc-

2269 3035 2385 3075 nuo
2414 3018 2625 3090 ipsius,
2655 3021 2712 3072 et
2743 3017 2957 3072 faciant
2986 3014 3138 3071 mala
3158 3016 3229 3071 ad
3259 3015 3612 3071 voluntatem
3630 3013 3753 3083 ejus,
3775 3023 3846 3063 ne-

2270 3125 2384 3180 que
2416 3108 2643 3180 prosint
2671 3106 2757 3162 eis
2785 3108 3149 3161 sacramenta
3196 3103 3402 3177 aliqua
3434 3097 3841 3161 Christianitatis,

2269 3198 2407 3270 quia
2436 3196 2617 3269 gratis
2647 3199 2881 3265 accepta
2911 3210 3017 3249 nec
3048 3194 3267 3248 dantur
3300 3209 3406 3249 nec
3427 3189 3845 3248 administrantur

2267 3286 2451 3359 gratis
2472 3302 2485 3352 ;
2521 3283 2618 3355 qui
2638 3282 2687 3339 si
2706 3283 2882 3338 etiam
2909 3283 3063 3338 bona
3082 3281 3396 3337 videantur
3415 3296 3596 3354 agere,
3603 3280 3711 3351 jam
3730 3276 3844 3330 bona

2269 3392 2381 3430 non
2414 3378 2571 3438 sunt,
2608 3372 2746 3443 quia
2776 3370 2859 3425 illi
2883 3375 3228 3443 reputantur
3246 3371 3345 3426 cui
3371 3369 3517 3426 servi
3537 3365 3726 3425 addicti
3741 3362 3844 3419 sunt

2267 3480 2372 3536 per
2414 3461 2827 3533 magistrorum
2856 3475 3097 3515 suorum
3130 3458 3284 3515 male
3345 3462 3578 3515 cautum
3606 3455 3845 3524 chirogra-

2269 3552 2452 3624 phum
2479 3568 2493 3617 ;
2522 3549 2620 3621 qui
2649 3548 2810 3603 velut
2836 3548 2991 3604 vasis
3022 3547 3155 3604 boni
3186 3547 3446 3618 pastoris
3475 3537 3845 3620 precinctiUB),

2271 3639 2675 3696 fraudulenter
2702 3637 2960 3709 maligno
2984 3636 3136 3692 leoni
3159 3636 3475 3694 retrahunt
3496 3650 3635 3706 quos
3653 3628 3848 3699 benigno

2267 3732 2432 3801 Agno
2455 3726 2829 3799 pertinaciter
2850 3725 3230 3782 subtrahunt.
3256 3725 3428 3781 Unde
3455 3730 3513 3781 et
3529 3712 3850 3779 inconsolabi-

2274 3817 2406 3874 liter
2436 3815 2747 3888 plangendi
2781 3819 2941 3881 sunt,
2973 3814 3112 3885 quia
3132 3812 3260 3869 sola
3289 3806 3851 3885 suainjuriaveligno-

2274 3905 2465 3963 rantia
2495 3908 2759 3977 pereunt,
2780 3904 2921 3959 dum
2945 3902 3195 3959 devitarc
3214 3906 3517 3959 tantorum
3534 3905 3589 3957 et
3605 3897 3776 3954 talium
3792 3888 3853 3943 lu-

2274 4011 2484 4067 porum
2507 3992 2791 4048 malitiam
2823 3995 2923 4046 aut
2952 3990 3273 4063 negligunt,
3309 3995 3415 4048 aut
3443 3989 3709 4047 nesciunt.

2346 4086 2603 4149 Quorum
2636 4081 2815 4137 rabiei
2850 4080 2898 4136 si
2928 4080 3088 4136 Judae
3121 4078 3317 4136 rabies
3347 4080 3713 4152 comparetur,
3747 4066 3851 4124 tole-

2274 4173 2513 4228 rabilior
2530 4170 2731 4227 multis
2752 4170 2944 4226 modis
2968 4169 3307 4241 reperietur.
3342 4169 3444 4226 Ille
3465 4166 3685 4231 etenim,
3701 4172 3855 4231 repen-

2273 4262 2398 4317 tina
2430 4261 2581 4316 furia
2609 4264 2795 4324 actus,
2820 4258 2999 4316 semel
3023 4258 3399 4331 Magistrum,
3422 4274 3589 4331 quem
3612 4246 3853 4340 mortalem

2276 4350 2510 4406 videbat
2540 4353 2595 4404 et
2626 4346 2966 4420 passibilem
3002 4364 3118 4403 non
3144 4346 3478 4411 dubitabat,
3508 4332 3855 4420 vendidit;isti

519 4432 865 4522 cerpsimus,
900 4431 1077 4522 latius
1110 4432 1255 4489 tales
1280 4433 1647 4489 insectetur?
1674 4436 1853 4499 Quem
1889 4436 1937 4491 si
1976 4435 2167 4491 ﬁdelis
2202 4459 2245 4522 ι)
2277 4444 2495 4505 autem,
2520 4417 2747 4492 diutina
2776 4434 3153 4492 meditatione
3185 4434 3476 4501 succensi,
3510 4417 3856 4522 millies-Spiri-

518 4520 699 4577 lector
727 4520 1060 4577 Christiano
1092 4538 1265 4577 sensu
1302 4522 1667 4589 discusserit,
1720 4540 1823 4579 nec
1867 4540 2030 4579 mora
2058 4524 2168 4580 sub

520 4609 692 4665 titulo
704 4609 735 4664 J
742 4609 867 4664 udae
886 4610 1232 4682 prodictoris
1249 4611 1671 4666 animadvertat
1686 4613 2167 4684 quantm,quales,

520 4703 575 4754 et
622 4703 764 4768 quot
816 4699 1257 4755 maledictiones
1306 4704 1481 4771 atque
1537 4699 1789 4755 ultiones
1841 4701 2167 4756 debeantur

519 4785 889 4842 Simoniacis.
925 4787 1122 4858 Neque
1154 4788 1309 4843 enim
1342 4787 1636 4859 aliquibus
1668 4788 1956 4844 haareticis
1978 4790 2165 4861 magis

523 4873 707 4946 aptari
725 4878 914 4944 potest
936 4874 1148 4945 psalmi
1170 4875 1331 4931 illius
1357 4877 1696 4948 prephetica
1720 4876 1797 4932 im
1808 4878 2082 4948 precatio,
2108 4878 2167 4933 in

521 4960 880 5017 venditorem
915 4961 1128 5018 Christi
1161 4969 1218 5019 et
1246 4969 1539 5036 emptores
1561 4967 1690 5036 ejus
1715 4967 1956 5031 directa,
1990 4984 2169 5038 quam

521 5051 651 5108 istis
687 5051 787 5123 qui
818 5051 1104 5123 Spiritum
1139 5058 1408 5109 sanctum
1432 5054 1689 5110 venalem
1720 5055 1942 5111 faciunt
1970 5056 2028 5110 in
2053 5074 2174 5111 om-

521 5140 687 5198 nium
719 5146 1225 5197 sacramentorum
1261 5142 1447 5214 ipsius
1476 5143 1682 5216 gratia.

594 5230 674 5287 Ex
687 5229 906 5302 quibus
926 5229 1202 5303 utaliqua
1215 5231 1544 5303 specialiter
1567 5249 2040 5300 commemorem,
2055 5233 2174 5300 isti,

624 5355 708 5430 18)
744 5355 809 5430 ln_
841 5355 1181 5430 mszcodice
1200 5356 1260 5411 in
1285 5357 1549 5430 margine
1571 5358 1690 5413 haec
1717 5358 2031 5430 leguntur:

630 5426 908 5504 ecuuduut
937 5428 1352 5504 Hieronymum,
1387 5426 1522 5504 vasa
1565 5426 1803 5504 pastoris
1824 5431 2079 5504 insignia
2110 5432 2179 5488 il-

519 5498 636 5606 μω
664 5500 718 5559 et
745 5496 1001 5561 habitum
1046 5496 1303 5562 debemus
1340 5496 1626 5578 accipere,
1678 5496 1964 5582 baculum;
1986 5518 2181 5591 peram

2282 4533 2407 4582 tum
2434 4528 2725 4592 sanctum,
2758 4540 2930 4596 quem
2962 4522 3359 4579 immortalem
3391 4534 3449 4580 et
3493 4510 3853 4593 impassibilem

2280 4633 2378 4672 ore
2410 4615 2775 4686 proﬁtentur,
2809 4613 3092 4670 vendunt;
3111 4610 3231 4680 Ille,
3261 4609 3855 4683 quamvisprotempore

2281 4722 2497 4776 paucos
2527 4702 2847 4774 discipulos
2879 4702 2946 4757 ad
2974 4701 3177 4757 horam
3195 4698 3644 4764 conturbaverit,
3665 4707 3760 4748 non
3794 4690 3857 4739 ῐα·

2279 4810 2413 4849 men
2445 4793 2528 4849 eis
2558 4791 2854 4848 Christum
2891 4791 3067 4846 etiam
3100 4790 3361 4846 occisum
3384 4787 3657 4852 abstulit;
3688 4777 3767 4836 isti
3789 4788 3858 4829 au-

2279 4888 2398 4939 tem
2429 4887 2485 4937 et
2515 4878 2904 4936 universalem
2956 4878 3270 4935 Ecclesiam
3327 4878 3457 4935 sine
3485 4865 3855 4957 intermissiotte

2282 4970 2653 5033 conturbant,
2685 4974 2741 5024 et
2770 4969 2841 5023 ab
2863 4967 3394 5024 innumerabilibus
3452 4962 3655 5023 Christi
3683 4948 3860 5031 populis

2283 5061 2411 5131 ejus
2433 5058 2685 5132 gratiam
2704 5054 3239 5123 exterminantllle,
3258 5072 3416 5112 unus
3433 5056 3571 5111 dum
3591 5050 3859 5134 unum»

2285 5126 2464 5217 didit,
2487 5165 2549 5204 se
2579 5146 2814 5220 quidem
2836 5150 2894 5200 et
2916 5162 3134 5217 paucos
3158 5143 3477 5217 complices
3498 5157 3631 5199 suos
3642 5126 3857 5220 perdidit,

2288 5239 2389 5294 sed
2422 5214 2617 5293 tamen
2650 5234 2829 5291 totius
2858 5214 3064 5289 mundi
3097 5233 3271 5290 saluti
3293 5214 3570 5306 quamvis
3620 5223 3791 5283 nolens
3819 5214 3860 5266 εί

2289 5362 2557 5435 ﬁstulam,
2578 5360 2836 5435 cibatum.
2867 5357 3036 5416 ludas
3066 5359 3242 5435 semel
3271 5357 3565 5426 Christum,
3618 5334 3863 5408 Simiae

2286 5429 2493 5493 'millies
2519 5434 2802 5508 Spiritum
2829 5438 3077 5491 sanctum
3105 5429 3361 5489 vendunt.
