4086 6180
221 241 374 308 1093

765 242 1174 310 ADVERSUS
1222 247 1694 311 SIMONIACOS
1739 242 1946 310 LIBRI
1991 243 2215 309 TRES.
2249 283 2324 293 —
2355 245 2585 312 LIBER
2631 251 3068 321 SECUNDUS.

221 379 485 435 nesciens
544 379 816 448 servivit;
871 383 963 438 isti
1012 399 1167 446 vero,
1216 384 1356 436 dum
1409 383 1862 437 innumerabiles
1890 383 1944 448 Α
1976 381 2126 437 idem
2149 383 2373 455 Moyses
2395 385 2449 439 in
2479 387 2926 445 Deuteronomio
2957 392 3040 446 sic
3061 398 3242 450 vetat:
3270 420 3294 445 ‹‹
3322 397 3444 454 Νοη
3479 401 3614 454 effe-

221 485 402 523 unum
438 469 716 540 produnt,
750 488 810 525 se
845 472 1002 543 ipsos
1034 489 1288 543 suosque
1316 473 1567 526 fautores
1592 471 1859 542 perdunt,

220 564 280 614 et
311 560 368 612 in
392 558 708 630 perniciem
740 559 917 615 totius
949 561 1151 615 mundi
1201 566 1554 633 grassantes,
1597 560 1864 614 omnium

220 648 484 704 ﬁdelium
516 648 690 704 saluti
725 648 1024 716 resistunt,
1048 654 1104 705 et
1134 667 1236 706 nec
1262 651 1395 720 sibi,
1419 667 1524 705 nec
1547 649 1717 704 alicui
1755 648 1864 704 nisi

219 739 364 794 forte
395 737 788 810 resipiscendo
818 739 1093 810 prodesse
1123 738 1438 811 aliquando
1467 733 1732 810 possunt.
1766 735 1866 790 Ille

221 827 570 898 magistrum
603 827 816 894 solum,
838 832 895 883 et
920 828 1045 883 sine
1076 845 1182 884 sua
1205 845 1564 899 suorumque
1581 825 1866 899 supellec-

220 914 319 970 tile
339 915 644 982 distraxit;
678 916 772 970 isti
805 919 1000 970 autem
1033 933 1146 970 non
1179 915 1366 971 solum
1390 915 1670 988 Spiritum
1706 931 1872 986 para-

222 1003 566 1072 cletum,sed
588 1003 828 1075 insuper
847 1004 1131 1075 quidquid
1154 1005 1280 1074 ejus
1293 1008 1462 1072 est,et
1478 1020 1720 1058 suorum
1747 1002 1872 1056 ubi-

220 1093 328 1158 vis,
363 1107 553 1164 usque
574 1093 644 1147 ad
669 1092 982 1148 minimum
1013 1093 1186 1148 assis.
1225 1092 1323 1148 Ille
1355 1097 1563 1164 praeter
1585 1110 1645 1148 se
1682 1093 1869 1148 nemi-

226 1198 360 1236 nem
396 1182 794 1249 mediatorem,
829 1181 914 1236 vel
947 1185 1151 1236 testem
1186 1198 1441 1252 quaerere
1475 1181 1868 1253 praesumpsit;

226 1270 323 1324 isti
356 1275 551 1326 autem
587 1287 699 1324 non
719 1269 909 1325 solum
935 1287 998 1325 se
1027 1275 1083 1325 et
1111 1271 1463 1326 domesticos
1488 1287 1646 1335 suos,
1670 1288 1869 1327 verum

227 1363 284 1414 et
314 1364 617 1415 extraneos
649 1360 739 1414 sui
763 1359 974 1432 negotii
1000 1359 1347 1414 mediatores
1376 1376 1442 1414 ac
1465 1363 1644 1415 testes
1669 1378 1872 1432 persae-

228 1465 299 1521 pe
327 1449 560 1503 acciunt
580 1453 637 1503 et
657 1448 896 1503 faciunt.
933 1447 1031 1502 Ille
1052 1448 1390 1519 pmnitentia
1419 1449 1631 1505 ductus
1648 1467 1757 1504 xxx
1781 1468 1871 1505 ar-

229 1541 468 1610 genteos
498 1537 671 1592 etiam
695 1536 1026 1592 nolentibus
1055 1536 1297 1602 refudit;
1322 1537 1418 1592 isti
1450 1542 1644 1592 autem
1668 1538 1870 1610 impos-

231 1627 484 1681 nitentes
517 1642 631 1680 non
664 1624 857 1681 solum
889 1642 1003 1680 non
1026 1627 1345 1681 refundunt
1374 1626 1871 1697 quantulumcun-

230 1732 342 1787 que
356 1715 631 1787 pretium,
649 1715 748 1770 sed
765 1714 976 1770 vellent
997 1714 1128 1787 plus
1153 1719 1477 1788 acceptum.
1504 1716 1650 1782 Quin
1671 1717 1844 1772 etiam

232 1821 303 1859 ne
332 1804 391 1857 in
424 1803 620 1876 aliquo
643 1803 942 1858 inferiores
965 1803 1354 1875 perditoJuda
1369 1805 1613 1876 ejusque
1631 1805 1874 1877 compli-

233 1893 400 1948 cibus
431 1896 710 1965 putentur
730 1892 828 1964 qui
855 1893 912 1946 in
937 1896 1022 1947 tot
1043 1892 1388 1948 criminibus
1411 1894 1875 1966 superioresillis

233 1985 661 2049 monstrantur,
676 1981 931 2054 gaudent
944 1985 1001 2036 et
1021 1981 1114 2036 isti
1140 1999 1271 2036 cum
1291 1981 1574 2052 Spiritum
1603 1988 1806 2038 sanctu
1819 2001 1872 2038 m

233 2070 702 2143 appretiaverint,
717 2069 906 2124 instar
924 2069 1180 2136 illorum,
1195 2069 1292 2142 qui
1317 2072 1696 2142 appretiando
1714 2073 1788 2127 Cb
1801 2073 1876 2126 ri-

233 2165 393 2215 stum
440 2163 578 2215 sunt
606 2159 810 2231 gavisi,
843 2163 899 2214 et
927 2164 990 2213 ut
1020 2158 1104 2213 illi
1138 2160 1628 2232 opportunitatem
1681 2161 1871 2232 prodi-

233 2250 434 2319 tionis,
468 2250 549 2304 sic
582 2253 640 2303 et
671 2248 766 2302 isti
799 2247 1113 2319 exquirunt
1142 2265 1261 2302 suae
1303 2248 1733 2321 negotiationis.

851 2355 1078 2410 CAPUT
1128 2354 1271 2409 XXI.

234 2448 310 2502 De
339 2463 400 2502 eo
431 2445 571 2516 quod
602 2462 706 2500 non
733 2445 1261 2569 prositlSimoniacz's
1281 2445 1672 2517 qualiscunque
1695 2462 1878 2501 eorum

876 2532 904 2569 e
927 2531 1239 2569 comesum.

876 2531 1239 2587 elemosyna.

306 2607 528 2678 Nempe
558 2605 713 2661 velut
744 2605 874 2677 quis
897 2604 1279 2662 avarissimus
1304 2605 1648 2678 negotiator,
1673 2606 1881 2662 anxius

234 2700 554 2768 exspectat,
587 2699 641 2750 et
671 2693 913 2765 angelus
934 2693 1148 2765 expetit
1179 2694 1474 2750 nundinas
1490 2713 1716 2750 annuas
1750 2713 1762 2750 :
1799 2696 1882 2750 sic

235 2790 294 2840 et
314 2785 412 2840 isti
443 2783 859 2850 ordinationes,
877 2787 1133 2853 tempore
1155 2799 1260 2838 suo
1285 2781 1563 2855 agendas,
1589 2789 1652 2838 ut
1668 2789 1769 2839 aut
1793 2785 1880 2839 in-

235 2875 307 2929 de
329 2873 619 2929 redimant
649 2888 742 2927 res
774 2888 932 2936 suas,
959 2870 1095 2926 talis
1126 2871 1292 2941 pretii
1326 2889 1426 2943 spe
1449 2873 1880 2945 oppigneratas,

235 2968 339 3018 aut
368 2961 681 3018 saccellum
715 2977 964 3016 vacuum
1006 2959 1312 3032 impleant,
1341 2966 1442 3014 aut
1473 2961 1641 3032 pleno
1676 2979 1880 3033 super-

236 3053 508 3108 fundant.
545 3051 623 3105 Ex
651 3067 765 3122 qua
786 3048 986 3120 utique
1009 3049 1274 3121 pecunia,
1299 3065 1477 3120 quam
1500 3051 1583 3106 sic
1598 3055 1797 3106 amant
1821 3055 1883 3106 ut

1851 1760 1868 1787 ’
1905 1765 1952 1828 Β

1973 488 2063 526 res
2093 474 2416 527 mercedem
2445 476 2773 546 prostibuli,
2810 497 2910 535 nec
2946 483 3196 552 pretium
3229 486 3390 541 canis
3422 488 3479 542 in
3515 489 3613 545 do-

1973 577 2134 615 mum
2169 561 2398 616 Do:nini
2419 563 2515 616 Dei
2540 564 2622 617 tui
2649 582 2663 631 ;
2687 567 2974 638 quidquid
3001 571 3145 625 illud
3173 577 3259 627 est
3280 576 3432 646 quod
3456 594 3615 633 vove-

1973 649 2075 716 ris,
2109 649 2246 720 quia
2277 650 2632 707 abominatio
2661 658 2749 708 est
2779 660 3093 730 utrumque
3116 664 3267 734 apud
3303 665 3615 722 Dominum

1976 738 2159 793 Deum
2189 742 2350 792 tuum
2383 740 2734 808 (Dcut.xxm,
2766 745 2907 815 18).»
2933 747 3054 810 Quo
3077 750 3282 806 divinae
3307 753 3450 825 legis
3473 773 3616 826 prve-

1978 831 2144 898 cepto
2177 828 2518 898 reprobatur
2541 847 2640 901 per
2669 832 2871 887 vitium
2905 837 3192 907 acquisita
3216 841 3451 907 oblatio,
3479 843 3620 914 quia

1977 914 2261 970 Dominus
2314 917 2445 970 odio
2486 917 2658 972 habet
2690 922 2951 992 rapinam
2991 924 3047 978 in
3091 925 3464 996 holocausto;
3518 932 3618 1002 qui

1980 1005 2306 1058 mercedem
2339 1005 2647 1076 prostibuli
2682 1010 2886 1064 merito
2927 1012 3298 1084 dedignatur,
3344 1034 3518 1088 quam
3554 1037 3621 1074 ex

1985 1107 2102 1145 sua:
2135 1096 2192 1146 et
2223 1090 2420 1146 alieme
2455 1095 2645 1149 carnis
2679 1099 3048 1176 corruptione
3081 1104 3354 1157 meretrix
3380 1107 3622 1176 profana

1981 1197 2012 1232 a
2042 1179 2302 1249 profanis
2319 1181 2654 1237 fornicando
2678 1187 3073 1256 consequitur,
3101 1197 3320 1259 quanto
3343 1194 3528 1264 magis
3550 1193 3619 1248 il-

1980 1267 2119 1333 lam,
2153 1285 2328 1339 quam
2362 1285 2429 1323 ex
2461 1285 2580 1324 sua:
2611 1273 2839 1338 animm,
2873 1275 3310 1350 multarumque
3343 1285 3619 1352 prostilu-

1980 1357 2136 1413 tione
2161 1356 2526 1413 Simoniacus
2549 1375 2580 1412 a
2609 1360 2719 1414 ﬁde
2741 1362 3070 1419 Christiana
3101 1366 3435 1425 fornicando
3469 1389 3621 1428 mer-

1982 1447 2183 1502 catur?
2204 1445 2597 1502 Nihilominus
2620 1449 2991 1506 abominetur
3012 1455 3260 1524 pretium
3295 1460 3477 1525 canis,
3507 1478 3623 1516 non

1982 1536 2136 1608 quod
2160 1535 2243 1590 eis
2264 1536 2667 1608 cujuscunque
2689 1539 2963 1596 animalis
2995 1549 3200 1599 natura
3221 1546 3296 1601 sit
3324 1548 3625 1605 abomina-

1982 1624 2136 1691 bilis,
2162 1625 2262 1679 sed
2287 1626 2440 1696 quod
2464 1626 2836 1683 abominetur
2861 1630 3236 1700 oblationem,
3261 1652 3436 1707 quam
3471 1640 3624 1710 quis,

1982 1713 2137 1769 velut
2165 1719 2362 1768 mutus
2385 1716 2549 1769 canis
2563 1715 2856 1773 adulando
2880 1724 2934 1773 et
2958 1720 3199 1778 favendo
3223 1724 3376 1780 vitiis
3398 1727 3625 1798 alienis,

1985 1820 2018 1857 a
2046 1802 2272 1858 vitiosis
2302 1804 2534 1859 meruit.
2569 1805 2665 1860 Vel
2701 1813 2853 1862 certe
2903 1811 3152 1879 pretium
3186 1815 3346 1869 canis
3397 1817 3512 1872 Deo
3542 1823 3630 1874 est

1986 1891 2269 1963 quidquid
2305 1898 2436 1964 post
2464 1895 2861 1964 pmnitentiam
2892 1899 2961 1951 ad
2988 1900 3200 1969 peccati
3227 1903 3509 1959 vomitum
3539 1924 3628 1961 re-

1983 1997 2188 2036 versus
2219 1982 2402 2036 otfert.
2437 1982 2760 2055 Utrumque
2791 1989 2945 2041 enim
2979 1989 3334 2046 abominatio
3356 2000 3443 2048 est
3471 1997 3625 2066 apud

1986 2071 2190 2133 Deum,
2216 2071 2332 2124 sive
2355 2071 2772 2139 fornicationis,
2800 2075 2916 2130 sive
2932 2080 3341 2136 assentationis
3366 2086 3474 2136 tuac
3496 2101 3628 2156 pre-

1985 2159 2132 2213 tium
2166 2159 2214 2213 ei
2246 2176 2452 2215 voveas
2485 2162 2864 2229 offerendum,
2907 2168 3335 2236 quantumlibet
3377 2171 3454 2226 sit
3486 2173 3629 2230 illud

1987 2264 2268 2319 magnum
2325 2249 2602 2320 pretium,
2651 2256 2705 2305 et
2753 2253 3092 2323 pretiosum.
3153 2257 3452 2320 Quomodo
3494 2280 3630 2335 ergo

1988 2337 2318 2407 placabitur
2348 2339 2499 2393 Deus
2532 2341 2714 2410 pretio
2747 2357 2862 2411 quo
2894 2343 3194 2414 virginitas
3228 2346 3629 2406 innumerabi-

1991 2425 2133 2480 lium
2169 2425 2523 2495 animarum,
2550 2429 2605 2483 id
2639 2434 2726 2483 est
2747 2430 2891 2484 fides
2913 2430 3252 2505 incorrupta
3283 2436 3509 2510 sibique
3541 2441 3634 2496 de-

1993 2520 2274 2586 sponsata
2322 2517 2714 2586 prostituitur,
2731 2523 2831 2573 aut
2851 2536 2965 2590 quo
2990 2523 3308 2592 pertinacia
3330 2526 3415 2582 vel
3436 2527 3635 2602 impos-

1991 2604 2235 2659 nitentia
2287 2605 2592 2677 flagitiosis
2645 2608 3112 2679 administratur,
3163 2616 3634 2690 quandocunque

1993 2716 2020 2741 «
2055 2691 2332 2747 laudatur
2363 2700 2630 2764 peccator
2662 2695 2718 2749 in
2741 2697 3049 2752 desideriis
3071 2700 3277 2756 animas
3308 2711 3501 2760 suaaet
3534 2709 3634 2763 ini-

1995 2797 2148 2852 quus
2178 2781 2578 2838 benedicitur?
2613 2809 2633 2832 »
2677 2785 2851 2855 (Psal.
2884 2803 2940 2849 Χ,
2979 2788 3084 2856 ru.)
3115 2789 3274 2851 Quod
3309 2790 3358 2846 si
3407 2811 3634 2864 posses-

1992 2872 2208 2935 siones,
2240 2871 2494 2926 familias
2526 2877 2582 2926 et
2613 2872 2858 2944 reliqua,
2892 2878 3120 2930 tantum
3153 2879 3414 2935 szeculari
3445 2883 3632 2940 homi-

1991 2976 2134 3014 num
2165 2960 2586 3015 conversationi
2621 2961 2804 3028 utilia,
2828 2964 2962 3019 inde
2992 2965 3099 3020 sibi
3125 2967 3364 3042 suisque
3394 2973 3631 3045 propin-

1992 3047 2124 3120 quis
2153 3052 2208 3104 et
2238 3048 2432 3118 amici,
2459 3057 2520 3104 ut
2543 3049 2691 3106 alter
2710 3051 2882 3121 Giezi,
2913 3060 3395 3130 comparaverint,
3421 3063 3634 3119 nihilo-

238 3142 524 3215 Spiritum
576 3143 840 3195 sanctum
886 3139 1130 3194 vendere
1161 3155 1274 3193 non
1320 3143 1602 3208 metuant,
1657 3140 1880 3195 fructus
1914 3130 1955 3196 C
1995 3138 2191 3193 minus
2224 3139 2447 3194 fructus
2473 3157 2582 3194 non
2617 3142 2847 3212 capient
2867 3160 2933 3198 ex
2963 3143 3068 3210 eis,
3095 3147 3234 3217 quia
3261 3147 3420 3220 lepra
3447 3152 3634 3209 Simo-

239 3249 356 3288 non
386 3230 616 3303 capient
643 3228 872 3284 etiamsi
905 3228 961 3281 in
992 3244 1277 3300 pauperes
1317 3232 1373 3283 et
1402 3227 1528 3283 loca
1566 3233 1768 3284 sancta
1789 3246 1883 3283 ex-

239 3322 522 3395 pendant,
565 3317 1062 3391 quemadmodum
1115 3334 1220 3372 nec
1267 3317 1452 3372 Judas
1481 3335 1548 3373 ex
1591 3335 1717 3386 sua,
1769 3336 1884 3390 qua

239 3414 477 3482 emptus
494 3411 581 3463 est
595 3407 799 3479 agerin
846 3405 1285 3478 peregrinorum
1301 3406 1758 3479 sepultura,qu:e
1779 3425 1883 3464 nec

234 3497 524 3555 venditori
542 3496 772 3558 Christi,
798 3512 902 3550 nec
918 3495 1282 3566 emptoribus
1301 3495 1373 3550 ad
1395 3495 1724 3552 animarum
1749 3515 1883 3554 sua-

236 3606 369 3644 rum
406 3587 731 3643 mercedem
779 3586 1102 3656 quidquam
1137 3585 1400 3657 [rofecit,
1430 3585 1488 3640 in
1520 3591 1749 3642 tantum
1778 3605 1882 3644 nec

231 3678 345 3734 vile
379 3679 621 3733 bustum
669 3675 887 3730 ibidem
927 3673 1209 3746 profanus
1237 3675 1424 3730 Judas
1454 3675 1761 3747 acciperet,
1792 3676 1880 3732 vel

230 3765 1006 3836 inhumatussuperjaceret.
1033 3763 1178 3817 I-Iinc
1210 3763 1259 3818 si
1290 3762 1432 3819 illud
1460 3763 1877 3837 consideretur,

230 3857 388 3929 quod
442 3855 809 3911 sacerdotum
843 3852 1134 3926 principes
1181 3853 1490 3925 pecuniam
1533 3855 1880 3925 proditionis

230 3945 341 4000 sibi
377 3946 636 4000 refusam
669 3942 934 3997 arbitrati
980 3945 1137 4010 sunt,
1173 3941 1349 3998 simul
1390 3946 1446 3998 et
1483 3944 1727 4014 professi
1763 3961 1878 4001 non

227 4033 405 4089 licere
437 4033 590 4088 mitti
624 4033 678 4087 in
707 4032 1044 4102 corbonam,
1075 4031 1131 4086 id
1165 4036 1254 4086 est
1285 4031 1483 4103 reponi
1523 4049 1657 4087 cum
1707 4034 1880 4089 dena-

230 4123 336 4179 riis
393 4121 593 4195 templi
643 4122 814 4189 sacri,
864 4120 1001 4193 quia
1058 4121 1311 4193 pretium
1371 4121 1677 4193 sanguinis
1726 4127 1881 4178 esset

229 4213 441 4283 (zllatth.
476 4229 650 4281 xxvn,
680 4213 799 4279 5-8)
825 4229 837 4278 ;
864 4215 1217 4283 putamusne
1239 4214 1458 4282 quanto
1480 4209 1877 4268 sceleratiores

225 4301 452 4356 Judzeis
484 4301 838 4356 arbitramur
868 4300 1032 4366 istos,
1069 4297 1168 4371 qui
1202 4299 1452 4371 pretium
1484 4299 1760 4354 Paracleti
1788 4300 1872 4355 in-

228 4393 462 4446 terdum
482 4407 611 4445 cum
635 4388 1046 4454 oblationibus,
1069 4406 1216 4460 quas
1232 4388 1697 4445 Christianorum
1713 4391 1876 4446 devo-

1997 3227 2174 3282 niacze
2210 3228 2636 3284 maledictionis
2667 3231 2776 3285 sibi
2809 3236 2864 3286 et
2893 3233 3101 3288 semini
3134 3237 3405 3292 eorumin
3431 3258 3632 3314 perpe-

1992 3319 2160 3370 tuum
2195 3317 2278 3371 sic
2309 3317 2624 3373 adhazrebit
2655 3324 2719 3374 ut
2750 3325 3022 3376 nutantes
3058 3326 3486 3383 transferantur
3530 3331 3635 3386 filii

1993 3421 2195 3461 eorum
2227 3411 2290 3460 et-
2313 3406 2731 3463 interdicentur
2754 3415 2810 3464 et
2835 3411 3142 3481 ejiciantur
3170 3415 3239 3470 de
3261 3415 3637 3476 habitationi-

1995 3495 2104 3549 bus
2135 3495 2260 3550 suis
2289 3494 2462 3565 (Psal.
2488 3513 2644 3564 cvm,
2670 3499 2778 3570 l0).
2805 3500 2930 3555 Sive
2955 3518 3089 3573 ergo
3116 3504 3499 3575 spiritualiter
3520 3509 3638 3566 sive

1991 3583 2608 3656 carnaliterpretiailla
2623 3589 3071 3659 expendant,om
3084 3591 3333 3650 nimodis
3346 3613 3444 3652 eos
3459 3597 3642 3655 incas-

1992 3690 2123 3728 sum
2146 3673 2410 3730 laborare
2442 3681 2688 3744 constat,
2724 3679 2862 3748 quia
2883 3696 2987 3734 nec
3010 3681 3190 3750 juste,
3218 3700 3320 3738 nec
3342 3685 3638 3743 fructuose

1991 3762 2266 3833 cuiquam
2295 3781 2551 3834 unquam
2569 3764 2788 3833 tribuit,
2811 3767 2908 3837 qui
2939 3768 3155 3838 injuste
3189 3769 3358 3826 tollit.
3386 3773 3546 3830 Unde
3577 3775 3634 3830 hi

1991 3852 2343 3923 negotiando
2373 3870 2500 3908 sese
2533 3854 2778 3909 invicem
2804 3855 3288 3926 circumveniunt,
3322 3865 3378 3915 et
3403 3862 3515 3917 sibi
3547 3863 3636 3917 iu-

1988 3941 2172 3996 vicem
2205 3959 2330 4012 qua:
2354 3941 2648 3997 habebant
2669 3944 2960 3999 auferunt.
2984 3945 3264 4002 Venditor
3285 3951 3503 4023 quippe
3523 3953 3636 4006 exi-

1987 4030 2176 4102 gendo
2207 4030 2539 4101 pecuniam,
2571 4033 2818 4102 emptori
2864 4033 3040 4089 simul
3077 4036 3250 4092 ﬁdem
3297 4039 3551 4113 subripit
3578 4045 3634 4097 et

1987 4119 2295 4190 pecuniam
2343 4119 2578 4190 Emptor
2607 4125 2802 4176 autem
2822 4123 3147 4179 exhibendo
3167 4128 3448 4183 venditori
3481 4130 3632 4185 nihi-

1988 4206 2246 4262 lominus
2298 4207 2551 4280 subripit
2585 4210 2756 4264 tidem
2779 4215 2834 4265 et
2859 4212 3112 4284 Spiritus
3137 4217 3631 4288 sanctigratiam;
3687 4225 3703 4242 ‘

1988 4296 2168 4367 ﬁtque
2201 4297 2347 4352 miro
2382 4301 2437 4352 et
2467 4299 2680 4354 misero
2713 4301 2884 4356 modo
2918 4305 2978 4356 ut
3012 4308 3218 4358 neuter
3260 4307 3413 4376 quod
3465 4307 3634 4362 alteri

1987 4387 2283 4458 subripuit
2314 4387 2544 4454 habeat,
2583 4388 2680 4442 sed
2707 4389 2949 4461 insuper
2970 4395 3214 4462 uterque
3245 4394 3448 4464 perdat
3479 4396 3632 4466 quod

226 4479 311 4536 tio
331 4480 593 4534 ecclesiis
629 4479 722 4534 Dei
756 4477 1002 4533 contulit
1035 4483 1134 4532 aut
1164 4478 1406 4543 confert,
1454 4479 1873 4549 reponendum,
1907 4501 1954 4565 D
1988 4477 2149 4550 prius
2180 4476 2450 4546 habebat,
2485 4481 2541 4532 et
2570 4478 2642 4531 ab
2670 4478 2914 4532 invicem
2949 4481 3193 4550 accipiat
3240 4481 3423 4536 solam
3466 4483 3630 4537 dam-

225 4567 633 4624 arbitrantur‘?
664 4567 863 4622 Solent
893 4567 1184 4638 siquidem
1218 4565 1487 4638 sacrilegi
1519 4585 1586 4622 ex
1628 4572 1748 4622 tam
1781 4586 1872 4624 sa-

221 4657 442 4729 crilego
467 4657 648 4728 pretio
670 4657 923 4728 quadam
941 4673 1086 4710 vana
1108 4672 1208 4726 spe
1225 4655 1641 4727 redemptionis
1665 4658 1872 4711 aninue

221 4763 346 4802 suae
371 4747 542 4802 modo
558 4746 793 4817 praedia,
812 4745 982 4800 modo
1003 4743 1197 4816 pallia,
1224 4744 1713 4813 modolibrorum,
1750 4763 1871 4802 mo-

221 4837 300 4890 do
321 4851 596 4890 vasorum
630 4839 802 4906 atque
825 4833 1164 4888 utensilium
1199 4833 1575 4888 ecclesiastici
1611 4835 1873 4890 ministe-

219 4923 293 4978 rii
329 4924 489 4979 varia
509 4924 558 4979 ei
579 4924 877 4995 superflua
905 4922 1180 4994 insignia,
1203 4921 1676 4994 possessionibus
1699 4928 1754 4977 et
1775 4939 1873 4995 ga-

217 5013 565 5085 zophilaciis
596 5011 973 5068 ecclesiarum
1008 5011 1101 5065 Dei
1125 5011 1459 5083 adjungere.
1483 5012 1639 5075 Quod
1667 5012 1877 5066 facien-

219 5106 312 5157 tes
365 5120 478 5157 non
528 5102 719 5158 solum
771 5101 850 5156 nil
884 5101 1188 5167 mercedis,
1234 5117 1433 5155 verum
1467 5106 1522 5155 et
1553 5100 1874 5156 maximum

221 5197 612 5264 augmentum
645 5191 1037 5246 damnationis
1071 5189 1180 5245 sibi
1211 5190 1584 5261 conquirunt,
1621 5191 1718 5244 ubi
1755 5208 1874 5245 sua:

218 5280 548 5336 immunda:
577 5281 886 5336 oblationis
912 5284 1179 5335 contactu
1208 5280 1632 5343 sanctuarium,
1665 5283 1721 5334 et
1750 5295 1875 5334 om-

219 5369 322 5425 nia
360 5388 487 5442 qua:
537 5370 696 5426 illius
734 5376 899 5425 erant
947 5368 1235 5441 polluuut,
1271 5368 1425 5424 sicut
1463 5369 1744 5423 Dominus
1777 5384 1878 5440 per

218 5455 464 5533 Moysen
497 5459 708 5517 astruit
743 5478 754 5515 :
799 5484 824 5510 ‹‹
862 5457 1155 5532 Quidquid
1203 5458 1459 5532 tetigerit
1509 5458 1872 5526 immundus,

216 5548 604 5622 immundum
649 5550 821 5610 faciet
850 5552 1034 5626 (Nam.
1068 5566 1186 5618 XIX,
1217 5548 1345 5627 22);
1380 5570 1408 5601 »
1443 5548 1598 5627 quod
1630 5563 1700 5606 ne
1749 5548 1874 5620 ﬁat,

1989 4567 2283 4621 nationem
2309 4583 2485 4637 quam
2510 4565 2671 4636 prius
2704 4584 2816 4620 non
2843 4567 3113 4622 habebat.
3138 4568 3283 4630 Quid
3307 4569 3355 4623 si
3388 4574 3633 4642 uterque

1983 4660 2070 4712 est
2103 4656 2300 4721 miser,
2350 4655 2616 4709 miserior
2648 4660 2841 4708 tamen
2878 4654 2994 4720 ille,
3041 4656 3139 4726 qui
3170 4661 3224 4711 et
3255 4675 3422 4712 suam
3465 4676 3631 4730 pecu-

1985 4744 2143 4799 niam
2166 4750 2221 4798 et
2244 4745 2413 4797 fidem
2432 4743 2750 4813 perdiditet
2770 4743 3015 4813 gratiam
3041 4744 3428 4815 spiritualem,
3452 4764 3629 4819 quam

1983 4850 2088 4905 pro
2121 4833 2254 4887 dato
2287 4831 2466 4902 pretio
2494 4831 2788 4901 exigebat;
2823 4830 2989 4885 alteri
3016 4833 3252 4904 quidem
3277 4835 3540 4900 abstulit,
3575 4843 3632 4892 et

1984 4921 2097 4976 sibi
2129 4938 2239 4976 non
2275 4920 2525 4990 accepit;
2561 4919 2701 4989 quin
2733 4920 2925 4989 potius
2959 4938 3059 4992 pro
3083 4922 3484 4980 benedictione
3507 4944 3629 4981 ma-

1985 5009 2353 5066 ledictionem
2381 5007 2770 5069 incurrit.Quo
2787 5009 2851 5062 fit
2869 5012 3441 5081 utquemadmodum
3477 5015 3630 5085 quis,

1985 5099 2122 5153 dum
2149 5097 2310 5152 alteri
2335 5097 2591 5150 animam
2617 5095 2789 5164 tollit,
2810 5097 2892 5150 illi
2919 5099 3155 5169 quidem
3182 5101 3356 5166 tollit,
3383 5102 3483 5156 sed
3510 5102 3633 5170 ipse

1985 5189 2132 5242 duas
2156 5187 2384 5241 animas
2405 5203 2514 5240 non
2541 5185 2732 5251 habet,
2759 5187 2901 5257 quin
2927 5189 3120 5259 potius
3145 5194 3200 5243 et
3222 5206 3389 5243 suam
3415 5188 3632 5260 perdit?

1985 5276 2068 5332 sic
2089 5280 2146 5331 et
2172 5277 2265 5330 isti
2299 5277 2472 5330 ﬁdem
2496 5274 2602 5328 sibi
2633 5279 2689 5329 et
2710 5275 2956 5346 gratiam
2982 5278 3227 5332 invicem
3264 5277 3494 5342 tollunt,
3527 5279 3627 5334 sed

1985 5369 2251 5420 neutram
2275 5381 2476 5420 earum
2508 5363 2678 5419 habet
2710 5364 2954 5435 quilibet
2996 5365 3253 5430 illorum,
3294 5370 3350 5420 et
3391 5366 3635 5438 insuper

1986 5455 2045 5509 in
2078 5471 2289 5508 manus
2321 5454 2420 5509 Dei
2451 5452 2696 5508 viventis
2727 5452 3085 5509 horribiliter
3132 5453 3402 5510 incidunt
3446 5457 3628 5527 (Hebr.

1983 5563 2040 5617 x,
2057 5543 2116 5601 3t
2132 5544 2173 5620 ),
2196 5543 2294 5601 ubi
2319 5548 2564 5603 mortem
2587 5542 2670 5602 eis
2681 5546 2920 5618 generat
2939 5545 3241 5617 peccatum
3259 5559 3632 5608 consumma-

3459 259 3614 330 1094
3701 293 3706 296 ·
