4106 6178
534 317 684 382 1093

1578 313 1988 377 HUMBERTI
2033 317 2096 376 s.
2146 303 2218 376 Β.
2266 314 2337 375 E.
2383 313 2870 377 CARDINALIS.

3709 314 3830 384 i096

523 457 652 508 tum
674 452 812 522 (Jac.
847 468 885 515 1,
919 449 1029 520 15).
1060 448 1220 502 Unde
1252 464 1384 502 mox
1404 447 1633 502 diabolo
1657 448 1754 518 qui
1789 447 1950 518 prius
1979 447 2165 502 intra-
2194 449 2249 514 Α
2280 448 2428 502 mias
2464 465 2476 501 ;
2508 471 2526 494 ιι
2563 451 2830 503 Moestum
2854 449 3073 502 factum
3094 451 3184 502 est
3205 448 3263 501 in
3284 447 3470 504 dolore
3489 466 3576 504 cor
3593 453 3830 522 nostrum,

523 542 606 597 vit
634 541 810 596 corda
837 538 1068 593 illorum
1102 537 1169 592 ad
1206 536 1598 592 invadendum
1630 537 1936 591 tradentur
1957 536 2165 591 divini-

525 635 620 686 tus
649 631 722 685 ad
753 644 984 699 semper
1005 627 1114 682 sibi
1138 627 1194 680 in
1219 641 1357 696 pace
1378 625 1826 696 possidendum,
1847 625 2048 697 sicque
2070 643 2168 681 eos

519 721 734 784 denuo,
782 716 940 772 velut
979 715 1226 770 alterum
1271 714 1509 779 Judam,
1543 719 1672 786 post
1720 714 2042 770 buccellam
2079 716 2165 770 in-

522 807 784 872 tinctam,
819 805 1068 859 Satanas
1089 801 1268 857 intrat
1287 802 1464 872 (Joan.
1496 819 1623 869 xm,
1648 803 1761 872 27),
1785 802 1884 856 ubi
1909 802 2165 874 prodito-

521 913 614 951 res
642 895 777 950 ﬁdei
809 911 926 949 suae
959 909 1026 947 ex
1057 896 1262 946 mutua
1286 891 1489 946 fraude
1517 891 1811 947 convictos
1833 891 1942 947 sibi
1975 891 2163 946 vindi-

521 991 632 1040 cat.
666 984 951 1038 Intinctus
979 981 1135 1037 enim
1187 980 1353 1053 panis
1385 981 1587 1035 fraude
1618 980 1891 1036 infectam
1940 981 2164 1052 signiﬁ-

519 1073 667 1128 cavit
724 1075 979 1127 mentem
1038 1069 1373 1142 prodituris.
1435 1069 1694 1140 Denique
1761 1086 1876 1124 non
1934 1085 2165 1140 semper

517 1160 777 1216 atluitur
819 1160 973 1231 quod
1008 1157 1338 1229 intingitur,
1374 1155 1451 1212 sel
1494 1155 1808 1228 aliquando
1856 1157 2155 1226 polluitur.

1105 1244 1342 1299 CAPUT
1391 1244 1562 1299 XXII.

625 1338 761 1407 Quid
792 1338 977 1407 vulpes
1009 1334 1337 1389 Simoniacae
1378 1334 1590 1403 faciant
1620 1334 1702 1388 vel
1737 1335 2049 1405 patiantur.

587 1430 784 1497 Itaque
813 1424 951 1496 quia
983 1421 1337 1476 fraudulenti
1369 1425 1426 1476 et
1456 1422 1793 1494 versipelles
1823 1422 1920 1478 isti
1946 1439 2051 1495 pro
2075 1423 2159 1477 ni-

511 1516 628 1571 hilo
661 1515 877 1569 habent
900 1516 964 1566 ut
988 1511 1266 1566 Dominus
1288 1527 1423 1583 pars
1447 1527 1650 1566 eorum
1669 1512 1747 1568 sit
1770 1512 1996 1584 ipsique
2022 1530 2157 1584 pars

511 1603 739 1659 Domini
777 1619 789 1657 :
821 1605 1101 1672 tanquam
1122 1599 1461 1672 vulpeculae,
1493 1615 1563 1656 ne
1595 1601 1748 1656 sicut
1767 1602 2153 1658 Sodomorum

507 1695 695 1759 vinea,
729 1690 1143 1756 demolientur,
1172 1692 1348 1746 etiam
1372 1691 1673 1747 ﬂorentem
1687 1691 1917 1747 vineam
1939 1691 2154 1747 Christi

509 1783 772 1856 capiunt,
805 1786 863 1837 et
894 1785 1089 1852 partes
1119 1779 1385 1878 vulpium
1425 1779 1662 1835 illarum
1687 1780 1986 1878 .efﬁciunt,
2021 1798 2150 1878 quae
2180 1813 2228 1878 B

508 1875 620 1930 sibi
650 1874 710 1927 in
742 1872 825 1928 eis
859 1872 1048 1927 foveas
1085 1870 1315 1925 habent.
1349 1869 1491 1939 Qua,
1523 1869 1802 1940 quoniam
1828 1887 1930 1942 pro
1962 1869 2151 1941 quali-

507 1968 623 2020 tate
645 1979 746 2018 seu
779 1961 1106 2017 differentia
1130 1977 1247 2014 suae
1279 1957 1652 2030 nequissimae
1703 1959 2008 2028 potestatis
2039 1959 2152 2014 sibi

507 2053 920 2127 possidendam
944 2051 1263 2123 patiuntur,
1280 2048 1407 2105 sub
1430 2047 1768 2102 nominibus
1790 2052 1845 2102 et
1858 2049 2150 2120 signiﬁca-

509 2144 768 2200 tionibus
801 2143 1162 2197 diversarum
1186 2142 1243 2193 et
1263 2139 1600 2193 nocivarum
1621 2136 1947 2204 volucrum,
1981 2138 2149 2193 arbo-

508 2251 660 2298 rum,
684 2231 1020 2293 herbarum,
1046 2232 1102 2282 et
1123 2226 1442 2282 bestiarum
1476 2225 1939 2291 immundarum,
1969 2226 2151 2282 Isaias

506 2338 684 2393 super
706 2320 1018 2374 ldummam
1045 2315 1129 2368 sic
1155 2313 1504 2369 vaticinatur
1529 2329 1540 2366 :
1569 2313 1957 2368 Possidebunt
1989 2313 2147 2369 illam

505 2407 896 2471 onocrotalus,
928 2403 1234 2463 etcricius.
1259 2407 1316 2456 et
1338 2401 1450 2456 ibis
1481 2406 1539 2456 et
1560 2417 1767 2456 corvus
1798 2402 2150 2457 habitabunt

504 2497 562 2551 in
594 2513 662 2552 ea
691 2497 820 2567 (1δαὶ
848 2510 1001 2558 xxxv,
1037 2492 1145 2562 11).
1184 2512 1210 2538 ››
1236 2490 1451 2561 Etpost
1483 2506 1669 2560 pauca
1697 2506 1709 2545 :
1746 2513 1773 2538 ‹‹
1807 2494 1862 2545 et
1887 2489 2151 2546 orientur

504 2587 563 2640 in
591 2585 864 2640 domibus
894 2583 1023 2653 ejus
1046 2580 1226 2651 spina:
1249 2583 1306 2633 et
1337 2578 1556 2643 urticze,
1581 2582 1638 2633 et
1658 2577 1921 2650 paliurus
1943 2579 2001 2634 in
2019 2596 2146 2634 mu-

504 2673 827 2729 nitionibus
858 2672 1004 2742 ejus.
1042 2670 1112 2723 Et
1135 2668 1243 2723 erit
1263 2666 1453 2722 cubile
1477 2666 1818 2732 draconum,
1846 2671 1902 2722 et
1931 2684 2150 2738 pascua

502 2762 924 2827 struthionum,
941 2764 996 2814 et
1012 2761 1318 2813 occurrent
1337 2755 1624 2810 daemonia
1637 2759 2151 2823 onocentaurus,et

502 2851 726 2924 pilosus
743 2848 1014 2904 clamavit
1034 2846 1178 2902 alter
1199 2846 1270 2901 ad
1291 2843 1561 2900 alterum.
1587 2844 1670 2898 Ibi
1695 2845 1926 2898 cubavit
1945 2844 2144 2912 lamia,

503 2945 560 2996 et
589 2939 810 2994 invenit
839 2937 1143 3007 requiem;
1167 2934 1245 2988 ibi
1281 2933 1486 2988 habuit
1546 2933 1768 2988 foveam
1811 2933 2046 3000 ericius,
2091 2939 2148 2990 et

502 3027 778 3084 euutrivit
802 3023 1048 3092 catulos,
1082 3029 1138 3078 et
1159 3021 1550 3088 circumfodit,
1581 3025 1637 3076 et
1668 3021 1806 3077 fovit
1837 3021 1892 3075 in
1937 3023 2147 3077 umbra

501 3117 648 3188 ejus.
685 3114 827 3171 llluc
861 3112 1195 3185 congregati
1241 3116 1380 3165 sunt
1409 3109 1569 3165 milvi
1615 3109 1762 3165 alter
1791 3111 1858 3165 ad
1895 3111 2140 3166 alterum

500 3207 650 3277 (lsai.
683 3221 806 3270 xm,
838 3203 914 3275 5).
942 3224 968 3250 »
991 3200 1216 3256 Talium
1243 3203 1582 3271 ergoettam
1597 3197 1994 3270 versipellium
2015 3198 2141 3253 vul-

497 3295 660 3366 pium
695 3296 888 3365 partes
911 3290 1126 3361 pariter
1145 3291 1202 3342 et
1222 3287 1534 3359 participes
1557 3288 1770 3342 effectae
1802 3286 2139 3359 vulpeculae,

498 3383 568 3436 de
600 3381 812 3450 quibus
844 3395 999 3432 nunc
1043 3393 1233 3432 sermo
1275 3380 1382 3443 est,
1437 3375 1811 3446 possidentur
1859 3379 1915 3430 et
1957 3377 2144 3447 possi-

2279 536 2677 592 contenebrati
2695 541 2836 592 sunt
2855 537 3006 592 oculi
3021 536 3203 592 nostri
3226 541 3448 608 propter
3467 542 3694 594 montem
3709 541 3834 610 Sion,

2276 623 2413 696 quia
2443 624 2730 697 disperiit;
2755 625 2955 698 vulpes
2973 624 3411 681 ambulaverunt
3426 626 3479 680 in
3499 643 3560 683 eo
3587 626 3765 696 (Thren.
3790 647 3836 698 v,

2277 714 2363 778 17,
2401 715 2510 785 18).
2549 736 2568 763 ι
2607 715 2717 770 Sed
2737 714 2874 770 licet
2893 718 3125 787 prapter
3155 714 3482 785 hujusmodi
3511 716 3836 787 speculatores

2275 819 2445 858 mons
2459 803 2596 859 Sion
2620 804 2915 860 interdum
2935 804 3227 876 dispereat
3245 803 3513 860 nonnulla
3523 809 3694 861 tamen
3707 808 3835 864 nobis

2274 895 2363 947 est
2391 893 2730 960 consolatio,
2763 895 2918 966 quod
2950 911 3064 948 non
3097 893 3388 949 habitasse
3407 898 3501 949 aut
3520 894 3734 961 stetisse,
3759 897 3832 952 sed

2273 981 2609 1038 ambulasse
2623 986 2854 1038 tantum
2875 984 3152 1038 dicuntur
3179 985 3236 1036 in
3257 1000 3340 1038 eo.
3364 983 3549 1056 Neque
3576 985 3628 1039 in
3647 985 3774 1040 enim
3791 987 3831 1041 in

2271 1071 2822 1128 catholicaEcclesia
2860 1090 2962 1128 seu
3003 1073 3573 1146 canonicaScriptura
3601 1074 3830 1131 haeretico-

2270 1178 2401 1216 rum
2443 1162 2834 1234 episcopatus,
2864 1161 2953 1217 vel
2998 1161 3386 1217 ministerium
3433 1161 3733 1235 aliquandiu
3766 1182 3828 1220 re-

2269 1251 2590 1322 quiescere,
2615 1255 2716 1306 aut
2745 1256 2899 1306 stare
2929 1251 3156 1323 poterit.
3188 1251 3484 1322 Siquidem
3506 1254 3630 1324 quia
3655 1271 3749 1309 non
3772 1254 3829 1310 lo-

2269 1347 2534 1414 quuntur
2554 1341 2855 1397 veritatem
2875 1341 2932 1397 in
2951 1341 3123 1396 corde
3135 1357 3261 1408 suo,
3276 1341 3763 1414 quiaaguntdolum
3784 1345 3828 1400 in

2266 1431 2606 1504 linguasua,
2631 1431 2769 1503 quia
2793 1447 3036 1486 munera
3051 1446 3229 1502 super
3244 1431 3826 1504 innocentesaccipiunt,

2266 1521 2325 1575 in
2352 1520 2729 1577 tabernaculo
2745 1519 2844 1576 Dei
2865 1519 3149 1587 habitare,
3169 1524 3274 1575 aut
3286 1521 3623 1592 requiescere
3638 1523 3687 1577 in
3701 1539 3828 1579 mon-

2264 1615 2320 1666 te
2352 1615 2550 1667 sancto
2582 1611 2711 1681 ejus
2741 1613 3042 1681 nequeunt
3074 1609 3248 1681 (Psal.
3272 1610 3828 1684 x1v,1-3).Sicquiaae

2262 1700 2485 1772 cipiunt
2513 1700 2571 1754 in
2603 1716 2753 1756 vano
2776 1699 3005 1754 animas
3028 1715 3167 1754 suas
3196 1703 3254 1754 et
3264 1699 3465 1770 jurant
3483 1699 3537 1756 in
3549 1700 3663 1756 dolo
3680 1702 3827 1774 proxi-

2262 1807 2357 1845 mo
2388 1807 2514 1854 suo,
2549 1805 2654 1844 nec
2675 1792 2828 1844 stare
2859 1787 3170 1860 prmvalent
3200 1788 3260 1842 in
3293 1787 3416 1844 loco
3435 1790 3551 1860 ejus
3573 1794 3753 1845 sancto.
3777 1791 3829 1845 Et

2261 1879 2414 1951 quod
2449 1877 2686 1944 dicitur,
2721 1877 2861 1948 quia
2892 1893 2995 1932 nec
3027 1876 3292 1947 stabunt,
3324 1876 3379 1931 in
3411 1893 3570 1948 quem
3596 1894 3682 1933 nec
3714 1877 3828 1933 tales

2259 1967 2606 2023 ascendunt.
2635 1964 2833 2028 Qualis
2863 1965 3019 2020 enim
3051 1965 3353 2032 ascendat,
3377 1965 3650 2021 Psalmista
3671 1963 3822 2020 decla-

2261 2060 2368 2122 rat,
2406 2055 2606 2110 dicens
2631 2073 2642 2109 :
2679 2077 2706 2104 ‹‹
2740 2055 3020 2109 Innocens
3042 2053 3321 2110 manibus
3341 2060 3397 2111 et
3417 2054 3604 2109 mundo
3621 2053 3776 2114 corde,
3800 2073 3820 2102 ι

2261 2148 2369 2200 etc.
2405 2145 2577 2212 (Psal.
2621 2159 2782 2209 xxm,
2805 2144 2859 2206 3,
2893 2143 2969 2212 4.)
3000 2142 3162 2198 Unde
3192 2141 3380 2213 liquet
3410 2143 3589 2214 vulpes
3615 2142 3702 2196 has
3727 2145 3822 2195 tam

2258 2232 2538 2289 subdolae
2560 2236 2618 2288 et
2637 2247 2883 2302 rapaces
2916 2247 3020 2286 nec
3037 2230 3378 2288 ambulasse
3399 2232 3453 2286 in
3476 2233 3646 2286 monte
3663 2228 3824 2284 catho-

2258 2322 2378 2376 licae
2426 2322 2584 2386 Sion,
2618 2336 2792 2391 quem
2826 2336 2931 2374 nec
2960 2321 3278 2376 ascendere
3327 2324 3634 2392 potuerunt.
3664 2319 3714 2372 In
3741 2333 3828 2388 quo

2256 2416 2474 2476 tamen,
2500 2408 2823 2465 secundum
2843 2408 3318 2475 aestimationem,
3341 2408 3489 2481 vulgi
3507 2407 3755 2463 credentis
3768 2409 3830 2459 ta-

2256 2498 2341 2554 les
2373 2497 2640 2554 Ecclesia:
2663 2497 2762 2552 Dei
2780 2495 3218 2568 principari,vel
3238 2497 3555 2553 doctrinam
3581 2496 3691 2564 ejus
3705 2509 3830 2551 scru-

2256 2587 2387 2653 tari,
2421 2585 2759 2641 ambulasse
2788 2584 3082 2653 dicuntur,
3111 2585 3366 2642 Domino
3410 2602 3506 2658 per
3549 2582 3829 2656 prophetam

2257 2676 2485 2731 dicente
2519 2692 2531 2728 :
2571 2697 2598 2725 «
2628 2674 2740 2745 Ipsi
2776 2677 3164 2745 regnaverunt
3193 2677 3250 2729 et
3284 2691 3400 2730 non
3429 2690 3494 2730 ex
3531 2689 3633 2728 me.
3663 2669 3830 2726 Princi-

2257 2781 2357 2835 pes
2383 2763 2729 2819 exstiterunt
2757 2765 2812 2816 et
2833 2779 2950 2816 non
2978 2761 3216 2834 cognovi
3237 2763 3385 2831 (056.
3418 2779 3534 2828 vin,
3555 2763 3623 2828 4).
3645 2782 3668 2810 ι)
3681 2760 3739 2814 Et
3753 2756 3831 2812 ali-

2255 2853 2314 2908 bi
2349 2870 2361 2906 :
2398 2875 2425 2902 «
2461 2851 2676 2907 Omues
2706 2850 2999 2922 principes
3029 2851 3157 2921 ejus
3185 2856 3366 2906 erunt
3389 2852 3444 2906 in
3480 2848 3702 2906 nihilum
3729 2846 3830 2917 (15a.

2254 2957 2445 3008 xxxrv,
2480 2940 2589 3009 42).
2628 2961 2654 2987 »
2687 2939 2766 2992 Ex
2796 2939 3010 3009 quibus
3033 2938 3231 3010 utique
3255 2943 3541 2995 trecentas
3555 2936 3728 3008 vulpes
3754 2934 3833 2988 for-

2255 3029 2523 3086 tissimus
2573 3027 2669 3084 ille
2711 3028 2959 3082 Samson
3004 3027 3190 3099 typice
3221 3027 3397 3100 cepit,
3445 3031 3518 3092 et,
3547 3030 3607 3081 ut
3632 3021 3833 3080 Historia

2257 3118 2450 3180 refert,
2483 3116 2700 3170 caudas
2741 3130 2944 3169 eorum
2996 3113 3242 3168 revinxit
3288 3115 3359 3170 ad
3391 3114 3616 3177 caudas,
3645 3114 3693 3166 et
3716 3109 3833 3163 faces

2253 3205 2454 3278 ligavit
2493 3205 2551 3258 in
2586 3203 2796 3268 medio,
2821 3219 2966 3274 quas
2991 3202 3124 3274 igne
3146 3204 3528 3270 succendens,
3551 3197 3759 3264 dimisit,
3784 3197 3833 3250 ut

2251 3295 2364 3348 huc
2399 3292 2652 3364 illucque
2682 3292 3094 3346 discurrerent.
3129 3293 3264 3357 Quae
3290 3291 3490 3347 statim
3519 3287 3833 3362 perrexerunt

2253 3383 2309 3437 in
2344 3389 2569 3455 segetes
2596 3380 3058 3447 Philistinorum,
3084 3379 3303 3451 quibus
3333 3378 3616 3435 succensis
3642 3381 3692 3432 et
3714 3387 3830 3430 com-

498 3470 638 3524 dent
685 3465 1041 3538 duplicitatis
1082 3481 1198 3519 suae
1233 3463 1440 3518 merito
1472 3480 1505 3517 a
1537 3463 1883 3518 multiformi
1920 3465 2139 3519 daamo-
2248 3475 2484 3543 portatze
2509 3471 2634 3539 jam
2660 3469 2874 3540 fruges,
2903 3467 3164 3523 etadhue
3187 3472 3417 3525 stantes
3440 3470 3495 3524 in
3519 3463 3709 3538 stipula
3725 3476 3826 3518 con-

498 3573 640 3612 num
674 3553 936 3626 nequitia
965 3552 1363 3624 multipliciter
1391 3553 1635 3623 partitae,
1655 3557 1711 3606 et
1731 3551 1921 3607 adhuc
1945 3551 2143 3607 multi-

498 3645 708 3719 plicius
722 3643 1056 3717 partiendis,
1080 3639 1248 3695 multi
1259 3640 1578 3711 fariamque
1592 3640 1929 3711 partientes,
1943 3645 2000 3696 et
2013 3659 2142 3713 par-

496 3735 687 3790 tituraa
741 3733 851 3789 sibi
904 3731 1030 3786 illas
1061 3731 1218 3802 ipsas
1249 3729 1655 3800 possidendas,
1691 3746 1724 3784 a
1755 3729 1971 3800 quibus
2004 3730 2142 3802 ipsa:

499 3821 861 3896 possidendis
909 3819 1169 3875 vicissim
1202 3817 1553 3889 partiuntur.
1599 3822 1677 3872 De
1709 3817 1925 3888 quibus
1956 3834 2144 3890 quon-

499 3911 634 3967 dam
667 3908 952 3982 sapientia
982 3909 1099 3962 ait:
1133 3926 1154 3955 α
1182 3905 1393 3978 Vulpes
1412 3905 1742 3962 inhabitant
1763 3907 1994 3972 animae,
2017 3924 2143 3978 quas

498 4016 723 4056 memor
751 4003 842 4053 est
874 3995 1128 4062 malitia,
1162 4000 1218 4050 et
1249 3995 1445 4050 bestiae
1475 3996 1693 4050 cubant
1723 3995 1780 4049 in
1810 3995 2144 4052 turbulento

498 4088 688 4144 corde.
739 4111 760 4138 ι
811 4086 987 4140 Porro
1035 4083 1249 4138 Christi
1299 4083 1537 4138 oviculaa
1586 4082 1977 4155 simplicitatis
2027 4101 2148 4140 sua;

499 4176 704 4232 merito
736 4175 916 4230 beatae
945 4177 1121 4241 sunt;
1151 4189 1404 4244 quarum
1446 4171 1726 4228 Dominus
1756 4179 1843 4227 est
1873 4172 2027 4227 Deus
2057 4190 2147 4228 ea-

498 4283 651 4334 rum,
685 4263 783 4337 qui
816 4267 973 4319 totus
1004 4265 1092 4317 est
1120 4261 1292 4316 unica
1320 4278 1455 4334 pars
1486 4261 1768 4333 praeclarae
1790 4260 2147 4318 hazreditatis

498 4371 721 4422 earum,
757 4369 932 4426 quam
956 4351 1040 4407 eis
1058 4349 1181 4422 ipse
1206 4351 1473 4404 restituet
1501 4350 1669 4418 (Psal.
1704 4367 1797 4413 xv,
1828 4350 1882 4419 5)
1915 4349 2144 4405 totusin

497 4443 771 4517 singulis,
806 4457 1050 4514 quaeque
1081 4437 1324 4510 singulae
1354 4441 1485 4491 totae
1517 4436 1575 4490 in
1601 4437 1727 4507 ipso
1758 4430 1901 4504 tcto,
1935 4442 1999 4493 ut
2029 4440 2149 4494 sint

2252 3562 2517 3614 crematae
2547 3560 2705 3624 sunt,
2722 3557 2782 3611 in
2797 3560 3024 3611 tantum
3055 3560 3118 3611 ut
3137 3557 3340 3614 vineas
3361 3572 3587 3629 quoque
3605 3559 3656 3610 et
3673 3550 3832 3607 oliveta

2254 3647 2487 3701 ﬂamma
2517 3650 2904 3700 consumeret.
2941 3645 3099 3710 Quod
3134 3645 3360 3701 factum
3390 3646 3450 3700 in
3483 3644 3700 3717 ﬁguram
3723 3652 3830 3693 con-

2250 3736 2454 3807 tigisse
2475 3733 2612 3800 illis,
2637 3738 2693 3788 et
2705 3734 2776 3788 ad
2791 3737 3048 3789 nostram
3069 3733 3400 3790 doctrinam
3423 3733 3682 3804 scriptum
3700 3738 3832 3782 nemo

2253 3823 2500 3895 ambigit
2527 3822 2628 3893 qui
2662 3820 2820 3876 Pauli
2855 3821 3160 3893 Evangelia
3205 3822 3414 3878 credit.
3456 3819 3727 3893 Siquidem
3755 3813 3837 3869 Do-

2254 3913 2452 3967 minus
2467 3915 2665 3967 noster
2679 3911 2852 3966 Jesus
2873 3909 3164 3977 Christus,
3182 3911 3541 3967 fortissimus
3557 3905 3779 3965 omnium
3796 3902 3837 3955 et

2253 4001 2484 4065 zelotes,
2509 4017 2623 4056 non
2650 3999 2840 4055 ferens
2861 4016 3122 4061 uxorem,
3146 4015 3330 4071 quam
3348 4017 3418 4056 ex
3438 3999 3689 4072 gentibus
3708 3993 3841 4048 duxe-

2256 4094 2364 4154 rat,
2397 4089 2634 4144 cuilibet
2661 4088 2759 4142 alii
2793 4093 3058 4160 nuptam,
3093 4089 3165 4143 ad
3199 4092 3379 4144 tantae
3404 4086 3622 4161 injuria-
3645 4100 3746 4140 suis
3771 4075 3836 4134 ul-

2255 4177 2495 4241 tionem,
2527 4193 2625 4232 eos
2657 4176 2755 4247 qui
2787 4177 3078 4248 sapientes
3109 4181 3278 4232 erant
3320 4181 3386 4233 ut
3429 4177 3668 4234 facerent
3702 4165 3840 4232 mala,

2254 4266 2402 4321 bene
2433 4269 2627 4320 autem
2681 4264 2867 4320 facere
2896 4265 3255 4334 nesciebant,
3298 4265 3361 4322 in
3411 4264 3621 4322 astutia
3661 4271 3838 4318 eorum,

2257 4353 2426 4425 quasi
2456 4356 2679 4425 vulpes,
2711 4352 3170 4425 comprehendit,
3203 4371 3334 4426 quae
3366 4371 3468 4411 ccc
3496 4365 3717 4410 numero
3739 4343 3841 4400 illas

2256 4442 2505 4498 haereses
2536 4441 2869 4513 exprimunt
2891 4443 3326 4511 tantummodo,
3362 4461 3491 4516 quae
3521 4441 3623 4498 sibi
3652 4433 3842 4509 applau-

498 4549 702 4589 omnes
733 4531 1151 4588 consummata:
1183 4527 1243 4580 in
1279 4542 1457 4581 unum
1507 4525 1678 4596 (Joan.
1723 4544 1862 4592 xvu,
1891 4528 2004 4599 23),
2039 4528 2141 4583 sit-
2170 4535 2217 4599 Ι)
2248 4532 2394 4586 dunt
2423 4531 2494 4586 de
2523 4530 2760 4586 nomine
2790 4529 3138 4591 Christiano.
3183 4531 3340 4587 sicut
3388 4529 3720 4595 Simoniaca,
3762 4521 3839 4576 Sa-

498 4639 610 4694 que
642 4622 796 4677 Deus
815 4637 966 4674 unus
983 4617 1279 4683 omnibus,
1303 4621 1360 4671 et
1377 4613 1574 4671 omnia
1591 4615 1647 4668 in
1668 4617 2138 4688 omnibus(ICor.

495 4729 588 4778 xv,
619 4711 732 4778 28).
771 4711 852 4764 Ita
881 4723 1021 4762 sane
1049 4707 1172 4779 ipse
1218 4703 1469 4778 populus
1499 4706 1628 4775 ejus
1677 4710 1872 4775 erunt,
1923 4710 1980 4761 et
2019 4706 2143 4779 ipse

497 4800 651 4854 Deus
683 4815 814 4852 cum
845 4797 929 4852 eis
960 4796 1069 4852 erit
1099 4812 1299 4851 earum
1330 4794 1482 4850 Deus
1504 4795 1686 4866 (Zuch.
1731 4811 1851 4860 vm,
1885 4794 1959 4862 8).

569 4890 826 4952 Quarum
889 4885 1121 4939 unicam
1169 4882 1608 4955 simplicitatem
1652 4883 1786 4954 quia
1830 4883 2143 4940 abhorrent

497 4976 748 5048 przefata:
763 4971 1739 5044 vulpeculze,habitantsolitudines
1753 4972 2072 5027 draconum
2087 4976 2144 5026 et

497 5062 898 5120 struthionum
931 5061 1164 5130 deserti,
1200 5061 1434 5132 privatae
1476 5061 1747 5132 praeclara
1776 5065 1832 5117 et
1861 5059 2144 5132 populosa

497 5153 833 5210 haereditate
860 5150 1035 5206 unius
1057 5149 1223 5205 ovilis
1247 5150 1539 5221 uniusque
1554 5150 1824 5222 pastoris.
1850 5151 1983 5214 Quae
2000 5166 2140 5220 quo-

497 5243 656 5298 niam
692 5256 1112 5308 nonnunquam
1139 5238 1554 5310 pastoralitatis
1585 5239 1667 5294 vel
1702 5238 1904 5293 divina:
1935 5253 2138 5310 specu-

495 5330 730 5387 lationis
763 5333 1016 5385 mentem
1047 5332 1351 5399 occupant,
1383 5329 1524 5382 dum
1560 5325 1814 5398 regimen
1849 5326 2138 5394 Ecclesiae,

493 5418 582 5474 vel
636 5436 812 5474 sacrm
872 5417 1182 5489 Scripturze
1241 5417 1505 5472 studium
1564 5413 1675 5470 sibi
1733 5415 2140 5484 praesumendo

496 5512 811 5579 utrumque
860 5524 1039 5581 prava
1070 5506 1316 5572 actione,
1366 5509 1424 5560 et
1454 5501 1926 5576 interpretatione
1974 5502 2142 5560 dissi-

494 5599 656 5685 pant,
681 5599 832 5656 recte
852 5596 912 5655 in
935 5594 1453 5656 lamentationibus
1475 5590 1558 5651 sic
1581 5591 1957 5673 conqueritur
1975 5591 2143 5653 Jere-

2251 4619 2526 4686 belliana,
2563 4619 2796 4685 Ariana,
2822 4624 2877 4674 et
2899 4618 3151 4690 reliqua},
3175 4619 3434 4692 exceptis
3462 4609 3842 4675 haeresibuslu-

2253 4709 2509 4763 dzeorum
2537 4711 2594 4762 et
2615 4723 2998 4779 paganorum,
3021 4708 3237 4778 quibus
3267 4708 3581 4764 crucifixus
3602 4701 3839 4760 Christus,

2251 4802 2353 4853 aut
2385 4795 2726 4852 scandalum
2757 4801 2864 4862 est,
2915 4800 3015 4851 aut
3045 4795 3317 4853 stultitia.

2835 4884 3064 4940 CAPUT
3111 4885 3305 4941 XXIII.

2463 4974 2735 5043 Allegoria
2763 4973 2827 5028 de
2854 4973 3104 5044 vulpibus
3132 4991 3164 5028 a
3192 4975 3462 5030 Samsone
3491 4973 3673 5044 captis.

2323 5061 2484 5126 Quod
2518 5069 2707 5116 autem
2733 5065 3124 5118 trecentorum
3156 5079 3443 5118 numerus
3462 5056 3841 5117 universitatem

2249 5149 2737 5216 Christianorum,
2765 5167 2934 5206 cruce
2959 5150 3172 5207 Christi
3192 5151 3582 5223 signatorum,
3604 5139 3840 5214 designet,

2251 5240 2397 5294 Thau
2426 5237 2618 5294 littera
2648 5238 2918 5303 ostendit,
2971 5255 3117 5312 quae,
3166 5239 3358 5295 crucis
3407 5238 3720 5294 charactere
3760 5227 3842 5281 for-

2250 5334 2407 5383 mata
2456 5327 2650 5400 ipsum
2709 5344 3019 5382 numerum
3053 5327 3347 5400 exprimit.
3398 5327 3478 5382 De
3531 5320 3717 5398 quain
3743 5315 3838 5372 Eze-

2250 5416 2432 5472 chiele
2461 5416 2582 5472 viro
2608 5415 2742 5471 linei
2775 5416 2979 5472 induto
3011 5416 3263 5472 dicitur:
3305 5440 3326 5465 ε
3382 5416 3561 5488 Signa
3607 5411 3751 5468 Thau
3796 5401 3841 5455 ίῐι

2250 5505 2542 5563 frontibus
2563 5506 2818 5564 virorum
2849 5505 3210 5581 gementium
3239 5509 3298 5562 et
3319 5504 3640 5562 dolentium
3670 5489 3840 5572 (Exeat.

2250 5611 2328 5668 Ix,
2357 5593 2432 5672 4).
2460 5618 2487 5646 »
2520 5595 2676 5666 Quos
2697 5612 2769 5656 ne
2797 5595 3192 5657 interfectores
3219 5598 3486 5673 tangant,
3518 5582 3843 5667 subjungitur
