  <div class='ocr_page' id='page_1' title='image "/cluster/home/n/w/nwhite01/storage/ocr_20150623/143/hvd.32044054760038/556.png"; bbox 0 0 4106 6178; ppageno 0'>
   <div class='ocr_carea' id='block_1_1' title="bbox 254 347 407 414">
    <p class='ocr_par' dir='ltr' id='par_1_1' title="bbox 254 347 407 414">
     <span class='ocr_line' id='line_1_1' title="bbox 254 347 407 414; baseline -0.007 -2"><span class='ocrx_word' id='word_1_1' title='bbox 254 347 407 414; x_wconf 70' lang='grc'>1097</span> 
     </span>
    </p>
   </div>
   <div class='ocr_carea' id='block_1_2' title="bbox 812 353 3113 422">
    <p class='ocr_par' dir='ltr' id='par_1_2' title="bbox 812 353 3113 422">
     <span class='ocr_line' id='line_1_2' title="bbox 812 353 3113 422; baseline 0.001 -6"><span class='ocrx_word' id='word_1_2' title='bbox 812 353 1226 419; x_wconf 79' lang='lat' dir='ltr'>ADVERSUS</span> <span class='ocrx_word' id='word_1_3' title='bbox 1274 355 1745 419; x_wconf 83' lang='lat' dir='ltr'>SIMONIACOS</span> <span class='ocrx_word' id='word_1_4' title='bbox 1793 356 1993 418; x_wconf 76' lang='lat' dir='ltr'><strong>LIBRI</strong></span> <span class='ocrx_word' id='word_1_5' title='bbox 2042 355 2266 419; x_wconf 80' lang='lat' dir='ltr'>TRES.</span> <span class='ocrx_word' id='word_1_6' title='bbox 2300 358 2633 420; x_wconf 80' lang='lat' dir='ltr'>—LlBER</span> <span class='ocrx_word' id='word_1_7' title='bbox 2681 357 3113 422; x_wconf 87' lang='lat' dir='ltr'>SECUNDUS.</span> 
     </span>
    </p>
   </div>
   <div class='ocr_carea' id='block_1_3' title="bbox 3493 339 3652 424">
    <p class='ocr_par' dir='ltr' id='par_1_3' title="bbox 3493 339 3652 424">
     <span class='ocr_line' id='line_1_3' title="bbox 3493 339 3652 424; baseline 0.019 -3"><span class='ocrx_word' id='word_1_8' title='bbox 3493 339 3652 424; x_wconf 67' lang='lat'>1098</span> 
     </span>
    </p>
   </div>
   <div class='ocr_carea' id='block_1_4' title="bbox 253 486 3648 561">
    <p class='ocr_par' dir='ltr' id='par_1_4' title="bbox 253 486 3648 561">
     <span class='ocr_line' id='line_1_4' title="bbox 253 486 3648 561; baseline 0.004 -25"><span class='ocrx_word' id='word_1_9' title='bbox 253 508 281 536; x_wconf 89' lang='grc'>‹‹</span> <span class='ocrx_word' id='word_1_10' title='bbox 311 486 499 558; x_wconf 83' lang='lat' dir='ltr'>Super</span> <span class='ocrx_word' id='word_1_11' title='bbox 513 502 686 557; x_wconf 88' lang='lat' dir='ltr'>quem</span> <span class='ocrx_word' id='word_1_12' title='bbox 708 487 966 543; x_wconf 91' lang='lat' dir='ltr'>videritis</span> <span class='ocrx_word' id='word_1_13' title='bbox 986 488 1171 555; x_wconf 88' lang='lat' dir='ltr'>Thau,</span> <span class='ocrx_word' id='word_1_14' title='bbox 1201 504 1273 545; x_wconf 90' lang='lat' dir='ltr'>ne</span> <span class='ocrx_word' id='word_1_15' title='bbox 1296 488 1654 545; x_wconf 89' lang='lat' dir='ltr'>interﬁciatis</span> <span class='ocrx_word' id='word_1_16' title='bbox 1677 489 1889 561; x_wconf 66' lang='lat' dir='ltr'>(Ezech.</span> <span class='ocrx_word' id='word_1_17' title='bbox 1925 490 1980 556; x_wconf 80' lang='grc' dir='ltr'><strong>Α</strong></span> <span class='ocrx_word' id='word_1_18' title='bbox 2011 488 2136 555; x_wconf 89' lang='lat' dir='ltr'>hoc,</span> <span class='ocrx_word' id='word_1_19' title='bbox 2163 489 2276 544; x_wconf 84' lang='lat' dir='ltr'>nisi</span> <span class='ocrx_word' id='word_1_20' title='bbox 2301 495 2364 546; x_wconf 91' lang='lat' dir='ltr'>ut</span> <span class='ocrx_word' id='word_1_21' title='bbox 2387 491 3025 548; x_wconf 84' lang='lat' dir='ltr'>innotescathaereticos</span> <span class='ocrx_word' id='word_1_22' title='bbox 3049 491 3133 547; x_wconf 85' lang='lat' dir='ltr'>vel</span> <span class='ocrx_word' id='word_1_23' title='bbox 3163 492 3414 549; x_wconf 81' lang='lat' dir='ltr'>fautores</span> <span class='ocrx_word' id='word_1_24' title='bbox 3446 499 3648 551; x_wconf 90' lang='lat' dir='ltr'>eoru&#39;m</span> 
     </span>
    </p>
   </div>
   <div class='ocr_carea' id='block_1_5' title="bbox 249 575 1892 644">
    <p class='ocr_par' dir='ltr' id='par_1_5' title="bbox 249 575 1892 644">
     <span class='ocr_line' id='line_1_5' title="bbox 249 575 1892 644; baseline 0.002 -14"><span class='ocrx_word' id='word_1_25' title='bbox 249 593 326 642; x_wconf 80' lang='lat' dir='ltr'>1x,</span> <span class='ocrx_word' id='word_1_26' title='bbox 350 577 402 630; x_wconf 90' lang='lat'>6.</span> <span class='ocrx_word' id='word_1_27' title='bbox 421 598 448 623; x_wconf 84' lang='grc'><strong>››</strong></span> <span class='ocrx_word' id='word_1_28' title='bbox 472 575 630 639; x_wconf 87' lang='lat' dir='ltr'>Quod</span> <span class='ocrx_word' id='word_1_29' title='bbox 653 575 952 631; x_wconf 79' lang='lat' dir='ltr'>character</span> <span class='ocrx_word' id='word_1_30' title='bbox 971 582 1028 632; x_wconf 90' lang='lat' dir='ltr'>et</span> <span class='ocrx_word' id='word_1_31' title='bbox 1057 578 1310 632; x_wconf 90' lang='lat' dir='ltr'>Gedeoni</span> <span class='ocrx_word' id='word_1_32' title='bbox 1342 577 1526 644; x_wconf 72' lang='lat' dir='ltr'>affuit,</span> <span class='ocrx_word' id='word_1_33' title='bbox 1562 579 1659 633; x_wconf 89' lang='lat' dir='ltr'>ubi</span> <span class='ocrx_word' id='word_1_34' title='bbox 1697 579 1892 634; x_wconf 90' lang='lat' dir='ltr'>divino</span> 
     </span>
    </p>
   </div>
   <div class='ocr_carea' id='block_1_6' title="bbox 244 663 1896 739">
    <p class='ocr_par' dir='ltr' id='par_1_6' title="bbox 244 663 1896 739">
     <span class='ocr_line' id='line_1_6' title="bbox 244 663 1896 739; baseline 0.001 -19"><span class='ocrx_word' id='word_1_35' title='bbox 244 663 481 720; x_wconf 90' lang='lat' dir='ltr'>oraculo</span> <span class='ocrx_word' id='word_1_36' title='bbox 514 665 838 720; x_wconf 91' lang='lat' dir='ltr'>instructus</span> <span class='ocrx_word' id='word_1_37' title='bbox 863 666 919 720; x_wconf 90' lang='lat' dir='ltr'>in</span> <span class='ocrx_word' id='word_1_38' title='bbox 942 667 1216 722; x_wconf 79' lang='lat' dir='ltr'>trecentis</span> <span class='ocrx_word' id='word_1_39' title='bbox 1238 667 1376 722; x_wconf 91' lang='lat' dir='ltr'>viris</span> <span class='ocrx_word' id='word_1_40' title='bbox 1397 667 1744 722; x_wconf 90' lang='lat' dir='ltr'>Madianitas</span> <span class='ocrx_word' id='word_1_41' title='bbox 1768 684 1896 739; x_wconf 88' lang='lat' dir='ltr'>pro-</span> 
     </span>
    </p>
   </div>
   <div class='ocr_carea' id='block_1_7' title="bbox 244 753 1893 828">
    <p class='ocr_par' dir='ltr' id='par_1_7' title="bbox 244 753 1893 828">
     <span class='ocr_line' id='line_1_7' title="bbox 244 753 1893 828; baseline 0.001 -19"><span class='ocrx_word' id='word_1_42' title='bbox 244 753 470 821; x_wconf 84' lang='lat' dir='ltr'>stravit,</span> <span class='ocrx_word' id='word_1_43' title='bbox 503 753 560 808; x_wconf 93' lang='lat' dir='ltr'>in</span> <span class='ocrx_word' id='word_1_44' title='bbox 595 755 783 825; x_wconf 89' lang='lat' dir='ltr'>ﬁgura</span> <span class='ocrx_word' id='word_1_45' title='bbox 814 756 996 810; x_wconf 78' lang='lat' dir='ltr'>nostri</span> <span class='ocrx_word' id='word_1_46' title='bbox 1043 755 1352 821; x_wconf 87' lang='lat' dir='ltr'>Gedeonis,</span> <span class='ocrx_word' id='word_1_47' title='bbox 1394 755 1494 826; x_wconf 89' lang='lat' dir='ltr'>qui</span> <span class='ocrx_word' id='word_1_48' title='bbox 1525 773 1730 828; x_wconf 82' lang='lat' dir='ltr'>gyrum</span> <span class='ocrx_word' id='word_1_49' title='bbox 1765 755 1893 812; x_wconf 75' lang='grc' dir='ltr'>εωιί</span> 
     </span>
    </p>
   </div>
   <div class='ocr_carea' id='block_1_8' title="bbox 243 841 1891 916">
    <p class='ocr_par' dir='ltr' id='par_1_8' title="bbox 243 841 1891 916">
     <span class='ocr_line' id='line_1_8' title="bbox 243 841 1891 916; baseline 0.002 -19"><span class='ocrx_word' id='word_1_50' title='bbox 243 841 617 907; x_wconf 78' lang='lat' dir='ltr'>circumiens,</span> <span class='ocrx_word' id='word_1_51' title='bbox 652 841 710 897; x_wconf 93' lang='lat' dir='ltr'>in</span> <span class='ocrx_word' id='word_1_52' title='bbox 743 847 906 898; x_wconf 85' lang='lat' dir='ltr'>utero</span> <span class='ocrx_word' id='word_1_53' title='bbox 941 843 1192 916; x_wconf 87' lang='lat' dir='ltr'>Virginis</span> <span class='ocrx_word' id='word_1_54' title='bbox 1221 849 1379 900; x_wconf 91' lang='lat' dir='ltr'>totus</span> <span class='ocrx_word' id='word_1_55' title='bbox 1402 845 1635 900; x_wconf 81' lang='lat' dir='ltr'>mansit.</span> <span class='ocrx_word' id='word_1_56' title='bbox 1675 845 1800 911; x_wconf 87' lang='lat' dir='ltr'>llic,</span> <span class='ocrx_word' id='word_1_57' title='bbox 1833 845 1891 900; x_wconf 92' lang='lat' dir='ltr'>in</span> 
     </span>
    </p>
   </div>
   <div class='ocr_carea' id='block_1_9' title="bbox 248 930 1893 1004">
    <p class='ocr_par' dir='ltr' id='par_1_9' title="bbox 248 930 1893 1004">
     <span class='ocr_line' id='line_1_9' title="bbox 248 930 1893 1004; baseline 0.001 -18"><span class='ocrx_word' id='word_1_58' title='bbox 248 930 528 987; x_wconf 81' lang='lat' dir='ltr'>trecentis</span> <span class='ocrx_word' id='word_1_59' title='bbox 545 932 787 987; x_wconf 84' lang='lat' dir='ltr'>armatis</span> <span class='ocrx_word' id='word_1_60' title='bbox 809 933 965 987; x_wconf 91' lang='lat' dir='ltr'>tubis</span> <span class='ocrx_word' id='word_1_61' title='bbox 990 932 1314 1004; x_wconf 89' lang='lat' dir='ltr'>spiritualis</span> <span class='ocrx_word' id='word_1_62' title='bbox 1347 932 1772 1004; x_wconf 68' lang='lat' dir='ltr'>praedicationis</span> <span class='ocrx_word' id='word_1_63' title='bbox 1804 933 1893 989; x_wconf 92' lang='lat' dir='ltr'>1a-</span> 
     </span>
    </p>
   </div>
   <div class='ocr_carea' id='block_1_10' title="bbox 245 1019 1893 1094">
    <p class='ocr_par' dir='ltr' id='par_1_10' title="bbox 245 1019 1893 1094">
     <span class='ocr_line' id='line_1_10' title="bbox 245 1019 1893 1094; baseline 0.001 -18"><span class='ocrx_word' id='word_1_64' title='bbox 245 1020 416 1094; x_wconf 88' lang='lat' dir='ltr'>genis</span> <span class='ocrx_word' id='word_1_65' title='bbox 439 1036 723 1091; x_wconf 62' lang='lat' dir='ltr'>corporea}</span> <span class='ocrx_word' id='word_1_66' title='bbox 754 1019 1088 1092; x_wconf 84' lang='lat' dir='ltr'>fragilitatis</span> <span class='ocrx_word' id='word_1_67' title='bbox 1119 1027 1175 1077; x_wconf 89' lang='lat' dir='ltr'>et</span> <span class='ocrx_word' id='word_1_68' title='bbox 1195 1021 1569 1094; x_wconf 83' lang='lat' dir='ltr'>lampadibus</span> <span class='ocrx_word' id='word_1_69' title='bbox 1589 1022 1893 1078; x_wconf 87' lang='lat' dir='ltr'>miraculo-</span> 
     </span>
    </p>
   </div>
   <div class='ocr_carea' id='block_1_11' title="bbox 242 1108 1892 1182">
    <p class='ocr_par' dir='ltr' id='par_1_11' title="bbox 242 1108 1892 1182">
     <span class='ocr_line' id='line_1_11' title="bbox 242 1108 1892 1182; baseline 0.001 -18"><span class='ocrx_word' id='word_1_70' title='bbox 242 1123 378 1164; x_wconf 86' lang='lat' dir='ltr'>rum</span> <span class='ocrx_word' id='word_1_71' title='bbox 421 1108 764 1176; x_wconf 81' lang='lat' dir='ltr'>divinitatis,</span> <span class='ocrx_word' id='word_1_72' title='bbox 815 1110 1102 1164; x_wconf 90' lang='lat' dir='ltr'>mundum</span> <span class='ocrx_word' id='word_1_73' title='bbox 1151 1110 1379 1180; x_wconf 87' lang='lat' dir='ltr'>devicit,</span> <span class='ocrx_word' id='word_1_74' title='bbox 1426 1115 1483 1165; x_wconf 93' lang='lat' dir='ltr'>et</span> <span class='ocrx_word' id='word_1_75' title='bbox 1525 1109 1706 1165; x_wconf 89' lang='lat' dir='ltr'>vincit</span> <span class='ocrx_word' id='word_1_76' title='bbox 1745 1127 1892 1182; x_wconf 90' lang='lat' dir='ltr'>quos</span> 
     </span>
    </p>
   </div>
   <div class='ocr_carea' id='block_1_12' title="bbox 241 1195 1894 1270">
    <p class='ocr_par' dir='ltr' id='par_1_12' title="bbox 241 1195 1894 1270">
     <span class='ocr_line' id='line_1_12' title="bbox 241 1195 1894 1270; baseline 0.002 -18"><span class='ocrx_word' id='word_1_77' title='bbox 241 1195 594 1268; x_wconf 90' lang='lat' dir='ltr'>semetipsos</span> <span class='ocrx_word' id='word_1_78' title='bbox 617 1197 923 1268; x_wconf 90' lang='lat' dir='ltr'>abnegare,</span> <span class='ocrx_word' id='word_1_79' title='bbox 961 1203 1016 1253; x_wconf 91' lang='lat' dir='ltr'>et</span> <span class='ocrx_word' id='word_1_80' title='bbox 1054 1215 1283 1253; x_wconf 90' lang='lat' dir='ltr'>crucem</span> <span class='ocrx_word' id='word_1_81' title='bbox 1308 1215 1475 1253; x_wconf 89' lang='lat' dir='ltr'>suam</span> <span class='ocrx_word' id='word_1_82' title='bbox 1499 1198 1697 1255; x_wconf 82' lang='lat' dir='ltr'>tollere</span> <span class='ocrx_word' id='word_1_83' title='bbox 1719 1204 1894 1270; x_wconf 88' lang='lat' dir='ltr'>atque</span> 
     </span>
    </p>
   </div>
   <div class='ocr_carea' id='block_1_13' title="bbox 241 1284 1892 1357">
    <p class='ocr_par' dir='ltr' id='par_1_13' title="bbox 241 1284 1892 1357">
     <span class='ocr_line' id='line_1_13' title="bbox 241 1284 1892 1357; baseline 0.002 -17"><span class='ocrx_word' id='word_1_84' title='bbox 241 1289 378 1357; x_wconf 89' lang='lat' dir='ltr'>post</span> <span class='ocrx_word' id='word_1_85' title='bbox 407 1301 470 1340; x_wconf 90' lang='lat' dir='ltr'>se</span> <span class='ocrx_word' id='word_1_86' title='bbox 500 1284 692 1339; x_wconf 91' lang='lat' dir='ltr'>venire</span> <span class='ocrx_word' id='word_1_87' title='bbox 723 1285 940 1340; x_wconf 89' lang='lat' dir='ltr'>docuit.</span> <span class='ocrx_word' id='word_1_88' title='bbox 975 1287 1232 1351; x_wconf 90' lang='lat' dir='ltr'>Quorum</span> <span class='ocrx_word' id='word_1_89' title='bbox 1264 1286 1381 1354; x_wconf 87' lang='lat' dir='ltr'>Sol,</span> <span class='ocrx_word' id='word_1_90' title='bbox 1415 1286 1471 1340; x_wconf 91' lang='lat' dir='ltr'>id</span> <span class='ocrx_word' id='word_1_91' title='bbox 1503 1291 1592 1342; x_wconf 89' lang='lat' dir='ltr'>est</span> <span class='ocrx_word' id='word_1_92' title='bbox 1623 1288 1892 1357; x_wconf 86' lang='lat' dir='ltr'>Samson,</span> 
     </span>
    </p>
   </div>
   <div class='ocr_carea' id='block_1_14' title="bbox 240 1373 1895 1446">
    <p class='ocr_par' dir='ltr' id='par_1_14' title="bbox 240 1373 1895 1446">
     <span class='ocr_line' id='line_1_14' title="bbox 240 1373 1895 1446; baseline 0.002 -18"><span class='ocrx_word' id='word_1_93' title='bbox 240 1378 378 1446; x_wconf 91' lang='lat' dir='ltr'>post</span> <span class='ocrx_word' id='word_1_94' title='bbox 405 1373 551 1441; x_wconf 69' lang='lat' dir='ltr'>haec,</span> <span class='ocrx_word' id='word_1_95' title='bbox 583 1374 721 1445; x_wconf 87' lang='lat' dir='ltr'>quia</span> <span class='ocrx_word' id='word_1_96' title='bbox 751 1391 866 1429; x_wconf 92' lang='lat' dir='ltr'>non</span> <span class='ocrx_word' id='word_1_97' title='bbox 898 1378 988 1430; x_wconf 89' lang='lat' dir='ltr'>est</span> <span class='ocrx_word' id='word_1_98' title='bbox 1037 1375 1134 1446; x_wconf 90' lang='lat' dir='ltr'>qui</span> <span class='ocrx_word' id='word_1_99' title='bbox 1182 1391 1244 1430; x_wconf 91' lang='lat' dir='ltr'>se</span> <span class='ocrx_word' id='word_1_100' title='bbox 1292 1375 1614 1431; x_wconf 88' lang='lat' dir='ltr'>abscondat</span> <span class='ocrx_word' id='word_1_101' title='bbox 1643 1394 1676 1432; x_wconf 93' lang='lat' dir='ltr'>a</span> <span class='ocrx_word' id='word_1_102' title='bbox 1708 1375 1895 1432; x_wconf 88' lang='lat' dir='ltr'>calore</span> 
     </span>
    </p>
   </div>
   <div class='ocr_carea' id='block_1_15' title="bbox 241 1461 1895 1536">
    <p class='ocr_par' dir='ltr' id='par_1_15' title="bbox 241 1461 1895 1536">
     <span class='ocr_line' id='line_1_15' title="bbox 241 1461 1895 1536; baseline 0.003 -20"><span class='ocrx_word' id='word_1_103' title='bbox 241 1463 372 1533; x_wconf 86' lang='lat' dir='ltr'>ejus</span> <span class='ocrx_word' id='word_1_104' title='bbox 393 1467 450 1517; x_wconf 92' lang='lat' dir='ltr'>et</span> <span class='ocrx_word' id='word_1_105' title='bbox 473 1461 712 1530; x_wconf 89' lang='lat' dir='ltr'>clarore,</span> <span class='ocrx_word' id='word_1_106' title='bbox 739 1463 809 1520; x_wconf 91' lang='lat' dir='ltr'>ab</span> <span class='ocrx_word' id='word_1_107' title='bbox 833 1463 967 1519; x_wconf 89' lang='lat' dir='ltr'>ovili</span> <span class='ocrx_word' id='word_1_108' title='bbox 991 1463 1257 1520; x_wconf 64' lang='lat' dir='ltr'>Ecclesiae</span> <span class='ocrx_word' id='word_1_109' title='bbox 1283 1481 1422 1532; x_wconf 72' lang='lat' dir='ltr'>sum,</span> <span class='ocrx_word' id='word_1_110' title='bbox 1458 1466 1895 1536; x_wconf 71' lang='lat' dir='ltr'>quamjustitiae</span> 
     </span>
    </p>
   </div>
   <div class='ocr_carea' id='block_1_16' title="bbox 240 1549 1892 1626">
    <p class='ocr_par' dir='ltr' id='par_1_16' title="bbox 240 1549 1892 1626">
     <span class='ocr_line' id='line_1_16' title="bbox 240 1549 1892 1626; baseline 0.004 -22"><span class='ocrx_word' id='word_1_111' title='bbox 240 1549 427 1606; x_wconf 86' lang='lat' dir='ltr'>radiis</span> <span class='ocrx_word' id='word_1_112' title='bbox 447 1552 855 1623; x_wconf 84' lang='lat' dir='ltr'>profundebat,</span> <span class='ocrx_word' id='word_1_113' title='bbox 879 1552 1113 1608; x_wconf 88' lang='lat' dir='ltr'>dolosas</span> <span class='ocrx_word' id='word_1_114' title='bbox 1126 1552 1536 1609; x_wconf 91' lang='lat' dir='ltr'>etimmundas</span> <span class='ocrx_word' id='word_1_115' title='bbox 1551 1553 1754 1626; x_wconf 88' lang='lat' dir='ltr'>vulpes</span> <span class='ocrx_word' id='word_1_116' title='bbox 1777 1554 1892 1610; x_wconf 80' lang='lat' dir='ltr'>hae-</span> 
     </span>
    </p>
   </div>
   <div class='ocr_carea' id='block_1_17' title="bbox 239 1640 1884 1714">
    <p class='ocr_par' dir='ltr' id='par_1_17' title="bbox 239 1640 1884 1714">
     <span class='ocr_line' id='line_1_17' title="bbox 239 1640 1884 1714; baseline 0.004 -21"><span class='ocrx_word' id='word_1_117' title='bbox 239 1654 450 1694; x_wconf 90' lang='lat' dir='ltr'>reseon</span> <span class='ocrx_word' id='word_1_118' title='bbox 481 1643 723 1695; x_wconf 86' lang='lat' dir='ltr'>venatus</span> <span class='ocrx_word' id='word_1_119' title='bbox 755 1640 1061 1712; x_wconf 85' lang='lat' dir='ltr'>separavit,</span> <span class='ocrx_word' id='word_1_120' title='bbox 1105 1640 1296 1714; x_wconf 87' lang='lat' dir='ltr'>specie</span> <span class='ocrx_word' id='word_1_121' title='bbox 1345 1642 1583 1713; x_wconf 86' lang='lat' dir='ltr'>quidem</span> <span class='ocrx_word' id='word_1_122' title='bbox 1634 1643 1884 1714; x_wconf 90' lang='lat' dir='ltr'>pietatis,</span> 
     </span>
    </p>
   </div>
   <div class='ocr_carea' id='block_1_18' title="bbox 239 1727 1894 1802">
    <p class='ocr_par' dir='ltr' id='par_1_18' title="bbox 239 1727 1894 1802">
     <span class='ocr_line' id='line_1_18' title="bbox 239 1727 1894 1802; baseline 0.004 -21"><span class='ocrx_word' id='word_1_123' title='bbox 239 1727 343 1782; x_wconf 89' lang='lat' dir='ltr'>sed</span> <span class='ocrx_word' id='word_1_124' title='bbox 378 1744 494 1782; x_wconf 89' lang='lat' dir='ltr'>non</span> <span class='ocrx_word' id='word_1_125' title='bbox 523 1727 735 1784; x_wconf 88' lang='lat' dir='ltr'>virtute</span> <span class='ocrx_word' id='word_1_126' title='bbox 766 1733 1074 1795; x_wconf 88' lang='lat' dir='ltr'>trecentas,</span> <span class='ocrx_word' id='word_1_127' title='bbox 1120 1747 1268 1802; x_wconf 90' lang='lat' dir='ltr'>quas</span> <span class='ocrx_word' id='word_1_128' title='bbox 1317 1731 1520 1786; x_wconf 87' lang='lat' dir='ltr'>caudis</span> <span class='ocrx_word' id='word_1_129' title='bbox 1560 1732 1629 1786; x_wconf 93' lang='lat' dir='ltr'>ad</span> <span class='ocrx_word' id='word_1_130' title='bbox 1681 1735 1894 1788; x_wconf 88' lang='lat' dir='ltr'>caudas</span> 
     </span>
    </p>
   </div>
   <div class='ocr_carea' id='block_1_19' title="bbox 249 1815 1896 1890">
    <p class='ocr_par' dir='ltr' id='par_1_19' title="bbox 249 1815 1896 1890">
     <span class='ocr_line' id='line_1_19' title="bbox 249 1815 1896 1890; baseline 0.005 -22"><span class='ocrx_word' id='word_1_131' title='bbox 249 1815 498 1872; x_wconf 82' lang='lat' dir='ltr'>invicem</span> <span class='ocrx_word' id='word_1_132' title='bbox 523 1815 833 1889; x_wconf 90' lang='lat' dir='ltr'>colligavit,</span> <span class='ocrx_word' id='word_1_133' title='bbox 855 1819 1071 1873; x_wconf 88' lang='lat' dir='ltr'>docens</span> <span class='ocrx_word' id='word_1_134' title='bbox 1095 1817 1251 1890; x_wconf 90' lang='lat' dir='ltr'>quia,</span> <span class='ocrx_word' id='word_1_135' title='bbox 1279 1819 1545 1890; x_wconf 86' lang='lat' dir='ltr'>quamvis</span> <span class='ocrx_word' id='word_1_136' title='bbox 1571 1821 1642 1875; x_wconf 91' lang='lat' dir='ltr'>ad</span> <span class='ocrx_word' id='word_1_137' title='bbox 1667 1821 1896 1877; x_wconf 89' lang='lat' dir='ltr'>diversa</span> 
     </span>
    </p>
   </div>
   <div class='ocr_carea' id='block_1_20' title="bbox 251 1904 1890 1978">
    <p class='ocr_par' dir='ltr' id='par_1_20' title="bbox 251 1904 1890 1978">
     <span class='ocr_line' id='line_1_20' title="bbox 251 1904 1890 1978; baseline 0.004 -21"><span class='ocrx_word' id='word_1_138' title='bbox 251 1904 562 1960; x_wconf 83' lang='lat' dir='ltr'>intendant</span> <span class='ocrx_word' id='word_1_139' title='bbox 582 1906 759 1961; x_wconf 89' lang='lat' dir='ltr'>facies</span> <span class='ocrx_word' id='word_1_140' title='bbox 773 1911 828 1960; x_wconf 92' lang='lat' dir='ltr'>et</span> <span class='ocrx_word' id='word_1_141' title='bbox 848 1924 968 1962; x_wconf 91' lang='lat' dir='ltr'>ora.</span> <span class='ocrx_word' id='word_1_142' title='bbox 997 1923 1178 1961; x_wconf 92' lang='lat' dir='ltr'>unum</span> <span class='ocrx_word' id='word_1_143' title='bbox 1205 1913 1396 1962; x_wconf 90' lang='lat' dir='ltr'>tamen</span> <span class='ocrx_word' id='word_1_144' title='bbox 1415 1925 1677 1964; x_wconf 90' lang='lat' dir='ltr'>errorum</span> <span class='ocrx_word' id='word_1_145' title='bbox 1695 1910 1890 1978; x_wconf 90' lang='lat' dir='ltr'>ﬁnem,</span> 
     </span>
    </p>
   </div>
   <div class='ocr_carea' id='block_1_21' title="bbox 241 1991 1893 2066">
    <p class='ocr_par' dir='ltr' id='par_1_21' title="bbox 241 1991 1893 2066">
     <span class='ocr_line' id='line_1_21' title="bbox 241 1991 1893 2066; baseline 0.005 -20"><span class='ocrx_word' id='word_1_146' title='bbox 241 1991 409 2047; x_wconf 89' lang='lat' dir='ltr'>velut</span> <span class='ocrx_word' id='word_1_147' title='bbox 437 2008 505 2047; x_wconf 84' lang='lat' dir='ltr'>ex</span> <span class='ocrx_word' id='word_1_148' title='bbox 535 1993 710 2048; x_wconf 90' lang='lat' dir='ltr'>unius</span> <span class='ocrx_word' id='word_1_149' title='bbox 741 1994 993 2066; x_wconf 69' lang='lat' dir='ltr'>perﬁdiae</span> <span class='ocrx_word' id='word_1_150' title='bbox 1024 1995 1196 2062; x_wconf 91' lang='lat' dir='ltr'>nodo,</span> <span class='ocrx_word' id='word_1_151' title='bbox 1222 1995 1410 2051; x_wconf 81' lang='lat' dir='ltr'>celant</span> <span class='ocrx_word' id='word_1_152' title='bbox 1426 2001 1483 2052; x_wconf 89' lang='lat' dir='ltr'>et</span> <span class='ocrx_word' id='word_1_153' title='bbox 1514 1997 1764 2052; x_wconf 88' lang='lat' dir='ltr'>retinent</span> <span class='ocrx_word' id='word_1_154' title='bbox 1793 2015 1893 2054; x_wconf 91' lang='lat' dir='ltr'>ca-</span> 
     </span>
    </p>
   </div>
   <div class='ocr_carea' id='block_1_22' title="bbox 242 2081 1897 2157">
    <p class='ocr_par' dir='ltr' id='par_1_22' title="bbox 242 2081 1897 2157">
     <span class='ocr_line' id='line_1_22' title="bbox 242 2081 1897 2157; baseline 0.002 -21"><span class='ocrx_word' id='word_1_155' title='bbox 242 2097 379 2136; x_wconf 91' lang='lat' dir='ltr'>rum</span> <span class='ocrx_word' id='word_1_156' title='bbox 413 2081 754 2153; x_wconf 88' lang='lat' dir='ltr'>posteriora.</span> <span class='ocrx_word' id='word_1_157' title='bbox 779 2083 947 2150; x_wconf 88' lang='lat' dir='ltr'>Nam,</span> <span class='ocrx_word' id='word_1_158' title='bbox 969 2084 1237 2155; x_wconf 84' lang='lat' dir='ltr'>quamvis</span> <span class='ocrx_word' id='word_1_159' title='bbox 1262 2084 1507 2157; x_wconf 81' lang='lat' dir='ltr'>singulae</span> <span class='ocrx_word' id='word_1_160' title='bbox 1531 2085 1780 2141; x_wconf 73' lang='lat' dir='ltr'>hmrcses</span> <span class='ocrx_word' id='word_1_161' title='bbox 1803 2103 1897 2140; x_wconf 83' lang='lat' dir='ltr'>su-</span> 
     </span>
    </p>
   </div>
   <div class='ocr_carea' id='block_1_23' title="bbox 236 2170 1896 2244">
    <p class='ocr_par' dir='ltr' id='par_1_23' title="bbox 236 2170 1896 2244">
     <span class='ocr_line' id='line_1_23' title="bbox 236 2170 1896 2244; baseline 0.003 -20"><span class='ocrx_word' id='word_1_162' title='bbox 236 2170 453 2241; x_wconf 70' lang='lat' dir='ltr'>perbize</span> <span class='ocrx_word' id='word_1_163' title='bbox 485 2188 626 2238; x_wconf 60' lang='lat' dir='ltr'>sua,</span> <span class='ocrx_word' id='word_1_164' title='bbox 660 2171 818 2227; x_wconf 90' lang='lat' dir='ltr'>velut</span> <span class='ocrx_word' id='word_1_165' title='bbox 859 2172 1070 2227; x_wconf 90' lang='lat' dir='ltr'>turrim</span> <span class='ocrx_word' id='word_1_166' title='bbox 1118 2172 1448 2244; x_wconf 66' lang='lat' dir='ltr'>Babyloniae</span> <span class='ocrx_word' id='word_1_167' title='bbox 1501 2191 1643 2243; x_wconf 64' lang='lat' dir='ltr'>sua),</span> <span class='ocrx_word' id='word_1_168' title='bbox 1693 2177 1896 2229; x_wconf 88' lang='lat' dir='ltr'>contra</span> 
     </span>
    </p>
   </div>
   <div class='ocr_carea' id='block_1_24' title="bbox 239 2258 1897 2334">
    <p class='ocr_par' dir='ltr' id='par_1_24' title="bbox 239 2258 1897 2334">
     <span class='ocr_line' id='line_1_24' title="bbox 239 2258 1897 2334; baseline 0.002 -20"><span class='ocrx_word' id='word_1_169' title='bbox 239 2259 427 2315; x_wconf 90' lang='lat' dir='ltr'>Deum</span> <span class='ocrx_word' id='word_1_170' title='bbox 456 2258 698 2315; x_wconf 83' lang='lat' dir='ltr'>exaltari</span> <span class='ocrx_word' id='word_1_171' title='bbox 729 2259 1054 2328; x_wconf 88' lang='lat' dir='ltr'>molientes,</span> <span class='ocrx_word' id='word_1_172' title='bbox 1087 2261 1418 2317; x_wconf 88' lang='lat' dir='ltr'>diversitate</span> <span class='ocrx_word' id='word_1_173' title='bbox 1460 2261 1794 2334; x_wconf 86' lang='lat' dir='ltr'>linguarum</span> <span class='ocrx_word' id='word_1_174' title='bbox 1813 2263 1897 2317; x_wconf 89' lang='lat' dir='ltr'>di-</span> 
     </span>
    </p>
   </div>
   <div class='ocr_carea' id='block_1_25' title="bbox 241 2348 1893 2423">
    <p class='ocr_par' dir='ltr' id='par_1_25' title="bbox 241 2348 1893 2423">
     <span class='ocr_line' id='line_1_25' title="bbox 241 2348 1893 2423; baseline 0.004 -22"><span class='ocrx_word' id='word_1_175' title='bbox 241 2348 466 2403; x_wconf 91' lang='lat' dir='ltr'>vinitus</span> <span class='ocrx_word' id='word_1_176' title='bbox 513 2349 788 2415; x_wconf 70' lang='lat' dir='ltr'>confusae,</span> <span class='ocrx_word' id='word_1_177' title='bbox 841 2350 1070 2405; x_wconf 89' lang='lat' dir='ltr'>diversa</span> <span class='ocrx_word' id='word_1_178' title='bbox 1119 2351 1189 2405; x_wconf 94' lang='lat' dir='ltr'>de</span> <span class='ocrx_word' id='word_1_179' title='bbox 1239 2349 1517 2423; x_wconf 89' lang='lat' dir='ltr'>religione</span> <span class='ocrx_word' id='word_1_180' title='bbox 1563 2351 1893 2407; x_wconf 87' lang='lat' dir='ltr'>Christiana</span> 
     </span>
    </p>
   </div>
   <div class='ocr_carea' id='block_1_26' title="bbox 240 2435 1893 2510">
    <p class='ocr_par' dir='ltr' id='par_1_26' title="bbox 240 2435 1893 2510">
     <span class='ocr_line' id='line_1_26' title="bbox 240 2435 1893 2510; baseline 0.002 -19"><span class='ocrx_word' id='word_1_181' title='bbox 240 2435 503 2491; x_wconf 81' lang='lat' dir='ltr'>sentiant</span> <span class='ocrx_word' id='word_1_182' title='bbox 531 2440 588 2491; x_wconf 91' lang='lat' dir='ltr'>et</span> <span class='ocrx_word' id='word_1_183' title='bbox 618 2436 830 2503; x_wconf 87' lang='lat' dir='ltr'>dicant,</span> <span class='ocrx_word' id='word_1_184' title='bbox 873 2454 1115 2508; x_wconf 90' lang='lat' dir='ltr'>seseque</span> <span class='ocrx_word' id='word_1_185' title='bbox 1165 2438 1358 2509; x_wconf 91' lang='lat' dir='ltr'>palam</span> <span class='ocrx_word' id='word_1_186' title='bbox 1406 2439 1651 2494; x_wconf 86' lang='lat' dir='ltr'>invicem</span> <span class='ocrx_word' id='word_1_187' title='bbox 1701 2439 1893 2510; x_wconf 91' lang='lat' dir='ltr'>impu-</span> 
     </span>
    </p>
   </div>
   <div class='ocr_carea' id='block_1_27' title="bbox 240 2523 1892 2598">
    <p class='ocr_par' dir='ltr' id='par_1_27' title="bbox 240 2523 1892 2598">
     <span class='ocr_line' id='line_1_27' title="bbox 240 2523 1892 2598; baseline 0.003 -21"><span class='ocrx_word' id='word_1_188' title='bbox 240 2529 446 2595; x_wconf 87' lang='lat' dir='ltr'>gncnt,</span> <span class='ocrx_word' id='word_1_189' title='bbox 479 2523 536 2578; x_wconf 92' lang='lat' dir='ltr'>in</span> <span class='ocrx_word' id='word_1_190' title='bbox 562 2524 675 2579; x_wconf 87' lang='lat' dir='ltr'>ﬁne</span> <span class='ocrx_word' id='word_1_191' title='bbox 697 2529 891 2580; x_wconf 91' lang='lat' dir='ltr'>tamen</span> <span class='ocrx_word' id='word_1_192' title='bbox 921 2526 1097 2581; x_wconf 91' lang='lat' dir='ltr'>unius</span> <span class='ocrx_word' id='word_1_193' title='bbox 1120 2525 1436 2598; x_wconf 88' lang='lat' dir='ltr'>impietatis</span> <span class='ocrx_word' id='word_1_194' title='bbox 1459 2527 1608 2582; x_wconf 92' lang='lat' dir='ltr'>nodo</span> <span class='ocrx_word' id='word_1_195' title='bbox 1631 2544 1892 2582; x_wconf 70' lang='lat' dir='ltr'>convexae</span> 
     </span>
    </p>
   </div>
   <div class='ocr_carea' id='block_1_28' title="bbox 240 2613 1891 2687">
    <p class='ocr_par' dir='ltr' id='par_1_28' title="bbox 240 2613 1891 2687">
     <span class='ocr_line' id='line_1_28' title="bbox 240 2613 1891 2687; baseline 0.002 -20"><span class='ocrx_word' id='word_1_196' title='bbox 240 2613 396 2668; x_wconf 90' lang='lat' dir='ltr'>clam</span> <span class='ocrx_word' id='word_1_197' title='bbox 419 2615 793 2679; x_wconf 85' lang='lat' dir='ltr'>concordant,</span> <span class='ocrx_word' id='word_1_198' title='bbox 814 2615 912 2670; x_wconf 91' lang='lat' dir='ltr'>ubi</span> <span class='ocrx_word' id='word_1_199' title='bbox 938 2615 1462 2687; x_wconf 89' lang='lat' dir='ltr'>deprehenduntur</span> <span class='ocrx_word' id='word_1_200' title='bbox 1496 2614 1575 2669; x_wconf 90' lang='lat' dir='ltr'>nil</span> <span class='ocrx_word' id='word_1_201' title='bbox 1599 2615 1755 2670; x_wconf 89' lang='lat' dir='ltr'>aliud</span> <span class='ocrx_word' id='word_1_202' title='bbox 1780 2615 1891 2671; x_wconf 89' lang='lat' dir='ltr'>nisi</span> 
     </span>
    </p>
   </div>
   <div class='ocr_carea' id='block_1_29' title="bbox 241 2702 1892 2776">
    <p class='ocr_par' dir='ltr' id='par_1_29' title="bbox 241 2702 1892 2776">
     <span class='ocr_line' id='line_1_29' title="bbox 241 2702 1892 2776; baseline 0.001 -20"><span class='ocrx_word' id='word_1_203' title='bbox 241 2702 420 2757; x_wconf 87' lang='lat' dir='ltr'>ﬁdem</span> <span class='ocrx_word' id='word_1_204' title='bbox 450 2703 695 2774; x_wconf 91' lang='lat' dir='ltr'>perﬁdia</span> <span class='ocrx_word' id='word_1_205' title='bbox 725 2704 1080 2771; x_wconf 89' lang='lat' dir='ltr'>subvertere,</span> <span class='ocrx_word' id='word_1_206' title='bbox 1128 2709 1184 2760; x_wconf 86' lang='lat' dir='ltr'>et</span> <span class='ocrx_word' id='word_1_207' title='bbox 1235 2720 1472 2776; x_wconf 84' lang='lat' dir='ltr'>gregem</span> <span class='ocrx_word' id='word_1_208' title='bbox 1519 2705 1733 2759; x_wconf 86' lang='lat' dir='ltr'>Christi</span> <span class='ocrx_word' id='word_1_209' title='bbox 1780 2705 1892 2759; x_wconf 91' lang='lat' dir='ltr'>sibi</span> 
     </span>
    </p>
   </div>
   <div class='ocr_carea' id='block_1_30' title="bbox 243 2791 1892 2863">
    <p class='ocr_par' dir='ltr' id='par_1_30' title="bbox 243 2791 1892 2863">
     <span class='ocr_line' id='line_1_30' title="bbox 243 2791 1892 2863; baseline 0.002 -19"><span class='ocrx_word' id='word_1_210' title='bbox 243 2791 498 2863; x_wconf 88' lang='lat' dir='ltr'>diripere</span> <span class='ocrx_word' id='word_1_211' title='bbox 529 2796 766 2848; x_wconf 78' lang='lat' dir='ltr'>conatze.</span> <span class='ocrx_word' id='word_1_212' title='bbox 799 2794 856 2847; x_wconf 91' lang='lat' dir='ltr'>In</span> <span class='ocrx_word' id='word_1_213' title='bbox 882 2809 1131 2862; x_wconf 90' lang='lat' dir='ltr'>quarum</span> <span class='ocrx_word' id='word_1_214' title='bbox 1171 2793 1382 2860; x_wconf 87' lang='lat' dir='ltr'>medio,</span> <span class='ocrx_word' id='word_1_215' title='bbox 1419 2792 1638 2848; x_wconf 90' lang='lat' dir='ltr'>scilicet</span> <span class='ocrx_word' id='word_1_216' title='bbox 1665 2793 1725 2847; x_wconf 91' lang='lat' dir='ltr'>in</span> <span class='ocrx_word' id='word_1_217' title='bbox 1757 2810 1892 2848; x_wconf 83' lang='lat' dir='ltr'>con-</span> 
     </span>
    </p>
   </div>
   <div class='ocr_carea' id='block_1_31' title="bbox 239 2879 1890 2953">
    <p class='ocr_par' dir='ltr' id='par_1_31' title="bbox 239 2879 1890 2953">
     <span class='ocr_line' id='line_1_31' title="bbox 239 2879 1890 2953; baseline 0.001 -19"><span class='ocrx_word' id='word_1_218' title='bbox 239 2879 489 2936; x_wconf 86' lang='lat' dir='ltr'>nexione</span> <span class='ocrx_word' id='word_1_219' title='bbox 520 2881 843 2936; x_wconf 86' lang='lat' dir='ltr'>caudarum</span> <span class='ocrx_word' id='word_1_220' title='bbox 877 2886 1069 2936; x_wconf 88' lang='lat' dir='ltr'>noster</span> <span class='ocrx_word' id='word_1_221' title='bbox 1101 2882 1348 2937; x_wconf 90' lang='lat' dir='ltr'>Samson</span> <span class='ocrx_word' id='word_1_222' title='bbox 1392 2881 1545 2936; x_wconf 83' lang='lat' dir='ltr'>faces</span> <span class='ocrx_word' id='word_1_223' title='bbox 1595 2881 1890 2953; x_wconf 89' lang='lat' dir='ltr'>apposuit,</span> 
     </span>
    </p>
   </div>
   <div class='ocr_carea' id='block_1_32' title="bbox 238 2967 1891 3041">
    <p class='ocr_par' dir='ltr' id='par_1_32' title="bbox 238 2967 1891 3041">
     <span class='ocr_line' id='line_1_32' title="bbox 238 2967 1891 3041; baseline 0 -18"><span class='ocrx_word' id='word_1_224' title='bbox 238 2967 341 3023; x_wconf 90' lang='lat' dir='ltr'>ubi</span> <span class='ocrx_word' id='word_1_225' title='bbox 363 2985 564 3023; x_wconf 89' lang='lat' dir='ltr'>earum</span> <span class='ocrx_word' id='word_1_226' title='bbox 589 2968 907 3041; x_wconf 89' lang='lat' dir='ltr'>malignam</span> <span class='ocrx_word' id='word_1_227' title='bbox 931 2970 1324 3035; x_wconf 87' lang='lat' dir='ltr'>concordiam,</span> <span class='ocrx_word' id='word_1_228' title='bbox 1369 2986 1495 3040; x_wconf 72' lang='lat' dir='ltr'>qua:</span> <span class='ocrx_word' id='word_1_229' title='bbox 1528 2969 1586 3024; x_wconf 92' lang='lat' dir='ltr'>in</span> <span class='ocrx_word' id='word_1_230' title='bbox 1608 2969 1722 3024; x_wconf 87' lang='lat' dir='ltr'>ﬁne</span> <span class='ocrx_word' id='word_1_231' title='bbox 1744 2971 1891 3040; x_wconf 87' lang='lat' dir='ltr'>jun-</span> 
     </span>
    </p>
   </div>
   <div class='ocr_carea' id='block_1_33' title="bbox 237 3056 1891 3129">
    <p class='ocr_par' dir='ltr' id='par_1_33' title="bbox 237 3056 1891 3129">
     <span class='ocr_line' id='line_1_33' title="bbox 237 3056 1891 3129; baseline 0.001 -18"><span class='ocrx_word' id='word_1_232' title='bbox 237 3057 488 3129; x_wconf 86' lang='lat' dir='ltr'>gebatur</span> <span class='ocrx_word' id='word_1_233' title='bbox 511 3057 734 3112; x_wconf 89' lang='lat' dir='ltr'>mutuis</span> <span class='ocrx_word' id='word_1_234' title='bbox 756 3062 811 3112; x_wconf 92' lang='lat' dir='ltr'>et</span> <span class='ocrx_word' id='word_1_235' title='bbox 847 3057 1141 3112; x_wconf 88' lang='lat' dir='ltr'>intestinis</span> <span class='ocrx_word' id='word_1_236' title='bbox 1184 3057 1356 3127; x_wconf 90' lang='lat' dir='ltr'>odiis,</span> <span class='ocrx_word' id='word_1_237' title='bbox 1394 3056 1632 3128; x_wconf 91' lang='lat' dir='ltr'>zeloque</span> <span class='ocrx_word' id='word_1_238' title='bbox 1665 3057 1891 3113; x_wconf 80' lang='lat' dir='ltr'>invidiae</span> 
     </span>
    </p>
   </div>
   <div class='ocr_carea' id='block_1_34' title="bbox 237 3144 1890 3216">
    <p class='ocr_par' dir='ltr' id='par_1_34' title="bbox 237 3144 1890 3216">
     <span class='ocr_line' id='line_1_34' title="bbox 237 3144 1890 3216; baseline 0.001 -17"><span class='ocrx_word' id='word_1_239' title='bbox 237 3151 444 3200; x_wconf 91' lang='lat' dir='ltr'>contra</span> <span class='ocrx_word' id='word_1_240' title='bbox 465 3161 524 3200; x_wconf 92' lang='lat' dir='ltr'>se</span> <span class='ocrx_word' id='word_1_241' title='bbox 546 3144 793 3201; x_wconf 90' lang='lat' dir='ltr'>invicem</span> <span class='ocrx_word' id='word_1_242' title='bbox 818 3146 1144 3201; x_wconf 89' lang='lat' dir='ltr'>concitavit.</span> <span class='ocrx_word' id='word_1_243' title='bbox 1168 3145 1310 3200; x_wconf 87' lang='lat' dir='ltr'>Hinc</span> <span class='ocrx_word' id='word_1_244' title='bbox 1333 3150 1421 3200; x_wconf 89' lang='lat' dir='ltr'>est</span> <span class='ocrx_word' id='word_1_245' title='bbox 1441 3145 1593 3216; x_wconf 88' lang='lat' dir='ltr'>quod</span> <span class='ocrx_word' id='word_1_246' title='bbox 1608 3146 1748 3200; x_wconf 92' lang='lat' dir='ltr'>dum</span> <span class='ocrx_word' id='word_1_247' title='bbox 1773 3163 1890 3201; x_wconf 90' lang='lat' dir='ltr'>una</span> 
     </span>
    </p>
   </div>
   <div class='ocr_carea' id='block_1_35' title="bbox 239 3221 1963 3307">
    <p class='ocr_par' dir='ltr' id='par_1_35' title="bbox 239 3221 1963 3307">
     <span class='ocr_line' id='line_1_35' title="bbox 239 3221 1963 3307; baseline 0 -19"><span class='ocrx_word' id='word_1_248' title='bbox 239 3233 518 3306; x_wconf 67' lang='lat' dir='ltr'>quaelibet</span> <span class='ocrx_word' id='word_1_249' title='bbox 537 3233 781 3290; x_wconf 90' lang='lat' dir='ltr'>alteram</span> <span class='ocrx_word' id='word_1_250' title='bbox 806 3239 934 3307; x_wconf 89' lang='lat' dir='ltr'>post</span> <span class='ocrx_word' id='word_1_251' title='bbox 957 3252 1017 3290; x_wconf 92' lang='lat' dir='ltr'>se</span> <span class='ocrx_word' id='word_1_252' title='bbox 1041 3234 1268 3290; x_wconf 90' lang='lat' dir='ltr'>trahere</span> <span class='ocrx_word' id='word_1_253' title='bbox 1291 3239 1391 3289; x_wconf 89' lang='lat' dir='ltr'>aut</span> <span class='ocrx_word' id='word_1_254' title='bbox 1418 3252 1451 3288; x_wconf 85' lang='lat' dir='ltr'>a</span> <span class='ocrx_word' id='word_1_255' title='bbox 1473 3250 1533 3288; x_wconf 91' lang='lat' dir='ltr'>se</span> <span class='ocrx_word' id='word_1_256' title='bbox 1555 3234 1890 3306; x_wconf 88' lang='lat' dir='ltr'>disjungere</span> <span class='ocrx_word' id='word_1_257' title='bbox 1921 3221 1963 3288; x_wconf 83' lang='lat' dir='ltr'>C</span> 
     </span>
    </p>
   </div>
   <div class='ocr_carea' id='block_1_36' title="bbox 238 3321 1890 3394">
    <p class='ocr_par' dir='ltr' id='par_1_36' title="bbox 238 3321 1890 3394">
     <span class='ocr_line' id='line_1_36' title="bbox 238 3321 1890 3394; baseline 0.001 -18"><span class='ocrx_word' id='word_1_258' title='bbox 238 3321 700 3387; x_wconf 82' lang='lat' dir='ltr'>laborat,omnes</span> <span class='ocrx_word' id='word_1_259' title='bbox 715 3323 960 3378; x_wconf 90' lang='lat' dir='ltr'>invicem</span> <span class='ocrx_word' id='word_1_260' title='bbox 978 3323 1374 3394; x_wconf 87' lang='lat' dir='ltr'>pertinacibus</span> <span class='ocrx_word' id='word_1_261' title='bbox 1388 3322 1600 3377; x_wconf 88' lang='lat' dir='ltr'>animis</span> <span class='ocrx_word' id='word_1_262' title='bbox 1619 3323 1890 3378; x_wconf 88' lang='lat' dir='ltr'>serviant.</span> 
     </span>
    </p>
   </div>
   <div class='ocr_carea' id='block_1_37' title="bbox 239 3410 1892 3483">
    <p class='ocr_par' dir='ltr' id='par_1_37' title="bbox 239 3410 1892 3483">
     <span class='ocr_line' id='line_1_37' title="bbox 239 3410 1892 3483; baseline 0 -17"><span class='ocrx_word' id='word_1_263' title='bbox 239 3434 268 3461; x_wconf 91' lang='grc'><strong>‹‹</strong></span> <span class='ocrx_word' id='word_1_264' title='bbox 299 3411 429 3467; x_wconf 85' lang='lat' dir='ltr'>Non</span> <span class='ocrx_word' id='word_1_265' title='bbox 451 3417 587 3467; x_wconf 81' lang='lat' dir='ltr'>est»</span> <span class='ocrx_word' id='word_1_266' title='bbox 612 3412 766 3466; x_wconf 90' lang='lat' dir='ltr'>enim</span> <span class='ocrx_word' id='word_1_267' title='bbox 792 3435 818 3460; x_wconf 88' lang='grc'>‹‹</span> <span class='ocrx_word' id='word_1_268' title='bbox 844 3412 1193 3483; x_wconf 80' lang='lat' dir='ltr'>paximpiis,</span> <span class='ocrx_word' id='word_1_269' title='bbox 1236 3411 1376 3466; x_wconf 89' lang='lat' dir='ltr'>dicit</span> <span class='ocrx_word' id='word_1_270' title='bbox 1412 3410 1694 3466; x_wconf 88' lang='lat' dir='ltr'>Dominus</span> <span class='ocrx_word' id='word_1_271' title='bbox 1717 3436 1735 3464; x_wconf 74' lang='grc' dir='ltr'>ι</span> <span class='ocrx_word' id='word_1_272' title='bbox 1768 3413 1892 3483; x_wconf 81' lang='lat' dir='ltr'>(lsa.</span> 
     </span>
    </p>
   </div>
   <div class='ocr_carea' id='block_1_38' title="bbox 241 3499 1895 3572">
    <p class='ocr_par' dir='ltr' id='par_1_38' title="bbox 241 3499 1895 3572">
     <span class='ocr_line' id='line_1_38' title="bbox 241 3499 1895 3572; baseline 0.001 -18"><span class='ocrx_word' id='word_1_273' title='bbox 241 3517 442 3567; x_wconf 70' lang='lat' dir='ltr'>xevm,</span> <span class='ocrx_word' id='word_1_274' title='bbox 464 3501 580 3572; x_wconf 81' lang='lat'>22).</span> <span class='ocrx_word' id='word_1_275' title='bbox 602 3500 754 3564; x_wconf 90' lang='lat' dir='ltr'>Quas</span> <span class='ocrx_word' id='word_1_276' title='bbox 778 3502 929 3556; x_wconf 89' lang='lat' dir='ltr'>faces</span> <span class='ocrx_word' id='word_1_277' title='bbox 951 3507 1090 3556; x_wconf 90' lang='lat' dir='ltr'>tunc</span> <span class='ocrx_word' id='word_1_278' title='bbox 1110 3500 1395 3568; x_wconf 89' lang='lat' dir='ltr'>accendit,</span> <span class='ocrx_word' id='word_1_279' title='bbox 1419 3499 1652 3571; x_wconf 90' lang='lat' dir='ltr'>quando</span> <span class='ocrx_word' id='word_1_280' title='bbox 1684 3499 1895 3556; x_wconf 87' lang='lat' dir='ltr'>irrevo-</span> 
     </span>
    </p>
   </div>
   <div class='ocr_carea' id='block_1_39' title="bbox 243 3587 1897 3662">
    <p class='ocr_par' dir='ltr' id='par_1_39' title="bbox 243 3587 1897 3662">
     <span class='ocr_line' id='line_1_39' title="bbox 243 3587 1897 3662; baseline 0 -18"><span class='ocrx_word' id='word_1_281' title='bbox 243 3587 423 3644; x_wconf 89' lang='lat' dir='ltr'>cabili</span> <span class='ocrx_word' id='word_1_282' title='bbox 447 3589 838 3655; x_wconf 87' lang='lat' dir='ltr'>anathemate,</span> <span class='ocrx_word' id='word_1_283' title='bbox 870 3591 1038 3661; x_wconf 90' lang='lat' dir='ltr'>quasi</span> <span class='ocrx_word' id='word_1_284' title='bbox 1075 3589 1206 3662; x_wconf 90' lang='lat' dir='ltr'>igne</span> <span class='ocrx_word' id='word_1_285' title='bbox 1230 3589 1443 3644; x_wconf 90' lang='lat' dir='ltr'>furoris</span> <span class='ocrx_word' id='word_1_286' title='bbox 1467 3588 1580 3658; x_wconf 89' lang='lat' dir='ltr'>sui,</span> <span class='ocrx_word' id='word_1_287' title='bbox 1608 3589 1707 3660; x_wconf 91' lang='lat' dir='ltr'>qui</span> <span class='ocrx_word' id='word_1_288' title='bbox 1731 3589 1897 3645; x_wconf 85' lang='lat' dir='ltr'>arde-</span> 
     </span>
    </p>
   </div>
   <div class='ocr_carea' id='block_1_40' title="bbox 244 3677 1898 3750">
    <p class='ocr_par' dir='ltr' id='par_1_40' title="bbox 244 3677 1898 3750">
     <span class='ocr_line' id='line_1_40' title="bbox 244 3677 1898 3750; baseline 0 -19"><span class='ocrx_word' id='word_1_289' title='bbox 244 3681 336 3732; x_wconf 87' lang='lat' dir='ltr'>ret</span> <span class='ocrx_word' id='word_1_290' title='bbox 359 3693 545 3748; x_wconf 89' lang='lat' dir='ltr'>usque</span> <span class='ocrx_word' id='word_1_291' title='bbox 568 3678 637 3733; x_wconf 91' lang='lat' dir='ltr'>ad</span> <span class='ocrx_word' id='word_1_292' title='bbox 663 3678 873 3732; x_wconf 89' lang='lat' dir='ltr'>inferni</span> <span class='ocrx_word' id='word_1_293' title='bbox 912 3678 1248 3746; x_wconf 90' lang='lat' dir='ltr'>novissima,</span> <span class='ocrx_word' id='word_1_294' title='bbox 1279 3693 1380 3750; x_wconf 88' lang='lat' dir='ltr'>per</span> <span class='ocrx_word' id='word_1_295' title='bbox 1401 3677 1749 3733; x_wconf 89' lang='lat' dir='ltr'>sententiam</span> <span class='ocrx_word' id='word_1_296' title='bbox 1781 3693 1898 3732; x_wconf 67' lang='lat' dir='ltr'>suae</span> 
     </span>
    </p>
   </div>
   <div class='ocr_carea' id='block_1_41' title="bbox 244 3764 1898 3837">
    <p class='ocr_par' dir='ltr' id='par_1_41' title="bbox 244 3764 1898 3837">
     <span class='ocr_line' id='line_1_41' title="bbox 244 3764 1898 3837; baseline 0 -18"><span class='ocrx_word' id='word_1_297' title='bbox 244 3764 549 3821; x_wconf 71' lang='lat' dir='ltr'>catholicae</span> <span class='ocrx_word' id='word_1_298' title='bbox 572 3783 771 3821; x_wconf 91' lang='lat' dir='ltr'>earum</span> <span class='ocrx_word' id='word_1_299' title='bbox 795 3766 927 3820; x_wconf 89' lang='lat' dir='ltr'>odia</span> <span class='ocrx_word' id='word_1_300' title='bbox 949 3767 1017 3821; x_wconf 91' lang='lat' dir='ltr'>ad</span> <span class='ocrx_word' id='word_1_301' title='bbox 1044 3767 1336 3837; x_wconf 81' lang='lat' dir='ltr'>pernicem</span> <span class='ocrx_word' id='word_1_302' title='bbox 1361 3765 1474 3832; x_wconf 90' lang='lat' dir='ltr'>sui,</span> <span class='ocrx_word' id='word_1_303' title='bbox 1499 3769 1556 3820; x_wconf 90' lang='lat' dir='ltr'>et</span> <span class='ocrx_word' id='word_1_304' title='bbox 1577 3765 1898 3821; x_wconf 91' lang='lat' dir='ltr'>multorum</span> 
     </span>
    </p>
   </div>
   <div class='ocr_carea' id='block_1_42' title="bbox 243 3853 1895 3926">
    <p class='ocr_par' dir='ltr' id='par_1_42' title="bbox 243 3853 1895 3926">
     <span class='ocr_line' id='line_1_42' title="bbox 243 3853 1895 3926; baseline 0 -18"><span class='ocrx_word' id='word_1_305' title='bbox 243 3857 446 3925; x_wconf 91' lang='lat' dir='ltr'>aperte</span> <span class='ocrx_word' id='word_1_306' title='bbox 477 3853 880 3909; x_wconf 82' lang='lat' dir='ltr'>inflammavit.</span> <span class='ocrx_word' id='word_1_307' title='bbox 914 3855 1008 3909; x_wconf 87' lang='lat' dir='ltr'>Sic</span> <span class='ocrx_word' id='word_1_308' title='bbox 1041 3855 1325 3923; x_wconf 75' lang='lat' dir='ltr'>dimissze,</span> <span class='ocrx_word' id='word_1_309' title='bbox 1348 3871 1528 3926; x_wconf 72' lang='lat' dir='ltr'>vagae,</span> <span class='ocrx_word' id='word_1_310' title='bbox 1550 3858 1607 3908; x_wconf 94' lang='lat' dir='ltr'>et</span> <span class='ocrx_word' id='word_1_311' title='bbox 1644 3854 1895 3926; x_wconf 63' lang='lat' dir='ltr'>perfuga</span> 
     </span>
    </p>
   </div>
   <div class='ocr_carea' id='block_1_43' title="bbox 241 3941 1900 4015">
    <p class='ocr_par' dir='ltr' id='par_1_43' title="bbox 241 3941 1900 4015">
     <span class='ocr_line' id='line_1_43' title="bbox 241 3941 1900 4015; baseline -0.001 -19"><span class='ocrx_word' id='word_1_312' title='bbox 241 3942 361 3997; x_wconf 89' lang='lat' dir='ltr'>huc</span> <span class='ocrx_word' id='word_1_313' title='bbox 382 3941 640 4015; x_wconf 91' lang='lat' dir='ltr'>illucque</span> <span class='ocrx_word' id='word_1_314' title='bbox 672 3943 1033 4010; x_wconf 89' lang='lat' dir='ltr'>discurrunt,</span> <span class='ocrx_word' id='word_1_315' title='bbox 1056 3943 1195 4013; x_wconf 87' lang='lat' dir='ltr'>quia</span> <span class='ocrx_word' id='word_1_316' title='bbox 1215 3943 1628 3999; x_wconf 73' lang='lat' dir='ltr'>exardescentc</span> <span class='ocrx_word' id='word_1_317' title='bbox 1649 3942 1704 3996; x_wconf 91' lang='lat' dir='ltr'>in</span> <span class='ocrx_word' id='word_1_318' title='bbox 1743 3941 1900 3997; x_wconf 91' lang='lat' dir='ltr'>brevi</span> 
     </span>
    </p>
   </div>
   <div class='ocr_carea' id='block_1_44' title="bbox 242 4030 1790 4103">
    <p class='ocr_par' dir='ltr' id='par_1_44' title="bbox 242 4030 1790 4103">
     <span class='ocr_line' id='line_1_44' title="bbox 242 4030 1790 4103; baseline -0.002 -18"><span class='ocrx_word' id='word_1_319' title='bbox 242 4031 333 4086; x_wconf 89' lang='lat' dir='ltr'>ira</span> <span class='ocrx_word' id='word_1_320' title='bbox 362 4030 488 4098; x_wconf 91' lang='lat' dir='ltr'>Dei,</span> <span class='ocrx_word' id='word_1_321' title='bbox 522 4031 590 4086; x_wconf 90' lang='lat' dir='ltr'>de</span> <span class='ocrx_word' id='word_1_322' title='bbox 621 4031 711 4086; x_wconf 91' lang='lat' dir='ltr'>via</span> <span class='ocrx_word' id='word_1_323' title='bbox 733 4032 899 4102; x_wconf 87' lang='lat' dir='ltr'>justa</span> <span class='ocrx_word' id='word_1_324' title='bbox 929 4031 1231 4103; x_wconf 90' lang='lat' dir='ltr'>perierunt</span> <span class='ocrx_word' id='word_1_325' title='bbox 1263 4032 1438 4103; x_wconf 83' lang='lat' dir='ltr'>(Psal.</span> <span class='ocrx_word' id='word_1_326' title='bbox 1473 4048 1534 4095; x_wconf 86' lang='grc' dir='ltr'>ιι,</span> <span class='ocrx_word' id='word_1_327' title='bbox 1570 4030 1790 4100; x_wconf 69' lang='lat'>13,13).</span> 
     </span>
    </p>
   </div>
   <div class='ocr_carea' id='block_1_45' title="bbox 319 4117 1902 4192">
    <p class='ocr_par' dir='ltr' id='par_1_45' title="bbox 319 4117 1902 4192">
     <span class='ocr_line' id='line_1_45' title="bbox 319 4117 1902 4192; baseline -0.003 -18"><span class='ocrx_word' id='word_1_328' title='bbox 319 4119 570 4174; x_wconf 92' lang='lat' dir='ltr'>Demum</span> <span class='ocrx_word' id='word_1_329' title='bbox 586 4119 944 4175; x_wconf 89' lang='lat' dir='ltr'>Philisthiim</span> <span class='ocrx_word' id='word_1_330' title='bbox 959 4120 1256 4192; x_wconf 78' lang='lat' dir='ltr'>ingressae,</span> <span class='ocrx_word' id='word_1_331' title='bbox 1274 4118 1470 4173; x_wconf 81' lang='lat' dir='ltr'>omnia</span> <span class='ocrx_word' id='word_1_332' title='bbox 1483 4117 1753 4173; x_wconf 90' lang='lat' dir='ltr'>victualia</span> <span class='ocrx_word' id='word_1_333' title='bbox 1766 4132 1902 4188; x_wconf 89' lang='lat' dir='ltr'>gen-</span> 
     </span>
    </p>
   </div>
   <div class='ocr_carea' id='block_1_46' title="bbox 245 4206 1900 4280">
    <p class='ocr_par' dir='ltr' id='par_1_46' title="bbox 245 4206 1900 4280">
     <span class='ocr_line' id='line_1_46' title="bbox 245 4206 1900 4280; baseline -0.002 -18"><span class='ocrx_word' id='word_1_334' title='bbox 245 4206 326 4262; x_wconf 87' lang='lat' dir='ltr'>tis</span> <span class='ocrx_word' id='word_1_335' title='bbox 378 4206 656 4262; x_wconf 70' lang='lat' dir='ltr'>adulterce</span> <span class='ocrx_word' id='word_1_336' title='bbox 706 4213 762 4264; x_wconf 92' lang='lat' dir='ltr'>et</span> <span class='ocrx_word' id='word_1_337' title='bbox 810 4207 1148 4280; x_wconf 71' lang='lat' dir='ltr'>alienigenae</span> <span class='ocrx_word' id='word_1_338' title='bbox 1188 4223 1389 4263; x_wconf 89' lang='lat' dir='ltr'>secum</span> <span class='ocrx_word' id='word_1_339' title='bbox 1439 4221 1900 4273; x_wconf 89' lang='lat' dir='ltr'>concremavere,</span> 
     </span>
    </p>
   </div>
   <div class='ocr_carea' id='block_1_47' title="bbox 246 4294 1903 4368">
    <p class='ocr_par' dir='ltr' id='par_1_47' title="bbox 246 4294 1903 4368">
     <span class='ocr_line' id='line_1_47' title="bbox 246 4294 1903 4368; baseline -0.002 -17"><span class='ocrx_word' id='word_1_340' title='bbox 246 4295 391 4368; x_wconf 89' lang='lat' dir='ltr'>quia</span> <span class='ocrx_word' id='word_1_341' title='bbox 414 4297 617 4367; x_wconf 91' lang='lat' dir='ltr'>procul</span> <span class='ocrx_word' id='word_1_342' title='bbox 641 4297 817 4352; x_wconf 91' lang='lat' dir='ltr'>dubio</span> <span class='ocrx_word' id='word_1_343' title='bbox 840 4297 1268 4352; x_wconf 89' lang='lat' dir='ltr'>consentientes</span> <span class='ocrx_word' id='word_1_344' title='bbox 1314 4294 1630 4351; x_wconf 89' lang='lat' dir='ltr'>adulterari</span> <span class='ocrx_word' id='word_1_345' title='bbox 1667 4309 1903 4350; x_wconf 87' lang='lat' dir='ltr'>uxorem</span> 
     </span>
    </p>
   </div>
   <div class='ocr_carea' id='block_1_48' title="bbox 242 4382 1906 4457">
    <p class='ocr_par' dir='ltr' id='par_1_48' title="bbox 242 4382 1906 4457">
     <span class='ocr_line' id='line_1_48' title="bbox 242 4382 1906 4457; baseline -0.002 -16"><span class='ocrx_word' id='word_1_346' title='bbox 242 4384 493 4452; x_wconf 88' lang='lat' dir='ltr'>Christi,</span> <span class='ocrx_word' id='word_1_347' title='bbox 526 4385 660 4456; x_wconf 87' lang='lat' dir='ltr'>igne</span> <span class='ocrx_word' id='word_1_348' title='bbox 695 4385 1065 4457; x_wconf 84' lang='lat' dir='ltr'>justijudicii</span> <span class='ocrx_word' id='word_1_349' title='bbox 1090 4386 1239 4456; x_wconf 86' lang='lat' dir='ltr'>ejus,</span> <span class='ocrx_word' id='word_1_350' title='bbox 1258 4401 1432 4456; x_wconf 89' lang='lat' dir='ltr'>quem</span> <span class='ocrx_word' id='word_1_351' title='bbox 1455 4383 1515 4438; x_wconf 91' lang='lat' dir='ltr'>in</span> <span class='ocrx_word' id='word_1_352' title='bbox 1534 4384 1648 4438; x_wconf 87' lang='lat' dir='ltr'>ﬁne</span> <span class='ocrx_word' id='word_1_353' title='bbox 1669 4400 1774 4438; x_wconf 83' lang='lat' dir='ltr'>suo</span> <span class='ocrx_word' id='word_1_354' title='bbox 1797 4382 1906 4437; x_wconf 66' lang='lat' dir='ltr'>hae-</span> 
     </span>
    </p>
   </div>
   <div class='ocr_carea' id='block_1_49' title="bbox 244 4471 1904 4545">
    <p class='ocr_par' dir='ltr' id='par_1_49' title="bbox 244 4471 1904 4545">
     <span class='ocr_line' id='line_1_49' title="bbox 244 4471 1904 4545; baseline -0.004 -15"><span class='ocrx_word' id='word_1_355' title='bbox 244 4489 435 4540; x_wconf 87' lang='lat' dir='ltr'>reses,</span> <span class='ocrx_word' id='word_1_356' title='bbox 470 4477 750 4545; x_wconf 89' lang='lat' dir='ltr'>tanquam</span> <span class='ocrx_word' id='word_1_357' title='bbox 773 4475 831 4528; x_wconf 93' lang='lat' dir='ltr'>in</span> <span class='ocrx_word' id='word_1_358' title='bbox 857 4474 1081 4545; x_wconf 84' lang='lat' dir='ltr'>caudis,</span> <span class='ocrx_word' id='word_1_359' title='bbox 1114 4474 1432 4539; x_wconf 89' lang='lat' dir='ltr'>advehunt,</span> <span class='ocrx_word' id='word_1_360' title='bbox 1458 4471 1743 4543; x_wconf 88' lang='lat' dir='ltr'>quidquid</span> <span class='ocrx_word' id='word_1_361' title='bbox 1768 4471 1904 4525; x_wconf 93' lang='lat' dir='ltr'>boni</span> 
     </span>
    </p>
   </div>
   <div class='ocr_carea' id='block_1_50' title="bbox 1921 1857 1968 1921">
    <p class='ocr_par' dir='ltr' id='par_1_50' title="bbox 1921 1857 1968 1921">
     <span class='ocr_line' id='line_1_50' title="bbox 1921 1857 1968 1921; baseline 0 0"><span class='ocrx_word' id='word_1_362' title='bbox 1921 1857 1968 1921; x_wconf 94' lang='lat' dir='ltr'><strong>B</strong></span> 
     </span>
    </p>
   </div>
   <div class='ocr_carea' id='block_1_51' title="bbox 1999 580 3651 652">
    <p class='ocr_par' dir='ltr' id='par_1_51' title="bbox 1999 580 3651 652">
     <span class='ocr_line' id='line_1_51' title="bbox 1999 580 3651 652; baseline 0.004 -17"><span class='ocrx_word' id='word_1_363' title='bbox 1999 592 2202 635; x_wconf 84' lang='lat' dir='ltr'>verum</span> <span class='ocrx_word' id='word_1_364' title='bbox 2225 580 2579 636; x_wconf 76' lang='lat' dir='ltr'>sacriﬁcium</span> <span class='ocrx_word' id='word_1_365' title='bbox 2601 586 2656 636; x_wconf 89' lang='lat' dir='ltr'>et</span> <span class='ocrx_word' id='word_1_366' title='bbox 2677 581 3192 637; x_wconf 86' lang='lat' dir='ltr'>sanctiﬁcationem</span> <span class='ocrx_word' id='word_1_367' title='bbox 3217 581 3564 652; x_wconf 85' lang='lat' dir='ltr'>perdidisse?</span> <span class='ocrx_word' id='word_1_368' title='bbox 3586 585 3651 641; x_wconf 94' lang='lat' dir='ltr'>In</span> 
     </span>
    </p>
   </div>
   <div class='ocr_carea' id='block_1_52' title="bbox 2004 667 3652 740">
    <p class='ocr_par' dir='ltr' id='par_1_52' title="bbox 2004 667 3652 740">
     <span class='ocr_line' id='line_1_52' title="bbox 2004 667 3652 740; baseline 0.004 -19"><span class='ocrx_word' id='word_1_369' title='bbox 2004 667 2294 722; x_wconf 90' lang='lat' dir='ltr'>messibus</span> <span class='ocrx_word' id='word_1_370' title='bbox 2309 669 2460 724; x_wconf 89' lang='lat' dir='ltr'>enim</span> <span class='ocrx_word' id='word_1_371' title='bbox 2479 674 2534 724; x_wconf 93' lang='lat' dir='ltr'>et</span> <span class='ocrx_word' id='word_1_372' title='bbox 2546 670 2730 724; x_wconf 83' lang='lat' dir='ltr'>vineis</span> <span class='ocrx_word' id='word_1_373' title='bbox 2743 675 3177 725; x_wconf 89' lang='lat' dir='ltr'>sacramentum</span> <span class='ocrx_word' id='word_1_374' title='bbox 3193 669 3449 740; x_wconf 91' lang='lat' dir='ltr'>corporis</span> <span class='ocrx_word' id='word_1_375' title='bbox 3461 675 3652 727; x_wconf 89' lang='lat' dir='ltr'>etsan-</span> 
     </span>
    </p>
   </div>
   <div class='ocr_carea' id='block_1_53' title="bbox 2002 756 3652 830">
    <p class='ocr_par' dir='ltr' id='par_1_53' title="bbox 2002 756 3652 830">
     <span class='ocr_line' id='line_1_53' title="bbox 2002 756 3652 830; baseline 0.004 -21"><span class='ocrx_word' id='word_1_376' title='bbox 2002 756 2198 826; x_wconf 89' lang='lat' dir='ltr'>guinis</span> <span class='ocrx_word' id='word_1_377' title='bbox 2223 757 2554 829; x_wconf 90' lang='lat' dir='ltr'>Domini,qu</span> <span class='ocrx_word' id='word_1_378' title='bbox 2565 759 2635 812; x_wconf 92' lang='lat' dir='ltr'>od</span> <span class='ocrx_word' id='word_1_379' title='bbox 2659 757 2792 813; x_wconf 92' lang='lat' dir='ltr'>inde</span> <span class='ocrx_word' id='word_1_380' title='bbox 2809 760 2880 813; x_wconf 89' lang='lat' dir='ltr'>ad</span> <span class='ocrx_word' id='word_1_381' title='bbox 2903 759 3081 813; x_wconf 88' lang='lat' dir='ltr'>vitam</span> <span class='ocrx_word' id='word_1_382' title='bbox 3097 757 3295 830; x_wconf 92' lang='lat' dir='ltr'>populi</span> <span class='ocrx_word' id='word_1_383' title='bbox 3319 757 3507 814; x_wconf 89' lang='lat' dir='ltr'>ﬁdelis</span> <span class='ocrx_word' id='word_1_384' title='bbox 3521 775 3652 814; x_wconf 89' lang='lat' dir='ltr'>con-</span> 
     </span>
    </p>
   </div>
   <div class='ocr_carea' id='block_1_54' title="bbox 2002 843 3653 917">
    <p class='ocr_par' dir='ltr' id='par_1_54' title="bbox 2002 843 3653 917">
     <span class='ocr_line' id='line_1_54' title="bbox 2002 843 3653 917; baseline 0.003 -19"><span class='ocrx_word' id='word_1_385' title='bbox 2002 843 2336 915; x_wconf 90' lang='lat' dir='ltr'>ﬁcitur,non</span> <span class='ocrx_word' id='word_1_386' title='bbox 2357 846 2671 917; x_wconf 88' lang='lat' dir='ltr'>incongrue</span> <span class='ocrx_word' id='word_1_387' title='bbox 2693 847 2996 917; x_wconf 88' lang='lat' dir='ltr'>accipitur.</span> <span class='ocrx_word' id='word_1_388' title='bbox 3018 847 3079 900; x_wconf 92' lang='lat' dir='ltr'>In</span> <span class='ocrx_word' id='word_1_389' title='bbox 3102 846 3324 902; x_wconf 89' lang='lat' dir='ltr'>olivetis</span> <span class='ocrx_word' id='word_1_390' title='bbox 3348 852 3542 903; x_wconf 90' lang='lat' dir='ltr'>autem</span> <span class='ocrx_word' id='word_1_391' title='bbox 3565 865 3653 903; x_wconf 85' lang='lat' dir='ltr'>sa-</span> 
     </span>
    </p>
   </div>
   <div class='ocr_carea' id='block_1_55' title="bbox 2003 933 3652 1007">
    <p class='ocr_par' dir='ltr' id='par_1_55' title="bbox 2003 933 3652 1007">
     <span class='ocr_line' id='line_1_55' title="bbox 2003 933 3652 1007; baseline 0.004 -21"><span class='ocrx_word' id='word_1_392' title='bbox 2003 949 2109 987; x_wconf 72' lang='lat' dir='ltr'>crae</span> <span class='ocrx_word' id='word_1_393' title='bbox 2135 933 2426 990; x_wconf 90' lang='lat' dir='ltr'>unctionis</span> <span class='ocrx_word' id='word_1_394' title='bbox 2447 935 2669 1001; x_wconf 90' lang='lat' dir='ltr'>oleum;</span> <span class='ocrx_word' id='word_1_395' title='bbox 2692 935 2905 1006; x_wconf 89' lang='lat' dir='ltr'>quibus</span> <span class='ocrx_word' id='word_1_396' title='bbox 2924 937 3076 1007; x_wconf 89' lang='lat' dir='ltr'>apud</span> <span class='ocrx_word' id='word_1_397' title='bbox 3093 935 3225 991; x_wconf 91' lang='lat' dir='ltr'>illos</span> <span class='ocrx_word' id='word_1_398' title='bbox 3238 937 3652 1003; x_wconf 89' lang='lat' dir='ltr'>cvacuatis,su-</span> 
     </span>
    </p>
   </div>
   <div class='ocr_carea' id='block_1_56' title="bbox 2003 1022 3650 1093">
    <p class='ocr_par' dir='ltr' id='par_1_56' title="bbox 2003 1022 3650 1093">
     <span class='ocr_line' id='line_1_56' title="bbox 2003 1022 3650 1093; baseline 0.004 -17"><span class='ocrx_word' id='word_1_399' title='bbox 2003 1027 2195 1093; x_wconf 91' lang='lat' dir='ltr'>perest</span> <span class='ocrx_word' id='word_1_400' title='bbox 2209 1022 2324 1078; x_wconf 90' lang='lat' dir='ltr'>illis</span> <span class='ocrx_word' id='word_1_401' title='bbox 2339 1040 2406 1078; x_wconf 84' lang='lat' dir='ltr'>ex</span> <span class='ocrx_word' id='word_1_402' title='bbox 2419 1025 2695 1079; x_wconf 89' lang='lat' dir='ltr'>omnibus</span> <span class='ocrx_word' id='word_1_403' title='bbox 2709 1023 3118 1080; x_wconf 88' lang='lat' dir='ltr'>ecclesiasticis</span> <span class='ocrx_word' id='word_1_404' title='bbox 3131 1025 3511 1081; x_wconf 88' lang='lat' dir='ltr'>sacramentis</span> <span class='ocrx_word' id='word_1_405' title='bbox 3525 1025 3650 1082; x_wconf 88' lang='lat' dir='ltr'>sola</span> 
     </span>
    </p>
   </div>
   <div class='ocr_carea' id='block_1_57' title="bbox 2003 1111 3646 1184">
    <p class='ocr_par' dir='ltr' id='par_1_57' title="bbox 2003 1111 3646 1184">
     <span class='ocr_line' id='line_1_57' title="bbox 2003 1111 3646 1184; baseline 0.004 -20"><span class='ocrx_word' id='word_1_406' title='bbox 2003 1127 2156 1181; x_wconf 92' lang='lat' dir='ltr'>aqua</span> <span class='ocrx_word' id='word_1_407' title='bbox 2177 1111 2569 1182; x_wconf 88' lang='lat' dir='ltr'>baptismatis,</span> <span class='ocrx_word' id='word_1_408' title='bbox 2600 1114 2754 1184; x_wconf 93' lang='lat' dir='ltr'>quod</span> <span class='ocrx_word' id='word_1_409' title='bbox 2787 1113 2977 1168; x_wconf 91' lang='lat' dir='ltr'>solum</span> <span class='ocrx_word' id='word_1_410' title='bbox 3009 1114 3080 1167; x_wconf 90' lang='lat' dir='ltr'>ad</span> <span class='ocrx_word' id='word_1_411' title='bbox 3113 1113 3296 1169; x_wconf 90' lang='lat' dir='ltr'>solam</span> <span class='ocrx_word' id='word_1_412' title='bbox 3329 1114 3646 1184; x_wconf 89' lang='lat' dir='ltr'>perniciem</span> 
     </span>
    </p>
   </div>
   <div class='ocr_carea' id='block_1_58' title="bbox 2004 1199 3648 1273">
    <p class='ocr_par' dir='ltr' id='par_1_58' title="bbox 2004 1199 3648 1273">
     <span class='ocr_line' id='line_1_58' title="bbox 2004 1199 3648 1273; baseline 0.004 -20"><span class='ocrx_word' id='word_1_413' title='bbox 2004 1199 2142 1255; x_wconf 91' lang='lat' dir='ltr'>dare</span> <span class='ocrx_word' id='word_1_414' title='bbox 2163 1205 2429 1272; x_wconf 89' lang='lat' dir='ltr'>possunt,</span> <span class='ocrx_word' id='word_1_415' title='bbox 2458 1201 2613 1256; x_wconf 90' lang='lat' dir='ltr'>sicut</span> <span class='ocrx_word' id='word_1_416' title='bbox 2635 1202 2910 1273; x_wconf 90' lang='lat' dir='ltr'>superius</span> <span class='ocrx_word' id='word_1_417' title='bbox 2935 1202 3076 1257; x_wconf 87' lang='lat' dir='ltr'>satis</span> <span class='ocrx_word' id='word_1_418' title='bbox 3101 1206 3329 1258; x_wconf 87' lang='lat' dir='ltr'>constat</span> <span class='ocrx_word' id='word_1_419' title='bbox 3351 1208 3648 1260; x_wconf 86' lang='lat' dir='ltr'>monstra-</span> 
     </span>
    </p>
   </div>
   <div class='ocr_carea' id='block_1_59' title="bbox 2004 1288 3642 1362">
    <p class='ocr_par' dir='ltr' id='par_1_59' title="bbox 2004 1288 3642 1362">
     <span class='ocr_line' id='line_1_59' title="bbox 2004 1288 3642 1362; baseline 0.004 -21"><span class='ocrx_word' id='word_1_420' title='bbox 2004 1290 2152 1342; x_wconf 91' lang='lat' dir='ltr'>tum.</span> <span class='ocrx_word' id='word_1_421' title='bbox 2188 1292 2254 1342; x_wconf 87' lang='lat' dir='ltr'>Et</span> <span class='ocrx_word' id='word_1_422' title='bbox 2287 1288 2405 1342; x_wconf 83' lang='lat' dir='ltr'>haec</span> <span class='ocrx_word' id='word_1_423' title='bbox 2445 1292 2608 1343; x_wconf 90' lang='lat' dir='ltr'>tanta</span> <span class='ocrx_word' id='word_1_424' title='bbox 2647 1289 2799 1345; x_wconf 90' lang='lat' dir='ltr'>mala</span> <span class='ocrx_word' id='word_1_425' title='bbox 2830 1293 3026 1345; x_wconf 88' lang='lat' dir='ltr'>noster</span> <span class='ocrx_word' id='word_1_426' title='bbox 3057 1291 3326 1360; x_wconf 90' lang='lat' dir='ltr'>Samson,</span> <span class='ocrx_word' id='word_1_427' title='bbox 3357 1290 3642 1362; x_wconf 89' lang='lat' dir='ltr'>Christus,</span> 
     </span>
    </p>
   </div>
   <div class='ocr_carea' id='block_1_60' title="bbox 2005 1376 3645 1450">
    <p class='ocr_par' dir='ltr' id='par_1_60' title="bbox 2005 1376 3645 1450">
     <span class='ocr_line' id='line_1_60' title="bbox 2005 1376 3645 1450; baseline 0.004 -21"><span class='ocrx_word' id='word_1_428' title='bbox 2005 1376 2209 1432; x_wconf 82' lang='lat' dir='ltr'>iecisse</span> <span class='ocrx_word' id='word_1_429' title='bbox 2226 1376 2311 1431; x_wconf 92' lang='lat' dir='ltr'>vel</span> <span class='ocrx_word' id='word_1_430' title='bbox 2338 1377 2523 1433; x_wconf 89' lang='lat' dir='ltr'>facere</span> <span class='ocrx_word' id='word_1_431' title='bbox 2555 1377 2788 1446; x_wconf 91' lang='lat' dir='ltr'>dicitur,</span> <span class='ocrx_word' id='word_1_432' title='bbox 2815 1396 2927 1434; x_wconf 88' lang='lat' dir='ltr'>non</span> <span class='ocrx_word' id='word_1_433' title='bbox 2972 1379 3109 1450; x_wconf 86' lang='lat' dir='ltr'>quia</span> <span class='ocrx_word' id='word_1_434' title='bbox 3146 1379 3284 1434; x_wconf 90' lang='lat' dir='ltr'>talia</span> <span class='ocrx_word' id='word_1_435' title='bbox 3317 1380 3518 1450; x_wconf 88' lang='lat' dir='ltr'>jussit,</span> <span class='ocrx_word' id='word_1_436' title='bbox 3543 1381 3645 1435; x_wconf 90' lang='lat' dir='ltr'>sed</span> 
     </span>
    </p>
   </div>
   <div class='ocr_carea' id='block_1_61' title="bbox 2004 1465 3646 1540">
    <p class='ocr_par' dir='ltr' id='par_1_61' title="bbox 2004 1465 3646 1540">
     <span class='ocr_line' id='line_1_61' title="bbox 2004 1465 3646 1540; baseline 0.004 -22"><span class='ocrx_word' id='word_1_437' title='bbox 2004 1465 2141 1536; x_wconf 91' lang='lat' dir='ltr'>quia</span> <span class='ocrx_word' id='word_1_438' title='bbox 2169 1466 2323 1535; x_wconf 82' lang='lat' dir='ltr'>iuste</span> <span class='ocrx_word' id='word_1_439' title='bbox 2354 1465 2478 1522; x_wconf 87' lang='lat' dir='ltr'>ﬁeri</span> <span class='ocrx_word' id='word_1_440' title='bbox 2515 1467 2802 1538; x_wconf 88' lang='lat' dir='ltr'>permisit.</span> <span class='ocrx_word' id='word_1_441' title='bbox 2829 1468 3044 1524; x_wconf 89' lang='lat' dir='ltr'>Paulus</span> <span class='ocrx_word' id='word_1_442' title='bbox 3066 1485 3296 1540; x_wconf 90' lang='lat' dir='ltr'>quoque</span> <span class='ocrx_word' id='word_1_443' title='bbox 3312 1467 3419 1523; x_wconf 87' lang='lat' dir='ltr'>has</span> <span class='ocrx_word' id='word_1_444' title='bbox 3443 1468 3646 1540; x_wconf 88' lang='lat' dir='ltr'>vulpes</span> 
     </span>
    </p>
   </div>
   <div class='ocr_carea' id='block_1_62' title="bbox 2007 1554 3646 1623">
    <p class='ocr_par' dir='ltr' id='par_1_62' title="bbox 2007 1554 3646 1623">
     <span class='ocr_line' id='line_1_62' title="bbox 2007 1554 3646 1623; baseline 0.002 -15"><span class='ocrx_word' id='word_1_445' title='bbox 2007 1554 2411 1610; x_wconf 89' lang='lat' dir='ltr'>coambulates</span> <span class='ocrx_word' id='word_1_446' title='bbox 2442 1560 2495 1610; x_wconf 87' lang='lat' dir='ltr'>et</span> <span class='ocrx_word' id='word_1_447' title='bbox 2527 1557 2849 1623; x_wconf 90' lang='lat' dir='ltr'>occasione,</span> <span class='ocrx_word' id='word_1_448' title='bbox 2885 1556 3002 1612; x_wconf 88' lang='lat' dir='ltr'>sive</span> <span class='ocrx_word' id='word_1_449' title='bbox 3031 1555 3249 1612; x_wconf 91' lang='lat' dir='ltr'>invidia</span> <span class='ocrx_word' id='word_1_450' title='bbox 3295 1557 3646 1612; x_wconf 89' lang='lat' dir='ltr'>Cruciﬁxum</span> 
     </span>
    </p>
   </div>
   <div class='ocr_carea' id='block_1_63' title="bbox 2004 1642 3644 1714">
    <p class='ocr_par' dir='ltr' id='par_1_63' title="bbox 2004 1642 3644 1714">
     <span class='ocr_line' id='line_1_63' title="bbox 2004 1642 3644 1714; baseline 0.003 -19"><span class='ocrx_word' id='word_1_451' title='bbox 2004 1642 2085 1696; x_wconf 89' lang='lat' dir='ltr'>sic</span> <span class='ocrx_word' id='word_1_452' title='bbox 2109 1643 2509 1713; x_wconf 71' lang='lat' dir='ltr'>praedicantes,</span> <span class='ocrx_word' id='word_1_453' title='bbox 2533 1649 2598 1698; x_wconf 90' lang='lat' dir='ltr'>ut</span> <span class='ocrx_word' id='word_1_454' title='bbox 2617 1646 2744 1714; x_wconf 86' lang='lat' dir='ltr'>ejus</span> <span class='ocrx_word' id='word_1_455' title='bbox 2773 1661 3002 1700; x_wconf 90' lang='lat' dir='ltr'>crucem</span> <span class='ocrx_word' id='word_1_456' title='bbox 3021 1661 3300 1700; x_wconf 90' lang='lat' dir='ltr'>evacuare</span> <span class='ocrx_word' id='word_1_457' title='bbox 3323 1646 3644 1712; x_wconf 84' lang='lat' dir='ltr'>studerent,</span> 
     </span>
    </p>
   </div>
   <div class='ocr_carea' id='block_1_64' title="bbox 2004 1731 3644 1803">
    <p class='ocr_par' dir='ltr' id='par_1_64' title="bbox 2004 1731 3644 1803">
     <span class='ocr_line' id='line_1_64' title="bbox 2004 1731 3644 1803; baseline 0.001 -19"><span class='ocrx_word' id='word_1_458' title='bbox 2004 1731 2288 1786; x_wconf 86' lang='lat' dir='ltr'>cavendas</span> <span class='ocrx_word' id='word_1_459' title='bbox 2318 1731 2792 1803; x_wconf 82' lang='lat' dir='ltr'>Philippensibus</span> <span class='ocrx_word' id='word_1_460' title='bbox 2824 1733 3148 1798; x_wconf 87' lang='lat' dir='ltr'>denuntiat,</span> <span class='ocrx_word' id='word_1_461' title='bbox 3183 1733 3418 1788; x_wconf 90' lang='lat' dir='ltr'>dicens:</span> <span class='ocrx_word' id='word_1_462' title='bbox 3454 1756 3481 1782; x_wconf 88' lang='lat'><strong>«</strong></span> <span class='ocrx_word' id='word_1_463' title='bbox 3509 1733 3644 1787; x_wconf 90' lang='lat' dir='ltr'>Imi-</span> 
     </span>
    </p>
   </div>
   <div class='ocr_carea' id='block_1_65' title="bbox 2006 1819 3645 1891">
    <p class='ocr_par' dir='ltr' id='par_1_65' title="bbox 2006 1819 3645 1891">
     <span class='ocr_line' id='line_1_65' title="bbox 2006 1819 3645 1891; baseline 0.001 -19"><span class='ocrx_word' id='word_1_464' title='bbox 2006 1824 2221 1874; x_wconf 90' lang='lat' dir='ltr'>tatores</span> <span class='ocrx_word' id='word_1_465' title='bbox 2254 1819 2364 1874; x_wconf 89' lang='lat' dir='ltr'>mei</span> <span class='ocrx_word' id='word_1_466' title='bbox 2398 1824 2601 1886; x_wconf 89' lang='lat' dir='ltr'>estote,</span> <span class='ocrx_word' id='word_1_467' title='bbox 2635 1826 2689 1876; x_wconf 92' lang='lat' dir='ltr'>et</span> <span class='ocrx_word' id='word_1_468' title='bbox 2729 1821 3030 1876; x_wconf 86' lang='lat' dir='ltr'>observate</span> <span class='ocrx_word' id='word_1_469' title='bbox 3060 1837 3158 1876; x_wconf 90' lang='lat' dir='ltr'>eos</span> <span class='ocrx_word' id='word_1_470' title='bbox 3203 1821 3300 1891; x_wconf 93' lang='lat' dir='ltr'>qui</span> <span class='ocrx_word' id='word_1_471' title='bbox 3336 1821 3416 1874; x_wconf 90' lang='lat' dir='ltr'>ita</span> <span class='ocrx_word' id='word_1_472' title='bbox 3438 1821 3645 1875; x_wconf 89' lang='lat' dir='ltr'>ambu-</span> 
     </span>
    </p>
   </div>
   <div class='ocr_carea' id='block_1_66' title="bbox 2001 1906 3643 1973">
    <p class='ocr_par' dir='ltr' id='par_1_66' title="bbox 2001 1906 3643 1973">
     <span class='ocr_line' id='line_1_66' title="bbox 2001 1906 3643 1973; baseline 0.001 -12"><span class='ocrx_word' id='word_1_473' title='bbox 2001 1907 2144 1973; x_wconf 90' lang='lat' dir='ltr'>lant,</span> <span class='ocrx_word' id='word_1_474' title='bbox 2191 1906 2343 1963; x_wconf 91' lang='lat' dir='ltr'>sicut</span> <span class='ocrx_word' id='word_1_475' title='bbox 2375 1908 2660 1963; x_wconf 87' lang='lat' dir='ltr'>habentes</span> <span class='ocrx_word' id='word_1_476' title='bbox 2692 1909 2940 1964; x_wconf 89' lang='lat' dir='ltr'>formam</span> <span class='ocrx_word' id='word_1_477' title='bbox 2972 1914 3253 1964; x_wconf 91' lang='lat' dir='ltr'>nostram.</span> <span class='ocrx_word' id='word_1_478' title='bbox 3292 1908 3455 1962; x_wconf 88' lang='lat' dir='ltr'>Multi</span> <span class='ocrx_word' id='word_1_479' title='bbox 3487 1908 3643 1963; x_wconf 92' lang='lat' dir='ltr'>enim</span> 
     </span>
    </p>
   </div>
   <div class='ocr_carea' id='block_1_67' title="bbox 2005 1995 3648 2068">
    <p class='ocr_par' dir='ltr' id='par_1_67' title="bbox 2005 1995 3648 2068">
     <span class='ocr_line' id='line_1_67' title="bbox 2005 1995 3648 2068; baseline 0.001 -18"><span class='ocrx_word' id='word_1_480' title='bbox 2005 1995 2330 2061; x_wconf 90' lang='lat' dir='ltr'>ambulant,</span> <span class='ocrx_word' id='word_1_481' title='bbox 2365 2013 2508 2066; x_wconf 87' lang='lat' dir='ltr'>quos</span> <span class='ocrx_word' id='word_1_482' title='bbox 2531 2013 2680 2068; x_wconf 67' lang='lat' dir='ltr'>saepe</span> <span class='ocrx_word' id='word_1_483' title='bbox 2702 1996 2965 2051; x_wconf 90' lang='lat' dir='ltr'>dicebam</span> <span class='ocrx_word' id='word_1_484' title='bbox 2989 1996 3173 2062; x_wconf 90' lang='lat' dir='ltr'>vobis,</span> <span class='ocrx_word' id='word_1_485' title='bbox 3197 2013 3351 2050; x_wconf 90' lang='lat' dir='ltr'>nunc</span> <span class='ocrx_word' id='word_1_486' title='bbox 3374 2000 3568 2051; x_wconf 89' lang='lat' dir='ltr'>autem</span> <span class='ocrx_word' id='word_1_487' title='bbox 3591 1999 3648 2052; x_wconf 84' lang='lat' dir='ltr'>et</span> 
     </span>
    </p>
   </div>
   <div class='ocr_carea' id='block_1_68' title="bbox 2003 2084 3646 2156">
    <p class='ocr_par' dir='ltr' id='par_1_68' title="bbox 2003 2084 3646 2156">
     <span class='ocr_line' id='line_1_68' title="bbox 2003 2084 3646 2156; baseline -0.001 -17"><span class='ocrx_word' id='word_1_488' title='bbox 2003 2086 2148 2139; x_wconf 88' lang='lat' dir='ltr'>ﬁens</span> <span class='ocrx_word' id='word_1_489' title='bbox 2181 2085 2331 2151; x_wconf 91' lang='lat' dir='ltr'>dico,</span> <span class='ocrx_word' id='word_1_490' title='bbox 2369 2085 2640 2140; x_wconf 90' lang='lat' dir='ltr'>inimicos</span> <span class='ocrx_word' id='word_1_491' title='bbox 2671 2085 2862 2140; x_wconf 91' lang='lat' dir='ltr'>crucis</span> <span class='ocrx_word' id='word_1_492' title='bbox 2912 2084 3125 2140; x_wconf 90' lang='lat' dir='ltr'>Christi</span> <span class='ocrx_word' id='word_1_493' title='bbox 3169 2084 3404 2156; x_wconf 80' lang='lat' dir='ltr'>(Philip.</span> <span class='ocrx_word' id='word_1_494' title='bbox 3440 2102 3522 2152; x_wconf 82' lang='grc' dir='ltr'>ιιι,</span> <span class='ocrx_word' id='word_1_495' title='bbox 3556 2085 3646 2152; x_wconf 87' lang='grc'>17,</span> 
     </span>
    </p>
   </div>
   <div class='ocr_carea' id='block_1_69' title="bbox 2005 2173 3651 2245">
    <p class='ocr_par' dir='ltr' id='par_1_69' title="bbox 2005 2173 3651 2245">
     <span class='ocr_line' id='line_1_69' title="bbox 2005 2173 3651 2245; baseline 0.001 -18"><span class='ocrx_word' id='word_1_496' title='bbox 2005 2174 2090 2240; x_wconf 85' lang='grc'>18)</span> <span class='ocrx_word' id='word_1_497' title='bbox 2117 2192 2153 2240; x_wconf 86' lang='lat'>;.</span> <span class='ocrx_word' id='word_1_498' title='bbox 2185 2196 2211 2223; x_wconf 83' lang='lat'>»</span> <span class='ocrx_word' id='word_1_499' title='bbox 2235 2190 2484 2245; x_wconf 89' lang='lat' dir='ltr'>quarum</span> <span class='ocrx_word' id='word_1_500' title='bbox 2508 2173 2711 2228; x_wconf 90' lang='lat' dir='ltr'>caudis</span> <span class='ocrx_word' id='word_1_501' title='bbox 2731 2173 2926 2245; x_wconf 87' lang='lat' dir='ltr'>ignem</span> <span class='ocrx_word' id='word_1_502' title='bbox 2950 2190 3067 2228; x_wconf 77' lang='lat' dir='ltr'>suae</span> <span class='ocrx_word' id='word_1_503' title='bbox 3090 2173 3436 2245; x_wconf 89' lang='lat' dir='ltr'>perditionis</span> <span class='ocrx_word' id='word_1_504' title='bbox 3459 2173 3651 2229; x_wconf 89' lang='lat' dir='ltr'>inesse</span> 
     </span>
    </p>
   </div>
   <div class='ocr_carea' id='block_1_70' title="bbox 2003 2261 3652 2334">
    <p class='ocr_par' dir='ltr' id='par_1_70' title="bbox 2003 2261 3652 2334">
     <span class='ocr_line' id='line_1_70' title="bbox 2003 2261 3652 2334; baseline 0.002 -19"><span class='ocrx_word' id='word_1_505' title='bbox 2003 2262 2432 2329; x_wconf 88' lang='lat' dir='ltr'>demonstrans,</span> <span class='ocrx_word' id='word_1_506' title='bbox 2471 2261 2809 2334; x_wconf 86' lang='lat' dir='ltr'>subjungit:</span> <span class='ocrx_word' id='word_1_507' title='bbox 2848 2286 2875 2311; x_wconf 83' lang='lat'><strong><em>«</em></strong></span> <span class='ocrx_word' id='word_1_508' title='bbox 2909 2265 3167 2326; x_wconf 90' lang='lat' dir='ltr'>Quorum</span> <span class='ocrx_word' id='word_1_509' title='bbox 3211 2261 3344 2317; x_wconf 90' lang='lat' dir='ltr'>ﬁnis</span> <span class='ocrx_word' id='word_1_510' title='bbox 3376 2261 3652 2318; x_wconf 84' lang='lat' dir='ltr'>interitus</span> 
     </span>
    </p>
   </div>
   <div class='ocr_carea' id='block_1_71' title="bbox 2003 2349 3651 2424">
    <p class='ocr_par' dir='ltr' id='par_1_71' title="bbox 2003 2349 3651 2424">
     <span class='ocr_line' id='line_1_71' title="bbox 2003 2349 3651 2424; baseline 0 -20"><span class='ocrx_word' id='word_1_511' title='bbox 2003 2350 2184 2420; x_wconf 58' lang='lat'>(10121.,</span> <span class='ocrx_word' id='word_1_512' title='bbox 2221 2351 2322 2421; x_wconf 83' lang='lat'>19).</span> <span class='ocrx_word' id='word_1_513' title='bbox 2365 2373 2384 2400; x_wconf 71' lang='grc' dir='ltr'><strong>η</strong></span> <span class='ocrx_word' id='word_1_514' title='bbox 2422 2351 2660 2416; x_wconf 88' lang='lat' dir='ltr'>Deinde,</span> <span class='ocrx_word' id='word_1_515' title='bbox 2714 2355 2777 2404; x_wconf 92' lang='lat' dir='ltr'>ut</span> <span class='ocrx_word' id='word_1_516' title='bbox 2827 2351 3150 2424; x_wconf 81' lang='lat' dir='ltr'>physiologi</span> <span class='ocrx_word' id='word_1_517' title='bbox 3202 2354 3495 2418; x_wconf 89' lang='lat' dir='ltr'>astruunt,</span> <span class='ocrx_word' id='word_1_518' title='bbox 3522 2349 3651 2406; x_wconf 90' lang='lat' dir='ltr'>vul-</span> 
     </span>
    </p>
   </div>
   <div class='ocr_carea' id='block_1_72' title="bbox 2003 2438 3649 2511">
    <p class='ocr_par' dir='ltr' id='par_1_72' title="bbox 2003 2438 3649 2511">
     <span class='ocr_line' id='line_1_72' title="bbox 2003 2438 3649 2511; baseline 0.001 -18"><span class='ocrx_word' id='word_1_519' title='bbox 2003 2455 2104 2509; x_wconf 88' lang='lat' dir='ltr'>pes</span> <span class='ocrx_word' id='word_1_520' title='bbox 2126 2439 2391 2494; x_wconf 87' lang='lat' dir='ltr'>famelica</span> <span class='ocrx_word' id='word_1_521' title='bbox 2409 2439 2466 2493; x_wconf 93' lang='lat' dir='ltr'>in</span> <span class='ocrx_word' id='word_1_522' title='bbox 2490 2438 2681 2494; x_wconf 87' lang='lat' dir='ltr'>locum</span> <span class='ocrx_word' id='word_1_523' title='bbox 2706 2438 3043 2510; x_wconf 88' lang='lat' dir='ltr'>squalidum</span> <span class='ocrx_word' id='word_1_524' title='bbox 3068 2455 3128 2494; x_wconf 91' lang='lat' dir='ltr'>se</span> <span class='ocrx_word' id='word_1_525' title='bbox 3147 2438 3398 2511; x_wconf 78' lang='lat' dir='ltr'>proiicit,</span> <span class='ocrx_word' id='word_1_526' title='bbox 3421 2442 3477 2494; x_wconf 88' lang='lat' dir='ltr'>et</span> <span class='ocrx_word' id='word_1_527' title='bbox 3494 2455 3649 2494; x_wconf 92' lang='lat' dir='ltr'>mor-</span> 
     </span>
    </p>
   </div>
   <div class='ocr_carea' id='block_1_73' title="bbox 2003 2525 3648 2599">
    <p class='ocr_par' dir='ltr' id='par_1_73' title="bbox 2003 2525 3648 2599">
     <span class='ocr_line' id='line_1_73' title="bbox 2003 2525 3648 2599; baseline 0.001 -19"><span class='ocrx_word' id='word_1_528' title='bbox 2003 2530 2168 2581; x_wconf 89' lang='lat' dir='ltr'>tuam</span> <span class='ocrx_word' id='word_1_529' title='bbox 2201 2526 2386 2599; x_wconf 89' lang='lat' dir='ltr'>ﬁngit,</span> <span class='ocrx_word' id='word_1_530' title='bbox 2417 2527 2618 2597; x_wconf 89' lang='lat' dir='ltr'>sicque</span> <span class='ocrx_word' id='word_1_531' title='bbox 2648 2544 2779 2582; x_wconf 88' lang='lat' dir='ltr'>aves</span> <span class='ocrx_word' id='word_1_532' title='bbox 2813 2526 2962 2582; x_wconf 91' lang='lat' dir='ltr'>male</span> <span class='ocrx_word' id='word_1_533' title='bbox 3011 2526 3277 2582; x_wconf 86' lang='lat' dir='ltr'>credulas</span> <span class='ocrx_word' id='word_1_534' title='bbox 3312 2526 3507 2582; x_wconf 88' lang='lat' dir='ltr'>subito</span> <span class='ocrx_word' id='word_1_535' title='bbox 3535 2525 3648 2582; x_wconf 90' lang='lat' dir='ltr'>sibi</span> 
     </span>
    </p>
   </div>
   <div class='ocr_carea' id='block_1_74' title="bbox 2005 2615 3648 2686">
    <p class='ocr_par' dir='ltr' id='par_1_74' title="bbox 2005 2615 3648 2686">
     <span class='ocr_line' id='line_1_74' title="bbox 2005 2615 3648 2686; baseline 0.001 -16"><span class='ocrx_word' id='word_1_536' title='bbox 2005 2615 2209 2686; x_wconf 86' lang='lat' dir='ltr'>arripit</span> <span class='ocrx_word' id='word_1_537' title='bbox 2229 2620 2284 2670; x_wconf 90' lang='lat' dir='ltr'>et</span> <span class='ocrx_word' id='word_1_538' title='bbox 2299 2615 2526 2670; x_wconf 90' lang='lat' dir='ltr'>occidit.</span> <span class='ocrx_word' id='word_1_539' title='bbox 2553 2616 2713 2679; x_wconf 88' lang='lat' dir='ltr'>Quod</span> <span class='ocrx_word' id='word_1_540' title='bbox 2739 2621 2968 2670; x_wconf 88' lang='lat' dir='ltr'>constat</span> <span class='ocrx_word' id='word_1_541' title='bbox 3005 2632 3430 2686; x_wconf 89' lang='lat' dir='ltr'>nonnunquam</span> <span class='ocrx_word' id='word_1_542' title='bbox 3459 2616 3648 2671; x_wconf 88' lang='lat' dir='ltr'>facere</span> 
     </span>
    </p>
   </div>
   <div class='ocr_carea' id='block_1_75' title="bbox 2002 2703 3643 2776">
    <p class='ocr_par' dir='ltr' id='par_1_75' title="bbox 2002 2703 3643 2776">
     <span class='ocr_line' id='line_1_75' title="bbox 2002 2703 3643 2776; baseline 0 -18"><span class='ocrx_word' id='word_1_543' title='bbox 2002 2703 2318 2771; x_wconf 69' lang='lat' dir='ltr'>haereticos,</span> <span class='ocrx_word' id='word_1_544' title='bbox 2354 2705 2793 2776; x_wconf 88' lang='lat' dir='ltr'>qui,terrenum</span> <span class='ocrx_word' id='word_1_545' title='bbox 2817 2704 3044 2760; x_wconf 92' lang='lat' dir='ltr'>lucrum</span> <span class='ocrx_word' id='word_1_546' title='bbox 3069 2709 3168 2759; x_wconf 89' lang='lat' dir='ltr'>aut</span> <span class='ocrx_word' id='word_1_547' title='bbox 3198 2705 3539 2776; x_wconf 89' lang='lat' dir='ltr'>popularem</span> <span class='ocrx_word' id='word_1_548' title='bbox 3559 2705 3643 2758; x_wconf 87' lang='lat' dir='ltr'>fa-</span> 
     </span>
    </p>
   </div>
   <div class='ocr_carea' id='block_1_76' title="bbox 2000 2792 3645 2863">
    <p class='ocr_par' dir='ltr' id='par_1_76' title="bbox 2000 2792 3645 2863">
     <span class='ocr_line' id='line_1_76' title="bbox 2000 2792 3645 2863; baseline 0.001 -18"><span class='ocrx_word' id='word_1_549' title='bbox 2000 2808 2194 2846; x_wconf 91' lang='lat' dir='ltr'>vorem</span> <span class='ocrx_word' id='word_1_550' title='bbox 2227 2792 2570 2860; x_wconf 88' lang='lat' dir='ltr'>esurientes,</span> <span class='ocrx_word' id='word_1_551' title='bbox 2608 2798 2869 2848; x_wconf 88' lang='lat' dir='ltr'>mortuos</span> <span class='ocrx_word' id='word_1_552' title='bbox 2905 2810 2964 2848; x_wconf 89' lang='lat' dir='ltr'>se</span> <span class='ocrx_word' id='word_1_553' title='bbox 2991 2793 3125 2847; x_wconf 89' lang='lat' dir='ltr'>huic</span> <span class='ocrx_word' id='word_1_554' title='bbox 3145 2793 3365 2847; x_wconf 91' lang='lat' dir='ltr'>mundo</span> <span class='ocrx_word' id='word_1_555' title='bbox 3390 2792 3645 2863; x_wconf 90' lang='lat' dir='ltr'>quadam</span> 
     </span>
    </p>
   </div>
   <div class='ocr_carea' id='block_1_77' title="bbox 2003 2880 3644 2952">
    <p class='ocr_par' dir='ltr' id='par_1_77' title="bbox 2003 2880 3644 2952">
     <span class='ocr_line' id='line_1_77' title="bbox 2003 2880 3644 2952; baseline 0.001 -18"><span class='ocrx_word' id='word_1_556' title='bbox 2003 2881 2359 2936; x_wconf 88' lang='lat' dir='ltr'>continentia</span> <span class='ocrx_word' id='word_1_557' title='bbox 2389 2881 2694 2948; x_wconf 87' lang='lat' dir='ltr'>simulant,</span> <span class='ocrx_word' id='word_1_558' title='bbox 2727 2886 2783 2936; x_wconf 87' lang='lat' dir='ltr'>et</span> <span class='ocrx_word' id='word_1_559' title='bbox 2814 2881 3041 2936; x_wconf 90' lang='lat' dir='ltr'>animas</span> <span class='ocrx_word' id='word_1_560' title='bbox 3085 2880 3342 2936; x_wconf 89' lang='lat' dir='ltr'>volantes</span> <span class='ocrx_word' id='word_1_561' title='bbox 3383 2881 3644 2952; x_wconf 89' lang='lat' dir='ltr'>quidem,</span> 
     </span>
    </p>
   </div>
   <div class='ocr_carea' id='block_1_78' title="bbox 2003 2967 3644 3041">
    <p class='ocr_par' dir='ltr' id='par_1_78' title="bbox 2003 2967 3644 3041">
     <span class='ocr_line' id='line_1_78' title="bbox 2003 2967 3644 3041; baseline 0.001 -18"><span class='ocrx_word' id='word_1_562' title='bbox 2003 2969 2103 3023; x_wconf 90' lang='lat' dir='ltr'>sed</span> <span class='ocrx_word' id='word_1_563' title='bbox 2133 2967 2324 3023; x_wconf 89' lang='lat' dir='ltr'>adhuc</span> <span class='ocrx_word' id='word_1_564' title='bbox 2357 2969 2640 3035; x_wconf 90' lang='lat' dir='ltr'>carnales,</span> <span class='ocrx_word' id='word_1_565' title='bbox 2684 2986 2918 3024; x_wconf 91' lang='lat' dir='ltr'>securas</span> <span class='ocrx_word' id='word_1_566' title='bbox 2969 2968 3356 3041; x_wconf 90' lang='lat' dir='ltr'>periculorum</span> <span class='ocrx_word' id='word_1_567' title='bbox 3389 2969 3644 3036; x_wconf 74' lang='lat' dir='ltr'>effectae,</span> 
     </span>
    </p>
   </div>
   <div class='ocr_carea' id='block_1_79' title="bbox 2000 3057 3646 3130">
    <p class='ocr_par' dir='ltr' id='par_1_79' title="bbox 2000 3057 3646 3130">
     <span class='ocr_line' id='line_1_79' title="bbox 2000 3057 3646 3130; baseline 0 -18"><span class='ocrx_word' id='word_1_568' title='bbox 2000 3074 2109 3112; x_wconf 89' lang='lat' dir='ltr'>sua</span> <span class='ocrx_word' id='word_1_569' title='bbox 2139 3057 2382 3129; x_wconf 88' lang='lat' dir='ltr'>perﬁdia</span> <span class='ocrx_word' id='word_1_570' title='bbox 2411 3057 2803 3130; x_wconf 88' lang='lat' dir='ltr'>strangulant,</span> <span class='ocrx_word' id='word_1_571' title='bbox 2829 3062 2886 3112; x_wconf 92' lang='lat' dir='ltr'>et</span> <span class='ocrx_word' id='word_1_572' title='bbox 2909 3058 3206 3113; x_wconf 89' lang='lat' dir='ltr'>diabolum</span> <span class='ocrx_word' id='word_1_573' title='bbox 3231 3074 3431 3113; x_wconf 82' lang='lat' dir='ltr'>secum</span> <span class='ocrx_word' id='word_1_574' title='bbox 3456 3057 3646 3112; x_wconf 88' lang='lat' dir='ltr'>incor-</span> 
     </span>
    </p>
   </div>
   <div class='ocr_carea' id='block_1_80' title="bbox 2001 3145 3650 3217">
    <p class='ocr_par' dir='ltr' id='par_1_80' title="bbox 2001 3145 3650 3217">
     <span class='ocr_line' id='line_1_80' title="bbox 2001 3145 3650 3217; baseline 0 -17"><span class='ocrx_word' id='word_1_575' title='bbox 2001 3148 2228 3216; x_wconf 90' lang='lat' dir='ltr'>porant.</span> <span class='ocrx_word' id='word_1_576' title='bbox 2254 3146 2331 3199; x_wconf 77' lang='lat' dir='ltr'><strong>Ex</strong></span> <span class='ocrx_word' id='word_1_577' title='bbox 2371 3145 2586 3216; x_wconf 91' lang='lat' dir='ltr'>quibus</span> <span class='ocrx_word' id='word_1_578' title='bbox 2619 3145 2796 3201; x_wconf 89' lang='lat' dir='ltr'>etiam</span> <span class='ocrx_word' id='word_1_579' title='bbox 2839 3146 3092 3201; x_wconf 88' lang='lat' dir='ltr'>Herodes</span> <span class='ocrx_word' id='word_1_580' title='bbox 3142 3146 3384 3214; x_wconf 89' lang='lat' dir='ltr'>exstitit,</span> <span class='ocrx_word' id='word_1_581' title='bbox 3417 3145 3516 3217; x_wconf 92' lang='lat' dir='ltr'>qui</span> <span class='ocrx_word' id='word_1_582' title='bbox 3542 3145 3650 3200; x_wconf 88' lang='lat' dir='ltr'>ﬁn-</span> 
     </span>
    </p>
   </div>
   <div class='ocr_carea' id='block_1_81' title="bbox 2003 3233 3649 3306">
    <p class='ocr_par' dir='ltr' id='par_1_81' title="bbox 2003 3233 3649 3306">
     <span class='ocr_line' id='line_1_81' title="bbox 2003 3233 3649 3306; baseline 0 -18"><span class='ocrx_word' id='word_1_583' title='bbox 2003 3234 2176 3306; x_wconf 91' lang='lat' dir='ltr'>gebat</span> <span class='ocrx_word' id='word_1_584' title='bbox 2197 3250 2258 3289; x_wconf 91' lang='lat' dir='ltr'>se</span> <span class='ocrx_word' id='word_1_585' title='bbox 2278 3234 2480 3288; x_wconf 91' lang='lat' dir='ltr'>Jesum</span> <span class='ocrx_word' id='word_1_586' title='bbox 2496 3234 2799 3306; x_wconf 90' lang='lat' dir='ltr'>signorum</span> <span class='ocrx_word' id='word_1_587' title='bbox 2815 3234 3001 3306; x_wconf 89' lang='lat' dir='ltr'>gratia</span> <span class='ocrx_word' id='word_1_588' title='bbox 3019 3251 3227 3306; x_wconf 89' lang='lat' dir='ltr'>cupere</span> <span class='ocrx_word' id='word_1_589' title='bbox 3239 3233 3454 3301; x_wconf 91' lang='lat' dir='ltr'>videre,</span> <span class='ocrx_word' id='word_1_590' title='bbox 3474 3249 3649 3304; x_wconf 91' lang='lat' dir='ltr'>quem</span> 
     </span>
    </p>
   </div>
   <div class='ocr_carea' id='block_1_82' title="bbox 2005 3321 3648 3394">
    <p class='ocr_par' dir='ltr' id='par_1_82' title="bbox 2005 3321 3648 3394">
     <span class='ocr_line' id='line_1_82' title="bbox 2005 3321 3648 3394; baseline 0.001 -18"><span class='ocrx_word' id='word_1_591' title='bbox 2005 3323 2283 3393; x_wconf 90' lang='lat' dir='ltr'>querebat</span> <span class='ocrx_word' id='word_1_592' title='bbox 2303 3321 2580 3378; x_wconf 88' lang='lat' dir='ltr'>occidere.</span> <span class='ocrx_word' id='word_1_593' title='bbox 2607 3323 2768 3378; x_wconf 86' lang='lat' dir='ltr'>Unde</span> <span class='ocrx_word' id='word_1_594' title='bbox 2803 3328 2859 3377; x_wconf 91' lang='lat' dir='ltr'>et</span> <span class='ocrx_word' id='word_1_595' title='bbox 2900 3323 3023 3394; x_wconf 90' lang='lat' dir='ltr'>ipse</span> <span class='ocrx_word' id='word_1_596' title='bbox 3061 3323 3348 3378; x_wconf 91' lang='lat' dir='ltr'>Dominus</span> <span class='ocrx_word' id='word_1_597' title='bbox 3388 3322 3499 3377; x_wconf 91' lang='lat' dir='ltr'>sibi</span> <span class='ocrx_word' id='word_1_598' title='bbox 3539 3321 3648 3378; x_wconf 89' lang='lat' dir='ltr'>hoc</span> 
     </span>
    </p>
   </div>
   <div class='ocr_carea' id='block_1_83' title="bbox 2005 3409 3644 3484">
    <p class='ocr_par' dir='ltr' id='par_1_83' title="bbox 2005 3409 3644 3484">
     <span class='ocr_line' id='line_1_83' title="bbox 2005 3409 3644 3484; baseline 0.001 -20"><span class='ocrx_word' id='word_1_599' title='bbox 2005 3409 2476 3466; x_wconf 89' lang='lat' dir='ltr'>renuntiantibus</span> <span class='ocrx_word' id='word_1_600' title='bbox 2496 3412 2794 3484; x_wconf 90' lang='lat' dir='ltr'>respondit</span> <span class='ocrx_word' id='word_1_601' title='bbox 2813 3430 2865 3466; x_wconf 88' lang='grc'>;‹‹</span> <span class='ocrx_word' id='word_1_602' title='bbox 2894 3412 2991 3476; x_wconf 90' lang='lat' dir='ltr'>Ite,</span> <span class='ocrx_word' id='word_1_603' title='bbox 3017 3411 3191 3466; x_wconf 89' lang='lat' dir='ltr'>dicite</span> <span class='ocrx_word' id='word_1_604' title='bbox 3212 3410 3369 3482; x_wconf 92' lang='lat' dir='ltr'>vulpi</span> <span class='ocrx_word' id='word_1_605' title='bbox 3394 3409 3475 3464; x_wconf 92' lang='lat' dir='ltr'>illi</span> <span class='ocrx_word' id='word_1_606' title='bbox 3496 3411 3644 3481; x_wconf 82' lang='lat' dir='ltr'>(Luc.</span> 
     </span>
    </p>
   </div>
   <div class='ocr_carea' id='block_1_84' title="bbox 2005 3499 3651 3570">
    <p class='ocr_par' dir='ltr' id='par_1_84' title="bbox 2005 3499 3651 3570">
     <span class='ocr_line' id='line_1_84' title="bbox 2005 3499 3651 3570; baseline 0 -16"><span class='ocrx_word' id='word_1_607' title='bbox 2005 3517 2128 3566; x_wconf 85' lang='lat' dir='ltr'>xm,</span> <span class='ocrx_word' id='word_1_608' title='bbox 2152 3499 2264 3570; x_wconf 80' lang='lat'>32),</span> <span class='ocrx_word' id='word_1_609' title='bbox 2293 3522 2319 3546; x_wconf 83' lang='grc'>››</span> <span class='ocrx_word' id='word_1_610' title='bbox 2340 3501 2494 3570; x_wconf 87' lang='lat' dir='ltr'>quod</span> <span class='ocrx_word' id='word_1_611' title='bbox 2531 3499 2823 3556; x_wconf 85' lang='lat' dir='ltr'>evidenter</span> <span class='ocrx_word' id='word_1_612' title='bbox 2863 3500 2926 3554; x_wconf 91' lang='lat' dir='ltr'>in</span> <span class='ocrx_word' id='word_1_613' title='bbox 2968 3500 3247 3555; x_wconf 88' lang='lat' dir='ltr'>Passione</span> <span class='ocrx_word' id='word_1_614' title='bbox 3269 3502 3651 3567; x_wconf 89' lang='lat' dir='ltr'>monstratur,</span> 
     </span>
    </p>
   </div>
   <div class='ocr_carea' id='block_1_85' title="bbox 2007 3587 3650 3659">
    <p class='ocr_par' dir='ltr' id='par_1_85' title="bbox 2007 3587 3650 3659">
     <span class='ocr_line' id='line_1_85' title="bbox 2007 3587 3650 3659; baseline -0.001 -16"><span class='ocrx_word' id='word_1_615' title='bbox 2007 3589 2106 3643; x_wconf 92' lang='lat' dir='ltr'>ubi</span> <span class='ocrx_word' id='word_1_616' title='bbox 2126 3588 2297 3643; x_wconf 87' lang='lat' dir='ltr'>Jesus</span> <span class='ocrx_word' id='word_1_617' title='bbox 2321 3587 2527 3644; x_wconf 89' lang='lat' dir='ltr'>illusus</span> <span class='ocrx_word' id='word_1_618' title='bbox 2557 3593 2612 3644; x_wconf 91' lang='lat' dir='ltr'>et</span> <span class='ocrx_word' id='word_1_619' title='bbox 2647 3593 2878 3659; x_wconf 83' lang='lat' dir='ltr'>spretus</span> <span class='ocrx_word' id='word_1_620' title='bbox 2896 3589 2966 3642; x_wconf 92' lang='lat' dir='ltr'>ab</span> <span class='ocrx_word' id='word_1_621' title='bbox 2984 3587 3105 3656; x_wconf 89' lang='lat' dir='ltr'>illo,</span> <span class='ocrx_word' id='word_1_622' title='bbox 3127 3587 3468 3644; x_wconf 91' lang='lat' dir='ltr'>etuniverso</span> <span class='ocrx_word' id='word_1_623' title='bbox 3491 3603 3650 3643; x_wconf 83' lang='lat' dir='ltr'>exer-</span> 
     </span>
    </p>
   </div>
   <div class='ocr_carea' id='block_1_86' title="bbox 2009 3676 3081 3748">
    <p class='ocr_par' dir='ltr' id='par_1_86' title="bbox 2009 3676 3081 3748">
     <span class='ocr_line' id='line_1_86' title="bbox 2009 3676 3081 3748; baseline -0.002 -15"><span class='ocrx_word' id='word_1_624' title='bbox 2009 3677 2127 3733; x_wconf 90' lang='lat' dir='ltr'>citu</span> <span class='ocrx_word' id='word_1_625' title='bbox 2159 3679 2289 3748; x_wconf 87' lang='lat' dir='ltr'>ejus</span> <span class='ocrx_word' id='word_1_626' title='bbox 2322 3681 2593 3732; x_wconf 87' lang='lat' dir='ltr'>narratur</span> <span class='ocrx_word' id='word_1_627' title='bbox 2621 3678 2750 3747; x_wconf 80' lang='lat' dir='ltr'>(Luc</span> <span class='ocrx_word' id='word_1_628' title='bbox 2778 3695 2940 3743; x_wconf 80' lang='lat' dir='ltr'>xxm,</span> <span class='ocrx_word' id='word_1_629' title='bbox 2971 3676 3081 3748; x_wconf 83' lang='grc' dir='ltr'>Η).</span> 
     </span>
    </p>
   </div>
   <div class='ocr_carea' id='block_1_87' title="bbox 2597 3764 3067 3819">
    <p class='ocr_par' dir='ltr' id='par_1_87' title="bbox 2597 3764 3067 3819">
     <span class='ocr_line' id='line_1_87' title="bbox 2597 3764 3067 3819; baseline -0.004 0"><span class='ocrx_word' id='word_1_630' title='bbox 2597 3765 2833 3819; x_wconf 85' lang='lat' dir='ltr'>CAPUT</span> <span class='ocrx_word' id='word_1_631' title='bbox 2877 3764 3067 3818; x_wconf 77' lang='lat' dir='ltr'>XXIV&#39;</span> 
     </span>
    </p>
   </div>
   <div class='ocr_carea' id='block_1_88' title="bbox 2215 3852 3446 3909">
    <p class='ocr_par' dir='ltr' id='par_1_88' title="bbox 2215 3852 3446 3909">
     <span class='ocr_line' id='line_1_88' title="bbox 2215 3852 3446 3909; baseline -0.004 0"><span class='ocrx_word' id='word_1_632' title='bbox 2215 3854 2442 3909; x_wconf 79' lang='lat' dir='ltr'>Collatia</span> <span class='ocrx_word' id='word_1_633' title='bbox 2475 3856 2696 3908; x_wconf 81' lang='lat' dir='ltr'>actuum</span> <span class='ocrx_word' id='word_1_634' title='bbox 2722 3853 2880 3907; x_wconf 70' lang='lat' dir='ltr'>Judas</span> <span class='ocrx_word' id='word_1_635' title='bbox 2909 3857 2958 3907; x_wconf 80' lang='lat' dir='ltr'>et</span> <span class='ocrx_word' id='word_1_636' title='bbox 2990 3852 3446 3907; x_wconf 82' lang='lat' dir='ltr'>Sz&#39;mom&#39;acorum.</span> 
     </span>
    </p>
   </div>
   <div class='ocr_carea' id='block_1_89' title="bbox 2079 3938 3657 4012">
    <p class='ocr_par' dir='ltr' id='par_1_89' title="bbox 2079 3938 3657 4012">
     <span class='ocr_line' id='line_1_89' title="bbox 2079 3938 3657 4012; baseline -0.002 -14"><span class='ocrx_word' id='word_1_637' title='bbox 2079 3943 2190 3998; x_wconf 90' lang='lat' dir='ltr'>Sed</span> <span class='ocrx_word' id='word_1_638' title='bbox 2238 3941 2373 3996; x_wconf 91' lang='lat' dir='ltr'>hinc</span> <span class='ocrx_word' id='word_1_639' title='bbox 2419 3943 2545 4012; x_wconf 90' lang='lat' dir='ltr'>jam</span> <span class='ocrx_word' id='word_1_640' title='bbox 2606 3941 2782 3994; x_wconf 89' lang='lat' dir='ltr'>ﬁnem</span> <span class='ocrx_word' id='word_1_641' title='bbox 2825 3938 3193 4011; x_wconf 87' lang='lat' dir='ltr'>proditionis,</span> <span class='ocrx_word' id='word_1_642' title='bbox 3246 3943 3301 3994; x_wconf 91' lang='lat' dir='ltr'>et</span> <span class='ocrx_word' id='word_1_643' title='bbox 3344 3938 3657 4012; x_wconf 85' lang='lat' dir='ltr'>proditoris</span> 
     </span>
    </p>
   </div>
   <div class='ocr_carea' id='block_1_90' title="bbox 2011 4027 3659 4095">
    <p class='ocr_par' dir='ltr' id='par_1_90' title="bbox 2011 4027 3659 4095">
     <span class='ocr_line' id='line_1_90' title="bbox 2011 4027 3659 4095; baseline 0 -9"><span class='ocrx_word' id='word_1_644' title='bbox 2011 4030 2224 4086; x_wconf 89' lang='lat' dir='ltr'>Christi</span> <span class='ocrx_word' id='word_1_645' title='bbox 2253 4029 2712 4095; x_wconf 88' lang='lat' dir='ltr'>consideremus,</span> <span class='ocrx_word' id='word_1_646' title='bbox 2747 4032 2802 4083; x_wconf 92' lang='lat' dir='ltr'>et</span> <span class='ocrx_word' id='word_1_647' title='bbox 2831 4045 2897 4083; x_wconf 83' lang='lat' dir='ltr'>ex</span> <span class='ocrx_word' id='word_1_648' title='bbox 2928 4027 3238 4084; x_wconf 91' lang='lat' dir='ltr'>collatione</span> <span class='ocrx_word' id='word_1_649' title='bbox 3270 4027 3430 4084; x_wconf 91' lang='lat' dir='ltr'>illius</span> <span class='ocrx_word' id='word_1_650' title='bbox 3461 4033 3659 4086; x_wconf 87' lang='lat' dir='ltr'>actum</span> 
     </span>
    </p>
   </div>
   <div class='ocr_carea' id='block_1_91' title="bbox 2011 4115 3660 4190">
    <p class='ocr_par' dir='ltr' id='par_1_91' title="bbox 2011 4115 3660 4190">
     <span class='ocr_line' id='line_1_91' title="bbox 2011 4115 3660 4190; baseline -0.001 -16"><span class='ocrx_word' id='word_1_651' title='bbox 2011 4123 2068 4174; x_wconf 92' lang='lat' dir='ltr'>et</span> <span class='ocrx_word' id='word_1_652' title='bbox 2097 4117 2372 4172; x_wconf 89' lang='lat' dir='ltr'>meritum</span> <span class='ocrx_word' id='word_1_653' title='bbox 2406 4115 2767 4188; x_wconf 91' lang='lat' dir='ltr'>proditorum</span> <span class='ocrx_word' id='word_1_654' title='bbox 2814 4116 3067 4188; x_wconf 88' lang='lat' dir='ltr'>Spiritus</span> <span class='ocrx_word' id='word_1_655' title='bbox 3113 4116 3296 4172; x_wconf 82' lang='lat' dir='ltr'>sancti</span> <span class='ocrx_word' id='word_1_656' title='bbox 3339 4118 3660 4190; x_wconf 86' lang='lat' dir='ltr'>perpenda-</span> 
     </span>
    </p>
   </div>
   <div class='ocr_carea' id='block_1_92' title="bbox 2013 4205 3664 4278">
    <p class='ocr_par' dir='ltr' id='par_1_92' title="bbox 2013 4205 3664 4278">
     <span class='ocr_line' id='line_1_92' title="bbox 2013 4205 3664 4278; baseline 0 -17"><span class='ocrx_word' id='word_1_657' title='bbox 2013 4224 2164 4261; x_wconf 90' lang='lat' dir='ltr'>mus.</span> <span class='ocrx_word' id='word_1_658' title='bbox 2189 4207 2373 4261; x_wconf 89' lang='lat' dir='ltr'>Judas</span> <span class='ocrx_word' id='word_1_659' title='bbox 2397 4208 2685 4260; x_wconf 89' lang='lat' dir='ltr'>mercator</span> <span class='ocrx_word' id='word_1_660' title='bbox 2704 4205 3000 4276; x_wconf 88' lang='lat' dir='ltr'>pessimus</span> <span class='ocrx_word' id='word_1_661' title='bbox 3019 4206 3143 4262; x_wconf 91' lang='lat' dir='ltr'>suis</span> <span class='ocrx_word' id='word_1_662' title='bbox 3161 4206 3353 4278; x_wconf 90' lang='lat' dir='ltr'>inquit</span> <span class='ocrx_word' id='word_1_663' title='bbox 3369 4205 3664 4278; x_wconf 79' lang='lat' dir='ltr'>complici-</span> 
     </span>
    </p>
   </div>
   <div class='ocr_carea' id='block_1_93' title="bbox 2014 4294 3664 4368">
    <p class='ocr_par' dir='ltr' id='par_1_93' title="bbox 2014 4294 3664 4368">
     <span class='ocr_line' id='line_1_93' title="bbox 2014 4294 3664 4368; baseline 0 -18"><span class='ocrx_word' id='word_1_664' title='bbox 2014 4297 2124 4350; x_wconf 91' lang='lat' dir='ltr'>bus</span> <span class='ocrx_word' id='word_1_665' title='bbox 2151 4312 2162 4350; x_wconf 93' lang='lat'><strong>:</strong></span> <span class='ocrx_word' id='word_1_666' title='bbox 2194 4318 2219 4344; x_wconf 89' lang='grc'>‹‹</span> <span class='ocrx_word' id='word_1_667' title='bbox 2249 4296 2666 4366; x_wconf 88' lang='lat' dir='ltr'>Quemcunque</span> <span class='ocrx_word' id='word_1_668' title='bbox 2686 4294 2984 4351; x_wconf 90' lang='lat' dir='ltr'>osculatus</span> <span class='ocrx_word' id='word_1_669' title='bbox 3001 4297 3179 4363; x_wconf 91' lang='lat' dir='ltr'>fuero,</span> <span class='ocrx_word' id='word_1_670' title='bbox 3203 4297 3325 4368; x_wconf 91' lang='lat' dir='ltr'>ipse</span> <span class='ocrx_word' id='word_1_671' title='bbox 3347 4300 3455 4361; x_wconf 91' lang='lat' dir='ltr'>est,</span> <span class='ocrx_word' id='word_1_672' title='bbox 3475 4299 3664 4350; x_wconf 89' lang='lat' dir='ltr'>tenete</span> 
     </span>
    </p>
   </div>
   <div class='ocr_carea' id='block_1_94' title="bbox 2015 4382 3664 4456">
    <p class='ocr_par' dir='ltr' id='par_1_94' title="bbox 2015 4382 3664 4456">
     <span class='ocr_line' id='line_1_94' title="bbox 2015 4382 3664 4456; baseline -0.002 -16"><span class='ocrx_word' id='word_1_673' title='bbox 2015 4402 2173 4451; x_wconf 87' lang='lat' dir='ltr'>eum,</span> <span class='ocrx_word' id='word_1_674' title='bbox 2200 4389 2256 4439; x_wconf 93' lang='lat' dir='ltr'>et</span> <span class='ocrx_word' id='word_1_675' title='bbox 2286 4384 2481 4438; x_wconf 92' lang='lat' dir='ltr'>ducite</span> <span class='ocrx_word' id='word_1_676' title='bbox 2512 4389 2679 4439; x_wconf 91' lang='lat' dir='ltr'>caute</span> <span class='ocrx_word' id='word_1_677' title='bbox 2713 4385 2918 4456; x_wconf 76' lang='lat' dir='ltr'>(Matth.</span> <span class='ocrx_word' id='word_1_678' title='bbox 2958 4402 3109 4452; x_wconf 78' lang='lat' dir='ltr'>xxvi,</span> <span class='ocrx_word' id='word_1_679' title='bbox 3146 4387 3254 4454; x_wconf 71' lang='lat'>48).</span> <span class='ocrx_word' id='word_1_680' title='bbox 3292 4407 3318 4431; x_wconf 86' lang='grc'><strong>››</strong></span> <span class='ocrx_word' id='word_1_681' title='bbox 3349 4382 3664 4437; x_wconf 92' lang='lat' dir='ltr'>Simoniaci</span> 
     </span>
    </p>
   </div>
   <div class='ocr_carea' id='block_1_95' title="bbox 2018 4472 3665 4544">
    <p class='ocr_par' dir='ltr' id='par_1_95' title="bbox 2018 4472 3665 4544">
     <span class='ocr_line' id='line_1_95' title="bbox 2018 4472 3665 4544; baseline -0.003 -15"><span class='ocrx_word' id='word_1_682' title='bbox 2018 4477 2212 4529; x_wconf 89' lang='lat' dir='ltr'>autem</span> <span class='ocrx_word' id='word_1_683' title='bbox 2264 4473 2387 4528; x_wconf 89' lang='lat' dir='ltr'>suis</span> <span class='ocrx_word' id='word_1_684' title='bbox 2440 4472 2859 4529; x_wconf 90' lang='lat' dir='ltr'>nihilominus:</span> <span class='ocrx_word' id='word_1_685' title='bbox 2933 4475 3346 4544; x_wconf 84' lang='lat' dir='ltr'>Cujuscunque</span> <span class='ocrx_word' id='word_1_686' title='bbox 3404 4475 3665 4525; x_wconf 90' lang='lat' dir='ltr'>vestrum</span> 
     </span>
    </p>
   </div>
   <div class='ocr_carea' id='block_1_96' title="bbox 243 4557 3666 4644">
    <p class='ocr_par' dir='ltr' id='par_1_96' title="bbox 243 4557 3666 4644">
     <span class='ocr_line' id='line_1_96' title="bbox 243 4557 3666 4644; baseline -0.001 -26"><span class='ocrx_word' id='word_1_687' title='bbox 243 4562 574 4629; x_wconf 88' lang='lat' dir='ltr'>habebant,</span> <span class='ocrx_word' id='word_1_688' title='bbox 599 4563 896 4618; x_wconf 86' lang='lat' dir='ltr'>amittunt.</span> <span class='ocrx_word' id='word_1_689' title='bbox 922 4563 1085 4618; x_wconf 91' lang='lat' dir='ltr'>Unde</span> <span class='ocrx_word' id='word_1_690' title='bbox 1117 4567 1171 4618; x_wconf 90' lang='lat' dir='ltr'>et</span> <span class='ocrx_word' id='word_1_691' title='bbox 1191 4561 1506 4617; x_wconf 91' lang='lat' dir='ltr'>Philistiim</span> <span class='ocrx_word' id='word_1_692' title='bbox 1529 4561 1908 4632; x_wconf 87' lang='lat' dir='ltr'>interpretan-</span> <span class='ocrx_word' id='word_1_693' title='bbox 1939 4578 1986 4644; x_wconf 85' lang='lat' dir='ltr'>D</span> <span class='ocrx_word' id='word_1_694' title='bbox 2018 4563 2236 4618; x_wconf 91' lang='lat' dir='ltr'>orando</span> <span class='ocrx_word' id='word_1_695' title='bbox 2267 4579 2479 4617; x_wconf 90' lang='lat' dir='ltr'>manus</span> <span class='ocrx_word' id='word_1_696' title='bbox 2519 4562 2994 4634; x_wconf 89' lang='lat' dir='ltr'>imposuerimus,</span> <span class='ocrx_word' id='word_1_697' title='bbox 3019 4578 3123 4616; x_wconf 92' lang='lat' dir='ltr'>nec</span> <span class='ocrx_word' id='word_1_698' title='bbox 3145 4575 3334 4614; x_wconf 90' lang='lat' dir='ltr'>mora:</span> <span class='ocrx_word' id='word_1_699' title='bbox 3365 4557 3596 4614; x_wconf 91' lang='lat' dir='ltr'>advenit</span> <span class='ocrx_word' id='word_1_700' title='bbox 3612 4557 3666 4614; x_wconf 85' lang='lat' dir='ltr'>ei</span> 
     </span>
    </p>
   </div>
   <div class='ocr_carea' id='block_1_97' title="bbox 245 4649 1912 4722">
    <p class='ocr_par' dir='ltr' id='par_1_97' title="bbox 245 4649 1912 4722">
     <span class='ocr_line' id='line_1_97' title="bbox 245 4649 1912 4722; baseline -0.003 -15"><span class='ocrx_word' id='word_1_701' title='bbox 245 4657 375 4719; x_wconf 89' lang='lat' dir='ltr'>tur,</span> <span class='ocrx_word' id='word_1_702' title='bbox 407 4666 499 4706; x_wconf 84' lang='lat' dir='ltr'>ore</span> <span class='ocrx_word' id='word_1_703' title='bbox 529 4650 616 4705; x_wconf 88' lang='lat' dir='ltr'>vel</span> <span class='ocrx_word' id='word_1_704' title='bbox 653 4653 846 4722; x_wconf 86' lang='lat' dir='ltr'>poculo</span> <span class='ocrx_word' id='word_1_705' title='bbox 892 4656 1225 4718; x_wconf 68' lang='lat' dir='ltr'>corruentrs,</span> <span class='ocrx_word' id='word_1_706' title='bbox 1283 4655 1348 4705; x_wconf 92' lang='lat' dir='ltr'>ut</span> <span class='ocrx_word' id='word_1_707' title='bbox 1398 4649 1788 4706; x_wconf 89' lang='lat' dir='ltr'>subaudiatur</span> <span class='ocrx_word' id='word_1_708' title='bbox 1815 4664 1912 4703; x_wconf 74' lang='lat' dir='ltr'>suo</span> 
     </span>
    </p>
   </div>
   <div class='ocr_carea' id='block_1_98' title="bbox 245 4738 1914 4812">
    <p class='ocr_par' dir='ltr' id='par_1_98' title="bbox 245 4738 1914 4812">
     <span class='ocr_line' id='line_1_98' title="bbox 245 4738 1914 4812; baseline -0.001 -19"><span class='ocrx_word' id='word_1_709' title='bbox 245 4739 340 4794; x_wconf 90' lang='lat' dir='ltr'>vel</span> <span class='ocrx_word' id='word_1_710' title='bbox 369 4740 571 4794; x_wconf 81' lang='lat' dir='ltr'>alieno.</span> <span class='ocrx_word' id='word_1_711' title='bbox 601 4739 728 4794; x_wconf 90' lang='lat' dir='ltr'>Sive</span> <span class='ocrx_word' id='word_1_712' title='bbox 752 4740 909 4794; x_wconf 89' lang='lat' dir='ltr'>enim</span> <span class='ocrx_word' id='word_1_713' title='bbox 931 4739 1289 4812; x_wconf 61' lang='lat' dir='ltr'>alienigenae,</span> <span class='ocrx_word' id='word_1_714' title='bbox 1310 4738 1524 4811; x_wconf 90' lang='lat' dir='ltr'>pagani</span> <span class='ocrx_word' id='word_1_715' title='bbox 1547 4738 1789 4803; x_wconf 88' lang='lat' dir='ltr'>scilicet,</span> <span class='ocrx_word' id='word_1_716' title='bbox 1811 4754 1914 4793; x_wconf 92' lang='lat' dir='ltr'>seu</span> 
     </span>
    </p>
   </div>
   <div class='ocr_carea' id='block_1_99' title="bbox 246 4824 1918 4895">
    <p class='ocr_par' dir='ltr' id='par_1_99' title="bbox 246 4824 1918 4895">
     <span class='ocr_line' id='line_1_99' title="bbox 246 4824 1918 4895; baseline -0.002 -13"><span class='ocrx_word' id='word_1_717' title='bbox 246 4826 436 4882; x_wconf 92' lang='lat' dir='ltr'>vicini</span> <span class='ocrx_word' id='word_1_718' title='bbox 465 4843 668 4882; x_wconf 90' lang='lat' dir='ltr'>eorum</span> <span class='ocrx_word' id='word_1_719' title='bbox 707 4830 1000 4895; x_wconf 90' lang='lat' dir='ltr'>vecordes,</span> <span class='ocrx_word' id='word_1_720' title='bbox 1045 4833 1100 4883; x_wconf 89' lang='lat' dir='ltr'>et</span> <span class='ocrx_word' id='word_1_721' title='bbox 1132 4827 1282 4883; x_wconf 91' lang='lat' dir='ltr'>male</span> <span class='ocrx_word' id='word_1_722' title='bbox 1315 4828 1570 4882; x_wconf 87' lang='lat' dir='ltr'>viventes</span> <span class='ocrx_word' id='word_1_723' title='bbox 1602 4824 1918 4883; x_wconf 88' lang='lat' dir='ltr'>Christiani</span> 
     </span>
    </p>
   </div>
   <div class='ocr_carea' id='block_1_100' title="bbox 250 4915 1919 4988">
    <p class='ocr_par' dir='ltr' id='par_1_100' title="bbox 250 4915 1919 4988">
     <span class='ocr_line' id='line_1_100' title="bbox 250 4915 1919 4988; baseline -0.002 -16"><span class='ocrx_word' id='word_1_724' title='bbox 250 4933 356 4972; x_wconf 90' lang='lat' dir='ltr'>ore</span> <span class='ocrx_word' id='word_1_725' title='bbox 387 4915 578 4971; x_wconf 90' lang='lat' dir='ltr'>alieno</span> <span class='ocrx_word' id='word_1_726' title='bbox 611 4924 881 4985; x_wconf 92' lang='lat' dir='ltr'>coruunt,</span> <span class='ocrx_word' id='word_1_727' title='bbox 909 4917 1375 4988; x_wconf 89' lang='lat' dir='ltr'>quandocunque</span> <span class='ocrx_word' id='word_1_728' title='bbox 1415 4915 1694 4970; x_wconf 86' lang='lat' dir='ltr'>doctrinis</span> <span class='ocrx_word' id='word_1_729' title='bbox 1738 4915 1919 4969; x_wconf 68' lang='lat' dir='ltr'>haere-</span> 
     </span>
    </p>
   </div>
   <div class='ocr_carea' id='block_1_101' title="bbox 248 5003 1921 5077">
    <p class='ocr_par' dir='ltr' id='par_1_101' title="bbox 248 5003 1921 5077">
     <span class='ocr_line' id='line_1_101' title="bbox 248 5003 1921 5077; baseline -0.002 -17"><span class='ocrx_word' id='word_1_730' title='bbox 248 5005 535 5072; x_wconf 89' lang='lat' dir='ltr'>ticorum,</span> <span class='ocrx_word' id='word_1_731' title='bbox 570 5020 701 5075; x_wconf 70' lang='lat' dir='ltr'>quae</span> <span class='ocrx_word' id='word_1_732' title='bbox 741 5005 944 5077; x_wconf 90' lang='lat' dir='ltr'>utique</span> <span class='ocrx_word' id='word_1_733' title='bbox 984 5009 1125 5060; x_wconf 90' lang='lat' dir='ltr'>sunt</span> <span class='ocrx_word' id='word_1_734' title='bbox 1172 5003 1620 5074; x_wconf 66' lang='lat' dir='ltr'>daemoniorum,</span> <span class='ocrx_word' id='word_1_735' title='bbox 1650 5004 1921 5070; x_wconf 90' lang='lat' dir='ltr'>credunt,</span> 
     </span>
    </p>
   </div>
   <div class='ocr_carea' id='block_1_102' title="bbox 252 5091 1924 5166">
    <p class='ocr_par' dir='ltr' id='par_1_102' title="bbox 252 5091 1924 5166">
     <span class='ocr_line' id='line_1_102' title="bbox 252 5091 1924 5166; baseline -0.002 -17"><span class='ocrx_word' id='word_1_736' title='bbox 252 5093 415 5149; x_wconf 87' lang='lat' dir='ltr'>sicut</span> <span class='ocrx_word' id='word_1_737' title='bbox 437 5093 639 5148; x_wconf 89' lang='lat' dir='ltr'>miseri</span> <span class='ocrx_word' id='word_1_738' title='bbox 663 5095 857 5161; x_wconf 90' lang='lat' dir='ltr'>Gothi,</span> <span class='ocrx_word' id='word_1_739' title='bbox 884 5111 1136 5166; x_wconf 89' lang='lat' dir='ltr'>quorum</span> <span class='ocrx_word' id='word_1_740' title='bbox 1170 5093 1265 5148; x_wconf 89' lang='lat' dir='ltr'>alii</span> <span class='ocrx_word' id='word_1_741' title='bbox 1291 5111 1324 5148; x_wconf 91' lang='lat' dir='ltr'>a</span> <span class='ocrx_word' id='word_1_742' title='bbox 1365 5092 1733 5164; x_wconf 88' lang='lat' dir='ltr'>paganismo,</span> <span class='ocrx_word' id='word_1_743' title='bbox 1760 5091 1856 5146; x_wconf 91' lang='lat' dir='ltr'>alii</span> <span class='ocrx_word' id='word_1_744' title='bbox 1889 5108 1924 5145; x_wconf 91' lang='lat' dir='ltr'>a</span> 
     </span>
    </p>
   </div>
   <div class='ocr_carea' id='block_1_103' title="bbox 254 5179 1922 5253">
    <p class='ocr_par' dir='ltr' id='par_1_103' title="bbox 254 5179 1922 5253">
     <span class='ocr_line' id='line_1_103' title="bbox 254 5179 1922 5253; baseline -0.002 -15"><span class='ocrx_word' id='word_1_745' title='bbox 254 5179 553 5238; x_wconf 85' lang='lat' dir='ltr'>catholica</span> <span class='ocrx_word' id='word_1_746' title='bbox 568 5181 681 5238; x_wconf 87' lang='lat' dir='ltr'>ﬁde</span> <span class='ocrx_word' id='word_1_747' title='bbox 704 5184 773 5237; x_wconf 92' lang='lat' dir='ltr'>ad</span> <span class='ocrx_word' id='word_1_748' title='bbox 791 5183 1064 5238; x_wconf 84' lang='lat' dir='ltr'>Arianam</span> <span class='ocrx_word' id='word_1_749' title='bbox 1090 5181 1487 5253; x_wconf 70' lang='lat' dir='ltr'>hazresim,per</span> <span class='ocrx_word' id='word_1_750' title='bbox 1508 5181 1922 5251; x_wconf 91' lang='lat' dir='ltr'>imperatorem</span> 
     </span>
    </p>
   </div>
   <div class='ocr_carea' id='block_1_104' title="bbox 249 5269 1926 5342">
    <p class='ocr_par' dir='ltr' id='par_1_104' title="bbox 249 5269 1926 5342">
     <span class='ocr_line' id='line_1_104' title="bbox 249 5269 1926 5342; baseline -0.002 -16"><span class='ocrx_word' id='word_1_751' title='bbox 249 5269 569 5326; x_wconf 80' lang='lat' dir='ltr'>Valentem</span> <span class='ocrx_word' id='word_1_752' title='bbox 595 5275 649 5326; x_wconf 90' lang='lat' dir='ltr'>et</span> <span class='ocrx_word' id='word_1_753' title='bbox 670 5271 995 5327; x_wconf 84' lang='lat' dir='ltr'>Eudoxium</span> <span class='ocrx_word' id='word_1_754' title='bbox 1019 5269 1926 5342; x_wconf 89' lang='lat' dir='ltr'>Constantinopolitanum,tran-</span> 
     </span>
    </p>
   </div>
   <div class='ocr_carea' id='block_1_105' title="bbox 257 5357 1926 5431">
    <p class='ocr_par' dir='ltr' id='par_1_105' title="bbox 257 5357 1926 5431">
     <span class='ocr_line' id='line_1_105' title="bbox 257 5357 1926 5431; baseline -0.001 -16"><span class='ocrx_word' id='word_1_755' title='bbox 257 5360 516 5415; x_wconf 87' lang='lat' dir='ltr'>sierunt.</span> <span class='ocrx_word' id='word_1_756' title='bbox 541 5359 650 5426; x_wconf 87' lang='lat' dir='ltr'>Qui</span> <span class='ocrx_word' id='word_1_757' title='bbox 680 5360 856 5416; x_wconf 90' lang='lat' dir='ltr'>etiam</span> <span class='ocrx_word' id='word_1_758' title='bbox 890 5378 995 5416; x_wconf 91' lang='lat' dir='ltr'>suo</span> <span class='ocrx_word' id='word_1_759' title='bbox 1027 5377 1124 5416; x_wconf 89' lang='lat' dir='ltr'>ore</span> <span class='ocrx_word' id='word_1_760' title='bbox 1141 5359 1600 5431; x_wconf 89' lang='lat' dir='ltr'>corruunt,dum</span> <span class='ocrx_word' id='word_1_761' title='bbox 1625 5357 1926 5414; x_wconf 68' lang='lat' dir='ltr'>haereticos</span> 
     </span>
    </p>
   </div>
   <div class='ocr_carea' id='block_1_106' title="bbox 257 5447 1927 5521">
    <p class='ocr_par' dir='ltr' id='par_1_106' title="bbox 257 5447 1927 5521">
     <span class='ocr_line' id='line_1_106' title="bbox 257 5447 1927 5521; baseline -0.002 -17"><span class='ocrx_word' id='word_1_762' title='bbox 257 5465 374 5504; x_wconf 85' lang='lat' dir='ltr'>suo</span> <span class='ocrx_word' id='word_1_763' title='bbox 398 5449 593 5504; x_wconf 86' lang='lat' dir='ltr'>favore</span> <span class='ocrx_word' id='word_1_764' title='bbox 614 5453 949 5521; x_wconf 85' lang='lat' dir='ltr'>protegunt,</span> <span class='ocrx_word' id='word_1_765' title='bbox 965 5447 1348 5516; x_wconf 84' lang='lat' dir='ltr'>etextollunt;</span> <span class='ocrx_word' id='word_1_766' title='bbox 1365 5464 1472 5503; x_wconf 89' lang='lat' dir='ltr'>nec</span> <span class='ocrx_word' id='word_1_767' title='bbox 1487 5447 1804 5503; x_wconf 89' lang='lat' dir='ltr'>sinecausa</span> <span class='ocrx_word' id='word_1_768' title='bbox 1825 5462 1927 5501; x_wconf 92' lang='lat' dir='ltr'>no-</span> 
     </span>
    </p>
   </div>
   <div class='ocr_carea' id='block_1_107' title="bbox 258 5536 1932 5608">
    <p class='ocr_par' dir='ltr' id='par_1_107' title="bbox 258 5536 1932 5608">
     <span class='ocr_line' id='line_1_107' title="bbox 258 5536 1932 5608; baseline -0.003 -14"><span class='ocrx_word' id='word_1_769' title='bbox 258 5536 546 5594; x_wconf 86' lang='lat' dir='ltr'>minatim</span> <span class='ocrx_word' id='word_1_770' title='bbox 579 5554 804 5594; x_wconf 90' lang='lat' dir='ltr'>messes</span> <span class='ocrx_word' id='word_1_771' title='bbox 830 5555 840 5592; x_wconf 95' lang='lat'>:</span> <span class='ocrx_word' id='word_1_772' title='bbox 867 5538 1044 5594; x_wconf 76' lang='lat' dir='ltr'>vineae</span> <span class='ocrx_word' id='word_1_773' title='bbox 1065 5543 1119 5593; x_wconf 91' lang='lat' dir='ltr'>et</span> <span class='ocrx_word' id='word_1_774' title='bbox 1135 5536 1344 5592; x_wconf 92' lang='lat' dir='ltr'>oliveta</span> <span class='ocrx_word' id='word_1_775' title='bbox 1360 5553 1561 5592; x_wconf 91' lang='lat' dir='ltr'>eorum</span> <span class='ocrx_word' id='word_1_776' title='bbox 1582 5539 1932 5608; x_wconf 89' lang='lat' dir='ltr'>consumpta</span> 
     </span>
    </p>
   </div>
   <div class='ocr_carea' id='block_1_108' title="bbox 255 5624 1934 5704">
    <p class='ocr_par' dir='ltr' id='par_1_108' title="bbox 255 5624 1934 5704">
     <span class='ocr_line' id='line_1_108' title="bbox 255 5624 1934 5704; baseline -0.002 -18"><span class='ocrx_word' id='word_1_777' title='bbox 255 5626 606 5686; x_wconf 81' lang='lat' dir='ltr'>referuntur</span> <span class='ocrx_word' id='word_1_778' title='bbox 625 5643 758 5682; x_wconf 92' lang='lat' dir='ltr'>cum</span> <span class='ocrx_word' id='word_1_779' title='bbox 769 5626 1052 5684; x_wconf 89' lang='lat' dir='ltr'>nonnulla</span> <span class='ocrx_word' id='word_1_780' title='bbox 1063 5626 1178 5684; x_wconf 88' lang='lat' dir='ltr'>alia</span> <span class='ocrx_word' id='word_1_781' title='bbox 1189 5643 1323 5686; x_wconf 88' lang='lat' dir='ltr'>cum</span> <span class='ocrx_word' id='word_1_782' title='bbox 1337 5625 1469 5686; x_wconf 86' lang='lat' dir='ltr'>istis</span> <span class='ocrx_word' id='word_1_783' title='bbox 1495 5624 1934 5704; x_wconf 87' lang='lat' dir='ltr'>perierunt.Cur</span> 
     </span>
    </p>
   </div>
   <div class='ocr_carea' id='block_1_109' title="bbox 592 5753 1164 5825">
    <p class='ocr_par' dir='ltr' id='par_1_109' title="bbox 592 5753 1164 5825">
     <span class='ocr_line' id='line_1_109' title="bbox 592 5753 1164 5825; baseline -0.005 -4"><span class='ocrx_word' id='word_1_784' title='bbox 592 5754 856 5824; x_wconf 74' lang='grc' dir='ltr'>ΡΑτιιοι..</span> <span class='ocrx_word' id='word_1_785' title='bbox 902 5753 1164 5825; x_wconf 80' lang='lat' dir='ltr'>CXLIII.</span> 
     </span>
    </p>
   </div>
   <div class='ocr_carea' id='block_1_110' title="bbox 2022 4646 3664 4723">
    <p class='ocr_par' dir='ltr' id='par_1_110' title="bbox 2022 4646 3664 4723">
     <span class='ocr_line' id='line_1_110' title="bbox 2022 4646 3664 4723; baseline -0.003 -16"><span class='ocrx_word' id='word_1_786' title='bbox 2022 4650 2273 4723; x_wconf 89' lang='lat' dir='ltr'>Spiritus</span> <span class='ocrx_word' id='word_1_787' title='bbox 2305 4655 2543 4706; x_wconf 90' lang='lat' dir='ltr'>sanctus</span> <span class='ocrx_word' id='word_1_788' title='bbox 2567 4666 2743 4722; x_wconf 90' lang='lat' dir='ltr'>quem</span> <span class='ocrx_word' id='word_1_789' title='bbox 2785 4665 3022 4704; x_wconf 90' lang='lat' dir='ltr'>necesse</span> <span class='ocrx_word' id='word_1_790' title='bbox 3062 4653 3152 4704; x_wconf 90' lang='lat' dir='ltr'>est</span> <span class='ocrx_word' id='word_1_791' title='bbox 3196 4646 3461 4718; x_wconf 90' lang='lat' dir='ltr'>accipiat,</span> <span class='ocrx_word' id='word_1_792' title='bbox 3512 4650 3567 4701; x_wconf 90' lang='lat' dir='ltr'>et</span> <span class='ocrx_word' id='word_1_793' title='bbox 3592 4646 3664 4702; x_wconf 90' lang='lat' dir='ltr'>ad</span> 
     </span>
    </p>
   </div>
   <div class='ocr_carea' id='block_1_111' title="bbox 2024 4735 3666 4808">
    <p class='ocr_par' dir='ltr' id='par_1_111' title="bbox 2024 4735 3666 4808">
     <span class='ocr_line' id='line_1_111' title="bbox 2024 4735 3666 4808; baseline -0.004 -12"><span class='ocrx_word' id='word_1_794' title='bbox 2024 4739 2485 4796; x_wconf 90' lang='lat' dir='ltr'>ecclesiasticum</span> <span class='ocrx_word' id='word_1_795' title='bbox 2513 4739 2770 4792; x_wconf 88' lang='lat' dir='ltr'>ofﬁcium</span> <span class='ocrx_word' id='word_1_796' title='bbox 2794 4737 2971 4791; x_wconf 87' lang='lat' dir='ltr'>libere</span> <span class='ocrx_word' id='word_1_797' title='bbox 2999 4736 3291 4808; x_wconf 90' lang='lat' dir='ltr'>agendum</span> <span class='ocrx_word' id='word_1_798' title='bbox 3323 4735 3431 4790; x_wconf 89' lang='lat' dir='ltr'>sibi</span> <span class='ocrx_word' id='word_1_799' title='bbox 3452 4738 3666 4790; x_wconf 87' lang='lat' dir='ltr'>teneat.</span> 
     </span>
    </p>
   </div>
   <div class='ocr_carea' id='block_1_112' title="bbox 2031 4822 3670 4900">
    <p class='ocr_par' dir='ltr' id='par_1_112' title="bbox 2031 4822 3670 4900">
     <span class='ocr_line' id='line_1_112' title="bbox 2031 4822 3670 4900; baseline -0.003 -17"><span class='ocrx_word' id='word_1_800' title='bbox 2031 4830 2091 4883; x_wconf 89' lang='lat' dir='ltr'>In</span> <span class='ocrx_word' id='word_1_801' title='bbox 2117 4845 2232 4900; x_wconf 91' lang='lat' dir='ltr'>qua</span> <span class='ocrx_word' id='word_1_802' title='bbox 2255 4824 2708 4898; x_wconf 69' lang='lat' dir='ltr'>praesumptione</span> <span class='ocrx_word' id='word_1_803' title='bbox 2733 4823 2916 4878; x_wconf 90' lang='lat' dir='ltr'>multo</span> <span class='ocrx_word' id='word_1_804' title='bbox 2930 4824 3156 4895; x_wconf 83' lang='lat' dir='ltr'>pejores</span> <span class='ocrx_word' id='word_1_805' title='bbox 3183 4823 3471 4895; x_wconf 87' lang='lat' dir='ltr'>fiuntipso</span> <span class='ocrx_word' id='word_1_806' title='bbox 3493 4822 3670 4890; x_wconf 85' lang='lat' dir='ltr'>Juda,</span> 
     </span>
    </p>
   </div>
   <div class='ocr_carea' id='block_1_113' title="bbox 2031 4911 3674 4987">
    <p class='ocr_par' dir='ltr' id='par_1_113' title="bbox 2031 4911 3674 4987">
     <span class='ocr_line' id='line_1_113' title="bbox 2031 4911 3674 4987; baseline -0.002 -17"><span class='ocrx_word' id='word_1_807' title='bbox 2031 4916 2129 4987; x_wconf 91' lang='lat' dir='ltr'>qui</span> <span class='ocrx_word' id='word_1_808' title='bbox 2162 4931 2266 4970; x_wconf 91' lang='lat' dir='ltr'>nec</span> <span class='ocrx_word' id='word_1_809' title='bbox 2300 4913 2606 4969; x_wconf 90' lang='lat' dir='ltr'>Dominum</span> <span class='ocrx_word' id='word_1_810' title='bbox 2642 4911 2934 4983; x_wconf 92' lang='lat' dir='ltr'>proditum</span> <span class='ocrx_word' id='word_1_811' title='bbox 2970 4912 3080 4967; x_wconf 91' lang='lat' dir='ltr'>sibi</span> <span class='ocrx_word' id='word_1_812' title='bbox 3122 4913 3474 4968; x_wconf 90' lang='lat' dir='ltr'>remansisse</span> <span class='ocrx_word' id='word_1_813' title='bbox 3504 4915 3674 4984; x_wconf 87' lang='lat' dir='ltr'>puta-</span> 
     </span>
    </p>
   </div>
   <div class='ocr_carea' id='block_1_114' title="bbox 2029 4997 3675 5072">
    <p class='ocr_par' dir='ltr' id='par_1_114' title="bbox 2029 4997 3675 5072">
     <span class='ocr_line' id='line_1_114' title="bbox 2029 4997 3675 5072; baseline -0.004 -12"><span class='ocrx_word' id='word_1_814' title='bbox 2029 5005 2129 5071; x_wconf 88' lang='lat' dir='ltr'>vit,</span> <span class='ocrx_word' id='word_1_815' title='bbox 2166 5020 2270 5058; x_wconf 90' lang='lat' dir='ltr'>nec</span> <span class='ocrx_word' id='word_1_816' title='bbox 2301 5009 2538 5066; x_wconf 90' lang='lat' dir='ltr'>temere,</span> <span class='ocrx_word' id='word_1_817' title='bbox 2571 5001 2671 5054; x_wconf 91' lang='lat' dir='ltr'>sed</span> <span class='ocrx_word' id='word_1_818' title='bbox 2705 5005 2870 5054; x_wconf 91' lang='lat' dir='ltr'>caute</span> <span class='ocrx_word' id='word_1_819' title='bbox 2920 5001 3256 5056; x_wconf 89' lang='lat' dir='ltr'>ducendum</span> <span class='ocrx_word' id='word_1_820' title='bbox 3306 4997 3675 5072; x_wconf 74' lang='lat' dir='ltr'>przemonuit,</span> 
     </span>
    </p>
   </div>
   <div class='ocr_carea' id='block_1_115' title="bbox 2035 5087 3677 5162">
    <p class='ocr_par' dir='ltr' id='par_1_115' title="bbox 2035 5087 3677 5162">
     <span class='ocr_line' id='line_1_115' title="bbox 2035 5087 3677 5162; baseline -0.005 -14"><span class='ocrx_word' id='word_1_821' title='bbox 2035 5110 2168 5148; x_wconf 91' lang='lat' dir='ltr'>cum</span> <span class='ocrx_word' id='word_1_822' title='bbox 2201 5091 2296 5147; x_wconf 89' lang='lat' dir='ltr'>isti</span> <span class='ocrx_word' id='word_1_823' title='bbox 2328 5089 2611 5162; x_wconf 87' lang='lat' dir='ltr'>Spiritum</span> <span class='ocrx_word' id='word_1_824' title='bbox 2646 5092 2914 5143; x_wconf 89' lang='lat' dir='ltr'>sanctum</span> <span class='ocrx_word' id='word_1_825' title='bbox 2949 5089 3032 5144; x_wconf 90' lang='lat' dir='ltr'>sic</span> <span class='ocrx_word' id='word_1_826' title='bbox 3056 5090 3325 5160; x_wconf 87' lang='lat' dir='ltr'>prodant,</span> <span class='ocrx_word' id='word_1_827' title='bbox 3353 5093 3415 5142; x_wconf 90' lang='lat' dir='ltr'>ut</span> <span class='ocrx_word' id='word_1_828' title='bbox 3444 5087 3562 5142; x_wconf 91' lang='lat' dir='ltr'>sive</span> <span class='ocrx_word' id='word_1_829' title='bbox 3582 5101 3677 5140; x_wconf 83' lang='lat' dir='ltr'>re-</span> 
     </span>
    </p>
   </div>
   <div class='ocr_carea' id='block_1_116' title="bbox 2037 5175 3679 5249">
    <p class='ocr_par' dir='ltr' id='par_1_116' title="bbox 2037 5175 3679 5249">
     <span class='ocr_line' id='line_1_116' title="bbox 2037 5175 3679 5249; baseline -0.005 -13"><span class='ocrx_word' id='word_1_830' title='bbox 2037 5181 2328 5236; x_wconf 88' lang='lat' dir='ltr'>mansisse</span> <span class='ocrx_word' id='word_1_831' title='bbox 2351 5179 2612 5246; x_wconf 87' lang='lat' dir='ltr'>credant,</span> <span class='ocrx_word' id='word_1_832' title='bbox 2653 5182 2708 5232; x_wconf 89' lang='lat' dir='ltr'>et</span> <span class='ocrx_word' id='word_1_833' title='bbox 2737 5177 2791 5232; x_wconf 90' lang='lat' dir='ltr'>ei</span> <span class='ocrx_word' id='word_1_834' title='bbox 2820 5177 3067 5249; x_wconf 88' lang='lat' dir='ltr'>gratiam</span> <span class='ocrx_word' id='word_1_835' title='bbox 3100 5177 3231 5232; x_wconf 91' lang='lat' dir='ltr'>aliis</span> <span class='ocrx_word' id='word_1_836' title='bbox 3259 5175 3548 5248; x_wconf 89' lang='lat' dir='ltr'>proditam</span> <span class='ocrx_word' id='word_1_837' title='bbox 3574 5187 3679 5243; x_wconf 87' lang='lat' dir='ltr'>pro</span> 
     </span>
    </p>
   </div>
   <div class='ocr_carea' id='block_1_117' title="bbox 2037 5261 3680 5335">
    <p class='ocr_par' dir='ltr' id='par_1_117' title="bbox 2037 5261 3680 5335">
     <span class='ocr_line' id='line_1_117' title="bbox 2037 5261 3680 5335; baseline -0.004 -12"><span class='ocrx_word' id='word_1_838' title='bbox 2037 5268 2207 5324; x_wconf 89' lang='lat' dir='ltr'>libitu</span> <span class='ocrx_word' id='word_1_839' title='bbox 2229 5266 2593 5323; x_wconf 88' lang='lat' dir='ltr'>tractandam</span> <span class='ocrx_word' id='word_1_840' title='bbox 2634 5284 2701 5321; x_wconf 83' lang='lat' dir='ltr'>ex</span> <span class='ocrx_word' id='word_1_841' title='bbox 2737 5265 3076 5320; x_wconf 85' lang='lat' dir='ltr'>auctoritate</span> <span class='ocrx_word' id='word_1_842' title='bbox 3098 5267 3364 5335; x_wconf 87' lang='lat' dir='ltr'>jubeant.</span> <span class='ocrx_word' id='word_1_843' title='bbox 3400 5263 3466 5316; x_wconf 84' lang='lat' dir='ltr'>Et</span> <span class='ocrx_word' id='word_1_844' title='bbox 3493 5261 3680 5317; x_wconf 88' lang='lat' dir='ltr'>Judas</span> 
     </span>
    </p>
   </div>
   <div class='ocr_carea' id='block_1_118' title="bbox 2037 5347 3680 5429">
    <p class='ocr_par' dir='ltr' id='par_1_118' title="bbox 2037 5347 3680 5429">
     <span class='ocr_line' id='line_1_118' title="bbox 2037 5347 3680 5429; baseline -0.005 -17"><span class='ocrx_word' id='word_1_845' title='bbox 2037 5359 2275 5429; x_wconf 91' lang='lat' dir='ltr'>quidem</span> <span class='ocrx_word' id='word_1_846' title='bbox 2307 5356 2614 5412; x_wconf 89' lang='lat' dir='ltr'>salutando</span> <span class='ocrx_word' id='word_1_847' title='bbox 2643 5360 2699 5411; x_wconf 91' lang='lat' dir='ltr'>et</span> <span class='ocrx_word' id='word_1_848' title='bbox 2720 5353 3061 5420; x_wconf 89' lang='lat' dir='ltr'>osculando,</span> <span class='ocrx_word' id='word_1_849' title='bbox 3101 5368 3300 5424; x_wconf 90' lang='lat' dir='ltr'>pacem</span> <span class='ocrx_word' id='word_1_850' title='bbox 3335 5356 3389 5407; x_wconf 90' lang='lat' dir='ltr'>et</span> <span class='ocrx_word' id='word_1_851' title='bbox 3419 5347 3680 5404; x_wconf 87' lang='lat' dir='ltr'>dilectio-</span> 
     </span>
    </p>
   </div>
   <div class='ocr_carea' id='block_1_119' title="bbox 2039 5438 3683 5514">
    <p class='ocr_par' dir='ltr' id='par_1_119' title="bbox 2039 5438 3683 5514">
     <span class='ocr_line' id='line_1_119' title="bbox 2039 5438 3683 5514; baseline -0.005 -13"><span class='ocrx_word' id='word_1_852' title='bbox 2039 5462 2173 5501; x_wconf 91' lang='lat' dir='ltr'>nem</span> <span class='ocrx_word' id='word_1_853' title='bbox 2196 5461 2312 5509; x_wconf 92' lang='lat' dir='ltr'>ore,</span> <span class='ocrx_word' id='word_1_854' title='bbox 2347 5449 2516 5512; x_wconf 76' lang='lat' dir='ltr'>num,</span> <span class='ocrx_word' id='word_1_855' title='bbox 2550 5443 2636 5499; x_wconf 93' lang='lat' dir='ltr'>vel</span> <span class='ocrx_word' id='word_1_856' title='bbox 2671 5446 2836 5514; x_wconf 88' lang='lat' dir='ltr'>gestu</span> <span class='ocrx_word' id='word_1_857' title='bbox 2869 5440 3175 5505; x_wconf 89' lang='lat' dir='ltr'>simulans,</span> <span class='ocrx_word' id='word_1_858' title='bbox 3212 5456 3387 5511; x_wconf 88' lang='lat' dir='ltr'>quam</span> <span class='ocrx_word' id='word_1_859' title='bbox 3419 5439 3479 5493; x_wconf 90' lang='lat' dir='ltr'>in</span> <span class='ocrx_word' id='word_1_860' title='bbox 3510 5438 3683 5493; x_wconf 89' lang='lat' dir='ltr'>corde</span> 
     </span>
    </p>
   </div>
   <div class='ocr_carea' id='block_1_120' title="bbox 2040 5525 3682 5599">
    <p class='ocr_par' dir='ltr' id='par_1_120' title="bbox 2040 5525 3682 5599">
     <span class='ocr_line' id='line_1_120' title="bbox 2040 5525 3682 5599; baseline -0.004 -12"><span class='ocrx_word' id='word_1_861' title='bbox 2040 5549 2155 5587; x_wconf 90' lang='lat' dir='ltr'>non</span> <span class='ocrx_word' id='word_1_862' title='bbox 2178 5531 2453 5598; x_wconf 89' lang='lat' dir='ltr'>habebat,</span> <span class='ocrx_word' id='word_1_863' title='bbox 2472 5531 2782 5585; x_wconf 89' lang='lat' dir='ltr'>Dominum</span> <span class='ocrx_word' id='word_1_864' title='bbox 2806 5530 3010 5584; x_wconf 90' lang='lat' dir='ltr'>Jesum</span> <span class='ocrx_word' id='word_1_865' title='bbox 3048 5527 3232 5599; x_wconf 86' lang='lat' dir='ltr'>pretio</span> <span class='ocrx_word' id='word_1_866' title='bbox 3277 5526 3518 5581; x_wconf 90' lang='lat' dir='ltr'>tradidit</span> <span class='ocrx_word' id='word_1_867' title='bbox 3542 5543 3555 5594; x_wconf 91' lang='lat'><strong>;</strong></span> <span class='ocrx_word' id='word_1_868' title='bbox 3584 5525 3682 5581; x_wconf 90' lang='lat' dir='ltr'>isti</span> 
     </span>
    </p>
   </div>
   <div class='ocr_carea' id='block_1_121' title="bbox 2039 5614 3684 5696">
    <p class='ocr_par' dir='ltr' id='par_1_121' title="bbox 2039 5614 3684 5696">
     <span class='ocr_line' id='line_1_121' title="bbox 2039 5614 3684 5696; baseline -0.003 -15"><span class='ocrx_word' id='word_1_869' title='bbox 2039 5635 2172 5681; x_wconf 88' lang='lat' dir='ltr'>vero</span> <span class='ocrx_word' id='word_1_870' title='bbox 2195 5618 2601 5696; x_wconf 85' lang='lat' dir='ltr'>supplicando,</span> <span class='ocrx_word' id='word_1_871' title='bbox 2630 5619 2872 5692; x_wconf 87' lang='lat' dir='ltr'>orando,</span> <span class='ocrx_word' id='word_1_872' title='bbox 2901 5632 3112 5676; x_wconf 83' lang='lat' dir='ltr'>manus</span> <span class='ocrx_word' id='word_1_873' title='bbox 3143 5614 3522 5692; x_wconf 87' lang='lat' dir='ltr'>imponendo,</span> <span class='ocrx_word' id='word_1_874' title='bbox 3547 5617 3684 5693; x_wconf 68' lang='grc' dir='ltr'>οισι,</span> 
     </span>
    </p>
   </div>
   <div class='ocr_carea' id='block_1_122' title="bbox 3292 5742 3366 5816">
    <p class='ocr_par' dir='ltr' id='par_1_122' title="bbox 3292 5742 3366 5816">
     <span class='ocr_line' id='line_1_122' title="bbox 3292 5742 3366 5816; baseline 0 0"><span class='ocrx_word' id='word_1_875' title='bbox 3292 5742 3366 5816; x_wconf 69' lang='grc'>35</span> 
     </span>
    </p>
   </div>
  </div>
