4106 6178
575 318 734 385 1099

1665 308 2072 374 HUMBERTI
2117 312 2185 373 S.
2235 308 2307 371 lt.
2471 304 2966 373 CARDINALIS.

3764 313 3882 374 “00

577 470 706 528 quae
724 447 1276 522 suntlegitimorum
1301 447 1669 503 sacerdotum
1706 443 1960 516 propria,
1985 443 2056 497 ad
2078 460 2214 498 oeu-
2244 440 2301 508 Α
2335 457 2635 512 quaquam
2688 440 2799 496 tale
2844 441 2986 513 quid
3035 444 3357 498 attentaret.
3387 441 3732 514 Cognosceret
3767 448 3883 502 enim

573 543 703 601 lum
716 538 996 603 faciendo,
1020 536 1303 609 Spiritum
1328 539 1599 591 sanctum
1624 532 1829 605 pretio,
1861 535 1927 587 ut
1957 535 2214 604 putatur,

574 631 848 695 tradunt;
898 642 1145 699 quorum
1178 625 1417 680 vocibus
1448 627 1505 679 et
1538 620 1873 677 reverentiis
1918 618 2213 676 exteriori-

575 720 711 787 bus,
738 716 890 788 quod
914 729 1261 787 responsum
1290 710 1728 767 convenientius
1750 710 2012 765 redditur
2032 726 2065 763 a
2081 708 2215 779 Spi-

575 806 692 863 ritu
714 808 933 877 sancto,
961 819 1134 874 quam
1151 801 1304 873 quod
1317 801 1481 855 Judae
1498 799 1616 854 θαι]
1628 797 1992 861 risto?Juda,
2017 795 2217 851 osculo

577 894 858 967 Spiritum
886 891 1068 964 patris
1090 893 1147 945 et
1172 889 1295 944 Filii
1312 888 1538 943 tradis?
1554 886 1722 960 quasi
1739 884 1956 941 ironice
1976 885 2176 939 dicens
2200 900 2211 938 :

577 983 829 1038 Putasne
876 996 969 1034 me
992 978 1093 1033 tibi
1124 978 1206 1031 ita
1244 993 1608 1044 concessum,
1644 979 1707 1030 ut
1736 975 1952 1029 habeas
1981 972 2218 1028 cuicun-

576 1087 690 1144 que
708 1068 961 1125 volueris
983 1066 1159 1122 etiam
1183 1052 1311 1121 ﬁcte
1340 1066 1688 1120 tradendum
1719 1066 1773 1117 et
1804 1061 2168 1118 vendendum
2192 1059 2219 1113 ?

575 1160 675 1216 sed
699 1176 779 1213 vae
796 1157 880 1213 illi
922 1174 1025 1229 per
1048 1172 1221 1227 quem
1247 1154 1501 1226 Spiritus
1536 1155 1777 1208 sanctus
1809 1151 1994 1223 pretio
2027 1150 2217 1204 trade-

573 1252 691 1305 tur.
716 1244 1025 1303 Meliusilli
1044 1248 1165 1299 erat
1186 1243 1233 1298 si
1276 1246 1448 1297 natus
1478 1259 1589 1296 non
1617 1240 1845 1296 fuisset.
1894 1239 1962 1293 Et
1980 1255 2089 1293 non
2117 1238 2219 1293 ab-

574 1336 749 1391 surde
770 1332 1139 1388 Simoniacus
1166 1329 1339 1385 isthic
1360 1334 1598 1384 vocatus
1633 1332 1722 1382 est
1754 1328 1957 1393 Judas,
1987 1327 2087 1398 qui
2119 1326 2217 1380 in-

572 1421 1225 1494 terpretaturconfessio,
1262 1418 1400 1490 quia
1430 1417 1582 1473 sicut
1632 1416 1726 1469 ille
1761 1433 1855 1470 ore
1888 1415 2216 1470 conﬁtendo

573 1509 903 1573 etdicendo,
938 1506 1143 1571 Rabbi,
1178 1506 1459 1579 prodebat
1490 1504 1872 1578 Magistrum;
1907 1504 1989 1560 sic
2021 1509 2076 1558 et
2107 1504 2216 1558 iste

574 1601 839 1654 sanctam
873 1595 1219 1651 Trinitatem
1262 1611 1359 1650 ore
1406 1594 1735 1649 conﬁtendo
1780 1597 1837 1648 et
1867 1592 2213 1656 invocando,

574 1685 849 1741 distrahit
874 1683 1155 1756 Spiritum
1172 1688 1462 1749 sanctum,
1489 1700 1662 1754 quem
1689 1681 2055 1736 nominatum
2079 1680 2218 1735 dicit

2336 530 2647 586 Dominum
2681 546 2795 584 non
2829 547 3000 602 posse
3028 529 3221 597 vendi,
3271 547 3370 586 nec
3416 529 3650 602 aliquem
3678 532 3885 591 resistere

2325 618 2514 690 ipsius
2544 617 2825 673 voluntati
2856 622 2912 673 et
2941 618 3234 691 potestati.
3269 619 3374 675 Sed
3408 618 3575 675 miser
3603 635 3702 674 non
3729 637 3885 694 cogno-

2324 706 2406 761 vit
2428 707 2486 761 in
2512 722 2577 761 eo
2601 706 2713 761 nisi
2740 708 2891 778 quod
2919 707 3177 762 hominis
3208 710 3329 762 erat
3357 711 3412 761 et
3437 706 3667 762 videbat.
3691 707 3783 763 Nec
3808 710 3885 764 mi-

2328 812 2455 849 rum
2492 795 2589 867 qui
2623 811 2726 850 nec
2757 812 2823 849 ea
2854 812 2980 867 qua:
3011 795 3244 850 videbat
3284 812 3351 851 ex
3401 799 3510 851 toto
3555 798 3883 868 cognoscebat,

2327 884 2468 939 dum
2503 884 2716 938 forsam
2746 882 3077 940 Pbarisario
3110 883 3386 940 fermento
3427 889 3731 956 corruptus,
3759 885 3884 941 mira-

2327 973 2457 1027 cula
2480 970 2797 1028 Salvatoris
2828 971 3074 1045 principi
3100 972 3429 1029 daemonum
3453 972 3883 1029 ascribebat.Nam

2328 1060 2377 1116 si
2409 1065 2805 1132 cognosceret,
2836 1060 3037 1133 utique
3062 1061 3354 1129 crederet;
3396 1078 3526 1117 nam
3567 1077 3718 1117 nemo
3743 1062 3884 1117 credet

2329 1149 2483 1221 quod
2507 1148 2843 1205 nullatenus
2867 1149 3185 1222 cognoscit,
3229 1149 3490 1221 quamvis
3519 1150 3767 1205 credendo
3792 1166 3884 1222 pro-

2329 1242 2621 1293 mereatur
2640 1254 2986 1310 cognoscere
3009 1239 3340 1310 perfectius,
3376 1238 3522 1293 sicut
3547 1236 3674 1292 dicit
3699 1242 3883 1311 Aposto-

2328 1325 2458 1381 lus:
2493 1349 2521 1377 ‹‹
2554 1326 2718 1381 Nunc
2750 1343 3035 1399 cognosco
3061 1343 3129 1382 ex
3163 1331 3322 1398 parte
3345 1344 3358 1393 ;
3381 1331 3515 1381 tunc
3543 1330 3715 1381 autem
3734 1342 3886 1398 cogno-

2328 1432 2484 1469 scam
2520 1415 2674 1469 sicut
2705 1419 2760 1469 et
2798 1414 3066 1487 cognitus
3117 1432 3247 1470 sum
3277 1416 3324 1486 (Ι
3369 1414 3485 1469 Cor.
3532 1431 3646 1481 xm,
3674 1415 3765 1481 12).
3793 1436 3814 1461 »ι
3837 1412 3885 1468 Et

2327 1503 2504 1558 alibi:
2542 1526 2569 1551 ‹‹
2603 1504 3030 1576 Cognoscentes
3066 1508 3245 1558 Deum
3282 1527 3310 1551 ››
3361 1502 3569 1558 scilicet
3610 1519 3699 1574 per
3735 1502 3881 1568 ﬁdem,

2328 1615 2353 1640 α
2390 1591 2603 1663 cogniti
2631 1592 2771 1646 estis
2799 1593 2868 1647 ab
2902 1608 2966 1647 eo
3000 1591 3044 1663 (I
3076 1590 3195 1646 Cor.
3238 1609 3363 1660 vm,
3396 1593 3450 1646 3.
3494 1614 3518 1640 ››
3547 1591 3646 1646 Sed
3676 1591 3785 1662 quis
3807 1588 3884 1645 hoc

2326 1679 2395 1733 de
2425 1680 2453 1733 J
2465 1679 2579 1734 uda
2609 1678 2823 1733 carnali
2848 1685 2903 1734 et
2924 1679 3152 1736 mortali
3184 1680 3461 1753 ambiget,
3484 1678 3752 1734 cumidem
3769 1679 3883 1750 Apo-

572 1775 757 1830 Deum
800 1777 857 1829 et
903 1772 1237 1827 Dominum.
1284 1772 1501 1826 Verum
1544 1769 1761 1825 talibus
1812 1770 2214 1825 haereticorum
2248 1807 2296 1871 B
2327 1766 2513 1822 stolus
2570 1772 2794 1822 asserat
2855 1767 3084 1823 nullum
3157 1768 3484 1840 principum
3516 1767 3672 1838 hujus
3719 1763 3883 1832 seaculi,

575 1860 1228 1919 conatibusnullomodo
1242 1864 1586 1931 c00pcratur
1602 1859 1776 1925 Deus,
1802 1859 1898 1914 sed
1924 1858 2216 1930 malignus

576 1950 838 2024 spiritus,
863 1949 962 2022 qui
986 1948 1198 2004 Christi
1223 1948 1641 2020 proditoribus,
1677 1948 1746 2002 de
1777 1947 1991 2019 quibus
2021 1947 2102 2003 sic
2130 1947 2216 2003 di-

575 2038 762 2096 citur:
791 2061 819 2089 «
852 2038 981 2093 Haec
1012 2041 1100 2093 est
1128 2037 1271 2092 hora
1298 2040 1510 2105 vestra,
1543 2040 1599 2091 et
1642 2040 1899 2107 potestas
1947 2036 2216 2090 tenebra-

575 2145 707 2184 rum
738 2128 887 2199 (Luc.
919 2144 1059 2195 χχιι,
1109 2128 1219 2192 53).
1276 2147 1302 2173 ν)
1350 2126 1545 2197 Neque
1593 2124 1747 2179 enim
1799 2124 2073 2195 deinceps
2118 2124 2215 2179 isti

575 2220 826 2289 possunt
871 2213 1155 2285 Spiritum
1205 2218 1472 2269 sanctum
1517 2213 1648 2268 aliis
1686 2213 1900 2269 habere
1941 2211 2029 2268 vel
2082 2213 2214 2281 sibi,

573 2303 804 2360 etiamsi
836 2301 1154 2373 aliquando
1194 2301 1528 2364 habuerint,
1584 2301 2080 2372 quemadmodum
2113 2318 2218 2357 nec

573 2390 780 2460 Judaei,
800 2406 904 2445 nec
921 2390 1105 2444 Judas
1134 2388 1452 2453 Christum,
1476 2388 1611 2443 licet
1634 2389 1755 2459 ipse
1772 2389 1934 2460 prius
1956 2406 2088 2444 eum
2112 2389 2215 2444 ha-

574 2478 788 2535 buerit.
815 2478 924 2533 Sed
947 2494 1051 2533 cur
1071 2476 1286 2532 dicitur
1302 2477 1438 2548 quia
1454 2478 1577 2547 jam
1599 2477 1810 2532 habere
1834 2494 1945 2532 non
1971 2482 2218 2549 possunt

574 2584 747 2640 quem
776 2583 877 2622 nec
897 2565 1163 2621 invocare
1178 2565 1303 2637 jam
1328 2564 1620 2637 possunt?
1655 2566 1819 2631 Quod
1852 2565 2216 2622 detestabilis

573 2654 763 2712 exitus
783 2654 947 2711 Judaa
969 2653 1337 2726 significavit,
1361 2653 1482 2725 qui,
1510 2653 1737 2725 prodito
1762 2653 2008 2716 Christo,
2037 2654 2107 2708 ad
2132 2653 2214 2709 la-

574 2759 790 2816 queum
821 2743 1131 2811 festinavit,
1178 2742 1584 2815 condignaque
1632 2759 1739 2798 suo
1790 2741 1991 2797 sceleri
2023 2760 2215 2815 poma,

574 2832 805 2889 nudatis
835 2836 891 2888 et
909 2831 1148 2888 omnino
1169 2831 1615 2887 circumstrictis
1656 2831 1922 2886 faucibus
1950 2830 2065 2887 illis
2089 2848 2216 2903 quae

575 2921 817 2977 funestae
866 2921 988 2977 voci
1040 2920 1384 2992 proditionis
1433 2937 1573 2975 suos
1622 2924 1850 2974 meatus
1889 2919 2083 2976 laxare
2126 2920 2215 2975 vel

576 3009 946 3065 commodare
964 3013 1475 3081 praesumpserant.
1502 3008 1738 3076 interiit,
1765 3024 1869 3064 nec
1888 3013 2021 3080 post
2049 3026 2216 3065 veras

574 3112 742 3153 voces
781 3095 947 3152 malae
984 3095 1458 3166 machinationis,
1510 3113 1615 3151 nec
1648 3101 1777 3167 post
1805 3097 1969 3153 ﬁctos
1999 3098 2213 3169 pejoris

2327 1855 2593 1928 quamvis
2624 1855 2946 1911 subtilioris
2977 1861 3031 1911 et
3060 1855 3418 1912 immortalis
3463 1858 3677 1924 natura),
3704 1860 3754 1908 ut
3778 1857 3883 1924 puta

2327 1943 2655 2015 spiritualia
2684 1943 2951 2015 nequitia:
2984 1945 3043 1999 in
3076 1942 3417 1999 emlestibus
3458 1943 3690 2006 existant,
3716 1957 3883 2013 cogno-

2325 2032 2477 2087 visse
2505 2032 2866 2087 incarnatam
2900 2033 2995 2088 Dei
3030 2033 3217 2088 Patris
3238 2030 3659 2106 Sapientiam?«
3687 2029 3735 2084 Si
3758 2027 3884 2084 enim

2327 2120 2750 2192 cognovissent.
2776 2138 3078 2193 nunquam
3099 2120 3415 2177 Dominum
3437 2119 3611 2194 gloriae
3633 2115 3885 2174 cruciﬁxis-

2328 2217 2458 2265 sent
2487 2210 2533 2281 (I
2556 2212 2679 2273 Cor.
2718 2227 2779 2279 ιι,
2812 2210 2887 2282 8).
2925 2233 2945 2261 ι

2912 2316 3144 2372 CAPUT
3200 2317 3359 2371 XXV
3374 2360 3386 2373 .

2327 2406 2401 2460 De
2444 2420 2503 2459 eo
2528 2404 2681 2479 quod
2726 2404 2895 2479 ludas
2942 2406 3062 2479 ,ςὶῃε
3098 2405 3205 2475 ﬁde
3245 2406 3521 2479 ριεηξωίι,
3567 2407 3614 2479 εξ
3638 2399 3765 2479 “ad
3800 2414 3888 2479 ροηἶ

2394 2472 2679 2601 δενιεὲἑηίεδ
2761 2472 3106 2548 principibus
3201 2472 3540 2532 sdcerdotum
3582 2472 3674 2545 ﬁde
3736 2472 3887 2543 privati

2397 2563 2499 2601 sun
2534 2589 2546 2601 .

2397 2563 2546 2602 sum.

2395 2654 2503 2709 Sed
2536 2670 2605 2708 ne
2625 2654 2769 2709 forte
2790 2654 3103 2726 opinentur
3138 2669 3278 2709 eum
3323 2652 3621 2711 credidisse
3647 2650 3731 2706 ubi
3752 2645 3886 2721 poeni-

2325 2742 2509 2797 tuisse
2531 2746 2587 2797 et
2604 2742 2853 2813 pretium
2878 2742 3146 2798 retulisse
3166 2742 3406 2816 legitur,
3438 2740 3679 2797 noverint
3706 2736 3885 2791 abusive

2325 2831 2629 2886 dicendam
2666 2832 3067 2902 pmnitentiam
3099 2830 3239 2902 illic,
3294 2848 3426 2888 cum
3476 2827 3683 2902 proprie
3706 2820 3887 2880 tristitia

2327 2919 2520 2974 saeculi
2541 2920 2735 2986 fuerit,
2754 2937 2881 2992 quas
2900 2925 3146 2975 mortem
3170 2925 3584 2992 opcratur,non
3602 2916 3704 2982 illa,
3719 2914 3885 2985 quem

2326 3008 2748 3080 aitApostolus,
2775 3031 2803 3059 «
2822 3010 3144 3065 secundum
3162 3008 3353 3065 Deum
3372 3013 3477 3073 est,
3495 2999 3884 3079 etpcenitentiam

2324 3097 2383 3151 in
2404 3096 2651 3153 salutem
2676 3098 2945 3153 stabilem
2961 3102 3234 3169 operatur
3255 3098 3339 3168 (ll
3360 3097 3475 3153 Cor.
3497 3112 3591 3160 v11,
3608 3094 3702 3162 40).
3726 3112 3743 3141 ι
3761 3086 3887 3145 Deni-

574 3184 1041 3258 supplicationis,
1067 3202 1170 3241 nec
1192 3202 1319 3241 vere
1340 3202 1445 3241 nec
1467 3185 1594 3241 ﬁcte
1622 3190 1799 3240 Deum
1830 3186 2094 3241 invocare
2113 3203 2213 3259 po-
2246 3169 2289 3235 C
2328 3202 2440 3258 que
2472 3184 2783 3241 laudabilis
2814 3185 3153 3258 pmnitentia
3191 3186 3327 3242 sine
3371 3202 3471 3258 spe
3514 3200 3619 3240 non
3647 3185 3737 3245 est,
3764 3176 3885 3247 cujus

567 3274 700 3329 tuit.
724 3274 907 3344 Cujus
930 3290 1045 3328 non
1073 3273 1365 3329 immerito
1390 3278 1690 3346 anguntur
1720 3275 1965 3339 arteriae,
1998 3280 2063 3330 ut
2083 3275 2210 3346 jam

565 3377 671 3417 nec
700 3360 932 3416 vitalem
968 3360 1170 3415 flatum
1222 3361 1449 3433 possint
1486 3362 1767 3429 emittere,
1824 3348 1955 3433 qua;
1993 3367 2211 3419 temere

565 3445 867 3501 emiserunt
889 3462 1087 3501 vocem
1118 3463 1321 3501 ausam
1356 3447 1806 3519 Redemptorum
1842 3451 2043 3505 mundi
2071 3468 2207 3506 ven-

562 3533 715 3590 dere.
735 3533 896 3589 Unde
909 3556 935 3581 ‹‹
952 3549 1277 3605 suspensus
1294 3535 1519 3606 crepuit
1534 3537 1782 3601 medius,
1803 3542 1858 3591 et
1873 3538 2056 3594 effusa
2070 3544 2209 3595 sunt

559 3621 756 3678 omnia
776 3621 994 3678 viscera
1010 3623 1138 3692 ejus
1154 3621 1288 3694 (Act.
1306 3640 1343 3691 ι,
1376 3624 1481 3691 18).
1505 3645 1531 3671 ››
1550 3624 1664 3678 Nec
1682 3641 2054 3680 communem
2075 3627 2207 3683 aliis

556 3709 917 3775 hominibus,
932 3713 987 3765 et
1004 3710 1327 3766 naturalem
1346 3710 1562 3767 exitum
1587 3712 1831 3784 spiritus
1845 3714 1893 3783 ej
1906 3731 1975 3769 us
1990 3714 2205 3771 habere

550 3798 789 3868 meruit,
823 3798 923 3871 qui
954 3804 1155 3855 contra
1187 3815 1559 3855 communem
1614 3804 1834 3856 naturas
1888 3801 2201 3858 Dominum

553 3887 928 3960 conspiravit.
962 3887 1170 3959 Sicque
1196 3888 1337 3944 ccelo
1390 3893 1670 3961 terraeque
1711 3906 1979 3961 perosus,
2014 3891 2201 3947 omni-

554 3992 666 4047 que
696 3979 975 4031 creaturaa
1005 3976 1256 4046 invisus,
1288 3978 1438 4033 inter
1488 3982 1805 4050 utrumque
1836 3979 2026 4051 periit,
2060 3980 2200 4037 dum

550 4066 706 4118 terra
725 4064 967 4118 cadaver
989 4064 1117 4135 ejus
1140 4065 1530 4122 foedissimum
1554 4072 1610 4123 et
1632 4067 2069 4134 fetidissimum,
2103 4086 2202 4125 aer

550 4155 747 4206 autem
770 4151 1041 4222 spiritum
1064 4152 1555 4224 impiissimumet
1572 4156 2041 4227 impurissimum
2066 4175 2197 4214 sus-

551 4238 742 4311 cipere
777 4239 1010 4312 refugit.
1035 4242 1398 4314 Quapropter
1430 4243 1489 4297 in
1514 4245 1792 4315 primitiis
1815 4246 1938 4302 suis
1971 4247 2199 4303 discant

551 4326 866 4384 Simoniaci
888 4327 988 4399 qui
1010 4333 1067 4383 et
1092 4329 1294 4400 quales
1322 4330 1443 4386 sint
1464 4336 1520 4386 et
1561 4333 1714 4403 quod
1743 4339 2095 4391 mereantur.
2130 4340 2198 4392 Et

549 4416 598 4473 si
648 4414 919 4486 primitiae
969 4415 1187 4488 duplici
1238 4418 1582 4474 contritione
1633 4426 2033 4490 conteruntur,
2074 4430 2193 4480 tam

548 4504 800 4577 grandes
833 4504 1017 4560 acervi
1040 4522 1238 4560 eorum
1264 4506 1494 4578 quoties
1515 4511 1886 4564 conterenlur
1904 4511 1932 4565 ?
1954 4512 2190 4568 Vident-
2225 4534 2271 4599 D

549 4608 621 4648 ne
652 4593 804 4664 quod
847 4598 977 4665 post
1023 4594 1210 4666 ipsam
1250 4611 1449 4651 vocem
1494 4597 1848 4653 venditionis
1895 4606 2194 4672 nequeunt

546 4679 860 4736 Dominum
882 4682 1165 4749 invocare,
1191 4682 1466 4754 quoniam
1507 4690 1931 4757 angustanturr
1953 4693 2191 4759 guttura

546 4767 808 4839 ipsorum
838 4769 1220 4826 inextricabili
1263 4771 1472 4844 laqueo
1509 4774 1783 4844 perﬁdiis.
1827 4776 2015 4831 Etnim
2040 4793 2181 4848 quo-

546 4854 717 4909 modo
739 4854 1092 4912 invocabunt
1112 4859 1169 4912 in
1194 4876 1369 4930 quem
1391 4878 1504 4915 non
1523 4861 1942 4917 crediderunt?
1959 4864 2058 4919 sed
2081 4866 2191 4919 for-

548 4959 653 4998 san
676 4942 894 4999 cervice
934 4946 1119 5000 ferrea
1136 4947 1325 5002 adhuc
1371 4948 1697 5019 pertinaces
1735 4957 1791 5006 et
1813 4953 1998 5007 fronte
2035 4970 2192 5008 aenea

547 5029 920 5102 impudentes
937 5033 1226 5089 obstinate
1242 5038 1602 5092 contendunt
1618 5055 1679 5094 se
1710 5039 1994 5096 catholico
2013 5058 2187 5097 sensu

547 5119 780 5175 credere
809 5119 866 5174 in
893 5125 1094 5187 Deum,
1126 5122 1260 5178 licet
1301 5125 1555 5180 vendant
1584 5126 1863 5198 Spiritum
1898 5134 2187 5186 sanctum.

545 5207 843 5281 Vestigent
864 5225 1019 5282 ergo,
1046 5214 1331 5282 quotquot
1353 5214 1541 5269 modis
1568 5222 1831 5285 possunt,
1870 5234 2073 5274 omnes
2103 5218 2190 5275 la-

545 5297 741 5353 tebras
764 5296 922 5353 illius
944 5298 1117 5371 primi
1139 5300 1393 5357 auctoris
1415 5302 1507 5357 sui
1529 5302 1586 5356 in
1610 5304 1939 5361 venditione
1962 5308 2189 5363 Domini

545 5384 668 5454 Dei,
691 5389 749 5441 et
772 5387 1079 5458 praaferant
1094 5388 1279 5444 sicubi
1299 5390 1617 5462 repererint
1637 5407 1767 5446 eum
1788 5394 2107 5452 credidisse
2130 5397 2189 5452 in

541 5472 745 5531 Jesum
774 5490 843 5531 ex
873 5491 986 5549 quo
1017 5476 1262 5534 Satanas
1292 5477 1528 5533 intravit
1556 5494 1657 5533 cor
1679 5480 1807 5550 ejus
1837 5482 1909 5538 ad
1939 5485 2186 5556 proden-

546 5561 687 5624 dum
717 5561 905 5623 illum.
937 5565 1002 5624 In
1033 5581 1207 5641 quem
1236 5565 1285 5625 si
1306 5564 1567 5642 quolibet
1590 5568 1759 5627 modo
1780 5571 2059 5646 crederet,
2085 5591 2185 5636 ne-

2321 3275 2651 3329 subslantia
2670 3274 2813 3329 ﬁdes
2835 3278 2942 3329 est.
2969 3274 3130 3329 Unde
3144 3274 3492 3345 paenitentia
3507 3272 3677 3336 Judaz,
3698 3266 3779 3341 qui
3797 3264 3887 3321 sine

2321 3379 2423 3433 spe
2450 3363 2576 3427 fuit,
2601 3366 2827 3417 constat
2858 3362 2992 3434 quia
3033 3361 3256 3417 nullam
3288 3364 3461 3418 ﬁdem
3496 3358 3711 3424 habuit;
3740 3371 3790 3411 ac
3812 3365 3884 3424 per

2319 3450 2429 3506 hoc
2458 3450 2659 3505 videns
2709 3466 2771 3505 se
2819 3451 3185 3517 damnatum,
3239 3451 3481 3507 tristitia
3509 3446 3683 3505 saeculi
3708 3445 3881 3506 ductus,

2320 3538 2532 3594 maluis
2564 3539 2926 3610 desperando
2958 3538 3070 3594 sibi
3100 3543 3309 3611 guttur
3358 3539 3565 3595 elidere
3609 3548 3754 3608 quam
3778 3543 3879 3601 spe-

2317 3628 2498 3683 rando
2522 3628 2746 3683 fructus
2768 3628 2976 3699 dignos
2997 3627 3353 3699 poenitentia:
3380 3625 3692 3699 suppliciter
3706 3618 3880 3676 offerre.

2315 3716 2475 3779 Quod
2499 3715 2547 3771 si
2572 3716 2821 3783 fecisset,
2842 3732 3004 3771 error
3029 3716 3182 3770 haud
3216 3716 3532 3772 nocuisset.
3569 3713 3665 3768 Sed
3685 3704 3882 3782 perﬁdus

2313 3803 2411 3875 qui
2437 3804 2602 3876 prius
2622 3803 3127 3876 blasphemaverat
3142 3804 3358 3859 Filium
3375 3804 3491 3868 Dei,
3515 3817 3671 3876 quem
3690 3792 3885 3856 credide-

2314 3896 2403 3947 rat
2435 3909 2604 3964 posse
2632 3892 2826 3960 vendi,
2862 3893 2919 3947 in
2954 3892 3066 3947 ﬁne
3098 3892 3530 3965 blasphemavit
3574 3896 3627 3946 et
3663 3883 3882 3959 Spiritum

2311 3986 2601 4050 sanctum,
2627 3997 2803 4053 quem
2824 3981 3071 4038 credidit
3092 3998 3206 4036 non
3232 3999 3407 4053 posse
3428 3980 3570 4038 tanti
3593 3973 3780 4052 peccati
3800 3965 3882 4026 sibi

2308 4069 2535 4125 veniam
2566 4069 2786 4142 largiri.
2820 4070 2981 4133 Quod
3014 4075 3208 4126 autem
3261 4070 3558 4127 Christum
3604 4068 3776 4123 Jesum
3799 4072 3882 4114 non

2306 4158 2512 4225 Deum,
2535 4159 2634 4215 sed
2659 4159 3071 4214 tantummodo
3094 4159 3418 4228 hominem,
3443 4155 3697 4232 quamvis
3710 4152 3885 4224 justum

2305 4248 2634 4315 crediderit,
2660 4248 2947 4303 confessio
2971 4249 3099 4318 ejus
3115 4249 3393 4317 ostendit,
3419 4248 3556 4320 quia
3575 4245 3730 4301 dicit:
3755 4263 3777 4289 α
3794 4236 3886 4292 P00-

2305 4337 2427 4391 cavi
2453 4337 2689 4392 tradens
2716 4336 3067 4409 sanguinem
3106 4338 3333 4409 jestum
3368 4338 3575 4407 (Malth.
3610 4327 3880 4409 κηπευοξ

2304 4426 2404 4479 Cui
2425 4442 2559 4480 mox
2588 4407 3143 4497 pessimi—emptores
3165 4427 3625 4499 responderunt:
3654 4445 3673 4469 ι
3696 4414 3817 4486 Quid
3834 4407 3883 4465 ad

2305 4530 2410 4568 nos
2431 4513 2458 4568 ‘I
2478 4518 2560 4568 Tu
2600 4513 2815 4569 videris
2853 4514 3036 4586 (ibid.)
3055 4532 3105 4581 ;››
3134 4531 3199 4569 ac
3242 4515 3291 4569 si
3320 4514 3549 4570 dicant:
3574 4508 3707 4574 Quid
3733 4504 3791 4560 ad
3809 4511 3883 4595 no.9

2304 4601 2553 4673 pertinet
2570 4602 2726 4657 istud
2751 4608 3050 4674 peccatum
3072 4606 3263 4670 tuum,
3295 4602 3395 4675 qui
3420 4595 3762 4658 solummodo
3787 4602 3885 4675 clm:

2302 4707 2435 4746 mus
2466 4707 2637 4762 quem
2671 4691 3027 4747 vendidisti?
3059 4692 3142 4746 Tu
3175 4674 3338 4747 vides
3383 4690 3523 4763 quid
3553 4684 3752 4746 feceris,
3780 4674 3879 4749 qui!

2303 4795 2430 4847 nos,
2464 4796 2637 4850 quem
2669 4784 2932 4850 emptum
2958 4784 3014 4835 et
3044 4779 3329 4836 traditum
3360 4784 3491 4852 apte
3533 4772 3823 4845 accepimus
3843 4764 3883 4816 et

2300 4870 2592 4931 tenemus,
2625 4884 2741 4921 non
2782 4867 3172 4923 dimittemus.
3207 4868 3412 4923 Nonne
3443 4867 3549 4922 hac
3572 4855 3883 4934 responsione

2303 4955 2562 5027 quotidie
2594 4956 2908 5011 Simoniaci
2942 4962 3208 5023 utuntur,
3243 4957 3703 5028 quandocumque
3727 4951 3878 5003 eorum

2303 5043 2585 5116 sacrilega
2605 5044 2893 5099 ordinatio
2919 5046 3265 5116 reprobatur
3284 5045 3312 5100 ’ἲ
3336 5043 3482 5107 Quid
3508 5042 3575 5098 ad
3602 5056 3697 5095 nos
3714 5032 3878 5120 crime?

2301 5132 2647 5188 Simoniacae
2669 5132 2956 5189 haereseos
2980 5133 3007 5189 ‘?
3027 5134 3274 5190 Videant
3296 5132 3379 5188 illi
3401 5131 3540 5205 quid
3567 5125 3789 5190 fecerint,
3807 5126 3878 5205 qm

2301 5222 2471 5277 nobis
2500 5220 2864 5293 spiritualem
2895 5223 3143 5295 gratiam
3175 5204 3566 5278 vondiderunt
3603 5220 3656 5272 et
3682 5204 3877 5295 tradide-

2301 5314 2457 5374 runt,
2481 5309 2620 5381 quia
2640 5310 2795 5381 quod
2822 5310 3002 5367 semel
3025 5311 3361 5384 accepimus
3384 5315 3662 5371 tenemus,
3683 5313 3769 5357 nec
3789 5286 3879 5349 οἶδ·

2300 5398 2456 5453 cium
2491 5403 2760 5455 nostrum
2787 5398 3202 5456 dimittemus?
3240 5400 3289 5455 A
3317 5414 3567 5471 quorum
3591 5395 3728 5451 sorte
3752 5390 3874 5481 no.9?

2298 5491 2505 5561 putent
2543 5493 2836 5562 exceptos,
2874 5488 3143 5562 quamvis
3171 5466 3356 5544 multo
3388 5481 3774 5545 tolerabiliores
3789 5466 3875 5562 sini

2297 5556 2415 5649 isti,
2438 5577 2539 5654 qui
2560 5578 2632 5637 ab
2655 5556 3018 5657 emptori-bus
3046 5578 3245 5657 gratiae
3283 5577 3468 5657 gratis
3485 5565 3805 5650 acceperunt:
3826 5556 3874 5614 πί
