  <div class='ocr_page' id='page_1' title='image "/cluster/home/n/w/nwhite01/storage/ocr_20150623/143/hvd.32044054760038/558.png"; bbox 0 0 4086 6180; ppageno 0'>
   <div class='ocr_carea' id='block_1_1' title="bbox 195 363 339 423">
    <p class='ocr_par' dir='ltr' id='par_1_1' title="bbox 195 363 339 423">
     <span class='ocr_line' id='line_1_1' title="bbox 195 363 339 423; baseline 0.014 -2"><span class='ocrx_word' id='word_1_1' title='bbox 195 363 339 423; x_wconf 80' lang='grc' dir='ltr'>ΗΟΙ</span> 
     </span>
    </p>
   </div>
   <div class='ocr_carea' id='block_1_2' title="bbox 751 312 3026 431">
    <p class='ocr_par' dir='ltr' id='par_1_2' title="bbox 751 312 3026 431">
     <span class='ocr_line' id='line_1_2' title="bbox 751 312 3026 431; baseline 0.002 -7"><span class='ocrx_word' id='word_1_2' title='bbox 751 362 1165 428; x_wconf 79' lang='lat' dir='ltr'>ADVERSUS</span> <span class='ocrx_word' id='word_1_3' title='bbox 1212 362 1678 428; x_wconf 83' lang='lat' dir='ltr'>SIMONIACOS</span> <span class='ocrx_word' id='word_1_4' title='bbox 1725 362 1924 426; x_wconf 80' lang='lat' dir='ltr'><strong>LIBRI</strong></span> <span class='ocrx_word' id='word_1_5' title='bbox 1970 363 2193 427; x_wconf 83' lang='lat' dir='ltr'>&#39;l‘RES.</span> <span class='ocrx_word' id='word_1_6' title='bbox 2223 361 2550 426; x_wconf 79' lang='lat' dir='ltr'>—LIBER</span> <span class='ocrx_word' id='word_1_7' title='bbox 2595 312 3026 431; x_wconf 74' lang='lat' dir='ltr'>SECUNDIlS.</span> 
     </span>
    </p>
   </div>
   <div class='ocr_carea' id='block_1_3' title="bbox 3436 374 3588 438">
    <p class='ocr_par' dir='ltr' id='par_1_3' title="bbox 3436 374 3588 438">
     <span class='ocr_line' id='line_1_3' title="bbox 3436 374 3588 438; baseline 0.02 -3"><span class='ocrx_word' id='word_1_8' title='bbox 3436 374 3588 438; x_wconf 78' lang='grc'><strong>1102</strong></span> 
     </span>
    </p>
   </div>
   <div class='ocr_carea' id='block_1_4' title="bbox 195 496 3592 568">
    <p class='ocr_par' dir='ltr' id='par_1_4' title="bbox 195 496 3592 568">
     <span class='ocr_line' id='line_1_4' title="bbox 195 496 3592 568; baseline 0.004 -18"><span class='ocrx_word' id='word_1_9' title='bbox 195 499 456 568; x_wconf 81' lang='lat' dir='ltr'>putatur,</span> <span class='ocrx_word' id='word_1_10' title='bbox 488 496 737 566; x_wconf 80' lang='lat' dir='ltr'>gratiam</span> <span class='ocrx_word' id='word_1_11' title='bbox 767 498 1288 554; x_wconf 89' lang='lat' dir='ltr'>ecclesiasticorum</span> <span class='ocrx_word' id='word_1_12' title='bbox 1318 499 1614 566; x_wconf 89' lang='lat' dir='ltr'>ordinum,</span> <span class='ocrx_word' id='word_1_13' title='bbox 1648 497 1838 552; x_wconf 86' lang='lat' dir='ltr'>consi-</span> <span class='ocrx_word' id='word_1_14' title='bbox 1868 501 1923 563; x_wconf 81' lang='grc' dir='ltr'>Α</span> <span class='ocrx_word' id='word_1_15' title='bbox 1952 497 2088 552; x_wconf 82' lang='lat' dir='ltr'>dicti</span> <span class='ocrx_word' id='word_1_16' title='bbox 2119 503 2276 564; x_wconf 92' lang='lat' dir='ltr'>sunt,</span> <span class='ocrx_word' id='word_1_17' title='bbox 2307 498 2404 568; x_wconf 86' lang='lat' dir='ltr'>qui</span> <span class='ocrx_word' id='word_1_18' title='bbox 2449 515 2583 553; x_wconf 73' lang='lat' dir='ltr'>eum</span> <span class='ocrx_word' id='word_1_19' title='bbox 2633 516 2746 554; x_wconf 93' lang='lat' dir='ltr'>non</span> <span class='ocrx_word' id='word_1_20' title='bbox 2795 502 3092 558; x_wconf 81' lang='lat' dir='ltr'>credentes</span> <span class='ocrx_word' id='word_1_21' title='bbox 3122 503 3207 558; x_wconf 91' lang='lat' dir='ltr'>vel</span> <span class='ocrx_word' id='word_1_22' title='bbox 3257 505 3592 565; x_wconf 83' lang='lat' dir='ltr'>dubitantes</span> 
     </span>
    </p>
   </div>
   <div class='ocr_carea' id='block_1_5' title="bbox 196 584 1840 657">
    <p class='ocr_par' dir='ltr' id='par_1_5' title="bbox 196 584 1840 657">
     <span class='ocr_line' id='line_1_5' title="bbox 196 584 1840 657; baseline 0.001 -19"><span class='ocrx_word' id='word_1_23' title='bbox 196 585 397 640; x_wconf 89' lang='lat' dir='ltr'>derent</span> <span class='ocrx_word' id='word_1_24' title='bbox 414 585 569 656; x_wconf 91' lang='lat' dir='ltr'>quod</span> <span class='ocrx_word' id='word_1_25' title='bbox 590 584 879 657; x_wconf 82' lang='lat' dir='ltr'>principes</span> <span class='ocrx_word' id='word_1_26' title='bbox 893 587 1258 642; x_wconf 90' lang='lat' dir='ltr'>sacerdotum</span> <span class='ocrx_word' id='word_1_27' title='bbox 1277 587 1476 642; x_wconf 90' lang='lat' dir='ltr'>Jesum</span> <span class='ocrx_word' id='word_1_28' title='bbox 1498 603 1669 657; x_wconf 85' lang='lat' dir='ltr'>quem</span> <span class='ocrx_word' id='word_1_29' title='bbox 1690 601 1840 640; x_wconf 90' lang='lat' dir='ltr'>cme-</span> 
     </span>
    </p>
   </div>
   <div class='ocr_carea' id='block_1_6' title="bbox 190 673 1839 744">
    <p class='ocr_par' dir='ltr' id='par_1_6' title="bbox 190 673 1839 744">
     <span class='ocr_line' id='line_1_6' title="bbox 190 673 1839 744; baseline 0.001 -16"><span class='ocrx_word' id='word_1_30' title='bbox 190 678 319 728; x_wconf 89' lang='lat' dir='ltr'>rant</span> <span class='ocrx_word' id='word_1_31' title='bbox 348 673 541 729; x_wconf 80' lang='lat' dir='ltr'>turbis</span> <span class='ocrx_word' id='word_1_32' title='bbox 571 690 823 744; x_wconf 90' lang='lat' dir='ltr'>quarum</span> <span class='ocrx_word' id='word_1_33' title='bbox 871 675 1118 730; x_wconf 81' lang='lat' dir='ltr'>favorem</span> <span class='ocrx_word' id='word_1_34' title='bbox 1154 676 1264 732; x_wconf 86' lang='lat' dir='ltr'>sibi</span> <span class='ocrx_word' id='word_1_35' title='bbox 1295 675 1674 731; x_wconf 76' lang='lat' dir='ltr'>conciliarent</span> <span class='ocrx_word' id='word_1_36' title='bbox 1703 675 1839 730; x_wconf 89' lang='lat' dir='ltr'>dare</span> 
     </span>
    </p>
   </div>
   <div class='ocr_carea' id='block_1_7' title="bbox 188 761 1833 836">
    <p class='ocr_par' dir='ltr' id='par_1_7' title="bbox 188 761 1833 836">
     <span class='ocr_line' id='line_1_7' title="bbox 188 761 1833 836; baseline 0 -20"><span class='ocrx_word' id='word_1_37' title='bbox 188 761 595 832; x_wconf 90' lang='lat' dir='ltr'>nequiverunt,</span> <span class='ocrx_word' id='word_1_38' title='bbox 621 763 719 817; x_wconf 89' lang='lat' dir='ltr'>sed</span> <span class='ocrx_word' id='word_1_39' title='bbox 752 764 1073 819; x_wconf 90' lang='lat' dir='ltr'>secundum</span> <span class='ocrx_word' id='word_1_40' title='bbox 1104 766 1256 836; x_wconf 91' lang='lat' dir='ltr'>quod</span> <span class='ocrx_word' id='word_1_41' title='bbox 1291 765 1374 819; x_wconf 91' lang='lat' dir='ltr'>eis</span> <span class='ocrx_word' id='word_1_42' title='bbox 1404 767 1833 836; x_wconf 83' lang='lat' dir='ltr'>persuaserant,</span> 
     </span>
    </p>
   </div>
   <div class='ocr_carea' id='block_1_8' title="bbox 186 851 1838 918">
    <p class='ocr_par' dir='ltr' id='par_1_8' title="bbox 186 851 1838 918">
     <span class='ocr_line' id='line_1_8' title="bbox 186 851 1838 918; baseline 0.001 -13"><span class='ocrx_word' id='word_1_43' title='bbox 186 851 536 918; x_wconf 85' lang='lat' dir='ltr'>Barabbam,</span> <span class='ocrx_word' id='word_1_44' title='bbox 585 851 928 907; x_wconf 87' lang='lat' dir='ltr'>seditiosum</span> <span class='ocrx_word' id='word_1_45' title='bbox 977 851 1261 908; x_wconf 82' lang='lat' dir='ltr'>latronem</span> <span class='ocrx_word' id='word_1_46' title='bbox 1312 857 1368 908; x_wconf 90' lang='lat' dir='ltr'>et</span> <span class='ocrx_word' id='word_1_47' title='bbox 1416 852 1771 908; x_wconf 89' lang='lat' dir='ltr'>homicidam</span> <span class='ocrx_word' id='word_1_48' title='bbox 1803 869 1838 907; x_wconf 92' lang='lat' dir='ltr'>a</span> 
     </span>
    </p>
   </div>
   <div class='ocr_carea' id='block_1_9' title="bbox 178 940 1834 1015">
    <p class='ocr_par' dir='ltr' id='par_1_9' title="bbox 178 940 1834 1015">
     <span class='ocr_line' id='line_1_9' title="bbox 178 940 1834 1015; baseline 0 -20"><span class='ocrx_word' id='word_1_49' title='bbox 178 941 377 1012; x_wconf 90' lang='lat' dir='ltr'>judice</span> <span class='ocrx_word' id='word_1_50' title='bbox 406 940 816 1012; x_wconf 86' lang='lat' dir='ltr'>impetrarunt.</span> <span class='ocrx_word' id='word_1_51' title='bbox 842 941 934 996; x_wconf 84' lang='lat' dir='ltr'>Sic</span> <span class='ocrx_word' id='word_1_52' title='bbox 961 942 1140 997; x_wconf 87' lang='lat' dir='ltr'>miser</span> <span class='ocrx_word' id='word_1_53' title='bbox 1167 941 1263 998; x_wconf 90' lang='lat' dir='ltr'>ille</span> <span class='ocrx_word' id='word_1_54' title='bbox 1295 941 1567 1015; x_wconf 89' lang='lat' dir='ltr'>populus,</span> <span class='ocrx_word' id='word_1_55' title='bbox 1596 958 1834 1014; x_wconf 86' lang='lat' dir='ltr'>persua-</span> 
     </span>
    </p>
   </div>
   <div class='ocr_carea' id='block_1_10' title="bbox 183 1029 1832 1099">
    <p class='ocr_par' dir='ltr' id='par_1_10' title="bbox 183 1029 1832 1099">
     <span class='ocr_line' id='line_1_10' title="bbox 183 1029 1832 1099; baseline -0.001 -14"><span class='ocrx_word' id='word_1_56' title='bbox 183 1047 284 1085; x_wconf 89' lang='lat' dir='ltr'>sus</span> <span class='ocrx_word' id='word_1_57' title='bbox 315 1046 350 1084; x_wconf 89' lang='lat' dir='ltr'>a</span> <span class='ocrx_word' id='word_1_58' title='bbox 382 1029 689 1084; x_wconf 68' lang='lat' dir='ltr'>Pharisais</span> <span class='ocrx_word' id='word_1_59' title='bbox 722 1035 778 1084; x_wconf 92' lang='lat' dir='ltr'>et</span> <span class='ocrx_word' id='word_1_60' title='bbox 826 1031 1123 1099; x_wconf 89' lang='lat' dir='ltr'>seductus,</span> <span class='ocrx_word' id='word_1_61' title='bbox 1157 1031 1504 1098; x_wconf 66' lang='lat' dir='ltr'>Pharisazus,</span> <span class='ocrx_word' id='word_1_62' title='bbox 1535 1030 1595 1085; x_wconf 88' lang='lat' dir='ltr'>id</span> <span class='ocrx_word' id='word_1_63' title='bbox 1627 1034 1715 1085; x_wconf 88' lang='lat' dir='ltr'>est</span> <span class='ocrx_word' id='word_1_64' title='bbox 1746 1031 1832 1084; x_wconf 91' lang='lat' dir='ltr'>di-</span> 
     </span>
    </p>
   </div>
   <div class='ocr_carea' id='block_1_11' title="bbox 182 1117 1834 1191">
    <p class='ocr_par' dir='ltr' id='par_1_11' title="bbox 182 1117 1834 1191">
     <span class='ocr_line' id='line_1_11' title="bbox 182 1117 1834 1191; baseline 0.001 -18"><span class='ocrx_word' id='word_1_65' title='bbox 182 1119 343 1174; x_wconf 72' lang='lat' dir='ltr'>visus</span> <span class='ocrx_word' id='word_1_66' title='bbox 372 1135 406 1173; x_wconf 89' lang='lat' dir='ltr'>a</span> <span class='ocrx_word' id='word_1_67' title='bbox 436 1117 552 1173; x_wconf 89' lang='lat' dir='ltr'>Deo</span> <span class='ocrx_word' id='word_1_68' title='bbox 583 1117 752 1172; x_wconf 90' lang='lat' dir='ltr'>Patre</span> <span class='ocrx_word' id='word_1_69' title='bbox 781 1121 838 1172; x_wconf 91' lang='lat' dir='ltr'>et</span> <span class='ocrx_word' id='word_1_70' title='bbox 859 1118 1156 1191; x_wconf 84' lang='lat' dir='ltr'>Magistro,</span> <span class='ocrx_word' id='word_1_71' title='bbox 1183 1119 1304 1174; x_wconf 84' lang='lat' dir='ltr'>ficri</span> <span class='ocrx_word' id='word_1_72' title='bbox 1337 1119 1570 1187; x_wconf 90' lang='lat' dir='ltr'>meruit,</span> <span class='ocrx_word' id='word_1_73' title='bbox 1592 1125 1649 1174; x_wconf 90' lang='lat' dir='ltr'>et</span> <span class='ocrx_word' id='word_1_74' title='bbox 1676 1118 1834 1175; x_wconf 83' lang='lat' dir='ltr'>ﬁlius</span> 
     </span>
    </p>
   </div>
   <div class='ocr_carea' id='block_1_12' title="bbox 185 1206 1835 1281">
    <p class='ocr_par' dir='ltr' id='par_1_12' title="bbox 185 1206 1835 1281">
     <span class='ocr_line' id='line_1_12' title="bbox 185 1206 1835 1281; baseline 0 -19"><span class='ocrx_word' id='word_1_75' title='bbox 185 1208 367 1281; x_wconf 87' lang='lat' dir='ltr'>patris</span> <span class='ocrx_word' id='word_1_76' title='bbox 397 1206 484 1262; x_wconf 89' lang='lat' dir='ltr'>vel</span> <span class='ocrx_word' id='word_1_77' title='bbox 519 1206 784 1279; x_wconf 85' lang='lat' dir='ltr'>magistri</span> <span class='ocrx_word' id='word_1_78' title='bbox 830 1224 1031 1262; x_wconf 90' lang='lat' dir='ltr'>eorum</span> <span class='ocrx_word' id='word_1_79' title='bbox 1062 1208 1234 1275; x_wconf 83' lang='lat' dir='ltr'>efﬁci,</span> <span class='ocrx_word' id='word_1_80' title='bbox 1266 1212 1332 1263; x_wconf 91' lang='lat' dir='ltr'>ut</span> <span class='ocrx_word' id='word_1_81' title='bbox 1360 1208 1633 1280; x_wconf 88' lang='lat' dir='ltr'>deinceps</span> <span class='ocrx_word' id='word_1_82' title='bbox 1657 1209 1835 1263; x_wconf 81' lang='lat' dir='ltr'>frater</span> 
     </span>
    </p>
   </div>
   <div class='ocr_carea' id='block_1_13' title="bbox 186 1296 1832 1368">
    <p class='ocr_par' dir='ltr' id='par_1_13' title="bbox 186 1296 1832 1368">
     <span class='ocr_line' id='line_1_13' title="bbox 186 1296 1832 1368; baseline 0 -17"><span class='ocrx_word' id='word_1_83' title='bbox 186 1296 414 1352; x_wconf 89' lang='lat' dir='ltr'>illorum</span> <span class='ocrx_word' id='word_1_84' title='bbox 443 1300 615 1362; x_wconf 88' lang='lat' dir='ltr'>esset,</span> <span class='ocrx_word' id='word_1_85' title='bbox 642 1296 738 1367; x_wconf 92' lang='lat' dir='ltr'>qui</span> <span class='ocrx_word' id='word_1_86' title='bbox 765 1311 829 1350; x_wconf 82' lang='lat' dir='ltr'>ex</span> <span class='ocrx_word' id='word_1_87' title='bbox 855 1303 1018 1368; x_wconf 89' lang='lat' dir='ltr'>patre</span> <span class='ocrx_word' id='word_1_88' title='bbox 1049 1296 1278 1352; x_wconf 81' lang='lat' dir='ltr'>diabolo</span> <span class='ocrx_word' id='word_1_89' title='bbox 1299 1296 1384 1352; x_wconf 88' lang='lat' dir='ltr'>vel</span> <span class='ocrx_word' id='word_1_90' title='bbox 1407 1314 1470 1352; x_wconf 81' lang='lat' dir='ltr'>cx</span> <span class='ocrx_word' id='word_1_91' title='bbox 1496 1297 1832 1368; x_wconf 90' lang='lat' dir='ltr'>magisterio</span> 
     </span>
    </p>
   </div>
   <div class='ocr_carea' id='block_1_14' title="bbox 187 1384 1833 1457">
    <p class='ocr_par' dir='ltr' id='par_1_14' title="bbox 187 1384 1833 1457">
     <span class='ocr_line' id='line_1_14' title="bbox 187 1384 1833 1457; baseline -0.001 -16"><span class='ocrx_word' id='word_1_92' title='bbox 187 1387 316 1456; x_wconf 86' lang='lat' dir='ltr'>ejus</span> <span class='ocrx_word' id='word_1_93' title='bbox 348 1390 531 1440; x_wconf 90' lang='lat' dir='ltr'>erant.</span> <span class='ocrx_word' id='word_1_94' title='bbox 567 1384 683 1439; x_wconf 89' lang='lat' dir='ltr'>Hoc</span> <span class='ocrx_word' id='word_1_95' title='bbox 727 1385 884 1440; x_wconf 90' lang='lat' dir='ltr'>enim</span> <span class='ocrx_word' id='word_1_96' title='bbox 938 1385 1351 1457; x_wconf 88' lang='lat' dir='ltr'>interpretatur</span> <span class='ocrx_word' id='word_1_97' title='bbox 1399 1386 1713 1452; x_wconf 90' lang='lat' dir='ltr'>Barabbas,</span> <span class='ocrx_word' id='word_1_98' title='bbox 1745 1385 1833 1440; x_wconf 93' lang='lat' dir='ltr'>vel</span> 
     </span>
    </p>
   </div>
   <div class='ocr_carea' id='block_1_15' title="bbox 185 1473 1832 1546">
    <p class='ocr_par' dir='ltr' id='par_1_15' title="bbox 185 1473 1832 1546">
     <span class='ocr_line' id='line_1_15' title="bbox 185 1473 1832 1546; baseline -0.001 -17"><span class='ocrx_word' id='word_1_99' title='bbox 185 1475 526 1530; x_wconf 81' lang='lat' dir='ltr'>Barrabbas.</span> <span class='ocrx_word' id='word_1_100' title='bbox 543 1473 664 1536; x_wconf 89' lang='lat' dir='ltr'>Quo</span> <span class='ocrx_word' id='word_1_101' title='bbox 689 1474 837 1528; x_wconf 88' lang='lat' dir='ltr'>facto</span> <span class='ocrx_word' id='word_1_102' title='bbox 858 1478 1086 1529; x_wconf 91' lang='lat' dir='ltr'>tantum</span> <span class='ocrx_word' id='word_1_103' title='bbox 1109 1475 1240 1530; x_wconf 82' lang='lat' dir='ltr'>fidei</span> <span class='ocrx_word' id='word_1_104' title='bbox 1263 1475 1523 1546; x_wconf 75' lang='lat' dir='ltr'>pristina:</span> <span class='ocrx_word' id='word_1_105' title='bbox 1545 1475 1832 1530; x_wconf 85' lang='lat' dir='ltr'>defectum</span> 
     </span>
    </p>
   </div>
   <div class='ocr_carea' id='block_1_16' title="bbox 184 1561 1833 1636">
    <p class='ocr_par' dir='ltr' id='par_1_16' title="bbox 184 1561 1833 1636">
     <span class='ocr_line' id='line_1_16' title="bbox 184 1561 1833 1636; baseline -0.001 -17"><span class='ocrx_word' id='word_1_106' title='bbox 184 1563 427 1619; x_wconf 84' lang='lat' dir='ltr'>incurrit</span> <span class='ocrx_word' id='word_1_107' title='bbox 477 1566 563 1628; x_wconf 93' lang='lat' dir='ltr'>ut,</span> <span class='ocrx_word' id='word_1_108' title='bbox 596 1561 696 1634; x_wconf 90' lang='lat' dir='ltr'>qui</span> <span class='ocrx_word' id='word_1_109' title='bbox 746 1561 917 1634; x_wconf 90' lang='lat' dir='ltr'>paulo</span> <span class='ocrx_word' id='word_1_110' title='bbox 958 1563 1120 1635; x_wconf 90' lang='lat' dir='ltr'>prius</span> <span class='ocrx_word' id='word_1_111' title='bbox 1150 1564 1395 1619; x_wconf 90' lang='lat' dir='ltr'>Domino</span> <span class='ocrx_word' id='word_1_112' title='bbox 1439 1580 1572 1619; x_wconf 92' lang='lat' dir='ltr'>cum</span> <span class='ocrx_word' id='word_1_113' title='bbox 1623 1562 1833 1636; x_wconf 80' lang='lat' dir='ltr'>palmis</span> 
     </span>
    </p>
   </div>
   <div class='ocr_carea' id='block_1_17' title="bbox 180 1651 1832 1723">
    <p class='ocr_par' dir='ltr' id='par_1_17' title="bbox 180 1651 1832 1723">
     <span class='ocr_line' id='line_1_17' title="bbox 180 1651 1832 1723; baseline -0.001 -15"><span class='ocrx_word' id='word_1_114' title='bbox 180 1652 408 1709; x_wconf 85' lang='lat' dir='ltr'>obviam</span> <span class='ocrx_word' id='word_1_115' title='bbox 440 1656 693 1718; x_wconf 89' lang='lat' dir='ltr'>venerat,</span> <span class='ocrx_word' id='word_1_116' title='bbox 717 1656 774 1705; x_wconf 91' lang='lat' dir='ltr'>ct</span> <span class='ocrx_word' id='word_1_117' title='bbox 805 1651 1150 1707; x_wconf 90' lang='lat' dir='ltr'>vestimenta</span> <span class='ocrx_word' id='word_1_118' title='bbox 1181 1669 1288 1707; x_wconf 91' lang='lat' dir='ltr'>sua</span> <span class='ocrx_word' id='word_1_119' title='bbox 1320 1669 1629 1723; x_wconf 89' lang='lat' dir='ltr'>ramosque</span> <span class='ocrx_word' id='word_1_120' title='bbox 1664 1651 1832 1707; x_wconf 88' lang='lat' dir='ltr'>arbo-</span> 
     </span>
    </p>
   </div>
   <div class='ocr_carea' id='block_1_18' title="bbox 180 1739 1829 1808">
    <p class='ocr_par' dir='ltr' id='par_1_18' title="bbox 180 1739 1829 1808">
     <span class='ocr_line' id='line_1_18' title="bbox 180 1739 1829 1808; baseline -0.001 -11"><span class='ocrx_word' id='word_1_121' title='bbox 180 1759 308 1797; x_wconf 88' lang='lat' dir='ltr'>rum</span> <span class='ocrx_word' id='word_1_122' title='bbox 341 1741 400 1795; x_wconf 93' lang='lat' dir='ltr'>in</span> <span class='ocrx_word' id='word_1_123' title='bbox 430 1739 523 1795; x_wconf 89' lang='lat' dir='ltr'>via</span> <span class='ocrx_word' id='word_1_124' title='bbox 569 1739 730 1795; x_wconf 91' lang='lat' dir='ltr'>illius</span> <span class='ocrx_word' id='word_1_125' title='bbox 776 1743 1078 1807; x_wconf 77' lang='lat' dir='ltr'>straverat,</span> <span class='ocrx_word' id='word_1_126' title='bbox 1112 1747 1168 1796; x_wconf 88' lang='lat' dir='ltr'>et</span> <span class='ocrx_word' id='word_1_127' title='bbox 1197 1743 1431 1796; x_wconf 82' lang='lat' dir='ltr'>Osanna</span> <span class='ocrx_word' id='word_1_128' title='bbox 1461 1741 1579 1796; x_wconf 81' lang='lat' dir='ltr'>filio</span> <span class='ocrx_word' id='word_1_129' title='bbox 1628 1740 1829 1808; x_wconf 89' lang='lat' dir='ltr'>David,</span> 
     </span>
    </p>
   </div>
   <div class='ocr_carea' id='block_1_19' title="bbox 1948 585 3593 664">
    <p class='ocr_par' dir='ltr' id='par_1_19' title="bbox 1948 585 3593 664">
     <span class='ocr_line' id='line_1_19' title="bbox 1948 585 3593 664; baseline 0.008 -24"><span class='ocrx_word' id='word_1_130' title='bbox 1948 586 2151 653; x_wconf 91' lang='lat' dir='ltr'>Deum,</span> <span class='ocrx_word' id='word_1_131' title='bbox 2185 585 2341 641; x_wconf 85' lang='lat' dir='ltr'>velut</span> <span class='ocrx_word' id='word_1_132' title='bbox 2388 586 2684 642; x_wconf 86' lang='lat' dir='ltr'>hominem</span> <span class='ocrx_word' id='word_1_133' title='bbox 2736 605 2970 659; x_wconf 88' lang='lat' dir='ltr'>purum,</span> <span class='ocrx_word' id='word_1_134' title='bbox 3012 608 3114 662; x_wconf 92' lang='lat' dir='ltr'>pro</span> <span class='ocrx_word' id='word_1_135' title='bbox 3164 609 3310 664; x_wconf 89' lang='lat' dir='ltr'>puro</span> <span class='ocrx_word' id='word_1_136' title='bbox 3357 595 3593 654; x_wconf 86' lang='lat' dir='ltr'>homine</span> 
     </span>
    </p>
   </div>
   <div class='ocr_carea' id='block_1_20' title="bbox 1945 674 3591 747">
    <p class='ocr_par' dir='ltr' id='par_1_20' title="bbox 1945 674 3591 747">
     <span class='ocr_line' id='line_1_20' title="bbox 1945 674 3591 747; baseline 0.008 -19"><span class='ocrx_word' id='word_1_137' title='bbox 1945 674 2413 730; x_wconf 85' lang='lat' dir='ltr'>interficiendum</span> <span class='ocrx_word' id='word_1_138' title='bbox 2433 676 2618 746; x_wconf 89' lang='lat' dir='ltr'>judici</span> <span class='ocrx_word' id='word_1_139' title='bbox 2642 677 3024 747; x_wconf 87' lang='lat' dir='ltr'>tradiderunt,</span> <span class='ocrx_word' id='word_1_140' title='bbox 3047 680 3487 740; x_wconf 89' lang='lat' dir='ltr'>dubitabiturne</span> <span class='ocrx_word' id='word_1_141' title='bbox 3517 703 3591 741; x_wconf 92' lang='lat' dir='ltr'>an</span> 
     </span>
    </p>
   </div>
   <div class='ocr_carea' id='block_1_21' title="bbox 1947 765 3590 838">
    <p class='ocr_par' dir='ltr' id='par_1_21' title="bbox 1947 765 3590 838">
     <span class='ocr_line' id='line_1_21' title="bbox 1947 765 3590 838; baseline 0.007 -20"><span class='ocrx_word' id='word_1_142' title='bbox 1947 770 2158 836; x_wconf 86' lang='lat' dir='ltr'>negent</span> <span class='ocrx_word' id='word_1_143' title='bbox 2187 765 2470 836; x_wconf 91' lang='lat' dir='ltr'>Spiritum</span> <span class='ocrx_word' id='word_1_144' title='bbox 2493 773 2758 820; x_wconf 85' lang='lat' dir='ltr'>sanetum</span> <span class='ocrx_word' id='word_1_145' title='bbox 2793 767 2892 838; x_wconf 91' lang='lat' dir='ltr'>qui</span> <span class='ocrx_word' id='word_1_146' title='bbox 2915 784 2976 822; x_wconf 87' lang='lat' dir='ltr'>se</span> <span class='ocrx_word' id='word_1_147' title='bbox 2997 775 3269 825; x_wconf 85' lang='lat' dir='ltr'>asserunt</span> <span class='ocrx_word' id='word_1_148' title='bbox 3298 787 3431 828; x_wconf 91' lang='lat' dir='ltr'>eum</span> <span class='ocrx_word' id='word_1_149' title='bbox 3465 791 3590 830; x_wconf 86' lang='lat' dir='ltr'>om-</span> 
     </span>
    </p>
   </div>
   <div class='ocr_carea' id='block_1_22' title="bbox 1947 852 3588 932">
    <p class='ocr_par' dir='ltr' id='par_1_22' title="bbox 1947 852 3588 932">
     <span class='ocr_line' id='line_1_22' title="bbox 1947 852 3588 932; baseline 0.008 -26"><span class='ocrx_word' id='word_1_150' title='bbox 1947 852 2083 907; x_wconf 91' lang='lat' dir='ltr'>nino</span> <span class='ocrx_word' id='word_1_151' title='bbox 2111 854 2340 908; x_wconf 86' lang='lat' dir='ltr'>credere</span> <span class='ocrx_word' id='word_1_152' title='bbox 2372 855 2551 909; x_wconf 92' lang='lat' dir='ltr'>Deum</span> <span class='ocrx_word' id='word_1_153' title='bbox 2584 859 2641 908; x_wconf 92' lang='lat' dir='ltr'>et</span> <span class='ocrx_word' id='word_1_154' title='bbox 2671 854 3004 920; x_wconf 90' lang='lat' dir='ltr'>Dominum,</span> <span class='ocrx_word' id='word_1_155' title='bbox 3028 861 3083 911; x_wconf 89' lang='lat' dir='ltr'>et</span> <span class='ocrx_word' id='word_1_156' title='bbox 3104 862 3298 915; x_wconf 91' lang='lat' dir='ltr'>tamen</span> <span class='ocrx_word' id='word_1_157' title='bbox 3323 878 3424 932; x_wconf 91' lang='lat' dir='ltr'>pro</span> <span class='ocrx_word' id='word_1_158' title='bbox 3447 879 3588 919; x_wconf 89' lang='lat' dir='ltr'>auro</span> 
     </span>
    </p>
   </div>
   <div class='ocr_carea' id='block_1_23' title="bbox 1944 942 3588 1022">
    <p class='ocr_par' dir='ltr' id='par_1_23' title="bbox 1944 942 3588 1022">
     <span class='ocr_line' id='line_1_23' title="bbox 1944 942 3588 1022; baseline 0.007 -27"><span class='ocrx_word' id='word_1_159' title='bbox 1944 943 2244 997; x_wconf 87' lang='lat' dir='ltr'>vendunt?</span> <span class='ocrx_word' id='word_1_160' title='bbox 2266 943 2348 1009; x_wconf 87' lang='lat' dir='ltr'>Et,</span> <span class='ocrx_word' id='word_1_161' title='bbox 2376 960 2407 997; x_wconf 89' lang='grc' dir='ltr'>ο</span> <span class='ocrx_word' id='word_1_162' title='bbox 2439 948 2656 1014; x_wconf 88' lang='lat' dir='ltr'>quanto</span> <span class='ocrx_word' id='word_1_163' title='bbox 2687 942 3047 999; x_wconf 81' lang='lat' dir='ltr'>tolerabilior</span> <span class='ocrx_word' id='word_1_164' title='bbox 3082 945 3203 1000; x_wconf 70' lang='lat' dir='ltr'>haec</span> <span class='ocrx_word' id='word_1_165' title='bbox 3236 951 3464 1022; x_wconf 87' lang='lat' dir='ltr'>negatio</span> <span class='ocrx_word' id='word_1_166' title='bbox 3498 953 3588 1007; x_wconf 83' lang='lat' dir='ltr'>fo-</span> 
     </span>
    </p>
   </div>
   <div class='ocr_carea' id='block_1_24' title="bbox 1944 1031 3585 1110">
    <p class='ocr_par' dir='ltr' id='par_1_24' title="bbox 1944 1031 3585 1110">
     <span class='ocr_line' id='line_1_24' title="bbox 1944 1031 3585 1110; baseline 0.008 -26"><span class='ocrx_word' id='word_1_167' title='bbox 1944 1036 2050 1098; x_wconf 90' lang='lat' dir='ltr'>ret,</span> <span class='ocrx_word' id='word_1_168' title='bbox 2083 1031 2132 1085; x_wconf 91' lang='lat' dir='ltr'>si</span> <span class='ocrx_word' id='word_1_169' title='bbox 2163 1031 2249 1087; x_wconf 90' lang='lat' dir='ltr'>vel</span> <span class='ocrx_word' id='word_1_170' title='bbox 2283 1049 2383 1103; x_wconf 89' lang='lat' dir='ltr'>pro</span> <span class='ocrx_word' id='word_1_171' title='bbox 2414 1031 2649 1087; x_wconf 90' lang='lat' dir='ltr'>homine</span> <span class='ocrx_word' id='word_1_172' title='bbox 2681 1033 2866 1088; x_wconf 84' lang='lat' dir='ltr'>ﬁeret!</span> <span class='ocrx_word' id='word_1_173' title='bbox 2914 1037 3074 1090; x_wconf 88' lang='lat' dir='ltr'>tanto</span> <span class='ocrx_word' id='word_1_174' title='bbox 3121 1035 3340 1108; x_wconf 90' lang='lat' dir='ltr'>utique,</span> <span class='ocrx_word' id='word_1_175' title='bbox 3367 1044 3585 1110; x_wconf 90' lang='lat' dir='ltr'>quanto</span> 
     </span>
    </p>
   </div>
   <div class='ocr_carea' id='block_1_25' title="bbox 1943 1119 2686 1192">
    <p class='ocr_par' dir='ltr' id='par_1_25' title="bbox 1943 1119 2686 1192">
     <span class='ocr_line' id='line_1_25' title="bbox 1943 1119 2686 1192; baseline 0 -18"><span class='ocrx_word' id='word_1_176' title='bbox 1943 1119 2130 1191; x_wconf 88' lang='lat' dir='ltr'>potior</span> <span class='ocrx_word' id='word_1_177' title='bbox 2158 1124 2245 1176; x_wconf 89' lang='lat' dir='ltr'>est</span> <span class='ocrx_word' id='word_1_178' title='bbox 2274 1119 2448 1175; x_wconf 91' lang='lat' dir='ltr'>homo</span> <span class='ocrx_word' id='word_1_179' title='bbox 2476 1120 2686 1192; x_wconf 87' lang='lat' dir='ltr'>lapide.</span> 
     </span>
    </p>
   </div>
   <div class='ocr_carea' id='block_1_26' title="bbox 2535 1226 2990 1284">
    <p class='ocr_par' dir='ltr' id='par_1_26' title="bbox 2535 1226 2990 1284">
     <span class='ocr_line' id='line_1_26' title="bbox 2535 1226 2990 1284; baseline 0.004 -4"><span class='ocrx_word' id='word_1_180' title='bbox 2535 1226 2763 1282; x_wconf 83' lang='lat' dir='ltr'>CAPUT</span> <span class='ocrx_word' id='word_1_181' title='bbox 2803 1228 2990 1284; x_wconf 80' lang='lat' dir='ltr'>XXVI.</span> 
     </span>
    </p>
   </div>
   <div class='ocr_carea' id='block_1_27' title="bbox 1943 1314 3588 1394">
    <p class='ocr_par' dir='ltr' id='par_1_27' title="bbox 1943 1314 3588 1394">
     <span class='ocr_line' id='line_1_27' title="bbox 1943 1314 3588 1394; baseline 0.007 -26"><span class='ocrx_word' id='word_1_182' title='bbox 1943 1314 2091 1394; x_wconf 69' lang='lat' dir='ltr'>Quod</span> <span class='ocrx_word' id='word_1_183' title='bbox 2122 1316 2224 1382; x_wconf 85' lang='lat' dir='ltr'>nil,</span> <span class='ocrx_word' id='word_1_184' title='bbox 2251 1317 2369 1394; x_wconf 75' lang='lat' dir='ltr'>nisi</span> <span class='ocrx_word' id='word_1_185' title='bbox 2407 1316 2835 1394; x_wconf 60' lang='lat' dir='ltr'>daniizationcm,</span> <span class='ocrx_word' id='word_1_186' title='bbox 2868 1335 2900 1371; x_wconf 88' lang='lat' dir='ltr'>a</span> <span class='ocrx_word' id='word_1_187' title='bbox 2948 1317 3271 1394; x_wconf 64' lang='lat' dir='ltr'>Simoniacis</span> <span class='ocrx_word' id='word_1_188' title='bbox 3315 1326 3588 1394; x_wconf 77' lang='lat' dir='ltr'>accipiant</span> 
     </span>
    </p>
   </div>
   <div class='ocr_carea' id='block_1_28' title="bbox 2011 1385 3587 1467">
    <p class='ocr_par' dir='ltr' id='par_1_28' title="bbox 2011 1385 3587 1467">
     <span class='ocr_line' id='line_1_28' title="bbox 2011 1385 3587 1467; baseline 0.008 -28"><span class='ocrx_word' id='word_1_189' title='bbox 2011 1388 2187 1467; x_wconf 58' lang='lat' dir='ltr'>etiam</span> <span class='ocrx_word' id='word_1_190' title='bbox 2222 1387 2394 1467; x_wconf 78' lang='lat' dir='ltr'>gratis</span> <span class='ocrx_word' id='word_1_191' title='bbox 2438 1385 2696 1467; x_wconf 75' lang='lat' dir='ltr'>ordinati,</span> <span class='ocrx_word' id='word_1_192' title='bbox 2738 1391 2789 1441; x_wconf 83' lang='lat' dir='ltr'>et</span> <span class='ocrx_word' id='word_1_193' title='bbox 2839 1389 2979 1458; x_wconf 83' lang='lat' dir='ltr'>quod</span> <span class='ocrx_word' id='word_1_194' title='bbox 3028 1389 3176 1446; x_wconf 87' lang='lat' dir='ltr'>idola</span> <span class='ocrx_word' id='word_1_195' title='bbox 3225 1385 3442 1462; x_wconf 61' lang='lat' dir='ltr'>faciant</span> <span class='ocrx_word' id='word_1_196' title='bbox 3487 1411 3587 1467; x_wconf 86' lang='lat' dir='ltr'>pro</span> 
     </span>
    </p>
   </div>
   <div class='ocr_carea' id='block_1_29' title="bbox 2014 1457 2484 1513">
    <p class='ocr_par' dir='ltr' id='par_1_29' title="bbox 2014 1457 2484 1513">
     <span class='ocr_line' id='line_1_29' title="bbox 2014 1457 2484 1513; baseline -0.002 -2"><span class='ocrx_word' id='word_1_197' title='bbox 2014 1457 2219 1513; x_wconf 78' lang='lat' dir='ltr'>Christo</span> <span class='ocrx_word' id='word_1_198' title='bbox 2245 1457 2484 1512; x_wconf 84' lang='lat' dir='ltr'>adorari.</span> 
     </span>
    </p>
   </div>
   <div class='ocr_carea' id='block_1_30' title="bbox 2014 1562 3591 1640">
    <p class='ocr_par' dir='ltr' id='par_1_30' title="bbox 2014 1562 3591 1640">
     <span class='ocr_line' id='line_1_30' title="bbox 2014 1562 3591 1640; baseline 0.006 -24"><span class='ocrx_word' id='word_1_199' title='bbox 2014 1562 2156 1617; x_wconf 90' lang='lat' dir='ltr'>Hine</span> <span class='ocrx_word' id='word_1_200' title='bbox 2189 1579 2425 1619; x_wconf 90' lang='lat' dir='ltr'>necesse</span> <span class='ocrx_word' id='word_1_201' title='bbox 2447 1580 2574 1619; x_wconf 90' lang='lat' dir='ltr'>esse</span> <span class='ocrx_word' id='word_1_202' title='bbox 2597 1563 2872 1637; x_wconf 85' lang='lat' dir='ltr'>colligant</span> <span class='ocrx_word' id='word_1_203' title='bbox 2893 1566 3033 1638; x_wconf 91' lang='lat' dir='ltr'>quid</span> <span class='ocrx_word' id='word_1_204' title='bbox 3057 1568 3385 1640; x_wconf 88' lang='lat' dir='ltr'>acceperint</span> <span class='ocrx_word' id='word_1_205' title='bbox 3406 1587 3438 1624; x_wconf 89' lang='lat' dir='ltr'>a</span> <span class='ocrx_word' id='word_1_206' title='bbox 3458 1570 3591 1626; x_wconf 90' lang='lat' dir='ltr'>tali-</span> 
     </span>
    </p>
   </div>
   <div class='ocr_carea' id='block_1_31' title="bbox 1941 1651 3593 1732">
    <p class='ocr_par' dir='ltr' id='par_1_31' title="bbox 1941 1651 3593 1732">
     <span class='ocr_line' id='line_1_31' title="bbox 1941 1651 3593 1732; baseline 0.005 -26"><span class='ocrx_word' id='word_1_207' title='bbox 1941 1651 2052 1706; x_wconf 91' lang='lat' dir='ltr'>bus</span> <span class='ocrx_word' id='word_1_208' title='bbox 2065 1651 2318 1723; x_wconf 90' lang='lat' dir='ltr'>Spiritus</span> <span class='ocrx_word' id='word_1_209' title='bbox 2332 1652 2515 1707; x_wconf 90' lang='lat' dir='ltr'>sancti</span> <span class='ocrx_word' id='word_1_210' title='bbox 2534 1653 2996 1725; x_wconf 84' lang='lat' dir='ltr'>negotiatoribus</span> <span class='ocrx_word' id='word_1_211' title='bbox 3013 1657 3361 1726; x_wconf 89' lang='lat' dir='ltr'>persuasi,et</span> <span class='ocrx_word' id='word_1_212' title='bbox 3372 1659 3593 1732; x_wconf 89' lang='lat' dir='ltr'>siegra-</span> 
     </span>
    </p>
   </div>
   <div class='ocr_carea' id='block_1_32' title="bbox 1941 1738 3588 1816">
    <p class='ocr_par' dir='ltr' id='par_1_32' title="bbox 1941 1738 3588 1816">
     <span class='ocr_line' id='line_1_32' title="bbox 1941 1738 3588 1816; baseline 0.007 -24"><span class='ocrx_word' id='word_1_213' title='bbox 1941 1738 2015 1792; x_wconf 92' lang='lat' dir='ltr'>tis</span> <span class='ocrx_word' id='word_1_214' title='bbox 2037 1739 2306 1793; x_wconf 88' lang='lat' dir='ltr'>ordinati.</span> <span class='ocrx_word' id='word_1_215' title='bbox 2336 1739 2506 1794; x_wconf 87' lang='lat' dir='ltr'>Nullo</span> <span class='ocrx_word' id='word_1_216' title='bbox 2531 1741 2700 1795; x_wconf 85' lang='lat' dir='ltr'>modo</span> <span class='ocrx_word' id='word_1_217' title='bbox 2722 1741 2878 1796; x_wconf 90' lang='lat' dir='ltr'>enim</span> <span class='ocrx_word' id='word_1_218' title='bbox 2913 1759 3123 1798; x_wconf 89' lang='lat' dir='ltr'>manus</span> <span class='ocrx_word' id='word_1_219' title='bbox 3154 1744 3588 1816; x_wconf 90' lang='lat' dir='ltr'>impositionem</span> 
     </span>
    </p>
   </div>
   <div class='ocr_carea' id='block_1_33' title="bbox 179 1826 3587 1930">
    <p class='ocr_par' dir='ltr' id='par_1_33' title="bbox 179 1826 3587 1930">
     <span class='ocr_line' id='line_1_33' title="bbox 179 1826 3587 1930; baseline 0.001 -44"><span class='ocrx_word' id='word_1_220' title='bbox 179 1830 522 1886; x_wconf 86' lang='lat' dir='ltr'>Benedictus</span> <span class='ocrx_word' id='word_1_221' title='bbox 543 1829 641 1900; x_wconf 90' lang='lat' dir='ltr'>qui</span> <span class='ocrx_word' id='word_1_222' title='bbox 666 1829 823 1884; x_wconf 85' lang='lat' dir='ltr'>venit</span> <span class='ocrx_word' id='word_1_223' title='bbox 853 1829 910 1883; x_wconf 94' lang='lat' dir='ltr'>in</span> <span class='ocrx_word' id='word_1_224' title='bbox 936 1829 1170 1884; x_wconf 88' lang='lat' dir='ltr'>nomine</span> <span class='ocrx_word' id='word_1_225' title='bbox 1202 1829 1453 1896; x_wconf 91' lang='lat' dir='ltr'>Domini,</span> <span class='ocrx_word' id='word_1_226' title='bbox 1480 1830 1596 1885; x_wconf 80' lang='lat' dir='ltr'>Rex</span> <span class='ocrx_word' id='word_1_227' title='bbox 1629 1828 1826 1895; x_wconf 86' lang='lat' dir='ltr'>Israel,</span> <span class='ocrx_word' id='word_1_228' title='bbox 1859 1867 1906 1930; x_wconf 80' lang='grc' dir='ltr'><strong>Β</strong></span> <span class='ocrx_word' id='word_1_229' title='bbox 1941 1826 2285 1899; x_wconf 89' lang='lat' dir='ltr'>acciperent,</span> <span class='ocrx_word' id='word_1_230' title='bbox 2312 1828 2418 1882; x_wconf 88' lang='lat' dir='ltr'>nisi</span> <span class='ocrx_word' id='word_1_231' title='bbox 2443 1845 2542 1883; x_wconf 91' lang='lat' dir='ltr'>eos</span> <span class='ocrx_word' id='word_1_232' title='bbox 2574 1829 2902 1885; x_wconf 86' lang='lat' dir='ltr'>sacerdotes</span> <span class='ocrx_word' id='word_1_233' title='bbox 2933 1831 3162 1886; x_wconf 88' lang='lat' dir='ltr'>Domini</span> <span class='ocrx_word' id='word_1_234' title='bbox 3189 1849 3317 1888; x_wconf 91' lang='lat' dir='ltr'>esse</span> <span class='ocrx_word' id='word_1_235' title='bbox 3348 1850 3587 1906; x_wconf 90' lang='lat' dir='ltr'>persua-</span> 
     </span>
    </p>
   </div>
   <div class='ocr_carea' id='block_1_34' title="bbox 179 1915 1828 1989">
    <p class='ocr_par' dir='ltr' id='par_1_34' title="bbox 179 1915 1828 1989">
     <span class='ocr_line' id='line_1_34' title="bbox 179 1915 1828 1989; baseline -0.001 -15"><span class='ocrx_word' id='word_1_236' title='bbox 179 1919 411 1974; x_wconf 89' lang='lat' dir='ltr'>Osanna</span> <span class='ocrx_word' id='word_1_237' title='bbox 461 1917 516 1972; x_wconf 90' lang='lat' dir='ltr'>in</span> <span class='ocrx_word' id='word_1_238' title='bbox 567 1917 810 1972; x_wconf 81' lang='lat' dir='ltr'>excelsis</span> <span class='ocrx_word' id='word_1_239' title='bbox 864 1915 1234 1982; x_wconf 86' lang='lat' dir='ltr'>clamaverat,</span> <span class='ocrx_word' id='word_1_240' title='bbox 1271 1921 1504 1989; x_wconf 87' lang='lat' dir='ltr'>repente</span> <span class='ocrx_word' id='word_1_241' title='bbox 1549 1917 1828 1972; x_wconf 89' lang='lat' dir='ltr'>clamaret</span> 
     </span>
    </p>
   </div>
   <div class='ocr_carea' id='block_1_35' title="bbox 177 2005 1829 2078">
    <p class='ocr_par' dir='ltr' id='par_1_35' title="bbox 177 2005 1829 2078">
     <span class='ocr_line' id='line_1_35' title="bbox 177 2005 1829 2078; baseline -0.002 -16"><span class='ocrx_word' id='word_1_242' title='bbox 177 2006 689 2070; x_wconf 82' lang='lat' dir='ltr'>Barabbam.Quos</span> <span class='ocrx_word' id='word_1_243' title='bbox 712 2005 1179 2077; x_wconf 86' lang='lat' dir='ltr'>quotiescunque</span> <span class='ocrx_word' id='word_1_244' title='bbox 1205 2006 1410 2076; x_wconf 86' lang='lat' dir='ltr'>judex,</span> <span class='ocrx_word' id='word_1_245' title='bbox 1436 2010 1497 2060; x_wconf 91' lang='lat' dir='ltr'>ut</span> <span class='ocrx_word' id='word_1_246' title='bbox 1517 2011 1658 2078; x_wconf 89' lang='lat' dir='ltr'>puta</span> <span class='ocrx_word' id='word_1_247' title='bbox 1680 2005 1829 2060; x_wconf 88' lang='lat' dir='ltr'>desi-</span> 
     </span>
    </p>
   </div>
   <div class='ocr_carea' id='block_1_36' title="bbox 178 2094 1823 2168">
    <p class='ocr_par' dir='ltr' id='par_1_36' title="bbox 178 2094 1823 2168">
     <span class='ocr_line' id='line_1_36' title="bbox 178 2094 1823 2168; baseline -0.002 -18"><span class='ocrx_word' id='word_1_248' title='bbox 178 2095 426 2167; x_wconf 82' lang='lat' dir='ltr'>pientes,</span> <span class='ocrx_word' id='word_1_249' title='bbox 458 2095 822 2168; x_wconf 83' lang='lat' dir='ltr'>resipiscere,</span> <span class='ocrx_word' id='word_1_250' title='bbox 855 2101 910 2149; x_wconf 93' lang='lat' dir='ltr'>et</span> <span class='ocrx_word' id='word_1_251' title='bbox 939 2094 1012 2149; x_wconf 90' lang='lat' dir='ltr'>ab</span> <span class='ocrx_word' id='word_1_252' title='bbox 1043 2111 1234 2150; x_wconf 90' lang='lat' dir='ltr'>errore</span> <span class='ocrx_word' id='word_1_253' title='bbox 1266 2095 1550 2166; x_wconf 88' lang='lat' dir='ltr'>corrigere</span> <span class='ocrx_word' id='word_1_254' title='bbox 1583 2095 1823 2162; x_wconf 82' lang='lat' dir='ltr'>curavit,</span> 
     </span>
    </p>
   </div>
   <div class='ocr_carea' id='block_1_37' title="bbox 179 2182 1827 2256">
    <p class='ocr_par' dir='ltr' id='par_1_37' title="bbox 179 2182 1827 2256">
     <span class='ocr_line' id='line_1_37' title="bbox 179 2182 1827 2256; baseline 0 -18"><span class='ocrx_word' id='word_1_255' title='bbox 179 2184 322 2239; x_wconf 92' lang='lat' dir='ltr'>nihil</span> <span class='ocrx_word' id='word_1_256' title='bbox 355 2183 618 2256; x_wconf 78' lang='lat' dir='ltr'>profecit,</span> <span class='ocrx_word' id='word_1_257' title='bbox 646 2184 745 2240; x_wconf 89' lang='lat' dir='ltr'>sed</span> <span class='ocrx_word' id='word_1_258' title='bbox 791 2183 978 2255; x_wconf 83' lang='lat' dir='ltr'>magis</span> <span class='ocrx_word' id='word_1_259' title='bbox 1025 2182 1317 2238; x_wconf 90' lang='lat' dir='ltr'>tumultus</span> <span class='ocrx_word' id='word_1_260' title='bbox 1369 2184 1560 2252; x_wconf 81' lang='lat' dir='ltr'>fiebat,</span> <span class='ocrx_word' id='word_1_261' title='bbox 1585 2187 1638 2238; x_wconf 91' lang='lat' dir='ltr'>et</span> <span class='ocrx_word' id='word_1_262' title='bbox 1669 2183 1827 2238; x_wconf 89' lang='lat' dir='ltr'>inva-</span> 
     </span>
    </p>
   </div>
   <div class='ocr_carea' id='block_1_38' title="bbox 177 2270 1825 2339">
    <p class='ocr_par' dir='ltr' id='par_1_38' title="bbox 177 2270 1825 2339">
     <span class='ocr_line' id='line_1_38' title="bbox 177 2270 1825 2339; baseline -0.001 -10"><span class='ocrx_word' id='word_1_263' title='bbox 177 2274 475 2329; x_wconf 86' lang='lat' dir='ltr'>lescebant</span> <span class='ocrx_word' id='word_1_264' title='bbox 502 2289 670 2331; x_wconf 91' lang='lat' dir='ltr'>voces</span> <span class='ocrx_word' id='word_1_265' title='bbox 699 2289 920 2339; x_wconf 92' lang='lat' dir='ltr'>eorum,</span> <span class='ocrx_word' id='word_1_266' title='bbox 957 2289 1061 2327; x_wconf 89' lang='lat' dir='ltr'>nec</span> <span class='ocrx_word' id='word_1_267' title='bbox 1102 2271 1258 2327; x_wconf 91' lang='lat' dir='ltr'>aliud</span> <span class='ocrx_word' id='word_1_268' title='bbox 1291 2270 1561 2327; x_wconf 88' lang='lat' dir='ltr'>volebant</span> <span class='ocrx_word' id='word_1_269' title='bbox 1591 2272 1702 2328; x_wconf 87' lang='lat' dir='ltr'>nisi</span> <span class='ocrx_word' id='word_1_270' title='bbox 1732 2273 1825 2328; x_wconf 89' lang='lat' dir='ltr'>Je-</span> 
     </span>
    </p>
   </div>
   <div class='ocr_carea' id='block_1_39' title="bbox 178 2361 1827 2433">
    <p class='ocr_par' dir='ltr' id='par_1_39' title="bbox 178 2361 1827 2433">
     <span class='ocr_line' id='line_1_39' title="bbox 178 2361 1827 2433; baseline -0.001 -16"><span class='ocrx_word' id='word_1_271' title='bbox 178 2380 308 2418; x_wconf 90' lang='lat' dir='ltr'>sum</span> <span class='ocrx_word' id='word_1_272' title='bbox 338 2381 371 2417; x_wconf 92' lang='lat' dir='ltr'>a</span> <span class='ocrx_word' id='word_1_273' title='bbox 402 2379 462 2418; x_wconf 91' lang='lat' dir='ltr'>se</span> <span class='ocrx_word' id='word_1_274' title='bbox 517 2362 787 2432; x_wconf 82' lang='lat' dir='ltr'>abjicere,</span> <span class='ocrx_word' id='word_1_275' title='bbox 821 2366 878 2417; x_wconf 92' lang='lat' dir='ltr'>et</span> <span class='ocrx_word' id='word_1_276' title='bbox 915 2361 1237 2416; x_wconf 89' lang='lat' dir='ltr'>Barabbam</span> <span class='ocrx_word' id='word_1_277' title='bbox 1287 2361 1398 2416; x_wconf 90' lang='lat' dir='ltr'>sibi</span> <span class='ocrx_word' id='word_1_278' title='bbox 1448 2378 1685 2433; x_wconf 87' lang='lat' dir='ltr'>poscere</span> <span class='ocrx_word' id='word_1_279' title='bbox 1735 2362 1827 2417; x_wconf 90' lang='lat' dir='ltr'>di-</span> 
     </span>
    </p>
   </div>
   <div class='ocr_carea' id='block_1_40' title="bbox 177 2450 1821 2522">
    <p class='ocr_par' dir='ltr' id='par_1_40' title="bbox 177 2450 1821 2522">
     <span class='ocr_line' id='line_1_40' title="bbox 177 2450 1821 2522; baseline -0.005 -15"><span class='ocrx_word' id='word_1_280' title='bbox 177 2453 359 2508; x_wconf 91' lang='lat' dir='ltr'>cendo</span> <span class='ocrx_word' id='word_1_281' title='bbox 387 2469 432 2506; x_wconf 77' lang='lat' dir='ltr'>:u</span> <span class='ocrx_word' id='word_1_282' title='bbox 458 2452 582 2506; x_wconf 86' lang='lat' dir='ltr'>Non</span> <span class='ocrx_word' id='word_1_283' title='bbox 624 2451 802 2515; x_wconf 91' lang='lat' dir='ltr'>hunc,</span> <span class='ocrx_word' id='word_1_284' title='bbox 827 2451 928 2506; x_wconf 91' lang='lat' dir='ltr'>scd</span> <span class='ocrx_word' id='word_1_285' title='bbox 969 2451 1290 2505; x_wconf 88' lang='lat' dir='ltr'>Barabbam</span> <span class='ocrx_word' id='word_1_286' title='bbox 1315 2450 1821 2522; x_wconf 74' lang='lat' dir='ltr'>(Joan.xvm,40);.</span> 
     </span>
    </p>
   </div>
   <div class='ocr_carea' id='block_1_41' title="bbox 175 2539 1824 2607">
    <p class='ocr_par' dir='ltr' id='par_1_41' title="bbox 175 2539 1824 2607">
     <span class='ocr_line' id='line_1_41' title="bbox 175 2539 1824 2607; baseline -0.001 -11"><span class='ocrx_word' id='word_1_287' title='bbox 175 2545 232 2596; x_wconf 88' lang='lat' dir='ltr'>et</span> <span class='ocrx_word' id='word_1_288' title='bbox 267 2559 280 2596; x_wconf 93' lang='lat'>:</span> <span class='ocrx_word' id='word_1_289' title='bbox 307 2565 333 2590; x_wconf 85' lang='lat'><strong>«</strong></span> <span class='ocrx_word' id='word_1_290' title='bbox 368 2539 525 2596; x_wconf 88' lang='lat' dir='ltr'>&#39;Iolle</span> <span class='ocrx_word' id='word_1_291' title='bbox 557 2539 730 2607; x_wconf 91' lang='lat' dir='ltr'>hunc,</span> <span class='ocrx_word' id='word_1_292' title='bbox 756 2543 812 2594; x_wconf 91' lang='lat' dir='ltr'>et</span> <span class='ocrx_word' id='word_1_293' title='bbox 861 2539 1086 2594; x_wconf 89' lang='lat' dir='ltr'>dimitte</span> <span class='ocrx_word' id='word_1_294' title='bbox 1130 2539 1297 2594; x_wconf 89' lang='lat' dir='ltr'>nobis</span> <span class='ocrx_word' id='word_1_295' title='bbox 1328 2539 1648 2594; x_wconf 88' lang='lat' dir='ltr'>Barabbam</span> <span class='ocrx_word' id='word_1_296' title='bbox 1673 2541 1824 2607; x_wconf 83' lang='lat' dir='ltr'>(Luc.</span> 
     </span>
    </p>
   </div>
   <div class='ocr_carea' id='block_1_42' title="bbox 173 2627 1828 2701">
    <p class='ocr_par' dir='ltr' id='par_1_42' title="bbox 173 2627 1828 2701">
     <span class='ocr_line' id='line_1_42' title="bbox 173 2627 1828 2701; baseline -0.001 -16"><span class='ocrx_word' id='word_1_297' title='bbox 173 2647 334 2699; x_wconf 81' lang='lat' dir='ltr'>xxm,</span> <span class='ocrx_word' id='word_1_298' title='bbox 369 2629 487 2700; x_wconf 76' lang='lat'>18);</span> <span class='ocrx_word' id='word_1_299' title='bbox 516 2652 543 2677; x_wconf 86' lang='lat'>»</span> <span class='ocrx_word' id='word_1_300' title='bbox 573 2633 630 2683; x_wconf 90' lang='lat' dir='ltr'>et</span> <span class='ocrx_word' id='word_1_301' title='bbox 671 2645 735 2683; x_wconf 89' lang='grc'>;‹‹</span> <span class='ocrx_word' id='word_1_302' title='bbox 770 2627 952 2695; x_wconf 91' lang='lat' dir='ltr'>Tolle,</span> <span class='ocrx_word' id='word_1_303' title='bbox 1005 2627 1158 2696; x_wconf 88' lang='lat' dir='ltr'>tolle,</span> <span class='ocrx_word' id='word_1_304' title='bbox 1211 2627 1501 2700; x_wconf 83' lang='lat' dir='ltr'>cruciﬁge,</span> <span class='ocrx_word' id='word_1_305' title='bbox 1554 2628 1828 2701; x_wconf 81' lang='lat' dir='ltr'>cruciﬁge</span> 
     </span>
    </p>
   </div>
   <div class='ocr_carea' id='block_1_43' title="bbox 173 2716 1825 2789">
    <p class='ocr_par' dir='ltr' id='par_1_43' title="bbox 173 2716 1825 2789">
     <span class='ocr_line' id='line_1_43' title="bbox 173 2716 1825 2789; baseline -0.001 -15"><span class='ocrx_word' id='word_1_306' title='bbox 173 2735 308 2774; x_wconf 90' lang='lat' dir='ltr'>eum</span> <span class='ocrx_word' id='word_1_307' title='bbox 341 2719 525 2789; x_wconf 83' lang='lat' dir='ltr'>(Joan.</span> <span class='ocrx_word' id='word_1_308' title='bbox 550 2734 667 2782; x_wconf 79' lang='lat' dir='ltr'>XIX,</span> <span class='ocrx_word' id='word_1_309' title='bbox 702 2717 819 2784; x_wconf 76' lang='lat'>15);</span> <span class='ocrx_word' id='word_1_310' title='bbox 849 2739 874 2763; x_wconf 89' lang='grc'><strong>››</strong></span> <span class='ocrx_word' id='word_1_311' title='bbox 898 2720 954 2771; x_wconf 92' lang='lat' dir='ltr'>et</span> <span class='ocrx_word' id='word_1_312' title='bbox 979 2733 1027 2770; x_wconf 83' lang='grc'>;‹‹</span> <span class='ocrx_word' id='word_1_313' title='bbox 1053 2716 1305 2788; x_wconf 85' lang='lat' dir='ltr'>Sanguis</span> <span class='ocrx_word' id='word_1_314' title='bbox 1335 2717 1463 2786; x_wconf 85' lang='lat' dir='ltr'>ejus</span> <span class='ocrx_word' id='word_1_315' title='bbox 1495 2733 1672 2788; x_wconf 91' lang='lat' dir='ltr'>super</span> <span class='ocrx_word' id='word_1_316' title='bbox 1699 2734 1825 2786; x_wconf 92' lang='lat' dir='ltr'>nos,</span> 
     </span>
    </p>
   </div>
   <div class='ocr_carea' id='block_1_44' title="bbox 169 2805 1828 2880">
    <p class='ocr_par' dir='ltr' id='par_1_44' title="bbox 169 2805 1828 2880">
     <span class='ocr_line' id='line_1_44' title="bbox 169 2805 1828 2880; baseline -0.001 -17"><span class='ocrx_word' id='word_1_317' title='bbox 169 2813 227 2863; x_wconf 90' lang='lat' dir='ltr'>et</span> <span class='ocrx_word' id='word_1_318' title='bbox 270 2824 446 2880; x_wconf 87' lang='lat' dir='ltr'>super</span> <span class='ocrx_word' id='word_1_319' title='bbox 495 2805 647 2862; x_wconf 84' lang='lat' dir='ltr'>ﬁlios</span> <span class='ocrx_word' id='word_1_320' title='bbox 697 2809 928 2860; x_wconf 90' lang='lat' dir='ltr'>nostros</span> <span class='ocrx_word' id='word_1_321' title='bbox 959 2805 1168 2875; x_wconf 77' lang='lat' dir='ltr'>(Matth.</span> <span class='ocrx_word' id='word_1_322' title='bbox 1201 2823 1376 2872; x_wconf 83' lang='lat' dir='ltr'>xxvn,</span> <span class='ocrx_word' id='word_1_323' title='bbox 1407 2807 1527 2876; x_wconf 85' lang='lat'>25);</span> <span class='ocrx_word' id='word_1_324' title='bbox 1556 2828 1582 2854; x_wconf 85' lang='lat'><strong>»</strong></span> <span class='ocrx_word' id='word_1_325' title='bbox 1614 2811 1672 2861; x_wconf 91' lang='lat' dir='ltr'>et</span> <span class='ocrx_word' id='word_1_326' title='bbox 1717 2806 1828 2862; x_wconf 88' lang='lat' dir='ltr'>alia</span> 
     </span>
    </p>
   </div>
   <div class='ocr_carea' id='block_1_45' title="bbox 173 2895 538 2952">
    <p class='ocr_par' dir='ltr' id='par_1_45' title="bbox 173 2895 538 2952">
     <span class='ocr_line' id='line_1_45' title="bbox 173 2895 538 2952; baseline -0.005 0"><span class='ocrx_word' id='word_1_327' title='bbox 173 2897 265 2952; x_wconf 90' lang='lat' dir='ltr'>his</span> <span class='ocrx_word' id='word_1_328' title='bbox 299 2895 538 2951; x_wconf 89' lang='lat' dir='ltr'>similia.</span> 
     </span>
    </p>
   </div>
   <div class='ocr_carea' id='block_1_46' title="bbox 240 2982 1830 3056">
    <p class='ocr_par' dir='ltr' id='par_1_46' title="bbox 240 2982 1830 3056">
     <span class='ocr_line' id='line_1_46' title="bbox 240 2982 1830 3056; baseline -0.001 -15"><span class='ocrx_word' id='word_1_329' title='bbox 240 2986 371 3049; x_wconf 90' lang='lat' dir='ltr'>Qua</span> <span class='ocrx_word' id='word_1_330' title='bbox 396 2983 824 3056; x_wconf 88' lang='lat' dir='ltr'>conspiratione</span> <span class='ocrx_word' id='word_1_331' title='bbox 844 2987 902 3038; x_wconf 92' lang='lat' dir='ltr'>ct</span> <span class='ocrx_word' id='word_1_332' title='bbox 923 2983 1215 3038; x_wconf 88' lang='lat' dir='ltr'>sententia</span> <span class='ocrx_word' id='word_1_333' title='bbox 1247 2982 1330 3038; x_wconf 89' lang='lat' dir='ltr'>sic</span> <span class='ocrx_word' id='word_1_334' title='bbox 1363 3000 1425 3038; x_wconf 92' lang='lat' dir='ltr'>se</span> <span class='ocrx_word' id='word_1_335' title='bbox 1447 3001 1701 3055; x_wconf 89' lang='lat' dir='ltr'>suosque</span> <span class='ocrx_word' id='word_1_336' title='bbox 1735 3002 1830 3056; x_wconf 93' lang='lat' dir='ltr'>po-</span> 
     </span>
    </p>
   </div>
   <div class='ocr_carea' id='block_1_47' title="bbox 176 3071 1827 3144">
    <p class='ocr_par' dir='ltr' id='par_1_47' title="bbox 176 3071 1827 3144">
     <span class='ocr_line' id='line_1_47' title="bbox 176 3071 1827 3144; baseline -0.001 -14"><span class='ocrx_word' id='word_1_337' title='bbox 176 3081 367 3130; x_wconf 89' lang='lat' dir='ltr'>steros</span> <span class='ocrx_word' id='word_1_338' title='bbox 399 3071 632 3128; x_wconf 90' lang='lat' dir='ltr'>diabolo</span> <span class='ocrx_word' id='word_1_339' title='bbox 663 3072 1100 3144; x_wconf 87' lang='lat' dir='ltr'>manciparunt;</span> <span class='ocrx_word' id='word_1_340' title='bbox 1137 3071 1476 3143; x_wconf 89' lang='lat' dir='ltr'>paucissimi</span> <span class='ocrx_word' id='word_1_341' title='bbox 1516 3073 1670 3129; x_wconf 88' lang='lat' dir='ltr'>enim</span> <span class='ocrx_word' id='word_1_342' title='bbox 1705 3074 1827 3129; x_wconf 89' lang='lat' dir='ltr'>fue-</span> 
     </span>
    </p>
   </div>
   <div class='ocr_carea' id='block_1_48' title="bbox 174 3161 1826 3234">
    <p class='ocr_par' dir='ltr' id='par_1_48' title="bbox 174 3161 1826 3234">
     <span class='ocr_line' id='line_1_48' title="bbox 174 3161 1826 3234; baseline -0.001 -15"><span class='ocrx_word' id='word_1_343' title='bbox 174 3168 313 3219; x_wconf 92' lang='lat' dir='ltr'>runt</span> <span class='ocrx_word' id='word_1_344' title='bbox 332 3163 433 3234; x_wconf 92' lang='lat' dir='ltr'>qui</span> <span class='ocrx_word' id='word_1_345' title='bbox 459 3162 593 3218; x_wconf 90' lang='lat' dir='ltr'>inde</span> <span class='ocrx_word' id='word_1_346' title='bbox 615 3161 1084 3228; x_wconf 87' lang='lat' dir='ltr'>crediderunt,ad</span> <span class='ocrx_word' id='word_1_347' title='bbox 1107 3162 1601 3232; x_wconf 89' lang='lat' dir='ltr'>comparationem</span> <span class='ocrx_word' id='word_1_348' title='bbox 1626 3179 1826 3218; x_wconf 89' lang='lat' dir='ltr'>eorum</span> 
     </span>
    </p>
   </div>
   <div class='ocr_carea' id='block_1_49' title="bbox 1938 1916 3588 1993">
    <p class='ocr_par' dir='ltr' id='par_1_49' title="bbox 1938 1916 3588 1993">
     <span class='ocr_line' id='line_1_49' title="bbox 1938 1916 3588 1993; baseline 0.005 -23"><span class='ocrx_word' id='word_1_349' title='bbox 1938 1933 2069 1970; x_wconf 92' lang='lat' dir='ltr'>sum</span> <span class='ocrx_word' id='word_1_350' title='bbox 2092 1916 2392 1971; x_wconf 89' lang='lat' dir='ltr'>haberent.</span> <span class='ocrx_word' id='word_1_351' title='bbox 2413 1919 2727 1972; x_wconf 83' lang='lat' dir='ltr'>Attendaut</span> <span class='ocrx_word' id='word_1_352' title='bbox 2748 1935 2980 1990; x_wconf 90' lang='lat' dir='ltr'>quoque</span> <span class='ocrx_word' id='word_1_353' title='bbox 3002 1924 3222 1990; x_wconf 90' lang='lat' dir='ltr'>quanta</span> <span class='ocrx_word' id='word_1_354' title='bbox 3248 1923 3588 1993; x_wconf 78' lang='lat' dir='ltr'>pcenitentia</span> 
     </span>
    </p>
   </div>
   <div class='ocr_carea' id='block_1_50' title="bbox 1937 2005 3586 2081">
    <p class='ocr_par' dir='ltr' id='par_1_50' title="bbox 1937 2005 3586 2081">
     <span class='ocr_line' id='line_1_50' title="bbox 1937 2005 3586 2081; baseline 0.005 -21"><span class='ocrx_word' id='word_1_355' title='bbox 1937 2005 2054 2060; x_wconf 90' lang='lat' dir='ltr'>sint</span> <span class='ocrx_word' id='word_1_356' title='bbox 2085 2005 2408 2075; x_wconf 80' lang='lat' dir='ltr'>castigandi</span> <span class='ocrx_word' id='word_1_357' title='bbox 2449 2006 2720 2073; x_wconf 83' lang='lat' dir='ltr'>scientes,</span> <span class='ocrx_word' id='word_1_358' title='bbox 2754 2009 3227 2080; x_wconf 86' lang='lat' dir='ltr'>quandoquidem</span> <span class='ocrx_word' id='word_1_359' title='bbox 3261 2013 3586 2081; x_wconf 88' lang='lat' dir='ltr'>attendant,</span> 
     </span>
    </p>
   </div>
   <div class='ocr_carea' id='block_1_51' title="bbox 1938 2093 3587 2168">
    <p class='ocr_par' dir='ltr' id='par_1_51' title="bbox 1938 2093 3587 2168">
     <span class='ocr_line' id='line_1_51' title="bbox 1938 2093 3587 2168; baseline 0.006 -20"><span class='ocrx_word' id='word_1_360' title='bbox 1938 2109 2041 2149; x_wconf 86' lang='lat' dir='ltr'>nec</span> <span class='ocrx_word' id='word_1_361' title='bbox 2073 2094 2304 2148; x_wconf 77' lang='lat' dir='ltr'>Judceos</span> <span class='ocrx_word' id='word_1_362' title='bbox 2326 2093 2496 2149; x_wconf 90' lang='lat' dir='ltr'>etiam</span> <span class='ocrx_word' id='word_1_363' title='bbox 2524 2094 2905 2166; x_wconf 89' lang='lat' dir='ltr'>baptizandos</span> <span class='ocrx_word' id='word_1_364' title='bbox 2926 2114 2953 2151; x_wconf 89' lang='lat' dir='ltr'>a</span> <span class='ocrx_word' id='word_1_365' title='bbox 2979 2099 3321 2168; x_wconf 87' lang='lat' dir='ltr'>poenitentia</span> <span class='ocrx_word' id='word_1_366' title='bbox 3345 2117 3587 2158; x_wconf 83' lang='lat' dir='ltr'>excusa-</span> 
     </span>
    </p>
   </div>
   <div class='ocr_carea' id='block_1_52' title="bbox 1936 2181 3586 2257">
    <p class='ocr_par' dir='ltr' id='par_1_52' title="bbox 1936 2181 3586 2257">
     <span class='ocr_line' id='line_1_52' title="bbox 1936 2181 3586 2257; baseline 0.007 -21"><span class='ocrx_word' id='word_1_367' title='bbox 1936 2186 2048 2250; x_wconf 89' lang='lat' dir='ltr'>tos,</span> <span class='ocrx_word' id='word_1_368' title='bbox 2065 2181 2334 2253; x_wconf 87' lang='lat' dir='ltr'>quamvis</span> <span class='ocrx_word' id='word_1_369' title='bbox 2361 2181 2714 2254; x_wconf 87' lang='lat' dir='ltr'>ignorantes.</span> <span class='ocrx_word' id='word_1_370' title='bbox 2743 2185 2811 2238; x_wconf 87' lang='lat' dir='ltr'>Et</span> <span class='ocrx_word' id='word_1_371' title='bbox 2831 2189 3306 2257; x_wconf 87' lang='lat' dir='ltr'>ecrte,quantum</span> <span class='ocrx_word' id='word_1_372' title='bbox 3329 2189 3586 2246; x_wconf 90' lang='lat' dir='ltr'>humano</span> 
     </span>
    </p>
   </div>
   <div class='ocr_carea' id='block_1_53' title="bbox 1937 2270 3590 2346">
    <p class='ocr_par' dir='ltr' id='par_1_53' title="bbox 1937 2270 3590 2346">
     <span class='ocr_line' id='line_1_53' title="bbox 1937 2270 3590 2346; baseline 0.007 -22"><span class='ocrx_word' id='word_1_373' title='bbox 1937 2270 2165 2325; x_wconf 89' lang='lat' dir='ltr'>videtur</span> <span class='ocrx_word' id='word_1_374' title='bbox 2186 2270 2431 2341; x_wconf 84' lang='lat' dir='ltr'>judicio,</span> <span class='ocrx_word' id='word_1_375' title='bbox 2462 2271 2664 2326; x_wconf 87' lang='lat' dir='ltr'>debuit</span> <span class='ocrx_word' id='word_1_376' title='bbox 2694 2274 2955 2328; x_wconf 67' lang='lat' dir='ltr'>excusari</span> <span class='ocrx_word' id='word_1_377' title='bbox 2989 2274 3336 2346; x_wconf 86' lang='lat' dir='ltr'>ignorantia.</span> <span class='ocrx_word' id='word_1_378' title='bbox 3362 2279 3474 2334; x_wconf 91' lang='lat' dir='ltr'>Sed</span> <span class='ocrx_word' id='word_1_379' title='bbox 3505 2279 3590 2335; x_wconf 85' lang='lat' dir='ltr'>in-</span> 
     </span>
    </p>
   </div>
   <div class='ocr_carea' id='block_1_54' title="bbox 1937 2359 3584 2436">
    <p class='ocr_par' dir='ltr' id='par_1_54' title="bbox 1937 2359 3584 2436">
     <span class='ocr_line' id='line_1_54' title="bbox 1937 2359 3584 2436; baseline 0.006 -23"><span class='ocrx_word' id='word_1_380' title='bbox 1937 2359 2288 2414; x_wconf 80' lang='lat' dir='ltr'>excusabilis</span> <span class='ocrx_word' id='word_1_381' title='bbox 2343 2360 2469 2426; x_wconf 86' lang='lat' dir='ltr'>fuit,</span> <span class='ocrx_word' id='word_1_382' title='bbox 2502 2361 2636 2431; x_wconf 89' lang='lat' dir='ltr'>quia</span> <span class='ocrx_word' id='word_1_383' title='bbox 2678 2361 2848 2430; x_wconf 85' lang='lat' dir='ltr'>juxta</span> <span class='ocrx_word' id='word_1_384' title='bbox 2894 2363 3048 2432; x_wconf 89' lang='lat' dir='ltr'>quod</span> <span class='ocrx_word' id='word_1_385' title='bbox 3096 2366 3409 2436; x_wconf 88' lang='lat' dir='ltr'>Apostolus</span> <span class='ocrx_word' id='word_1_386' title='bbox 3457 2369 3584 2424; x_wconf 90' lang='lat' dir='ltr'>ait:</span> 
     </span>
    </p>
   </div>
   <div class='ocr_carea' id='block_1_55' title="bbox 1938 2449 3588 2527">
    <p class='ocr_par' dir='ltr' id='par_1_55' title="bbox 1938 2449 3588 2527">
     <span class='ocr_line' id='line_1_55' title="bbox 1938 2449 3588 2527; baseline 0.007 -26"><span class='ocrx_word' id='word_1_387' title='bbox 1938 2473 1962 2498; x_wconf 89' lang='grc'>‹‹</span> <span class='ocrx_word' id='word_1_388' title='bbox 1999 2449 2106 2514; x_wconf 86' lang='lat' dir='ltr'>Qui</span> <span class='ocrx_word' id='word_1_389' title='bbox 2158 2449 2408 2521; x_wconf 89' lang='lat' dir='ltr'>ignorat,</span> <span class='ocrx_word' id='word_1_390' title='bbox 2461 2450 2828 2521; x_wconf 87' lang='lat' dir='ltr'>ignorabitur</span> <span class='ocrx_word' id='word_1_391' title='bbox 2866 2456 2915 2518; x_wconf 85' lang='grc' dir='ltr'>(Ι</span> <span class='ocrx_word' id='word_1_392' title='bbox 2947 2453 3066 2507; x_wconf 87' lang='lat' dir='ltr'>Cor.</span> <span class='ocrx_word' id='word_1_393' title='bbox 3101 2471 3216 2522; x_wconf 84' lang='lat' dir='ltr'>xw,</span> <span class='ocrx_word' id='word_1_394' title='bbox 3249 2456 3360 2527; x_wconf 88' lang='lat'>38).</span> <span class='ocrx_word' id='word_1_395' title='bbox 3399 2479 3426 2505; x_wconf 85' lang='lat'>»</span> <span class='ocrx_word' id='word_1_396' title='bbox 3457 2457 3527 2512; x_wconf 87' lang='lat' dir='ltr'>Et</span> <span class='ocrx_word' id='word_1_397' title='bbox 3555 2475 3588 2514; x_wconf 91' lang='grc' dir='ltr'>ο</span> 
     </span>
    </p>
   </div>
   <div class='ocr_carea' id='block_1_56' title="bbox 1937 2539 3592 2611">
    <p class='ocr_par' dir='ltr' id='par_1_56' title="bbox 1937 2539 3592 2611">
     <span class='ocr_line' id='line_1_56' title="bbox 1937 2539 3592 2611; baseline 0.007 -21"><span class='ocrx_word' id='word_1_398' title='bbox 1937 2542 2078 2610; x_wconf 92' lang='lat' dir='ltr'>quot</span> <span class='ocrx_word' id='word_1_399' title='bbox 2109 2541 2164 2591; x_wconf 89' lang='lat' dir='ltr'>et</span> <span class='ocrx_word' id='word_1_400' title='bbox 2195 2543 2424 2608; x_wconf 70' lang='lat' dir='ltr'>quanta:</span> <span class='ocrx_word' id='word_1_401' title='bbox 2473 2541 2711 2594; x_wconf 70' lang='lat' dir='ltr'>caterva:</span> <span class='ocrx_word' id='word_1_402' title='bbox 2753 2539 3108 2611; x_wconf 90' lang='lat' dir='ltr'>simplicium</span> <span class='ocrx_word' id='word_1_403' title='bbox 3158 2547 3214 2597; x_wconf 89' lang='lat' dir='ltr'>et</span> <span class='ocrx_word' id='word_1_404' title='bbox 3264 2544 3592 2601; x_wconf 83' lang='lat' dir='ltr'>rusticano-</span> 
     </span>
    </p>
   </div>
   <div class='ocr_carea' id='block_1_57' title="bbox 1939 2626 3588 2700">
    <p class='ocr_par' dir='ltr' id='par_1_57' title="bbox 1939 2626 3588 2700">
     <span class='ocr_line' id='line_1_57' title="bbox 1939 2626 3588 2700; baseline 0.005 -20"><span class='ocrx_word' id='word_1_405' title='bbox 1939 2643 2091 2693; x_wconf 89' lang='lat' dir='ltr'>rum,</span> <span class='ocrx_word' id='word_1_406' title='bbox 2132 2626 2442 2697; x_wconf 68' lang='lat' dir='ltr'>qumrcndo</span> <span class='ocrx_word' id='word_1_407' title='bbox 2476 2626 2796 2694; x_wconf 85' lang='lat' dir='ltr'>veritatem,</span> <span class='ocrx_word' id='word_1_408' title='bbox 2830 2628 3166 2700; x_wconf 89' lang='lat' dir='ltr'>ignorantes</span> <span class='ocrx_word' id='word_1_409' title='bbox 3196 2631 3268 2686; x_wconf 93' lang='lat' dir='ltr'>ab</span> <span class='ocrx_word' id='word_1_410' title='bbox 3301 2632 3588 2690; x_wconf 68' lang='lat' dir='ltr'>haereticis</span> 
     </span>
    </p>
   </div>
   <div class='ocr_carea' id='block_1_58' title="bbox 1937 2715 3583 2791">
    <p class='ocr_par' dir='ltr' id='par_1_58' title="bbox 1937 2715 3583 2791">
     <span class='ocr_line' id='line_1_58' title="bbox 1937 2715 3583 2791; baseline 0.005 -21"><span class='ocrx_word' id='word_1_411' title='bbox 1937 2720 2075 2770; x_wconf 91' lang='lat' dir='ltr'>sunt</span> <span class='ocrx_word' id='word_1_412' title='bbox 2103 2716 2378 2783; x_wconf 65' lang='lat' dir='ltr'>seducta),</span> <span class='ocrx_word' id='word_1_413' title='bbox 2399 2733 2543 2786; x_wconf 89' lang='lat' dir='ltr'>quas</span> <span class='ocrx_word' id='word_1_414' title='bbox 2567 2715 2800 2787; x_wconf 88' lang='lat' dir='ltr'>quidem</span> <span class='ocrx_word' id='word_1_415' title='bbox 2835 2718 3128 2774; x_wconf 88' lang='lat' dir='ltr'>credimus</span> <span class='ocrx_word' id='word_1_416' title='bbox 3149 2720 3313 2789; x_wconf 85' lang='lat' dir='ltr'>juste</span> <span class='ocrx_word' id='word_1_417' title='bbox 3333 2721 3583 2791; x_wconf 81' lang='lat' dir='ltr'>perisse!</span> 
     </span>
    </p>
   </div>
   <div class='ocr_carea' id='block_1_59' title="bbox 1937 2803 3586 2876">
    <p class='ocr_par' dir='ltr' id='par_1_59' title="bbox 1937 2803 3586 2876">
     <span class='ocr_line' id='line_1_59' title="bbox 1937 2803 3586 2876; baseline 0.005 -18"><span class='ocrx_word' id='word_1_418' title='bbox 1937 2805 2036 2858; x_wconf 90' lang='lat' dir='ltr'>sed</span> <span class='ocrx_word' id='word_1_419' title='bbox 2071 2803 2320 2875; x_wconf 90' lang='lat' dir='ltr'>qualiter</span> <span class='ocrx_word' id='word_1_420' title='bbox 2343 2806 2574 2874; x_wconf 90' lang='lat' dir='ltr'>justum</span> <span class='ocrx_word' id='word_1_421' title='bbox 2609 2805 2781 2859; x_wconf 88' lang='lat' dir='ltr'>fuerit</span> <span class='ocrx_word' id='word_1_422' title='bbox 2811 2808 3124 2876; x_wconf 89' lang='lat' dir='ltr'>nequimus</span> <span class='ocrx_word' id='word_1_423' title='bbox 3169 2824 3236 2863; x_wconf 84' lang='lat' dir='ltr'>ex</span> <span class='ocrx_word' id='word_1_424' title='bbox 3277 2814 3396 2865; x_wconf 92' lang='lat' dir='ltr'>toto</span> <span class='ocrx_word' id='word_1_425' title='bbox 3427 2826 3586 2866; x_wconf 90' lang='lat' dir='ltr'>com-</span> 
     </span>
    </p>
   </div>
   <div class='ocr_carea' id='block_1_60' title="bbox 1937 2892 3590 2972">
    <p class='ocr_par' dir='ltr' id='par_1_60' title="bbox 1937 2892 3590 2972">
     <span class='ocr_line' id='line_1_60' title="bbox 1937 2892 3590 2972; baseline 0.005 -26"><span class='ocrx_word' id='word_1_426' title='bbox 1937 2892 2313 2964; x_wconf 86' lang='lat' dir='ltr'>prehendere.</span> <span class='ocrx_word' id='word_1_427' title='bbox 2350 2893 2416 2947; x_wconf 91' lang='lat' dir='ltr'>Et</span> <span class='ocrx_word' id='word_1_428' title='bbox 2447 2908 2643 2948; x_wconf 88' lang='lat' dir='ltr'>revera</span> <span class='ocrx_word' id='word_1_429' title='bbox 2665 2917 2690 2941; x_wconf 92' lang='grc'>‹‹</span> <span class='ocrx_word' id='word_1_430' title='bbox 2724 2895 2824 2965; x_wconf 90' lang='lat' dir='ltr'>qui</span> <span class='ocrx_word' id='word_1_431' title='bbox 2858 2894 3114 2967; x_wconf 89' lang='lat' dir='ltr'>tetigerit</span> <span class='ocrx_word' id='word_1_432' title='bbox 3144 2897 3353 2968; x_wconf 88' lang='lat' dir='ltr'>picem,</span> <span class='ocrx_word' id='word_1_433' title='bbox 3387 2898 3590 2972; x_wconf 85' lang='lat' dir='ltr'>inqui--</span> 
     </span>
    </p>
   </div>
   <div class='ocr_carea' id='block_1_61' title="bbox 1938 2981 3585 3060">
    <p class='ocr_par' dir='ltr' id='par_1_61' title="bbox 1938 2981 3585 3060">
     <span class='ocr_line' id='line_1_61' title="bbox 1938 2981 3585 3060; baseline 0.006 -26"><span class='ocrx_word' id='word_1_434' title='bbox 1938 2981 2176 3035; x_wconf 91' lang='lat' dir='ltr'>nabitur</span> <span class='ocrx_word' id='word_1_435' title='bbox 2207 2981 2276 3036; x_wconf 91' lang='lat' dir='ltr'>ab</span> <span class='ocrx_word' id='word_1_436' title='bbox 2310 2998 2404 3048; x_wconf 89' lang='lat' dir='ltr'>ea;</span> <span class='ocrx_word' id='word_1_437' title='bbox 2439 2985 2494 3036; x_wconf 92' lang='lat' dir='ltr'>et</span> <span class='ocrx_word' id='word_1_438' title='bbox 2532 2982 2630 3053; x_wconf 89' lang='lat' dir='ltr'>qui</span> <span class='ocrx_word' id='word_1_439' title='bbox 2671 2984 3187 3041; x_wconf 87' lang='lat' dir='ltr'>communicaverit</span> <span class='ocrx_word' id='word_1_440' title='bbox 3218 2988 3468 3060; x_wconf 90' lang='lat' dir='ltr'>superbo</span> <span class='ocrx_word' id='word_1_441' title='bbox 3496 2989 3585 3044; x_wconf 84' lang='lat' dir='ltr'>in-</span> 
     </span>
    </p>
   </div>
   <div class='ocr_carea' id='block_1_62' title="bbox 1937 3070 3585 3148">
    <p class='ocr_par' dir='ltr' id='par_1_62' title="bbox 1937 3070 3585 3148">
     <span class='ocr_line' id='line_1_62' title="bbox 1937 3070 3585 3148; baseline 0.005 -23"><span class='ocrx_word' id='word_1_442' title='bbox 1937 3071 2075 3125; x_wconf 89' lang='lat' dir='ltr'>duet</span> <span class='ocrx_word' id='word_1_443' title='bbox 2125 3070 2459 3142; x_wconf 72' lang='lat' dir='ltr'>superbiam</span> <span class='ocrx_word' id='word_1_444' title='bbox 2493 3072 2677 3141; x_wconf 84' lang='lat' dir='ltr'>(Eccli.</span> <span class='ocrx_word' id='word_1_445' title='bbox 2713 3089 2835 3143; x_wconf 84' lang='lat' dir='ltr'>xm,</span> <span class='ocrx_word' id='word_1_446' title='bbox 2872 3073 2942 3144; x_wconf 82' lang='grc'>1).</span> <span class='ocrx_word' id='word_1_447' title='bbox 2970 3097 2996 3121; x_wconf 90' lang='grc'>››</span> <span class='ocrx_word' id='word_1_448' title='bbox 3030 3075 3136 3140; x_wconf 90' lang='lat' dir='ltr'>Qui</span> <span class='ocrx_word' id='word_1_449' title='bbox 3170 3076 3279 3131; x_wconf 91' lang='lat' dir='ltr'>sibi</span> <span class='ocrx_word' id='word_1_450' title='bbox 3330 3094 3585 3148; x_wconf 88' lang='lat' dir='ltr'>nequam</span> 
     </span>
    </p>
   </div>
   <div class='ocr_carea' id='block_1_63' title="bbox 1936 3158 3582 3234">
    <p class='ocr_par' dir='ltr' id='par_1_63' title="bbox 1936 3158 3582 3234">
     <span class='ocr_line' id='line_1_63' title="bbox 1936 3158 3582 3234; baseline 0.004 -20"><span class='ocrx_word' id='word_1_451' title='bbox 1936 3164 2046 3225; x_wconf 88' lang='lat' dir='ltr'>est,</span> <span class='ocrx_word' id='word_1_452' title='bbox 2069 3159 2163 3213; x_wconf 93' lang='lat' dir='ltr'>cui</span> <span class='ocrx_word' id='word_1_453' title='bbox 2198 3158 2308 3214; x_wconf 88' lang='lat' dir='ltr'>alio</span> <span class='ocrx_word' id='word_1_454' title='bbox 2339 3160 2530 3214; x_wconf 90' lang='lat' dir='ltr'>bonus</span> <span class='ocrx_word' id='word_1_455' title='bbox 2561 3160 2706 3216; x_wconf 77' lang='lat' dir='ltr'>erit?</span> <span class='ocrx_word' id='word_1_456' title='bbox 2735 3162 3119 3233; x_wconf 90' lang='lat' dir='ltr'>Cognoscant,</span> <span class='ocrx_word' id='word_1_457' title='bbox 3145 3164 3231 3220; x_wconf 91' lang='lat' dir='ltr'>vel</span> <span class='ocrx_word' id='word_1_458' title='bbox 3276 3166 3582 3234; x_wconf 88' lang='lat' dir='ltr'>admoniti,</span> 
     </span>
    </p>
   </div>
   <div class='ocr_carea' id='block_1_64' title="bbox 175 3236 3584 3324">
    <p class='ocr_par' dir='ltr' id='par_1_64' title="bbox 175 3236 3584 3324">
     <span class='ocr_line' id='line_1_64' title="bbox 175 3236 3584 3324; baseline 0.001 -17"><span class='ocrx_word' id='word_1_459' title='bbox 175 3252 276 3324; x_wconf 89' lang='lat' dir='ltr'>qui</span> <span class='ocrx_word' id='word_1_460' title='bbox 302 3269 418 3307; x_wconf 93' lang='lat' dir='ltr'>non</span> <span class='ocrx_word' id='word_1_461' title='bbox 439 3251 841 3318; x_wconf 90' lang='lat' dir='ltr'>crediderunt;</span> <span class='ocrx_word' id='word_1_462' title='bbox 867 3267 971 3305; x_wconf 90' lang='lat' dir='ltr'>nec</span> <span class='ocrx_word' id='word_1_463' title='bbox 993 3267 1056 3304; x_wconf 91' lang='lat' dir='ltr'>se</span> <span class='ocrx_word' id='word_1_464' title='bbox 1073 3267 1327 3320; x_wconf 86' lang='lat' dir='ltr'>suosque</span> <span class='ocrx_word' id='word_1_465' title='bbox 1346 3256 1607 3321; x_wconf 87' lang='lat' dir='ltr'>posteros</span> <span class='ocrx_word' id='word_1_466' title='bbox 1628 3270 1661 3307; x_wconf 88' lang='lat' dir='ltr'>a</span> <span class='ocrx_word' id='word_1_467' title='bbox 1681 3268 1827 3307; x_wconf 82' lang='lat' dir='ltr'>sem-</span> <span class='ocrx_word' id='word_1_468' title='bbox 1857 3236 1900 3302; x_wconf 83' lang='lat' dir='ltr'><strong>C</strong></span> <span class='ocrx_word' id='word_1_469' title='bbox 1939 3247 2079 3319; x_wconf 89' lang='lat' dir='ltr'>quia</span> <span class='ocrx_word' id='word_1_470' title='bbox 2103 3252 2389 3319; x_wconf 91' lang='lat' dir='ltr'>quotquot</span> <span class='ocrx_word' id='word_1_471' title='bbox 2417 3249 2572 3303; x_wconf 87' lang='lat' dir='ltr'>fures</span> <span class='ocrx_word' id='word_1_472' title='bbox 2605 3253 2742 3304; x_wconf 91' lang='lat' dir='ltr'>sunt</span> <span class='ocrx_word' id='word_1_473' title='bbox 2772 3256 2827 3304; x_wconf 92' lang='lat' dir='ltr'>et</span> <span class='ocrx_word' id='word_1_474' title='bbox 2868 3249 3122 3307; x_wconf 89' lang='lat' dir='ltr'>latrones</span> <span class='ocrx_word' id='word_1_475' title='bbox 3163 3258 3318 3320; x_wconf 91' lang='lat' dir='ltr'>sunt,</span> <span class='ocrx_word' id='word_1_476' title='bbox 3343 3272 3457 3310; x_wconf 92' lang='lat' dir='ltr'>non</span> <span class='ocrx_word' id='word_1_477' title='bbox 3487 3271 3584 3310; x_wconf 89' lang='lat' dir='ltr'>ve-</span> 
     </span>
    </p>
   </div>
   <div class='ocr_carea' id='block_1_65' title="bbox 178 3338 1830 3414">
    <p class='ocr_par' dir='ltr' id='par_1_65' title="bbox 178 3338 1830 3414">
     <span class='ocr_line' id='line_1_65' title="bbox 178 3338 1830 3414; baseline 0 -18"><span class='ocrx_word' id='word_1_478' title='bbox 178 3343 410 3414; x_wconf 87' lang='lat' dir='ltr'>piterna</span> <span class='ocrx_word' id='word_1_479' title='bbox 436 3343 618 3395; x_wconf 90' lang='lat' dir='ltr'>morte</span> <span class='ocrx_word' id='word_1_480' title='bbox 642 3338 983 3394; x_wconf 88' lang='lat' dir='ltr'>subtrahere</span> <span class='ocrx_word' id='word_1_481' title='bbox 1003 3341 1300 3394; x_wconf 89' lang='lat' dir='ltr'>curarunt.</span> <span class='ocrx_word' id='word_1_482' title='bbox 1317 3338 1477 3394; x_wconf 89' lang='lat' dir='ltr'>Unde</span> <span class='ocrx_word' id='word_1_483' title='bbox 1499 3339 1672 3395; x_wconf 89' lang='lat' dir='ltr'>etiam</span> <span class='ocrx_word' id='word_1_484' title='bbox 1697 3357 1830 3396; x_wconf 91' lang='lat' dir='ltr'>eum</span> 
     </span>
    </p>
   </div>
   <div class='ocr_carea' id='block_1_66' title="bbox 179 3426 1835 3500">
    <p class='ocr_par' dir='ltr' id='par_1_66' title="bbox 179 3426 1835 3500">
     <span class='ocr_line' id='line_1_66' title="bbox 179 3426 1835 3500; baseline 0.001 -16"><span class='ocrx_word' id='word_1_485' title='bbox 179 3434 369 3487; x_wconf 89' lang='lat' dir='ltr'>morte</span> <span class='ocrx_word' id='word_1_486' title='bbox 392 3428 598 3485; x_wconf 76' lang='lat' dir='ltr'>anima:</span> <span class='ocrx_word' id='word_1_487' title='bbox 618 3427 1022 3499; x_wconf 90' lang='lat' dir='ltr'>turpissimam</span> <span class='ocrx_word' id='word_1_488' title='bbox 1043 3432 1099 3482; x_wconf 93' lang='lat' dir='ltr'>et</span> <span class='ocrx_word' id='word_1_489' title='bbox 1117 3426 1555 3483; x_wconf 88' lang='lat' dir='ltr'>acerbissimam</span> <span class='ocrx_word' id='word_1_490' title='bbox 1575 3429 1835 3500; x_wconf 89' lang='lat' dir='ltr'>corporis</span> 
     </span>
    </p>
   </div>
   <div class='ocr_carea' id='block_1_67' title="bbox 184 3514 1832 3588">
    <p class='ocr_par' dir='ltr' id='par_1_67' title="bbox 184 3514 1832 3588">
     <span class='ocr_line' id='line_1_67' title="bbox 184 3514 1832 3588; baseline -0.001 -14"><span class='ocrx_word' id='word_1_491' title='bbox 184 3523 433 3574; x_wconf 90' lang='lat' dir='ltr'>mortem</span> <span class='ocrx_word' id='word_1_492' title='bbox 463 3518 854 3580; x_wconf 89' lang='lat' dir='ltr'>incurrerunt,</span> <span class='ocrx_word' id='word_1_493' title='bbox 877 3514 1032 3570; x_wconf 89' lang='lat' dir='ltr'>velut</span> <span class='ocrx_word' id='word_1_494' title='bbox 1062 3532 1164 3586; x_wconf 92' lang='lat' dir='ltr'>per</span> <span class='ocrx_word' id='word_1_495' title='bbox 1192 3515 1619 3588; x_wconf 85' lang='lat' dir='ltr'>Vespasianum</span> <span class='ocrx_word' id='word_1_496' title='bbox 1651 3522 1706 3574; x_wconf 89' lang='lat' dir='ltr'>et</span> <span class='ocrx_word' id='word_1_497' title='bbox 1737 3519 1832 3573; x_wconf 91' lang='lat' dir='ltr'>Ti-</span> 
     </span>
    </p>
   </div>
   <div class='ocr_carea' id='block_1_68' title="bbox 184 3604 1835 3679">
    <p class='ocr_par' dir='ltr' id='par_1_68' title="bbox 184 3604 1835 3679">
     <span class='ocr_line' id='line_1_68' title="bbox 184 3604 1835 3679; baseline -0.001 -16"><span class='ocrx_word' id='word_1_498' title='bbox 184 3615 335 3672; x_wconf 90' lang='lat' dir='ltr'>tum,</span> <span class='ocrx_word' id='word_1_499' title='bbox 369 3611 546 3677; x_wconf 86' lang='lat' dir='ltr'>alque</span> <span class='ocrx_word' id='word_1_500' title='bbox 597 3622 698 3677; x_wconf 89' lang='lat' dir='ltr'>per</span> <span class='ocrx_word' id='word_1_501' title='bbox 727 3604 934 3658; x_wconf 73' lang='lat' dir='ltr'>.Elium</span> <span class='ocrx_word' id='word_1_502' title='bbox 969 3604 1311 3660; x_wconf 86' lang='lat' dir='ltr'>Adrianum.</span> <span class='ocrx_word' id='word_1_503' title='bbox 1348 3605 1426 3660; x_wconf 92' lang='lat' dir='ltr'>De</span> <span class='ocrx_word' id='word_1_504' title='bbox 1458 3622 1571 3677; x_wconf 93' lang='lat' dir='ltr'>quo</span> <span class='ocrx_word' id='word_1_505' title='bbox 1621 3607 1835 3679; x_wconf 90' lang='lat' dir='ltr'>populo</span> 
     </span>
    </p>
   </div>
   <div class='ocr_carea' id='block_1_69' title="bbox 185 3693 1835 3766">
    <p class='ocr_par' dir='ltr' id='par_1_69' title="bbox 185 3693 1835 3766">
     <span class='ocr_line' id='line_1_69' title="bbox 185 3693 1835 3766; baseline 0.001 -15"><span class='ocrx_word' id='word_1_506' title='bbox 185 3703 240 3752; x_wconf 90' lang='lat' dir='ltr'>et</span> <span class='ocrx_word' id='word_1_507' title='bbox 271 3695 418 3751; x_wconf 90' lang='lat' dir='ltr'>illud</span> <span class='ocrx_word' id='word_1_508' title='bbox 469 3693 959 3750; x_wconf 90' lang='lat' dir='ltr'>considerandum</span> <span class='ocrx_word' id='word_1_509' title='bbox 991 3697 1079 3748; x_wconf 91' lang='lat' dir='ltr'>est</span> <span class='ocrx_word' id='word_1_510' title='bbox 1127 3693 1266 3764; x_wconf 89' lang='lat' dir='ltr'>quia</span> <span class='ocrx_word' id='word_1_511' title='bbox 1301 3699 1586 3766; x_wconf 90' lang='lat' dir='ltr'>quotquot</span> <span class='ocrx_word' id='word_1_512' title='bbox 1633 3713 1835 3752; x_wconf 89' lang='lat' dir='ltr'>eorum</span> 
     </span>
    </p>
   </div>
   <div class='ocr_carea' id='block_1_70' title="bbox 185 3781 1834 3857">
    <p class='ocr_par' dir='ltr' id='par_1_70' title="bbox 185 3781 1834 3857">
     <span class='ocr_line' id='line_1_70' title="bbox 185 3781 1834 3857; baseline 0.001 -17"><span class='ocrx_word' id='word_1_513' title='bbox 185 3785 390 3840; x_wconf 87' lang='lat' dir='ltr'>salvati</span> <span class='ocrx_word' id='word_1_514' title='bbox 425 3787 585 3850; x_wconf 90' lang='lat' dir='ltr'>sunt,</span> <span class='ocrx_word' id='word_1_515' title='bbox 620 3800 732 3837; x_wconf 90' lang='lat' dir='ltr'>non</span> <span class='ocrx_word' id='word_1_516' title='bbox 785 3781 979 3837; x_wconf 89' lang='lat' dir='ltr'>solum</span> <span class='ocrx_word' id='word_1_517' title='bbox 1029 3782 1398 3853; x_wconf 89' lang='lat' dir='ltr'>baptismate,</span> <span class='ocrx_word' id='word_1_518' title='bbox 1432 3786 1582 3856; x_wconf 91' lang='lat' dir='ltr'>quod</span> <span class='ocrx_word' id='word_1_519' title='bbox 1637 3785 1834 3857; x_wconf 87' lang='lat' dir='ltr'>procul</span> 
     </span>
    </p>
   </div>
   <div class='ocr_carea' id='block_1_71' title="bbox 185 3870 1836 3942">
    <p class='ocr_par' dir='ltr' id='par_1_71' title="bbox 185 3870 1836 3942">
     <span class='ocr_line' id='line_1_71' title="bbox 185 3870 1836 3942; baseline 0.001 -14"><span class='ocrx_word' id='word_1_520' title='bbox 185 3873 366 3928; x_wconf 83' lang='lat' dir='ltr'>dubio</span> <span class='ocrx_word' id='word_1_521' title='bbox 399 3870 802 3927; x_wconf 88' lang='lat' dir='ltr'>remissionem</span> <span class='ocrx_word' id='word_1_522' title='bbox 837 3871 1101 3926; x_wconf 88' lang='lat' dir='ltr'>omnium</span> <span class='ocrx_word' id='word_1_523' title='bbox 1148 3875 1515 3942; x_wconf 89' lang='lat' dir='ltr'>peccatorum</span> <span class='ocrx_word' id='word_1_524' title='bbox 1548 3875 1836 3940; x_wconf 88' lang='lat' dir='ltr'>attribuit,</span> 
     </span>
    </p>
   </div>
   <div class='ocr_carea' id='block_1_72' title="bbox 185 3959 1840 4034">
    <p class='ocr_par' dir='ltr' id='par_1_72' title="bbox 185 3959 1840 4034">
     <span class='ocr_line' id='line_1_72' title="bbox 185 3959 1840 4034; baseline 0 -16"><span class='ocrx_word' id='word_1_525' title='bbox 185 3962 302 4018; x_wconf 89' lang='lat' dir='ltr'>Deo</span> <span class='ocrx_word' id='word_1_526' title='bbox 342 3962 597 4034; x_wconf 74' lang='lat' dir='ltr'>perfecte</span> <span class='ocrx_word' id='word_1_527' title='bbox 643 3959 1003 4016; x_wconf 90' lang='lat' dir='ltr'>reconciliari</span> <span class='ocrx_word' id='word_1_528' title='bbox 1054 3965 1411 4027; x_wconf 86' lang='lat' dir='ltr'>meruerunt,</span> <span class='ocrx_word' id='word_1_529' title='bbox 1448 3961 1555 4016; x_wconf 88' lang='lat' dir='ltr'>nisi</span> <span class='ocrx_word' id='word_1_530' title='bbox 1589 3966 1644 4017; x_wconf 89' lang='lat' dir='ltr'>et</span> <span class='ocrx_word' id='word_1_531' title='bbox 1675 3964 1840 4034; x_wconf 75' lang='lat' dir='ltr'>prius</span> 
     </span>
    </p>
   </div>
   <div class='ocr_carea' id='block_1_73' title="bbox 185 4047 1841 4124">
    <p class='ocr_par' dir='ltr' id='par_1_73' title="bbox 185 4047 1841 4124">
     <span class='ocr_line' id='line_1_73' title="bbox 185 4047 1841 4124; baseline -0.001 -17"><span class='ocrx_word' id='word_1_532' title='bbox 185 4069 289 4124; x_wconf 88' lang='lat' dir='ltr'>per</span> <span class='ocrx_word' id='word_1_533' title='bbox 317 4051 722 4124; x_wconf 78' lang='lat' dir='ltr'>pmnitentiam</span> <span class='ocrx_word' id='word_1_534' title='bbox 756 4066 888 4103; x_wconf 88' lang='lat' dir='ltr'>eum</span> <span class='ocrx_word' id='word_1_535' title='bbox 931 4047 1043 4103; x_wconf 91' lang='lat' dir='ltr'>sibi</span> <span class='ocrx_word' id='word_1_536' title='bbox 1074 4047 1301 4119; x_wconf 89' lang='lat' dir='ltr'>placare</span> <span class='ocrx_word' id='word_1_537' title='bbox 1340 4049 1724 4106; x_wconf 83' lang='lat' dir='ltr'>laborassent.</span> <span class='ocrx_word' id='word_1_538' title='bbox 1749 4052 1841 4107; x_wconf 91' lang='lat' dir='ltr'>Sic</span> 
     </span>
    </p>
   </div>
   <div class='ocr_carea' id='block_1_74' title="bbox 185 4137 1839 4210">
    <p class='ocr_par' dir='ltr' id='par_1_74' title="bbox 185 4137 1839 4210">
     <span class='ocr_line' id='line_1_74' title="bbox 185 4137 1839 4210; baseline -0.001 -15"><span class='ocrx_word' id='word_1_539' title='bbox 185 4141 343 4196; x_wconf 90' lang='lat' dir='ltr'>enim</span> <span class='ocrx_word' id='word_1_540' title='bbox 369 4141 440 4194; x_wconf 87' lang='lat' dir='ltr'>ad</span> <span class='ocrx_word' id='word_1_541' title='bbox 467 4138 722 4210; x_wconf 88' lang='lat' dir='ltr'>Spiritus</span> <span class='ocrx_word' id='word_1_542' title='bbox 744 4137 930 4193; x_wconf 89' lang='lat' dir='ltr'>sancti</span> <span class='ocrx_word' id='word_1_543' title='bbox 953 4137 1277 4192; x_wconf 87' lang='lat' dir='ltr'>evidentem</span> <span class='ocrx_word' id='word_1_544' title='bbox 1302 4138 1664 4204; x_wconf 73' lang='lat' dir='ltr'>effusionem,</span> <span class='ocrx_word' id='word_1_545' title='bbox 1691 4145 1746 4195; x_wconf 87' lang='lat' dir='ltr'>et</span> <span class='ocrx_word' id='word_1_546' title='bbox 1768 4141 1839 4195; x_wconf 91' lang='lat' dir='ltr'>ad</span> 
     </span>
    </p>
   </div>
   <div class='ocr_carea' id='block_1_75' title="bbox 186 4224 1842 4299">
    <p class='ocr_par' dir='ltr' id='par_1_75' title="bbox 186 4224 1842 4299">
     <span class='ocr_line' id='line_1_75' title="bbox 186 4224 1842 4299; baseline -0.001 -16"><span class='ocrx_word' id='word_1_547' title='bbox 186 4225 664 4299; x_wconf 70' lang='lat' dir='ltr'>praedicationem</span> <span class='ocrx_word' id='word_1_548' title='bbox 683 4225 833 4280; x_wconf 90' lang='lat' dir='ltr'>Petri</span> <span class='ocrx_word' id='word_1_549' title='bbox 857 4224 1222 4296; x_wconf 89' lang='lat' dir='ltr'>compunetis</span> <span class='ocrx_word' id='word_1_550' title='bbox 1244 4224 1463 4279; x_wconf 92' lang='lat' dir='ltr'>dictum</span> <span class='ocrx_word' id='word_1_551' title='bbox 1483 4230 1571 4279; x_wconf 88' lang='lat' dir='ltr'>est</span> <span class='ocrx_word' id='word_1_552' title='bbox 1591 4243 1635 4279; x_wconf 75' lang='lat' dir='ltr'>:u</span> <span class='ocrx_word' id='word_1_553' title='bbox 1658 4226 1842 4281; x_wconf 84' lang='lat' dir='ltr'>Poeni-</span> 
     </span>
    </p>
   </div>
   <div class='ocr_carea' id='block_1_76' title="bbox 183 4314 1839 4388">
    <p class='ocr_par' dir='ltr' id='par_1_76' title="bbox 183 4314 1839 4388">
     <span class='ocr_line' id='line_1_76' title="bbox 183 4314 1839 4388; baseline -0.001 -16"><span class='ocrx_word' id='word_1_554' title='bbox 183 4318 436 4373; x_wconf 85' lang='lat' dir='ltr'>tentiam</span> <span class='ocrx_word' id='word_1_555' title='bbox 460 4315 634 4388; x_wconf 89' lang='lat' dir='ltr'>agite,</span> <span class='ocrx_word' id='word_1_556' title='bbox 649 4319 704 4370; x_wconf 90' lang='lat' dir='ltr'>et</span> <span class='ocrx_word' id='word_1_557' title='bbox 725 4314 1052 4386; x_wconf 77' lang='lat' dir='ltr'>baptizatur</span> <span class='ocrx_word' id='word_1_558' title='bbox 1075 4314 1481 4386; x_wconf 88' lang='lat' dir='ltr'>unusquisque</span> <span class='ocrx_word' id='word_1_559' title='bbox 1502 4319 1756 4370; x_wconf 85' lang='lat' dir='ltr'>vestrum</span> <span class='ocrx_word' id='word_1_560' title='bbox 1780 4315 1839 4370; x_wconf 93' lang='lat' dir='ltr'>in</span> 
     </span>
    </p>
   </div>
   <div class='ocr_carea' id='block_1_77' title="bbox 184 4403 1839 4474">
    <p class='ocr_par' dir='ltr' id='par_1_77' title="bbox 184 4403 1839 4474">
     <span class='ocr_line' id='line_1_77' title="bbox 184 4403 1839 4474; baseline -0.001 -14"><span class='ocrx_word' id='word_1_561' title='bbox 184 4405 430 4462; x_wconf 85' lang='lat' dir='ltr'>nomine</span> <span class='ocrx_word' id='word_1_562' title='bbox 471 4404 609 4460; x_wconf 87' lang='lat' dir='ltr'>Jesu</span> <span class='ocrx_word' id='word_1_563' title='bbox 643 4403 858 4458; x_wconf 87' lang='lat' dir='ltr'>Christi</span> <span class='ocrx_word' id='word_1_564' title='bbox 909 4403 965 4457; x_wconf 90' lang='lat' dir='ltr'>in</span> <span class='ocrx_word' id='word_1_565' title='bbox 1021 4403 1424 4458; x_wconf 88' lang='lat' dir='ltr'>remissionem</span> <span class='ocrx_word' id='word_1_566' title='bbox 1471 4407 1839 4474; x_wconf 91' lang='lat' dir='ltr'>peccatorum</span> 
     </span>
    </p>
   </div>
   <div class='ocr_carea' id='block_1_78' title="bbox 183 4491 1838 4564">
    <p class='ocr_par' dir='ltr' id='par_1_78' title="bbox 183 4491 1838 4564">
     <span class='ocr_line' id='line_1_78' title="bbox 183 4491 1838 4564; baseline -0.001 -14"><span class='ocrx_word' id='word_1_567' title='bbox 183 4499 540 4554; x_wconf 86' lang='lat' dir='ltr'>vestrorum.</span> <span class='ocrx_word' id='word_1_568' title='bbox 565 4498 623 4548; x_wconf 90' lang='lat' dir='ltr'>et</span> <span class='ocrx_word' id='word_1_569' title='bbox 643 4491 938 4564; x_wconf 86' lang='lat' dir='ltr'>accipietis</span> <span class='ocrx_word' id='word_1_570' title='bbox 961 4493 1178 4546; x_wconf 89' lang='lat' dir='ltr'>donum</span> <span class='ocrx_word' id='word_1_571' title='bbox 1216 4491 1466 4563; x_wconf 88' lang='lat' dir='ltr'>Spiritus</span> <span class='ocrx_word' id='word_1_572' title='bbox 1490 4493 1676 4547; x_wconf 93' lang='lat' dir='ltr'>sancti</span> <span class='ocrx_word' id='word_1_573' title='bbox 1701 4494 1838 4564; x_wconf 81' lang='lat' dir='ltr'>(Act.</span> 
     </span>
    </p>
   </div>
   <div class='ocr_carea' id='block_1_79' title="bbox 187 4580 1920 4668">
    <p class='ocr_par' dir='ltr' id='par_1_79' title="bbox 187 4580 1920 4668">
     <span class='ocr_line' id='line_1_79' title="bbox 187 4580 1920 4668; baseline -0.001 -30"><span class='ocrx_word' id='word_1_574' title='bbox 187 4601 252 4650; x_wconf 81' lang='grc' dir='ltr'>ιι,</span> <span class='ocrx_word' id='word_1_575' title='bbox 275 4585 393 4652; x_wconf 88' lang='lat'>38).</span> <span class='ocrx_word' id='word_1_576' title='bbox 425 4607 450 4631; x_wconf 85' lang='grc'><strong>››</strong></span> <span class='ocrx_word' id='word_1_577' title='bbox 475 4583 588 4638; x_wconf 83' lang='lat' dir='ltr'>Nec</span> <span class='ocrx_word' id='word_1_578' title='bbox 618 4598 892 4637; x_wconf 89' lang='lat' dir='ltr'>excusare</span> <span class='ocrx_word' id='word_1_579' title='bbox 931 4598 1029 4635; x_wconf 90' lang='lat' dir='ltr'>eos</span> <span class='ocrx_word' id='word_1_580' title='bbox 1077 4580 1406 4650; x_wconf 84' lang='lat' dir='ltr'>ignorantia</span> <span class='ocrx_word' id='word_1_581' title='bbox 1456 4582 1646 4653; x_wconf 91' lang='lat' dir='ltr'>potuit</span> <span class='ocrx_word' id='word_1_582' title='bbox 1701 4582 1842 4653; x_wconf 92' lang='lat' dir='ltr'>quin</span> <span class='ocrx_word' id='word_1_583' title='bbox 1875 4603 1920 4668; x_wconf 74' lang='grc' dir='ltr'>Ι)</span> 
     </span>
    </p>
   </div>
   <div class='ocr_carea' id='block_1_80' title="bbox 183 4669 1845 4746">
    <p class='ocr_par' dir='ltr' id='par_1_80' title="bbox 183 4669 1845 4746">
     <span class='ocr_line' id='line_1_80' title="bbox 183 4669 1845 4746; baseline -0.001 -18"><span class='ocrx_word' id='word_1_584' title='bbox 183 4672 560 4746; x_wconf 65' lang='lat' dir='ltr'>poeniterent,</span> <span class='ocrx_word' id='word_1_585' title='bbox 595 4671 867 4743; x_wconf 84' lang='lat' dir='ltr'>quamvis</span> <span class='ocrx_word' id='word_1_586' title='bbox 912 4669 1083 4725; x_wconf 90' lang='lat' dir='ltr'>etiam</span> <span class='ocrx_word' id='word_1_587' title='bbox 1119 4669 1241 4741; x_wconf 90' lang='lat' dir='ltr'>ipse</span> <span class='ocrx_word' id='word_1_588' title='bbox 1274 4669 1475 4724; x_wconf 83' lang='lat' dir='ltr'>Petrus</span> <span class='ocrx_word' id='word_1_589' title='bbox 1523 4670 1606 4725; x_wconf 91' lang='lat' dir='ltr'>eis</span> <span class='ocrx_word' id='word_1_590' title='bbox 1639 4673 1708 4726; x_wconf 89' lang='lat' dir='ltr'>de</span> <span class='ocrx_word' id='word_1_591' title='bbox 1745 4670 1845 4726; x_wconf 89' lang='lat' dir='ltr'>illa</span> 
     </span>
    </p>
   </div>
   <div class='ocr_carea' id='block_1_81' title="bbox 183 4758 1841 4832">
    <p class='ocr_par' dir='ltr' id='par_1_81' title="bbox 183 4758 1841 4832">
     <span class='ocr_line' id='line_1_81' title="bbox 183 4758 1841 4832; baseline -0.002 -14"><span class='ocrx_word' id='word_1_592' title='bbox 183 4761 598 4818; x_wconf 88' lang='lat' dir='ltr'>testimonium</span> <span class='ocrx_word' id='word_1_593' title='bbox 630 4759 960 4832; x_wconf 88' lang='lat' dir='ltr'>perhiberet</span> <span class='ocrx_word' id='word_1_594' title='bbox 983 4758 1038 4812; x_wconf 92' lang='lat' dir='ltr'>in</span> <span class='ocrx_word' id='word_1_595' title='bbox 1063 4758 1580 4830; x_wconf 89' lang='lat' dir='ltr'>subsequentibus,</span> <span class='ocrx_word' id='word_1_596' title='bbox 1606 4760 1841 4816; x_wconf 88' lang='lat' dir='ltr'>dicens:</span> 
     </span>
    </p>
   </div>
   <div class='ocr_carea' id='block_1_82' title="bbox 184 4846 1845 4918">
    <p class='ocr_par' dir='ltr' id='par_1_82' title="bbox 184 4846 1845 4918">
     <span class='ocr_line' id='line_1_82' title="bbox 184 4846 1845 4918; baseline 0.003 -19"><span class='ocrx_word' id='word_1_597' title='bbox 184 4875 212 4900; x_wconf 88' lang='grc'>‹‹</span> <span class='ocrx_word' id='word_1_598' title='bbox 248 4851 325 4906; x_wconf 86' lang='lat' dir='ltr'>Et</span> <span class='ocrx_word' id='word_1_599' title='bbox 358 4866 532 4915; x_wconf 92' lang='lat' dir='ltr'>nunc,</span> <span class='ocrx_word' id='word_1_600' title='bbox 566 4849 796 4914; x_wconf 82' lang='lat' dir='ltr'>fratres,</span> <span class='ocrx_word' id='word_1_601' title='bbox 831 4847 949 4902; x_wconf 90' lang='lat' dir='ltr'>scia</span> <span class='ocrx_word' id='word_1_602' title='bbox 982 4847 1119 4918; x_wconf 87' lang='lat' dir='ltr'>quia</span> <span class='ocrx_word' id='word_1_603' title='bbox 1151 4864 1252 4918; x_wconf 91' lang='lat' dir='ltr'>per</span> <span class='ocrx_word' id='word_1_604' title='bbox 1289 4846 1677 4918; x_wconf 89' lang='lat' dir='ltr'>ignorantiam</span> <span class='ocrx_word' id='word_1_605' title='bbox 1713 4849 1845 4904; x_wconf 89' lang='lat' dir='ltr'>feci-</span> 
     </span>
    </p>
   </div>
   <div class='ocr_carea' id='block_1_83' title="bbox 179 4936 1850 5009">
    <p class='ocr_par' dir='ltr' id='par_1_83' title="bbox 179 4936 1850 5009">
     <span class='ocr_line' id='line_1_83' title="bbox 179 4936 1850 5009; baseline -0.002 -13"><span class='ocrx_word' id='word_1_606' title='bbox 179 4941 320 5006; x_wconf 89' lang='lat' dir='ltr'>stis,</span> <span class='ocrx_word' id='word_1_607' title='bbox 350 4938 505 4994; x_wconf 90' lang='lat' dir='ltr'>sicut</span> <span class='ocrx_word' id='word_1_608' title='bbox 533 4942 590 4993; x_wconf 91' lang='lat' dir='ltr'>et</span> <span class='ocrx_word' id='word_1_609' title='bbox 617 4937 912 5009; x_wconf 89' lang='lat' dir='ltr'>principes</span> <span class='ocrx_word' id='word_1_610' title='bbox 942 4936 1140 4991; x_wconf 82' lang='lat' dir='ltr'>vestri.</span> <span class='ocrx_word' id='word_1_611' title='bbox 1173 4936 1544 4991; x_wconf 86' lang='lat' dir='ltr'>Pocnitemini</span> <span class='ocrx_word' id='word_1_612' title='bbox 1585 4937 1764 5009; x_wconf 85' lang='lat' dir='ltr'>igitur</span> <span class='ocrx_word' id='word_1_613' title='bbox 1792 4941 1850 4993; x_wconf 90' lang='lat' dir='ltr'>et</span> 
     </span>
    </p>
   </div>
   <div class='ocr_carea' id='block_1_84' title="bbox 179 5025 1846 5098">
    <p class='ocr_par' dir='ltr' id='par_1_84' title="bbox 179 5025 1846 5098">
     <span class='ocr_line' id='line_1_84' title="bbox 179 5025 1846 5098; baseline -0.001 -16"><span class='ocrx_word' id='word_1_614' title='bbox 179 5025 620 5094; x_wconf 87' lang='lat' dir='ltr'>convertimini,</span> <span class='ocrx_word' id='word_1_615' title='bbox 648 5031 711 5080; x_wconf 94' lang='lat' dir='ltr'>ut</span> <span class='ocrx_word' id='word_1_616' title='bbox 743 5025 1048 5080; x_wconf 88' lang='lat' dir='ltr'>deleantur</span> <span class='ocrx_word' id='word_1_617' title='bbox 1070 5029 1261 5079; x_wconf 86' lang='lat' dir='ltr'>vestra</span> <span class='ocrx_word' id='word_1_618' title='bbox 1296 5029 1549 5096; x_wconf 86' lang='lat' dir='ltr'>peccata.</span> <span class='ocrx_word' id='word_1_619' title='bbox 1581 5050 1606 5073; x_wconf 84' lang='grc'><strong>››</strong></span> <span class='ocrx_word' id='word_1_620' title='bbox 1632 5028 1698 5081; x_wconf 84' lang='lat' dir='ltr'>Et</span> <span class='ocrx_word' id='word_1_621' title='bbox 1720 5044 1846 5098; x_wconf 64' lang='lat' dir='ltr'>qua:</span> 
     </span>
    </p>
   </div>
   <div class='ocr_carea' id='block_1_85' title="bbox 179 5113 1847 5188">
    <p class='ocr_par' dir='ltr' id='par_1_85' title="bbox 179 5113 1847 5188">
     <span class='ocr_line' id='line_1_85' title="bbox 179 5113 1847 5188; baseline -0.001 -18"><span class='ocrx_word' id='word_1_622' title='bbox 179 5115 484 5188; x_wconf 79' lang='lat' dir='ltr'>praecipue</span> <span class='ocrx_word' id='word_1_623' title='bbox 509 5115 608 5170; x_wconf 88' lang='lat' dir='ltr'>illa</span> <span class='ocrx_word' id='word_1_624' title='bbox 631 5115 846 5170; x_wconf 83' lang='lat' dir='ltr'>fuerint</span> <span class='ocrx_word' id='word_1_625' title='bbox 878 5115 934 5168; x_wconf 92' lang='lat' dir='ltr'>in</span> <span class='ocrx_word' id='word_1_626' title='bbox 969 5113 1430 5185; x_wconf 64' lang='lat' dir='ltr'>praecedentibus</span> <span class='ocrx_word' id='word_1_627' title='bbox 1463 5115 1736 5179; x_wconf 89' lang='lat' dir='ltr'>ostendit,</span> <span class='ocrx_word' id='word_1_628' title='bbox 1760 5115 1847 5169; x_wconf 88' lang='lat' dir='ltr'>di-</span> 
     </span>
    </p>
   </div>
   <div class='ocr_carea' id='block_1_86' title="bbox 180 5201 1847 5275">
    <p class='ocr_par' dir='ltr' id='par_1_86' title="bbox 180 5201 1847 5275">
     <span class='ocr_line' id='line_1_86' title="bbox 180 5201 1847 5275; baseline -0.001 -15"><span class='ocrx_word' id='word_1_629' title='bbox 180 5223 331 5261; x_wconf 89' lang='lat' dir='ltr'>cens</span> <span class='ocrx_word' id='word_1_630' title='bbox 367 5221 415 5260; x_wconf 77' lang='grc'>;‹‹</span> <span class='ocrx_word' id='word_1_631' title='bbox 442 5209 591 5259; x_wconf 92' lang='lat' dir='ltr'>Deus</span> <span class='ocrx_word' id='word_1_632' title='bbox 622 5208 854 5275; x_wconf 89' lang='lat' dir='ltr'>patrum</span> <span class='ocrx_word' id='word_1_633' title='bbox 891 5207 1219 5256; x_wconf 87' lang='lat' dir='ltr'>nostrorum</span> <span class='ocrx_word' id='word_1_634' title='bbox 1261 5201 1605 5273; x_wconf 86' lang='lat' dir='ltr'>glorificavit</span> <span class='ocrx_word' id='word_1_635' title='bbox 1636 5203 1847 5258; x_wconf 87' lang='lat' dir='ltr'>Filium</span> 
     </span>
    </p>
   </div>
   <div class='ocr_carea' id='block_1_87' title="bbox 183 5290 1850 5365">
    <p class='ocr_par' dir='ltr' id='par_1_87' title="bbox 183 5290 1850 5365">
     <span class='ocr_line' id='line_1_87' title="bbox 183 5290 1850 5365; baseline -0.001 -17"><span class='ocrx_word' id='word_1_636' title='bbox 183 5311 372 5349; x_wconf 90' lang='lat' dir='ltr'>suum</span> <span class='ocrx_word' id='word_1_637' title='bbox 398 5293 806 5364; x_wconf 89' lang='lat' dir='ltr'>Jesum,quem</span> <span class='ocrx_word' id='word_1_638' title='bbox 833 5309 931 5346; x_wconf 90' lang='lat' dir='ltr'>vos</span> <span class='ocrx_word' id='word_1_639' title='bbox 963 5290 1196 5362; x_wconf 89' lang='lat' dir='ltr'>quidem</span> <span class='ocrx_word' id='word_1_640' title='bbox 1231 5291 1555 5347; x_wconf 89' lang='lat' dir='ltr'>tradidistis</span> <span class='ocrx_word' id='word_1_641' title='bbox 1585 5297 1639 5346; x_wconf 91' lang='lat' dir='ltr'>et</span> <span class='ocrx_word' id='word_1_642' title='bbox 1672 5310 1850 5365; x_wconf 88' lang='lat' dir='ltr'>nega-</span> 
     </span>
    </p>
   </div>
   <div class='ocr_carea' id='block_1_88' title="bbox 183 5379 1852 5451">
    <p class='ocr_par' dir='ltr' id='par_1_88' title="bbox 183 5379 1852 5451">
     <span class='ocr_line' id='line_1_88' title="bbox 183 5379 1852 5451; baseline -0.001 -13"><span class='ocrx_word' id='word_1_643' title='bbox 183 5383 301 5438; x_wconf 87' lang='lat' dir='ltr'>stis</span> <span class='ocrx_word' id='word_1_644' title='bbox 320 5386 456 5437; x_wconf 90' lang='lat' dir='ltr'>ante</span> <span class='ocrx_word' id='word_1_645' title='bbox 479 5381 684 5437; x_wconf 86' lang='lat' dir='ltr'>faciem</span> <span class='ocrx_word' id='word_1_646' title='bbox 707 5380 897 5447; x_wconf 89' lang='lat' dir='ltr'>Pilati,</span> <span class='ocrx_word' id='word_1_647' title='bbox 916 5379 1219 5451; x_wconf 88' lang='lat' dir='ltr'>judicante</span> <span class='ocrx_word' id='word_1_648' title='bbox 1239 5379 1334 5434; x_wconf 91' lang='lat' dir='ltr'>illo</span> <span class='ocrx_word' id='word_1_649' title='bbox 1358 5380 1716 5437; x_wconf 86' lang='lat' dir='ltr'>dimitti.Vos</span> <span class='ocrx_word' id='word_1_650' title='bbox 1743 5399 1852 5437; x_wconf 90' lang='lat' dir='ltr'>au-</span> 
     </span>
    </p>
   </div>
   <div class='ocr_carea' id='block_1_89' title="bbox 182 5467 1850 5541">
    <p class='ocr_par' dir='ltr' id='par_1_89' title="bbox 182 5467 1850 5541">
     <span class='ocr_line' id='line_1_89' title="bbox 182 5467 1850 5541; baseline -0.001 -14"><span class='ocrx_word' id='word_1_651' title='bbox 182 5477 313 5528; x_wconf 88' lang='lat' dir='ltr'>tem</span> <span class='ocrx_word' id='word_1_652' title='bbox 346 5472 628 5526; x_wconf 80' lang='lat' dir='ltr'>Sanctum</span> <span class='ocrx_word' id='word_1_653' title='bbox 662 5474 718 5525; x_wconf 89' lang='lat' dir='ltr'>et</span> <span class='ocrx_word' id='word_1_654' title='bbox 744 5470 980 5525; x_wconf 88' lang='lat' dir='ltr'>Justum</span> <span class='ocrx_word' id='word_1_655' title='bbox 1015 5467 1293 5539; x_wconf 88' lang='lat' dir='ltr'>negastis,</span> <span class='ocrx_word' id='word_1_656' title='bbox 1317 5473 1373 5524; x_wconf 92' lang='lat' dir='ltr'>et</span> <span class='ocrx_word' id='word_1_657' title='bbox 1403 5469 1630 5541; x_wconf 90' lang='lat' dir='ltr'>petistis</span> <span class='ocrx_word' id='word_1_658' title='bbox 1660 5471 1732 5525; x_wconf 81' lang='lat' dir='ltr'>vii</span> <span class='ocrx_word' id='word_1_659' title='bbox 1753 5489 1850 5526; x_wconf 91' lang='lat' dir='ltr'>um</span> 
     </span>
    </p>
   </div>
   <div class='ocr_carea' id='block_1_90' title="bbox 183 5558 1854 5624">
    <p class='ocr_par' dir='ltr' id='par_1_90' title="bbox 183 5558 1854 5624">
     <span class='ocr_line' id='line_1_90' title="bbox 183 5558 1854 5624; baseline -0.001 -6"><span class='ocrx_word' id='word_1_660' title='bbox 183 5559 559 5618; x_wconf 89' lang='lat' dir='ltr'>homicidam</span> <span class='ocrx_word' id='word_1_661' title='bbox 583 5558 786 5616; x_wconf 89' lang='lat' dir='ltr'>donari</span> <span class='ocrx_word' id='word_1_662' title='bbox 807 5558 1001 5624; x_wconf 88' lang='lat' dir='ltr'>vobis;</span> <span class='ocrx_word' id='word_1_663' title='bbox 1029 5559 1338 5612; x_wconf 86' lang='lat' dir='ltr'>Auctorem</span> <span class='ocrx_word' id='word_1_664' title='bbox 1361 5575 1492 5614; x_wconf 91' lang='lat' dir='ltr'>vero</span> <span class='ocrx_word' id='word_1_665' title='bbox 1515 5560 1643 5615; x_wconf 66' lang='lat' dir='ltr'>vitae</span> <span class='ocrx_word' id='word_1_666' title='bbox 1669 5560 1854 5617; x_wconf 89' lang='lat' dir='ltr'>inter-</span> 
     </span>
    </p>
   </div>
   <div class='ocr_carea' id='block_1_91' title="bbox 181 5646 1854 5727">
    <p class='ocr_par' dir='ltr' id='par_1_91' title="bbox 181 5646 1854 5727">
     <span class='ocr_line' id='line_1_91' title="bbox 181 5646 1854 5727; baseline -0.002 -14"><span class='ocrx_word' id='word_1_667' title='bbox 181 5649 423 5722; x_wconf 81' lang='lat' dir='ltr'>fecistis</span> <span class='ocrx_word' id='word_1_668' title='bbox 453 5648 634 5727; x_wconf 79' lang='lat' dir='ltr'>(ibid.,</span> <span class='ocrx_word' id='word_1_669' title='bbox 664 5649 886 5720; x_wconf 77' lang='lat'>13,15).</span> <span class='ocrx_word' id='word_1_670' title='bbox 915 5670 944 5700; x_wconf 89' lang='grc'>››</span> <span class='ocrx_word' id='word_1_671' title='bbox 974 5646 1034 5705; x_wconf 88' lang='lat' dir='ltr'>Si</span> <span class='ocrx_word' id='word_1_672' title='bbox 1083 5661 1219 5722; x_wconf 81' lang='lat' dir='ltr'>ergo</span> <span class='ocrx_word' id='word_1_673' title='bbox 1270 5662 1514 5726; x_wconf 79' lang='lat' dir='ltr'>negasse</span> <span class='ocrx_word' id='word_1_674' title='bbox 1557 5648 1854 5710; x_wconf 85' lang='lat' dir='ltr'>Christum</span> 
     </span>
    </p>
   </div>
   <div class='ocr_carea' id='block_1_92' title="bbox 1943 3336 3586 3415">
    <p class='ocr_par' dir='ltr' id='par_1_92' title="bbox 1943 3336 3586 3415">
     <span class='ocr_line' id='line_1_92' title="bbox 1943 3336 3586 3415; baseline 0.005 -23"><span class='ocrx_word' id='word_1_675' title='bbox 1943 3338 2114 3393; x_wconf 91' lang='lat' dir='ltr'>niunt</span> <span class='ocrx_word' id='word_1_676' title='bbox 2153 3336 2265 3391; x_wconf 91' lang='lat' dir='ltr'>nisi</span> <span class='ocrx_word' id='word_1_677' title='bbox 2317 3342 2381 3391; x_wconf 93' lang='lat' dir='ltr'>ut</span> <span class='ocrx_word' id='word_1_678' title='bbox 2428 3342 2681 3392; x_wconf 91' lang='lat' dir='ltr'>mactcnt</span> <span class='ocrx_word' id='word_1_679' title='bbox 2714 3343 2769 3394; x_wconf 90' lang='lat' dir='ltr'>et</span> <span class='ocrx_word' id='word_1_680' title='bbox 2799 3339 3046 3410; x_wconf 89' lang='lat' dir='ltr'>perdant</span> <span class='ocrx_word' id='word_1_681' title='bbox 3083 3343 3404 3410; x_wconf 82' lang='lat' dir='ltr'>(Joan.x1u,</span> <span class='ocrx_word' id='word_1_682' title='bbox 3437 3346 3507 3415; x_wconf 88' lang='grc'>1).</span> <span class='ocrx_word' id='word_1_683' title='bbox 3539 3347 3586 3400; x_wconf 92' lang='grc' dir='ltr'><strong>Α</strong></span> 
     </span>
    </p>
   </div>
   <div class='ocr_carea' id='block_1_93' title="bbox 1944 3425 3592 3498">
    <p class='ocr_par' dir='ltr' id='par_1_93' title="bbox 1944 3425 3592 3498">
     <span class='ocr_line' id='line_1_93' title="bbox 1944 3425 3592 3498; baseline 0.006 -18"><span class='ocrx_word' id='word_1_684' title='bbox 1944 3443 2193 3498; x_wconf 88' lang='lat' dir='ltr'>quorum</span> <span class='ocrx_word' id='word_1_685' title='bbox 2217 3425 2680 3498; x_wconf 89' lang='lat' dir='ltr'>sanguinolentis</span> <span class='ocrx_word' id='word_1_686' title='bbox 2704 3428 2976 3485; x_wconf 90' lang='lat' dir='ltr'>manibus</span> <span class='ocrx_word' id='word_1_687' title='bbox 3000 3447 3112 3485; x_wconf 92' lang='lat' dir='ltr'>non</span> <span class='ocrx_word' id='word_1_688' title='bbox 3137 3430 3326 3487; x_wconf 91' lang='lat' dir='ltr'>solum</span> <span class='ocrx_word' id='word_1_689' title='bbox 3360 3432 3439 3487; x_wconf 92' lang='lat' dir='ltr'>nil</span> <span class='ocrx_word' id='word_1_690' title='bbox 3461 3450 3592 3490; x_wconf 89' lang='lat' dir='ltr'>san-</span> 
     </span>
    </p>
   </div>
   <div class='ocr_carea' id='block_1_94' title="bbox 1945 3514 3593 3589">
    <p class='ocr_par' dir='ltr' id='par_1_94' title="bbox 1945 3514 3593 3589">
     <span class='ocr_line' id='line_1_94' title="bbox 1945 3514 3593 3589; baseline 0.005 -19"><span class='ocrx_word' id='word_1_691' title='bbox 1945 3514 2332 3583; x_wconf 82' lang='lat' dir='ltr'>ctificationis,</span> <span class='ocrx_word' id='word_1_692' title='bbox 2369 3517 2468 3570; x_wconf 90' lang='lat' dir='ltr'>sed</span> <span class='ocrx_word' id='word_1_693' title='bbox 2513 3516 2686 3571; x_wconf 89' lang='lat' dir='ltr'>etiam</span> <span class='ocrx_word' id='word_1_694' title='bbox 2729 3516 3047 3589; x_wconf 89' lang='lat' dir='ltr'>plurimum</span> <span class='ocrx_word' id='word_1_695' title='bbox 3082 3521 3593 3581; x_wconf 89' lang='lat' dir='ltr'>contaminationis</span> 
     </span>
    </p>
   </div>
   <div class='ocr_carea' id='block_1_95' title="bbox 1947 3604 3596 3676">
    <p class='ocr_par' dir='ltr' id='par_1_95' title="bbox 1947 3604 3596 3676">
     <span class='ocr_line' id='line_1_95' title="bbox 1947 3604 3596 3676; baseline 0.004 -16"><span class='ocrx_word' id='word_1_696' title='bbox 1947 3609 2314 3676; x_wconf 88' lang='lat' dir='ltr'>acceperunt,</span> <span class='ocrx_word' id='word_1_697' title='bbox 2342 3604 2397 3658; x_wconf 91' lang='lat' dir='ltr'>in</span> <span class='ocrx_word' id='word_1_698' title='bbox 2432 3609 2659 3660; x_wconf 87' lang='lat' dir='ltr'>tantum</span> <span class='ocrx_word' id='word_1_699' title='bbox 2691 3613 2756 3661; x_wconf 89' lang='lat' dir='ltr'>ut</span> <span class='ocrx_word' id='word_1_700' title='bbox 2804 3608 2952 3662; x_wconf 91' lang='lat' dir='ltr'>facta</span> <span class='ocrx_word' id='word_1_701' title='bbox 2984 3608 3060 3663; x_wconf 90' lang='lat' dir='ltr'>sit</span> <span class='ocrx_word' id='word_1_702' title='bbox 3099 3610 3368 3665; x_wconf 83' lang='lat' dir='ltr'>meretrix</span> <span class='ocrx_word' id='word_1_703' title='bbox 3397 3612 3596 3668; x_wconf 89' lang='lat' dir='ltr'>anima</span> 
     </span>
    </p>
   </div>
   <div class='ocr_carea' id='block_1_96' title="bbox 1947 3695 3596 3770">
    <p class='ocr_par' dir='ltr' id='par_1_96' title="bbox 1947 3695 3596 3770">
     <span class='ocr_line' id='line_1_96' title="bbox 1947 3695 3596 3770; baseline 0.002 -19"><span class='ocrx_word' id='word_1_704' title='bbox 1947 3711 2148 3751; x_wconf 91' lang='lat' dir='ltr'>eorum</span> <span class='ocrx_word' id='word_1_705' title='bbox 2183 3695 2480 3765; x_wconf 90' lang='lat' dir='ltr'>quondam</span> <span class='ocrx_word' id='word_1_706' title='bbox 2514 3695 2703 3750; x_wconf 83' lang='lat' dir='ltr'>fidelis</span> <span class='ocrx_word' id='word_1_707' title='bbox 2735 3695 3022 3767; x_wconf 84' lang='lat' dir='ltr'>plenaque</span> <span class='ocrx_word' id='word_1_708' title='bbox 3043 3697 3273 3768; x_wconf 88' lang='lat' dir='ltr'>judieii.</span> <span class='ocrx_word' id='word_1_709' title='bbox 3300 3700 3368 3753; x_wconf 87' lang='lat' dir='ltr'>Et</span> <span class='ocrx_word' id='word_1_710' title='bbox 3398 3700 3455 3753; x_wconf 92' lang='lat' dir='ltr'>in</span> <span class='ocrx_word' id='word_1_711' title='bbox 3479 3716 3596 3770; x_wconf 91' lang='lat' dir='ltr'>qua</span> 
     </span>
    </p>
   </div>
   <div class='ocr_carea' id='block_1_97' title="bbox 1949 3782 3595 3858">
    <p class='ocr_par' dir='ltr' id='par_1_97' title="bbox 1949 3782 3595 3858">
     <span class='ocr_line' id='line_1_97' title="bbox 1949 3782 3595 3858; baseline 0.003 -21"><span class='ocrx_word' id='word_1_712' title='bbox 1949 3783 2111 3855; x_wconf 89' lang='lat' dir='ltr'>prius</span> <span class='ocrx_word' id='word_1_713' title='bbox 2126 3782 2360 3853; x_wconf 82' lang='lat' dir='ltr'>justitiu</span> <span class='ocrx_word' id='word_1_714' title='bbox 2382 3783 2683 3854; x_wconf 89' lang='lat' dir='ltr'>requievit,</span> <span class='ocrx_word' id='word_1_715' title='bbox 2703 3801 2855 3838; x_wconf 91' lang='lat' dir='ltr'>nunc</span> <span class='ocrx_word' id='word_1_716' title='bbox 2879 3784 3370 3855; x_wconf 84' lang='lat' dir='ltr'>homicida,cujus</span> <span class='ocrx_word' id='word_1_717' title='bbox 3390 3803 3595 3858; x_wconf 89' lang='lat' dir='ltr'>argen-</span> 
     </span>
    </p>
   </div>
   <div class='ocr_carea' id='block_1_98' title="bbox 1951 3871 3598 3947">
    <p class='ocr_par' dir='ltr' id='par_1_98' title="bbox 1951 3871 3598 3947">
     <span class='ocr_line' id='line_1_98' title="bbox 1951 3871 3598 3947; baseline 0.002 -21"><span class='ocrx_word' id='word_1_718' title='bbox 1951 3878 2076 3926; x_wconf 91' lang='lat' dir='ltr'>tum</span> <span class='ocrx_word' id='word_1_719' title='bbox 2099 3887 2330 3927; x_wconf 86' lang='lat' dir='ltr'>versum</span> <span class='ocrx_word' id='word_1_720' title='bbox 2363 3875 2451 3926; x_wconf 90' lang='lat' dir='ltr'>est</span> <span class='ocrx_word' id='word_1_721' title='bbox 2482 3871 2538 3924; x_wconf 93' lang='lat' dir='ltr'>in</span> <span class='ocrx_word' id='word_1_722' title='bbox 2572 3871 2914 3939; x_wconf 87' lang='lat' dir='ltr'>scoriam,et</span> <span class='ocrx_word' id='word_1_723' title='bbox 2934 3871 3132 3926; x_wconf 89' lang='lat' dir='ltr'>vinum</span> <span class='ocrx_word' id='word_1_724' title='bbox 3168 3873 3408 3928; x_wconf 90' lang='lat' dir='ltr'>mistum</span> <span class='ocrx_word' id='word_1_725' title='bbox 3443 3892 3598 3947; x_wconf 87' lang='lat' dir='ltr'>aqua</span> 
     </span>
    </p>
   </div>
   <div class='ocr_carea' id='block_1_99' title="bbox 1950 3958 3598 4036">
    <p class='ocr_par' dir='ltr' id='par_1_99' title="bbox 1950 3958 3598 4036">
     <span class='ocr_line' id='line_1_99' title="bbox 1950 3958 3598 4036; baseline 0.003 -20"><span class='ocrx_word' id='word_1_726' title='bbox 1950 3963 2076 4030; x_wconf 85' lang='lat' dir='ltr'>(Isa.</span> <span class='ocrx_word' id='word_1_727' title='bbox 2115 3963 2286 4028; x_wconf 81' lang='lat'>1,22).</span> <span class='ocrx_word' id='word_1_728' title='bbox 2315 3960 2379 4012; x_wconf 87' lang='lat' dir='ltr'>Et</span> <span class='ocrx_word' id='word_1_729' title='bbox 2409 3976 2512 4012; x_wconf 89' lang='lat' dir='ltr'>cur</span> <span class='ocrx_word' id='word_1_730' title='bbox 2541 3958 2688 4012; x_wconf 78' lang='lat' dir='ltr'>hoc?</span> <span class='ocrx_word' id='word_1_731' title='bbox 2729 3961 3005 4030; x_wconf 88' lang='lat' dir='ltr'>quoniam</span> <span class='ocrx_word' id='word_1_732' title='bbox 3057 3977 3260 4016; x_wconf 90' lang='lat' dir='ltr'>omnes</span> <span class='ocrx_word' id='word_1_733' title='bbox 3304 3963 3598 4036; x_wconf 86' lang='lat' dir='ltr'>principes</span> 
     </span>
    </p>
   </div>
   <div class='ocr_carea' id='block_1_100' title="bbox 1950 4047 3599 4126">
    <p class='ocr_par' dir='ltr' id='par_1_100' title="bbox 1950 4047 3599 4126">
     <span class='ocr_line' id='line_1_100' title="bbox 1950 4047 3599 4126; baseline 0.002 -22"><span class='ocrx_word' id='word_1_734' title='bbox 1950 4051 2077 4121; x_wconf 88' lang='lat' dir='ltr'>ejus</span> <span class='ocrx_word' id='word_1_735' title='bbox 2109 4047 2371 4102; x_wconf 81' lang='lat' dir='ltr'>infideles</span> <span class='ocrx_word' id='word_1_736' title='bbox 2403 4047 2540 4101; x_wconf 90' lang='lat' dir='ltr'>socii</span> <span class='ocrx_word' id='word_1_737' title='bbox 2568 4047 2782 4115; x_wconf 87' lang='lat' dir='ltr'>furum,</span> <span class='ocrx_word' id='word_1_738' title='bbox 2805 4066 2837 4102; x_wconf 93' lang='lat' dir='ltr'>a</span> <span class='ocrx_word' id='word_1_739' title='bbox 2860 4049 3074 4120; x_wconf 87' lang='lat' dir='ltr'>quibus</span> <span class='ocrx_word' id='word_1_740' title='bbox 3105 4052 3368 4123; x_wconf 88' lang='lat' dir='ltr'>persuasi</span> <span class='ocrx_word' id='word_1_741' title='bbox 3408 4052 3599 4126; x_wconf 89' lang='lat' dir='ltr'>ignari</span> 
     </span>
    </p>
   </div>
   <div class='ocr_carea' id='block_1_101' title="bbox 1951 4134 3598 4212">
    <p class='ocr_par' dir='ltr' id='par_1_101' title="bbox 1951 4134 3598 4212">
     <span class='ocr_line' id='line_1_101' title="bbox 1951 4134 3598 4212; baseline 0.004 -20"><span class='ocrx_word' id='word_1_742' title='bbox 1951 4135 2347 4208; x_wconf 88' lang='lat' dir='ltr'>simplicitatis</span> <span class='ocrx_word' id='word_1_743' title='bbox 2369 4134 2665 4190; x_wconf 63' lang='lat' dir='ltr'>catholica:</span> <span class='ocrx_word' id='word_1_744' title='bbox 2698 4135 2854 4206; x_wconf 73' lang='lat' dir='ltr'>ﬁdei,</span> <span class='ocrx_word' id='word_1_745' title='bbox 2877 4142 2932 4192; x_wconf 92' lang='lat' dir='ltr'>et</span> <span class='ocrx_word' id='word_1_746' title='bbox 2963 4138 3202 4208; x_wconf 88' lang='lat' dir='ltr'>incauti,</span> <span class='ocrx_word' id='word_1_747' title='bbox 3237 4157 3340 4212; x_wconf 91' lang='lat' dir='ltr'>pro</span> <span class='ocrx_word' id='word_1_748' title='bbox 3369 4141 3598 4199; x_wconf 89' lang='lat' dir='ltr'>Christo</span> 
     </span>
    </p>
   </div>
   <div class='ocr_carea' id='block_1_102' title="bbox 1952 4223 3598 4301">
    <p class='ocr_par' dir='ltr' id='par_1_102' title="bbox 1952 4223 3598 4301">
     <span class='ocr_line' id='line_1_102' title="bbox 1952 4223 3598 4301; baseline 0.003 -19"><span class='ocrx_word' id='word_1_749' title='bbox 1952 4225 2245 4297; x_wconf 84' lang='lat' dir='ltr'>accipiunt</span> <span class='ocrx_word' id='word_1_750' title='bbox 2296 4223 2462 4278; x_wconf 92' lang='lat' dir='ltr'>illum</span> <span class='ocrx_word' id='word_1_751' title='bbox 2507 4225 2851 4280; x_wconf 85' lang='lat' dir='ltr'>seditiosum</span> <span class='ocrx_word' id='word_1_752' title='bbox 2882 4226 3188 4296; x_wconf 91' lang='lat' dir='ltr'>latronem,</span> <span class='ocrx_word' id='word_1_753' title='bbox 3215 4230 3314 4301; x_wconf 88' lang='lat' dir='ltr'>qui</span> <span class='ocrx_word' id='word_1_754' title='bbox 3348 4231 3404 4284; x_wconf 92' lang='lat' dir='ltr'>in</span> <span class='ocrx_word' id='word_1_755' title='bbox 3427 4232 3598 4288; x_wconf 88' lang='lat' dir='ltr'>corde</span> 
     </span>
    </p>
   </div>
   <div class='ocr_carea' id='block_1_103' title="bbox 1952 4313 3596 4388">
    <p class='ocr_par' dir='ltr' id='par_1_103' title="bbox 1952 4313 3596 4388">
     <span class='ocr_line' id='line_1_103' title="bbox 1952 4313 3596 4388; baseline 0.002 -18"><span class='ocrx_word' id='word_1_756' title='bbox 1952 4332 2058 4370; x_wconf 91' lang='lat' dir='ltr'>suo</span> <span class='ocrx_word' id='word_1_757' title='bbox 2091 4314 2234 4368; x_wconf 85' lang='lat' dir='ltr'>dixit</span> <span class='ocrx_word' id='word_1_758' title='bbox 2268 4331 2332 4368; x_wconf 83' lang='grc'>;‹‹</span> <span class='ocrx_word' id='word_1_759' title='bbox 2367 4313 2583 4368; x_wconf 90' lang='lat' dir='ltr'>Ponam</span> <span class='ocrx_word' id='word_1_760' title='bbox 2631 4314 2824 4370; x_wconf 91' lang='lat' dir='ltr'>sedem</span> <span class='ocrx_word' id='word_1_761' title='bbox 2879 4333 3068 4372; x_wconf 90' lang='lat' dir='ltr'>meam</span> <span class='ocrx_word' id='word_1_762' title='bbox 3119 4317 3188 4371; x_wconf 90' lang='lat' dir='ltr'>ad</span> <span class='ocrx_word' id='word_1_763' title='bbox 3239 4318 3596 4388; x_wconf 90' lang='lat' dir='ltr'>aquilonem,</span> 
     </span>
    </p>
   </div>
   <div class='ocr_carea' id='block_1_104' title="bbox 1918 4400 3597 4476">
    <p class='ocr_par' dir='ltr' id='par_1_104' title="bbox 1918 4400 3597 4476">
     <span class='ocr_line' id='line_1_104' title="bbox 1918 4400 3597 4476; baseline 0.001 -18"><span class='ocrx_word' id='word_1_764' title='bbox 1918 4435 1922 4440; x_wconf 67' lang='grc' dir='ltr'><strong><em>ι</em></strong></span> <span class='ocrx_word' id='word_1_765' title='bbox 1953 4402 2162 4459; x_wconf 91' lang='lat' dir='ltr'>similis</span> <span class='ocrx_word' id='word_1_766' title='bbox 2194 4417 2290 4456; x_wconf 90' lang='lat' dir='ltr'>ero</span> <span class='ocrx_word' id='word_1_767' title='bbox 2321 4400 2620 4457; x_wconf 84' lang='lat' dir='ltr'>Altissimo</span> <span class='ocrx_word' id='word_1_768' title='bbox 2654 4405 2778 4473; x_wconf 84' lang='lat' dir='ltr'>(lsa.</span> <span class='ocrx_word' id='word_1_769' title='bbox 2808 4422 2922 4471; x_wconf 77' lang='lat' dir='ltr'>xxv,</span> <span class='ocrx_word' id='word_1_770' title='bbox 2952 4406 3057 4474; x_wconf 78' lang='grc'>14),</span> <span class='ocrx_word' id='word_1_771' title='bbox 3084 4427 3112 4453; x_wconf 92' lang='grc'><strong>››</strong></span> <span class='ocrx_word' id='word_1_772' title='bbox 3145 4409 3321 4476; x_wconf 88' lang='lat' dir='ltr'>atque</span> <span class='ocrx_word' id='word_1_773' title='bbox 3352 4405 3597 4461; x_wconf 89' lang='lat' dir='ltr'>homici-</span> 
     </span>
    </p>
   </div>
   <div class='ocr_carea' id='block_1_105' title="bbox 1953 4491 3599 4563">
    <p class='ocr_par' dir='ltr' id='par_1_105' title="bbox 1953 4491 3599 4563">
     <span class='ocr_line' id='line_1_105' title="bbox 1953 4491 3599 4563; baseline 0.002 -16"><span class='ocrx_word' id='word_1_774' title='bbox 1953 4493 2087 4547; x_wconf 92' lang='lat' dir='ltr'>dam</span> <span class='ocrx_word' id='word_1_775' title='bbox 2122 4491 2287 4544; x_wconf 86' lang='lat' dir='ltr'>illum</span> <span class='ocrx_word' id='word_1_776' title='bbox 2339 4491 2438 4562; x_wconf 91' lang='lat' dir='ltr'>qui</span> <span class='ocrx_word' id='word_1_777' title='bbox 2489 4496 2613 4546; x_wconf 89' lang='lat' dir='ltr'>erat</span> <span class='ocrx_word' id='word_1_778' title='bbox 2661 4493 2734 4546; x_wconf 90' lang='lat' dir='ltr'>ab</span> <span class='ocrx_word' id='word_1_779' title='bbox 2791 4492 2976 4548; x_wconf 84' lang='lat' dir='ltr'>initio.</span> <span class='ocrx_word' id='word_1_780' title='bbox 3008 4493 3100 4548; x_wconf 88' lang='lat' dir='ltr'>Sic</span> <span class='ocrx_word' id='word_1_781' title='bbox 3159 4493 3258 4563; x_wconf 89' lang='lat' dir='ltr'>qui</span> <span class='ocrx_word' id='word_1_782' title='bbox 3316 4493 3599 4550; x_wconf 85' lang='lat' dir='ltr'>hactenus</span> 
     </span>
    </p>
   </div>
   <div class='ocr_carea' id='block_1_106' title="bbox 1952 4579 3601 4653">
    <p class='ocr_par' dir='ltr' id='par_1_106' title="bbox 1952 4579 3601 4653">
     <span class='ocr_line' id='line_1_106' title="bbox 1952 4579 3601 4653; baseline 0.001 -18"><span class='ocrx_word' id='word_1_783' title='bbox 1952 4579 2203 4653; x_wconf 78' lang='lat' dir='ltr'>prompti</span> <span class='ocrx_word' id='word_1_784' title='bbox 2256 4579 2588 4635; x_wconf 89' lang='lat' dir='ltr'>laudatores</span> <span class='ocrx_word' id='word_1_785' title='bbox 2619 4586 2675 4635; x_wconf 93' lang='lat' dir='ltr'>et</span> <span class='ocrx_word' id='word_1_786' title='bbox 2716 4582 2901 4635; x_wconf 87' lang='lat' dir='ltr'>devoti</span> <span class='ocrx_word' id='word_1_787' title='bbox 2951 4587 3317 4652; x_wconf 87' lang='lat' dir='ltr'>susceptores</span> <span class='ocrx_word' id='word_1_788' title='bbox 3368 4582 3601 4637; x_wconf 91' lang='lat' dir='ltr'>Domini</span> 
     </span>
    </p>
   </div>
   <div class='ocr_carea' id='block_1_107' title="bbox 1954 4668 3605 4743">
    <p class='ocr_par' dir='ltr' id='par_1_107' title="bbox 1954 4668 3605 4743">
     <span class='ocr_line' id='line_1_107' title="bbox 1954 4668 3605 4743; baseline 0.002 -19"><span class='ocrx_word' id='word_1_789' title='bbox 1954 4670 2203 4734; x_wconf 79' lang='lat' dir='ltr'>fuerant,</span> <span class='ocrx_word' id='word_1_790' title='bbox 2241 4686 2351 4723; x_wconf 92' lang='lat' dir='ltr'>non</span> <span class='ocrx_word' id='word_1_791' title='bbox 2403 4668 2652 4740; x_wconf 90' lang='lat' dir='ltr'>improbi</span> <span class='ocrx_word' id='word_1_792' title='bbox 2705 4669 3204 4740; x_wconf 87' lang='lat' dir='ltr'>blasphematores</span> <span class='ocrx_word' id='word_1_793' title='bbox 3249 4671 3396 4739; x_wconf 87' lang='lat' dir='ltr'>ejus,</span> <span class='ocrx_word' id='word_1_794' title='bbox 3431 4675 3605 4743; x_wconf 87' lang='lat' dir='ltr'>atque</span> 
     </span>
    </p>
   </div>
   <div class='ocr_carea' id='block_1_108' title="bbox 1955 4757 3610 4831">
    <p class='ocr_par' dir='ltr' id='par_1_108' title="bbox 1955 4757 3610 4831">
     <span class='ocr_line' id='line_1_108' title="bbox 1955 4757 3610 4831; baseline 0.001 -17"><span class='ocrx_word' id='word_1_795' title='bbox 1955 4757 2274 4830; x_wconf 90' lang='lat' dir='ltr'>importuni</span> <span class='ocrx_word' id='word_1_796' title='bbox 2295 4758 2569 4829; x_wconf 87' lang='lat' dir='ltr'>petitores</span> <span class='ocrx_word' id='word_1_797' title='bbox 2592 4757 2835 4812; x_wconf 89' lang='lat' dir='ltr'>latronis</span> <span class='ocrx_word' id='word_1_798' title='bbox 2857 4758 3132 4827; x_wconf 88' lang='lat' dir='ltr'>existunt,</span> <span class='ocrx_word' id='word_1_799' title='bbox 3149 4775 3399 4831; x_wconf 91' lang='lat' dir='ltr'>quorum</span> <span class='ocrx_word' id='word_1_800' title='bbox 3423 4760 3610 4817; x_wconf 85' lang='lat' dir='ltr'>inten-</span> 
     </span>
    </p>
   </div>
   <div class='ocr_carea' id='block_1_109' title="bbox 1955 4845 3610 4915">
    <p class='ocr_par' dir='ltr' id='par_1_109' title="bbox 1955 4845 3610 4915">
     <span class='ocr_line' id='line_1_109' title="bbox 1955 4845 3610 4915; baseline 0.002 -14"><span class='ocrx_word' id='word_1_801' title='bbox 1955 4848 2034 4902; x_wconf 92' lang='lat' dir='ltr'>tio</span> <span class='ocrx_word' id='word_1_802' title='bbox 2053 4847 2215 4900; x_wconf 90' lang='lat' dir='ltr'>illum</span> <span class='ocrx_word' id='word_1_803' title='bbox 2242 4845 2430 4901; x_wconf 90' lang='lat' dir='ltr'>solum</span> <span class='ocrx_word' id='word_1_804' title='bbox 2457 4845 2718 4915; x_wconf 89' lang='lat' dir='ltr'>requirit,</span> <span class='ocrx_word' id='word_1_805' title='bbox 2736 4846 2908 4900; x_wconf 89' lang='lat' dir='ltr'>etiam</span> <span class='ocrx_word' id='word_1_806' title='bbox 2928 4863 3061 4901; x_wconf 89' lang='lat' dir='ltr'>eum</span> <span class='ocrx_word' id='word_1_807' title='bbox 3081 4865 3186 4903; x_wconf 86' lang='lat' dir='ltr'>vox</span> <span class='ocrx_word' id='word_1_808' title='bbox 3205 4865 3402 4905; x_wconf 88' lang='lat' dir='ltr'>eorum</span> <span class='ocrx_word' id='word_1_809' title='bbox 3425 4849 3610 4906; x_wconf 90' lang='lat' dir='ltr'>Deum</span> 
     </span>
    </p>
   </div>
   <div class='ocr_carea' id='block_1_110' title="bbox 1957 4933 3610 5010">
    <p class='ocr_par' dir='ltr' id='par_1_110' title="bbox 1957 4933 3610 5010">
     <span class='ocr_line' id='line_1_110' title="bbox 1957 4933 3610 5010; baseline 0.001 -18"><span class='ocrx_word' id='word_1_810' title='bbox 1957 4954 2016 4992; x_wconf 86' lang='lat' dir='ltr'>se</span> <span class='ocrx_word' id='word_1_811' title='bbox 2049 4934 2418 5006; x_wconf 90' lang='lat' dir='ltr'>interpellare</span> <span class='ocrx_word' id='word_1_812' title='bbox 2451 4934 2634 5005; x_wconf 82' lang='lat' dir='ltr'>ﬁngit.</span> <span class='ocrx_word' id='word_1_813' title='bbox 2661 4933 2864 5001; x_wconf 88' lang='lat' dir='ltr'>Quem,</span> <span class='ocrx_word' id='word_1_814' title='bbox 2891 4952 3050 5008; x_wconf 89' lang='lat' dir='ltr'>rogo,</span> <span class='ocrx_word' id='word_1_815' title='bbox 3077 4937 3469 5010; x_wconf 84' lang='lat' dir='ltr'>interpellant,</span> <span class='ocrx_word' id='word_1_816' title='bbox 3495 4939 3610 4995; x_wconf 86' lang='lat' dir='ltr'>nisi</span> 
     </span>
    </p>
   </div>
   <div class='ocr_carea' id='block_1_111' title="bbox 1959 5022 3611 5098">
    <p class='ocr_par' dir='ltr' id='par_1_111' title="bbox 1959 5022 3611 5098">
     <span class='ocr_line' id='line_1_111' title="bbox 1959 5022 3611 5098; baseline 0.002 -20"><span class='ocrx_word' id='word_1_817' title='bbox 1959 5039 2380 5089; x_wconf 89' lang='lat' dir='ltr'>mammonam,</span> <span class='ocrx_word' id='word_1_818' title='bbox 2402 5022 2499 5093; x_wconf 86' lang='lat' dir='ltr'>qui</span> <span class='ocrx_word' id='word_1_819' title='bbox 2526 5039 2628 5076; x_wconf 92' lang='lat' dir='ltr'>nec</span> <span class='ocrx_word' id='word_1_820' title='bbox 2661 5040 2762 5094; x_wconf 84' lang='lat' dir='ltr'>pro</span> <span class='ocrx_word' id='word_1_821' title='bbox 2794 5024 2907 5078; x_wconf 93' lang='lat' dir='ltr'>Deo</span> <span class='ocrx_word' id='word_1_822' title='bbox 2937 5041 3041 5079; x_wconf 91' lang='lat' dir='ltr'>nec</span> <span class='ocrx_word' id='word_1_823' title='bbox 3069 5043 3172 5097; x_wconf 91' lang='lat' dir='ltr'>pro</span> <span class='ocrx_word' id='word_1_824' title='bbox 3205 5028 3468 5098; x_wconf 88' lang='lat' dir='ltr'>proximo</span> <span class='ocrx_word' id='word_1_825' title='bbox 3489 5045 3611 5083; x_wconf 87' lang='lat' dir='ltr'>ver-</span> 
     </span>
    </p>
   </div>
   <div class='ocr_carea' id='block_1_112' title="bbox 1959 5110 3608 5182">
    <p class='ocr_par' dir='ltr' id='par_1_112' title="bbox 1959 5110 3608 5182">
     <span class='ocr_line' id='line_1_112' title="bbox 1959 5110 3608 5182; baseline 0.002 -15"><span class='ocrx_word' id='word_1_826' title='bbox 1959 5114 2097 5167; x_wconf 90' lang='lat' dir='ltr'>bum</span> <span class='ocrx_word' id='word_1_827' title='bbox 2133 5113 2344 5178; x_wconf 85' lang='lat' dir='ltr'>ederet,</span> <span class='ocrx_word' id='word_1_828' title='bbox 2386 5116 2484 5164; x_wconf 89' lang='lat' dir='ltr'>aut</span> <span class='ocrx_word' id='word_1_829' title='bbox 2516 5110 2786 5179; x_wconf 87' lang='lat' dir='ltr'>hisceret,</span> <span class='ocrx_word' id='word_1_830' title='bbox 2820 5112 2908 5167; x_wconf 87' lang='lat' dir='ltr'>vel</span> <span class='ocrx_word' id='word_1_831' title='bbox 2951 5131 3191 5169; x_wconf 88' lang='lat' dir='ltr'>manum</span> <span class='ocrx_word' id='word_1_832' title='bbox 3224 5114 3456 5182; x_wconf 86' lang='lat' dir='ltr'>levaret,</span> <span class='ocrx_word' id='word_1_833' title='bbox 3493 5114 3608 5170; x_wconf 87' lang='lat' dir='ltr'>nisi</span> 
     </span>
    </p>
   </div>
   <div class='ocr_carea' id='block_1_113' title="bbox 1960 5201 3608 5274">
    <p class='ocr_par' dir='ltr' id='par_1_113' title="bbox 1960 5201 3608 5274">
     <span class='ocr_line' id='line_1_113' title="bbox 1960 5201 3608 5274; baseline 0.002 -18"><span class='ocrx_word' id='word_1_834' title='bbox 1960 5201 2246 5272; x_wconf 81' lang='lat' dir='ltr'>acciperet</span> <span class='ocrx_word' id='word_1_835' title='bbox 2300 5203 2400 5253; x_wconf 88' lang='lat' dir='ltr'>aut</span> <span class='ocrx_word' id='word_1_836' title='bbox 2449 5205 2707 5270; x_wconf 88' lang='lat' dir='ltr'>speraret</span> <span class='ocrx_word' id='word_1_837' title='bbox 2757 5203 3109 5272; x_wconf 84' lang='lat' dir='ltr'>pecuniam?</span> <span class='ocrx_word' id='word_1_838' title='bbox 3158 5204 3266 5258; x_wconf 92' lang='lat' dir='ltr'>Sed</span> <span class='ocrx_word' id='word_1_839' title='bbox 3319 5202 3608 5274; x_wconf 89' lang='lat' dir='ltr'>benignus</span> 
     </span>
    </p>
   </div>
   <div class='ocr_carea' id='block_1_114' title="bbox 1959 5287 3610 5362">
    <p class='ocr_par' dir='ltr' id='par_1_114' title="bbox 1959 5287 3610 5362">
     <span class='ocr_line' id='line_1_114' title="bbox 1959 5287 3610 5362; baseline 0 -16"><span class='ocrx_word' id='word_1_840' title='bbox 1959 5289 2212 5362; x_wconf 88' lang='lat' dir='ltr'>Spiritus</span> <span class='ocrx_word' id='word_1_841' title='bbox 2244 5287 2536 5359; x_wconf 66' lang='lat' dir='ltr'>sapientiae</span> <span class='ocrx_word' id='word_1_842' title='bbox 2563 5306 2672 5343; x_wconf 93' lang='lat' dir='ltr'>non</span> <span class='ocrx_word' id='word_1_843' title='bbox 2697 5288 2961 5344; x_wconf 87' lang='lat' dir='ltr'>liberavit</span> <span class='ocrx_word' id='word_1_844' title='bbox 2990 5289 3342 5345; x_wconf 76' lang='lat' dir='ltr'>maledicum</span> <span class='ocrx_word' id='word_1_845' title='bbox 3373 5307 3407 5344; x_wconf 90' lang='lat' dir='ltr'>a</span> <span class='ocrx_word' id='word_1_846' title='bbox 3437 5290 3610 5348; x_wconf 88' lang='lat' dir='ltr'>labiis</span> 
     </span>
    </p>
   </div>
   <div class='ocr_carea' id='block_1_115' title="bbox 1961 5377 3609 5454">
    <p class='ocr_par' dir='ltr' id='par_1_115' title="bbox 1961 5377 3609 5454">
     <span class='ocr_line' id='line_1_115' title="bbox 1961 5377 3609 5454; baseline 0.002 -20"><span class='ocrx_word' id='word_1_847' title='bbox 1961 5379 2104 5434; x_wconf 90' lang='lat' dir='ltr'>suis.</span> <span class='ocrx_word' id='word_1_848' title='bbox 2121 5377 2421 5448; x_wconf 90' lang='lat' dir='ltr'>Siquidem</span> <span class='ocrx_word' id='word_1_849' title='bbox 2447 5378 2723 5449; x_wconf 89' lang='lat' dir='ltr'>quoniam</span> <span class='ocrx_word' id='word_1_850' title='bbox 2744 5395 2947 5433; x_wconf 88' lang='lat' dir='ltr'>renum</span> <span class='ocrx_word' id='word_1_851' title='bbox 2967 5379 3126 5434; x_wconf 90' lang='lat' dir='ltr'>illius</span> <span class='ocrx_word' id='word_1_852' title='bbox 3149 5378 3312 5434; x_wconf 90' lang='lat' dir='ltr'>testis</span> <span class='ocrx_word' id='word_1_853' title='bbox 3329 5383 3415 5434; x_wconf 91' lang='lat' dir='ltr'>est</span> <span class='ocrx_word' id='word_1_854' title='bbox 3432 5380 3609 5454; x_wconf 87' lang='lat' dir='ltr'>Deus,</span> 
     </span>
    </p>
   </div>
   <div class='ocr_carea' id='block_1_116' title="bbox 1961 5467 3611 5540">
    <p class='ocr_par' dir='ltr' id='par_1_116' title="bbox 1961 5467 3611 5540">
     <span class='ocr_line' id='line_1_116' title="bbox 1961 5467 3611 5540; baseline 0.001 -16"><span class='ocrx_word' id='word_1_855' title='bbox 1961 5474 2016 5524; x_wconf 92' lang='lat' dir='ltr'>et</span> <span class='ocrx_word' id='word_1_856' title='bbox 2043 5467 2235 5523; x_wconf 90' lang='lat' dir='ltr'>cordis</span> <span class='ocrx_word' id='word_1_857' title='bbox 2265 5468 2394 5538; x_wconf 85' lang='lat' dir='ltr'>ejus</span> <span class='ocrx_word' id='word_1_858' title='bbox 2426 5473 2716 5523; x_wconf 89' lang='lat' dir='ltr'>scrutator</span> <span class='ocrx_word' id='word_1_859' title='bbox 2757 5472 2846 5523; x_wconf 90' lang='lat' dir='ltr'>est</span> <span class='ocrx_word' id='word_1_860' title='bbox 2884 5484 3075 5535; x_wconf 89' lang='lat' dir='ltr'>verus,</span> <span class='ocrx_word' id='word_1_861' title='bbox 3100 5472 3158 5522; x_wconf 92' lang='lat' dir='ltr'>et</span> <span class='ocrx_word' id='word_1_862' title='bbox 3207 5467 3417 5540; x_wconf 69' lang='lat' dir='ltr'>linguae</span> <span class='ocrx_word' id='word_1_863' title='bbox 3448 5469 3611 5529; x_wconf 87' lang='lat' dir='ltr'>illius</span> 
     </span>
    </p>
   </div>
   <div class='ocr_carea' id='block_1_117' title="bbox 1963 5554 3616 5624">
    <p class='ocr_par' dir='ltr' id='par_1_117' title="bbox 1963 5554 3616 5624">
     <span class='ocr_line' id='line_1_117' title="bbox 1963 5554 3616 5624; baseline 0.001 -10"><span class='ocrx_word' id='word_1_864' title='bbox 1963 5556 2214 5624; x_wconf 88' lang='lat' dir='ltr'>auditor,</span> <span class='ocrx_word' id='word_1_865' title='bbox 2247 5554 2360 5611; x_wconf 82' lang='lat' dir='ltr'>nisi</span> <span class='ocrx_word' id='word_1_866' title='bbox 2393 5555 2658 5612; x_wconf 89' lang='lat' dir='ltr'>liberavit</span> <span class='ocrx_word' id='word_1_867' title='bbox 2691 5557 3024 5613; x_wconf 69' lang='lat' dir='ltr'>hazreticum</span> <span class='ocrx_word' id='word_1_868' title='bbox 3059 5555 3438 5614; x_wconf 88' lang='lat' dir='ltr'>maledictum</span> <span class='ocrx_word' id='word_1_869' title='bbox 3470 5577 3504 5614; x_wconf 91' lang='lat' dir='ltr'>a</span> <span class='ocrx_word' id='word_1_870' title='bbox 3535 5559 3616 5617; x_wconf 87' lang='lat' dir='ltr'>la-</span> 
     </span>
    </p>
   </div>
   <div class='ocr_carea' id='block_1_118' title="bbox 1963 5645 3615 5726">
    <p class='ocr_par' dir='ltr' id='par_1_118' title="bbox 1963 5645 3615 5726">
     <span class='ocr_line' id='line_1_118' title="bbox 1963 5645 3615 5726; baseline 0.001 -19"><span class='ocrx_word' id='word_1_871' title='bbox 1963 5646 2076 5708; x_wconf 89' lang='lat' dir='ltr'>biis</span> <span class='ocrx_word' id='word_1_872' title='bbox 2108 5645 2256 5719; x_wconf 86' lang='lat' dir='ltr'>suis,</span> <span class='ocrx_word' id='word_1_873' title='bbox 2284 5645 2378 5704; x_wconf 89' lang='lat' dir='ltr'>cui</span> <span class='ocrx_word' id='word_1_874' title='bbox 2426 5645 2571 5706; x_wconf 85' lang='lat' dir='ltr'>nihil</span> <span class='ocrx_word' id='word_1_875' title='bbox 2610 5653 2699 5707; x_wconf 88' lang='lat' dir='ltr'>est</span> <span class='ocrx_word' id='word_1_876' title='bbox 2729 5648 2885 5708; x_wconf 86' lang='lat' dir='ltr'>aliud</span> <span class='ocrx_word' id='word_1_877' title='bbox 2916 5648 3062 5708; x_wconf 86' lang='lat' dir='ltr'>bene</span> <span class='ocrx_word' id='word_1_878' title='bbox 3091 5645 3272 5724; x_wconf 87' lang='lat' dir='ltr'>loqui,</span> <span class='ocrx_word' id='word_1_879' title='bbox 3299 5663 3476 5726; x_wconf 84' lang='lat' dir='ltr'>quam</span> <span class='ocrx_word' id='word_1_880' title='bbox 3507 5665 3615 5720; x_wconf 75' lang='lat' dir='ltr'>sua</span> 
     </span>
    </p>
   </div>
  </div>
