4106 6178
561 357 718 418 1103

1611 348 2022 414 HUMBERTI
2068 350 2131 408 S.
2183 346 2376 413 R.'E.
2421 350 2908 413 CARDINALIS.

3745 356 3866 420 HO!

557 488 817 562 seipsum
843 500 981 545 voce
998 487 1295 558 damnare,
1310 491 1368 543 et
1393 485 1502 543 sibi
1528 483 1892 550 maledicere,
1908 481 2079 552 cujus
2099 480 2208 537 lin-
2231 482 2280 550 Α
2319 505 2347 533 ‹‹
2381 484 2521 556 quia
2545 484 2730 541 Deum
2763 500 2876 540 non
2918 484 3327 540 invocaverunt
3347 482 3507 556 (Paul.
3534 502 3618 540 LII.
3636 487 3865 561 6),»‘qna.

556 590 687 652 sua:
708 576 1127 642 henedicentis,
1152 579 1208 631 et
1237 575 1285 632 si
1334 574 1570 630 auditur
1597 576 1687 629 est
1709 571 1965 644 Spiritus
2013 569 2208 625 Domi-

561 666 644 732 ni,
677 664 816 737 quia
840 665 1022 738 replet
1065 665 1264 721 orbem
1294 668 1581 719 terrarum
1614 665 1670 717 et
1698 659 1955 717 continet
1987 658 2205 725 omnia,

561 757 757 811 tamen
806 753 950 827 quia
995 753 1172 809 habet
1228 752 1535 809 scientiam
1575 750 1752 813 vocis,
1787 752 1854 804 ut
1904 751 2207 821 putarunt,

559 846 851 903 scrutator
874 858 1079 898 renum
1098 842 1366 897 etcordis
1388 856 1503 896 non
1527 842 1693 896 curat
1708 838 1849 910 quid
1875 837 2009 909 quis
2029 837 2208 904 dicat,

555 932 657 990 sed
686 931 929 987 dicendo
951 930 1102 1003 quod
1133 929 1422 986 intendat.
1452 927 1799 999 Hujusmodi
1825 943 1995 982 voces
2024 931 2082 982 et
2111 942 2206 981 ex-

553 1019 794 1079 teriores
817 1018 1151 1076 devotiones
1179 1023 1529 1091 aspernatus
1552 1017 1675 1089 ipse
1692 1015 1944 1088 Spiritus
1966 1018 2207 1069 sanctus

494 1125 498 1129 ’
555 1123 659 1181 per
689 1108 899 1164 Isaiam
933 1112 1288 1181 protestatur
1315 1124 1327 1162 :
1355 1131 1382 1157 «
1415 1109 1558 1163 Cum
1590 1103 1965 1162 exlenderitis
1994 1119 2205 1158 manus

550 1201 796 1265 vestras,
819 1200 1076 1252 avertam
1102 1196 1302 1253 oculos
1335 1212 1494 1252 meos
1515 1212 1550 1250 a
1578 1194 1762 1249 vcbis.
1786 1194 1855 1246 Et
1884 1208 2016 1246 cum
2050 1189 2201 1245 mul-

549 1285 956 1360 tiplicaveritis
976 1285 1318 1352 orationem,
1345 1302 1459 1340 non
1483 1281 1810 1339 exaudiam.
1836 1282 2043 1336 Manus
2073 1295 2203 1335 ves-

549 1358 653 1432 tra!
683 1374 970 1446 sanguine
1002 1373 1186 1446 plenae
1219 1378 1360 1429 sunt
1381 1374 1503 1444 (lsa.
1528 1390 1567 1438 I,
1594 1372 1700 1441 15).
1729 1395 1748 1420 ι
1778 1368 2053 1440 Nunquid
2088 1386 2202 1423 non

551 1463 692 1519 socii
725 1463 919 1517 furum
950 1466 1007 1517 et
1033 1462 1327 1518 latronum
1358 1463 1516 1516 fures
1549 1462 1686 1515 sunt
1717 1463 1773 1513 et
1800 1458 2074 1525 latrones,
2098 1458 2201 1512 Sa-

552 1549 786 1607 lomone
831 1550 1060 1606 dicente
1095 1566 1106 1604 :
1135 1574 1163 1600 «
1196 1549 1433 1606 Amicus
1482 1549 1795 1605 stultorum
1845 1546 2095 1603 efficitur
2123 1546 2203 1601 si-

550 1638 708 1695 milis
738 1640 920 1711 (Prov.
954 1656 1079 1705 xm,
1108 1640 1234 1711 20);
1261 1661 1287 1689 »
1312 1643 1370 1694 et
1404 1656 1414 1693 :
1441 1661 1467 1687 ‹‹
1499 1637 1603 1704 Qui
1637 1654 1771 1692 cum
1813 1636 1937 1691 fure
1970 1634 2203 1707 partici-

557 1732 676 1801 pat,
708 1728 831 1783 odit
877 1728 1135 1782 animam
1188 1728 1396 1783 suam?
1436 1728 1615 1798 (Prov.
1640 1743 1793 1793 xx1x,
1827 1724 1939 1792 2/1).
1967 1745 1993 1771 ››
2028 1723 2202 1777 Porro

554 1816 717 1872 fures
736 1820 793 1871 et
814 1816 1087 1883 latrones,
1108 1815 1209 1871 viri
1236 1815 1591 1887 sanguinum
1614 1818 1670 1870 et
1687 1812 1871 1868 dolosi
1891 1819 2049 1881 sunt,
2065 1829 2202 1884 quo-

554 1918 687 1961 rum
730 1904 1021 1978 particeps
1068 1905 1404 1976 quicunque
1454 1909 1562 1971 est,
1613 1900 2098 1975 sanguinolentus
2147 1907 2203 1956 et

553 1994 962 2052 fraudulentus
992 1994 1070 2050 sit
1098 2011 1333 2050 necesse
1365 1998 1471 2050 est.

621 2083 785 2140 Unde
808 2083 944 2155 quia
968 2099 1178 2138 manus
1200 2083 1327 2153 ejus
1352 2082 1531 2153 plenae
1556 2086 1693 2138 sunt
1725 2081 2101 2153 sanguine,et
2127 2079 2204 2135 la-

549 2175 783 2229 tronum
826 2172 935 2227 sibi
978 2172 1497 2227 confoederatorum
1551 2171 1983 2235 communione,
2017 2169 2201 2225 oratio

550 2261 679 2332 ejus
712 2259 1011 2332 repellitur
1055 2277 1089 2315 a
1136 2260 1530 2315 mundissima
1582 2261 1906 2331 majestate.
1932 2259 2004 2314 Ut
2046 2259 2201 2313 enim

548 2349 793 2420 Sapiens
815 2348 897 2403 ait
929 2364 978 2404 :«
1002 2347 1108 2411 Qui
1141 2348 1348 2403 avertit
1377 2364 1577 2402 aurem
1600 2365 1769 2403 suam
1802 2363 1871 2402 ne
1901 2347 2101 2402 audiat
2121 2346 2200 2402 le-

548 2452 701 2510 gem,
726 2435 909 2491 oratio
930 2436 1057 2505 ejus
1080 2435 1451 2491 exsecrabilis
1473 2437 1654 2507 (Prov.
1680 2454 1879 2503 xxvm,
1903 2436 2015 2507 9).»
2038 2436 2198 2499 Quod

549 2523 598 2581 si
618 2522 809 2580 evenit
838 2521 957 2579 illis
988 2523 1088 2594 qui
1125 2540 1237 2579 non
1273 2524 1522 2579 audiunt
1551 2523 1737 2597 legem
1772 2523 2201 2596 praecipientem

547 2610 822 2673 honorari
842 2612 1159 2671 Dominum
1179 2613 1250 2668 de
1271 2611 1504 2685 propria
1525 2617 1580 2668 et
1600 2612 1908 2668 vernacula
1930 2612 2201 2669 substan-

543 2701 836 2773 tzia.(Prov.
860 2718 948 2769 ιιι,
970 2702 1047 2774 9),
1072 2701 1211 2774 quid
1236 2702 1333 2756 fiet
1352 2701 1458 2769 eis,
1483 2701 1581 2772 qui
1614 2701 1854 2757 alterius
1883 2700 2200 2774 eleemosy-

546 2806 683 2847 nam
704 2790 816 2849 sibi
839 2790 925 2847 sic
940 2791 1242 2857 creditam,
1259 2795 1322 2846 ut
1342 2791 1525 2864 gratis
1544 2791 1682 2847 dent
1702 2790 1884 2863 gratis
1906 2794 2199 2862 acceptam

546 2879 724 2952 impie
752 2879 1053 2936 vendunt?
1084 2882 1340 2946 Quorum
1374 2880 1560 2935 oratio
1604 2879 1686 2936 vel
1731 2879 2054 2935 benedictio
2086 2896 2199 2935 non

547 2968 739 3026 solum
762 2985 876 3024 non
896 2969 1136 3025 auditur
1152 2973 1253 3024 aut
1273 2968 1772 3041 recipitur,verum
1792 2970 1969 3025 etiam
1994 2970 2051 3024 in
2076 2987 2202 3042 pec-

547 3061 744 3115 catum
776 3062 834 3114 et
876 3057 936 3113 in
986 3057 1452 3115 maledictionem
1500 3057 1882 3127 convertitur;
1920 3058 2199 3131 quoniam

552 3169 581 3200 α
612 3165 727 3204 non
753 3151 843 3204 est
861 3146 921 3202 in
943 3164 1039 3205 ore
1061 3165 1263 3205 eorum
1285 3147 1516 3215 veritas,
1538 3164 1636 3203 cor
1655 3164 1856 3203 eorum
1879 3164 2088 3203 vanum
2114 3152 2203 3203 est

2321 573 2567 629 rendum
2597 577 2687 630 est
2715 589 2888 645 quem
2922 572 3208 641 invocent,
3242 572 3506 644 quoniam
3535 573 3752 646 prolixus
3775 595 3869 635 cra-

2317 662 2507 718 tiones
2538 678 2960 734 nonnunquam
3004 662 3243 728 habent,
3265 664 3321 717 et
3346 661 3519 718 Deum
3547 662 3774 721 invocare
3792 683 3866 722 au-

2319 751 2581 817 diuntur,
2604 755 2659 807 et
2687 750 2963 807 videntur
2992 751 3063 806 ab
3096 749 3450 807 hominibus.
3468 751 3570 806 Sed
3596 753 3662 807 ab
3686 752 3868 810 hacdif-

2317 839 2575 895 ﬁcultate
2605 839 2947 912 quaestionis
2990 840 3052 895 B.
3080 839 3461 911 Hieronymus
3506 839 3659 897 solito
3692 843 3867 899 succin-

2316 933 2445 985 ctus
2475 946 2582 985 nos
2612 928 2832 994 eximit,
2868 928 2964 984 ubi
2998 928 3333 985 Zachariam
3364 927 3446 985 sic
3474 928 3727 986 dicentem
3749 946 3870 1003 expo-

2316 1017 2402 1071 nit
2425 1034 2438 1071 :
2464 1041 2492 1067 «
2526 1019 2593 1073 Et
2622 1018 2729 1073 erit
2757 1017 2815 1072 in
2845 1017 2936 1073 die
2965 1017 3086 1084 illa,
3110 1017 3254 1072 dicit
3272 1016 3543 1073 Dominus
3563 1018 3867 1088 exercituum,

2315 1105 2650 1178 disperilam
2674 1106 2915 1162 nomina
2934 1104 3223 1161 idolorum
3246 1105 3317 1160 de
3336 1110 3503 1174 terra,
3520 1109 3689 1161 etnon
3710 1122 3868 1163 memo-

2314 1195 2600 1251 rabuntur
2617 1195 2787 1263 ultra,
2808 1200 2861 1251 et
2878 1194 3191 1267 prephetas
3213 1198 3269 1251 et
3290 1193 3550 1266 spiritum
3569 1193 3865 1251 immundum

2313 1285 2575 1339 auferam
2598 1284 2668 1338 de
2690 1288 2840 1340 terra
2864 1284 3044 1351 (Zach.
3067 1300 3191 1346 xm,
3208 1283 3324 1354 2).»
3345 1281 3499 1337 Sicut
3524 1280 3664 1338 idola
3687 1282 3804 1338 ﬁunt
3817 1284 3867 1337 de

2313 1389 2489 1427 manu
2523 1372 2786 1437 artificis,
2819 1373 2900 1427 ita
2934 1371 3337 1427 haereticorum
3375 1388 3624 1443 pexversa
3649 1371 3866 1440 doctrina,

2313 1462 2701 1533 quodcunque
2748 1460 3111 1515 simulaverit
3136 1460 3194 1514 in
3228 1458 3448 1514 idolum
3493 1458 3663 1526 vertit,
3691 1463 3737 1515 et
3773 1458 3869 1515 facit

2313 1567 2416 1622 pro
2446 1549 2672 1605 Christo
2702 1548 2928 1605 adorari
2957 1548 3399 1604 Antichristum.
3422 1548 3522 1613 Qui
3547 1548 3591 1602 si
3618 1548 3760 1604 etiam
3782 1564 3870 1603 ver-

2312 1639 2404 1695 bis
2446 1638 2760 1710 aliquando
2811 1636 3107 1692 diabolum
3158 1636 3530 1703 maledicunt,
3561 1636 3868 1708 seipsospro-

2313 1727 2457 1782 fecto
2492 1725 2869 1793 maledicunt,
2894 1725 3046 1781 sicut
3075 1725 3372 1797 Sapientis
3406 1724 3580 1798 elogio
3603 1724 3867 1796 comproba-

2312 1820 2407 1871 tur
2429 1815 2676 1871 dicentis
2696 1833 2745 1870 ;‹‹
2771 1818 2914 1869 tium
2939 1814 3235 1870 maledicit
3256 1813 3474 1886 impius
3492 1812 3869 1879 diabolum,ma-

2312 1904 2508 1960 ledicit
2546 1903 2669 1976 ipse
2700 1904 2958 1958 animam
2991 1920 3163 1958 suam
3196 1904 3389 1969 (Eccli.
3413 1919 3522 1969 χιι,
3543 1901 3786 1974 30).»Hec
3808 1900 3871 1955 ita

2311 2008 2439 2049 esse
2462 2009 2630 2047 nemo
2650 1991 2750 2063 qui
2774 1993 3114 2064 refragetur,
3132 1991 3241 2046 nisi
3266 1991 3600 2047 manifestus
3612 1989 3869 2046 haereticus.

2314 2082 2474 2137 Unde
2506 2081 2867 2152 perpendant
2906 2097 3059 2135 nunc
3090 2097 3123 2134 a
3153 2079 3482 2136 latronibus
3510 2080 3571 2135 ad
3596 2075 3870 2134 benedicen-

2310 2172 2474 2239 dum,
2498 2174 2556 2225 et
2574 2171 2859 2226 orandum
2885 2168 3146 2240 quolibet
3167 2168 3348 2225 modo
3367 2169 3533 2224 etiam
3551 2166 3759 2241 gratuito
3775 2181 3872 2220 cor-

2311 2259 2501 2315 stituti
2527 2262 2583 2314 et
2603 2256 3067 2329 subrogati,quid
3088 2255 3175 2313 vel
3195 2256 3312 2312 sibi
3331 2255 3418 2313 vel
3438 2256 3561 2313 aliis
3574 2251 3873 2326 acquisierint

2310 2365 2376 2403 ex
2408 2347 2645 2402 illorum
2678 2346 3086 2402 communione
3109 2346 3282 2416 cujus
3306 2345 3600 2418 participes
3619 2346 3733 2398 sunt
3757 2339 3870 2401 facti,

2310 2441 2367 2491 et
2387 2437 2478 2491 cui
2505 2434 2807 2509 spontanei
2834 2434 3344 2505 subscripserunt,
3359 2434 3493 2489 dum
3515 2433 3705 2488 factum
3722 2443 3871 2485 eorum

2310 2542 2425 2581 non
2460 2524 2650 2580 solum
2674 2523 3045 2579 crediderunt
3065 2528 3287 2589 ratum,
3308 2524 3407 2579 sed
3430 2522 3591 2578 etiam
3607 2518 3875 2592 praedicave-

2310 2618 2466 2669 runt.
2491 2613 2779 2669 Nimirum
2813 2612 3116 2668 homicidaa
3148 2617 3291 2667 sunt
3324 2611 3520 2684 quales
3545 2610 3591 2666 ei
3614 2608 3687 2663 illi
3714 2606 3872 2679 quibus

2310 2702 2702 2758 consentiunt.
2736 2702 2953 2774 Nempe
2985 2701 3069 2756 sic
3112 2701 3449 2757 interiorem
3483 2698 3741 2756 hominem
3764 2696 3809 2751 in
3830 2706 3874 2748 se

2310 2796 2368 2848 et
2397 2792 2454 2846 in
2488 2791 2617 2846 aliis
2647 2790 2921 2846 occidunt
2962 2794 3029 2845 ut
3073 2789 3329 2846 exterior
3356 2805 3548 2845 eorum
3575 2787 3706 2842 vivat
3729 2785 3872 2839 incas-

2310 2897 2465 2947 sum,
2506 2884 2638 2952 post
2684 2878 2989 2952 paululum
3049 2879 3347 2935 habituris
3404 2884 3663 2934 aeternum
3704 2869 3872 2944 suppli-

2311 2970 2487 3025 cium.
2518 2972 2873 3040 Quocunque
2898 2967 3053 3024 enim
3081 2967 3283 3023 anima
3317 2968 3544 3024 tandem
3572 2963 3766 3039 peribit.
3783 2976 3875 3016 cor-

2310 3076 2422 3131 pus
2451 3074 2680 3131 quoque
2710 3062 2842 3130 post
2870 3056 2996 3112 ibit.

2892 3163 3122 3219 CAPUT
3159 3164 3384 3221 XXVII.

553 3237 1044 3310 (Psal.v,iO).»—«
1065 3235 1407 3309 Sepulcrum
1428 3240 1633 3308 patens
1650 3240 1738 3292 est
1756 3240 1960 3309 guttur
1976 3253 2196 3304 eorum,

2311 3257 2594 3313 Sententia
2617 3256 2793 3310 sancti
2812 3255 3121 3325 Augustini,
3143 3270 3251 3325 qua
3273 3270 3458 3310 omnes
3476 3251 3695 3309 hzsrctici
3707 3247 3873 3325 convin-

550 3325 770 3398 linguis
797 3326 924 3382 suis
951 3325 1150 3382 dolose
1171 3326 1452 3398 agebant;
1483 3342 1770 3381 venenum
1796 3326 2063 3397 aspidum
2089 3326 2199 3381 sub

551 3413 725 3471 labiis
747 3431 970 3470 eorum.
988 3415 1247 3479 Quorum
1271 3431 1336 3469 os
1360 3413 1766 3470 maledictione
1786 3419 1843 3470 et
1864 3415 2203 3470 amaritudi-

552 3518 625 3559 ne
646 3501 882 3574 plenum
902 3507 1017 3571 est;
1041 3501 1263 3559 veloces
1285 3504 1459 3574 pedes
1477 3519 1676 3558 eorum
1693 3505 1765 3558 ad
1778 3504 2197 3559 eil'undendum

550 3591 919 3666 sanguinem.
939 3590 1219 3647 Contritio
1250 3595 1307 3646 et
1336 3590 1644 3646 infelicitas
1678 3592 1735 3646 in
1759 3592 1864 3648 viis
1893 3610 2115 3654 eorum.
2143 3597 2201 3649 et

546 3680 700 3738 viam
724 3681 886 3754 pacis
909 3697 1022 3737 non
1050 3685 1476 3752 cognoverunt;
1501 3697 1616 3735 non
1639 3684 1728 3735 est
1748 3681 1924 3736 timor
1942 3681 2040 3736 Dei
2066 3686 2200 3737 ante

547 3769 746 3827 oculos
771 3787 994 3827 eorum.
1011 3770 1215 3827 Nonne
1238 3772 1586 3842 cognoscent
1604 3786 1806 3824 omnes
1831 3770 1929 3841 qui
1954 3786 2197 3842 cperan-

546 3864 642 3919 tur
681 3858 1189 3933 iniquitatem,qui
1231 3860 1506 3915 devorant
1552 3857 1777 3926 plebem
1825 3875 2012 3915 meam
2047 3859 2200 3915 sicut

545 3966 737 4009 escam
761 3949 969 4022 panis?
990 3949 1304 4005 Dominum
1323 3965 1437 4004 non
1459 3947 1873 4004 invocaverunt
1894 3950 2194 4021 (Psal.x1u,

544 4039 601 4107 3,
624 4039 736 4110 4).»
760 4039 826 4095 Et
858 4037 958 4110 qui
991 4037 1179 4110 magis
1208 4037 1434 4109 plebem
1480 4037 1581 4094 Dei
1613 4037 1765 4094 sicut
1805 4038 1997 4094 cibum
2028 4040 2197 4111 panis

545 4125 841 4191 devorant,
865 4141 1044 4197 quam
1066 4126 1165 4197 qui
1189 4125 1387 4182 omnia
1408 4126 1750 4182 Christianae
1784 4127 2081 4200 religionis
2104 4146 2196 4183 sa-

545 4218 843 4271 cramenta
871 4213 1096 4269 venalia
1146 4219 1394 4286 portant,
1427 4219 1484 4270 et
1532 4215 1683 4287 plebi
1734 4216 1832 4272 Dei
1885 4218 2193 4290 denegant,

544 4304 659 4361 nisi
688 4320 756 4361 ea
786 4302 967 4377 pretio
1026 4303 1136 4358 sibi
1184 4303 1509 4360 redimunt?
1538 4305 1650 4360 Sed
1708 4324 1788 4361 va:
1848 4306 2061 4362 misero
2094 4307 2195 4379 qui

542 4392 736 4450 taliter
777 4391 995 4465 duplici
1029 4392 1243 4447 damno
1293 4392 1566 4461 afficitur,
1602 4395 1740 4466 quia
1795 4400 1852 4450 et
1908 4396 2196 4452 exteriora

540 4481 697 4541 bona
724 4498 832 4538 sua
862 4479 1212 4553 negotiando
1242 4479 1452 4550 perdit,
1485 4486 1543 4536 et
1585 4480 1865 4537 interiora
1893 4499 2009 4538 non
2042 4483 2194 4538 acci-

2388 3331 2589 3383 cuutur
2617 3342 2815 3396 negare
2845 3322 3025 3382 Iesum
3057 3322 3340 3381 Christum
3370 3329 3431 3382 in
3457 3340 3613 3382 carne
3635 3322 3816 3378 veniae.

2380 3416 2593 3472 Verum
2629 3433 2698 3470 ne
2728 3412 3120 3469 calumnietur
3150 3419 3285 3485 quis
3320 3433 3427 3471 nos
3456 3415 3525 3469 de
3554 3423 3757 3483 corpore
3780 3420 3874 3478 pro-

2308 3507 2519 3580 prio,et
2537 3522 2649 3560 non
2672 3521 2741 3560 ex
2761 3502 2975 3559 divinis
2996 3502 3465 3576 paginis,novam
3489 3496 3872 3573 suggillationem

2309 3579 2367 3651 in
2391 3595 2689 3651 hzsreticos
2711 3609 3078 3664 componere,
3095 3592 3234 3647 dum
3265 3610 3384 3649 non
3418 3597 3577 3666 putat
3597 3605 3680 3646 eos
3697 3579 3876 3642 omnino

2308 3685 2432 3741 sine
2457 3684 2568 3738 ﬁde
2590 3699 2739 3748 esse,
2767 3687 2867 3737 aut
2893 3681 3202 3737 Dominum
3228 3686 3414 3738 Deum
3440 3696 3655 3754 negare,
3675 3669 3876 3733 animad~

2307 3778 2492 3829 vertat
2521 3771 2906 3828 venerabilem
2940 3775 2996 3826 et
3031 3770 3388 3827 catholicum
3439 3772 3704 3827 doctorem
3728 3764 3876 3833 Augu-

2309 3861 2529 3918 stinum
2552 3860 2609 3915 in
2633 3859 2893 3932 Epistola
2915 3860 2975 3914 B.
2999 3860 3244 3915 Joannis
3267 3859 3517 3933 apostoli
3540 3859 3650 3913 haec
3671 3856 3879 3909 intonan-

2308 3956 2425 4008 tem
2469 3953 2659 4023 (Auc.,
2702 3951 2872 4005 ’I'ract.
2914 3952 2968 4015 2,
3014 3951 3076 4004 in
3105 3951 3263 4020 epist.
3298 3955 3465 4007 Joan.
3497 3966 3533 4003 n
3563 3948 3643 4017 li):
3669 3964 3695 3993 ‹‹
3719 3940 3877 4023 Omnes

2306 4021 2579 4109 haeretici,
2612 4055 2815 4094 omnes
2855 4038 3215 4094 schismatici
3260 4055 3331 4094 ex
3376 4038 3541 4094 nobis
3580 4033 3813 4091 exierunt.
3838 4021 3878 4077 id

2305 4134 2412 4196 est,
2447 4128 2699 4185 Ecclesia
2743 4132 2974 4195 exeunt,
3006 4127 3105 4183 sed
3155 4144 3272 4183 non
3305 4128 3527 4184 exirent
3567 4123 3612 4180 si
3658 4138 3717 4177 ex
3757 4110 3877 4171 nobis

2306 4221 2502 4275 essent
2531 4221 2843 4289 antequam
2876 4216 3115 4272 exirent.
3145 4238 3171 4265 »
3205 4216 3276 4271 Et
3310 4219 3444 4288 post
3471 4213 3700 4286 aliqum
3721 4206 3878 4298 omne!

2304 4312 2458 4363 certe
2488 4307 2586 4379 qui
2622 4311 2833 4361 exeunt
2854 4305 2924 4360 de
2946 4304 3223 4373 Ecclesia,
3245 4310 3306 4361 et
3336 4306 3410 4361 ab
3441 4302 3649 4360 unitate
3675 4292 3876 4379 Ecclesia

2305 4378 2794 4470 praescinduntur,
2845 4393 3191 4449 Antichristi
3244 4398 3417 4461 sunt;
3477 4406 3638 4448 nemo
3687 4378 3874 4441 dubitet

2304 4487 2433 4558 Ipse
2463 4484 2619 4542 enim
2650 4483 2975 4555 designavit
3001 4501 3049 4539 ;‹‹
3083 4484 3163 4537 Ex
3194 4483 3370 4539 nobis
3401 4481 3668 4543 exierunt,
3688 4471 3773 4530 sed
3797 4479 3875 4522 non

540 4570 646 4643 pit,
668 4571 809 4644 quin
842 4570 1038 4643 potius
1068 4569 1499 4625 damnationem
1529 4569 1791 4639 incurrit,
1825 4571 1964 4643 quia
1995 4590 2028 4627 a
2059 4590 2189 4629 coro
2224 4593 2269 4655 ο
2299 4579 2465 4632 erant
2492 4592 2559 4630 ex
2590 4573 2779 4628 nobis.
2805 4573 2950 4628 Nam
2996 4571 3045 4627 si
3088 4570 3342 4627 fuissent
3371 4588 3440 4627 ex
3473 4566 3649 4631 nobis,
3670 4569 3874 4637 perman-

536 4675 675 4731 pore
703 4659 937 4728 Christi,
961 4658 1119 4715 velut
1150 4658 1320 4731 panis
1351 4664 1659 4731 corruptus
1692 4663 2008 4733 respuitur,
2032 4667 2090 4718 et
2119 4663 2190 4717 ab

535 4746 821 4803 haereticis
850 4748 1177 4814 decoratur,
1211 4748 1412 4819 eisque
1443 4748 1827 4805 invisceratus
1858 4750 1941 4805 sic
1974 4768 2187 4806 consu-

536 4834 719 4891 mitur
747 4840 813 4891 ut
841 4852 955 4891 non
987 4835 1063 4891 sit
1102 4835 1215 4891 nisi
1248 4853 1379 4891 cum
1413 4836 1589 4892 sociis
1623 4838 1748 4909 ejus
1781 4838 1879 4910 qui
1912 4856 2027 4894 non
2061 4844 2184 4907 est;

535 4938 731 4995 quem,
772 4923 928 4980 velut
983 4923 1213 4980 leonem
1272 4926 1553 4998 rugiendo
1612 4926 2069 4983 circumeuntem
2131 4932 2189 4984 et

534 5028 708 5084 quem
731 5013 967 5069 devoret
988 5015 1518 5085 qumrentem,dum
1544 5016 1705 5071 stulti
1732 5016 1963 5072 incaute
1989 5017 2187 5090 fugere

533 5106 838 5172 Conantur,
868 5102 1119 5158 occurrit
1149 5102 1233 5158 eis
1263 5104 1442 5172 visus,
1469 5103 1679 5160 callida
1706 5105 1976 5161 videlicet
2004 5106 2184 5162 haere-

533 5192 635 5260 sis,
665 5191 982 5265 quamdam
1014 5191 1267 5263 speciem
1302 5192 1704 5260 humanitatis,
1732 5195 1899 5265 quasi
1938 5195 2183 5251 rationis

531 5282 870 5353 praeferens;
929 5280 1129 5352 sicque
1187 5279 1395 5335 intima
1444 5280 1656 5350 jeeoris
1713 5297 1939 5348 eorum,
1981 5281 2041 5335 id
2096 5285 2184 5337 est

531 5373 750 5427 rectam
799 5370 1183 5427 intentionem
1216 5369 1534 5425 bestialiter
1581 5370 1884 5442 dirumpit,
1918 5375 1975 5425 et
2004 5369 2178 5438 leoni,

531 5474 705 5530 quem
737 5475 800 5514 se
850 5460 1065 5516 frustra
1112 5461 1459 5532 putaverant
1489 5458 1782 5531 eﬂ'ugiss'e,
1817 5459 2181 5516 devorandos

529 5545 777 5605 latenter
806 5549 1041 5604 addicit.

2303 4665 2520 4721 sissent
2548 4662 2751 4734 utique
2779 4660 3081 4717 nobiscum
3106 4661 3153 4729 (Ι
3167 4662 3327 4717 Joan.
3353 4678 3420 4726 u,
3445 4660 3579 4727 19).»
3606 4653 3876 4739 Οιιὶοιωςῑξιθ

2298 4770 2433 4825 ergo
2482 4768 2597 4807 non
2649 4754 2889 4806 manent
2920 4749 3253 4816 nobiscum,
3287 4749 3386 4805 sed
3417 4749 3622 4804 exeunt
3664 4759 3695 4798 a
3737 4734 3874 4825 nobis:

2301 4818 2678 4897 manifestum
2709 4844 2797 4895 est
2826 4840 2978 4911 quod
3012 4837 3355 4893 Antichristi
3383 4840 3537 4894 sunt.
3563 4835 3624 4890 Et
3650 4818 3875 4911 quomoda

2299 4931 2619 5004 probantur
2664 4907 3049 4983 Antichristi?
3080 4945 3149 4983 ex
3192 4925 3522 4983 mendacio.
3541 4946 3568 4973 «
3599 4922 3661 4978 Et
3686 4912 3794 5004 quis
3813 4907 3876 5004 es:

2300 4992 2565 5082 mendax,
2598 5017 2709 5072 nisi
2744 5015 2845 5088 qui
2898 5020 3071 5089 negat
3100 5016 3254 5088 quod
3285 5015 3461 5071 Jesus
3507 5016 3593 5068 est
3632 4992 3875 5065 Christus?

2297 5108 2478 5180 (Ibid.,
2501 5107 2618 5179 22.)
2642 5128 2668 5155 »
2692 5105 2898 5161 Videat
2928 5105 3188 5160 charitas
3218 5108 3414 5159 vestra
3445 5111 3709 5174 magnum
3732 5099 3872 5180 eam“

2297 5177 2582 5253 mentum.
2603 5177 2902 5250 'Attendite
2927 5194 3069 5266 quid
3093 5191 3467 5265 inspiraverit
3489 5186 3748 5245 Dominus
3763 5177 3872 5271 Ιξθξιε

2294 5291 2351 5340 et
2374 5286 2513 5358 quid
2538 5284 2838 5340 insinuare
2859 5263 3021 5338 vobis
3043 5263 3234 5337 velim.
3250 5281 3395 5335 Ecce
3417 5276 3669 5334 exierunt
3686 5287 3716 5325 α
3733 5263 3870 5358 nobij

2294 5378 2351 5429 et
2379 5347 2513 5429 facti
2536 5377 2674 5429 sunt
2694 5371 3031 5428 Donatistae.
3048 5373 3481 5441 Interrogemus
3501 5381 3596 5422 eos
3624 5347 3870 5444 utrumJOf

2293 5479 2396 5518 sus
2421 5462 2688 5518 Christus
2717 5461 2812 5530 sit,
2834 5460 3031 5517 statim
3055 5438 3407 5516 conﬁtentur
3428 5454 3563 5529 quia
3579 5452 3731 5508 Jesus
3747 5438 3870 5530 Chii:

2293 5554 2419 5606 stus
2450 5556 2556 5607 est.
2590 5552 2647 5607 Si
2706 5521 2842 5625 ergo
2887 5548 2982 5605 ille
3023 5552 3113 5606 est
3153 5521 3550 5603 Antichristus
3602 5535 3692 5613 qui
3740 5521 3870 5625 υθεξί

601 5635 764 5700 Unde
792 5636 930 5715 quia
958 5638 1029 5697 de
1059 5636 1402 5712 hujusmodi
1443 5637 1877 5697 devoratoribus
1906 5638 2180 5698 subditur
2288 5639 2493 5702 Jesum
2524 5657 2654 5701 esse
2683 5610 3004 5709 Christum,
3037 5653 3143 5698 nec
3168 5653 3273 5697 nos
3294 5636 3544 5710 possunt
3566 5610 3870 5690 dicomﬂﬁ‘
