4106 6178
228 324 389 400 1109

776 333 1193 403 ADVERSUS
1241 332 1711 401 SIMONIACOS
1754 330 1964 397 LIBRI
2008 332 2234 397 TRES.
2268 367 2344 381 --
2372 334 2605 398 LIBER
2649 335 3081 403 SECUNDUS.

3473 337 3629 408 1110

225 467 385 544 gavit
408 466 692 543 Spiritum
715 469 816 528 Dei
846 470 1080 535 habere,
1100 470 1240 545 quia
1260 487 1376 528 non
1390 470 1746 529 conﬁtentur
1771 472 1873 529 Je-
1902 465 1957 533 A
1984 464 2434 541 interrogemus,
2467 486 2585 527 non
2604 468 2779 527 verba
2798 469 3105 528 credamus
3124 466 3152 528 ?
3172 470 3385 531 Omnes
3414 479 3632 550 negant

227 578 364 619 sum
395 560 693 616 Christum
725 561 784 615 in
816 578 989 617 carne
1018 561 1267 617 venisse.
1292 563 1491 628 Quaere
1523 563 1595 618 ab
1618 562 1871 628 Arianis,

224 649 581 707 confitentur
598 649 630 705 J
635 665 801 705 esum
821 649 1119 706 Christum
1138 651 1195 705 in
1210 667 1382 706 carne
1403 652 1660 718 venisse;
1682 667 1875 722 quare

222 738 724 804 aMacedonianis,
739 739 1128 795 confitenturJ
1135 756 1299 795 esum
1321 739 1618 796 Christum
1631 740 1689 795 in
1704 757 1875 796 carne

219 826 487 894 venisse;
519 827 814 899 interroga
842 826 1261 899 Catsphrygas,
1294 829 1648 884 confitentur
1670 830 1871 885 Jesum

218 915 523 973 Christum
553 916 610 969 in
645 931 816 971 carne
856 917 1111 985 venisse;
1157 917 1455 989 interroga
1501 918 1871 989 Novatianos,

216 1004 576 1061 confitentur
588 1003 620 1058 J
627 1019 791 1059 esum
808 1004 1105 1060 Christum
1126 1004 1183 1059 in
1203 1022 1376 1061 carne
1396 1006 1642 1062 venisse.
1658 1006 1872 1063 Omnes

215 1107 359 1163 ergo
390 1090 522 1146 istae
552 1090 804 1147 hmreses
836 1092 1114 1164 Spiritum
1148 1093 1247 1149 Dei
1280 1093 1544 1150 habent?
1580 1096 1704 1150 Non
1737 1113 1871 1169 ergo

218 1179 448 1252 pseudo
477 1180 768 1251 propheta:
790 1181 970 1235 sunt?
998 1180 1171 1236 Nulla
1203 1186 1292 1237 est
1321 1198 1455 1255 ergo
1485 1182 1564 1238 ibi
1589 1184 1869 1256 deceptio,

217 1266 385 1323 nulla
416 1267 709 1323 seductio?
739 1271 900 1324 Certe
931 1269 1259 1324 antichristi
1290 1275 1429 1325 sunt
1459 1270 1559 1342 qui
1591 1288 1658 1327 ex
1704 1272 1872 1328 nobis

213 1357 506 1424 exierunt,
529 1357 629 1412 sed
648 1373 763 1412 non
780 1362 945 1413 erant
966 1359 1234 1415 exnobis.
1255 1360 1402 1424 Quid
1426 1376 1563 1431 ergo
1597 1360 1873 1417 facimus?

213 1444 380 1501 Unde
391 1446 812 1503 discernimus?
822 1447 1010 1519 Opera
1024 1448 1414 1515 attendamus,
1434 1465 1546 1504 non
1561 1450 1867 1521 strepitum

214 1531 457 1606 linguas,
492 1550 825 1605 quaeramus
853 1552 1032 1606 quare
1052 1536 1111 1590 in
1143 1552 1315 1591 carne
1333 1536 1554 1591 venerit
1578 1536 1867 1605 Christus,

212 1626 271 1679 et
298 1622 636 1678 invenimus
667 1622 801 1694 quis
824 1639 961 1678 eum
984 1628 1158 1696 negat
1178 1624 1235 1679 in
1259 1641 1431 1680 carne
1451 1626 1697 1680 venisse.
1723 1626 1864 1681 Nam

212 1711 264 1767 si
308 1710 545 1784 linguas
590 1712 881 1780 attendas,
917 1712 1134 1768 multas
1164 1713 1413 1769 haereses
1463 1714 1775 1770 auditurus
1805 1731 1867 1771 es

212 1800 563 1856 conﬁtentes
582 1799 877 1856 Christum
900 1801 961 1857 in
982 1818 1155 1858 carne
1177 1803 1425 1871 venisse,
1451 1805 1551 1859 sed
1575 1804 1866 1860 convincit
1895 1827 1942 1893 B

212 1905 317 1946 eas
338 1889 761 1955 veritas.Quare
779 1890 935 1946 venit
955 1890 1223 1947 Christus
1240 1891 1298 1946 in
1322 1893 1526 1947 carne?
1547 1893 1685 1964 quia
1706 1910 1868 1965 opor-

207 1977 374 2034 tebat
404 1977 571 2033 nobis
604 1978 796 2033 afferri
832 1995 997 2051 spem
1046 1980 1512 2036 resurrectionis.
1546 1982 1699 2037 Deus
1731 1998 1867 2054 ergo

207 2066 370 2122 venit
400 2067 463 2122 in
485 2083 679 2135 carne,
706 2072 770 2123 ut
793 2072 1116 2123 moreretur
1138 2085 1241 2140 pro
1266 2068 1456 2124 nobis.
1482 2070 1868 2133 Quemadmo-

208 2155 353 2210 dum
387 2160 586 2211 autem
610 2160 878 2212 mortuus
898 2160 987 2213 est
1007 2174 1111 2229 pro
1129 2158 1339 2213 nobis?
1363 2181 1383 2206 ι
1416 2159 1692 2228 Majorem
1716 2159 1866 2213 hanc

207 2244 557 2300 charitatem
590 2260 763 2301 nemo
786 2245 980 2313 habet,
1006 2263 1181 2317 quam
1203 2251 1267 2301 ut
1289 2246 1543 2301 animam
1577 2264 1745 2302 suam
1770 2264 1865 2319 po-

205 2338 311 2389 nat
332 2333 468 2405 quis
490 2350 593 2406 pro
616 2333 819 2390 amicis
836 2334 960 2390 suis
983 2337 1159 2406 (Joan.
1184 2335 1305 2402 xv,l
1319 2335 1392 2407 3).
1411 2335 1707 2392 nCharitas
1728 2353 1863 2408 ergo

202 2421 380 2478 illum
412 2422 656 2478 adduxit
678 2423 751 2478 ad
783 2440 1037 2479 carnem.
1072 2424 1350 2495 Quisquis
1375 2440 1510 2495 ergo
1540 2441 1653 2480 non
1687 2424 1864 2481 habet

202 2510 583 2579 charitatem,
615 2516 791 2583 negat
818 2512 1116 2569 Christum
1140 2513 1196 2567 in
1230 2529 1403 2568 carne
1432 2512 1680 2568 venisse.

282 2623 311 2652 κ
337 2601 503 2655 Nunc
524 2599 699 2655 etiam
714 2600 1007 2673 interrogo
1030 2617 1234 2657 omnes
1255 2600 1577 2656 haereticos.
1595 2600 1860 2656 Christus

197 2688 367 2747 venit
394 2690 455 2744 in
486 2688 702 2745 carne?
727 2688 917 2759 Venit,
941 2689 1051 2745 hoc
1071 2690 1263 2753 credo,
1286 2689 1395 2745 hoc
1418 2691 1709 2761 profiteor.
1737 2691 1857 2745 Imo

199 2778 317 2835 hoc
358 2794 557 2851 negas.
594 2777 754 2833 Unde
784 2794 930 2849 nego
950 2778 978 2832 ?
1007 2778 1191 2833 Audis
1222 2779 1361 2850 quia
1392 2777 1501 2833 hoc
1526 2778 1655 2834 dico
1678 2778 1705 2833 ‘I
1737 2781 1857 2835 Imo

199 2867 315 2924 hoc
336 2865 635 2931 convinco,
670 2867 809 2938 quia
838 2882 1036 2937 negas.
1063 2866 1215 2922 Dicis
1244 2884 1401 2933 voce,
1437 2884 1616 2939 negas
1646 2868 1853 2936 corde;

198 2956 359 3012 dicis
386 2955 602 3023 verbis,
635 2971 815 3027 negas
847 2955 1037 3011 factis.
1072 2956 1391 3022 Quomodo,
1439 2956 1655 3028 inquis,
1709 2972 1856 3027 nego

199 3043 418 3101 factis?
450 3043 598 3108 Quia
621 3044 750 3100 ideo
780 3044 938 3099 venit
965 3043 1232 3099 Christus
1255 3044 1312 3098 in
1346 3060 1540 3111 carne,
1571 3048 1636 3098 ut
1667 3060 1853 3100 more-

197 3137 369 3189 retur
401 3149 503 3205 pro
536 3132 727 3188 nobis.
762 3132 895 3187 Ideo
928 3138 1197 3188 mortuus
1227 3136 1317 3187 est
1355 3149 1456 3203 pro
1491 3133 1685 3201 nobis,
1718 3134 1857 3204 quia

196 3221 553 3279 charitatem
596 3220 841 3276 multam
874 3221 1089 3276 docuit.
1122 3222 1206 3276 Tu
1240 3239 1355 3276 non
1388 3221 1569 3277 habes
1599 3221 1855 3277 charita-

194 3316 350 3377 tem,
376 3308 517 3381 quia
544 3326 648 3381 pro
680 3325 877 3365 amore
905 3313 1006 3365 tuo
1029 3309 1239 3365 dividis
1259 3309 1561 3364 unitatem.
1589 3311 1735 3381 Ergo
1765 3308 1853 3363 in-

194 3396 453 3471 telligite
506 3397 643 3453 hinc
691 3397 973 3470 Spiritum
1026 3414 1093 3454 ex
1149 3399 1285 3454 Deo.
1338 3399 1592 3465 Pulsate,
1639 3398 1858 3469 tangite

194 3504 350 3544 vasa
379 3486 584 3542 ﬁctilia
613 3503 685 3541 ne
719 3487 864 3543 forte
892 3487 1244 3559 crepuerint,
1281 3491 1337 3542 et
1367 3488 1518 3542 male
1563 3490 1855 3542 resonent.

191 3575 415 3632 Videte
443 3574 494 3630 si
518 3574 739 3647 integre
770 3579 999 3642 sonent,
1032 3576 1220 3631 videte
1252 3576 1300 3630 si
1328 3576 1407 3630 ibi
1452 3580 1541 3630 est
1579 3575 1855 3630 charitas.

194 3663 390 3721 Tollis
419 3669 475 3719 te
506 3663 577 3719 ab
610 3663 833 3719 unitate
862 3664 1022 3719 orbis
1052 3668 1373 3731 terrarum;
1408 3663 1622 3719 dividis
1666 3663 1859 3719 Eccle-

194 3755 357 3811 siam
380 3753 453 3808 ab
472 3753 717 3820 unitate,
742 3745 993 3808 dilanias
1015 3769 1228 3824 corpus
1250 3752 1484 3807 Christi.
1514 3751 1614 3807 Ille
1635 3752 1860 3808 venitin

196 3858 383 3899 carne
414 3845 480 3895 ut
508 3840 777 3913 colligat;
812 3846 874 3896 tu
904 3841 1033 3897 ideo
1065 3840 1288 3897 clamas
1321 3846 1384 3896 ut
1416 3858 1679 3913 spargas.
1712 3842 1861 3912 Ergo

196 3932 332 4005 ipse
380 3933 472 3985 est
515 3930 770 4001 Spiritus
805 3930 899 3985 Dei
934 3929 1033 4001 qui
1066 3930 1209 3985 dicit
1235 3930 1438 3985 Jesum
1472 3929 1770 3985 Christum
1802 3930 1863 3982 in

196 4034 383 4075 carne
414 4018 665 4084 venisse,
696 4017 796 4089 qui
826 4018 970 4072 dicit
999 4034 1113 4073 non
1138 4016 1362 4089 lingua,
1397 4017 1498 4072 sed
1528 4018 1727 4083 factis;
1763 4017 1863 4088 qui

198 4106 351 4164 dicit
377 4124 495 4163 non
527 4107 813 4175 sonando,
848 4107 949 4162 sed
972 4106 1244 4162 amando.
1282 4104 1383 4160 Ille
1406 4109 1600 4159 autem
1633 4121 1746 4159 non
1779 4110 1868 4159 est

196 4195 469 4270 Spiritus
504 4194 600 4250 Dei
623 4194 723 4267 qui
742 4196 1131 4267 negathsum
1159 4193 1456 4249 Christum
1485 4193 1542 4247 in
1574 4209 1747 4247 carne
1769 4209 1866 4248 ve-

198 4285 390 4341 nisse.
423 4284 605 4356 Negat
633 4288 691 4338 et
722 4283 846 4355 ipse
878 4300 992 4339 non
1026 4283 1249 4354 lingua,
1284 4281 1383 4337 sed
1412 4281 1562 4349 vita;
1597 4297 1713 4335 non
1743 4296 1866 4336 ver-

199 4374 324 4440 bis,
351 4373 456 4428 sed
482 4372 672 4427 factis.
698 4371 1072 4427 Manifestum
1098 4375 1187 4426 est
1211 4386 1347 4442 ergo
1373 4370 1526 4425 unde
1553 4385 1867 4441 cognosca-

200 4479 348 4519 mus
397 4461 626 4517 fratres.
662 4459 831 4515 Multi
864 4459 1045 4526 intus,
1079 4459 1247 4532 quasi
1283 4458 1444 4513 intus
1474 4462 1650 4525 sunt;
1698 4474 1869 4513 nemo

1981 557 2185 614 Jesum
2214 558 2272 613 in
2304 575 2476 615 carne
2494 559 2743 629 venisse,
2768 559 2866 632 qui
2886 559 3108 617 violant
3126 560 3489 619 charitatem.
3524 565 3628 621 Je-

1984 663 2087 703 sus
2133 647 2287 703 enim
2339 665 2452 704 non
2493 665 2640 721 opus
2671 653 2796 704 erat
2823 654 2887 704 ut
2934 649 3154 706 veniret
3193 650 3255 705 in
3287 668 3480 719 carne,
3514 653 3628 709 nisi

1984 740 2219 808 propter
2247 737 2609 792 charitatem.
2639 738 2937 802 Quomodo
2965 742 3188 810 poterat
3209 739 3366 796 ﬁlius
3395 740 3495 796 Dei
3528 758 3628 813 po-
3730 808 3751 823 .

1983 841 2119 880 nere
2142 825 2592 896 animam_suam
2612 843 2713 897 pro
2727 827 2917 895 nobis,
2939 826 3048 882 nisi
3072 844 3244 883 carne
3266 828 3629 901 indueretur,

1984 913 2081 967 ubi
2117 915 2267 968 mori
2302 915 2545 986 posset?
2573 915 2850 987 Quisquis
2881 932 3016 986 ergo
3047 915 3222 972 violat
3256 917 3627 983 charitatem.

1982 1001 2270 1073 quidlibet
2298 1003 2452 1057 dicat
2480 1002 2700 1075 lingua,
2731 1004 2849 1059 vita
2877 1004 3063 1076 ipsius
3112 1009 3286 1077 negat
3329 1005 3627 1062 Christum

1982 1091 2041 1145 in
2073 1107 2245 1146 carne
2266 1091 2510 1155 venisse,
2540 1096 2595 1146 et
2617 1093 2723 1149 iste
2743 1098 2833 1148 est
2854 1092 3262 1158 Antichristus,
3292 1094 3626 1169 ubicunque

1984 1179 2175 1245 fuerit,
2210 1196 2558 1252 quocunque
2601 1180 2922 1237 intraverit.
2957 1204 2985 1232 «
3011 1181 3125 1237 Nos
3150 1198 3217 1237 ex
3249 1187 3361 1238 Deo
3392 1172 3622 1240 sumus.

1980 1268 2088 1331 Qui
2120 1269 2279 1323 novit
2327 1274 2531 1333 Deum,
2565 1270 2729 1324 audit
2769 1287 2905 1336 nos;
2940 1271 3039 1341 qui
3082 1287 3195 1325 non
3228 1270 3388 1326 novit
3418 1272 3622 1339 Deum,

1986 1373 2100 1411 non
2134 1357 2295 1412 audit
2328 1375 2453 1412 nos.
2487 1359 2568 1413 Ex
2597 1358 2703 1413 hoc
2733 1357 3102 1429 cognoscitur
3130 1358 3382 1430 Spiritus
3413 1360 3626 1416 verita-

1980 1445 2076 1513 tis,
2130 1451 2187 1501 et
2217 1446 2460 1518 spiritus
2490 1446 2705 1502 erroris
2735 1447 2781 1517 (l
2808 1449 2964 1503 Joan.
3009 1463 3086 1513 IV,
3115 1447 3193 1517 6).
3239 1469 3267 1496 ››
3310 1446 3441 1502 Jam
3489 1463 3626 1520 ergo

1978 1534 2235 1590 intentos
2266 1551 2372 1589 nos
2405 1534 2557 1602 fecit,
2590 1534 2730 1605 quia
2758 1535 2858 1605 qui
2882 1535 3042 1590 novit
3070 1533 3279 1602 Deum,
3302 1535 3427 1606 ipse
3443 1534 3628 1600 audit,

1977 1624 2075 1696 qui
2108 1628 2303 1679 autem
2335 1640 2449 1677 non
2481 1623 2657 1691 novit,
2692 1640 2807 1678 non
2840 1623 3033 1690 audit;
3062 1631 3117 1678 et
3145 1624 3268 1679 haec
3289 1628 3378 1679 est
3405 1623 3625 1679 disere-

1976 1711 2057 1766 tio
2100 1710 2415 1782 spirituum
2475 1711 2732 1767 veritatis
2766 1715 2824 1766 et
2869 1711 3101 1766 erroris.
3136 1711 3451 1767 Videamus
3484 1710 3624 1784 quid

1979 1800 2314 1855 moniturus
2335 1804 2443 1865 est,
2467 1799 2527 1854 in
2551 1816 2665 1870 quo
2693 1798 2860 1854 illum
2884 1799 3085 1854 audire
3107 1800 3445 1855 debeamus.
3477 1820 3503 1852 α
3525 1800 3625 1854 Di-

1976 1887 2303 1955 lectissimi,
2338 1888 2656 1959 diligamus
2687 1888 2953 1955 invicem,
2987 1888 3124 1960 quia
3153 1888 3384 1944 dilectio
3410 1905 3479 1945 ex
3510 1890 3622 1945 Deo

1976 1981 2067 2033 est
2094 1978 2141 2049 (ι
2164 1980 2322 2034 Joan.
2357 1995 2430 2045 IV,
2456 1979 2534 2047 7).
2573 2000 2593 2025 ι

2050 2066 2190 2122 Item
2222 2066 2375 2120 unde
2406 2081 2584 2136 supra
2614 2065 2805 2135 (AUG.,
2836 2065 3023 2120 Tract.
3055 2068 3109 2131 7,
3144 2066 3203 2119 in
3231 2066 3388 2120 Joan.
3420 2065 3619 2136 Epist,

1976 2169 2034 2206 n.
2069 2152 2159 2223 11)
2212 2170 2224 2207 :
2278 2174 2305 2201 «
2336 2150 2659 2207 Violatores
2688 2150 2991 2207 charitatis
3031 2151 3291 2207 schisma
3335 2152 3615 2208 fecerunt.

1975 2240 2273 2305 Quomodo
2299 2240 2545 2296 oderunt
2574 2240 2761 2311 ipsam
2786 2238 3149 2303 charitatem,
3180 2240 3263 2295 sic
3285 2240 3536 2295 oderunt
3564 2243 3622 2295 et

1968 2328 2448 2384 columbam.Sed
2471 2327 2762 2384 convincit
2780 2326 2910 2383 illos
2941 2327 3230 2384 columba.
3256 2327 3521 2384 Procedit
3548 2329 3620 2384 de

1971 2416 2133 2485 coelo,
2166 2417 2507 2488 aperiuntur
2535 2416 2683 2482 caeli,
2707 2420 2764 2471 et
2785 2421 2979 2471 manet
2998 2433 3176 2488 super
3192 2421 3367 2488 caput
3392 2415 3618 2472 Domini

1971 2504 2044 2560 Ut
2061 2506 2200 2578 quid
2215 2506 2324 2561 hoc
2336 2506 2363 2560 ?
2378 2510 2440 2559 ut
2456 2505 2722 2560 audiant:
2741 2530 2767 2555 ς(
2785 2504 2887 2560 Hic
2900 2505 3099 2576 estqui
3115 2505 3372 2577 baptizat
3384 2507 3557 2574 (Joan.
3575 2522 3616 2570 1,

1969 2595 2078 2665 33).
2102 2618 2129 2643 ››
2144 2594 2430 2660 Recedite,
2446 2594 2769 2665 praedones,
2789 2593 3057 2658 recedite,
3075 2593 3370 2649 invasores
3384 2609 3616 2665 posses-

1969 2682 2155 2738 sionis
2176 2682 2408 2738 Christi.
2433 2683 2492 2736 In
2510 2681 3225 2753 possessionibusvestris,
3247 2681 3618 2736 uhidomina-

1968 2770 2015 2825 ri
2046 2770 2245 2836 vultis,
2282 2770 2482 2825 titulos
2507 2770 2762 2825 Potentis
2786 2770 2912 2824 ausi
2940 2769 3081 2825 estis
3102 2769 3358 2841 inﬁgere.
3390 2771 3612 2841 Cogno-

1967 2859 2077 2914 scit
2090 2858 2183 2914 ille
2195 2858 2397 2913 titulos
2412 2857 2956 2923 suos,vindicatsibi
2975 2857 3405 2929 possessionem
3416 2871 3607 2912 suam.

1967 2947 2091 3002 Non
2125 2947 2275 3002 delet
2310 2947 2535 3009 titulos,
2569 2948 2666 3001 sed
2692 2945 2869 3000 intrat
2889 2950 2945 3001 et
2976 2946 3252 3017 possidet.
3287 2945 3379 3000 Sic
3411 2946 3483 3000 ad
3515 2961 3609 3001 ca-

1966 3034 2241 3091 tholicam
2277 3034 2529 3091 venienti
2553 3050 2667 3089 non
2690 3032 2919 3089 deletur
2939 3034 3294 3107 baptismus,
3313 3051 3385 3090 ne
3405 3033 3610 3090 titulus

1966 3124 2337 3195 imperatoris
2387 3123 2686 3190 deleatur;
2741 3124 2842 3177 sed
2888 3122 2987 3194 qui
3038 3124 3114 3179 sit
3161 3124 3220 3178 in
3279 3122 3611 3179 catholica?

1967 3212 2308 3283 agnoscitur
2334 3211 2557 3266 titulus.
2582 3211 2766 3266 Intrat
2786 3227 3090 3282 possessor
3112 3211 3223 3265 sub
3245 3209 3433 3266 titulis
3458 3210 3605 3278 suis,

1966 3316 2081 3371 quo
2110 3300 2368 3355 intrabat
2399 3300 2591 3370 praedo
2618 3300 2727 3354 sub
2757 3298 2946 3353 titulis
2977 3299 3204 3355 alienis.
3239 3322 3268 3349 ››

2038 3389 2196 3443 Idem
2232 3389 2383 3443 unde
2414 3403 2625 3458 supra:
2653 3410 2678 3437 α
2700 3386 2903 3442 Omnis
2934 3387 3033 3458 qui
3055 3387 3238 3443 credit
3258 3388 3414 3459 quod
3435 3387 3610 3445 Jesus

1967 3477 2042 3533 sit
2071 3477 2361 3544 Christus,
2391 3493 2454 3531 ex
2480 3476 2593 3531 Deo
2626 3480 2800 3530 natus
2819 3480 2925 3530 est.
2960 3497 2988 3526 ››
3023 3476 3193 3547 (Ave.
3225 3477 3394 3532 Tract.
3432 3477 3517 3544 10,
3552 3479 3613 3533 in

1967 3568 2123 3638 epist.
2170 3568 2349 3631 Joan..,
2396 3582 2453 3619 n.
2492 3565 2567 3635 1.)
2608 3586 2635 3612 ››
2661 3564 2801 3627 Quis
2831 3565 3047 3636 estqui
3080 3581 3195 3620 non
3227 3564 3412 3621 credit
3458 3564 3611 3637 quod

1968 3655 2141 3711 Jesus
2170 3654 2248 3709 sit
2276 3652 2543 3708 Christus
2562 3651 2589 3707 ‘I
2618 3652 2718 3723 qui
2750 3653 2800 3707 si
2830 3669 2946 3708 non
2977 3652 3115 3708 vivit
3139 3653 3433 3724 quomodo
3464 3669 3615 3725 pra:-

1970 3744 2112 3816 cipit
2142 3742 2434 3799 Christus.
2462 3740 2630 3795 Multi
2652 3741 2807 3795 enim
2826 3741 3049 3808 dicunt,
3082 3741 3265 3796 Credo
3290 3758 3303 3809 ;
3338 3741 3439 3796 sed
3471 3740 3617 3796 ﬁdes

1975 3833 2101 3888 sine
2130 3830 2404 3903 operibus
2438 3846 2552 3883 non
2584 3827 2787 3883 salvat.
2815 3827 2974 3898 Opus
2994 3832 3189 3882 autem
3212 3826 3347 3881 ﬁdei
3375 3824 3504 3897 ipsa
3524 3825 3617 3880 di—

1973 3920 2143 3977 lectio
2156 3924 2264 3983 est,
2281 3918 2506 3973 dicente
2552 3914 2727 3970 Paulo
2742 3913 3002 3985 apostolo
3022 3932 3035 3969 :
3054 3935 3081 3964 ‹‹
3105 3914 3172 3968 Et
3192 3914 3339 3969 fides
3369 3929 3495 3985 qua:
3517 3929 3620 3985 per

1976 4003 2793 4075 dilectionemoperatur(Gal.
2827 4020 2883 4069 v,
2907 4004 2983 4075 6).
3003 4002 3231 4074 »0pera
3251 4002 3488 4075 quidem
3520 4006 3624 4058 tua

1981 4095 2271 4168 praeterita
2301 4097 2613 4162 antequam
2647 4090 2934 4158 crederes,
2966 4092 3051 4147 vel
3082 4089 3247 4146 nulla
3283 4095 3468 4158 erant,
3509 4089 3620 4159 vel,

1981 4187 2030 4240 si
2062 4184 2215 4238 bona
2252 4181 2617 4247 videbantur,
2665 4179 2864 4234 inania
2927 4183 3111 4235 erant.
3145 4180 3207 4235 Si
3253 4179 3409 4236 enim
3460 4178 3624 4236 nulla

1980 4276 2167 4336 erant,
2201 4270 2284 4325 sic
2298 4285 2427 4324 eras
2449 4268 2613 4339 quasi
2632 4266 2806 4322 homo
2825 4267 2951 4323 sine
2980 4268 3249 4340 pedibus,
3273 4273 3377 4324 aut
3405 4268 3624 4324 vexatis

1981 4360 2232 4435 pedibus
2264 4356 2565 4414 ambulare
2583 4374 2694 4411 non
2724 4356 2942 4413 valens.
2977 4357 3034 4412 Si
3066 4362 3259 4412 autem
3288 4357 3445 4411 bona
3471 4356 3625 4411 vide-

1984 4452 2217 4513 bantur,
2242 4453 2559 4517 autequam
2590 4444 2874 4512 crederes,
2908 4446 3183 4500 currebas
3231 4443 3489 4515 quidem,
3521 4443 3624 4499 sed

199 4544 410 4608 autem
444 4549 606 4617 foris,
642 4548 755 4604 nisi
787 4565 917 4604 vere
949 4548 1112 4604 foris.
1138 4548 1294 4603 Adeo
1316 4552 1379 4602 ut
1404 4546 1698 4611 noveritis,
1734 4546 1872 4618 quia
1906 4553 1948 4616 ι)
1981 4542 2195 4612 praeter
2223 4536 2373 4591 viam
2407 4534 2693 4589 currendo
2714 4534 2950 4589 errabas
2981 4531 3174 4604 potius
3214 4546 3392 4602 quam
3436 4546 3629 4603 perve-

203 4640 284 4695 ad
318 4638 477 4693 facta
507 4634 726 4703 retulit,
753 4660 779 4685 ‹‹
804 4640 862 4692 et
884 4635 1079 4692 omnis
1101 4634 1372 4707 spiritus,
1395 4652 1421 4684 υ
1461 4634 1563 4698 ait,
1586 4656 1613 4682 ‹‹
1633 4632 1732 4704 qui
1758 4631 1871 4688 so]-

203 4728 293 4783 vit
311 4726 519 4783 Jesum
543 4725 601 4780 in
623 4741 798 4781 carne
818 4724 1068 4791 venisse,
1087 4741 1202 4780 non
1225 4728 1314 4779 est
1334 4740 1401 4778 ex
1416 4724 1525 4778 Deo
1547 4722 1593 4793 (1
1610 4724 1766 4778 Joan.
1793 4738 1868 4790 ιν,

203 4816 287 4888 3).
320 4812 602 4870 nSolvere
626 4812 794 4868 factis
812 4811 1161 4885 intelligitur
1189 4811 1330 4882 quid
1350 4810 1454 4865 tibi
1477 4810 1749 4877 ostendit,
1774 4809 1874 4881 qui

207 4919 398 4977 negas
430 4901 571 4975 quia
591 4901 739 4957 dixit
762 4900 983 4957 solvit?
1015 4899 1116 4955 Ille
1138 4899 1295 4955 venit
1311 4898 1606 4971 colligere,
1629 4903 1690 4953 tu
1712 4898 1876 4954 venis

210 4992 465 5051 solvere.
501 4990 875 5063 Distinguere
906 4989 994 5044 vis
1025 4988 1294 5044 membra
1315 4986 1550 5052 Christi,
1584 4988 1876 5057 quomodo

209 5099 336 5139 non
353 5096 538 5154 negas
554 5079 854 5135 Christum
871 5078 930 5133 in
954 5093 1126 5133 carne
1146 5075 1395 5142 venisse,
1422 5075 1521 5147 qui
1546 5092 1647 5146 pro
1661 5075 1878 5130 honore

210 5176 323 5228 tuo
349 5168 648 5239 dirumpis
670 5167 992 5223 Ecclesium
1012 5165 1134 5230 Dei,
1158 5181 1337 5237 quam
1370 5162 1466 5218 ille
1478 5161 1878 5235 congregavit?

211 5260 438 5317 Contra
466 5255 767 5312 Christum
798 5271 936 5328 ergo
964 5254 1151 5322 venis,
1175 5251 1567 5308 Antichristus
1597 5266 1679 5305 es.
1716 5250 1878 5305 Intus

216 5349 329 5416 sis,
364 5345 506 5403 foris
539 5346 643 5414 sis,
676 5343 1074 5401 Antichristus
1095 5358 1178 5398 es.
1205 5341 1313 5397 Sed
1340 5339 1574 5411 quando
1603 5338 1764 5393 intus
1794 5354 1877 5403 es,

215 5436 394 5504 lates;
418 5434 654 5506 quando
679 5434 819 5489 foris
840 5449 924 5500 es,
944 5427 1361 5486 manifestaris.
1387 5426 1573 5483 Solvis
1585 5426 1811 5493 Jesum,
1826 5430 1882 5481 et

219 5540 413 5597 negas
450 5522 635 5578 Deum
670 5522 727 5577 in
760 5537 934 5577 carne
974 5519 1222 5576 venisse.
1260 5520 1384 5571 Non
1425 5532 1488 5571 es
1510 5532 1575 5570 ex
1608 5515 1744 5569 Deo.
1784 5514 1882 5569 llle

219 5628 368 5686 ergo
399 5610 574 5669 solvit
590 5610 691 5684 qui
710 5627 824 5667 non
839 5609 995 5667 facit.
1021 5608 1171 5675 Quid
1189 5622 1295 5662 nos
1317 5605 1503 5674 docet,
1522 5603 1634 5659 nisi
1658 5604 1884 5660 utfacta

1984 4628 2208 4684 niebas.
2233 4626 2334 4680 Est
2364 4640 2499 4696 ergo
2532 4622 2700 4677 nobis
2729 4627 2785 4676 et
2801 4620 3176 4685 currendum,
3209 4623 3266 4674 et
3287 4618 3346 4673 in
3377 4618 3469 4673 via
3496 4634 3628 4673 cur-

1983 4717 2257 4773 rendum.
2311 4712 2416 4778 Qui
2451 4715 2658 4783 prazter
2686 4709 2837 4764 viam
2872 4706 3073 4774 currit,
3112 4706 3362 4762 inaniter
3409 4706 3627 4775 currit;

1985 4806 2104 4861 imo
2126 4804 2197 4859 ad
2223 4802 2481 4857 laborem
2505 4797 2715 4852 currit:
2740 4800 2900 4851 tanto
2918 4795 3049 4868 plus
3069 4799 3243 4861 errat,
3262 4799 3480 4867 quanto
3492 4812 3634 4868 prse-

1989 4901 2077 4951 ter
2105 4893 2260 4948 viam
2293 4887 2494 4945 currit.
2528 4886 2661 4948 Qua:
2693 4889 2782 4939 est
2819 4883 2910 4938 via
2950 4900 3054 4957 per
3081 4900 3257 4956 quam
3296 4884 3635 4940 currimus?

1987 4982 2272 5046 Christus,
2307 4977 2404 5049 qui
2435 4974 2581 5030 dixit
2613 4990 2625 5028 :
2660 4996 2687 5023 «
2721 4973 2839 5045 Ego
2871 4989 3001 5029 sum
3019 4974 3112 5029 via
3141 4974 3316 5045 (Joun.
3345 4990 3460 5040 xxv,
3489 4973 3569 5045 6),
3603 4994 3632 5022 ››

1988 5073 2122 5136 Quae
2141 5065 2411 5141 patriaad
2444 5078 2621 5135 quam
2653 5062 2985 5117 currimus?
3012 5061 3277 5118 Christus
3310 5061 3410 5134 qui
3440 5060 3585 5116 dixit
3615 5079 3629 5116 :

1991 5181 2019 5211 «
2052 5165 2167 5232 Ego
2198 5173 2331 5212 sum
2362 5152 2575 5208 veritas
2605 5150 2809 5221 (Ibid).
2838 5172 2865 5200 ‹‹
2896 5151 3003 5207 Per
3022 5150 3187 5206 illum
3212 5150 3524 5216 currimus,
3557 5148 3630 5203 ad

1991 5248 2157 5303 illum
2193 5243 2509 5308 currimus,
2533 5240 2591 5293 in
2612 5239 2739 5311 ipso
2760 5240 3204 5310 requiescimus.
3229 5238 3338 5293 Sed
3361 5240 3632 5291 utcurre-

1990 5351 2188 5392 remus
2220 5348 2321 5405 per
2353 5329 2543 5393 illum,
2564 5326 2824 5383 extendit
2845 5343 2907 5381 se
2933 5342 3121 5397 usque
3151 5325 3223 5380 ad
3254 5340 3380 5379 nos.

2062 5425 2220 5479 Idem
2254 5421 2410 5475 unde
2431 5433 2629 5489 supra.
2670 5436 2696 5467 α
2725 5414 2872 5479 Quid
2902 5418 3221 5487 potuerunt
3250 5412 3382 5485 plus
3399 5411 3635 5467 credere

1990 5514 2303 5575 daemones,
2324 5523 2499 5579 quam
2526 5504 2888 5560 utdiccrent:
2909 5526 2933 5552 ‹‹
2956 5503 3185 5557 Scimus
3203 5502 3302 5575 qui
3322 5501 3424 5570 sis,
3451 5500 3635 5557 Filius

1991 5601 2113 5658 Dei.
2144 5602 2389 5654 Sanctus
2419 5594 2518 5650 Dei
2552 5595 2701 5663 (Luc.
2736 5610 2812 5659 1v,
2831 5590 2950 5663 34)!
2982 5614 3009 5642 ››
3037 5591 3199 5656 Quod
3224 5591 3496 5649 dixerunt
3515 5590 3636 5647 daa-
