4106 6178
517 315 665 379 1111
1565 312 1972 380 HUMBER’I‘I
2019 313 2083 374 S.
2131 310 2206 374 R.
2251 309 2322 374 E.
2370 309 2860 376 CARDINALIS.
3703 313 3834 382 illi

513 469 740 526 mones,
771 449 880 508 hoc
908 447 1052 507 dixit
1070 451 1126 505 et
1145 448 1370 505 Petrus.
1396 446 1609 504 Eadem
1629 449 1822 517 verba,
1847 464 1964 504 non
1999 447 2154 504 idem
2185 449 2239 514 Α
2268 464 2392 504 rem
2421 450 2612 516 tuum,
2646 447 2867 504 calcare
2889 444 3016 518 jam
3031 462 3188 503 nunc
3219 461 3310 504 me
3351 445 3502 504 noli?
3529 447 3646 506 Jam
3665 454 3720 507 tu
3744 453 3830 524 dic,

517 545 771 602 animus.
804 543 873 595 Et
903 540 1055 594 unde
1087 540 1312 593 constat
1345 538 1484 607 quia
1504 538 1703 591 Petrus
1733 537 1840 592 hoc
1864 554 1994 591 cum
2017 537 2160 592 dile-
2268 537 2317 591 si
2349 541 2532 608 potes,
2557 539 2744 604 Quare
2775 541 2829 591 te
2849 535 3063 592 calcavi
3088 540 3108 591 Ρ
3129 537 3231 591 Dic
3263 535 3401 592 illud
3442 538 3606 611 capiti
3632 557 3646 594 ι
3674 541 3741 598 Te
3765 560 3836 601 os-

521 634 709 690 ctione
729 631 957 685 dicebat
976 630 1003 682 ?
1025 627 1169 693 Quia
1193 628 1334 682 ﬁdes
1362 625 1679 681 Christiani
1699 643 1833 681 cum
1855 626 2160 681 dilectione
2269 625 2450 681 culari
2479 625 2654 690 volui,
2689 624 2956 696 amplecti
2980 624 3154 680 volui.
3190 625 3300 679 Sed
3331 643 3441 680 non
3469 627 3637 695 vides,
3667 646 3694 683 o
3719 632 3836 687 stul-

519 721 621 777 Dei
651 724 774 785 est;
809 717 1088 772 daemonis
1119 719 1312 769 autem
1346 715 1469 769 sine
1501 713 1826 769 dilectione.
1862 715 2160 778 Quomodo
2268 719 2344 778 te,
2365 715 2503 785 quia
2532 714 2777 784 quodvis
2795 713 3064 784 amplecti
3100 729 3200 784 per
3222 714 3527 784 quamdam
3557 731 3836 790 compagem

521 809 647 866 sine
664 804 1147 864 dilectione?hoc
1170 802 1393 858 dicebat
1419 804 1620 858 Petrus
1642 808 1704 858 ut
1726 804 2021 860 Christum
2045 819 2162 857 am-
2270 802 2513 858 unitatis
2546 802 2804 874 pervenit
2851 803 2920 856 ad
2965 802 3023 856 id
3069 802 3224 872 quod
3277 801 3505 857 calcas?
3541 803 3730 860 Susum
3769 823 3836 864 me

519 897 869 970 plecteretur
901 911 912 948 :
944 893 1052 948 hoc
1075 892 1342 947 dicebant
1365 892 1677 962 daamones,
1701 896 1765 946 ut
1791 891 2056 946 Christus
2088 891 2158 945 ab
2268 891 2543 957 honoras,
2567 891 2772 961 jusum
2803 906 2895 945 me
2927 889 3136 944 calcas.
3162 889 3300 945 Plus
3327 890 3480 946 dolet
3505 893 3647 962 quod
3672 893 3834 965 calcas,

519 985 602 1040 eis
625 983 934 1039 recederet.
961 983 1224 1052 Namque
1254 981 1862 1052 antequamdicerent:
1885 980 2159 1035 «Scimus
2269 995 2443 1050 quam
2476 979 2689 1050 gaudet
2718 977 2869 1047 quod
2901 977 3173 1045 honoras,
3209 977 3344 1049 quia
3373 983 3428 1032 et
3451 995 3613 1048 quem
3635 980 3834 1039 honoras

523 1073 622 1145 qui
672 1074 773 1142 sis,
806 1071 987 1127 Filius
1016 1070 1151 1137 Dei;
1201 1069 1340 1140 quid
1378 1069 1542 1123 nobis
1573 1072 1628 1123 et
1661 1069 1763 1122 tibi
1795 1073 1882 1122 est
1932 1069 2113 1138 (Marc.
2145 1086 2160 1122 ι
2269 1067 2425 1122 dolet
2457 1085 2559 1140 pro
2590 1068 2833 1138 eisquos
2859 1065 3070 1122 calcas.
3103 1067 3401 1133 Quomodo
3421 1065 3619 1122 clamat
3646 1068 3837 1141 lingua?

519 1163 632 1234 24),
671 1184 698 1210 ››
728 1162 1021 1226 dixerunt,
1052 1183 1070 1208 α
1108 1159 1254 1223 Quid
1275 1157 1480 1212 venisti
1509 1161 1642 1211 ante
1663 1162 1892 1228 tempus
1916 1157 2160 1227 perdere
2270 1155 2434 1211 Dolet
2465 1156 2628 1210 mihi.
2663 1156 2786 1210 Non
2821 1154 2982 1221 dicit,
3016 1154 3174 1209 Dolet
3209 1155 3336 1226 pedi
3383 1173 3525 1222 meo,
3573 1157 3682 1226 sed,
3716 1159 3839 1216 Dolet

523 1269 629 1308 nos
661 1254 904 1319 (Luc.1v,
927 1247 1285 1318 3t)?»Aliud
1309 1250 1397 1300 est
1413 1246 1819 1317 ergoconﬁteri
1839 1245 2157 1312 Christum,
2271 1243 2438 1310 mihi,
2471 1243 2630 1299 dicit.
2664 1244 2706 1298 Ο
2739 1241 2976 1313 lingua!
3011 1243 3144 1314 quis
3175 1247 3231 1298 te
3261 1243 3492 1314 tetigit?
3522 1245 3644 1315 quis
3677 1245 3838 1301 stimu-

524 1345 589 1396 ut
644 1345 841 1395 teneas
900 1338 1218 1401 Christum,
1282 1334 1439 1388 aliud
1495 1335 1756 1388 conﬁteri
1835 1334 2154 1400 Christum,
2271 1332 2442 1387 lavit?
2477 1332 2608 1404 quis
2632 1330 3142 1404 pupugit?Nemo,
3178 1331 3278 1386 sed
3321 1333 3621 1402 conjuncta
3645 1350 3755 1391 sum
3779 1335 3841 1390 eis

522 1435 587 1485 ut
609 1426 1156 1498 repellasChristum
1179 1441 1212 1478 a
1231 1424 1456 1493 tc.Ergo
1486 1422 1691 1477 videtis
1714 1423 1849 1494 quia
1869 1424 2163 1494 quomodo
2273 1439 2400 1492 qua:
2433 1420 2750 1486 calcantur,
2778 1420 3068 1491 quomodo
3101 1419 3186 1475 vis
3219 1437 3334 1475 non
3365 1419 3602 1487 doleam,
3629 1440 3734 1494 quae
3753 1441 3839 1479 non

522 1516 617 1572 hic
643 1515 802 1581 dicit,
836 1515 935 1583 qui
958 1512 1157 1576 credit,
1184 1511 1418 1582 propria
1447 1511 1711 1581 quadam
1739 1512 1883 1566 ﬁdes
1906 1517 2011 1579 est,
2048 1529 2161 1566 non
2272 1526 2405 1564 sum
2449 1508 2751 1580 separata?
2781 1516 3179 1563 Ascensurum
3210 1507 3399 1580 Caput
3427 1507 3484 1564 in
3513 1509 3698 1565 coelum
3731 1511 3841 1566 vidit

523 1599 1969 1675 quocunquemodocommuniscummultis.Nemo
1992 1600 2165 1655 haere-
2273 1598 2488 1654 multos
2519 1598 2904 1653 honoraturos
2933 1613 3014 1665 se,
3048 1597 3187 1668 quia
3213 1597 3474 1653 ascendit
3503 1598 3555 1652 in
3586 1598 3776 1667 ccelum,
3801 1604 3843 1654 et

521 1692 770 1748 ticorum
794 1690 950 1745 dicat
969 1689 1148 1744 vobis.
1182 1689 1251 1743 Et
1280 1705 1386 1744 nos
1403 1688 1718 1744 credimus.
1742 1689 1877 1744 Ideo
1909 1689 2064 1744 enim
2094 1691 2166 1744 de
2271 1688 2414 1743 vidit
2443 1687 2580 1759 quia
2608 1687 3073 1758 honoripsorum
3100 1685 3329 1743 inutilis
3351 1691 3460 1755 est,
3489 1687 3536 1742 si
3562 1687 3842 1744 conculcant

523 1779 887 1836 daemonibus
933 1776 1262 1850 exemplum
1312 1777 1607 1847 proposui,
1657 1794 1726 1831 ne
1755 1778 2058 1848 gaudeatis
2092 1779 2162 1833 ad
2196 1813 2243 1878 Β
2274 1776 2538 1832 membra
2575 1792 2682 1831 sua
2725 1775 2783 1830 in
2834 1780 3005 1830 terra.
3040 1776 3111 1830 Et
3142 1792 3212 1830 ne
3243 1775 3379 1846 quis
3411 1780 3631 1842 erraret,
3666 1781 3714 1831 et
3737 1793 3837 1831 cum

523 1869 699 1926 verba
730 1867 1116 1934 credentium,
1148 1866 1249 1922 sed
1279 1865 1590 1938 exploretis
1635 1867 1785 1922 facta
1823 1867 2160 1922 viventium.
2196 1863 2242 1878 υ
2279 1864 2744 1936 adoraretCaput
2764 1863 2822 1918 in
2847 1863 3270 1932 cmlo,calcaret
3293 1864 3469 1935 pedes
3498 1865 3840 1931 interra,com-

527 1957 674 2025 Quid
705 1961 794 2013 est
814 1957 1044 2011 credere
1066 1956 1124 2009 in
1150 1954 1313 2008 illum
1335 1955 1634 2010 ?etomnis
1656 1956 1754 2026 qui
1784 1956 1972 2027 diligit
1994 1955 2188 2011 Genir
2276 1954 2572 2009 mendavit
2602 1953 2867 2008 membra
2896 1952 2954 2006 in
2984 1956 3159 2020 terra,
3197 1952 3347 2008 dixit
3379 1953 3477 2008 ubi
3505 1957 3671 2008 essent
3696 1969 3840 2008 mem-

527 2051 734 2112 torem,
769 2045 961 2117 diligit
989 2060 1122 2100 eum
1158 2043 1256 2114 qui
1285 2043 1518 2113 genitus
1551 2046 1638 2098 est
1667 2043 1736 2097 ab
1773 2044 1918 2114 ipso.
1954 2044 2164 2099 Statim
2274 2043 2380 2098 bra
2409 2042 2617 2115 ipsius,
2651 2041 2794 2095 dixit
2814 2042 2988 2096 verba
3016 2041 3357 2106 novissima,
3393 2044 3448 2096 et
3466 2040 3710 2096 discessit.
3735 2039 3845 2094 Post

525 2124 1372 2205 ﬁdeiconjunxitdilectionem,
1395 2132 1668 2202 quiasine
1685 2131 1990 2188 dilectione
2020 2135 2164 2190 ﬁdes
2274 2132 2403 2202 ipsa
2433 2132 2604 2188 verba
2636 2147 2748 2186 non
2781 2134 2871 2185 est
2900 2129 3130 2184 locutus
3163 2130 3220 2184 in
3257 2133 3432 2185 terra.
3454 2130 3573 2186 Jam
3600 2146 3695 2184 non
3721 2129 3846 2183 inve-

519 2223 714 2279 inanis
736 2226 842 2278 est.
877 2221 1016 2275 Cum
1045 2220 1349 2275 dilectione
1373 2221 1517 2275 ﬁdes
1540 2220 1852 2275 Christiani
1875 2226 2000 2290 est;
2036 2223 2162 2279 sine
2274 2221 2365 2275 nis
2411 2219 2571 2290 loqui
2613 2218 2908 2275 Christum
2958 2218 3015 2272 in
3048 2221 3221 2272 terra.
3276 2217 3504 2274 Iuvenis
3532 2217 3674 2272 illum
3706 2215 3846 2287 loqui,

520 2311 829 2367 dilectione
879 2310 1023 2364 ﬁdes
1054 2308 1352 2363 daemonis.
1388 2310 1493 2373 Qui
1524 2313 1717 2364 autem
1754 2327 1869 2365 non
1919 2313 2164 2367 credunt
2272 2309 2372 2364 sed
2405 2309 2476 2362 de
2505 2307 2667 2377 cmlo,
2701 2311 2755 2362 et
2787 2306 2856 2361 de
2886 2305 3013 2378 ipso
3049 2305 3192 2360 ccelo
3221 2306 3453 2378 quare?
3489 2305 3613 2378 quia
3639 2304 3847 2360 membra

517 2400 743 2471 pejores
791 2401 931 2453 sunt
961 2414 1138 2468 quam
1169 2397 1481 2461 dmmones,
1516 2402 1572 2452 et
1599 2397 1904 2454 tardiores.
1959 2399 2162 2456 Omnis
2271 2397 2648 2452 calcabantur
2685 2395 2744 2449 in
2792 2399 2964 2450 terra.
3015 2395 3381 2450 Persecutori
3423 2395 3570 2450 enim
3608 2392 3754 2449 Saulo
3789 2392 3848 2445 di-

515 2487 616 2560 qui
647 2485 840 2559 diligit
868 2487 1118 2550 Patrem,
1148 2484 1338 2556 diligit
1361 2486 1591 2540 Filium.
1627 2487 1688 2541 In
1719 2487 1826 2542 hoc
1859 2489 2158 2559 cognosci-
2268 2485 2351 2539 xit
2375 2503 2422 2540 :«
2449 2484 2642 2550 Saule,
2666 2482 2858 2550 Saule,
2889 2483 3029 2555 quid
3069 2499 3162 2538 me
3193 2482 3768 2556 persequeris?»(dct.
3788 2497 3843 2545 ix,

512 2592 666 2641 mus,
699 2575 838 2648 quia
867 2574 1172 2645 diligimus
1201 2573 1351 2628 ﬁlios
1383 2573 1505 2640 Dei,
1539 2573 1712 2629 Filios
1735 2575 1835 2630 Dei
1867 2575 2029 2641 dixit,
2057 2576 2158 2646 qui
2269 2573 2344 2643 li.)
2376 2572 2625 2627 Ascendi
2658 2572 2716 2626 in
2749 2571 2981 2640 coelum,
3028 2572 3126 2627 sed
3172 2572 3371 2628 adhuc
3414 2573 3472 2626 in
3516 2576 3654 2627 terra
3683 2571 3841 2640 jaceo;

513 2663 724 2720 Filium
757 2663 930 2735 paulo
953 2667 1086 2718 ante
1111 2661 1356 2729 dicebat,
1379 2662 1516 2732 quia
1537 2662 1639 2716 ﬁlii
1659 2663 1760 2717 Dei
1791 2680 2001 2734 corpus
2021 2670 2158 2720 sunt
2267 2660 2362 2716 hic
2393 2662 2465 2716 ad
2496 2661 2791 2716 dexteram
2825 2660 3014 2715 Patris
3046 2660 3244 2725 sedeo,
3281 2662 3363 2716 ibi
3395 2659 3576 2716 adhuc
3619 2657 3779 2715 esurio
3802 2660 3845 2711 et

511 2753 667 2809 unici
700 2753 802 2808 ﬁlii
836 2752 957 2808 Dei.
991 2753 1212 2806 Etcum
1237 2750 1332 2806 ille
1354 2756 1546 2820 caput,
1567 2768 1671 2806 nos
1693 2753 1974 2820 membra,
2001 2771 2155 2809 unus
2265 2748 2418 2817 sitio,
2434 2748 2842 2821 etperegrinus
2856 2765 3008 2804 sum.
3026 2749 3332 2814 Quomodo
3355 2765 3484 2822 ergo
3506 2760 3839 2818 corpussuum

510 2843 692 2898 Filius
723 2842 843 2898 Dei.
875 2843 1022 2913 Ergo
1055 2840 1154 2911 qui
1187 2840 1378 2910 diligit
1409 2840 1558 2895 ﬁlios
1578 2840 1703 2908 Dei,
1725 2840 1912 2895 ﬁlium
1945 2843 2041 2896 Dei
2062 2842 2154 2896 di-
2263 2837 2694 2893 commendavit
2723 2837 2782 2891 in
2815 2843 2985 2904 terra,
3016 2838 3413 2893 ascensurus?
3442 2835 3717 2908 discipulis
3747 2833 3840 2890 suis

507 2930 656 3003 ligit.
689 2936 758 2988 Et
786 2931 885 3002 qui
908 2929 1098 3001 diligit
1129 2929 1337 2984 Filium
1373 2930 1492 2996 Dei,
1527 2930 1755 2985 Patrem
1797 2929 2007 3002 diligit.
2041 2932 2153 2987 Nec
2262 2927 2597 2998 respondit;
2633 2951 2659 2976 ‹‹
2695 2925 3005 2998 Accipietis
3031 2926 3311 2981 virtutem
3331 2926 3574 2999 Spiritus
3594 2923 3750 2981 sancti
3769 2938 3841 2977 su-

507 3024 696 3092 potest
727 3020 1041 3091 quisquam
1072 3020 1299 3074 Patrem
1335 3018 1592 3089 diligere,
1627 3019 1737 3073 nisi
1772 3018 1980 3075 Filium
2013 3021 2151 3075 dili-
2261 3015 2651 3087 pervenientis
2683 3015 2742 3069 in
2773 3031 2896 3082 vos,
2928 3019 2986 3070 et
3015 3014 3176 3070 eritis
3205 3015 3354 3070 mihi
3386 3020 3555 3071 testes
3579 3014 3631 3068 in
3658 3017 3841 3068 Jerusa-

505 3113 621 3181 gat.
639 3110 706 3163 Et
726 3108 1028 3181 quidiligit
1049 3108 1283 3174 Filium,
1309 3107 1497 3178 diligit
1514 3107 1662 3162 ﬁlios
1679 3108 1798 3163 Dei.
1820 3109 1972 3172 Quos
1997 3109 2148 3165 ﬁlios
2196 3180 2204 3181 ί
2258 3102 2396 3172 lem,
2423 3104 2555 3160 etin
2581 3103 2739 3159 omni
2755 3103 2976 3170 Judma,
3000 3108 3058 3158 et
3079 3103 3350 3159 Samaria
3371 3108 3428 3159 et
3449 3103 3686 3175 usquein
3706 3105 3843 3155 totam

501 3180 646 3254 Dei?
674 3180 930 3254 Membra
945 3180 1070 3252 Filii
1102 3198 1308 3252 Dei.Et
1333 3196 1625 3269 diligendo
1641 3197 1704 3252 ﬁt
1733 3201 1788 3252 et
1811 3198 1934 3269 ipse
1960 3215 2142 3254 mem-
2177 3180 2219 3248 Ο
2257 3197 2469 3248 terram
2504 3193 2642 3264 (Act.
2680 3211 2725 3261 1,
2749 3192 2825 3264 8).
2855 3215 2882 3242 «
2907 3193 3048 3247 Ecce
3070 3194 3394 3264 quajaceo,
3424 3193 3521 3264 qui
3545 3189 3846 3255 ascendo,as-

498 3289 693 3351 brum,
729 3291 785 3343 et
818 3288 881 3340 ﬁt
928 3302 1030 3358 per
1061 3285 1426 3341 dilectionem
1459 3286 1517 3339 in
1559 3303 1838 3358 compage
1888 3289 2146 3358 corporis
2256 3283 2437 3337 cendo
2467 3282 2622 3337 enim
2673 3281 2811 3352 quia
2859 3285 3035 3353 caput
3082 3297 3236 3347 sum,
3278 3284 3440 3353 jacet
3469 3280 3645 3336 adhuc
3672 3292 3836 3349 corpus

496 3376 731 3441 Christi,
766 3380 822 3430 et
851 3376 960 3430 erit
983 3392 1135 3429 unus
1156 3375 1421 3430 Christus
1447 3391 1652 3429 amans
1676 3375 1935 3446 seipsum
1961 3393 1973 3444 ;
2009 3394 2139 3431 cum
2255 3387 2471 3426 meum.
2499 3371 2833 3440 Quajacet?
2854 3385 2956 3442 per
2975 3374 3157 3425 totam
3179 3374 3421 3426 terram.
3445 3373 3584 3426 Cave
3601 3383 3664 3424 ne
3681 3381 3835 3439 percu-

499 3464 656 3517 enim
689 3478 750 3518 se
780 3462 1024 3517 invicem
1058 3467 1260 3516 amant
1305 3462 1587 3528 membra,
1621 3479 1832 3533 corpus
1869 3480 1931 3518 se
1961 3469 2139 3520 amat.
2251 3461 2383 3528 tias,
2418 3475 2553 3515 cave
2572 3475 2642 3514 ne
2663 3458 2862 3525 violes,
2892 3475 3027 3514 cave
3047 3475 3117 3514 ne
3139 3458 3350 3514 calces.
3373 3458 3681 3514 Novissima
3703 3454 3838 3510 verba

501 3573 528 3600 ‹‹
560 3552 628 3605 Et
658 3551 704 3606 si
732 3550 949 3621 patitur
971 3566 1154 3603 unum
1179 3550 1530 3616 membrum,
1555 3550 1994 3622 compatiuntur
2023 3569 2142 3608 om-
2251 3548 2461 3604 Christi
2510 3551 2650 3603 sunt
2694 3546 2810 3602 ista
2840 3547 2977 3601 ituri
3008 3547 3066 3601 in
3100 3546 3337 3605 ccelum.
3374 3549 3614 3614 Fratres,
3641 3544 3837 3616 cogitate

498 3639 596 3694 nia
627 3639 926 3706 membra;
961 3641 1017 3692 et
1048 3637 1096 3692 si
1142 3636 1506 3708 gloriﬁcatur
1552 3655 1734 3692 unum
1785 3641 2136 3705 membrum,
2248 3638 2568 3692 visceribus
2596 3635 2960 3705 Christianis,
2994 3636 3040 3690 si
3075 3635 3411 3692 hazredibus
3441 3634 3736 3692 carnalibus
3755 3646 3833 3685 no-

495 3729 864 3800 congaudent
889 3726 1085 3782 omnia
1118 3727 1400 3782 membra.
1433 3749 1454 3777 ι
1494 3727 1562 3780 Et
1593 3727 1727 3798 quid
1763 3732 1999 3784 secutus
2032 3729 2141 3784 ait?
2247 3725 2489 3782 vissima
2511 3726 2683 3780 verba
2713 3724 2982 3779 morituri
3003 3725 3186 3796 patris
3205 3724 3342 3796 plus
3362 3731 3501 3781 sunt
3518 3722 3706 3784 dulcia,
3731 3717 3832 3790 plus

498 3839 526 3867 ‹‹
575 3818 686 3874 Vos
713 3821 906 3872 autem
956 3815 1097 3871 estis
1130 3832 1342 3886 corpus
1391 3815 1603 3870 Christi
1651 3819 1706 3870 et
1754 3817 2017 3872 membra
2065 3819 2136 3874 de
2246 3818 2431 3886 grata,
2466 3819 2523 3868 et
2549 3813 2788 3884 majoris
2811 3813 3086 3885 ponderis
3104 3830 3237 3869 mox
3271 3814 3411 3870 ituri
3445 3815 3504 3869 in
3535 3810 3832 3886 sepulcrum;

492 3905 757 3961 membro
785 3907 830 3975 (I
853 3906 972 3960 Cor.
1006 3923 1105 3973 xu,
1137 3907 1226 3970 26,
1257 3907 1358 3958 27:
1389 3926 1415 3952 »
1450 3936 1514 3942 —-
1541 3926 1566 3953 «
1597 3905 1702 3969 Qui
1729 3905 1883 3960 enim
1907 3923 2020 3960 non
2049 3907 2134 3960 di-
2245 3902 2572 3957 haeredibus
2603 3902 2816 3957 Christi
2843 3901 3040 3973 qualia
3065 3902 3279 3957 debent
3310 3903 3619 3960 esseverba
3639 3894 3832 3954 novissi-

488 3992 618 4064 ligit
649 3994 885 4048 fratrem
913 4010 1088 4048 suum
1119 4010 1295 4064 quem
1325 3993 1498 4059 videt,
1523 3993 1704 4048 Deum
1726 4009 1900 4065 quem
1921 4011 2034 4050 non
2052 3994 2132 4050 vi-
2245 4007 2340 4047 ma
2367 4008 2481 4046 non
2513 3991 2756 4046 redituri
2788 3990 2847 4045 in
2871 3990 3225 4062 sepulcrum,
3252 3993 3355 4047 sed
3380 3989 3662 4048 ascensuri
3683 3987 3730 4042 in
3748 4000 3830 4040 ca:-

485 4081 583 4135 det
611 4082 899 4151 quomodo
932 4085 1121 4152 potest
1142 4081 1420 4152 diligere?
1444 4103 1471 4129 »
1499 4083 1545 4148 (I
1569 4083 1727 4137 Joan.
1766 4099 1839 4147 ιν,
1873 4083 1988 4153 20.)
2240 4079 2407 4135 lum?
2425 4081 2552 4135 Etsi
2578 4079 2710 4151 plus
2732 4079 3145 4135 custodiuntur
3164 4097 3196 4135 a
3217 4080 3360 4136 ﬁliis
3382 4073 3832 4136 novissimaverba

559 4190 584 4216 ‹‹
601 4169 853 4224 Extende
875 4169 1217 4224 charitatem
1237 4187 1337 4240 per
1358 4175 1543 4224 totum
1566 4170 1838 4238 orbem,si
1863 4170 1947 4225 vis
1964 4171 2127 4227 Chri-
2241 4169 2544 4224 morientis
2595 4168 2794 4240 patris,
2837 4170 3007 4239 cujus
3053 4169 3302 4224 cadaver
3351 4171 3409 4225 in
3460 4167 3705 4241 sepulcro
3735 4161 3830 4218 sine

481 4261 640 4312 stum
664 4274 880 4324 amare,
905 4257 1041 4329 quia
1058 4259 1322 4312 membra
1341 4258 1551 4313 Christi
1570 4275 1670 4329 per
1691 4259 2126 4330 orbemjacent,
2237 4275 2411 4314 sensu
2439 4260 2613 4329 jacet,
2646 4258 2782 4329 quid
2819 4257 2928 4312 sibi
2953 4262 3195 4329 sperant
3220 4257 3329 4328 illi,
3364 4259 3464 4331 qui
3492 4257 3655 4313 verba
3680 4251 3828 4308 novis-

478 4346 580 4400 ubi
613 4362 742 4402 esse
773 4347 968 4414 debes,
996 4351 1060 4400 ut
1086 4347 1194 4402 sub
1218 4347 1404 4417 capite
1437 4347 1539 4401 sis.
1567 4347 1624 4400 Si
1650 4347 1707 4400 in
1741 4364 1980 4420 corpore
2010 4366 2123 4404 non
2234 4345 2386 4401 sima
2399 4345 2655 4402 sedentis
2677 4347 2734 4400 in
2759 4344 2900 4401 cmlo
2923 4363 3035 4402 non
3059 4346 3427 4414 custodiunt,
3448 4343 3678 4401 videntis
3698 4341 3829 4395 desu-

479 4451 562 4500 es,
595 4435 706 4490 sub
736 4435 921 4506 capite
953 4453 1066 4490 non
1098 4452 1180 4490 es.
1215 4434 1360 4498 Quid
1395 4435 1650 4506 prodest,
1686 4436 1823 4507 quia
1845 4438 2033 4492 credis
2065 4443 2123 4493 et
2233 4451 2336 4506 per
2365 4452 2439 4490 an
2469 4439 2879 4490 contemnatur
2900 4451 2972 4489 an
2996 4451 3108 4490 non
3132 4440 3563 4505 contemnatur,
3585 4432 3725 4488 illius
3749 4425 3825 4498 qui

480 4521 857 4594 blasphemas
876 4523 903 4577 ?
931 4523 1140 4578 adoras
1162 4522 1326 4576 illum
1357 4521 1418 4576 in
1434 4523 1639 4594 capite,
1665 4528 1723 4578 et
1743 4523 2119 4596 blasphemas
2151 4543 2197 4606 D
2229 4523 2400 4579 dixit:
2422 4548 2447 4573 ‹‹
2467 4522 2661 4589 Saule,
2681 4522 2873 4591 Saule,
2896 4523 3034 4594 quid
3056 4541 3148 4578 me
3162 4523 3609 4596 persequeris?»
3629 4521 3744 4589 (Act.
3765 4531 3823 4578 ις,

480 4610 540 4665 in
572 4627 830 4683 corpore.
851 4617 1027 4667 Amat
1046 4610 1142 4666 ille
1171 4628 1382 4682 corpus
1404 4627 1598 4665 suum.
1619 4611 1676 4666 Si
1709 4617 1769 4666 tu
1803 4617 1856 4667 te
1886 4615 2119 4684 praesci-
2231 4614 2308 4682 4.)
2332 4612 2440 4679 Qui
2461 4617 2650 4668 servat
2671 4613 3049 4682 adjudicium
3071 4613 3355 4683 quidquid
3373 4614 3528 4668 videt
3548 4609 3656 4683 pati
3677 4620 3823 4663 mem-

479 4699 619 4754 disti
648 4717 682 4755 a
711 4717 948 4773 corpore
975 4701 1184 4772 ipsius,
1207 4704 1509 4771 caputnon
1542 4717 1602 4756 se
1625 4702 1964 4772 praescidita
1994 4720 2122 4758 cor.
2234 4702 2338 4756 bra
2367 4718 2495 4768 sua,
2529 4701 2742 4772 quibus
2785 4700 3013 4771 gravior
3060 4706 3118 4756 et
3167 4699 3587 4757 intolerabilior
3625 4700 3704 4752 est
3735 4707 3827 4747 ma-

481 4803 620 4859 pore
647 4805 772 4844 suo.
805 4789 940 4844 Sine
971 4805 1148 4844 causa
1171 4805 1262 4844 me
1287 4788 1789 4857 honoras,clamat
1811 4791 1916 4846 tibi
1949 4797 2126 4863 caput
2231 4789 2644 4862 chaeralinguze
2663 4788 3266 4861 haereticorum,quam
3293 4790 3428 4845 ferri
3445 4799 3818 4861 paganorum.-

479 4876 752 4946 desuper;
786 4877 910 4932 sine
941 4894 1120 4933 causa
1148 4894 1242 4932 me
1271 4879 1546 4933 honoras.
1587 4880 1892 4950 Tanquam
1925 4881 1974 4935 si
2009 4882 2121 4936 vel-
2832 4895 3064 4950 CAPUT
3103 4895 3266 4951 XXX.

459 4961 553 5056 'l_et
584 4963 800 5056 aliquis
826 4965 1204 5056 tibi-osculari
1231 4971 1426 5037 caput,
1446 4972 1503 5022 et
1529 4967 1750 5022 calcare
1781 4968 1889 5023 tibi
1916 4970 2114 5040 pedes.
2369 4983 2758 5056 Recapitulatio
2799 4986 3208 5056 ρνκτηίδεοναγη
3238 4985 3528 5040 verborum
3551 4983 3710 5038 sum

469 5052 636 5108 Forte
669 5052 872 5125 caligis
904 5053 1143 5110 clavatis
1175 5060 1496 5110 contereret
1527 5057 1704 5127 pedes
1729 5060 1882 5123 tuos,
1915 5057 2116 5115 volens
2501 5052 2517 5056 ⁷
2799 5052 2813 5055 ’
2889 5055 3200 5126 Augustini.

462 5141 568 5197 tibi
617 5146 815 5198 tenere
863 5148 1037 5214 caput
1087 5149 1143 5199 et
1195 5143 1468 5199 osculari.
1514 5145 1716 5199 Nonne
1749 5146 1898 5201 inter
1936 5148 2114 5202 verba
2300 5146 2360 5200 In
2405 5143 2621 5214 quibus
2648 5143 2925 5214 praecipui
2954 5144 3207 5199 doctoris
3227 5143 3400 5200 claris
3436 5139 3722 5199 sententiis
3743 5150 3818 5191 ne-

465 5228 808 5286 honorantis
841 5230 1142 5298 clamares,
1169 5236 1225 5286 et
1256 5233 1660 5296 diceres.Quid
1693 5232 1856 5300 facis,
1889 5234 2108 5291 homo?
2222 5250 2382 5289 cessc
2419 5237 2509 5288 est
2539 5233 2608 5287 ad
2639 5248 2737 5288 cor
2765 5233 3005 5288 redeant
3035 5233 3503 5305 praevaricatores
3535 5229 3654 5287 novi
3681 5240 3813 5282 man-

465 5319 654 5374 calcas
715 5337 828 5375 me.
897 5321 1021 5375 Non
1081 5321 1324 5376 diceres.
1397 5321 1598 5376 Calcas
1657 5327 1830 5393 caput
1889 5340 2106 5380 meum.
2219 5321 2696 5392 datiquicunque
2718 5321 3201 5394 hmretici,etprze
3223 5311 3811 5378 omnibusSimoniaci,

462 5406 601 5476 quia
660 5413 834 5478 caput
891 5409 1234 5474 honorabat,
1288 5412 1388 5464 sed
1447 5410 1578 5481 plus
1627 5410 1902 5466 clamaret
1933 5417 2108 5484 caput
2217 5410 2316 5482 qui
2349 5427 2416 5464 ex
2448 5416 2682 5480 accepta
2713 5411 2925 5466 virtute
2955 5411 3208 5482 Spiritus
3255 5410 3442 5465 sancti
3489 5407 3691 5464 faciunt
3722 5399 3810 5456 sibi

467 5510 570 5564 pro
629 5497 909 5552 membris
968 5497 1205 5552 calcatis
1264 5515 1440 5568 quam
1503 5515 1604 5568 pro
1675 5517 1756 5564 sc,
1815 5501 1952 5571 quia
2009 5501 2106 5556 ho-
2216 5504 2551 5571 propostam
2573 5486 3808 5571 adsolumnegotiumsaaculi,nonadaliquod

461 5581 799 5638 morabatur.
823 5585 1023 5642 Nonne
1047 5585 1473 5658 clamatipsum
1505 5590 1678 5657 caput
1711 5604 1721 5640 :
1758 5588 1897 5644 Nolo
1931 5589 2100 5646 honoo
2211 5587 2615 5644 testimonium
2648 5589 2879 5655 Christi,
2918 5590 3013 5660 qui
3039 5589 3227 5662 ipsam
3251 5582 3687 5660 Spiritussancti
3714 5577 3808 5634 vir-
