4106 6178
257 330 410 396 1143

788 334 1204 400 ADVERSUS
1251 332 1724 401 SIMONIACOS
1770 331 1978 397 LlBRl
2024 329 2251 396 TRES.
2286 365 2364 380 -
2407 331 2640 396 LlBEH
2683 330 3119 398 SECUNDUS.

3497 333 3656 399 HM

253 471 440 525 tutem
471 481 821 526 ascensurus
843 470 914 524 ad
937 469 1043 525 hoc
1061 469 1252 525 solum
1275 468 1707 542 suscipiendam
1767 469 1892 525 suis
1924 468 1976 533 Α
2006 466 2177 523 liator
2192 446 3144 536 suscitabitzelum,vociferabitur
3159 468 3216 522 et
3229 465 3523 539 clamabit,
3550 489 3646 529 su-

254 555 565 630 discipulis
598 557 870 624 asseruit,
896 562 959 613 ut
980 559 1426 618 resurrectionis
1449 560 1576 630 ejus
1606 563 1663 614 et
1713 559 1895 614 chari-

250 647 390 702 tatis
411 645 602 702 ubivis
623 651 911 701 terrarum
944 652 1124 702 testes
1146 647 1283 702 sint.
1305 648 1412 702 Sed
1449 647 1772 719 pervissilni
1795 648 1895 702 ho-

251 735 484 791 minum
517 734 780 790 conversi
810 735 867 788 iu
901 751 1101 790 arcum
1139 752 1495 807 perversum,
1527 752 1660 790 eum
1693 753 1726 790 a
1784 752 1898 806 quo

246 823 466 880 intensi
496 828 636 879 sunt
666 823 953 895 impctuni
987 830 1043 879 et
1110 826 1462 896 percutiunt,
1510 824 1606 880 ubi
1667 824 1897 880 divitias

248 913 451 986 gratiae
473 913 603 983 ejus
623 929 771 982 quas
787 912 944 982 jussi
964 918 1104 968 sunt
1126 914 1401 969 omnibus
1433 913 1614 986 gratis
1637 914 1788 969 sicut
1805 930 1896 968 ac-

251 1005 534 1073 ceperunt
564 1017 850 1073 exponere
881 1006 938 1056 et
966 1018 1224 1074 erogare,
1260 1003 1329 1057 ad
1392 1004 1641 1074 pretium
1697 1003 1897 1057 distri-

250 1090 433 1146 buere
463 1091 1466 1162 praesumunt.SicingratiChristo,
1513 1095 1715 1147 contra
1763 1107 1898 1146 eum

249 1177 378 1234 suis
409 1177 579 1232 donis
611 1179 924 1251 pugnaturi
969 1178 1303 1252 insurgunt,
1333 1183 1389 1235 et
1445 1179 1718 1236 ﬁdelibus
1771 1180 1898 1250 ejus

248 1271 536 1339 tanquam
569 1268 852 1323 membris
882 1268 1070 1340 ipsius
1103 1269 1390 1340 pessimas
1422 1273 1479 1324 et
1536 1268 1898 1324 insanabiles

249 1356 460 1429 plagas
486 1356 823 1428 imponunt,
849 1357 988 1429 quia
1016 1359 1085 1412 ad
1111 1357 1434 1430 ipsum,qui
1457 1362 1631 1430 caput
1654 1374 1896 1413 suorum

247 1450 338 1500 est
363 1444 691 1517 pertingere
716 1450 1037 1516 nequeunt.
1063 1447 1243 1509 Quem
1263 1445 1368 1501 etsi
1420 1445 1590 1501 labiis
1641 1463 1702 1502 se
1751 1463 1893 1502 non-

248 1550 558 1605 nunquam
583 1533 726 1590 velle
745 1534 1030 1589 honorare
1053 1535 1303 1606 ﬁngunt,
1327 1535 1544 1604 injuria
1564 1538 1652 1590 est
1673 1534 1754 1590 illi
1782 1553 1895 1590 non

247 1623 572 1678 reverentia
592 1627 780 1678 totum
803 1623 958 1694 quod
983 1629 1183 1694 agunt,
1217 1624 1480 1694 quandiu
1513 1623 1712 1679 ﬁdeles
1770 1625 1897 1696 ejus

247 1728 359 1766 sua
380 1711 624 1782 perﬁdia
656 1716 934 1782 tanquam
971 1712 1125 1766 fures
1159 1715 1215 1766 ct
1244 1711 1496 1766 latrones
1530 1712 1893 1767 interimunt.

250 1800 418 1864 Quod
447 1799 603 1854 velut
633 1815 766 1854 oves
805 1799 1104 1871 simplices
1135 1801 1244 1855 sub
1303 1799 1580 1855 simulato
1640 1801 1890 1871 pastoris
1928 1836 1976 1901 B

230 1879 430 1943 sibilo
450 1888 722 1944 seductas
742 1887 856 1942 sibi
879 1892 1214 1954 convocant,
1250 1887 1450 1958 sicque
1481 1905 1635 1943 nunc
1669 1889 1894 1955 furtim,

251 1993 412 2032 nunc
435 1976 644 2048 raptim
669 1975 901 2030 diabolo
923 1976 1207 2047 gregatim
1233 1975 1559 2043 immolant,
1595 1978 1734 2031 dum
1761 1995 1897 2032 con-

248 2065 520 2121 sentiunt
541 2069 606 2120 ut
627 2065 699 2120 ab
717 2065 802 2120 eis
825 2069 1054 2119 ematur
1077 2064 1228 2135 quod
1256 2081 1370 2119 non
1395 2064 1560 2120 aliter
1594 2065 1895 2137 accipitur,

248 2153 367 2209 nisi
395 2158 460 2208 ut
485 2153 667 2226 gratis
688 2153 1005 2218 detur.Quo
1027 2153 1293 2224 contagio
1313 2152 1576 2225 pauculas
1603 2171 1736 2209 oves
1751 2171 1898 2209 mor-

240 2242 398 2298 bida:
421 2246 604 2298 totum
629 2257 862 2314 gregem
880 2241 1301 2308 contaminant,
1327 2243 1466 2296 dum
1482 2245 1744 2298 carnales
1791 2242 1895 2297 ali-

239 2332 346 2405 qui
371 2331 574 2388 morbo
597 2331 918 2387 ambitiosae
941 2330 1191 2386 avaritiae
1229 2332 1450 2396 attacti,
1485 2330 1700 2402 pabula
1729 2331 1895 2386 coele-

237 2420 355 2476 stis
381 2419 656 2474 doctrina:
681 2417 1018 2484 fastidiunt,
1041 2419 1095 2474 ei
1141 2417 1324 2473 oculis
1383 2423 1683 2490 pastorum
1715 2436 1776 2474 se
1798 2437 1898 2491 per

241 2509 421 2564 devia
441 2507 715 2563 vitiorum
749 2508 1050 2563 abducunt
1073 2511 1130 2562 et
1158 2509 1545 2562 abscondunt.
1597 2509 1893 2580 Quaprop-

234 2602 330 2653 ter
347 2615 383 2652 a
403 2597 888 2652 latrocinantibus
909 2595 1450 2662 Simoniacis,velut
1472 2595 1740 2668 solivagas
1760 2614 1894 2652 oves

235 2686 488 2751 inventi,
511 2685 865 2756 quantocius
889 2703 1002 2758 prae
1029 2685 1329 2740 nimietate
1347 2685 1534 2740 morbi
1550 2685 1638 2740 sui
1663 2703 1895 2741 concor-

237 2776 393 2830 dant
414 2790 615 2829 eorum
638 2773 1228 2830 voluntati.Occidere
1245 2774 1402 2828 enim
1425 2772 1623 2829 volunt
1649 2774 1751 2842 illi,
1779 2791 1896 2829 mo-

235 2864 284 2919 ri
323 2863 447 2918 isti.
483 2865 763 2928 Quaerunt
793 2862 877 2916 illi
910 2862 1256 2929 interﬁcere,
1291 2863 1387 2917 isti
1423 2879 1537 2918 non
1570 2864 1776 2918 vivere.
1811 2863 1892 2918 Illi

234 2952 508 3024 perdere,
533 2951 630 3006 isti
660 2951 869 3023 perire.
899 2951 993 3006 Sic
1017 2950 1099 3004 illi
1123 2955 1178 3006 et
1219 2951 1314 3005 isti
1350 2957 1401 3005 et
1435 2951 1504 3005 ad
1565 2969 1730 3007 suam
1765 2969 1891 3023 per-

234 3041 636 3107 ditionem,et
655 3040 835 3096 totius
875 3039 1140 3095 Ecclesia:
1164 3039 1500 3111 contagium
1552 3040 1622 3094 de
1672 3040 1888 3111 Spiritu

233 3135 446 3186 sancto
475 3128 706 3184 carnale
736 3128 824 3185 vel
857 3127 1130 3184 saeculare
1180 3129 1508 3199 excogitant
1558 3132 1615 3182 et
1672 3128 1893 3183 faciunt

2008 573 2111 627 per
2139 556 2410 612 inimicos
2440 574 2579 612 suos
2611 557 3285 629 confortabitur,quibus
3311 563 3451 615 tunc
3473 561 3650 618 dicet:

2008 645 2183 700 Tacui
2217 663 2472 717 semper,
2509 646 2667 712 silui,
2702 646 2928 718 patiens
2972 646 3072 712 fui,
3127 645 3278 702 sicut
3327 651 3655 719 parturiens

2009 734 2254 806 loquar;
2281 735 2399 789 haec
2422 737 2578 790 enim
2607 735 2848 802 fecistis,
2883 740 2939 789 et
2969 735 3122 790 tacui
3146 737 3314 807 (Psal.
3342 754 3489 803 xux,
3541 740 3651 810 20).

2008 823 2169 880 Unde
2200 824 2336 895 quia
2360 823 2637 896 paulatim
2689 829 2744 878 et
2767 825 2979 896 partim
3032 825 3368 897 dissipastis
3415 842 3651 898 gregem

2008 930 2225 982 meum,
2257 917 2312 968 et
2343 913 2750 979 absorbuistis,
2786 913 3083 985 dissipabo
3111 931 3234 980 vos,
3269 919 3324 970 et
3381 915 3653 972 absorbe-

2008 1001 2080 1056 bo
2111 1001 2310 1057 simul.

2593 1092 2828 1148 CAPUT
2867 1093 3064 1147 XXXI.

2007 1181 2082 1235 De
2109 1181 2326 1235 malitia
2358 1180 2817 1236 Simoniacorum.
2852 1186 2899 1236 et
2932 1181 3072 1252 quod
3100 1182 3308 1252 pejores
3337 1184 3450 1237 sint
3481 1183 3648 1239 latro-

2360 1253 2548 1318 m‘bus,
2582 1255 2632 1306 et
2660 1255 2780 1307 sine
2811 1254 3002 1323 aliqua
3037 1253 3140 1321 ﬁde
3172 1255 3290 1308 Dei.

2079 1358 2373 1412 Adversus
2397 1375 2544 1428 quos
2565 1357 2742 1412 falsos
2766 1362 2964 1423 testes,
2986 1359 3274 1429 quosjam
3312 1358 3652 1430 impassibi-

2007 1445 2081 1502 lis
2104 1447 2297 1517 Jesus,
2321 1447 2419 1502 sed
2442 1447 2635 1502 adhuc
2657 1445 2804 1502 tales
2828 1447 3054 1519 patiens
3077 1447 3133 1500 in
3161 1447 3537 1518 passionibus
3554 1448 3653 1502 Ec-

2007 1535 2194 1591 clesia:
2218 1553 2355 1598 sure,
2383 1536 2584 1607 quales
2617 1537 2778 1608 prius
2801 1553 3013 1607 passus
3049 1540 3156 1602 est,
3191 1535 3248 1589 in
3274 1553 3334 1590 se
3380 1535 3653 1606 interpel-

2006 1622 2355 1691 latPatrem,
2380 1625 2578 1679 dicens
2602 1641 2702 1695 per
2719 1624 3093 1679 Psalmistam
3121 1642 3134 1680 :
3162 1648 3188 1673 ‹‹
3213 1624 3294 1680 Ne
3344 1624 3658 1680 tradideris

2007 1728 2099 1767 me
2125 1713 2181 1766 in
2207 1713 2434 1768 animas
2459 1713 2931 1785 persequentium
2958 1715 3218 1784 me,quia
3241 1714 3657 1769 insurexerunt

2005 1799 2065 1855 in
2090 1818 2182 1856 me
2202 1806 2378 1857 testes
2397 1796 2667 1873 iniqui,et
2689 1801 2930 1856 mentita
2949 1806 3036 1857 est
3054 1801 3335 1873 iniquitas
3349 1802 3460 1857 sibi
3482 1803 3652 1873 (Psal.

2008 1907 2160 1954 xxvr,
2190 1890 2299 1960 42).
2338 1913 2364 1938 »
2398 1892 2553 1955 Quos
2612 1889 3079 1960 quantulamque
3135 1890 3448 1944 scintillam
3477 1889 3652 1944 dilec-

2007 1979 2186 2033 tionis
2223 1979 2342 2045 Dei,
2376 1983 2434 2033 et
2465 1979 2712 2050 proximi
2748 1983 3037 2033 retentare
3085 1978 3332 2049 impium
3391 1981 3479 2033 est
3527 1993 3648 2032 cre-

2007 2067 2162 2122 dere.
2201 2065 2434 2121 l)i1ectio
2466 2067 2620 2121 enim
2648 2067 2748 2120 Dei
2776 2073 2832 2122 et
2863 2067 3106 2138 proximi
3144 2065 3376 2138 propria
3405 2071 3460 2121 et
3517 2082 3651 2138 spe-

2008 2155 2170 2210 cialis
2215 2155 2398 2210 virtus
2448 2162 2535 2210 est
2593 2156 2820 2226 piorum
2882 2160 3056 2227 atque
3103 2160 3459 2222 sanctorum,
3517 2172 3651 2210 cum

2008 2247 2224 2298 caetera:
2255 2245 2502 2298 virtutes
2534 2244 2702 2298 bonis
2734 2260 2799 2298 ac
2833 2243 3002 2299 malis
3039 2245 3265 2316 possint
3321 2261 3447 2300 esse
3497 2261 3652 2299 com-

2007 2349 2239 2398 munes,
2273 2349 2400 2403 qum
2429 2331 2681 2403 qualiter
2711 2337 2904 2403 potest
2942 2331 3133 2388 inesse
3174 2331 3291 2387 illis
3323 2333 3421 2404 qui
3472 2333 3654 2388 Deum

2006 2421 2091 2476 sic
2122 2421 2459 2493 despiciunt
2492 2426 2555 2474 ut
2588 2437 2720 2476 eum
2755 2422 2928 2475 etiam
2963 2421 3208 2476 vendere
3238 2419 3498 2492 quolibet
3527 2437 3655 2493 pre-

2005 2510 2086 2564 tio
2117 2509 2401 2576 laborent,
2439 2513 2494 2564 et
2524 2509 2857 2582 proximum
2893 2509 2975 2565 sic
3009 2511 3256 2564 oderunt
3287 2514 3350 2564 ut
3381 2511 3454 2564 ab
3487 2527 3552 2565 eo
3575 2511 3656 2564 vi-

2005 2615 2167 2653 scera
2199 2616 2305 2654 sua
2334 2598 2572 2654 omnino
2622 2597 2920 2664 claudant,
2982 2615 3051 2652 ne
3104 2598 3287 2669 gratis
3337 2599 3644 2669 accipiant,

2005 2688 2161 2758 quod
2179 2687 2259 2742 illi
2287 2704 2387 2759 per
2407 2687 2571 2758 ipsos
2591 2687 2786 2741 divina
2809 2686 2992 2758 gratis
3014 2686 3138 2740 dari
3166 2685 3430 2754 voluit,et
3471 2686 3658 2756 jussit

2004 2776 2265 2847 largitas.
2295 2775 2398 2841 Qui
2425 2775 2472 2828 si
2491 2775 2664 2830 etiam
2691 2775 3084 2830 substantiam
3113 2773 3317 2828 mundi
3343 2773 3522 2843 hujus
3546 2773 3649 2826 ba-

2006 2865 2208 2920 bentes
2232 2865 2494 2934 proximo
2528 2865 2932 2918 necessitatem
2991 2863 3227 2934 patienti
3273 2863 3496 2918 viscera
3553 2879 3660 2916 sua

2005 2952 2363 3018 clauderent,
2392 2968 2495 3006 nec
2519 2953 2588 3005 de
2610 2969 2716 3006 suo
2740 2950 2960 3023 aliquid
2994 2951 3176 3023 gratis
3228 2951 3455 3014 darent,
3514 2967 3656 3022 quo-

2005 3041 2176 3096 modo
2199 3039 2453 3094 eharitas
2482 3039 2597 3105 Dei,
2623 3057 2750 3111 quae
2775 3040 3007 3094 nonnisi
3033 3039 3330 3110 geminata
3353 3043 3462 3106 est,
3482 3040 3541 3093 in
3573 3039 3657 3094 eis

2006 3129 2315 3184 maneret?
2339 3129 2384 3200 (Ι
2406 3131 2562 3184 Joan.
2586 3145 2672 3192 Ill,
2701 3129 2808 3198 l7.)
2832 3129 2940 3182 Sed
2975 3128 3071 3183 isti
3103 3143 3220 3182 non
3244 3127 3434 3183 solum
3457 3127 3527 3181 de
3550 3144 3656 3182 suo

230 3217 713 3274 mercimonium.
748 3220 1006 3283 Quorum
1038 3217 1366 3288 persecutio
1402 3217 1634 3288 gravior
1661 3217 1892 3273 Christo
1925 3199 1968 3266 (ἶ
2011 3218 2160 3273 nihil
2193 3219 2356 3282 dant,
2392 3217 2474 3272 sel
2511 3222 2574 3271 ut
2604 3217 2742 3271 dent
2774 3217 2924 3288 quod
2951 3234 2984 3272 a
3023 3217 3138 3271 Deo
3171 3216 3355 3288 gratis
3394 3217 3655 3271 dandum

229 3310 323 3363 est
346 3322 528 3376 quam
550 3305 950 3377 quorumlibet
971 3322 1358 3378 paganorum,
1385 3305 1486 3376 qui
1527 3304 1762 3376 publica
1793 3323 1897 3362 sa?-

228 3395 382 3451 vitia
398 3398 455 3450 et
471 3393 829 3450 transitoriis
860 3393 1052 3466 plagis
1074 3394 1509 3450 debacchentur
1531 3395 1584 3448 id
1621 3394 1898 3450 Christia-

226 3500 365 3540 nos.
405 3499 582 3554 quam
615 3483 863 3538 istorum
898 3483 1018 3554 qui,
1052 3483 1280 3538 occulta
1311 3483 1897 3554 conspiratione,sub

238 3589 403 3646 agno
422 3572 582 3644 pacis
610 3571 1001 3643 sempiternas
1033 3575 1250 3626 mortes
1281 3572 1558 3626 inferunt.

305 3662 480 3727 Quod
517 3661 564 3716 si
597 3661 867 3716 Christus
916 3659 1136 3732 perpeti
1185 3661 1388 3730 nequit
1435 3662 1894 3732 persecutionem

230 3748 641 3806 membrorum
662 3747 1077 3818 suorum,quin
1101 3747 1171 3802 de
1195 3745 1331 3801 caelo
1352 3746 1525 3801 Saulo
1549 3763 1682 3802 eum
1727 3749 1889 3819 igno-

229 3837 482 3905 ranti,et
501 3837 692 3892 zelum
713 3837 806 3892 Dei
822 3835 1091 3907 quamvis
1115 3853 1229 3890 non
1246 3837 1565 3891 secundum
1587 3837 1894 3892 scientiam

223 3923 1191 3996 habenti,inclamaret,visumque
1217 3940 1588 3979 communem
1614 3927 1893 3991 auferret,

225 4016 372 4088 quid
401 4020 682 4086 putamus
728 4015 827 4069 ﬁet
852 4013 1002 4081 istis,
1038 4013 1139 4084 qui
1198 4014 1550 4068 conﬁtentur
1608 4031 1669 4068 se
1720 4031 1896 4070 nosse

227 4109 527 4170 Deum,et
566 4107 820 4159 rectores
846 4101 1110 4158 Ecclesiae
1156 4101 1363 4173 ipsius,
1415 4106 1472 4156 et
1519 4107 1714 4157 tamen
1774 4103 1896 4158 zelo

226 4191 916 4258 diabolicoinﬂammati,
960 4190 1211 4246 scienter
1259 4207 1373 4244 non
1396 4191 1674 4245 desinunt
1721 4191 1892 4244 innu-

233 4300 438 4340 meras
459 4281 726 4337 ﬁdelium
749 4281 980 4336 animas
1003 4279 1296 4352 persequi,
1327 4284 1382 4334 ct
1405 4278 1678 4350 jugulare
1699 4280 1726 4334 ?
1747 4281 1815 4335 Et
1844 4280 1893 4335 si

240 4371 464 4429 Saulus
488 4387 593 4443 pro
615 4369 897 4442 corporali
919 4369 1322 4440 persecutione
1345 4373 1507 4422 tanto
1531 4368 1751 4439 impetu
1775 4386 1894 4440 per-

241 4461 506 4525 cellitur,
525 4463 764 4530 quanto,
790 4463 982 4531 putas,
1013 4457 1108 4512 isti
1132 4473 1235 4528 pro
1263 4455 1555 4528 spirituali
1576 4457 1895 4527 percellun-

2011 3308 2194 3379 gratis
2226 3310 2589 3376 acceperunt,
2623 3306 2909 3361 infelicem
2944 3304 3274 3378 proximum
3305 3305 3475 3361 bonis
3531 3322 3654 3360 om-

2007 3396 2182 3451 nibus
2214 3395 2476 3467 corporis
2510 3399 2565 3450 et
2596 3395 2805 3448 animae
2839 3393 3115 3467 spoliant,
3150 3393 3233 3450 sic
3261 3399 3475 3468 contra
3520 3393 3656 3448 cha-

2011 3485 2242 3540 ritatem
2276 3484 2574 3546 obdurati,
2611 3487 2672 3537 ut
2703 3500 2807 3538 nec
2839 3500 2903 3538 os
2934 3483 3049 3539 Deo
3083 3482 3348 3555 aperiant
3377 3483 3658 3538 charitate

2009 3573 2169 3629 illius
2198 3573 2284 3627 vel
2320 3573 2591 3644 proximi,
2625 3572 2736 3627 nisi
2771 3573 3097 3628 interventu
3132 3572 3360 3627 nummi
3394 3572 3513 3627 dati
3571 3572 3657 3628 vel

2007 3662 2180 3734 pacti.
2218 3663 2308 3727 Et,
2343 3679 2374 3715 ο
2403 3666 2624 3733 quanto
2684 3662 2912 3732 pejores
2974 3660 3304 3716 latronibus
3363 3662 3658 3732 pessimis,

2006 3752 2106 3824 qui
2137 3751 2312 3806 simul
2346 3750 2604 3805 animam
2654 3765 2984 3820 corpusque
3045 3749 3288 3819 proximi
3350 3747 3654 3815 dilaniant,

2006 3857 2138 3895 cum
2174 3838 2271 3895 alii
2301 3839 2558 3893 latrones
2591 3838 2673 3891 sic
2705 3854 2917 3907 corpus
2949 3837 3216 3891 occidant
3272 3840 3337 3890 ut
3394 3835 3655 3891 animam

2010 3929 2273 3984 occidere
2304 3930 2617 3998 nequeant.
2652 3925 2889 3980 Constat
2920 3939 3056 3995 ergo
3087 3941 3184 3979 eos
3216 3924 3294 3979 nil
3353 3924 3656 3982 charitatis

2009 4017 2132 4081 Dei,
2165 4032 2340 4086 quem
2375 4032 2488 4068 non
2520 4013 2718 4067 vident
2749 4012 3091 4084 habere,qui
3122 4017 3242 4068 tam
3276 4014 3531 4085 pessime
3554 4031 3655 4070 no-

2011 4110 2151 4160 runt
2207 4103 2756 4175 proximum,quem
2788 4101 2990 4157 vident
3047 4102 3310 4174 diligere,
3372 4119 3548 4175 quem
3608 4103 3655 4160 si

2004 4193 2373 4263 aliquatenus
2428 4207 2532 4262 pro
2563 4195 2696 4256 Deo,
2734 4195 2792 4244 et
2849 4190 2909 4244 in
2971 4194 3083 4245 Deo
3144 4190 3471 4263 diligerent,
3524 4195 3651 4264 jam

2003 4281 2256 4336 hmretici
2284 4297 2395 4334 non
2419 4283 2636 4343 essent,
2671 4279 2806 4351 quia
2830 4281 3158 4335 necessario
3199 4285 3430 4335 tantum
3485 4287 3652 4337 rectm

2004 4370 2138 4425 ﬁdei
2154 4370 2257 4425 etsi
2276 4368 2529 4423 minima:
2548 4373 2831 4440 quantum
2850 4386 2995 4424 verm
3011 4368 3340 4424 dilectionis
3353 4369 3652 4424 haberent.

2074 4459 2180 4514 Sed
2216 4457 2492 4530 quoniam
2527 4462 2792 4512 neutram
2827 4458 3063 4522 habent,
3109 4457 3360 4511 hazretici
3386 4461 3442 4512 et
3489 4458 3650 4512 Anti-

237 4549 386 4606 tur?
411 4547 837 4618 Undeillejure
861 4546 1059 4602 amisit
1075 4547 1146 4602 ad
1173 4550 1406 4615 tempus
1441 4544 1642 4600 oculos
1693 4563 1895 4618 corpo-
1931 4564 1974 4628 ι)
2007 4547 2207 4603 christi
2232 4552 2372 4601 sunt
2403 4546 2498 4618 qui
2534 4547 2972 4618 negantJesum
3001 4545 3056 4598 in
3087 4561 3257 4598 carne
3277 4545 3657 4600 venisse.Cur

239 4639 320 4695 ris
348 4658 361 4706 ;
389 4637 489 4692 isti
504 4640 700 4692 autem
723 4636 1010 4700 cordis,ut
1030 4635 1305 4705 deinceps
1332 4633 1443 4706 ipsi
1466 4634 1595 4688 creci
1619 4635 1897 4690 duceseo-

243 4744 382 4783 rum
401 4727 593 4782 effecti
617 4743 750 4781 cum
773 4725 1127 4796 sequacibus
1149 4723 1358 4778 cadant
1380 4723 1438 4776 in
1473 4723 1692 4778 foveam
1741 4729 1897 4779 aeter-

241 4833 332 4872 naa
355 4813 837 4888 perditionis.0ui
862 4814 908 4868 si
932 4831 993 4870 se
1006 4828 1189 4869 emcos
1202 4817 1634 4884 cognoscerent,
1647 4813 1798 4868 sicut
1814 4814 1895 4868 ait

239 4905 537 4962 Dominus
559 4903 856 4959 similibus
877 4919 1101 4970 eorum,
1123 4906 1424 4973 peccatum
1452 4918 1563 4956 non
1591 4901 1890 4971 haberent,

239 4994 384 5066 quia
407 4993 635 5048 fructus
660 4992 869 5064 dignos
892 4990 1242 5064 pcenitentiae
1267 4990 1455 5045 facere
1477 4988 1712 5044 solliciti
1737 5007 1891 5061 qua»

239 5085 460 5137 rerent.
484 5081 650 5136 Nunc
671 5085 868 5136 autem
885 5079 1025 5151 quia
1060 5080 1282 5147 dicunt,
1335 5078 1641 5143 Videmus,
1693 5095 1893 5149 pecca-

239 5173 371 5226 tum
389 5186 593 5225 eorum
618 5174 817 5225 manet
841 5188 853 5226 :
880 5169 1100 5241 quibus
1120 5169 1190 5223 de
1212 5166 1346 5222 caelo
1388 5165 1674 5222 Dominus
1725 5167 1896 5222 toties

242 5257 484 5326 clamat,
506 5258 732 5330 quoties
754 5275 856 5330 per
881 5274 1087 5314 servos
1109 5273 1248 5312 suos
1267 5256 1326 5310 in
1371 5255 1588 5327 quibus
1636 5257 1803 5327 quasi
1837 5257 1894 5311 in

243 5346 408 5403 cmlis
436 5346 681 5414 habitat,
703 5347 921 5414 verbis,
947 5349 1282 5402 sanctarum
1305 5344 1532 5415 Scripta
1544 5361 1739 5398 rarum
1766 5361 1905 5416 pra:-

236 5435 643 5507 sumptionem
664 5435 901 5492 illorum
929 5436 1229 5506 increpat;
1266 5432 1365 5504 qui
1417 5433 1695 5504 quoniam
1745 5450 1898 5487 nunc

235 5541 360 5580 non
387 5524 652 5593 auditur,
680 5524 1058 5595 pgstmodum
1085 5522 1239 5578 sicut
1263 5521 1428 5577 fortis
1451 5525 1508 5575 et
1527 5527 1733 5592 potens
1753 5539 1786 5576 a
1809 5538 1896 5578 se-

238 5610 492 5668 cretario
515 5628 619 5668 suo
639 5613 709 5668 ad
730 5611 1032 5684 publicum
1056 5609 1381 5682 egredietur
1401 5613 1456 5665 ct
1477 5609 1628 5688 sicut
1647 5609 1733 5663 vir
1755 5627 1898 5681 pras-

2005 4637 2160 4692 enim
2183 4637 2356 4691 Jesus
2378 4635 2533 4690 venit
2557 4636 2613 4689 in
2640 4651 2834 4697 carne,
2859 4633 2969 4686 nisi
2990 4637 3072 4697 ut,
3098 4650 3164 4686 ex
3189 4633 3432 4688 diversis
3467 4633 3652 4706 quali-

2006 4726 2225 4780 tatibus
2248 4725 2552 4779 hominum
2575 4728 2750 4793 atque
2773 4740 2838 4776 ex
2859 4721 3137 4776 omnibus
3161 4721 3498 4778 nationibus
3520 4740 3654 4796 gen-

2007 4815 2303 4884 tium,per
2323 4812 2565 4866 nimiam
2590 4809 2930 4864 charitatem
2978 4826 3094 4880 qua
3142 4809 3339 4881 posuit
3385 4829 3488 4883 pro
3538 4811 3654 4866 illis

2005 4901 2262 4957 animam
2291 4914 2481 4960 suam,
2511 4895 2811 4950 exhiberet
2836 4894 2946 4950 sibi
2970 4895 3285 4967 gloriosam
3333 4897 3650 4954 Ecclesium

2005 5008 2121 5046 non
2142 4988 2450 5044 habentem
2476 4983 2765 5040 maculam
2790 4988 2889 5038 aut
2913 4985 3232 5057 rugam,vel
3257 4985 3481 5059 aliquid
3505 4989 3654 5058 ejus-

2005 5079 2160 5134 modi
2187 5076 2412 5150 (Ephes,
2439 5091 2512 5141 1v,
2537 5074 2648 5143 27),
2676 5071 2735 5126 in
2765 5089 2881 5144 qua
2903 5091 3020 5128 una
3037 5073 3312 5130 columba
3335 5093 3462 5144 sua,
3506 5075 3651 5130 ami-

2007 5184 2094 5232 ca,
2117 5181 2314 5221 sorore
2334 5167 2388 5220 et
2412 5178 2632 5234 sponsa
2657 5161 3042 5218 immaculata
3063 5165 3419 5234 quiescente,
3445 5163 3652 5216 imma-

2007 5255 2235 5311 culatus
2257 5254 2381 5324 ipse
2401 5252 2664 5322 Sponsus
2688 5249 3104 5320 requiesceret,
3124 5255 3302 5322 atque
3327 5250 3382 5304 in
3406 5266 3651 5321 regnan-

2008 5349 2065 5399 te
2087 5345 2373 5414 regnaret,
2395 5340 2593 5410 sicque
2615 5338 2892 5393 omnibus
2915 5338 3037 5392 suis
3063 5339 3118 5392 in
3143 5355 3203 5392 se
3228 5337 3357 5409 ipso
3381 5355 3494 5392 uno
3517 5354 3654 5393 con-

2010 5431 2344 5495 summatis,
2377 5427 2670 5498 unusipse
2689 5432 2834 5481 Deus
2862 5425 3136 5480 omniain
3152 5427 3596 5483 omnibusesset
3627 5428 3656 5482 ?

2010 5517 2382 5575 Cuimirabili
2409 5522 2466 5572 et
2489 5515 2861 5572 desiderabili
2888 5514 3218 5587 unioniprze
3235 5516 3456 5572 caatcris
3507 5517 3652 5572 invi»

2013 5606 2604 5673 dentetinsidiantur,
2623 5605 2718 5678 qui
2736 5603 3018 5677 Spiritum
3043 5609 3313 5660 sanctum
3339 5623 3454 5679 quo
3492 5611 3656 5662 tanta
