4106 6178
453 317 606 382 1115

1500 312 1914 379 HUMBERTI
1957 314 2021 377 S.
2068 315 2143 378 R.
2191 314 2264 378 E.
2310 314 2804 379 CARDINALIS.

3651 313 3774 378 llis

452 451 760 510 diversitas
783 450 1180 508 membrorum
1199 449 1308 506 sub
1331 465 1446 506 uno
1469 450 1679 524 capite,
1707 448 1935 507 Christo
1957 447 2094 505 irre—
2123 451 2178 518 Α
2205 451 2261 506 te
2295 446 2767 523 comparaverim,
2801 452 2858 506 et
2888 454 3024 504 tunc
3070 443 3296 504 videbis
3341 444 3506 504 talem
3558 450 3606 504 te
3655 465 3775 518 esse,

454 541 915 615 prehensibili,et
939 539 1510 612 incomprehensibili
1533 539 1954 612 compositione
1967 555 2093 594 coa-

454 629 1265 701 dunatur,compaginatur,et
1280 629 1751 695 unitur,vendere
1765 645 1879 683 non
1893 643 2091 682 veren-

453 722 702 794 tur.Ipse
724 720 1190 790 enim,tanquam
1212 719 1702 774 violentissimum
1726 722 1782 772 et
1803 717 2094 772 ferventis-

453 812 668 866 simum
699 809 1089 872 bitumen,aut
1110 807 1308 878 gluten
1331 807 1652 873 charilatis,
1677 824 1854 878 quam
1879 807 1936 860 in
1959 822 2092 861 san-

454 904 678 955 ctorum
706 898 980 953 COt‘dlbUS
1001 897 1296 963 diti'undit,
1333 913 1540 967 corpus
1563 895 1773 949 Christi
1791 912 1890 966 per
1913 911 2094 950 nexus

451 990 832 1060 etjuncturas
857 986 1838 1057 aptasformatum,etpraeparatum
1863 981 2096 1054 conglu-

451 1075 1023 1146 tinat,etconjungit,
1060 1090 1430 1144 crescereque
1479 1072 1690 1126 facitin
1710 1075 2093 1142 augmentum

451 1165 761 1231 Dei,ubiex
784 1165 1022 1218 diversa:
1037 1162 1417 1232 professionis
1442 1166 1498 1215 et
1515 1159 1976 1215 conversationis
1998 1159 2095 1214 ho-

454 1254 712 1309 minibus
736 1270 917 1307 unum
941 1267 1172 1322 corpus,
1196 1254 1253 1304 et
1297 1267 1480 1303 unum
1531 1249 1826 1320 spiritum,
1881 1264 2085 1302 secun-

450 1345 592 1398 dum
614 1342 996 1403 vocationem,
1020 1355 1134 1409 qua
1155 1338 1336 1391 vocati
1362 1343 1520 1404 sunt,
1549 1338 1603 1390 in
1633 1353 1747 1390 una
1773 1336 2088 1407 spcefticit.

451 1434 632 1496 Quem
656 1430 820 1493 dum,
845 1425 1491 1482 veluteflieaeissimum
1515 1425 1834 1497 glutinum,
1865 1425 2091 1480 fabrica:

451 1517 550 1572 Dei
575 1517 668 1571 isti
693 1514 949 1569 hzeretici
974 1515 1276 1585 subripere
1324 1519 1708 1586 praesumunt,
1768 1519 2016 1584 quantas
2037 1519 2093 1568 et

449 1621 625 1674 quam
651 1601 1015 1656 miserabiles
1039 1602 1240 1656 ruinas
1265 1602 1536 1656 faciunt?
1562 1604 1620 1655 In
1647 1601 1865 1672 quibus
1887 1619 1988 1656 seu
2031 1601 2090 1656 in

449 1689 1178 1765 parietinissolet,ni1jam
1231 1690 1552 1762 reperietur
1599 1691 1958 1757 ordinatum,
2011 1689 2091 1744 nil

446 1798 563 1836 non
587 1781 920 1835 confusum.
946 1779 1307 1849 Quibnsjam
1337 1778 1535 1834 nullus
1570 1779 1719 1834 inest
1750 1780 1939 1843 decor,
1978 1778 2088 1833 nisi
2121 1815 2168 1879 Β

450 1869 793 1936 urticarum,
818 1874 874 1923 et
896 1867 1159 1940 veprium
1180 1867 1446 1922 libidinis
1469 1867 1758 1935 videlicet,
1777 1871 1949 1938 atque
1968 1883 2092 1922 ava-

448 1957 591 2013 ritia:
615 1957 874 2030 squalor,
895 1962 952 2012 et
977 1955 1295 2028 serpentini
1321 1955 1549 2010 latibuli
1571 1955 1794 2012 horror.

1035 2063 1268 2117 CAPUT
1310 2061 1528 2116 XXXII.

450 2152 702 2222 Qualiter
731 2153 974 2207 haeretici
1002 2169 1036 2206 a
1077 2153 1183 2292 Ι)ῗο
1229 2153 1564 2233 fumigantes
1611 2152 1822 2221 faciant
1860 2155 1911 2206 et
1945 2151 2026 2205 ali
2049 2167 2093 2205 ’.ς

1149 2238 1413 2276 ornzcarz.

1149 2238 1413 2276 ornzcarz.

521 2314 661 2368 Ecce
692 2310 943 2382 qualiter
974 2310 1327 2365 fornicantes
1359 2327 1391 2364 a
1421 2309 1556 2375 Deo,
1581 2310 1879 2381 etprofani
1901 2311 2088 2366 Simo-

449 2400 599 2454 niaci
635 2398 929 2453 maculant
959 2403 1016 2453 et
1037 2400 1347 2453 destruunt
1370 2396 1528 2452 illam
1553 2396 1888 2469 gloriosam,
1913 2415 2090 2469 quam

450 2492 515 2543 ut
549 2487 672 2542 sine
723 2485 952 2541 macula
995 2491 1150 2542 esset
1199 2485 1467 2541 Christus
1522 2486 1828 2542 mundavit
1861 2485 2090 2542 lavacro

450 2593 610 2648 aqua:
633 2575 691 2631 in
710 2575 900 2642 verbo,
934 2580 990 2630 et
1012 2574 1217 2630 utsine
1239 2591 1384 2646 ruga
1422 2574 1746 2630 efﬁceretur
1768 2592 1944 2647 rugas
1964 2577 2091 2646 ejus

451 2667 508 2722 in
531 2663 1288 2736 crucisextenditpatibulo.
1323 2665 1530 2728 Quam,
1554 2680 1656 2735 pro
1687 2663 1849 2719 dolor
1874 2665 1883 2718 l
1936 2680 2090 2718 nunc

451 2755 1094 2828 impnnefornicatorcs
1143 2751 1627 2820 maculant,dum
1673 2751 1968 2807 lavacrum
2020 2752 2089 2807 il-

451 2844 647 2912 lius,et
668 2842 1245 2898 caeterasdivinorum
1273 2846 1770 2897 sacramentorum
1785 2842 2006 2913 species
2020 2843 2088 2896 ad

452 2932 911 2988 conservandum
942 2931 1212 2985 decorum
1238 2930 1348 2985 sibi
1375 2929 1603 2985 conlitus
1625 2947 1933 2986 concessas
1955 2947 2090 2985 con-

454 3021 610 3093 tagio
633 3037 750 3075 sua:
773 3019 1162 3074 immunditize
1186 3019 1603 3087 contaminant,
1629 3023 1685 3074 et
1705 3037 1808 3075 sua
1833 3019 2089 3092 negotia-

451 3111 923 3175 tioneevacuant,
951 3125 1098 3181 quas
1147 3108 1531 3164 nihilominus
1591 3108 2091 3180 corrugant,dum

2203 555 2334 612 quas
2357 539 2579 612 turpari
2615 555 2728 594 non
2761 537 2996 604 debeas,
3027 553 3162 592 cum
3196 541 3361 592 tuam
3420 536 3646 609 speciem
3673 554 3780 612 cog-

2204 628 2451 684 noveris.
2477 627 2622 694 Quid
2653 631 2740 684 est
2771 627 2978 701 igitur:
3015 649 3042 676 «
3077 625 3366 697 Equitatui
3402 642 3518 681 meo
3547 626 3598 681 in
3627 628 3775 682 curri-

2204 717 2313 772 bus
2333 717 2650 773 Pharaonis
2682 715 3000 772 assimilavi
3032 715 3124 771 te?
3153 740 3172 766 ι
3209 715 3338 770 Scio
3377 715 3610 783 equitem
3635 716 3783 788 Spon-

2203 823 2357 872 sum,
2393 806 2673 877 propheta
2701 806 2927 860 dicente
2960 822 2972 860 :
3008 827 3034 854 «
3073 804 3137 858 Et
3168 802 3442 874 equitatio
3463 803 3578 873 ejus
3599 803 3777 860 salus.»

2203 894 2543 950 Assimilata
2571 899 2658 950 est
2688 910 2822 966 ergo
2853 892 3136 965 equitatui
3167 908 3290 946 meo
3322 893 3375 944 in
3409 891 3653 947 curribus
3672 892 3784 948 Pha-

2205 983 2419 1038 raonis.
2453 983 2748 1046 Quantum
2780 982 2973 1036 diifert
3000 980 3293 1052 equitatus
3323 995 3501 1045 meus,
3534 980 3622 1052 qui
3675 999 3782 1037 sum

2205 1071 2508 1138 Dominus,
2543 1075 2598 1126 et
2629 1071 2901 1142 demergo
2935 1071 2993 1124 in
3034 1069 3309 1124 ﬂuctibus
3363 1068 3710 1132 Pharaonem,
3739 1072 3784 1123 et

2203 1160 2516 1217 cbristatos
2544 1161 2692 1231 ejus,
2752 1162 2807 1214 et
2855 1175 3216 1227 ascensores,
3286 1160 3341 1212 et
3394 1173 3562 1228 equos
3608 1157 3715 1226 ejus
3745 1162 3787 1212 et

2203 1266 2412 1305 currus
2443 1250 2591 1320 ejus,
2644 1251 2952 1319 quantum,
2985 1247 3251 1318 inquam,
3300 1244 3486 1300 dilI‘ert
3536 1245 3782 1316 equitatus

2203 1355 2369 1393 meus
2401 1337 2472 1392 ab
2503 1336 2671 1408 equis
2703 1335 3042 1401 Pharaonis,
3069 1340 3230 1390 tanto
3263 1333 3462 1388 melior
3483 1333 3785 1388 esomnibus

2201 1427 2435 1482 ﬁliabus
2463 1431 2547 1492 tu,
2581 1441 2817 1497 sponsa,
2850 1429 2914 1479 tu
2954 1422 3348 1479 ecclesiastica
3375 1421 3578 1485 anima,
3630 1420 3782 1474 omni-

2201 1516 2333 1583 bus,
2367 1514 2700 1580 animabus,
2726 1530 2852 1585 quaa
2885 1513 2932 1567 si
2967 1529 3081 1568 non
3115 1517 3254 1567 sunt
3271 1509 3670 1566 ecclesiasticae.
3694 1507 3783 1563 Ihi-

2201 1608 2296 1659 tur
2323 1603 2719 1658 ecclesiastica
2748 1619 2810 1658 es
2841 1602 3058 1669 anima,
3110 1600 3388 1656 omnibus
3444 1597 3717 1654 animabus
3738 1613 3785 1651 es

2201 1692 2426 1760 melior,
2461 1692 2509 1747 si
2545 1709 2659 1746 non
2690 1708 2750 1746 es
2784 1689 3010 1758 melior,
3044 1706 3162 1744 non
3193 1706 3257 1744 es
3289 1685 3672 1744 ecclesiastica.

2271 1782 2395 1844 Qua
2425 1781 2495 1835 de
2522 1797 2603 1846 re,
2635 1779 2727 1834 hei
2761 1778 2903 1833 mihi
2939 1779 2952 1834 l
2987 1783 3277 1850 quantum
3309 1793 3520 1842 vereor,
3552 1791 3613 1830 ne
3648 1775 3784 1844 juxta

2201 1869 2351 1925 hanc
2382 1874 2502 1924 tam
2536 1868 2844 1941 prudentis
2872 1867 2979 1922 viri
3032 1865 3408 1930 sententiam,
3441 1879 3666 1935 sponsus
3711 1859 3786 1915 ille

2201 1957 2451 2014 caelestis
2480 1973 2708 2029 sponsae
2740 1973 2883 2023 suae,
2911 1954 3134 2011 scilicet
3163 1957 3378 2010 nostris
3409 1950 3776 2013 catholicam-

2201 2047 2505 2120 pudenter,
2531 2049 2596 2100 ut
2617 2046 2741 2116 jam
2774 2045 2915 2110 dixi,
2950 2061 3052 2116 per
3091 2043 3495 2098 haereticorum
3557 2038 3776 2094 mandras

2199 2135 2432 2208 vaganti
2464 2133 2842 2189 exacerbatus
2873 2133 2970 2188 det
2994 2130 3262 2187 libellum
3298 2129 3547 2203 repudii,
3574 2129 3713 2199 eique
3729 2126 3787 2179 ir-

2203 2223 2602 2279 revocabiliter
2628 2222 2828 2278 dicat:
2857 2244 2884 2272 «
2914 2221 3220 2294 Egredere,
3281 2225 3340 2276 et
3367 2219 3459 2274 abi
3490 2220 3605 2290 post
3651 2214 3788 2270 vesti-

2200 2312 2297 2385 gia
2325 2329 2589 2384 gregum,
2621 2315 2676 2366 et
2702 2328 2875 2383 pasce
2906 2311 3105 2366 haedos
3137 2313 3276 2364 tuos
3301 2310 3473 2380 juxta
3499 2307 3791 2361 tabernacu-

2200 2400 2257 2456 Ia
2279 2405 2579 2473 pastorum
2609 2402 2790 2473 (Cant.
2813 2418 2849 2467 1,
2877 2401 2933 2466 7)
2957 2420 2982 2447 ι)
3007 2398 3100 2454 Sic
3125 2397 3285 2453 enim
3319 2414 3381 2453 se
3401 2397 3645 2469 ignorare
3667 2391 3791 2447 vide-

2201 2494 2316 2557 tnr,
2339 2495 2405 2544 ut
2427 2489 2690 2561 profanis
2724 2488 3061 2561 pastoribus
3107 2503 3209 2558 per
3237 2486 3407 2542 devia
3453 2485 3729 2547 adhaerere,
3753 2484 3797 2534 et

2202 2579 2550 2634 commorari
2586 2595 2700 2632 non
2732 2581 3018 2644 vereatur,
3045 2575 3145 2648 qui
3179 2575 3264 2630 nil
3301 2575 3413 2631 nisi
3435 2574 3612 2628 haedos
3639 2584 3797 2642 pasce-

2202 2683 2261 2722 re
2288 2670 2630 2733 noscuntur,
2663 2666 2734 2720 de
2767 2665 2984 2736 quibus
3029 2664 3206 2720 etiam
3271 2663 3642 2737 negotiantur.
3669 2656 3798 2713 Unde

2201 2771 2572 2828 summopere
2603 2755 2922 2810 cavendum
2957 2769 3029 2810 ne
3059 2753 3369 2808 haedorum
3399 2749 3622 2807 lascivia
3647 2746 3799 2801 hirco-

2202 2861 2450 2916 rumque
2484 2842 2804 2916 petulantia
2829 2843 3068 2898 castitas
3098 2842 3228 2913 ejus
3249 2859 3324 2898 ex
3354 2839 3676 2897 assiduitate
3725 2851 3798 2889 co-

2201 2932 2581 2988 habitationis
2611 2931 2988 3004 periclitetur,
3015 2930 3236 3002 sicque,
3266 2929 3544 2986 adulteris
3563 2924 3799 2999 paulatim

2203 3022 2261 3076 in
2294 3021 2493 3094 sponsi
2527 3019 2704 3076 cubili
2735 3019 3034 3088 admissis,
3067 3036 3258 3091 usque
3291 3019 3365 3075 ad
3395 3018 3654 3074 verticem
3691 3028 3799 3068 con-

2203 3114 2525 3182 stupratur,
2558 3125 2662 3164 nec
2689 3109 2814 3180 jam
2846 3111 3048 3180 pascat
3094 3124 3301 3180 agnos.
3333 3102 3725 3164 Consentiendo
3759 3103 3803 3152 et

453 3198 780 3270 simplicem
798 3198 926 3270 ejus
977 3180 1381 3265 intentionem,
1424 3197 1580 3252 velut
1602 3196 1846 3252 nitidam
1899 3202 2091 3252 cutem
2125 3180 2168 3246 (ἶ
2205 3180 2692 3256 communicando
2725 3195 3009 3252 haereticis
3039 3195 3236 3251 haedos
3268 3197 3343 3251 ad
3399 3195 3680 3251 sinistram
3718 3203 3801 3261 po-

453 3285 792 3358 duplicitate
813 3303 930 3341 sum
952 3285 1242 3340 callidatis
1262 3287 1667 3358 deturpant,ut
1688 3286 1894 3341 merito
1908 3286 2092 3356 Spon-

453 3374 1024 3445 susille,«speciosus
1039 3374 1224 3429 forma
1238 3391 1350 3445 pra:
1364 3374 1420 3427 fil
1433 3374 1500 3428 iis
1516 3374 2094 3442 hominum(Ps.xuv,

452 3463 960 3535 3),»comminetur
982 3462 1117 3516 huic
1141 3462 1586 3533 speciosissima:
1611 3479 1836 3534 sponsa:
1855 3479 2096 3530 suaz,cuc

445 3553 548 3621 jus
565 3568 742 3623 super
764 3551 961 3605 omnia
987 3551 1176 3621 specie
1198 3550 1622 3617 delectatur,ne
1638 3551 1831 3623 vagari
1856 3551 2097 3623 incipiat

452 3657 554 3712 per
575 3656 811 3713 gregem
836 3638 1126 3694 sodalium
1148 3641 1276 3709 ejus
1296 3638 1476 3709 (Cant.
1502 3657 1540 3705 1,
1563 3640 1640 3709 6),
1692 3639 2094 3694 haareticorum

454 3728 699 3799 scilicet,
725 3728 823 3800 qui
847 3744 1081 3800 gregem
1100 3727 1401 3783 liadorum
1430 3743 1669 3783 suorum
1703 3729 2014 3799 pascendo,
2031 3745 2095 3783 se

451 3817 670 3872 amicos
688 3817 889 3888 sponsi
914 3817 1699 3888 mentiuntur,sponsamque
1718 3833 1829 3872 non
1855 3833 2092 3888 sponso,

452 3907 550 3961 sed
575 3905 684 3961 sibi
708 3905 1091 3973 zelantes,nil
1140 3905 1250 3961 nisi
1304 3905 1661 3961 adulterium
1713 3905 2092 3960 meditantur.

452 3993 819 4062 Unde,juxta
842 3995 1260 4065 expositionem
1287 3995 1437 4050 beati
1467 3996 1816 4068 Hieronymi,
1841 4011 2094 4067 sponsus

451 4082 638 4136 cidem
663 4099 889 4151 sponsae
911 4082 969 4136 in
997 4084 1249 4138 Canticis
1271 4084 1634 4138 canticorum
1677 4085 2093 4154 comminatur,

451 4173 508 4224 ct
530 4169 702 4224 dicit:
737 4174 838 4223 aut
869 4186 1152 4242 cognosce
1183 4172 1559 4243 temetipsam
1592 4173 1868 4243 quoniam
1924 4173 2095 4244 Regis

451 4275 513 4314 es
545 4275 762 4330 sponsa
793 4263 850 4314 et
883 4259 1161 4327 formosa,
1195 4264 1250 4314 et
1283 4277 1316 4314 a
1345 4277 1436 4314 me
1499 4261 1648 4314 facta
1708 4262 1982 4327 formosa,
2016 4261 2094 4317 si-

453 4348 689 4420 quidem
740 4364 844 4420 ego
904 4348 1047 4403 mihi
1109 4347 1343 4404 exhibui
1403 4347 1718 4420 gloriosam
1778 4350 2092 4406 Ecclesiam

453 4453 567 4493 non
599 4437 910 4492 habentem
945 4437 1257 4505 maculam,
1285 4454 1473 4508 neque
1507 4455 1710 4510 rugam
1749 4457 1761 4506 ;
1796 4444 1896 4494 aut
1925 4439 2092 4506 scito,

2206 3289 2448 3354 nendos,
2471 3303 2540 3342 ex
2572 3286 2788 3358 quibus
2817 3285 3051 3340 interim
3083 3283 3431 3340 adolescunt
3471 3284 3734 3343 ductores,
3759 3279 3803 3330 et

2205 3381 2400 3450 patres
2431 3392 2634 3430 eorum
2667 3373 2880 3446 petulci
2913 3373 3081 3442 hirci,
3117 3377 3275 3428 sorte
3334 3368 3650 3446 perventuri
3691 3381 3797 3421 cum

2206 3465 2412 3521 multis
2440 3463 2973 3529 maledictionibus,
3007 3465 3064 3517 et
3091 3461 3274 3516 totius
3318 3460 3518 3534 populi
3573 3450 3800 3514 catholici

2205 3553 2457 3626 peccatis
2488 3552 2683 3623 capiti,
2712 3555 2770 3607 et
2797 3549 2972 3606 fronti
3002 3566 3204 3606 eorum
3228 3548 3607 3622 imprecantis
3623 3545 3683 3601 ad
3701 3557 3799 3615 par-

2206 3647 2321 3698 tem
2353 3640 2566 3697 diaboli
2597 3659 2632 3695 a
2668 3641 2778 3695 Deo
2802 3639 3038 3703 deserti,
3069 3637 3128 3692 in
3161 3639 3338 3708 cujus
3363 3638 3586 3693 inferno
3639 3630 3794 3688 nullus

2204 3735 2293 3787 est
2321 3730 2421 3802 qui
2447 3729 2794 3784 conﬁteatur
2825 3726 3069 3782 Domino
3098 3727 3270 3798 (Psal.
3305 3744 3384 3791 v1,
3416 3727 3491 3799 6).
3550 3719 3802 3793 Accipient

2203 3836 2339 3892 ergo
2370 3835 2503 3874 cum
2534 3817 2718 3872 haedis
2749 3817 2874 3872 suis
2893 3819 3129 3879 sortem,
3153 3815 3458 3870 desertum
3501 3805 3806 3869 maledictio-

2206 3909 2317 3976 nis,
2351 3908 2450 3980 qui
2483 3907 2822 3978 refugerunt
2860 3903 3161 3977 possidere
3191 3908 3415 3958 sortem
3449 3903 3559 3959 sibi
3587 3898 3806 3980 assignaf

2207 4003 2349 4064 tam,
2372 3979 2726 4070 paradisum
2759 3992 3202 4050 benedictionis.
3230 3991 3404 4048 Fient
3432 3991 3614 4048 clerus
3637 3979 3812 4070 diaboli

2204 4091 2261 4143 et
2279 4069 2577 4159 synagoga
2608 4085 2860 4150 Satanae,
2895 4081 3037 4153 quia
3066 4086 3432 4136 recusarunt
3487 4079 3690 4135 clerum
3732 4069 3810 4126 Dei

2205 4180 2262 4232 et
2292 4173 2559 4230 Ecclesiae
2592 4187 2739 4228 esse.
2774 4170 2936 4236 Quod
2967 4170 3431 4241 incomparabile
3463 4167 3672 4224 malum
3699 4161 3811 4216 dum

2204 4263 2513 4338 vigilanter
2542 4278 2658 4317 non
2689 4264 2942 4324 cavetur,
2976 4261 3171 4314 tantos
3229 4258 3362 4314 sine
3425 4251 3812 4313 intermissione

2206 4355 2380 4410 iufert
2408 4350 2674 4407 Ecclesia:
2707 4349 2808 4404 Dei
2839 4348 3122 4415 defectus,
3160 4352 3224 4402 ut
3251 4347 3417 4404 velut
3445 4347 3584 4404 luna
3614 4343 3666 4398 in
3688 4353 3814 4396 men-

2207 4447 2368 4499 struo
2392 4457 2496 4496 seu
2529 4437 2865 4505 interlunio,
2899 4435 3166 4508 quamvis
3197 4437 3429 4510 integra
3460 4435 3552 4500 sit,
3583 4435 3677 4488 aut
3726 4424 3814 4481 mi-

457 4525 594 4597 quia
625 4526 672 4582 si
706 4531 760 4581 te
791 4544 906 4581 non
939 4528 1300 4597 cognoveris,
1333 4533 1389 4582 et
1423 4532 1586 4581 tuam
1638 4528 1950 4583 nesciveris
2007 4529 2094 4583 di-
2131 4547 2176 4611 Β
2210 4533 2389 4599 nima,
2423 4535 2524 4586 aut
2555 4527 2715 4584 nulla
2743 4527 3026 4582 videatur.
3061 4525 3222 4590 Quod
3256 4527 3311 4582 ei
3357 4525 3570 4581 idcirco
3619 4512 3812 4576 accidit,

457 4615 764 4686 gnitatcm,
798 4615 1036 4686 patieris
1077 4615 1198 4671 haec
1229 4632 1357 4687 qua:
1417 4621 1762 4687 sequuntur.
1826 4617 2100 4681 Quaenam
2132 4609 2164 4611 _
2211 4621 2351 4694 quia
2379 4636 2440 4676 se
2473 4619 2741 4690 ignorare
2773 4615 2948 4672 etiam
2979 4619 3244 4686 correpta
3273 4620 3334 4671 et
3364 4609 3814 4670 commonitanon

454 4703 568 4758 ista
595 4708 734 4757 sunt
762 4703 790 4758 ?
821 4703 878 4758 Si
912 4721 1025 4760 non
1063 4705 1400 4777 cognoveris
1459 4704 1853 4777 temetipsum,
1887 4723 1918 4761 o
1968 4705 2098 4778 pul-

453 4791 593 4846 chra
623 4791 680 4844 in
717 4790 1085 4859 mulieribus,
1139 4794 1410 4865 egredere
1442 4797 1500 4848 tu
1535 4793 1595 4847 in
1655 4793 1916 4865 vestigiis
1973 4811 2098 4866 gre-

457 4895 623 4950 gum,
659 4882 715 4932 et
743 4895 916 4950 pasce
946 4880 1144 4935 haedos
1175 4887 1307 4936 tuos
1349 4882 1746 4938 tabernaculis
1778 4887 2099 4954 pastorum,

453 4971 512 5022 et
543 4982 747 5038 pasces
779 4983 892 5021 non
926 4984 1132 5039 greges
1163 4970 1380 5036 ovium,
1406 4987 1521 5026 non
1547 4972 1961 5043 agnorum,sed
1985 4971 2100 5027 ha:-

455 5056 560 5111 dos
582 5058 715 5110 tuos
735 5055 918 5126 (Ibid.,
941 5058 1015 5128 7).
1040 5058 1254 5113 Statuit
1279 5059 1494 5131 quippe
1511 5075 1646 5115 oves
1669 5077 1703 5114 a
1733 5060 1970 5127 dextris,
1997 5067 2053 5116 et
2069 5077 2103 5115 a

456 5144 720 5200 sinistris
747 5144 964 5201 haedos.
993 5147 1053 5200 In
1087 5146 1899 5220 vestigiis,inquit,pastorum
1919 5148 2104 5204 novis-

458 5233 610 5290 sima
632 5235 756 5301 fies,
777 5251 890 5289 non
926 5234 1076 5289 inter
1126 5251 1282 5301 oves,
1345 5237 1445 5292 scd
1497 5236 1650 5291 inter
1704 5236 1899 5292 hmdos
1946 5242 2100 5304 tuos,

459 5338 594 5376 cum
628 5323 842 5392 quibus
873 5323 1167 5392 habitans,
1204 5343 1316 5379 non
1352 5325 1566 5398 poteris
1610 5342 1868 5392 mecum,
1900 5325 1957 5380 id
2015 5332 2105 5382 est

458 5426 591 5464 cum
625 5409 775 5464 bono
798 5427 926 5466 esse
953 5416 1211 5469 Pastore.
1233 5438 1258 5464 «
1277 5414 1574 5486 Equitatui
1602 5431 1729 5468 meo
1751 5413 1807 5467 in
1835 5416 2105 5471 curribus

458 5497 782 5552 Pharaonis
815 5500 1130 5556 assimiluvi
1152 5508 1204 5557 te
1227 5504 1409 5575 (Ibid.,
1434 5505 1487 5572 8)
1508 5525 1533 5551 ι»
1561 5502 1617 5556 Si
1643 5501 1728 5556 vis
1762 5501 2103 5575 intelligere,

453 5603 485 5641 ο
517 5601 751 5658 sponsa,
785 5589 1076 5658 quomodo
1109 5591 1257 5647 scire
1289 5595 1342 5646 te
1395 5593 1628 5660 debeas,
1663 5606 1947 5662 cognosce
2006 5595 2100 5650 cui

2209 4693 2523 4766 erubescit.
2558 4706 2720 4762 Unde
2754 4705 2906 4774 justo
2939 4703 3034 4759 Dei
3056 4702 3304 4774 judicio,
3337 4720 3466 4775 quae
3496 4717 3556 4756 se
3603 4693 3814 4770 ignorat.

2211 4799 2353 4854 adeo
2377 4803 2436 4853 et
2465 4795 2591 4852 suis
2624 4795 2946 4866 ignoratur,
2980 4795 3042 4847 ut
3081 4792 3207 4863 jam
3258 4809 3293 4847 a
3348 4791 3618 4864 pluribus
3665 4799 3730 4840 an
3757 4777 3819 4834 sit

2212 4887 2410 4960 aliqua
2442 4884 2762 4941 dubitetur.

2769 4987 3004 5044 CAPUT
3046 4987 3294 5043 XXXIII.

2408 5083 2482 5137 De
2509 5080 2877 5136 diminutione
2905 5077 3176 5142 Ecclesiae,
3207 5085 3259 5132 et
3285 5077 3656 5133 haereticorum

2803 5148 3283 5220 multiplicatione.

2282 5242 2375 5297 Sic
2400 5237 2760 5296 invisceratis
2792 5236 2904 5292 sibi
2931 5219 3250 5293 mortiferis
3280 5230 3722 5292 humanioribus
3747 5219 3820 5277 Si-

2215 5331 2492 5388 moniacaa
2520 5329 2827 5392 haereseos,
2862 5335 3065 5398 pectus
3088 5324 3394 5382 catholica;
3434 5319 3727 5397 premitur,
3754 5309 3819 5366 sic

2215 5415 2502 5476 sententia
2530 5414 2690 5470 illius
2720 5417 3013 5486 gravatur,
3047 5411 3131 5468 sic
3162 5413 3443 5468 intestino
3473 5399 3818 5486 etdomestico

2215 5505 2374 5561 illius
2406 5504 2556 5561 bello
2587 5485 2966 5558 confunditur
2993 5505 3048 5556 et
3079 5502 3355 5558 atteritur
3390 5505 3457 5557 ut
3487 5510 3694 5572 sponsa
3740 5485 3819 5544 illa

2216 5594 2310 5652 vix
2339 5593 2580 5652 semivia
2603 5594 2728 5664 jam
2759 5595 3087 5649 extremum
3144 5589 3386 5664 palpitet
3442 5605 3530 5658 ac,
3580 5582 3721 5641 velut
3741 5592 3816 5632 ca-
