4106 6178
282 311 440 391 ll"

819 314 1238 385 ADVERSUS
1282 318 1757 386 SIMONIACOS
1801 316 2009 386 LIBRI
2052 317 2279 381 TRES.
2310 347 2391 366 —
2418 317 2644 382 LIBER
2694 316 3124 387 SECUNDUS.

3525 290 3687 392 {iis

281 447 599 525 pacissima
624 443 790 509 navis
820 468 953 510 mox
980 453 1392 526 demergenda,
1420 454 1654 512 tabulas
1678 456 1801 527 jam
1835 472 1928 512 so-
1959 452 2015 521 Α
2042 451 2318 526 gotiando
2349 468 2477 509 eam
2509 456 2565 509 et
2596 453 2881 527 quidquid
2913 452 3076 512 illius
3102 458 3190 512 est
3215 471 3361 529 pene
3408 459 3478 516 ad
3528 461 3683 518 nihi-

281 543 489 597 nantes
520 539 698 607 laxet,
729 541 837 610 vel,
872 544 1024 598 sicut
1057 542 1341 616 populosa
1379 545 1675 616 quondam
1726 545 1929 601 civitas

280 645 314 686 a
341 646 469 686 sese
494 628 841 703 impugnata
863 635 920 686 et
948 633 1542 704 expugnata,tandem
1576 632 1803 689 laboret
1819 634 1932 688 vix-

278 735 394 792 que
424 717 674 789 alicujus
703 734 943 774 suorum
967 720 1218 775 salutem
1251 723 1774 794 spcret.Qum,quia
1804 739 1927 778 mo-

278 797 409 863 dica
457 807 701 878 spernit,
750 808 1029 880 paulatim
1081 809 1296 864 decidit
1342 812 1530 878 (Eccli.
1575 829 1692 878 XIX,
1728 812 1827 881 1.),
1859 812 1929 866 ad

275 895 388 973 hoc
418 898 484 951 ut
503 896 628 966 jam
664 912 808 967 pene
838 896 1064 969 ignoret
1113 896 1208 952 ubi
1261 897 1338 953 sit
1386 902 1441 953 et
1474 900 1646 971 cujus
1675 900 1771 970 sit,
1808 898 1931 955 solo

276 984 396 1041 Deo
424 983 576 1039 inter
599 987 684 1040 tot
706 984 890 1040 millia
910 986 1277 1041 venditorum
1309 990 1365 1042 et
1394 992 1727 1059 emptorum
1750 989 1933 1061 pessi-

277 1088 513 1128 morum
547 1076 928 1145 cognoscente
961 1074 1060 1146 qui
1094 1074 1221 1145 ejus
1253 1074 1393 1144 sint,
1427 1077 1641 1148 quibus
1674 1077 1932 1150 quotidie

276 1159 493 1216 blande
513 1162 570 1215 et
599 1160 967 1216 familiariter
999 1162 1056 1217 in
1089 1179 1228 1218 aure
1260 1164 1453 1219 cordis
1482 1164 1675 1237 inquit
1705 1184 1717 1221 :
1755 1188 1782 1217 ‹‹
1816 1166 1928 1221 Νο-

275 1247 377 1304 lite
408 1250 635 1315 timere,
686 1249 936 1321 pusillus
985 1267 1145 1323 grex,
1197 1251 1336 1323 quia
1382 1254 1738 1326 complacuit
1776 1254 1931 1309 Patri

275 1340 473 1393 vestro
504 1337 641 1393 dare
670 1338 835 1394 vobis
858 1355 1136 1412 regnum;
1169 1341 1396 1397 vendite
1429 1359 1556 1413 quae
1597 1343 1930 1415 possidetis,

279 1428 338 1481 et
386 1426 520 1480 date
563 1424 1014 1500 elee‘nosynam.
1072 1428 1261 1483 Facite
1308 1430 1472 1486 vobis
1507 1431 1790 1497 sacculos,
1833 1430 1934 1504 qui

280 1530 400 1570 non
431 1515 1166 1587 veterascunt,thesaurum
1197 1533 1312 1571 non
1337 1518 1702 1575 deficientem
1732 1519 1789 1575 in
1822 1538 1934 1575 ca:-

278 1601 378 1669 lis,
413 1619 526 1676 quo
553 1603 649 1659 fur
673 1621 788 1660 non
823 1605 1149 1678 appropiat,
1183 1621 1371 1677 neque
1401 1608 1559 1662 tinea
1590 1609 1931 1680 corrumpit.

276 1691 390 1748 Ubi
421 1691 578 1747 enim
608 1692 923 1749 thesaurus
952 1698 1143 1749 vester
1172 1697 1279 1760 est,
1313 1694 1394 1750 ibi
1444 1700 1496 1751 et
1548 1713 1647 1752 cor
1675 1702 1934 1753 vestrum

277 1780 391 1837 erit
420 1781 571 1852 (Luc.
607 1798 708 1849 xu,
741 1783 831 1850 32,
863 1782 976 1854 3’1).
1029 1783 1160 1850 Sed,
1214 1800 1246 1839 ο
1294 1783 1456 1851 Jesu,
1510 1790 1715 1842 Pastor
1763 1788 1932 1859 bone,

282 1885 462 1942 quam
486 1870 774 1942 pauculus
789 1875 1029 1944 apparet
1050 1888 1206 1927 nunc
1229 1872 1477 1929 istorum
1507 1891 1792 1947 agnorum
1813 1880 1940 1931 tuo-

277 1974 415 2013 rum
445 1974 729 2015 numerus
760 1959 914 2015 inter
940 1959 1243 2016 haedorum
1275 1961 1672 2019 innumerales
1717 1965 1941 2020 coetus?

278 2048 361 2102 Ita
388 2046 515 2118 jam
548 2051 858 2119 superatus
890 2047 1232 2104 lenissimus
1250 2053 1389 2106 tuus
1410 2052 1591 2108 Jacob
1615 2053 1686 2107 ab
1706 2052 1937 2125 hispido

277 2138 338 2191 et
366 2134 598 2191 hirsuto
615 2136 788 2192 fratre
807 2136 1149 2202 ulterino,ut
1171 2141 1499 2195 secundum
1520 2141 1731 2197 Isaiam
1754 2141 1937 2197 hzedis

275 2223 593 2297 pascendis
621 2241 827 2297 vepres
857 2230 914 2281 et
953 2226 1136 2299 spinas
1187 2227 1309 2283 sint
1354 2228 1411 2283 in
1466 2229 1628 2284 omni
1675 2234 1849 2294 terra,
1881 2234 1935 2285 et

276 2311 552 2386 pauculis
583 2312 828 2386 agnellis
856 2313 948 2369 vix
979 2314 1179 2387 aliqua
1207 2316 1506 2388 supersint
1536 2333 1772 2388 pascua.
1792 2318 1937 2373 Vere

278 2401 450 2457 adest
470 2400 640 2457 nobis
680 2402 803 2458 dies
853 2402 954 2458 illa
985 2403 1058 2459 ab
1110 2404 1313 2460 eodem
1344 2409 1470 2460 vate
1500 2404 1584 2461 sic
1615 2406 1888 2477 praedicta
1920 2422 1934 2462 :

276 2512 308 2541 «
342 2490 413 2545 Et
444 2490 555 2546 erit
600 2490 661 2545 in
709 2490 802 2545 die
848 2490 970 2558 illa,
1003 2492 1402 2547 attenuabitur
1431 2492 1617 2565 gloria
1643 2494 1845 2563 Jacob,
1880 2499 1934 2550 et

274 2578 535 2652 pingues
563 2594 769 2634 carnes
798 2580 925 2650 ejus
958 2585 1352 2647 marcescant;
1386 2586 1441 2636 et
1472 2581 1582 2636 erit
1611 2581 1763 2637 sicut
1793 2599 1933 2638 con-

272 2684 532 2742 gregans
563 2667 621 2722 in
657 2684 847 2723 messe
888 2667 990 2740 qui
1044 2668 1321 2724 restiterit
1370 2673 1425 2723 et
1467 2669 1771 2725 brachium
1807 2672 1935 2741 ejus

272 2755 477 2828 spicas
506 2755 679 2829 leget.
716 2757 785 2811 Et
811 2756 922 2812 erit
950 2756 1107 2812 sicut
1132 2774 1400 2829 quaerens
1439 2758 1632 2829 spicas
1678 2758 1739 2813 in
1787 2758 1935 2815 valle

273 2843 595 2916 Raphaim,
626 2848 683 2899 et
711 2844 1074 2917 relinquetur
1120 2843 1180 2899 in
1236 2862 1302 2900 eo
1352 2845 1504 2901 sicut
1545 2863 1833 2917 racemus,
1879 2852 1936 2904 et

271 2932 432 2988 sicut
461 2932 732 2988 excussio
763 2932 901 2988 oleae
934 2933 1182 2988 duarum
1216 2938 1319 2989 aut
1348 2934 1525 2988 trium
1558 2933 1841 2993 olivarum
1874 2936 1933 2990 in

272 3021 623 3077 summitate
653 3021 823 3089 rami,
858 3022 977 3077 sive
1008 3025 1261 3094 quatuor
1291 3026 1392 3078 aut
1422 3022 1684 3095 quinque
1732 3024 1791 3078 in
1840 3041 1931 3080 ca-

272 3108 624 3167 cuminibus
670 3110 819 3180 ejus,
870 3109 1012 3165 dicit
1052 3109 1338 3166 Dominus
1388 3110 1563 3166 Israel
1624 3113 1748 3184 (Isa.
1794 3130 1930 3180 xvn,

2040 541 2184 606 lum,
2220 546 2504 614 quantum
2538 543 2596 598 in
2628 543 2713 599 cis
2744 547 2853 611 est,
2889 543 3255 617 redigunt.Et
3281 552 3433 604 certe
3460 548 3681 619 Ariani,

2040 630 2307 702 quamvis
2329 630 2541 686 Filium
2573 636 2629 687 et
2659 632 2941 703 Spiritum
2966 638 3233 689 sanctum
3264 635 3546 693 minorem
3570 639 3685 695 Deo

2040 719 2225 785 Patre,
2262 723 2319 774 et
2364 724 2688 775 creaturam
2742 737 3007 792 perverse
3063 722 3278 791 dicant,
3326 740 3439 779 non
3491 730 3686 781 tamen

2040 806 2384 863 utrumlibet
2414 808 2657 863 vendere
2691 825 2753 863 se
2784 826 2953 881 porro
2986 809 3413 883 aestimant,qui
3448 829 3552 868 nec
3575 814 3687 886 ipsi

2038 896 2457 959 Macedoniani,
2481 896 2748 968 quamvis
2778 896 3060 969 Spiritum
3092 903 3361 955 sanctum
3396 902 3682 958 minorem

2039 986 2209 1040 Patre
2256 989 2312 1040 et
2359 985 2522 1051 Filio,
2576 989 2749 1056 atque
2798 990 3120 1041 creaturam
3176 988 3431 1059 maligne
3468 991 3685 1047 dicant.

2041 1074 2151 1129 Sed
2185 1090 2288 1129 nec
2321 1074 2697 1147 Catapbrygze
2744 1074 2878 1130 licet
2927 1080 3195 1130 asserant
3235 1077 3516 1149 Spiritum
3551 1096 3686 1134 san-

2042 1165 2199 1218 ctum
2235 1162 2290 1216 in
2323 1162 2687 1228 Montanum,
2722 1179 2840 1217 suae
2874 1172 3037 1219 secta:
3086 1169 3377 1220 auctorem
3408 1168 3685 1222 substan-

2041 1250 2275 1315 tialitcr,
2324 1250 2571 1305 venisse.
2607 1250 2733 1314 Qua
2778 1252 2849 1306 de
2897 1269 2956 1307 re
3015 1252 3139 1308 sola
3191 1253 3403 1310 clarius
3461 1260 3691 1312 constat

2043 1339 2406 1395 Simoniacos
2438 1339 2570 1411 plus
2601 1340 2876 1395 omnibus
2906 1340 2996 1395 his
3030 1357 3241 1413 negare
3290 1342 3585 1398 Christum
3628 1346 3687 1399 in

2043 1444 2215 1483 carne
2240 1429 2487 1495 venisse,
2520 1428 2617 1499 qui
2652 1444 2749 1484 ore
2796 1429 3030 1500 quidem
3080 1430 3362 1500 Spiritum
3416 1436 3684 1487 sanctum

2043 1516 2196 1572 Patri
2229 1522 2284 1572 et
2318 1516 2456 1572 Filio
2489 1534 2591 1588 per
2620 1516 2819 1572 omnia
2846 1517 3200 1589 coaequalem
3238 1518 3460 1586 dicunt,
3516 1537 3689 1593 quem

2041 1608 2237 1661 tamen
2258 1605 2518 1678 quotidie
2548 1606 2794 1661 vendere
2810 1622 2870 1661 se
2885 1622 3057 1678 posse
3088 1607 3333 1662 credunt
3364 1607 3421 1661 in
3446 1624 3512 1663 eo
3535 1609 3690 1680 quod

2041 1693 2296 1750 visibilia
2325 1693 2515 1766 ipsius
2548 1697 2914 1749 sacramenta
2944 1694 3313 1765 impudenter
3340 1697 3617 1752 vendunt.

2616 1798 2846 1854 CAPUT
2884 1798 3121 1853 XXXIV.

2176 1888 2390 1956 Quanto
2414 1889 2834 2013 perniciosigres
2863 1889 3116 1969 omnibus
3146 1887 3416 1944 haereticis
3445 1897 3574 1946 sunt

2748 1974 3028 2013 zmonzacz.

2748 1974 3028 2013 ZIRONZGCZ.

2118 2046 2408 2110 Quantum
2468 2046 2862 2102 excusabilius
2921 2046 3028 2102 hoc
3096 2047 3395 2119 negotium
3454 2052 3691 2121 agerent

2046 2135 2245 2190 Ariani
2294 2139 2351 2189 et
2396 2134 2815 2198 Macedoniani,
2856 2139 2914 2190 et
2969 2134 3153 2206 pretio
3210 2136 3494 2209 Spiritum
3555 2154 3689 2193 san-

2045 2229 2200 2279 ctum
2223 2223 2393 2279 vendi
2428 2239 2601 2295 posse
2630 2224 2952 2290 crederent,
2984 2240 3158 2295 quem
3189 2230 3515 2281 creaturam
3547 2244 3690 2299 prie-

2044 2312 2351 2368 dicarunt?
2384 2312 2569 2384 Magis
2602 2312 2756 2367 enim
2809 2328 3175 2383 consequens
3231 2316 3320 2368 est
3363 2319 3688 2371 creaturam

2043 2417 2215 2473 posse
2253 2401 2421 2455 vendi
2468 2416 2647 2473 quam
2706 2399 3033 2455 Creatorem
3092 2404 3148 2455 et
3195 2401 3687 2458 Sanctificatorem

2043 2490 2269 2545 mundi.
2321 2490 2405 2543 Ad
2456 2489 2578 2544 haec
2628 2487 2813 2544 multo
2862 2487 3221 2544 tolerabilior
3264 2506 3465 2545 eorum
3508 2491 3689 2559 furor,

2042 2594 2190 2651 quos
2223 2578 2409 2649 magis
2431 2581 2633 2633 contra
2675 2576 3021 2632 catholicam
3050 2578 3317 2633 armabat
3344 2579 3692 2636 manifestus

2041 2670 2226 2720 terror
2254 2683 2431 2737 quam
2463 2666 2633 2720 ﬁctus
2663 2682 2848 2730 amor,
2880 2681 3112 2737 quoque
3138 2664 3373 2737 publica
3403 2667 3690 2723 confessio

2042 2754 2334 2810 clamabat
2380 2754 2688 2822 cavendos,
2723 2753 2940 2825 quibus
2988 2757 3153 2807 tanto
3209 2754 3691 2811 intolerabiliorcs

2043 2842 2361 2899 Simoniaci
2413 2847 2551 2897 sunt
2582 2848 2801 2914 quanto
2852 2841 3187 2899 blandiores
3233 2846 3291 2898 et
3327 2843 3689 2913 occultiores,

2042 2948 2190 3004 quos
2222 2937 2280 2986 et
2308 2930 2626 2987 catholicos
2658 2935 2936 3001 putamus
2968 2948 3036 2985 ex
3066 2930 3452 2997 confessione,
3486 2937 3543 2987 et
3589 2950 3689 3005 pa-

2041 3025 2159 3075 tres
2185 3019 2270 3074 vel
2303 3018 2523 3074 amicos
2554 3035 2619 3074 ex
2653 3017 2866 3074 blanda
2894 3017 2979 3074 vel
3012 3019 3252 3090 pacifica
3296 3020 3692 3077 admonitione

2041 3110 2129 3163 vel
2162 3108 2530 3171 salutatione.
2566 3124 2741 3179 quam
2773 3107 2857 3162 sic
2891 3109 3129 3164 student
3158 3126 3276 3163 sua:
3325 3109 3689 3180 perversitati

275 3203 332 3268 4,
366 3198 445 3269 6).
482 3219 511 3246 ››
542 3197 762 3253 Deinde
791 3198 850 3252 in
882 3197 1008 3271 ipsa
1036 3198 1327 3270 paucitate
1353 3217 1462 3255 sua
1501 3201 1639 3272 quid
1674 3201 1930 3257 diminu-
1964 3183 2006 3249 C
2045 3198 2377 3260 obtendere,
2411 3201 2476 3251 ut
2504 3196 2819 3251 credantur
2849 3194 3183 3252 blandiores
3209 3213 3336 3252 esse
3374 3196 3689 3253 blandissi-

274 3285 463 3343 tionis
480 3285 671 3341 adhuc
693 3286 954 3343 incurrat
975 3286 1593 3361 catholica,subjungit
1620 3288 1773 3344 idem
1798 3305 1929 3360 pro-

277 3374 467 3448 pheta
498 3390 548 3429 :«
573 3375 882 3447 Propterea
911 3375 1260 3448 plantabunt
1288 3376 1705 3448 plantationem
1728 3378 1931 3432 inlide-

274 3462 522 3533 lium,et
550 3478 785 3535 germen
818 3462 1078 3519 alienum
1110 3463 1787 3535 seminabunt(lbz‘d.,10).
1816 3487 1844 3513 »
1866 3496 1934 3505 -—

277 3573 309 3602 ‹‹
345 3550 495 3619 Heu,
527 3549 663 3619 heu,
697 3550 831 3619 heu,
855 3550 1092 3607 Domine
1117 3552 1488 3625 Deus,parce,
1525 3570 1695 3625 parce
1720 3553 1937 3627 populo,

272 3643 411 3704 tuo,
442 3643 500 3693 et
530 3655 600 3694 ne
630 3639 732 3694 des
779 3639 1174 3695 bmreditatem
1225 3645 1385 3695 tuam
1438 3641 1497 3696 in
1550 3642 1932 3713 perditionem

273 3727 440 3796 (Jocl.
474 3744 535 3796 ιι,
568 3727 656 3799 l7)
678 3727 730 3782 l»
759 3758 827 3767 ——
858 3751 885 3777 ‹‹
917 3728 1210 3800 PrOpitius
1232 3730 1649 3796 esto,obsecro,
1680 3731 1930 3803 quiesce.

273 3815 430 3881 Quis
461 3815 770 3871 suseitabit
795 3816 999 3884 Jacob,
1033 3816 1170 3888 quia
1200 3818 1476 3890 parvulus
1496 3819 1930 3890 est?(A-mos.vn,

271 3903 705 3972 2.)»lmminuti
725 3904 882 3960 enim
914 3922 1122 3962 sumus
1135 3905 1266 3977 plus
1289 3924 1465 3978 quam
1485 3924 1688 3963 omnes
1708 3913 1932 3979 gentes,

269 3998 330 4050 et
352 3993 603 4064 insuper
623 4008 769 4065 quos
790 3993 894 4048 tibi
922 3993 1258 4066 plantamus
1280 3995 1431 4049 ﬁunt
1452 3995 1800 4064 inﬁdeles,et
1812 4013 1935 4069 ger-

269 4097 418 4138 men
448 4079 707 4136 alienum
729 4081 1446 4154 seminamus,quiajuxta
1466 4081 1789 4139 lamentum
1836 4084 1931 4139 Je-

268 4169 499 4237 remiae,
533 4186 680 4242 quos
713 4170 1032 4226 educamus
1077 4176 1134 4227 et
1176 4171 1494 4240 nutrimus,
1518 4170 1796 4228 inimicus
1838 4189 1934 4228 no-

269 4262 403 4316 ster
449 4259 745 4314 consumit
785 4275 885 4314 eos
933 4260 1154 4330 (Thren.
1208 4277 1269 4327 u,
1319 4262 1435 4327 22).
1468 4260 1559 4325 Et,
1610 4277 1662 4327 ο,
1704 4260 1791 4316 vel
1823 4261 1932 4317 soli

270 4349 810 4405 consumerentur?
861 4349 974 4405 Sed
1032 4350 1186 4422 quod
1237 4350 1473 4422 gravius
1521 4356 1610 4406 est
1668 4351 1932 4407 Ecclesia:

268 4441 448 4493 utero
477 4435 657 4508 geniti
688 4439 747 4491 et
774 4435 923 4492 lacte
952 4438 1079 4508 ejus
1112 4438 1316 4492 nutriti
1352 4438 1624 4509 sunt,qui
1667 4444 1931 4510 postmo-

2048 3286 2184 3353 mis,
2215 3302 2346 3341 cum
2378 3284 2712 3340 nullatenus
2743 3285 3047 3357 quiescant
3078 3284 3360 3357 populum
3396 3285 3491 3342 Dei
3530 3291 3693 3343 tanta

2043 3374 2201 3430 mala
2229 3391 2345 3429 non
2380 3374 2907 3445 sentientem,quin
2941 3373 3136 3446 potius
3164 3373 3282 3431 illis
3312 3374 3688 3444 arridentem,

2042 3468 2099 3520 et
2129 3462 2580 3535 applaudentem
2607 3462 3127 3534 interimere,quos
3160 3463 3386 3535 pejores
3417 3464 3692 3536 pessimis

2040 3552 2334 3618 Adrianis,
2369 3551 2523 3606 sicut
2554 3551 2825 3623 superius
2856 3556 3053 3623 aperte
3086 3557 3465 3623 monstratur,
3490 3560 3695 3611 sancta

2043 3641 2293 3715 septima
2326 3640 2587 3717 synodus
2618 3638 3115 3710 irreprehensibili
3135 3644 3191 3695 et
3212 3641 3547 3697 authentica
3565 3660 3694 3699 sen-

2042 3731 2226 3786 tentia
2254 3728 2535 3785 deﬁnivit.
2558 3728 2619 3782 In
2653 3744 2903 3798 quorum
2935 3729 3367 3799 comparatione
3399 3728 3533 3783 boni
3566 3747 3693 3801 pos-

2043 3824 2183 3877 sunt
2214 3817 2403 3890 putari
2429 3816 2604 3872 etiam
2636 3814 2960 3875 Novatiani.
2993 3814 3090 3885 qui
3122 3815 3286 3869 mira:
3322 3817 3690 3873 continentiae

2042 3914 2100 3964 et
2130 3906 2520 3963 acerbissimae
2569 3902 2889 3974 disciplinae
2941 3907 3099 3957 secta
3146 3901 3301 3971 elati,
3348 3904 3614 3977 bigamos
3636 3909 3694 3961 et

2044 4016 2146 4072 pro
2179 3994 2524 4053 criminibus
2546 3992 2892 4064 poenitentes
2916 3991 3311 4064 dogmatizant
3339 3994 3412 4049 ab
3436 3995 3692 4052 Ecclesia

2043 4104 2159 4143 non
2187 4086 2395 4141 debere
2426 4080 2764 4152 recipi,cum
2787 4080 2845 4133 in
2867 4080 3142 4135 omnibus
3172 4079 3305 4136 aliis
3335 4081 3495 4138 nullo
3521 4084 3690 4141 modo

2042 4173 2444 4232 contradicant
2475 4168 2771 4225 catholicae
2804 4168 3078 4224 fidei.Sed
3110 4169 3250 4242 quia
3280 4187 3385 4226 suo
3416 4172 3691 4229 seandalo

2040 4263 2356 4320 Ecclesiam
2390 4258 2807 4324 scandalizant,
2841 4261 2897 4312 et
2926 4257 3215 4325 dividunt,
3247 4264 3464 4331 negant
3491 4264 3548 4315 et
3577 4260 3689 4331 ipsi

2040 4354 2099 4409 in
2140 4367 2314 4407 carne
2365 4350 2596 4405 venisse
2643 4347 2845 4403 Jesum
2894 4346 3209 4416 Christum,
3244 4364 3358 4403 non
3410 4364 3529 4417 ore,
3560 4350 3688 4421 sed,

2041 4442 2194 4497 sicut
2224 4455 2368 4510 pene
2399 4453 2605 4492 omnes
2654 4434 2752 4490 alii
2794 4434 3069 4499 haeretici,
3115 4435 3357 4491 actione.
3392 4436 3593 4508 Itaque
3636 4438 3684 4494 si

270 4525 426 4581 dum
460 4524 532 4579 ab
563 4540 632 4579 ea
660 4524 731 4579 ad
778 4525 1067 4597 perﬁdum
1115 4526 1414 4581 Simonem
1465 4543 1598 4581 cum
1651 4529 1932 4585 maternis
1962 4550 2009 4615 D
2042 4525 2444 4594 Novatiani,ex
2475 4523 2911 4593 nimiajustitia
2927 4523 3133 4589 notati,
3157 4528 3373 4596 negant
3392 4523 3687 4581 Christum

271 4612 465 4671 armis
495 4616 824 4682 transeunt,
859 4618 916 4669 et
951 4614 1230 4670 adversus
1277 4614 1436 4670 illam
1486 4614 1795 4671 crudeliter
1842 4616 1930 4671 in-
1962 4612 1984 4685 ί

270 4704 553 4774 surgunt,
585 4705 642 4756 et
688 4701 897 4757 fratres
944 4702 1240 4775 quondam
1290 4720 1428 4759 suos
1479 4704 1751 4775 deceptos
1795 4720 1928 4760 cum

268 4787 538 4862 periculo
550 4789 755 4845 matris
776 4790 885 4846 sub
909 4808 1048 4862 pace
1068 4790 1591 4859 interimunt.Quid
1609 4808 1745 4865 ergo
1765 4797 1928 4850 tanto

269 4877 438 4943 odio,
469 4874 749 4951 tantaque
787 4879 1106 4951 pertinacia
1153 4879 1505 4936 Eccclesiam
1556 4880 1789 4951 Christi,
1827 4899 1929 4953 pro

269 4981 397 5038 qua
430 4964 556 5043 sola
591 4967 752 5022 venit
794 4966 855 5022 in
904 4983 1098 5038 carne,
1131 4968 1257 5024 sine
1303 4969 1739 5025 intermissione
1782 4970 1929 5025 dila-

269 5053 426 5123 niat,
450 5053 748 5110 Christum
776 5056 1006 5112 venisse
1035 5056 1093 5111 in
1126 5073 1296 5112 carne
1325 5074 1439 5113 non
1471 5058 1738 5131 negant?
1780 5062 1928 5114 Nam

268 5142 327 5199 si
358 5143 569 5199 beatus
613 5141 785 5198 Pater
812 5144 1179 5217 Augustinus
1228 5145 1479 5201 asseruit
1521 5146 1784 5215 Arianos,
1809 5147 1928 5203 Ma-

268 5229 658 5299 cedonianos,
689 5231 1108 5306 Cataphrygas,
1141 5234 1489 5290 Novatianos
1522 5251 1734 5308 negare
1765 5237 1927 5293 Chri-

268 5323 441 5375 stum
473 5319 531 5374 in
563 5336 738 5375 carne
766 5320 1014 5390 venisse,
1047 5339 1113 5378 eo
1144 5323 1322 5394 quod,
1359 5324 1428 5378 de
1457 5322 1761 5380 divinitate
1796 5343 1928 5382 sen-

267 5407 477 5465 tiendo
508 5424 704 5480 prava,
724 5409 1041 5465 Ecclesiam
1074 5412 1202 5482 ejus
1235 5427 1344 5466 sua
1372 5411 1684 5467 insolentia
1714 5414 1930 5470 discin-

268 5497 449 5564 dunt,
484 5494 669 5551 multo
700 5498 891 5570 magis
922 5496 1257 5566 Simoniaci,
1308 5497 1408 5570 qui
1454 5516 1569 5556 non
1620 5500 1809 5557 solum
1861 5504 1931 5560 de

266 5586 400 5645 Deo
430 5600 609 5657 prava
636 5585 959 5657 sentiendo,
992 5589 1093 5644 sed
1122 5587 1298 5644 etiam
1329 5587 1645 5645 Ecclesiam
1677 5591 1806 5661 ejus
1838 5609 1931 5649 ne-

2041 4618 2100 4672 in
2131 4628 2303 4671 carne
2329 4611 2577 4679 venisse,
2608 4610 2695 4665 vel
2726 4610 2926 4665 leviter
2955 4611 3343 4667 dubitandum
3375 4616 3464 4667 est
3500 4612 3686 4670 Simo-

2040 4706 2239 4761 niacos
2270 4716 2481 4773 negare
2510 4698 2807 4754 Christum
2837 4698 2895 4752 in
2924 4716 3097 4756 carne
3128 4701 3378 4769 venisse,
3412 4701 3512 4772 qui
3556 4701 3689 4774 plus

2042 4810 2216 4867 quam
2242 4787 2529 4846 diabolica
2553 4785 2800 4841 elatione
2823 4787 3047 4858 repleti,
3064 4806 3177 4844 non
3203 4791 3328 4860 jam
3352 4806 3414 4845 se
3436 4790 3691 4862 mquales

2040 4884 2157 4940 Deo
2193 4876 2581 4952 rapina,sicut
2610 4873 3008 4944 diabolus,sed
3042 4879 3369 4950 superiores
3399 4879 3689 4936 arbitran-

2038 4976 2343 5042 tur,quem
2377 4983 2411 5021 a
2441 4980 2503 5019 se
2534 4979 2704 5035 posse
2736 4963 2983 5018 distrahi
3016 4966 3201 5036 pretio
3232 4968 3316 5022 sic
3347 4970 3686 5041 opinantur,

2041 5065 2106 5115 ut
2136 5059 2313 5115 etiam
2347 5049 2769 5127 proﬁteantur?
2794 5052 2918 5116 Qua
2948 5052 3151 5124 utique
3180 5055 3418 5111 vesania
3447 5072 3563 5112 non
3595 5073 3688 5112 so-

2041 5149 2164 5203 lum
2198 5143 2513 5201 Ecclesiam
2545 5138 2640 5194 Dei
2667 5138 3085 5209 scandalizant,
3119 5143 3218 5198 sed
3254 5144 3405 5215 quod
3439 5143 3687 5200 nullate-

2040 5254 2153 5293 nus
2184 5240 2273 5291 est
2304 5230 2628 5295 ferendum,
2661 5226 2744 5281 sic
2775 5227 3177 5300 supplantant,
3197 5236 3261 5285 ut
3292 5233 3504 5305 pignus
3534 5234 3685 5304 ejus,

2040 5325 2259 5384 scilicet
2287 5320 2570 5393 Spiritum
2594 5321 2859 5372 sanctum
2884 5333 2998 5388 quo
3020 5319 3250 5391 signata
3269 5325 3359 5375 est
3390 5321 3453 5375 in
3484 5322 3578 5377 die
3605 5338 3689 5378 re-

2040 5410 2397 5485 demptionis
2429 5413 2484 5462 et
2513 5424 2547 5461 a
2576 5422 2691 5477 quo
2735 5406 3133 5460 sanctificatur
3176 5412 3235 5462 et
3282 5408 3605 5465 vivificatur
3634 5410 3685 5467 ei

2039 5503 2272 5577 penitus
2300 5499 2705 5568 extorqueant,
2738 5493 2879 5548 dum
2912 5511 2971 5549 se
3003 5494 3061 5549 in
3095 5496 3395 5554 ministros
3436 5498 3683 5569 justitiae

2039 5590 2483 5649 transformaut.
2517 5585 2673 5649 Quos
2694 5584 2826 5657 quis
2845 5583 3019 5639 audet
3035 5583 3121 5641 vel
3141 5585 3433 5643 somniare
3460 5587 3518 5642 in
3555 5587 3683 5659 Spi-
