4106 6178
319 359 471 419 nsi
560 326 562 328 ’

883 357 1294 422 ADVERSUS
1341 355 1812 422 SIMONIACOS
1857 350 2065 422 LIBRI
2108 360 2688 422 TRES.-—LIBER
2729 357 3162 425 SECUNDUS.

3566 369 3723 432 ’1122

319 491 436 558 ius,
472 490 716 560 Gothus,
750 493 1018 561 Hunnus,
1054 493 1488 566 Longobardus,
1523 498 1624 550 aut
1657 493 1968 566 Hungarus
1995 493 2053 560 Α
2083 491 2159 548 sit
2205 491 2350 548 illud
2400 493 2733 566 imperium,
2773 496 2927 567 quod
2977 511 3110 551 eum
3161 504 3392 569 repente
3439 502 3616 558 efﬁcit
3659 522 3729 562 ex

311 586 413 637 est
431 586 652 647 auctor,
667 587 957 654 quantum
979 583 1347 639 Simoniacus
1368 582 1576 654 hostis,
1593 583 1692 654 qui
1724 582 1971 638 mobiles

317 675 376 724 et
407 668 758 736 immobiles,
793 687 1039 744 seseque
1084 675 1382 728 moventes
1420 687 1512 727 res
1551 669 1969 726 venerabiliu-m

315 756 580 814 locorum
605 758 688 813 sic
710 759 1008 815 vendendo
1032 764 1088 816 et
1109 759 1454 832 propinquis
1475 763 1532 815 et
1557 759 1845 815 extraneis
1868 759 1969 813 do-

317 847 534 914 nando,
555 847 840 920 dilapidat
862 853 918 904 et
947 849 1212 922 dissipat,
1237 854 1304 904 ut
1331 848 1413 903 nil
1444 849 1554 906 sibi
1587 865 1692 904 nec
1723 846 1972 921 posteris

319 935 446 990 suis
468 939 674 1007 praeter
693 935 982 1009 lacrymas
1005 936 1315 1009 relinquat.
1340 936 1470 1004 Qui,
1488 937 1737 1004 utinam,
1754 935 1839 991 vel
1871 934 1973 990 illa

319 1025 578 1093 tantum,
603 1041 728 1098 quas
767 1025 841 1082 ab
873 1027 1339 1082 antecessoribus
1370 1025 1494 1082 suis
1525 1030 1728 1097 parata
1756 1024 1974 1080 invenit

315 1119 377 1170 et
407 1131 524 1187 pra
548 1114 822 1171 manibus
844 1133 948 1172 suo
974 1120 1237 1187 tempore
1258 1115 1451 1181 habet,
1475 1113 1835 1186 diriperet,et
1857 1129 1972 1168 non

317 1203 497 1258 etiam
529 1201 650 1271 illa,
675 1219 801 1274 qua:
833 1203 1080 1258 necdum
1124 1202 1339 1258 habet!
1392 1203 1663 1258 Decimas
1712 1203 1867 1258 enim
1915 1205 1974 1257 et

311 1290 648 1348 oblationes
676 1290 937 1347 vivorum
969 1295 1026 1347 et
1061 1291 1494 1358 defunctorum,
1524 1295 1701 1362 atque
1734 1293 1974 1346 cunctos

317 1380 605 1449 redditus,
621 1396 770 1451 quos
791 1385 923 1454 post
940 1398 1002 1436 se
1019 1397 1207 1452 usque
1226 1380 1286 1435 in
1308 1381 1484 1436 ﬁnem
1503 1380 1698 1437 smculi
1717 1379 1976 1438 Ecclesia

311 1473 446 1524 ferat
465 1469 760 1535 habitura,
782 1486 882 1541 per
899 1469 1214 1525 diabolieos
1237 1473 1572 1526 contractus
1595 1469 1974 1525 saecularibus

320 1556 662 1613 hominibus
691 1558 908 1625 vendit,
928 1562 1026 1613 aut
1059 1559 1258 1628 donat,
1282 1563 1339 1614 et
1371 1559 1818 1632 quibuscunque
1850 1575 1973 1613 mo-

318 1645 411 1701 dis
444 1651 498 1702 et
520 1646 953 1703 conditionibus
977 1651 1184 1720 potest,
1209 1651 1488 1720 perpetuo
1520 1646 1752 1713 alienat,
1775 1652 1837 1702 ut
1859 1647 1972 1702 Deo

311 1739 453 1807 post
473 1735 533 1789 in
558 1735 771 1791 futuris
791 1736 1266 1809 generationibus
1293 1737 1580 1802 servituri,
1609 1752 1896 1808 suamque
1917 1739 1975 1789 et

319 1822 566 1879 aliorum
603 1823 854 1880 salutem
885 1826 1202 1897 operaturi,
1237 1825 1378 1881 nihil
1415 1825 1654 1880 omnino
1688 1825 1800 1882 sibi
1836 1823 1972 1879 reli-

307 1917 610 1980 -ctum,nec
632 1913 704 1969 ad
725 1914 944 1969 victum
966 1915 1144 1970 unius
1166 1915 1453 1981 horae,nec
1475 1915 1544 1970 ad
1562 1915 1970 1982 vestitum,nec

305 2000 388 2055 ad
421 2000 806 2058 diversorium
837 2003 946 2058 sub
976 2007 1145 2058 nocte
1168 2002 1488 2058 inveniant.
1525 2003 1662 2057 Inde
1691 2001 1874 2057 libelli
1908 2000 1968 2055 in

314 2089 698 2145 saecularibus
729 2091 1024 2156 manibus,
1047 2091 1183 2146 inde
1204 2091 1538 2146 chartarum
1568 2094 1969 2157 monumenta,

314 2184 373 2234 et
403 2179 795 2234 instrumenta
816 2179 1348 2252 subscriptionibus
1372 2179 1580 2235 talium
1607 2179 1756 2234 male
1779 2182 1966 2246 cauta,

316 2268 534 2339 quibus
567 2272 922 2324 evacuantur
962 2269 1342 2325 ecclesiarum
1374 2269 1473 2324 Dei
1508 2269 1750 2339 antiqua
1780 2266 1968 2322 chiro-

315 2356 542 2428 grapha
556 2362 613 2412 et
630 2357 907 2413 canonica
929 2357 1250 2430 privilegia,
1265 2357 1456 2429 etjuri
1476 2356 1754 2412 laicorum
1785 2371 1970 2427 usque

315 2445 389 2499 ad
415 2445 591 2500 ﬁnem
617 2445 812 2502 smculi
835 2446 1126 2502 addicitur
1145 2451 1202 2502 et
1222 2446 1606 2502 conﬁrmatur
1626 2445 1817 2500 omnis
1841 2461 1969 2517 pos-

313 2534 506 2590 sessio
562 2534 972 2591 ecclesiastica.
1026 2535 1335 2607 Nequeunt
1379 2535 1504 2606 jam
1555 2519 1969 2590 catholicorum

311 2623 661 2695 pontiﬁcum
693 2624 926 2679 decreta
955 2622 1042 2679 vel
1092 2623 1395 2696 privilegia
1441 2623 1969 2696 conscriptionibus

319 2711 536 2767 horum
559 2711 960 2768 hereticorum
985 2713 1235 2782 obviare,
1254 2716 1553 2784 nequeunt
1574 2711 1675 2767 ulli
1698 2728 1972 2783 canones,

313 2804 423 2856 aut
456 2799 584 2855 ulla:
617 2800 820 2873 synodi
854 2804 1187 2857 sanctorum
1223 2801 1460 2856 Patrum
1485 2803 1608 2873 jam
1643 2801 1968 2873 praevalere,

313 2893 620 2960 nequeunt
650 2889 772 2945 ulla
801 2889 990 2946 edicta
1019 2895 1075 2945 et
1105 2894 1390 2963 prmcepta
1418 2891 1860 2962 imperatorum,
1882 2890 1970 2945 vel

316 2977 481 3052 leges
512 2978 918 3051 religiosorum
951 2978 1281 3051 principum
1306 2979 1430 3050 jam
1462 2979 1763 3034 obsistere.

387 3068 480 3122 Ita
507 3067 808 3139 praevaluit
836 3067 1204 3123 adversarius
1232 3072 1299 3122 ut
1335 3068 1461 3138 jam
1495 3071 1628 3122 ante
1658 3083 1793 3122 eum
1826 3067 1970 3123 sub-

318 3156 527 3213 sistere
560 3174 674 3212 non
705 3156 889 3229 possit
927 3156 1186 3229 clypeos,
1216 3173 1331 3212 non
1369 3156 1599 3225 thorax,
1630 3173 1743 3212 non
1776 3156 1965 3225 hasta,

2005 1865 2050 1929 Β

2080 581 2411 638 Christiano
2461 599 2786 656 paganum;
2838 584 2955 640 imo
3005 585 3260 656 pejorem
3308 605 3554 660 pagano,
3587 595 3727 665 quia

2081 674 2372 741 apostatat
2402 689 2434 725 a
2467 677 2612 740 Deo;
2649 689 2781 727 cum
2816 674 3101 745 perversis
3133 675 3288 730 enim
3320 677 3568 734 efﬁcitur
3599 697 3724 752 per-

2078 775 2304 824 versus,
2330 764 2384 814 et
2415 777 2547 816 cum
2581 761 2877 834 sacrilegis
2924 761 3264 834 sacrilegus,
3298 770 3354 820 et
3385 766 3512 822 ideo
3545 774 3729 827 morte

2080 847 2318 919 dignus,
2338 848 2474 920 quia
2496 851 2785 905 consentit
2814 851 2951 905 talia
2986 852 3606 927 facientibus,quijam
3641 864 3730 915 est

2080 935 2365 992 dicendus
2396 938 2683 1008 perversis
2704 939 3053 1006 consent—ire,
3080 940 3177 994 sed
3214 958 3408 996 revera
3438 949 3502 998 ut
3529 947 3732 1017 pejora

2082 1024 2294 1080 faciant
2326 1026 2631 1098 imperare,
2661 1027 2875 1098 quibus
2917 1027 3208 1082 licentiam
3244 1047 3350 1084 suo
3390 1031 3728 1101 juramento

2081 1115 2452 1170 administrat
2474 1115 2712 1186 impune
2732 1115 3015 1170 retinendi
3034 1134 3161 1188 qum
3185 1117 3534 1186 invaserant,
3556 1126 3610 1175 ct
3634 1140 3730 1177 au-

2073 1203 2308 1258 daciam
2343 1203 2580 1275 impune
2614 1205 2943 1270 invadendi,
2969 1206 3017 1259 si
3047 1223 3162 1276 qua
3193 1211 3432 1263 restant.
3457 1209 3515 1263 Si
3547 1210 3725 1276 enim,

2084 1295 2146 1346 ut
2176 1290 2559 1364 philosophus
2604 1292 2834 1364 allegat,
2869 1293 2966 1364 qui
3016 1311 3129 1347 non
3179 1296 3445 1366 prohibet
3491 1314 3727 1368 peccare

2083 1397 2216 1436 cum
2251 1381 2455 1452 possit,
2489 1382 2970 1454 imperattmulto
3003 1383 3189 1455 magis
3223 1383 3334 1450 ille,
3363 1385 3461 1457 qui
3497 1403 3608 1440 non
3641 1404 3728 1443 so-

2075 1468 2202 1523 lum
2238 1486 2351 1524 non
2387 1471 2654 1541 prohibet
2683 1488 2815 1526 cum
2845 1469 3048 1536 valeat,
3075 1472 3172 1526 sed
3207 1472 3628 1544 insuperjurat
3658 1493 3728 1531 ne

2082 1557 2394 1629 aliquando
2443 1559 2768 1630 prohibeat,
2805 1559 2900 1630 qui
2955 1560 3070 1614 Deo
3101 1564 3158 1613 et
3187 1561 3405 1616 sanctis
3454 1563 3730 1633 apostolis

2083 1646 2601 1718 sacerdotibusque
2632 1649 2757 1717 ejus
2781 1647 3164 1704 nihilominus
3187 1651 3349 1718 jurat
3379 1667 3440 1706 se
3471 1652 3728 1723 prohibi-

2081 1739 2279 1789 turum
2314 1735 2449 1790 talia
2479 1739 2652 1807 atque
2701 1735 3075 1791 defensurum
3126 1737 3518 1794 ecclesiastica
3557 1741 3728 1805 bona,

2084 1822 2350 1895 Exploret
2381 1824 2482 1894 qui
2512 1828 2704 1895 potest
2745 1823 3013 1896 qualiter,
3047 1829 3103 1879 et
3136 1842 3252 1896 qua
3290 1825 3443 1880 hunc
3474 1827 3728 1899 labyrin-

2079 1911 2248 1966 thum
2281 1913 2503 1979 evadat,
2531 1912 2973 1982 scilicetjurare
3013 1917 3077 1967 ut
3129 1912 3268 1967 talia
3319 1915 3640 1985 prohibeat,
3673 1922 3729 1972 et

2074 2001 2272 2070 jurare
2303 2017 2370 2055 ne
2401 2000 2724 2071 prohibeat.
2745 2000 2848 2055 Hic
2872 2002 3068 2070 jurare
3091 2005 3154 2055 ut
3173 2001 3327 2056 bona
3349 2003 3726 2060 ecclesiarum

2081 2088 2370 2154 defendat,
2402 2087 2496 2143 ille
2520 2089 2721 2159 jurare
2752 2105 2822 2143 ne
2855 2089 3146 2144 defendat.

2640 2195 2869 2250 CAPUT
2909 2196 3172 2251 XXXVII.

2080 2283 2155 2337 De
2185 2285 2808 2357 z'nzestz'mabz'limalﬂia
2839 2284 3120 2354 hmreseos,
3161 2289 3212 2339 ct
3253 2287 3408 2357 quali
3451 2291 3638 2347 bestiae
3669 2294 3724 2346 in

2541 2355 2865 2427 Apocalypsi
2900 2361 3261 2427 comparetur.

2154 2443 2247 2498 Sic
2280 2442 2478 2516 populi
2511 2444 2732 2498 malitia
2755 2462 2976 2516 suaque
3008 2445 3236 2516 ignavia
3264 2447 3480 2501 summi
3512 2449 3726 2520 princi-

2081 2547 2182 2602 pes
2212 2533 2495 2592 excaicati.
2521 2551 2697 2605 opera
2726 2533 2847 2598 Dei,
2881 2550 3058 2605 quam
3089 2534 3362 2589 terribilis
3394 2535 3469 2590 sit
3501 2537 3558 2591 in
3591 2555 3728 2593 con-

2081 2619 2228 2675 siliis
2281 2638 2458 2693 super
2514 2621 2664 2676 ﬁlios
2721 2621 3027 2676 hominum
3069 2622 3236 2693 (Psal.
3274 2641 3399 2692 va,
3427 2625 3503 2695 5),
3538 2626 3729 2682 videre

2081 2709 2407 2782 negligant,
2438 2711 2682 2782 ideoque
2714 2727 2845 2765 cum
2877 2711 2960 2765 eis
2991 2729 3136 2782 quos
3167 2728 3382 2782 regere,
3416 2718 3471 2767 et
3501 2715 3609 2768 sub
3643 2715 3727 2770 eis

2081 2800 2296 2870 quibus
2330 2816 2573 2871 praeesse
2622 2799 2970 2865 debuerunt,
3000 2799 3059 2852 in
3094 2799 3310 2854 foveam
3363 2803 3727 2874 sempiternae

2082 2889 2285 2943 mortis
2318 2888 2850 2953 corruunt.Quibus
2873 2904 3232 2959 paganorum
3255 2889 3546 2962 principes
3568 2895 3729 2948 tanto

2080 2980 2218 3031 sunt
2242 2975 2544 3031 liberiores
2566 2981 2621 3031 et
2639 2976 2969 3047 superiores
2989 2975 3046 3030 in
3072 2977 3214 3049 ipsis
3233 2994 3464 3049 quoque
3483 2983 3731 3035 tormen-

2079 3064 2176 3131 tis,
2198 3069 2416 3136 quanto
2447 3063 2804 3120 liberaliores
2829 3067 2884 3119 et
2909 3057 3296 3137 promptiores
3319 3084 3494 3123 suum
3518 3069 3729 3140 cuique

2073 3153 2174 3223 jus
2205 3153 2585 3209 conservandi
2617 3157 2673 3208 et
2703 3153 3048 3208 restituendi
3083 3155 3140 3208 in
3183 3155 3356 3211 rebus
3389 3157 3726 3213 mundanis.

321 3263 440 3300 non
465 3244 786 3318 gladius.ln
811 3245 1088 3318 stipulam
1105 3245 1154 3302 ei
1177 3246 1368 3302 omnis
1390 3251 1686 3301 armatura
1706 3245 1967 3314 vertitur,
2003 3232 2045 3298 (ἶ
2084 3242 2386 3314 Siquidem
2419 3241 2502 3296 illi
2537 3242 2835 3314 privilegia
2867 3243 3240 3314 pontiﬁcibus
3272 3262 3410 3311 sua},
3445 3249 3508 3300 ut
3534 3247 3730 3302 crede-

323 3336 466 3407 quia
497 3351 600 3391 nec
631 3335 1050 3402 defensionem,
1077 3352 1181 3391 nec
1200 3335 1514 3390 vindictam
1538 3333 1792 3408 aliquam
1816 3351 1975 3390 vere-

325 3429 442 3479 tur.
471 3423 704 3480 Deridet
733 3424 886 3479 enim
934 3424 1254 3479 vibrantem
1307 3423 1560 3490 hastam,
1592 3439 1698 3478 nec
1746 3427 1977 3495 reputat

321 3514 476 3569 tubae
509 3530 712 3568 sonare
739 3513 1027 3585 clangore,
1053 3513 1192 3584 quia
1213 3529 1315 3584 pro
1336 3511 1590 3567 ludibrio
1611 3511 1788 3568 habet
1808 3511 1978 3584 spiri-

318 3602 466 3658 tuali
515 3602 1028 3657 comminationem
1078 3619 1180 3657 seu
1231 3602 1602 3670 sententiam,
1637 3617 1786 3672 quae,
1819 3596 1977 3656 velut

317 3696 500 3758 astra,
535 3690 666 3746 ferit
694 3692 946 3757 eminus,
980 3694 1036 3746 et
1083 3690 1376 3746 carnalem
1424 3691 1970 3746 condemnationem

317 3795 448 3850 quae
479 3777 747 3832 cominus
778 3777 863 3833 sic
908 3777 1214 3832 ﬂoccifacit
1245 3778 1556 3834 anathema
1587 3777 1844 3848 cujusvis
1875 3795 1974 3834 sa-

318 3867 594 3935 cerdotis,
626 3865 710 3922 sie
758 3865 914 3939 leges
969 3867 1375 3938 cujuscunque
1405 3867 1618 3923 terreni
1669 3866 1970 3939 principis,

315 3960 556 4028 propter
583 3973 684 4012 eos
717 3955 1040 4028 quamlibet
1068 3955 1199 4011 vilis
1231 3955 1405 4011 homo
1435 3956 1782 4028 dedignetur
1811 3956 1975 4010 resti-

312 4048 481 4101 tuere
512 4045 626 4117 piis
655 4044 919 4111 locis,vel
952 4061 1194 4116 passum
1224 4045 1389 4117 pedis
1421 4061 1490 4100 ex
1519 4045 1815 4110 omnibus,
1843 4061 1971 4116 quae

317 4133 406 4188 illi
445 4134 752 4189 haereticus
789 4134 1024 4206 propria
1057 4150 1232 4188 manu
1273 4133 1658 4188 conﬁrmavit.
1692 4132 1786 4189 Sic
1818 4132 1972 4204 quod

316 4223 482 4295 prius
512 4223 699 4278 fuerat
730 4224 971 4290 furtum,
1008 4223 1283 4295 quodque
1313 4221 1602 4295 gradatim
1636 4222 1852 4277 factum
1886 4226 1975 4278 est

313 4311 720 4379 latrocinium,
745 4312 817 4367 ad
841 4316 1062 4368 tantam
1088 4313 1213 4383 jam
1237 4310 1631 4383 tyrannidem,
1655 4315 1718 4366 ut
1740 4312 1976 4366 cuicun-

316 4417 432 4473 que
471 4417 574 4456 seu
626 4400 908 4467 ecclesiis,
933 4418 1036 4456 seu
1082 4400 1414 4456 civitatibus
1466 4398 1778 4472 principari
1817 4417 1974 4472 quae-

317 4491 416 4557 rit,
440 4507 553 4545 non
589 4489 750 4562 prius
781 4490 838 4544 id
873 4490 1233 4561 adipiscatur
1261 4505 1438 4561 quam
1465 4489 1576 4560 ipsi
1601 4506 1831 4561 quoque
1862 4488 1977 4561 ple-

318 4577 538 4634 becula:
585 4577 816 4634 libellos
876 4579 1300 4667 hereticorum,
1334 4583 1390 4633 et
1447 4578 1866 4667 sacrilegorum,
1912 4595 1974 4634 se
2005 4603 2052 4667 Β

316 4667 768 4723 observaturum
802 4671 859 4722 et
888 4666 1268 4722 defensurum
1304 4668 1642 4737 juramento
1674 4670 1731 4722 et
1760 4666 1975 4739 scripto

317 4756 772 4811 conﬁrmaverit.
807 4756 1016 4812 Parum
1048 4756 1277 4811 videtur
1306 4755 1416 4810 hoc
1455 4755 1604 4828 exigi
1638 4755 1709 4810 ab
1741 4755 1973 4811 inferio-

315 4845 485 4901 ribus
515 4845 922 4916 potestatibus,
957 4844 1030 4899 ab
1077 4843 1221 4915 ipsis
1269 4843 1518 4899 summis
1569 4843 1678 4898 hoc
1725 4843 1975 4916 exigitur

316 4934 794 5006 imperatoribus.
833 4933 944 4991 Nec
975 4933 1139 5005 prius
1172 4932 1304 4987 licet
1335 4932 1420 4988 eis
1459 4932 1690 5003 imperii
1718 4932 1974 5004 insignia

315 5023 620 5094 suscipere
639 5039 818 5093 quam
837 5021 1158 5092 juraverint
1186 5037 1249 5076 se
1280 5039 1394 5076 non
1422 5021 1611 5076 solum
1637 5022 1852 5094 scripta
1873 5021 1976 5077 illa

317 5129 434 5168 non
469 5116 790 5178 cessatum,
815 5112 912 5167 sed
936 5111 1110 5167 etiam
1134 5111 1437 5167 defensum
1471 5111 1560 5165 iri.
1584 5110 1628 5166 Ο
1650 5111 1888 5167 libertas
1919 5114 1976 5166 et

315 5201 507 5274 pietas
536 5201 810 5256 Romauze
843 5199 1205 5271 reipublicae!
1232 5200 1274 5256 Ο
1296 5199 1616 5255 liberalitas
1641 5203 1696 5254 et
1716 5203 1973 5272 potestas

317 5289 652 5362 majestatis
685 5288 1100 5361 imperatoriae!
1137 5289 1376 5362 Cogitur
1402 5305 1669 5344 summus
1701 5288 1972 5360 princeps

310 5379 517 5450 jurare
547 5397 619 5434 ne
651 5378 807 5452 leges
834 5377 1241 5451 religiosorum
1275 5377 1605 5450 principum
1631 5382 1764 5434 ante
1795 5394 1855 5433 se
1884 5377 1972 5432 vel

319 5484 462 5524 suas
494 5468 703 5524 debeat
749 5468 1078 5534 observare,
1113 5467 1212 5522 sed
1265 5466 1459 5539 potius
1507 5483 1805 5523 evacuare.
1837 5465 1976 5520 Vult

318 5556 436 5612 sibi
470 5556 635 5610 reddi
666 5573 792 5628 quae
818 5561 958 5612 sunt
975 5555 1218 5611 Caesaris
1246 5554 1318 5611 ab
1341 5555 1432 5611 his
1454 5555 1553 5630 qui
1575 5554 1976 5613 contradicunt

316 5645 462 5718 Deo,
481 5645 646 5706 reddi
676 5662 807 5723 quae
835 5650 976 5706 sunt
1003 5645 1123 5705 Dei.
1157 5644 1386 5716 Videat,
1407 5662 1626 5722 quaeso,
1659 5643 1831 5721 quale
1861 5645 1974 5706 sibi

2082 3332 2274 3395 batur,
2299 3329 2597 3403 religionis
2628 3335 2684 3386 et
2729 3331 2962 3403 templis
3002 3331 3207 3387 devota
3236 3331 3502 3405 largitate
3537 3335 3731 3390 confe-

2083 3420 2311 3487 rebant,
2342 3420 2678 3492 potentique
2711 3437 2886 3475 manu
2911 3438 3016 3477 suo
3039 3425 3298 3493 tempore
3323 3423 3730 3491 defendebant,

2083 3514 2138 3566 et
2161 3509 2219 3564 in
2243 3511 2438 3564 futuro
2459 3509 2685 3581 legibus
2705 3509 2829 3564 suis
2853 3510 3216 3566 munimenta
3240 3516 3440 3566 contra
3461 3529 3735 3584 quarum-

2082 3597 2221 3653 libet
2245 3598 2703 3653 diminutionum
2729 3616 2829 3653 seu
2854 3599 3269 3654 alienationum
3303 3617 3472 3656 casus
3492 3601 3576 3656 eis
3598 3618 3734 3671 pro-

2081 3687 2377 3754 videbant,
2401 3704 2650 3759 quorum
2685 3687 3030 3742 industriam
3058 3705 3090 3742 a
3111 3689 3524 3759 superstitione
3548 3689 3617 3744 ad
3653 3707 3732 3745 re-

2081 3776 2356 3848 ligionem
2391 3777 2686 3831 maximus
2715 3776 3137 3831 Constantinus
3169 3781 3529 3846 retorquens,
3556 3778 3730 3848 privi-

2081 3864 2253 3937 legia,
2278 3881 2405 3937 qua:
2434 3864 2517 3918 illi
2551 3865 2674 3918 suis
2705 3864 3104 3918 sacerdotibus
3132 3867 3189 3918 et
3212 3862 3490 3931 delubris,
3517 3865 3730 3921 Christi

2081 3953 2341 4009 ecclesiis
2372 3951 2661 4006 concessit
2691 3966 3008 4020 eorumque
3049 3949 3335 4004 ministris
3366 3951 3520 4021 quod
3552 3957 3608 4006 et
3636 3952 3731 4006 sui

2082 4041 2320 4114 posteri,
2341 4043 2627 4112 quotquot
2646 4037 2948 4093 orthodoxi
2972 4037 3336 4103 exstiterunt,
3354 4055 3522 4112 agerc
3545 4057 3734 4113 usque

2082 4133 2152 4188 ad
2179 4132 2295 4186 haec
2318 4129 2642 4202 periculosa
2662 4133 2924 4200 tempora
2946 4128 3318 4184 studuerunt.
3344 4130 3431 4197 Et,
3451 4147 3483 4185 ο
3515 4136 3732 4203 quanto

2083 4219 2440 4277 tolerabilior
2455 4217 2667 4273 Christi
2690 4217 2962 4274 Ecclesiis
2979 4216 3212 4285 Ariana,
3230 4235 3330 4274 seu
3351 4220 3731 4290 Eunomiana,

2080 4308 2168 4364 vel
2201 4307 2565 4375 Eutichiana,
2591 4307 2710 4361 sive
2753 4323 3116 4379 quaecunque
3147 4307 3262 4362 alia
3297 4307 3560 4363 haeresis!
3595 4311 3735 4381 quia

2083 4397 2351 4470 quamvis
2373 4414 2480 4453 sua
2502 4396 2659 4452 rabie
2681 4401 2961 4468 tanquam
2986 4397 3160 4468 lupus
3183 4413 3313 4451 oves
3333 4396 3430 4451 Dei
3453 4397 3734 4468 diripiant

2082 4491 2138 4543 et
2167 4487 2526 4559 dispergant,
2561 4485 2754 4541 caulas
2801 4491 2997 4541 tamen
3039 4490 3091 4540 et
3137 4502 3354 4556 pascua
3396 4502 3596 4541 earum
3630 4503 3732 4540 au-

2090 4578 2234 4632 ferre
2265 4593 2378 4631 non
2414 4580 2641 4643 curant,
2676 4576 2774 4630 sed
2809 4580 2940 4646 post
2983 4591 3043 4629 se
3087 4573 3430 4645 relinquunt
3461 4574 3557 4628 ubi
3593 4573 3732 4630 resi-

2087 4667 2236 4732 duae,
2261 4670 2316 4720 et
2347 4666 2553 4720 futurae
2575 4656 2737 4720 'oves
2777 4667 3203 4726 commaneant,
3229 4667 3283 4717 et
3332 4664 3486 4718 unde
3516 4662 3730 4718 vivant.

2082 4754 2373 4811 Nonnulla
2411 4756 2566 4810 enim
2615 4751 2933 4808 consolatio
2982 4751 3282 4822 praeteriti,
3315 4752 3399 4807 vel
3435 4753 3735 4824 praesentis

2084 4843 2282 4900 damni
2310 4847 2400 4898 est
2429 4841 2749 4906 catholicis,
2779 4840 2876 4895 ubi
2902 4857 3106 4912 parum
3132 4844 3232 4895 aut
3257 4846 3407 4897 certe
3435 4840 3516 4896 nil
3548 4842 3735 4898 victus

2083 4938 2140 4988 et
2169 4932 2414 4988 vestitus
2447 4930 2645 4984 minus
2676 4934 2764 4984 est
2794 4929 2898 4985 eis.
2922 4929 3032 4997 Sic,
3058 4934 3188 5000 post
3209 4931 3558 4986 Auxentium
3580 4931 3738 4987 Aria-

2084 5039 2248 5090 num,
2279 5018 2623 5076 Ambrosius
2670 5017 2993 5073 catholicus
3046 5017 3155 5074 sibi
3206 5019 3474 5075 relictum
3525 5020 3737 5092 reperit

2084 5107 2533 5166 Mediolanensis
2557 5106 2811 5162 ecclesia:
2841 5107 3196 5179 stipendium
3230 5112 3285 5163 et
3315 5107 3733 5174 diversorium;

2085 5198 2188 5265 sic,
2223 5203 2353 5270 post
2400 5197 2715 5252 Maximum
2763 5196 3062 5268 Cynicum,
3096 5198 3428 5263 Nectarius;
3468 5196 3570 5264 sic,
3605 5199 3737 5267 post

2083 5286 2449 5353 Dioscorum,
2479 5283 2794 5340 Proterius.
2829 5284 2897 5339 Et
2936 5285 2984 5339 si
3025 5284 3280 5356 reliquas
3312 5284 3604 5340 haereseon
3639 5285 3734 5340 be-

2085 5376 2226 5432 stias
2244 5390 2567 5440 recenseas,
2588 5373 2808 5428 nullam
2830 5373 3089 5428 invenies
3107 5373 3580 5445 perniciosiorem
3603 5374 3734 5448 hac,

2087 5481 2212 5538 qum
2239 5465 2324 5519 sic
2354 5481 2486 5520 oves
2512 5463 2727 5519 Christi
2763 5462 2980 5535 diripit,
3014 5466 3078 5518 ut
3109 5466 3238 5534 post
3264 5479 3324 5519 se
3354 5463 3597 5521 victuris
3630 5482 3735 5523 nec

2089 5553 2268 5611 caulze
2300 5571 2518 5627 pascua
2549 5553 2865 5625 supersint.

2157 5644 2416 5706 Profecto
2447 5643 2566 5702 haec
2605 5659 2720 5704 non
2761 5641 2952 5703 solum
2974 5642 3248 5705 dentibus
3276 5644 3495 5717 ferreis,
3519 5649 3577 5705 et
3608 5661 3730 5707 ma-
