4106 6178
467 348 619 411 1123

1518 336 1927 405 HUMBER’I‘I
1974 342 2038 402 S.
2088 336 2160 400 lt.
2208 340 2279 402 E.
2328 338 2812 403 CARDINALIS.

3687 338 3817 406 1124

467 483 601 554 guis
632 478 831 534 omnia
861 476 1115 533 comedit
1146 481 1201 532 et
1226 476 1594 543 comminuil,
1624 493 1689 530 ac
1718 475 1841 530 suis
1874 474 2119 546 pedibus
2147 475 2201 540 Α
2231 491 2429 530 coram
2462 475 2609 547 ipso,
2633 473 2849 546 quibus
2871 473 3102 529 seduxit
3121 489 3221 529 eos
3242 474 3338 545 qui
3360 476 3818 547 acceperuntcba-

467 570 690 641 reliqua
719 567 983 639 proterit,
1013 564 1170 620 velut
1215 566 1400 621 bestia
1449 564 1571 630 illa,
1606 581 1732 636 qua:
1785 564 2118 618 Romanum

464 656 778 730 imperium
824 654 1237 728 praeﬁguravit;
1274 655 1372 709 sed
1418 652 1657 708 ﬂamma
1687 651 1931 724 insuper
1958 669 2026 707 ex
2057 667 2120 706 se

467 751 711 803 exeunte
741 744 818 799 nil
855 749 991 800 ante
1022 759 1083 798 se
1128 742 1606 813 inconsumptum
1639 740 1937 813 relinquit,
1964 740 2119 795 unde

467 836 516 891 si
550 834 829 908 propheta
859 847 1070 886 nomen
1105 830 1263 886 illius
1286 836 1523 903 stupore
1545 830 1817 902 potentias
1839 833 1895 883 et
1916 827 2121 882 imma-

467 923 669 979 nitatis
716 919 1028 993 perculsus
1074 919 1328 984 reticuit,
1363 935 1495 973 cum
1545 917 1817 983 aliarum,
1852 915 2120 987 quamvis

464 1009 839 1075 terribilium,
869 1006 1103 1061 nomine
1139 1022 1255 1062 non
1300 1005 1763 1078 prastermiserit;
1796 1004 1888 1060 cui
1923 1003 2118 1059 bestiae

464 1100 584 1154 haec
615 1094 1084 1152 assimilabitur?
1106 1099 1208 1150 aut
1228 1113 1342 1167 quo
1365 1096 1600 1150 nomine
1621 1093 2117 1165 vocitabitur,quze

464 1182 811 1240 dissimilior
826 1189 883 1239 et
902 1181 1193 1238 crudelior
1214 1184 1487 1238 omnibus
1513 1182 1839 1238 invenitur?
1858 1185 2117 1237 attamen

460 1273 596 1329 licet
647 1272 831 1340 illam,
865 1290 992 1344 quae
1049 1271 1242 1343 quarti
1297 1271 1456 1341 regni
1516 1270 1819 1344 prophetia
1874 1270 2115 1339 exstitit,

460 1362 684 1429 Daniel,
714 1361 822 1415 hoc
852 1365 959 1427 est,
982 1360 1260 1431 judicium
1290 1363 1400 1415 mei
1423 1362 1538 1427 Dei,
1562 1360 1820 1431 exceptis
1841 1359 2118 1414 dentibus

462 1455 521 1507 et
573 1451 842 1522 pedibus,
894 1466 998 1503 mc
1056 1448 1318 1516 nomina,
1352 1466 1456 1504 nec
1517 1449 1705 1503 forma
1762 1447 2114 1516 ostenderit;

460 1538 687 1596 Domini
748 1538 937 1612 gratia
991 1541 1212 1603 tamen,
1242 1536 1301 1592 id
1333 1543 1421 1593 est
1472 1537 1750 1605 Joannes,
1782 1536 1956 1601 hanc,
1989 1552 2117 1607 quas

459 1628 745 1684 haereseos
777 1626 1081 1699 prophetia
1113 1629 1318 1694 exstat,
1351 1626 1409 1681 in
1457 1642 1565 1681 sua
1608 1624 1979 1698 Apocalypsi,
2012 1641 2115 1679 no-

461 1717 619 1772 mine
649 1720 877 1771 tantum
926 1732 1264 1787 suppresso,
1298 1731 1363 1770 ac
1408 1715 1457 1770 si
1500 1714 1788 1770 visibilem
1840 1713 2115 1769 omnibus

459 1805 756 1877 effigiavit,
787 1804 987 1860 dicens
1021 1821 1083 1858 :u
1124 1804 1189 1858 Et
1236 1803 1351 1858 vidi
1385 1804 1632 1859 bestiam
1684 1802 1859 1858 aliam
1911 1819 2111 1857 ascen-

459 1895 691 1950 dentem
741 1894 812 1949 de
858 1898 1011 1948 terra
1058 1897 1115 1947 et
1161 1892 1415 1948 habebat
1465 1908 1686 1947 cornua
1735 1892 1850 1946 duo
1901 1890 2118 1946 similia

460 1984 625 2055 Agni,
658 1988 715 2039 et
742 1981 1089 2054 loquebatur
1119 1986 1181 2037 ut
1211 1982 1406 2048 draco,
1440 1985 1497 2037 et
1527 1985 1871 2052 potestatem
1906 1978 2116 2052 prioris

460 2073 679 2137 bestias,
706 2094 733 2120 ››
765 2071 987 2127 scilicet
1018 2088 1143 2143 qua:
1177 2070 1387 2126 similis
1419 2076 1541 2125 erat
1582 2071 1784 2141 pardo,
1817 2070 1985 2139 cujus
2017 2085 2116 2140 pe-

459 2161 561 2216 des
591 2161 745 2215 sicut
778 2160 919 2225 ursi,
948 2164 1005 2214 et
1036 2177 1103 2213 us
1136 2158 1287 2213 sicut
1312 2159 1519 2224 leonis,
1544 2182 1571 2210 ‹‹
1605 2174 1839 2213 omnem
1873 2157 2117 2212 faciebat

461 2249 519 2304 in
553 2253 872 2319 conspectu
903 2248 1050 2316 ejus.
1084 2248 1150 2300 Et
1181 2247 1314 2300 fecit
1345 2251 1557 2301 terram
1610 2252 1669 2302 et
1715 2245 2114 2300 inhabitantes

458 2337 519 2391 in
549 2356 617 2393 ea
648 2341 711 2390 ut
740 2338 1050 2390 adorarent
1081 2334 1326 2388 bestiam
1364 2334 1635 2405 primam.
1670 2336 1738 2388 Et
1784 2334 1917 2389 fecit
1946 2334 2115 2405 signa

460 2441 692 2495 magna,
730 2427 791 2477 ut
824 2421 1016 2492 ignem
1050 2422 1117 2475 de
1150 2420 1291 2476 c0310
1323 2423 1673 2477 descendere
1712 2422 1884 2476 faciat
1915 2422 1972 2475 in
2006 2426 2115 2475 ter-

458 2529 582 2567 ram
615 2512 673 2565 in
708 2517 1016 2582 conspectu
1064 2509 1392 2565 hominum.
1422 2511 1488 2565 Et
1520 2509 1752 2564 seduxit
1780 2509 2113 2564 habitantes

458 2600 517 2655 in
545 2606 701 2656 terra
733 2603 972 2671 propter
1003 2599 1175 2671 signa
1204 2616 1330 2670 quae
1372 2600 1507 2654 data
1546 2604 1685 2654 sunt
1715 2597 1794 2653 illi
1837 2599 2023 2653 facere
2054 2598 2113 2652 in

456 2693 776 2761 conspectu
830 2686 1047 2754 bestize,
1077 2688 1278 2743 dicens
1309 2687 1710 2743 habitantibus
1757 2687 1816 2741 in
1864 2690 2018 2742 terra
2049 2689 2115 2741 ut

456 2778 675 2834 faciant
702 2776 1019 2849 imaginem
1053 2776 1271 2831 bestiae.
1296 2777 1365 2831 Et
1394 2776 1594 2830 datum
1626 2781 1716 2831 est
1742 2775 1827 2830 illi
1861 2780 1924 2831 ut
1950 2776 2114 2831 daret

456 2867 728 2939 spiritum
761 2864 1006 2937 imagini
1054 2864 1272 2934 bestiae,
1306 2870 1362 2920 et
1394 2866 1565 2921 faciat
1608 2866 1945 2937 quicunque
1993 2880 2109 2919 non

456 2954 781 3010 adoravcrit
802 2953 1118 3026 imaginem
1144 2954 1693 3023 bestiae,occidatur.
1712 2956 1780 3009 Et
1805 2954 1968 3008 faciet
1989 2970 2110 3007 om-

455 3057 560 3097 nes
590 3040 833 3113 pusillos
863 3044 920 3095 et
950 3056 1214 3113 magnos,
1241 3041 1447 3096 divites
1477 3046 1533 3096 et
1564 3058 1867 3113 pauperes,
1890 3040 2108 3097 liberos

455 3136 511 3186 et
530 3146 724 3186 servos
745 3129 962 3185 habere
982 3129 1374 3185 characterem
1398 3129 1456 3184 in
1478 3131 1680 3185 dextra
1702 3147 1901 3197 manu,
1922 3135 2024 3184 aut
2045 3130 2103 3183 in

2228 568 2509 619 racterem
2537 562 2754 629 bestiae,
2777 565 2835 616 et
2854 560 2955 633 qui
2976 561 3361 617 adoraverunt
3380 560 3679 634 imaginem
3697 565 3822 636 ejus,

2226 651 2336 705 vivi
2369 651 2535 707 missi
2586 655 2722 706 sunt
2757 648 2815 705 hi
2855 650 2970 706 duo
3006 651 3062 704 in
3093 653 3365 721 staguum
3414 650 3561 722 ignis
3606 651 3823 709 ardentis

2227 739 2533 811 sulphure,
2557 744 2613 794 et
2642 737 2831 794 caeteri
2852 737 3027 793 occisi
3054 742 3194 793 sunt
3211 737 3402 810 gladio
3423 738 3666 794 sedentis
3684 755 3828 812 super

2227 845 2467 901 equum,
2501 827 2601 900 qui
2652 826 2912 900 procedit
2942 827 3013 881 de
3042 842 3143 882 ore
3170 826 3377 897 ipsius,
3404 831 3461 882 et
3490 843 3680 882 omnes
3722 844 3829 884 aves

2228 924 2502 973 saturata
2533 921 2675 971 sunt
2704 915 2981 971 carnibus
3013 932 3217 971 eorum
3247 915 3428 987 (Apoc.
3460 932 3571 983 xxx,
3604 916 3824 987 19-21)..

2229 1006 2295 1061 Et
2324 1010 2455 1078 post
2484 1006 2608 1060 haec
2639 1006 2711 1060 de
2740 1004 2926 1076 gloria
2950 1008 3287 1059 sanctorum
3309 1003 3485 1059 etiam
3512 1003 3569 1058 in
3599 1005 3828 1076 praesenti

2227 1093 2437 1150 saeculo
2467 1094 2550 1148 ita
2579 1093 2722 1148 dicit
2746 1110 2791 1149 :«
2819 1093 2884 1147 Et
2913 1092 3031 1146 vidi
3062 1093 3250 1160 sedes,
3287 1096 3344 1148 et
3385 1092 3648 1148 sederunt
3685 1108 3829 1166 super

2227 1197 2346 1253 eas,
2380 1186 2437 1237 et
2460 1181 2752 1253 judicium
2784 1181 2988 1235 datum
3033 1184 3123 1236 est
3160 1179 3297 1236 illis.
3329 1180 3398 1235 Et
3426 1179 3643 1236 animas
3671 1180 3826 1237 decol-

2224 1270 2477 1326 latorum
2510 1275 2748 1343 propter
2788 1268 3193 1325 testimonium
3231 1269 3372 1325 .lesu
3407 1273 3463 1324 et
3486 1273 3705 1341 propter
3726 1285 3826 1325 ver-

2222 1359 2366 1414 bum
2400 1359 2516 1415 Dei.
2553 1360 2621 1413 Et
2646 1358 2745 1432 qui
2789 1375 2902 1413 non
2950 1358 3342 1413 adoraverunt
3388 1356 3645 1423 bestiam,
3671 1373 3824 1429 neque

2224 1448 2542 1520 imaginem
2589 1448 2739 1518 ejus,
2773 1463 2962 1519 neque
3010 1450 3362 1519 acceperunt
3389 1445 3752 1501 characterem
3776 1446 3823 1501 in

2224 1536 2536 1604 frontibus,
2575 1542 2676 1591 aut
2704 1535 2764 1591 in
2797 1534 3073 1592 manibus
3103 1535 3249 1602 suis,
3291 1539 3351 1590 et
3388 1534 3661 1602 vixerunt,
3680 1538 3729 1590 et
3751 1551 3823 1590 re.

2223 1630 2557 1698 gnaveiunt
2586 1641 2719 1680 cum
2768 1624 2998 1681 Christo
3048 1623 3210 1679 mille
3256 1622 3460 1691 annis;
3508 1623 3679 1679 caeteri
3720 1639 3825 1678 vero

2224 1719 2595 1770 mortuorum
2657 1730 2769 1769 non
2828 1713 3096 1768 vixerunt
3152 1714 3337 1768 donec
3397 1715 3829 1768 consummentur

2225 1801 2381 1856 mille
2422 1802 2580 1857 anni.
2613 1801 2743 1856 Haec
2790 1806 2879 1857 est
2928 1799 3272 1857 resurrectio
3325 1800 3533 1872 prima.
3564 1800 3747 1855 Beatus
3782 1803 3826 1854 et

2223 1896 2462 1946 sanctus
2493 1891 2591 1963 qui
2625 1890 2806 1946 habet
2859 1893 3079 1963 partem
3125 1889 3183 1944 in
3220 1887 3633 1944 resurrectione
3657 1887 3823 1961 prima.

2225 1980 2287 2036 In
2320 1980 2413 2035 his
2454 1979 2713 2034 secunda
2761 1996 2921 2035 mors
2970 1996 3083 2033 non
3143 1977 3324 2034 habet
3383 1976 3818 2051 potestatem,sed

2223 2072 2393 2123 erunt
2420 2067 2749 2122 sacerdotes
2778 2067 2879 2122 Dei
2911 2072 2967 2122 et
2995 2067 3212 2122 Christi
3246 2067 3577 2140 regnabant
3612 2082 3721 2121 cum
3744 2063 3823 2119 illo

2224 2155 2385 2211 mille
2416 2156 2585 2211 annis
2617 2156 2795 2227 (Apoc.
2830 2173 2920 2220 xx,
2956 2156 2985 2209 4
3019 2156 3095 2215 6).
3124 2178 3151 2204 ››

2761 2242 2992 2299 CAPUT
3031 2243 3333 2298 XXXVIII.

2295 2334 2686 2405 Recapitulatio
2714 2334 3020 2404 prwmissa:
3046 2333 3344 2389 sentcntiae
3374 2349 3443 2387 ex
3470 2332 3768 2404 Apocalypsi.

2294 2423 2426 2487 Qua:
2460 2420 2762 2492 prophetia
2792 2419 3131 2492 apostolica,
3157 2419 3444 2492 quoniam
3475 2437 3507 2475 a
3533 2419 3725 2475 sanctis
3750 2416 3826 2471 Pa-

2221 2510 2411 2565 tribus
2457 2508 2862 2580 multipliciter
2888 2514 2944 2564 et
2975 2509 3207 2581 copiose
3250 2512 3579 2582 exponitur,
3608 2508 3701 2564 hoc
3728 2511 3828 2562 tan-

2222 2603 2347 2653 tum
2380 2599 2514 2654 inde
2555 2598 2806 2654 breviter
2852 2597 3269 2653 insinuandum
3332 2598 3686 2664 arbitramur,
3706 2593 3827 2667 quod

2221 2688 2405 2742 bestia
2437 2687 2627 2759 prima
2656 2686 2867 2742 similis
2899 2688 3100 2758 pardo,
3135 2688 3306 2758 cujus
3347 2688 3521 2759 pedes
3554 2686 3683 2751 ursi,
3710 2690 3755 2740 et
3778 2698 3828 2739 os

2218 2775 2401 2832 leonis
2447 2781 2589 2843 erat,
2632 2775 3062 2831 Antichristum
3110 2775 3454 2848 specialiter
3498 2772 3826 2848 portenderit,

2218 2865 2388 2936 cujus
2418 2864 2740 2921 dominatio
2770 2864 3025 2920 mirabili
3055 2863 3385 2934 velocitate,
3418 2870 3474 2922 et
3501 2862 3828 2921 callidissima

2218 2954 2534 3025 rapacitate
2567 2952 2911 3025 proveniret,
2936 2954 3226 3026 cujusque
3268 2953 3608 3026 temporalis
3636 2953 3733 3006 vita
3756 2949 3823 3005 ci-

2218 3043 2447 3098 tissime
2479 3043 2613 3111 fine,
2647 3043 2951 3098 mensibus
2982 3042 3205 3098 scilicet
3232 3061 3308 3098 XL
3335 3043 3561 3099 duobus
3589 3040 3821 3097 termina-

2219 3132 2393 3187 bitur.
2419 3131 2717 3203 Siquidem
2752 3132 2970 3204 pardus
3001 3136 3089 3187 est
3119 3131 3371 3200 varium,
3401 3129 3818 3203 sanguinarium,

455 3220 745 3275 frontibus
778 3218 922 3286 suis,
948 3223 1097 3273 etne
1120 3219 1253 3289 quis
1285 3218 1737 3289 possitvendere
1758 3224 1859 3273 aut
1886 3235 2098 3285 emere,
2132 3205 2174 3270 C
2212 3220 2393 3289 velox,
2427 3238 2624 3292 rapax,
2658 3226 2715 3275 et
2746 3237 3001 3292 praeceps
3047 3219 3303 3289 animal;
3340 3222 3483 3277 adeo
3512 3226 3572 3275 ut
3614 3217 3747 3274 saltu
3772 3215 3818 3269 in

453 3307 566 3362 nisi
597 3307 697 3379 qui
728 3307 904 3362 habet
933 3307 1347 3373 characterem,
1372 3311 1473 3361 aut
1504 3323 1713 3361 nomen
1761 3306 1974 3370 bestias,
1998 3311 2101 3362 aut

2211 3313 2457 3363 mortem
2490 3314 2642 3373 ruat,
2667 3307 2805 3379 quia
2836 3313 2899 3362 ut
2929 3308 3011 3362 ait
3037 3307 3352 3377 Jeremias,
3378 3326 3491 3363 non
3515 3310 3689 3379 potest
3712 3320 3815 3359 mu-

454 3411 764 3451 numerum
798 3394 1054 3449 nominis
1084 3397 1231 3464 ejus,
1255 3400 1361 3449 etc.
1387 3395 1569 3465 (Apoc.
1600 3396 1682 3462 13,
1726 3397 1987 3467 11-18).»
2020 3397 2101 3451 De
2208 3401 2330 3452 tare
2385 3396 2691 3451 varietates
2745 3412 2882 3451 suas
2931 3396 3066 3467 (Jer.
3105 3413 3228 3463 xm,
3280 3398 3397 3467 23),
3438 3396 3600 3467 cujus
3652 3392 3813 3466 pedes,

452 3500 586 3554 qua,
612 3487 743 3554 post
773 3499 975 3553 pauca,
1010 3482 1254 3552 angelus
1277 3500 1410 3538 voce
1434 3500 1642 3555 magna
1677 3485 1817 3551 dicit
1846 3484 2100 3539 homini.

452 3572 562 3626 bus
587 3588 634 3625 :«
669 3571 725 3623 Si
756 3569 889 3641 quis
912 3570 1236 3624 adoraverit
1257 3571 1506 3626 bestiam
1530 3578 1585 3626 et
1610 3573 1925 3644 imaginem
1949 3574 2099 3644 ejus,

450 3664 507 3716 et
537 3659 821 3730 acceperit
843 3657 1233 3714 characterem
1258 3659 1317 3713 in
1354 3662 1533 3715 I'route
1567 3678 1694 3729 sua,
1719 3666 1820 3716 aut
1843 3662 1896 3715 in
1922 3679 2101 3716 manu

450 3765 578 3819 sua,
600 3753 657 3804 et
687 3746 778 3802 hic
807 3747 970 3802 bibet
1000 3747 1071 3802 de
1100 3747 1233 3802 vino
1268 3747 1362 3802 ira:
1397 3749 1515 3816 Dei,
1546 3751 1699 3821 quod
1744 3749 1985 3805 mistum
2017 3755 2105 3805 est

450 3853 609 3893 mero
663 3837 718 3891 in
767 3835 945 3891 calice
999 3835 1097 3890 ira:
1158 3836 1363 3909 ipsius,
1397 3842 1453 3893 et
1482 3839 1838 3893 cruciabitur
1889 3840 2021 3912 igne
2049 3842 2106 3895 et

448 3924 729 3997 sulphure
760 3925 819 3978 in
852 3930 1167 3995 conspectu
1209 3925 1549 3997 angelorum
1590 3944 1854 3994 suorum,
1889 3938 1943 3984 et
1974 3933 2106 3983 ante

449 4017 831 4083 conspectum
856 4011 1027 4083 Agni,
1055 4018 1111 4066 et
1132 4014 1333 4068 fumus
1364 4018 1386 4068 t
1428 4019 1788 4071 rmentorum
1814 4033 2014 4072 eorum
2045 4015 2105 4070 in

452 4099 666 4156 szecula
696 4100 1041 4155 saeculorum
1065 4103 1346 4169 ascendit,
1372 4119 1476 4158 nec
1496 4103 1712 4159 habent
1732 4105 1991 4176 requiem
2014 4104 2107 4160 die

452 4206 517 4245 ac
540 4195 706 4243 nocte
728 4188 826 4259 qui
849 4188 1233 4244 adoraverunt
1255 4190 1523 4260 bestiam,
1542 4198 1596 4247 et
1619 4193 1932 4265 imaginem
1956 4195 2107 4265 ejus,

453 4278 560 4334 etsi
596 4277 909 4349 quisquam
941 4276 1227 4349 acceperit
1270 4278 1663 4336 characterem
1698 4282 1950 4337 nominis
1980 4284 2109 4353 ejus

463 4368 647 4439 (Apoc.
680 4383 796 4433 xxv,
818 4366 997 4437 9.11).
1026 4389 1053 4415 ››

516 4456 691 4511 Porro
723 4455 969 4510 bestiam
1004 4454 1165 4510 illam
1195 4458 1513 4512 secundam
1535 4457 1593 4512 in
1613 4459 2109 4531 subsequentibus

2210 3485 2387 3556 pedes
2417 3488 2556 3539 sunt
2587 3485 2734 3551 ursi;
2770 3501 2977 3540 omnes
3007 3484 3229 3541 scilicet
3259 3485 3515 3541 haeretici
3545 3481 3815 3556 quamdam

2210 3574 2463 3645 speciem
2497 3573 2767 3628 humanas
2798 3574 3152 3645 sagacitatis,
3184 3575 3356 3646 quasi
3389 3573 3594 3629 divinae
3619 3566 3816 3627 rationis

2213 3661 2587 3733 mentiti,qui
2635 3667 2856 3733 quanto
2888 3667 3027 3718 sunt
3056 3662 3366 3719 inferiores
3418 3663 3477 3718 in
3524 3655 3814 3718 Antichristi

2213 3767 2469 3823 corpore,
2509 3755 2671 3806 tanto
2703 3751 3164 3823 perniciosiores.
3193 3752 3348 3824 Ipsis
3380 3753 3534 3809 enim
3569 3749 3816 3806 universo-

2214 3856 2345 3894 rum
2378 3855 2689 3911 compages
2711 3841 3110 3896 membrorum
3134 3840 3468 3897 retinentur
3488 3848 3542 3896 et
3562 3841 3816 3912 reguntur,

2214 3928 2358 4000 ipsis
2390 3932 2509 3983 tota
2542 3927 2725 3984 moles
2748 3928 3015 3984 diabolici
3039 3929 3301 4001 corporis
3329 3934 3680 3986 sustentatur
3706 3920 3820 3995 ipsis

2214 4022 2498 4089 gestetur,
2530 4016 2675 4089 ipsis
2705 4024 2986 4083 armatur,
3011 4017 3155 4089 ipsis
3186 4019 3414 4089 passim
3441 4020 3685 4089 vagatur,
3705 4009 3822 4085 ipsis

2215 4106 2556 4178 vestigatur,
2582 4123 2695 4161 non
2721 4111 2784 4160 ut
2804 4111 3154 4166 conteratur.
3179 4107 3281 4162 sed
3309 4111 3376 4162 ut
3400 4109 3687 4179 augeatur,
3707 4097 3820 4173 ipsis

2216 4200 2494 4266 tanquam
2515 4193 2893 4250 solidissimis
2911 4195 3235 4261 basibus,et
3249 4194 3546 4253 columnis
3562 4190 3821 4251 attollitur.

2217 4283 2381 4354 Ipsos
2402 4280 2672 4353 quisquis
2702 4282 2989 4354 sequitur,
3005 4281 3122 4338 sive
3149 4282 3576 4355 Paganus,sive
3602 4277 3821 4342 Judeus,

2218 4370 2337 4426 sive
2366 4369 2754 4447 Christianus,
2793 4369 3148 4426 Antichristo
3180 4387 3317 4426 mox
3365 4364 3823 4442 incorporatur,et

2218 4477 2321 4531 per
2353 4476 2451 4515 eos
2482 4459 2552 4514 ad
2584 4464 2863 4514 aeternum
2896 4458 3195 4515 interitum
3234 4464 3523 4531 portatur.
3548 4455 3740 4513 Deinde
3773 4453 3825 4505 ut

448 4548 618 4637 vocat
664 4543 1261 4637 pseudoprophetam,
1295 4545 1495 4637 dicens
1530 4563 1581 4600 ;‹‹
1606 4547 1675 4601 Et
1722 4547 1838 4637 vidi
1890 4550 1961 4603 de
2010 4567 2106 4606 ore
2136 4572 2182 4637 ι)
2219 4549 2503 4605 Dominus
2531 4548 2706 4603 Jesus
2734 4565 2799 4603 os
2844 4547 3029 4604 Patris
3067 4548 3282 4637 dicitur
3328 4553 3387 4604 et
3433 4552 3543 4616 est,
3573 4546 3650 4602 sic
3674 4545 3724 4599 et
3748 4537 3822 4637 ille

449 4632 738 4699 draconis,
755 4637 813 4687 et
833 4633 903 4687 de
924 4649 1021 4688 ore
1049 4632 1269 4698 bestiae,
1287 4638 1343 4688 et
1365 4635 1433 4688 de
1456 4651 1551 4690 ore
1584 4636 2102 4709 pseudoprophetze

447 4721 694 4791 Spiritus
727 4726 845 4775 tres
878 4722 1215 4776 immundos
1250 4721 1305 4776 in
1341 4723 1578 4777 modum
1624 4741 1920 4779 ranarum.
1953 4726 2104 4781 Sunt

448 4810 606 4866 enim
637 4808 882 4881 spiritus
913 4810 1331 4865 demoniorum
1366 4810 1639 4867 facientes
1669 4813 1855 4885 signa,
1882 4821 1937 4869 et
1969 4832 2099 4886 pro-

448 4896 666 4952 cedunt
715 4897 785 4951 ad
838 4912 1004 4968 reges
1045 4898 1225 4952 totius
1267 4903 1429 4952 terra:
1463 4915 1813 4973 congregare
1859 4901 1991 4958 illos
2040 4904 2098 4957 in

448 4984 717 5057 prailium
749 4985 821 5039 ad
854 4984 1007 5039 diem
1041 5002 1320 5058 magnum
1368 4987 1464 5041 Dei
1498 4988 1934 5059 omnipotentis.
1960 4990 2101 5048 Ecce

445 5074 613 5131 venio
639 5073 793 5129 sicut
816 5074 928 5128 fur.
955 5073 1166 5129 Beatus
1188 5075 1288 5145 qui
1321 5074 1521 5146 vigilat
1552 5081 1609 5131 et
1639 5079 1894 5133 custodit
1926 5080 2101 5136 vesti-

448 5168 647 5219 menta
668 5180 777 5219 sua
798 5178 870 5217 ne
894 5161 1089 5217 nudus
1116 5162 1394 5229 ambulet,
1417 5167 1475 5218 et
1496 5180 1566 5218 ne
1591 5163 1824 5221 videant
1856 5170 2100 5242 turpitu-

448 5251 639 5309 dinem
675 5251 804 5323 ejus
837 5252 1019 5324 (Apoc.
1044 5268 1159 5319 xvr,
1188 5251 1393 5322 13-15).
1427 5274 1447 5301 υ
1476 5253 1542 5307 Et
1570 5259 1702 5324 post
1731 5254 1928 5327 aliqua
1959 5274 2009 5313 :«
2034 5258 2101 5312 Et

450 5340 562 5396 vidi
596 5341 868 5406 bestiam,
892 5344 950 5396 et
979 5355 1144 5414 reges
1167 5344 1330 5396 terra
1353 5344 1409 5396 et
1431 5341 1714 5397 exercitus
1736 5360 1937 5401 eorum
1960 5363 2099 5403 con-

447 5432 717 5501 gregatos
747 5429 815 5485 ad
852 5428 1180 5485 faciendum
1212 5427 1477 5501 praelium
1502 5445 1637 5484 cum
1667 5429 1765 5485 illo
1798 5432 1897 5503 qui
1931 5435 2095 5491 sede-

447 5516 550 5572 bat
577 5515 636 5571 in
664 5532 833 5590 equo,
857 5522 914 5573 et
933 5534 1067 5573 cum
1089 5518 1340 5574 exercitu
1363 5518 1511 5588 ejus.
1539 5517 1603 5572 Et
1624 5519 1989 5591 apprehensa
2008 5528 2099 5582 est

448 5604 655 5680 bestia,
690 5610 747 5666 et
775 5622 909 5667 cum
938 5606 1038 5668 illo
1080 5605 1609 5685 pseudoprOphets,
1634 5607 1735 5687 qui
1766 5609 1902 5670 fecit
1928 5612 2098 5691 signa

2213 4636 2593 4709 blasphemus
2620 4654 2685 4692 os
2708 4636 2868 4693 illius
2887 4636 3072 4693 leonis
3096 4625 3383 4710 rugientis
3405 4643 3514 4703 est,
3537 4634 3631 4706 qui
3651 4626 3823 4687 circuit

2212 4743 2477 4798 quierens
2509 4742 2683 4797 quem
2717 4726 2948 4781 devoret
2978 4728 3023 4797 (I
3050 4727 3196 4781 Petr.
3218 4743 3273 4794 ν,
3298 4726 3378 4798 8),
3403 4724 3495 4781 cui
3525 4723 3690 4779 etiam
3717 4722 3821 4773 tan-

2212 4832 2388 4887 quam
2422 4814 2539 4869 tilio
2570 4820 2623 4869 et
2656 4814 2892 4870 brachio
2924 4814 3198 4870 virtutem
3230 4831 3402 4871 suam
3434 4818 3491 4870 et
3519 4810 3819 4886 petestatem

2210 4905 2370 4959 dedit
2386 4904 2581 4974 draco,
2598 4904 2750 4958 idem
2776 4903 2874 4976 qui
2892 4909 2948 4959 et
2966 4905 3361 4977 leo,utaperta
3378 4900 3553 4959 simul
3571 4904 3623 4956 et
3636 4891 3822 4955 occulta

2212 4992 2434 5048 malitia
2462 4992 2855 5048 debacchetur
2884 4993 2943 5047 in
2976 4994 3215 5049 mundo.
3241 4992 3355 5048 Sed
3380 4992 3557 5047 haeret
3583 5004 3675 5045 eos
3700 4993 3819 5055 quos

2210 5081 2610 5153 incorporatos
2636 5086 2693 5136 et
2721 5083 2899 5153 pedes
2930 5083 3057 5153 ejus
3088 5098 3216 5138 esse
3246 5078 3557 5153 symmista
3582 5074 3676 5131 Dei
3703 5083 3818 5143 pra!-

2208 5170 2354 5225 vidit
2386 5170 2445 5224 in
2477 5169 2593 5225 alia
2631 5170 2819 5225 bestia
2860 5170 3192 5242 specialiter
3237 5168 3594 5241 signiﬁcatos
3625 5163 3678 5218 in
3706 5156 3817 5215 sub-

2209 5258 2591 5331 sequentibus
2624 5258 2942 5330 conspexit,
2974 5276 3100 5330 que:
3130 5256 3485 5315 ascendebat
3513 5254 3583 5309 de
3604 5256 3755 5312 terra,
3774 5244 3819 5297 et

2209 5346 2461 5403 habebat
2490 5347 2604 5402 duo
2632 5363 2852 5402 cornua
2880 5346 3099 5404 similia
3126 5346 3298 5420 Agni,
3330 5352 3388 5402 et
3418 5341 3743 5416 loquebatur
3766 5331 3818 5386 αι

2209 5436 2399 5491 draco.
2425 5436 2641 5492 Omnes
2672 5436 2827 5492 enim
2860 5435 3133 5505 haaretici,
3158 5436 3257 5509 qui
3288 5430 3602 5490 Christiani
3629 5442 3686 5482 se
3710 5431 3813 5509 esse

2206 5524 2428 5590 dicunt,
2443 5528 2727 5597 tanquam
2751 5525 2945 5582 bestiae
2967 5525 3038 5581 de
3066 5507 3222 5581 terra
3249 5522 3591 5585 ascendunt,
3611 5512 3735 5589 quia
3756 5507 3813 5565 d6

2207 5612 2505 5677 soliditate
2535 5612 2804 5677 Ecclesiae
2845 5613 3254 5677 ostentationis
3300 5610 3392 5673 vel
3437 5602 3690 5673 elationis
3712 5608 3810 5662 sua
