4106 6178
321 307 480 370 1125

864 308 1277 375 ADVERSUS
1326 307 1794 374 SIMONIACOS
1841 304 2048 376 LIBRI
2098 314 2326 378 TRES.
2359 347 2438 364 —
2467 317 2697 380 LIBER
2749 319 3182 386 SECUNDUS.

3573 328 3724 391 “96

335 441 487 498 fastu
520 446 731 497 exeunt
765 444 837 498 ad
869 443 1028 500 illius
1053 445 1290 499 marium
1345 445 1567 505 bellum,
1628 446 1966 503 Antichristi
1997 447 2055 514 Α
2085 464 2296 519 nymus
2326 449 2472 505 sicut
2497 453 2622 522 jam
2657 454 2928 524 superius
2958 455 3211 524 positum
3240 463 3347 525 est,
3399 460 3482 514 sic
3536 467 3727 518 osten-

321 529 566 594 scilicet,
593 531 853 602 potentia
874 531 1136 588 saeculari
1161 533 1606 590 intumescentis
1630 535 1966 607 obsquium,

324 619 651 675 secundum
685 621 989 691 praesentis
1019 621 1266 692 apostoli
1303 622 1566 678 dictum:
1623 645 1650 672 ‹‹
1685 624 1766 678 Ex
1797 623 1968 679 nobis

321 707 609 776 exierunt,
643 709 740 764 sed
778 725 894 764 non
925 714 1093 764 erant
1125 727 1190 764 ex
1222 710 1409 766 nobis.

387 797 564 851 Terra
596 795 750 851 enim
787 813 900 852 non
933 798 1250 870 incongrue
1273 797 1364 854 hic
1389 797 1738 870 intelligitur
1797 816 1964 856 sanc-

313 888 376 940 ta
405 884 680 954 Ecclesia,
714 886 786 940 de
833 903 949 958 qua
979 886 1284 959 allegorice
1315 887 1397 943 ait
1425 888 1735 944 Psalmista
1763 907 1775 944 :
1812 889 1965 954 «Qui

313 973 586 1028 fundavit
613 978 829 1029 terram
861 992 1040 1046 super
1071 975 1453 1031 stabilitatem
1485 993 1676 1043 suam,
1709 994 1824 1032 non
1884 978 1967 1032 in-

314 1061 634 1119 clinabitur
664 1063 722 1117 in
756 1064 1036 1119 saeculum
1069 1064 1262 1119 saeculi
1293 1065 1464 1133 (Psal.
1500 1082 1621 1130 cur,
1653 1066 1732 1134 5).
1766 1087 1794 1115 n
1847 1067 1917 1122 Et
1949 1083 1961 1121 :

314 1174 344 1201 «
369 1151 603 1207 Domini
633 1157 720 1207 est
743 1156 896 1208 terra
927 1157 982 1209 et
1024 1153 1325 1225 plenitudo
1384 1154 1533 1224 ejus,
1567 1155 1726 1210 orbis
1783 1159 1965 1210 terra-

314 1257 446 1294 rum
466 1243 523 1294 et
543 1239 796 1295 universi
825 1241 921 1312 qui
943 1240 1211 1296 habitant
1242 1241 1300 1296 in
1334 1258 1420 1297 eo.
1467 1242 1611 1308 Quia
1638 1243 1762 1314 ipse
1792 1259 1969 1314 super

313 1328 510 1383 maria
542 1328 808 1384 fundavit
863 1347 1020 1397 cum,
1052 1335 1110 1384 et
1149 1347 1325 1403 super
1381 1330 1626 1386 ﬁumina
1678 1332 1968 1403 separavit

313 1434 472 1474 eum.
497 1416 636 1482 Quis
659 1419 920 1473 ascendit
941 1418 1000 1473 in
1025 1424 1283 1474 montem
1306 1419 1668 1485 D3mini,aut
1690 1420 1822 1492 quis
1845 1424 1968 1476 sta-

312 1505 402 1560 bit
430 1505 640 1561 inloco
667 1510 866 1562 sancto
890 1507 1064 1578 ejus?
1103 1508 1272 1577 (Psal.
1329 1523 1491 1574 xvm,
1534 1509 1668 1580 4-3).
1694 1531 1722 1557 η
1776 1511 1964 1580 Ipsam

313 1595 474 1650 enim
499 1610 678 1666 super
702 1595 891 1650 maria
911 1595 1215 1663 Dominus,
1244 1597 1301 1651 id
1333 1601 1420 1652 est
1442 1614 1619 1668 super
1653 1597 1964 1653 elationem

316 1687 376 1738 et
399 1688 722 1755 potentiam
749 1685 1109 1740 mundanam
1134 1701 1262 1741 esse
1284 1685 1635 1758 fecit.[psam
1654 1703 1831 1758 super
1859 1686 1970 1741 flu-

323 1773 506 1840 mina,
532 1773 882 1844 cupiditates
919 1773 1144 1829 scilicet
1179 1774 1510 1844 saeculares,
1560 1775 1790 1841 extulit,
1821 1780 1887 1830 ut
1915 1776 1962 1831 si

306 1862 434 1930 jam
458 1860 774 1933 singularis
807 1878 976 1918 mons
998 1862 1126 1933 ejus
1151 1863 1369 1934 pariter
1387 1868 1444 1919 et
1492 1868 1732 1920 sanctus
1775 1863 1963 1923 locus.

315 1950 392 2004 Ex
417 1967 533 2021 qua
569 1954 825 2022 quotqut
875 1955 1086 2006 exeunt
1133 1951 1249 2006 duo
1301 1968 1520 2008 cornua
1559 1952 1776 2008 similia
1809 1953 1960 2025 Agni

310 2039 703 2111 praetendunt,
731 2039 867 2111 quia
891 2043 991 2094 aut
1012 2041 1127 2094 duo
1147 2040 1521 2095 Testamenta
1575 2057 1636 2096 se
1686 2042 1962 2114 recipere,

311 2131 412 2183 aut
428 2128 672 2184 totidem
696 2127 998 2183 charitatis
1021 2133 1306 2200 praecepta
1324 2130 1650 2196 observare,
1673 2135 1772 2184 aut
1794 2146 1963 2186 suam

311 2216 638 2288 potentiam
672 2217 744 2271 ad
777 2233 1022 2289 regnum
1047 2221 1103 2272 et
1135 2217 1530 2272 sacerdotium
1574 2217 1784 2273 Christi
1841 2235 1965 2290 per-

311 2304 518 2359 tinere.
546 2308 648 2359 aut
680 2304 976 2376 baptismo
1007 2304 1157 2376 ejus,
1181 2309 1237 2360 et
1268 2321 1438 2360 cruce
1461 2321 1522 2360 se
1573 2307 1967 2362 sanctiﬁcatos

309 2393 829 2448 contendunt.Sod
849 2392 908 2447 in
940 2392 1033 2449 his
1065 2393 1292 2448 nullam
1323 2393 1622 2449 veritatem
1647 2398 1854 2465 praeter
1872 2412 1966 2450 so-

309 2481 428 2537 lam
449 2498 734 2537 cornuum
749 2482 896 2553 Agni
919 2481 1362 2538 similitudinem
1381 2481 1573 2554 specie
1590 2488 1760 2538 tenus
1778 2487 1968 2538 osten-

307 2570 483 2624 dunt.
511 2568 742 2624 Undeet
763 2568 1106 2640 loquuntur,
1131 2569 1285 2624 sicut
1313 2570 1485 2624 draco
1508 2593 1534 2619 «
1561 2570 1658 2641 qui
1685 2571 1742 2624 in
1761 2571 1966 2626 verita-

307 2662 366 2713 te
394 2674 510 2712 non
535 2657 714 2714 stetit.
738 2657 867 2722 Qui,
887 2674 1020 2713 cum
1042 2657 1302 2730 loquitur
1323 2657 1715 2725 mendacium,
1741 2660 1811 2714 de
1833 2677 1964 2732 pro-

314 2747 444 2819 prio
467 2746 745 2818 loquitur,
771 2747 909 2818 quia
929 2748 1182 2802 mandax
1196 2752 1283 2802 est
1303 2747 1450 2819 ipse,
1476 2752 1533 2802 et
1558 2753 1724 2820 pater
1773 2750 1901 2820 ejus
1935 2772 1962 2798 ››

307 2837 490 2906 (Joan.
510 2853 632 2902 vm,
650 2836 763 2905 1M),
785 2840 841 2891 et
863 2835 1015 2890 sicut
1044 2835 1141 2891 ille
1154 2837 1223 2890 ad
1247 2835 1358 2890 hoc
1379 2840 1608 2890 tantum
1634 2836 1866 2892 locutus
1903 2842 1964 2893 et

312 2923 578 2996 loquitur
597 2927 827 2979 tantum
852 2929 915 2978 ut
935 2923 1231 2978 homicida
1261 2924 1397 2991 ﬁat;
1438 2925 1520 2980 sic
1543 2925 1710 2979 etisti
1760 2927 1830 2980 ad
1855 2925 1963 2980 hoc

310 3016 544 3067 tantum
572 3011 896 3084 loquuntur
925 3016 988 3066 ut
1035 3012 1340 3067 homicidae
1394 3013 1555 3066 ﬁant.
1619 3013 1725 3078 Qui
1785 3014 1960 3068 etiam

314 3115 552 3154 omnem
584 3102 927 3170 potestatem
961 3099 1172 3170 prioris
1195 3099 1391 3154 bestias
1425 3099 1648 3155 faciunt
1677 3099 1734 3155 in
1789 3117 1962 3156 cons-

2077 535 2492 601 dit,dicens:«
2519 542 2682 596 Sicut
2711 542 2865 597 idola
2889 544 3036 597 ﬁunt
3094 561 3270 600 manu
3325 549 3586 614 artiﬁcis,
3647 551 3726 607 ita

2076 623 2481 684 haereticorum
2513 646 2842 700 perversam
2874 632 3202 688 doctrinam
3260 635 3592 708 quicunque
3645 641 3722 694 si-

2076 712 2388 771 mulaverit
2420 717 2476 770 in
2509 717 2731 773 idolum
2763 719 2952 784 vertit,
2977 724 3032 774 et
3064 722 3198 776 iacit
3224 739 3324 794 pro
3347 723 3575 781 Christo
3595 727 3727 783 ado-

2076 801 2188 855 rari
2214 802 2660 861 Antichristum.
2681 829 2707 856 »
2734 808 2838 872 Qui
2859 809 3134 878 quoniam
3153 811 3338 882 signis
3359 828 3486 882 quae
3509 814 3727 870 faciunt

2075 889 2131 943 in
2158 897 2470 962 conspectu
2513 893 2896 950 bestimillius
2948 898 3233 952 seducunt
3282 899 3617 958 habitantes
3665 905 3724 959 in

2074 981 2229 1032 terra
2250 979 2472 1036 scilicet
2496 983 2832 1050 Ecclesiam,
2859 985 3103 1057 pusillos
3127 992 3181 1040 et
3230 1004 3497 1060 magnos,
3517 991 3726 1048 divites

2077 1069 2132 1120 et
2154 1083 2456 1138 pauperes,
2499 1069 2714 1126 liberos
2767 1078 2824 1126 et
2868 1090 3064 1129 servos
3107 1077 3283 1130 etiam
3337 1077 3623 1134 Dominus
3665 1081 3723 1135 in

2074 1155 2384 1225 Evangelio
2408 1158 2492 1212 sic
2515 1160 2638 1215 suis
2669 1161 2962 1232 prmdicit:
3017 1185 3043 1210 «
3088 1167 3410 1236 Fxsurgent
3469 1168 3719 1237 pseudo-

2077 1241 2298 1309 christi,
2325 1250 2378 1299 et
2405 1249 2938 1319 pscudOprophetae,
2965 1254 3020 1303 et
3041 1251 3266 1306 dabunt
3288 1253 3458 1325 signa
3502 1260 3558 1309 et
3581 1272 3715 1326 pro-

2077 1332 2252 1404 digia,
2279 1333 2359 1388 ita
2380 1335 2520 1390 utin
2545 1338 3188 1403 erroreminducantur,
3239 1341 3287 1394 si
3339 1343 3458 1397 ﬁeri
3512 1349 3722 1414 potest,

2076 1420 2262 1476 electi.
2288 1423 2353 1476 Et
2379 1427 2513 1479 tunc
2534 1425 2579 1479 si
2606 1425 2852 1479 dixerint
2873 1427 3034 1482 vobis
3059 1444 3070 1478 :
3098 1429 3239 1482 Ecce
3264 1428 3354 1483 hic
3383 1436 3470 1485 est
3521 1431 3723 1488 Chris-

2077 1513 2194 1571 tus,
2221 1510 2518 1579 ecceillic;
2546 1511 2723 1567 nolite
2745 1514 2975 1568 credere
3000 1515 3208 1585 (Matth.
3249 1534 3398 1582 xx1v,
3423 1520 3512 1584 ‘23,
3548 1520 3660 1591 27a),
3695 1543 3722 1570 ))

2077 1597 2381 1664 noliteire,
2408 1616 2595 1670 neque
2627 1602 2951 1656 sectamini.
2999 1603 3162 1658 Sicut
3211 1605 3365 1659 enim
3426 1607 3720 1678 prOphetze

2078 1685 2259 1740 sancti
2289 1691 2421 1742 ante
2443 1687 2760 1744 adventum
2778 1690 2916 1744 Jcsu
2942 1690 3154 1745 Christi
3181 1709 3214 1762 p
3247 1693 3484 1759 rimum,
3534 1696 3718 1750 sancti

2078 1790 2308 1845 quoque
2333 1775 2575 1846 apostoli
2601 1782 2656 1831 et
2707 1777 3028 1832 imitatores
3062 1796 3284 1846 eorum,
3332 1787 3464 1836 ante
3515 1799 3725 1838 secun-

2074 1864 2549 1928 dum,dederunt
2569 1870 2623 1919 et
2646 1866 2989 1937 dantsigna,
3041 1872 3097 1921 et
3136 1869 3402 1939 prodigia
3455 1870 3646 1926 multa
3667 1876 3724 1926 et

2076 1967 2310 2022 magna,
2337 1952 2420 2006 sic
2444 1957 2499 2007 et
2518 1953 2792 2017 hmretici,
2819 1955 2915 2026 qui
2941 1973 2972 2008 a
2994 1955 3238 2010 Domino
3263 1957 3539 2011 dicuntur
3556 1975 3724 2029 pseu-

2082 2039 2456 2110 doprophota:
2476 2045 2531 2094 ct
2556 2043 3010 2112 pseudochristi,
3032 2048 3094 2097 ut
3117 2045 3611 2114 putaAntichristi
3637 2047 3718 2102 fa-

2075 2127 2238 2182 ciunt
2260 2134 2578 2183 antesuum
2635 2131 2956 2202 principem
3004 2132 3446 2187 Antichristum.
3475 2135 3584 2189 Sed
3630 2135 3721 2189 in-

2075 2215 2343 2287 quiratur
2363 2234 2490 2286 qum
2513 2218 2679 2290 signa
2699 2224 2754 2273 et
2772 2219 3036 2290 prodigia
3054 2219 3306 2276 cultores
3321 2221 3532 2277 Christi
3557 2225 3718 2279 dede-

2075 2304 2210 2370 rint,
2238 2303 2324 2358 vel
2353 2304 2575 2370 dent,et
2601 2323 2728 2377 qua:
2753 2307 3006 2362 cultores
3059 2309 3418 2363 Antichristi.
3441 2310 3718 2381 Equidem

2076 2409 2377 2464 praecones
2397 2393 2566 2464 primi
2597 2395 2884 2449 adventus
2907 2396 3115 2450 Christi
3142 2396 3415 2451 omnibus
3438 2399 3560 2452 suis
3577 2401 3720 2453 actis

2075 2484 2130 2534 et
2151 2481 2322 2534 dictis
2346 2487 2712 2536 sacramenta
2733 2483 2966 2548 Christi,
2995 2489 3050 2538 et.
3072 2484 3338 2539 Ecclesiae
3359 2487 3485 2554 ejus
3510 2492 3718 2557 praetu-

2073 2568 2285 2632 lerunt,
2313 2574 2367 2623 et
2387 2571 2871 2640 przeinvenerunt,
2899 2573 3050 2626 sicut
3095 2573 3341 2642 Moyses,
3392 2574 3450 2628 in
3501 2577 3718 2631 summi

2073 2657 2370 2712 Pontiﬁcis
2395 2659 2574 2713 nostri
2601 2660 2871 2729 ﬁguram,
2893 2659 3269 2714 lsrseliticum
3293 2661 3574 2732 populum
3618 2680 3721 2734 per

2074 2763 2232 2802 mare
2257 2746 2518 2801 Rubrum
2543 2748 2861 2813 transtulit,
2885 2765 3102 2801 manna
3124 2749 3195 2801 de
3213 2748 3354 2803 cmlo
3399 2751 3634 2817 cibavit,
3659 2755 3715 2806 et

2073 2852 2218 2906 aqua
2239 2836 2305 2889 de
2329 2840 2492 2906 petra
2513 2837 2747 2906 potavit,
2775 2837 3222 2908 sacerdotesque
3262 2843 3318 2892 et
3365 2839 3718 2896 tabernacu-

2071 2922 2194 2976 lum
2219 2939 2351 2978 cum
2378 2925 2535 2977 omni
2561 2923 2951 2994 suppellectili
2975 2941 3083 2979 sua
3122 2942 3236 2979 non
3258 2923 3381 2979 solo
3431 2927 3718 2998 sanguine

2073 3011 2417 3082 puriﬁcavit,
2444 3013 2543 3066 sed
2565 3012 2740 3066 etiam
2786 3013 3104 3068 chrismate
3150 3015 3551 3070 sanctiﬁcavit.
3585 3017 3716 3080 Qua;

2077 3097 2371 3154 catholica:
2390 3099 3229 3172 veritatisimago,velumbra
3277 3120 3391 3156 non
3448 3106 3716 3176 cessavit,

311 3191 485 3260 pectu
519 3187 666 3257 ejus,
705 3186 863 3259 quia,
895 3192 997 3242 aut
1025 3187 1252 3242 occulta
1303 3192 1404 3243 aut
1457 3192 1658 3260 aperta
1717 3189 1960 3258 malitia,
1991 3173 2035 3241 C
2074 3188 2255 3242 donec
2277 3188 2506 3242 advenit
2526 3188 2750 3243 Veritas
2773 3189 2922 3260 ipsa,
2945 3189 3230 3255 Christus,
3256 3191 3356 3262 qui
3405 3193 3579 3247 etiam
3631 3173 3718 3249 est

314 3293 435 3331 non
473 3275 666 3330 minus
699 3275 826 3346 ipso
858 3275 1217 3331 Antichristo
1260 3275 1318 3330 in
1379 3275 1646 3331 homines
1694 3277 1962 3333 saeviunt.

309 3366 498 3430 Quam
531 3369 724 3427 tamen
755 3365 813 3418 in
847 3368 1160 3436 conspectu
1191 3365 1319 3436 ejus
1351 3364 1596 3432 faciunt,
1632 3365 1771 3437 quia
1816 3366 1967 3422 sicut

310 3451 584 3508 catholici
609 3453 679 3508 ad
707 3452 1002 3508 Christum
1029 3453 1588 3525 referuntquidquid
1609 3453 1735 3526 ipso
1767 3459 1965 3510 aucto-

307 3558 370 3598 re
395 3546 602 3614 agunt,
629 3542 709 3596 ita
730 3546 785 3597 et
806 3541 1056 3597 hazretici
1077 3543 1148 3597 ad
1196 3542 1623 3598 Antichristum
1673 3543 1962 3616 quidquid

307 3635 598 3702 potestate
634 3631 706 3684 ab
738 3629 837 3685 illo
876 3631 1011 3685 data
1043 3629 1282 3686 faciunt.
1344 3631 1512 3696 Nam,
1572 3631 1727 3687 sicut
1777 3634 1963 3688 sancti

301 3719 599 3792 propheta:
665 3719 979 3791 praeierunt
1030 3724 1164 3774 ante
1211 3719 1418 3774 laciem
1469 3719 1700 3774 Domini
1760 3738 1964 3792 parare

299 3809 427 3863 vias
454 3807 585 3879 ejus
609 3809 761 3873 (Luc.
789 3825 828 3872 ι,
849 3808 961 3878 76),
988 3809 1071 3863 sic
1102 3813 1159 3863 et
1180 3808 1274 3862 isti
1302 3825 1683 3881 prazcursores
1715 3810 1844 3864 facti
1893 3811 1962 3865 il-

301 3895 424 3952 lius
445 3899 728 3967 upostatae
753 3900 1034 3968 praeeunt,
1058 3900 1116 3952 et
1139 3896 1196 3951 in
1224 3901 1540 3968 conspectu
1563 3896 1722 3954 illius
1743 3899 1964 3954 faciunt

315 3984 609 4056 quidquid
635 3983 872 4040 faciunt.
899 3984 1060 4048 Quod
1079 3989 1266 4040 totum
1296 3986 1527 4040 nonnisi
1563 3985 1785 4041 malum
1835 4003 1962 4043 esse

298 4077 514 4146 potest,
553 4073 782 4129 etiamsi
809 4075 1026 4129 bonum
1052 4074 1393 4146 apparet.Ut
1420 4075 1575 4130 enim
1607 4075 1743 4130 boni
1772 4092 1964 4131 exem-

305 4161 410 4235 plo
434 4162 840 4234 Redemptoris
873 4162 963 4218 sui
991 4162 1240 4218 dicentis
1274 4179 1287 4218 :
1323 4186 1349 4214 «
1378 4167 1493 4235 Ego
1541 4162 1787 4234 gloriam
1847 4181 1964 4220 me-

304 4268 402 4306 am
437 4267 548 4306 non
586 4268 784 4323 quaero
808 4252 986 4323 (Joan.
1007 4251 1264 4322 vm,50);
1285 4273 1305 4300 ι
1325 4256 1417 4308 et:
1445 4251 1616 4307 «Non
1637 4251 1767 4307 veni
1810 4253 1960 4309 face-

300 4357 361 4396 re
390 4340 760 4396 voluntatem
795 4358 1008 4410 meam,
1037 4342 1138 4396 sed
1169 4341 1297 4411 ejus
1330 4340 1430 4412 qui
1466 4340 1627 4396 misit
1658 4358 1750 4397 me
1782 4342 1956 4413 (Joan.

297 4446 374 4493 vr,
401 4430 516 4496 38),
547 4451 568 4476 ι
588 4428 876 4500 quidquid
899 4433 1037 4484 sunt
1058 4433 1115 4484 et
1137 4435 1389 4502 possunt
1410 4429 1522 4501 ipsi
1542 4429 1953 4498 tribuunt,non

299 4534 430 4590 quas
455 4523 736 4583 suasunt,
763 4518 863 4573 sed
889 4535 1015 4590 quae
1041 4517 1254 4573 Christi
1281 4518 1627 4589 quaerendo;
1655 4519 1737 4573 sic
1761 4522 1818 4573 et
1867 4537 1952 4576 re-
1987 4539 2034 4603 D

299 4605 467 4678 probi
491 4623 596 4662 suo
623 4610 852 4661 tantum
876 4607 1188 4678 quaerendo
1211 4611 1269 4662 et
1288 4624 1404 4662 non
1426 4606 1955 4679 Christi,quidquid

296 4695 523 4750 faciunt
545 4695 812 4766 (Philipp.
835 4711 900 4762 II,
923 4696 1037 4766 2t),
1058 4695 1117 4749 in
1141 4703 1452 4767 conspectu
1475 4694 1819 4750 Antichristi
1869 4696 1952 4751 fa-

297 4782 482 4850 ciunt,
508 4781 608 4854 qui
630 4782 689 4837 in
708 4784 943 4838 nomine
965 4800 1072 4839 suo
1092 4788 1374 4839 venturus
1396 4800 1429 4838 a
1461 4784 1778 4854 semetipso
1802 4784 1956 4840 sicut

298 4872 556 4927 mendax
579 4871 871 4944 loquetur,
897 4871 1141 4944 gloriam
1173 4875 1401 4927 tantum
1434 4872 1730 4944 propriam
1791 4890 1953 4945 quaa-

297 4961 527 5016 siturus
555 4959 822 5032 exemplo
856 4961 1039 5033 patris
1071 4961 1160 5017 sui
1194 4960 1487 5026 draconis,
1522 4961 1618 5032 qui
1654 4962 1724 5016 ab
1785 4961 1952 5017 initio

299 5066 411 5105 sua
441 5053 672 5104 tantum
705 5049 993 5120 quaesivit,
1029 5050 1127 5105 ubi
1165 5049 1458 5122 propriam
1493 5049 1603 5104 sibi
1637 5050 1834 5105 sedem
1863 5067 1954 5106 ex-

300 5137 571 5212 ploravit,
605 5141 660 5192 et
689 5138 990 5194 Altissimo
1036 5138 1249 5194 similis
1281 5138 1401 5194 fore
1460 5154 1562 5209 per
1613 5138 1947 5210 superbiam

298 5226 634 5299 concupivit
664 5226 816 5298 (Isai.
849 5243 960 5288 xxv.
997 5228 1109 5298 14).

875 5315 1105 5370 CAPUT
1141 5313 1379 5370 XXXIX.

528 5404 664 5472 Quae
682 5407 794 5459 sint
811 5407 973 5476 signa
989 5412 1040 5460 et
1051 5403 1299 5477 prodigia
1323 5401 1735 5458 catholicorum.

366 5491 630 5560 Qualiter
666 5497 870 5550 autem
905 5492 1125 5550 faciant
1155 5491 1411 5549 heretici
1441 5495 1656 5546 terram
1688 5495 1746 5547 et
1790 5491 1952 5547 inha-

291 5584 554 5643 bitantes
582 5579 644 5642 in
675 5598 744 5642 ea
774 5583 1018 5645 adorare
1047 5581 1296 5643 bestiam
1329 5582 1604 5656 primam,
1639 5580 1701 5640 Β.
1743 5579 1949 5648 Hiero-

2073 3275 2162 3331 via
2185 3281 2241 3330 et
2257 3275 2391 3330 vita.
2413 3277 2494 3330 Tu
2507 3293 2573 3330 nc
2604 3278 2818 3333 veritas
2849 3279 2920 3333 de
2952 3283 3104 3336 terra
3121 3283 3248 3333 orta
3270 3297 3474 3335 omnes
3492 3286 3714 3353 gentes,

2075 3380 2177 3436 per
2207 3381 2498 3436 prmcones
2541 3365 2779 3420 secundi
2842 3368 3124 3422 adventus
3177 3368 3289 3434 sui,
3355 3386 3454 3440 per
3511 3387 3714 3425 verum

2075 3453 2385 3522 baptisma,
2419 3454 2712 3519 transfert,
2747 3471 2896 3525 pane
2926 3457 3051 3511 vivo
3096 3462 3153 3511 et
3183 3473 3315 3511 vero
3376 3459 3550 3524 cibat,
3583 3460 3716 3515 vino

2074 3558 2218 3597 novo
2250 3547 2429 3613 potat,
2464 3548 2519 3597 et
2552 3559 2664 3597 non
2697 3543 2885 3598 solum
2920 3546 3270 3610 sacerdotes,
3325 3547 3425 3600 sed
3488 3547 3713 3602 univer-

2073 3647 2198 3684 sam
2230 3647 2462 3702 quoque
2493 3631 2808 3686 Ecclesiam
2839 3650 3006 3688 suam
3053 3651 3156 3689 suo
3210 3635 3497 3706 sanguine
3554 3635 3716 3707 prius

2073 3719 2434 3790 redemptam
2467 3719 2664 3791 gratim
2695 3737 2811 3775 sua:
2844 3722 3117 3776 unctione
3149 3723 3274 3777 sine
3325 3723 3714 3778 intermissio-

2073 3821 2145 3859 ne
2175 3805 2517 3860 sanctiﬁcat.

2143 3893 2211 3947 Et
2241 3892 2361 3947 haec
2393 3897 2680 3964 quatenus
2712 3899 2847 3966 agat
2877 3894 3211 3965 Apostolus,
3245 3913 3457 3968 panem
3516 3903 3573 3953 et
3625 3898 3711 3953 vi-

2073 3998 2215 4035 num
2239 3981 2453 4036 Christi
2481 3982 2921 4047 commendans,
2943 3984 3325 4040 demonstrat.
3379 4010 3406 4037 ‹‹
3450 3987 3711 4052 Quoties-

2072 4085 2321 4139 cunque,
2355 4068 2560 4139 inqvit,
2597 4070 3028 4127 manducabitis
3053 4091 3262 4144 panem
3281 4075 3454 4143 hunc,
3490 4083 3546 4132 et
3568 4077 3710 4133 cali-

2071 4173 2196 4212 cem
2212 4156 2696 4224 bibetis,mortem
2719 4159 2946 4215 Domini
2971 4179 3127 4218 annu
3140 4163 3608 4231 ntiabitis,donec
3622 4183 3712 4222 vo-

2070 4245 2195 4300 niat
2217 4245 2265 4315 (1
2287 4245 2646 4316 Cor.x1,26).»
2662 4245 2840 4318 lgitur
2861 4248 3168 4305 utinterim
3188 4257 3488 4309 taceamus
3503 4254 3710 4310 delan-

2069 4334 2266 4406 guidis
2287 4335 2525 4401 curatis,
2545 4340 2600 4390 et
2622 4337 2875 4391 mortuis
2894 4339 3220 4404 viviﬁcatis,
3254 4343 3593 4412 caeterisque
3615 4345 3710 4398 be-

2069 4422 2404 4478 neﬁciisseu
2429 4423 2719 4493 vindiciis,
2749 4443 2874 4497 qum
2925 4427 3100 4482 etiam
3119 4429 3290 4500 signa
3335 4434 3393 4483 et
3445 4431 3710 4502 prodigia

2068 4512 2304 4567 fuerunt
2326 4517 2380 4568 et
2400 4517 2560 4583 sunt,
2580 4513 2847 4570 dicamus
2864 4515 3085 4586 aliquid
3110 4517 3180 4570 de
3230 4517 3351 4571 solo
3395 4518 3708 4588 baptismo,

2067 4600 2352 4656 sacriﬁcio
2375 4607 2431 4656 et
2454 4602 2748 4667 unctione,
2782 4619 2908 4674 qum
2934 4605 3205 4658 videntur
3255 4604 3626 4676 principalia,
3659 4613 3714 4662 et

2067 4689 2322 4744 maxima
2343 4690 2513 4761 signa
2529 4695 2584 4743 et
2604 4691 2868 4761 prodigia
2888 4707 3036 4757 esse,
3063 4693 3202 4762 quia
3247 4692 3372 4746 sine
3397 4692 3488 4748 his
3538 4711 3709 4750 nemo

2065 4783 2256 4849 potest
2280 4784 2392 4833 Deo
2407 4778 2612 4832 vivere.
2639 4779 2699 4831 In
2725 4778 2816 4833 his
2840 4779 3037 4849 itaque
3061 4781 3369 4836 nobiscum
3397 4787 3484 4836 est
3503 4799 3537 4838 a
3590 4784 3710 4855 pri-

2064 4884 2160 4934 mo
2183 4867 2429 4922 adventu
2455 4883 2561 4920 suo
2586 4883 2771 4936 usque
2793 4867 3112 4922 secundum
3134 4870 3228 4940 qui
3261 4871 3369 4924 erit
3391 4871 3448 4926 in
3476 4872 3588 4926 fine
3611 4889 3713 4928 saa-

2063 4955 2199 5010 culi.
2221 4955 2348 5010 Hazc
2369 4954 2450 5008 ita
2470 4955 2640 5025 signa
2663 4959 2800 5008 sunt
2826 4959 2889 5009 ut
2912 4956 3031 5010 sint
3051 4958 3226 5013 etiam
3251 4977 3361 5015 res.
3385 4961 3528 5015 Nam
3553 4962 3710 5032 quod

2064 5044 2351 5101 suntetin
2386 5059 2445 5098 se
2479 5042 2713 5105 habent,
2750 5042 3102 5113 signiﬁcant.
3138 5048 3232 5103 Sic
3292 5049 3543 5104 visibilis
3577 5049 3706 5104 fons

2063 5133 2440 5206 baptismatis
2471 5131 2705 5203 signum
2734 5137 2844 5200 est,
2878 5135 3031 5204 quod
3065 5141 3261 5191 tamen
3321 5137 3378 5191 in
3412 5153 3474 5192 se
3532 5136 3708 5194 habet

2063 5221 2434 5289 rem,sci1icet
2458 5219 2738 5290 Spiritum
2761 5227 3051 5289 sanctum,
3077 5227 3176 5295 qui
3205 5226 3421 5296 praebet
3442 5224 3713 5296 spiritua-

2061 5310 2174 5366 lem
2194 5315 2250 5364 et
2274 5307 2625 5364 invisibilem
2659 5309 3018 5366 ablutionem
3066 5312 3328 5369 interiori
3389 5312 3614 5368 homini
3646 5314 3708 5371 in

2062 5404 2253 5455 mente
2280 5413 2382 5471 per
2402 5398 2636 5468 signum
2656 5397 2972 5469 corporale,
2993 5404 3048 5456 et
3076 5400 3302 5456 visibile
3333 5401 3486 5474 quod
3520 5403 3708 5461 oculis

2059 5490 2253 5547 carnis
2283 5487 2612 5545 ostenditur
2641 5503 2710 5542 ex
2738 5503 2804 5543 ea
2835 5503 2962 5560 quae
2992 5488 3057 5544 ﬁt
3085 5489 3142 5544 in
3197 5507 3349 5565 aqua
3405 5492 3709 5554 exterioris

2066 5576 2326 5645 hominis
2357 5574 2723 5636 intinctione.
2757 5574 2875 5635 Hoc
2905 5575 2976 5638 de
3023 5580 3406 5643 sacramentis
3458 5579 3703 5664 altaris;
