4106 6178
530 358 683 421 1127
1580 346 1989 413 HUMBERTI
2034 349 2098 411 S.
2150 349 2221 408 Β.
2269 338 2340 408 E.
2388 344 2882 409 CARDINALIS.
3711 340 3845 404 “28

527 493 634 548 hoc
663 490 841 547 etiam
870 488 1093 544 dictum
1125 490 1267 558 puta
1296 485 1367 540 de
1398 484 1674 541 unctione
1733 482 1918 538 sancti
1978 481 2163 536 chris-
2194 481 2250 547 Α
2281 496 2409 552 quae
2432 483 2522 535 est
2536 478 2803 535 Christus
2829 496 2842 545 ;
2872 478 2955 533 sic
2977 480 3034 532 et
3055 475 3113 531 in
3138 473 3414 531 haereticis
3435 479 3689 547 tanquam
3710 475 3758 530 in
3792 478 3844 532 li-

530 580 726 637 matis.
750 579 868 634 Hoc
898 578 969 633 de
1000 575 1243 647 reliquis
1290 570 1586 628 catholica“:
1644 570 1897 626 ecclesias
1958 574 2172 643 myste-
2283 568 2377 624 liis
2398 567 2738 623 difﬁdentiae
2776 568 3049 639 operatur
3097 563 3436 637 mysterium
3484 564 3765 636 injustitize,
3802 572 3845 623 et

527 671 797 741 riis,quaa
820 666 1032 723 idcirco
1054 662 1349 737 mysteria,
1377 662 1432 715 id
1457 663 1547 715 est
1593 665 1815 716 secreta
1873 660 2170 727 dicuntur,
2284 657 2612 729 iniquitatis
2634 673 2760 728 qua:
2783 660 2871 711 est
2896 653 3311 709 Antichristus.
3337 652 3440 716 Qui
3462 652 3509 707 si
3552 669 3689 708 nunc
3725 661 3846 711 esset

528 759 665 831 quia
696 758 848 812 inest
876 755 961 811 eis
991 752 1219 808 occulta
1248 750 1452 817 virtus,
1469 766 1595 821 quae
1622 765 1723 821 per
1741 765 1862 804 rem
1885 748 2172 804 visibilem
2282 746 2341 800 in
2366 746 2451 801 eis
2472 749 2733 801 secretus
2752 748 2809 799 et
2822 742 3067 808 velatus,
3092 760 3207 798 non
3231 741 3444 798 diceret
3463 741 3530 797 de
3549 742 3664 813 ejus
3697 744 3844 799 mani-

527 847 684 919 quod
710 862 884 901 suum
917 846 1006 898 est
1034 857 1136 913 pro
1167 839 1469 912 qualitate,
1497 844 1555 893 et
1612 836 1937 893 ministerio
1980 837 2171 893 homi-

528 934 622 990 nis
648 938 936 1006 Operatnr.
972 930 1268 985 Secretum
1300 927 1456 982 enim
1488 945 1522 982 a
1573 927 1747 981 verbo
1804 943 2023 982 secerno
2079 942 2173 980 ve-

528 1022 715 1085 niens,
745 1035 990 1076 seorsum
1019 1025 1244 1085 cretum,
1277 1015 1335 1070 id
1366 1019 1456 1070 est
1484 1014 1699 1081 visum,
1722 1014 1911 1086 qualis
1942 1031 2171 1087 separa-

526 1115 654 1164 tum
685 1108 901 1163 dicitur
931 1106 1001 1161 ab
1035 1105 1218 1161 oculis
1249 1103 1471 1158 scilicet
1508 1103 1721 1166 carnis,
1779 1119 1892 1157 non
1954 1103 2166 1158 cordis.

527 1197 656 1252 Haec
688 1211 922 1268 quoque
952 1194 1036 1249 sic
1070 1198 1210 1249 sunt
1238 1192 1408 1264 signa
1438 1196 1504 1245 ut
1533 1190 1653 1245 sint
1680 1195 1734 1246 et
1767 1191 2169 1262 prodigia,hoc

519 1290 609 1341 est
638 1301 809 1357 porro
840 1283 1109 1339 dicentia.
1144 1281 1238 1337 Sic
1267 1280 1423 1336 enim
1450 1284 1698 1334 mortem
1721 1279 1937 1335 Christi
1971 1284 2027 1334 et
2048 1280 2169 1335 dis—

521 1374 920 1447 pensationem
952 1372 1081 1441 ejus
1108 1369 1455 1442 prsateritam
1489 1368 1842 1439 signiﬁcant,
1879 1372 1942 1422 ut
1971 1372 2167 1423 tamen

521 1479 674 1518 nunc
706 1478 937 1532 semper
962 1460 1150 1515 vivere
1178 1464 1235 1514 et
1261 1473 1523 1530 regnare,
1556 1461 1614 1512 et
1643 1462 1951 1512 venturum
2007 1456 2165 1526 judi-

518 1567 650 1608 care
678 1550 837 1605 vivos
867 1552 925 1604 et
953 1552 1216 1603 mortuos
1248 1545 1669 1619 prophetizent,
1703 1545 1758 1600 id
1822 1549 1932 1613 est,
1994 1562 2165 1617 porro

520 1639 739 1696 dicant.

1153 1723 1385 1780 CAPUT
1425 1722 1539 1778 XL.

698 1818 825 1886 Quae
853 1818 964 1871 sint
992 1816 1152 1885 signa
1180 1821 1233 1869 et
1255 1813 1511 1885 prodigia
1546 1813 1946 1869 haereticorum.

588 1906 1003 1961 Verumtamen
1045 1903 1216 1973 signa
1244 1906 1301 1957 et
1360 1900 1647 1973 prodigia,
1715 1905 1849 1955 ante
1901 1901 2163 1972 primum

518 1996 833 2051 adventum
864 1991 1178 2058 Christi,in
1210 1991 1321 2045 hoc
1353 1990 1630 2044 differunt
1654 2007 1688 2044 a
1717 1990 1905 2062 signis
1936 1994 1993 2044 et
2025 2007 2161 2061 pro-

518 2084 692 2158 digiis
711 2100 837 2155 quae
862 2082 1010 2136 ﬁunt
1031 2098 1065 2135 a
1080 2079 1546 2144 catholicis,ante
1571 2079 1895 2133 secundum
1915 2079 2042 2149 ejus
2065 2079 2163 2133 ad-

516 2176 775 2237 ventum,
798 2168 938 2241 quia
959 2166 1059 2222 illa
1090 2167 1172 2222 sic
1204 2166 1683 2239 signiﬁcaverunt
1707 2173 1772 2220 ut
1798 2166 2038 2221 omnino
2070 2183 2163 2222 res

519 2277 633 2315 non
664 2261 862 2314 essent
884 2274 897 2323 ;
917 2256 1032 2310 ista
1059 2260 1253 2311 autem
1286 2254 1368 2308 sic
1400 2254 1569 2325 signa
1599 2258 1738 2309 sunt
1767 2260 1832 2309 ut
1877 2272 1968 2311 res
2024 2272 2164 2327 quo-

518 2364 630 2417 que
661 2342 1047 2401 essentialiter
1061 2345 1117 2396 et
1141 2357 1272 2395 vere
1295 2341 1432 2396 sint.
1472 2343 1671 2396 Restat
1693 2358 1828 2413 ergo
1854 2348 1917 2397 ut
1966 2344 2162 2399 bestia:

517 2433 696 2499 illius,
726 2449 850 2503 qua:
873 2428 1218 2484 universalis
1243 2429 1641 2485 haereticorum
1668 2435 1838 2501 typus
1859 2437 1967 2496 est,
1993 2432 2164 2503 signa

516 2520 853 2593 etprodigia
873 2536 999 2591 quas
1024 2517 1159 2584 sint,
1183 2522 1239 2573 et
1289 2535 1411 2588 qua:
1437 2518 1768 2590 signiﬁcent
1794 2519 1879 2573 vel
1913 2521 2160 2592 prophe-

517 2613 640 2666 tent
658 2607 1027 2671 discutiatur,
1051 2610 1107 2663 et
1133 2611 1265 2662 ante
1287 2605 1486 2660 omnia
1502 2605 2004 2663 animadvertatur
2025 2609 2163 2680 quia

516 2698 707 2755 bestia
730 2697 849 2752 haec
873 2696 929 2751 in
965 2695 1465 2766 subsequentibus
1516 2696 2030 2769 pseudopropheta
2060 2715 2160 2770 ap-

515 2786 783 2862 pellatur.
818 2785 980 2851 Quod
1013 2784 1061 2839 si
1098 2784 1280 2839 l'alsus
1312 2784 1596 2856 propheta
1618 2790 1727 2852 est,
1754 2785 1922 2857 signa
1952 2789 2081 2861 ejus
2106 2792 2164 2842 et

516 2875 779 2949 prodigia
811 2874 929 2929 sint
956 2872 1104 2927 falsa
1136 2889 1372 2927 necesse
1402 2876 1511 2927 est.
1547 2873 1612 2927 Et
1635 2890 1760 2944 qua:
1798 2873 1944 2930 falsa
2002 2880 2159 2945 sunt,

516 2981 754 3021 necesse
809 2967 898 3019 est
952 2961 1166 3017 falsum
1225 2963 1636 3017 tantummodo
1696 2961 2048 3034 signiﬁcent,
2107 2970 2162 3020 et

517 3052 912 3110 mendacium.
956 3050 1194 3106 Constat
1224 3067 1357 3123 ergo
1391 3049 1472 3105 nil
1498 3050 1614 3106 veri
1644 3068 1748 3107 nec
1808 3053 1944 3108 recti
2006 3054 2157 3126 signi

515 3142 670 3215 apud
697 3158 831 3198 eum
866 3140 1068 3196 haberi
1109 3139 1209 3213 qui
1243 3139 1324 3194 nil
1364 3137 1477 3195 nisi
1523 3139 1669 3196 falsa
1711 3141 2023 3213 signiﬁcat.
2048 3143 2159 3199 Sed

2280 834 2586 889 festatione
2608 832 2924 906 Apostolus
2948 851 2959 887 :
2987 856 3014 882 «
3040 831 3112 887 Ut
3133 830 3411 886 reveletur
3432 829 3490 884 in
3514 846 3610 885 suo
3638 834 3846 907 tempore

2279 928 2339 979 et
2362 927 2502 977 tunc
2525 921 2874 978 revelabitur
2900 920 2995 977 ille
3016 920 3292 976 inimicus
3330 919 3402 991 (II
3415 918 3577 974 Thess.
3624 935 3695 985 VI,
3735 920 3797 991 8).
3825 941 3841 968 ι

2279 1011 2425 1067 Nam
2450 1012 2740 1083 quomodo
2763 1009 3033 1066 catholici
3057 1009 3321 1081 quaedam
3345 1007 3691 1063 Hebraeorum
3716 1008 3846 1081 signa

2279 1100 2552 1171 retinent,
2577 1101 2636 1155 in
2661 1099 2876 1173 quibus
2900 1098 3215 1155 Dominum
3239 1095 3486 1153 velatum
3515 1096 3846 1153 essentialiter

2278 1188 2543 1260 bajulent
2561 1195 2619 1244 et
2645 1187 3010 1261 prophetent,
3034 1187 3117 1243 sic
3143 1192 3200 1243 et
3221 1185 3470 1242 haeretici
3518 1185 3750 1257 quaedam
3789 1185 3845 1241 si-

2276 1294 2391 1350 gna
2420 1277 2839 1332 catholicorum
2861 1280 3146 1349 usurpata
3167 1274 3455 1343 exhibent,
3478 1275 3532 1329 in
3555 1274 3741 1346 quibus
3757 1277 3842 1329 An-

2276 1366 2606 1421 tichristum
2630 1366 2884 1422 velatum
2907 1364 3169 1437 bajulent
3218 1368 3276 1420 et
3324 1363 3668 1437 prophetent.
3706 1364 3844 1435 Cujus

2276 1454 2518 1527 imagini
2541 1454 2713 1511 etiam
2739 1454 3011 1527 spiritum
3037 1454 3195 1522 dant,
3241 1470 3371 1509 eam
3423 1452 3545 1523 ejus
3580 1450 3843 1507 imitatione

2276 1543 2579 1599 mendacio
2594 1560 2712 1598 sua:
2727 1542 3160 1615 praedicationis
3199 1546 3256 1596 et
3298 1540 3640 1596 defensionis
3674 1540 3843 1612 quibus

2274 1637 2523 1704 possunt
2538 1632 2973 1687 commendant.
2989 1630 3119 1700 Qui,
3133 1629 3478 1686 etinteralia
3493 1646 3609 1701 quae
3644 1627 3842 1701 ﬁngunt,

2275 1720 2668 1793 etiamignem
2684 1720 2754 1775 de
2772 1720 2914 1775 coelo
2944 1720 3001 1775 in
3034 1724 3249 1776 terram
3292 1718 3629 1776 descendere
3654 1717 3842 1784 faciunt,

2195 1846 2242 1913 Β
2277 1811 2769 1882 quandocunque,
2794 1809 2985 1865 instar
3016 1807 3439 1880 apostolorum,
3480 1824 3671 1864 manus
3708 1805 3841 1862 alicui

2273 1899 2661 1971 imponentes,
2678 1897 2931 1971 Spiritus
2944 1901 3127 1953 sancti
3153 1898 3405 1969 gratiam
3424 1913 3488 1951 ac
3528 1895 3840 1953 consecratio-

2273 2003 2556 2043 nemeum
2600 1988 2860 2059 accipere
2899 1990 3283 2058 praesumunt.
3331 1986 3441 2041 Sed
3490 1985 3590 2040 hoc
3625 1985 3670 2039 in
3703 1988 3837 2051 terra,

2272 2093 2450 2147 quam
2464 2093 2635 2131 suam
2654 2076 2858 2132 dicunt
2874 2075 3215 2142 Ecclesiam,
3241 2092 3416 2148 agere
3436 2075 3695 2140 videntur,
3726 2075 3770 2127 et
3793 2070 3841 2126 in

2273 2170 2587 2237 conspectu
2612 2164 2942 2233 hominum,
2965 2164 3073 2220 hoc
3103 2168 3192 2219 est
3215 2163 3558 2219 carnalium.
3575 2162 3687 2217 Sive
3715 2159 3843 2216 aliter

2272 2254 2343 2309 de
2366 2252 2508 2309 caelo
2540 2252 2733 2326 ignem
2765 2253 2822 2308 in
2854 2257 3008 2308 terra
3037 2254 3369 2325 deponunt,
3422 2252 3637 2324 quando
3686 2264 3842 2305 eorum

2272 2341 2543 2414 impietas
2564 2340 2917 2397 saeculariter
2938 2342 3404 2413 prosperatur,in
3428 2344 3634 2397 tantum
3650 2336 3844 2395 utetiam

2271 2429 2458 2497 electi,
2484 2430 2541 2485 in
2566 2430 2781 2503 quibus
2798 2430 2952 2485 Deus
2975 2435 3255 2502 tanquam
3282 2429 3347 2485 in
3370 2430 3524 2485 cmlis
3543 2429 3848 2494 habitat,stu-

2272 2536 2409 2591 pore
2431 2520 2842 2575 concutiuntur
2873 2519 3187 2592 ignemque
3217 2518 3468 2574 humani
3496 2517 3593 2574 zeli
3626 2519 3676 2572 in
3699 2514 3846 2571 Eccle-

2272 2607 2420 2662 siam
2451 2608 2766 2673 excutiant,
2801 2609 2965 2675 dum,
2998 2608 3196 2662 minus
3227 2608 3375 2663 recti
3410 2607 3588 2674 corde,
3617 2621 3783 2678 pacem
3805 2605 3847 2658 et

2270 2696 2693 2751 abundantiam
2721 2696 3125 2752 haereticorum
3156 2695 3443 2765 videntes,
3478 2697 3532 2751 in
3560 2712 3650 2752 eos
3684 2692 3846 2749 zelant.

2900 2803 3131 2858 CAPUT
3170 2802 3307 2859 XLI.

2344 2896 2426 2946 De
2453 2892 2666 2947 saevitia
2697 2892 2866 2964 hujus
2897 2892 3096 2956 bestiae,
3128 2900 3178 2964 et
3207 2891 3274 2946 de
3301 2893 3607 2949 charactere
3632 2890 3797 2948 Christi

2894 2971 2946 3018 et
2972 2962 3324 3019 Antichristi.

2342 3051 2451 3107 Sed
2482 3052 2669 3107 bestia
2698 3052 2819 3107 haec
2850 3069 2974 3123 qua:
3006 3051 3168 3124 prius
3200 3053 3371 3123 quasi
3393 3051 3685 3108 domestica
3704 3047 3844 3120 signis

2271 3141 2700 3207 blandiebatur,
2734 3145 2799 3195 ut
2827 3140 3148 3207 seduceret,
3184 3139 3243 3195 in
3280 3142 3414 3210 ﬁne,
3446 3140 3593 3197 velut
3640 3139 3845 3195 indoma-

517 3212 643 3301 quae
668 3234 807 3286 sunt
827 3230 996 3302 signa
1018 3212 1144 3301 quae.
1173 3228 1356 3284 bestia
1378 3227 1478 3283 illa
1522 3228 1633 3283 sibi
1683 3212 1909 3301 agenda
1948 3248 2162 3302 praesu-
2191 3212 2234 3278 (ἶ
2273 3230 2410 3285 bilis
2434 3230 2778 3301 fera,rugitu
2804 3247 2910 3285 suo
2932 3234 2989 3285 et
3009 3228 3468 3286 debacchatione
3494 3244 3678 3286 omnes
3692 3227 3843 3289 tenet,

520 3319 674 3375 mit?
693 3319 894 3391 utique
910 3335 1082 3389 aqua,
1106 3317 1294 3388 panis,
1318 3317 1541 3381 vinum,
1580 3316 1795 3383 oleum,
1849 3324 1907 3374 et
1957 3324 2163 3376 caetera

519 3407 775 3462 visibilia
795 3406 1185 3461 instrumenta
1205 3410 1706 3460 sacramentorum
1728 3406 2024 3462 catholicae
2074 3426 2161 3465 re-

522 3493 777 3567 ligionis,
804 3510 930 3565 quos
956 3492 1123 3547 oculo
1146 3497 1317 3546 tenus
1347 3497 1404 3546 et
1429 3493 1619 3564 specie
1642 3498 1812 3549 tenus
1835 3513 1867 3549 a
1889 3495 2024 3561 Dco,
2058 3514 2161 3551 us-

522 3582 709 3655 quein
739 3583 913 3636 ﬁnem
945 3581 1114 3645 irato,
1136 3580 1261 3634 sine
1279 3579 1479 3650 aliqua
1508 3581 1797 3651 spirituali
1839 3585 2028 3655 gratia
2076 3584 2162 3640 vel

522 3669 951 3744 signiﬁcatione
974 3668 1059 3724 eis
1080 3668 1368 3745 permissa
1383 3673 1540 3723 sunt.
1568 3669 1654 3735 Et,
1685 3687 1716 3723 ο
1747 3670 1991 3735 utinam,
2037 3672 2166 3743 ipsa

521 3759 773 3815 visibilia
794 3762 1294 3816 sacramentorum
1338 3756 1728 3813 instrumenta
1746 3759 1898 3830 apud
1931 3777 2027 3815 eos
2076 3760 2163 3817 vel

524 3849 582 3904 in
606 3866 722 3905 suae
740 3847 1083 3905 substantias
1103 3850 1203 3902 aut
1222 3852 1442 3901 natura;
1466 3846 1756 3901 munditia
1802 3847 2004 3902 haberi
2033 3866 2162 3920 pos-

523 3941 673 4002 sent,
696 3942 753 3992 et
776 3936 984 4008 spiritu
1007 3935 1314 3991 immundo
1330 3944 1590 3990 carerent
1615 3934 1627 3989 Ξ
1665 3936 1787 4003 sed,
1809 3937 1962 4007 quod
1998 3939 2165 4009 pejus

524 4030 632 4091 est,
657 4025 924 4096 aSpiritu
946 4024 1046 4078 Dei
1074 4028 1549 4090 contemnuntur,
1574 4028 1631 4078 et
1654 4041 1690 4079 a
1709 4026 1917 4096 spiritu
1950 4026 2165 4082 diaboli

525 4115 881 4184 appetuntur
905 4128 1017 4183 quo
1049 4116 1105 4165 et
1125 4110 1494 4167 imbuuntur.
1520 4111 1581 4167 In
1610 4113 1825 4183 quibus
1853 4113 1989 4169 licet
2011 4121 2163 4171 exte-

525 4201 649 4255 rius
670 4199 936 4254 videatur
956 4217 1128 4271 aqua,
1154 4200 1344 4271 panis,
1369 4200 1571 4254 vinum
1593 4205 1650 4255 et
1686 4200 1900 4271 oleum,
1934 4219 1999 4258 ac
2028 4202 2165 4259 reli-

526 4305 642 4362 qua
689 4293 1211 4354 sacramentorum,
1259 4293 1540 4359 tanquam
1588 4288 1777 4344 victus
1828 4296 1884 4345 et
1921 4291 2165 4348 vestitus

525 4377 746 4445 ovium,
770 4376 1018 4432 interius
1038 4382 1235 4431 tamen
1272 4376 1416 4431 latet
1463 4376 1654 4432 rabies
1698 4379 1826 4432 dira
1868 4378 2163 4450 luporum.

526 4466 688 4522 Unde
714 4466 994 4521 Dominus
1011 4483 1114 4537 per
1142 4465 1285 4521 Osee
1308 4482 1484 4537 super
1499 4466 1698 4520 decem
1722 4466 2016 4535 tribubus,
2034 4486 2164 4540 spe-

2273 3336 2344 3373 ne
2374 3319 2450 3372 sit
2481 3318 2582 3390 qui
2605 3320 2731 3389 jam
2770 3319 2898 3389 ejus
2930 3318 3184 3384 saevitiae,
3246 3336 3365 3390 prae
3422 3319 3619 3374 timore
3665 3312 3842 3372 mortis.

2270 3406 2481 3462 obviet.
2508 3407 2668 3470 Quod
2694 3424 2762 3462 ex
2793 3424 2910 3462 una
2940 3405 3411 3463 Simoniacorum
3454 3405 3643 3463 haeresi
3670 3399 3841 3476 liquido

2272 3499 2463 3567 potest
2481 3495 2748 3568 intelligi,
2769 3512 2898 3568 qua:
2921 3495 3214 3567 prioribus
3232 3497 3592 3569 temporibus
3614 3489 3843 3550 blandain

2272 3587 2499 3638 tantum
2528 3583 2650 3638 visa
2672 3589 2760 3639 est
2785 3587 2848 3638 ut
2867 3584 2959 3637 vix
2984 3584 3113 3654 ejus
3138 3584 3406 3656 nequitia
3453 3578 3847 3656 deprehendere-

2272 3676 2387 3726 tur.
2415 3672 2581 3726 Nunc
2610 3677 2804 3728 autem
2832 3673 2905 3727 ad
2928 3677 3151 3728 tantam
3178 3672 3472 3729 feritatem
3494 3671 3670 3744 erupit
3690 3672 3758 3733 ut,
3781 3662 3844 3720 si-

2273 3763 2373 3813 cut
2395 3760 2692 3830 quondam
2720 3764 2981 3832 tempore
3026 3761 3404 3828 Arianorum,
3458 3758 3629 3816 nostri
3671 3764 3847 3828 quoque

2272 3851 2388 3901 tum
2398 3847 2553 3919 poris
2572 3847 2864 3913 homines,
2883 3848 3112 3920 publice
3137 3847 3268 3903 cmsi
3293 3852 3351 3904 et
3376 3847 3722 3905 facultatibus
3751 3855 3853 3912 spo-

2274 3934 2672 4001 liati,exsi1iati
2695 3940 2869 4008 atque
2892 3936 3225 4008 interempti
3247 3954 3283 3992 a
3304 3936 3640 3993 Simoniacis
3659 3931 3853 3989 referan-

2274 4029 2390 4092 tur,
2410 4024 2512 4095 qui
2535 4024 2621 4080 vel
2640 4026 2828 4081 verbis
2868 4025 3228 4081 charitativis
3258 4031 3319 4082 et
3354 4024 3580 4082 blandis
3598 4013 3852 4088 eosresipi-

2275 4130 2433 4168 scere
2453 4114 2806 4169 monuerint.
2824 4114 2917 4169 Sic
2930 4114 3118 4170 bestia
3141 4113 3283 4182 haec,
3302 4132 3431 4187 quae
3446 4106 3763 4186 caputquasi
3776 4102 3854 4159 mi-

2275 4205 2397 4258 teet
2412 4203 2696 4283 agnin'um
2727 4202 2990 4275 protulit,
3040 4202 3322 4275 paulatim
3339 4204 3581 4261 caudam
3594 4212 3738 4256 suam
3756 4198 3852 4283 tau‘

2275 4307 2453 4361 quam
2467 4278 2677 4347 cedrus
2691 4290 2949 4365 stringit,
2972 4292 3171 4363 utjam
3193 4292 3344 4347 nulli
3368 4294 3563 4364 parcat
3583 4285 3733 4350 aetati,
3753 4278 3852 4337 nul-

2274 4377 2315 4433 li
2338 4380 2520 4447 sexui,
2545 4378 2691 4434 nulli
2715 4380 3054 4449 conditioni,
3080 4380 3225 4436 nulli
3248 4378 3611 4453 professioni,
3646 4371 3769 4431 nulli
3783 4384 3850 4425 ον’

2276 4466 2946 4540 dini,nullipotestati.A
2973 4469 3247 4525 maximis
3297 4486 3486 4542 usque
3525 4468 3594 4524 ad
3632 4461 3850 4520 minimos

525 4555 672 4611 ciem
691 4554 1091 4611 haereticorum
1117 4552 1471 4619 tenentibus,
1499 4554 1902 4625 conqueritur,
1929 4556 2163 4613 dicens:
2197 4574 2242 4639 D
2273 4556 2576 4611 turmatim
2594 4557 2664 4611 ad
2681 4557 3162 4628 praeliumcontra
3178 4559 3413 4630 Agnum
3446 4562 3501 4614 et
3530 4556 3647 4627 ejus
3682 4542 3850 4639 exerci-

527 4667 556 4695 «
579 4644 710 4698 Haec
732 4643 992 4710 nescivit,
1020 4643 1163 4715 quia
1183 4643 1316 4698 dedi
1357 4641 1405 4697 ei
1445 4642 1828 4709 frumentum,
1853 4644 2079 4712 vinum,
2111 4649 2169 4701 et

526 4732 739 4801 oleum,
763 4735 820 4786 et
843 4736 1148 4803 argentum
1173 4729 1554 4801 multiplicavi
1577 4730 1649 4799 ei,
1700 4736 1756 4785 et
1804 4748 2013 4787 aurum
2041 4750 2168 4805 quas

528 4819 787 4874 fecerunt
811 4819 946 4874 Baal
968 4818 1108 4890 (05c.
1130 4836 1192 4883 ιι,
1218 4820 1413 4889 8).»Et
1436 4824 1567 4891 post
1609 4836 1828 4891 pauca:
1880 4844 1907 4870 ‹‹
1935 4821 2001 4875 Et
2043 4838 2168 4876 cor-

528 4923 798 4979 rumpam
817 4906 1039 4962 vineam
1065 4908 1192 4977 ejus
1217 4908 1464 4962 etﬁcum
1492 4908 1639 4978 ejus,
1676 4913 1732 4962 et
1756 4924 1966 4980 ponam
2006 4908 2169 4965 illam

527 4993 587 5050 in
610 4994 847 5063 saltum,
871 5000 928 5050 et
950 4996 1215 5051 comedet
1234 5012 1363 5051 eam
1388 4996 1577 5050 bestia
1597 4995 1721 5068 agri
1750 4997 1933 5065 (lbid.,
1967 5001 2068 5065 t2).
2105 5021 2133 5049 »

601 5085 804 5157 Itaque
830 5083 1093 5154 hacarte,
1121 5083 1211 5139 his
1236 5084 1382 5139 fucis
1411 5084 1601 5140 bestia
1626 5085 1744 5139 haec
1796 5084 1932 5141 facit
1963 5086 2168 5160 imagi-

529 5190 663 5232 nem
696 5173 907 5247 prioris
940 5173 1160 5238 bestiee,
1194 5177 1259 5226 ut
1290 5172 1439 5227 sicut
1467 5172 1656 5229 sancti
1685 5174 1883 5230 Patres
1914 5175 2038 5230 suis
2069 5192 2172 5230 caa-

528 5262 829 5334 remoniis,
862 5265 995 5318 ante
1025 5260 1213 5334 legem
1244 5262 1431 5318 etsub
1463 5261 1608 5335 lege,
1670 5262 2173 5334 perﬁguravcrunt

527 5352 828 5408 Christum
857 5355 1191 5416 venturum,
1224 5350 1308 5407 sic
1338 5356 1395 5407 et
1449 5350 1706 5407 haeretici
1764 5350 1887 5406 suis
1946 5353 2168 5424 praesti-

527 5439 640 5512 giis
669 5440 1116 5497 Antichristum.
1149 5440 1297 5496 Nam
1329 5441 1482 5496 sicut
1512 5441 1571 5495 in
1603 5438 1862 5510 antiquis
1895 5440 2170 5496 Patribus

530 5528 750 5587 nostris
777 5532 915 5584 tunc
942 5530 1311 5602 operabatur,
1345 5533 1402 5583 et
1428 5542 1584 5583 nunc
1614 5526 1672 5581 in
1705 5527 2008 5584 catholicis
2039 5546 2171 5602 ope-

528 5620 695 5685 ratur
717 5616 1058 5701 mysterium
1090 5617 1458 5695 sempiterna
1483 5615 1732 5694 justitie
1762 5620 1831 5697 et»
1848 5616 2169 5696 aequitatis,

2279 4649 2408 4699 tum
2424 4645 2584 4699 ducit
2598 4645 2863 4717 populos.
2882 4646 2948 4700 Et
2968 4650 3099 4701 ante
3114 4663 3175 4702 se
3189 4647 3431 4718 quidem
3448 4640 3725 4719 praemittit
3738 4630 3849 4692 mul-

2280 4734 2503 4799 tos,sed
2529 4739 2737 4805 postse
2754 4734 3215 4791 innumerabiles
3236 4736 3437 4804 trahit,
3463 4735 3521 4790 in
3564 4735 3763 4788 tantum
3788 4723 3849 4783 ιιι,

2278 4838 2411 4877 cum
2426 4821 2519 4876 his
2533 4822 2630 4894 qui
2651 4826 2879 4879 terrena
2891 4823 3218 4895 sepiebant,
3236 4824 3413 4880 etiam
3449 4816 3751 4895 spirituales
3777 4805 3850 4881 qui

2280 4911 2337 4966 in
2353 4909 2610 4966 Ecclesia
2624 4915 2902 4983 tanquam
2918 4911 3097 4967 stellae
3120 4912 3179 4968 in
3193 4911 3334 4968 coelo
3348 4913 3538 4969 lucere
3551 4904 3849 4963 videbantur,

2280 4999 2470 5054 cauda
2492 5000 2782 5067 draconis,
2808 5005 2873 5055 ut
2894 5005 3035 5072 puta
3054 5003 3183 5073 ejus
3214 5019 3438 5073 sequax
3466 4999 3672 5062 eﬁ‘ecta,
3700 4993 3749 5047 in
3768 4993 3851 5044 ter-

2279 5104 2404 5143 ram
2437 5088 2721 5143 detrahat.
2755 5088 2847 5143 Sic
2877 5105 2945 5144 ex
2975 5090 3286 5146 ambitiosa
3305 5094 3363 5146 et
3392 5089 3622 5161 spinosa
3655 5082 3850 5161 rhamnp

2279 5174 2434 5247 ignis
2455 5192 2745 5248 egressus,
2804 5193 2920 5232 non
2972 5177 3125 5233 solas
3165 5176 3396 5233 steriles
3424 5157 3640 5240 silvas,
3678 5157 3848 5248 qua“

2278 5263 2450 5332 oliva,
2484 5247 2594 5319 vite
2625 5268 2683 5319 et
2711 5265 2827 5320 ﬁcu
2859 5265 3196 5338 repudiatae,
3228 5281 3357 5320 eam
3385 5263 3496 5319 sibi
3543 5273 3717 5332 regem
3762 5247 3849 5305 ele-

2278 5358 2503 5427 gerant,
2537 5353 2885 5424 combussit,
2920 5355 3019 5411 sed
3052 5355 3212 5426 ipsas
3242 5368 3474 5427 quoque
3488 5341 3844 5427 cedrosLiben.

2278 5425 2589 5498 devoravit.
2624 5444 2809 5509 Quam
2838 5425 3121 5499 malitiam
3154 5448 3219 5499 ut
3246 5425 3519 5515 perﬁcere
3546 5436 3719 5510 queat,
3746 5425 3845 5482 ch8-

2279 5535 2499 5587 ractere
2551 5532 2892 5589 Antichristi
2979 5532 3243 5590 dexteras
3297 5546 3527 5599 manus,
3581 5529 3632 5583 et
3677 5518 3845 5577 fronte!

2279 5619 2545 5681 omnium
2575 5620 2687 5682 sibi
2716 5621 3184 5683 consententium
3215 5623 3379 5681 notat
3409 5637 3423 5695 ;
3456 5630 3620 5695 quem
3647 5606 3732 5686 qui
3757 5614 3844 5662 που
