4106 6178
244 282 396 345 1129

803 286 1210 350 ADVERSUS
1257 283 1730 352 SIMONIACOS
1775 287 1979 351 LIBRI
2024 287 2246 351 TRES.
2273 287 2606 349 -—LlBER
2650 286 3080 351 SECUNDUS.

3488 294 3644 358 1130

239 418 342 489 qui
373 434 487 473 non
519 418 810 487 habuerit,
844 438 947 476 nec
977 422 1240 488 vendere,
1276 438 1380 477 nec
1409 438 1602 477 emere
1653 423 1884 494 poterit.
1916 423 1969 488 Α
2003 421 2308 493 iniquitate
2340 421 2551 492 (Ezech.
2587 437 2785 488 xxxm,
2820 419 2907 484 14,
2945 420 3053 489 15).
3093 442 3118 467 ››
3152 421 3220 475 Et
3249 428 3380 491 post
3409 439 3596 496 pauca
3628 444 3641 482 :

311 506 529 562 Forsan
561 507 880 579 inquiritur
900 509 1198 565 character
1218 508 1312 564 hic
1343 509 1476 581 quis
1507 509 1890 576 sit,nimirum

237 593 502 667 perﬁdia,
536 612 660 666 qua
721 600 779 652 et
831 596 1063 669 proprie
1124 597 1341 653 dicitur
1396 598 1694 670 impietas.
1732 599 1894 654 Sicut

236 683 395 739 enim
417 683 562 739 ﬁdes
581 683 1020 756 catholica,quae
1053 689 1111 741 et
1141 686 1327 758 pietas
1342 686 1575 756 dicitur,
1593 687 1894 742 character

234 776 325 828 est
349 771 586 840 Christi,
611 773 692 828 ita
721 778 778 828 et
808 773 1053 845 perﬁdia
1080 775 1354 830 haeretica
1377 775 1744 848 dignoscitur
1763 791 1892 832 esse

235 860 537 916 character
555 861 992 918 Antichristi.Et
1021 863 1175 918 sicut
1202 863 1470 919 catholici
1494 864 1891 921 characterem

234 948 453 1006 Christi
482 949 718 1006 dextera
746 940 922 1006 manu
944 955 999 1006 et
1030 951 1217 1008 fronte
1248 952 1582 1024 praeferunt,
1617 953 1701 1008 sic
1733 952 1892 1008 nihi-

230 1035 496 1094 lominus
523 1038 776 1094 haeretici
808 1039 1202 1096 characterem
1249 1040 1615 1097 Antichristi.
1650 1041 1895 1098 Dextera

235 1125 453 1199 quippe
484 1127 766 1200 stigmata
795 1128 985 1185 crucis
1006 1128 1221 1184 Christi
1251 1134 1759 1202 gestamus,quam
1784 1129 1893 1186 levi

235 1219 403 1271 motu
433 1216 622 1288 ipsius
670 1217 914 1273 dexterae
948 1218 1116 1274 nobis
1142 1223 1198 1273 et
1246 1207 1376 1274 aliis
1431 1219 1892 1292 quotiescunque

239 1305 474 1376 expedit
504 1306 879 1376 proferimus,
915 1323 1093 1378 quam
1122 1312 1179 1362 et
1207 1307 1267 1362 in
1324 1307 1618 1364 frontibus
1677 1306 1894 1363 nostris

233 1393 588 1465 impressam
619 1393 935 1452 chrismate
993 1396 1237 1452 salutari
1270 1397 1644 1468 proferimus,
1681 1413 1785 1452 nec
1823 1397 1894 1452 de

233 1481 341 1538 illa
367 1483 902 1554 erubescimus,sed
933 1485 1128 1556 potius
1158 1484 1219 1540 in
1251 1483 1353 1540 illa
1383 1485 1467 1540 sic
1489 1485 1812 1558 gloriamur
1831 1489 1896 1541 ut

238 1586 378 1626 eum
415 1570 692 1643 Apostolo
722 1573 1107 1644 proﬁteamur
1139 1590 1152 1628 :
1187 1596 1214 1623 «
1247 1574 1366 1645 Ego
1417 1573 1696 1646 stigmata
1752 1575 1894 1631 Jesu

238 1659 458 1716 Christi
490 1660 548 1716 in
581 1677 820 1732 corpore
870 1677 999 1718 meo
1026 1667 1192 1734 porto
1223 1662 1364 1734 (Gal.
1412 1681 1488 1732 vr,
1541 1665 1625 1718 17.
1660 1663 1729 1718 Et
1759 1679 1893 1718 cum

236 1749 623 1821 Hieronymo:
656 1772 682 1800 ‹‹
711 1749 996 1806 Vexillum
1016 1751 1207 1808 crucis
1227 1751 1287 1806 in
1306 1767 1435 1807 mea
1453 1752 1640 1808 fronte
1668 1757 1894 1824 porto.»

237 1838 310 1893 Et
340 1854 514 1910 quam
543 1853 798 1911 congrue
827 1839 886 1894 in
907 1838 1095 1894 fronte
1117 1839 1588 1911 praeﬁgitur,quae
1619 1844 1708 1896 est
1729 1841 1889 1913 prin-

239 1926 449 1999 cipalis
474 1930 530 1982 et
560 1925 962 1983 honorabilior
992 1943 1126 1998 pars
1155 1927 1361 1999 capitis
1392 1927 1673 2001 locusque
1704 1929 1890 2000 pudo-

237 2015 343 2082 ris,
385 2019 669 2087 tanquam
727 2015 786 2070 in
847 2014 1282 2087 superliminari
1343 2017 1529 2072 nostri
1588 2017 1890 2074 exterioris

231 2103 516 2171 hominis,
552 2109 617 2159 ut
645 2108 1003 2175 praemoneat
1036 2104 1345 2177 principali
1378 2105 1561 2162 nostri
1598 2106 1890 2162 interioris

231 2191 497 2248 hominis
556 2191 727 2264 parti,
760 2209 890 2264 quae
945 2198 1035 2248 est
1088 2193 1258 2262 ratio,
1317 2195 1755 2266 przeﬁgendatn,
1817 2195 1890 2250 ad

232 2285 522 2337 zeternum
555 2281 871 2337 monimem
900 2286 956 2337 et
987 2282 1618 2353 municimcn,crucem
1650 2283 1890 2354 Christi,

233 2374 300 2426 ut
321 2369 375 2426 ei
397 2370 482 2426 sic
501 2370 933 2442 compatiamur
947 2373 1009 2425 ut
1026 2386 1892 2442 conregnemus,summamque

233 2457 490 2530 gloriam
525 2476 628 2531 pro
645 2460 772 2530 ejus
803 2459 1037 2515 nomine
1061 2459 1477 2516 contumeliam
1507 2460 1624 2532 pati
1649 2460 1890 2516 arbitre-

235 2564 398 2615 mur,
432 2564 537 2604 nec
568 2548 891 2619 quidquam
922 2565 1026 2620 pro
1058 2563 1144 2617 eo,
1181 2548 1292 2604 nisi
1326 2553 1652 2620 peccatum,
1685 2549 1892 2605 erube-

231 2652 496 2693 scamus.
531 2636 627 2692 Sic
676 2642 733 2692 et
791 2637 1034 2692 dextera-3
1093 2641 1324 2703 nostrae,
1358 2654 1484 2708 quae
1536 2641 1668 2708 post
1720 2641 1894 2709 caput

236 2725 642 2798 principatum
665 2726 888 2781 obtinet
909 2725 1582 2796 artuum,laboriosaque
1615 2725 1896 2781 imitatrix

235 2817 333 2869 est
365 2814 579 2868 artium
614 2813 1078 2870 administratrix
1125 2813 1419 2868 variarum
1453 2811 1771 2868 utilitatum
1805 2813 1896 2869 sui

239 2903 512 2974 corporis
544 2908 601 2958 et
648 2902 920 2971 aliorum,
981 2903 1282 2958 character
1311 2902 1503 2958 crucis
1559 2902 1732 2972 inest,
1783 2916 1896 2974 quo

238 3007 561 3046 monemur
589 2991 742 3046 facta
765 2995 822 3046 ct
852 2990 1008 3046 dicta
1055 2990 1313 3046 crucifixi
1345 2991 1560 3046 Christi
1621 2991 1679 3045 in
1737 2990 1897 3046 omni

237 3079 474 3136 actione
502 3082 704 3135 nostra
728 3096 833 3134 nos
864 3080 1161 3135 attendere
1221 3081 1451 3147 debere,
1486 3077 1762 3151 Apostolo
1811 3079 1896 3132 di-

2004 533 2030 560 ‹‹
2046 510 2109 566 In
2134 509 2512 566 multitudine
2534 509 3644 584 iniquitatumtuarum,etiniquitatum

2003 599 2414 671 negotiationis
2443 604 2576 667 tute,
2631 598 2884 672 polluisti
2917 597 3438 655 sanctiﬁcationem
3483 607 3646 660 tuam

2002 689 2184 759 (Ibid.,
2221 690 2324 755 18).
2353 710 2382 738 ››
2417 690 2596 760 Cujus
2628 687 2760 743 rubi
2792 688 2966 743 etiam
3015 687 3194 743 dixit:
3232 709 3260 739 «
3295 690 3355 743 In
3388 692 3646 762 negotia-

2001 778 2157 832 tione
2195 781 2298 832 tua
2329 777 2550 849 repleta
2579 793 2661 844 es,
2722 780 2778 831 et
2808 776 3131 848 gloriﬁcata
3179 776 3356 833 nimis
3386 777 3444 833 in
3479 780 3650 836 corde

2002 865 2202 932 maris,
2234 866 2291 920 in
2327 866 2494 938 aquis
2538 865 2738 921 multis
2770 865 3134 920 adduxerunt
3163 869 3218 920 te
3266 867 3515 939 remiges
3560 868 3648 925 tui

2002 955 2212 1027 (Ezech.
2236 972 2410 1023 xxvn,
2438 956 2644 1024 25,26).
2681 977 2708 1004 ››
2732 955 2896 1010 Patet
2921 970 3054 1026 ergo
3073 953 3213 1026 quia
3243 955 3360 1011 vita
3390 956 3650 1015 humana

2002 1043 2176 1100 isthic
2209 1061 2322 1099 non
2355 1043 2702 1116 transigitur
2733 1043 2846 1098 nisi
2901 1043 3274 1115 negotiando.
3306 1045 3415 1100 Sed
3448 1045 3648 1104 ﬁdeles

2002 1133 2112 1188 sub
2145 1132 2475 1188 charactere
2505 1131 2720 1187 Christi
2751 1132 3011 1186 vendunt
3070 1133 3328 1204 peritura
3386 1133 3560 1201 bona,
3593 1139 3650 1192 et

2002 1226 2206 1277 emunt
2225 1222 2601 1292 sempiterna.
2629 1219 2892 1276 [nﬁdeles
2925 1225 3119 1275 autem
3151 1225 3207 1276 ct
3235 1221 3348 1293 ipsi
3380 1222 3489 1278 sub
3513 1223 3648 1280 cha-

2002 1314 2222 1366 ractere
2242 1309 2584 1364 Antichristi
2612 1310 2870 1365 vendunt
2892 1309 3152 1380 peritura
3171 1309 3345 1376 bona,
3370 1315 3427 1367 et
3447 1315 3653 1368 emunt

2003 1398 2360 1471 sempiterna
2381 1396 2556 1453 mala.
2579 1401 2724 1452 Dant
2747 1396 2826 1450 illi
2848 1397 3025 1451 vitam
3051 1413 3218 1452 suam
3241 1399 3648 1470 temporalem,

2003 1492 2061 1544 et
2091 1487 2386 1560 accipiunt
2407 1490 2684 1542 aeternam
2710 1503 2722 1542 :
2747 1487 2889 1541 dant
2909 1485 3005 1540 isti
3034 1484 3209 1541 vitam
3230 1503 3398 1542 suam
3419 1490 3653 1559 tempo-

2002 1576 2206 1643 ralem,
2239 1580 2296 1632 et
2343 1576 2639 1648 accipiunt
2693 1578 2940 1630 mortem
3000 1573 3434 1646 sempiternam.
3468 1576 3536 1631 Et
3567 1575 3652 1632 illi

2004 1665 2241 1737 quidem
2273 1681 2335 1720 se
2357 1668 2414 1719 et
2443 1681 2549 1720 sua
2580 1663 2778 1719 omnia
2828 1663 3107 1729 vendunt,
3163 1667 3219 1717 et
3269 1662 3650 1734 cintuplicata

2003 1771 2135 1809 cum
2160 1753 2331 1826 pleno
2357 1753 2550 1809 fenore
2570 1753 2698 1808 vitae
2723 1755 2948 1807 aeternae
2973 1750 3292 1821 recipiunt;
3313 1752 3412 1807 isti
3439 1768 3570 1808 vero
3591 1769 3654 1808 se

2002 1847 2059 1898 et
2092 1859 2198 1898 sua
2231 1842 2427 1897 omnia
2475 1841 2753 1908 vendunt,
2787 1843 2844 1894 et
2875 1837 2956 1893 nil
2989 1853 3213 1908 eorum,
3270 1838 3385 1894 nisi
3444 1839 3651 1896 mortis

1998 1935 2222 1987 aeternae
2277 1929 2712 1986 accumulatum
2774 1929 2982 1992 foenus,
3047 1931 3248 1998 postea
3306 1926 3644 1998 reperiunt;

1999 2036 2251 2091 quorum
2285 2017 2531 2092 negotiis
2562 2034 2732 2073 nemo
2761 2015 3024 2070 militans
3083 2015 3198 2070 Deo
3231 2031 3291 2071 se
3330 2014 3654 2086 implicabit

2001 2109 2075 2180 (II
2102 2110 2236 2164 Tim.
2274 2125 2334 2175 ιι,
2371 2109 2445 2176 4).
2481 2105 2729 2162 Perﬁdia
2757 2105 2913 2160 enim
2929 2103 3049 2159 sive
3073 2102 3649 2175 impietasgeneralis

1999 2197 2300 2253 character
2323 2200 2412 2252 cst
2441 2194 2558 2249 illis
2591 2193 2886 2262 omnibus,
2897 2191 3139 2265 paganis
3160 2191 3647 2260 scilicet,Judzeis,

2002 2284 2309 2355 haereticis,
2344 2288 2626 2354 tanquam
2658 2281 2793 2336 ﬁliis
2825 2280 3031 2337 alienis
3083 2284 3140 2336 et
3191 2280 3306 2336 Deo
3365 2280 3646 2336 mentitis.

2003 2375 2115 2430 Sed
2149 2374 2288 2445 quid
2319 2379 2406 2428 est
2437 2373 2591 2444 quod
2615 2371 2826 2426 horum
2854 2370 3168 2441 impiorum
3203 2369 3649 2440 parscharacte-

2003 2479 2125 2518 rem
2149 2462 2337 2517 crucis
2357 2461 2416 2515 in
2439 2462 2672 2516 dextera
2686 2476 2864 2514 manu
2885 2464 2940 2514 et
2960 2459 3149 2514 fronte
3171 2457 3408 2529 portat?
3429 2458 3649 2530 Ergone

2004 2552 2112 2607 hoc
2167 2551 2499 2607 charactere
2551 2549 3000 2620 imputabuntur
3063 2547 3213 2601 inter
3261 2546 3648 2617 negotiatores

2003 2639 2216 2696 Christi
2248 2639 2275 2692 ‘I
2306 2639 2507 2694 Nonne
2543 2638 2698 2692 fures
2732 2640 2870 2692 sunt
2899 2640 2954 2691 et
2983 2634 3238 2690 latrones
3259 2634 3286 2686 ?
3307 2633 3487 2704 Cujus
3509 2649 3645 2706 ergo

2005 2745 2236 2784 crucem
2271 2745 2372 2799 pro
2413 2727 2745 2781 charactere
2797 2741 2914 2779 suae
2975 2721 3224 2794 perfidia:
3282 2721 3646 2792 praeferunt?

2005 2817 2210 2873 Procul
2244 2816 2420 2871 dubio
2456 2814 2614 2870 illius
2639 2811 2968 2884 blasphemi
3009 2816 3065 2865 et
3092 2811 3351 2881 procacis
3381 2809 3645 2879 latronis,

2006 2905 2106 2976 qui
2134 2921 2236 2976 per
2265 2903 2608 2958 cruciﬁxum
2643 2900 2855 2955 Filium
2888 2898 3316 2966 suum,sci1icet
3342 2898 3648 2968 latronem,

2007 2993 2252 3050 Domino
2285 3008 2485 3048 secum
2543 2989 2820 3046 cruciﬁxo
2853 2987 3172 3060 procaciter
3210 2987 3650 3045 convitiabatur.

2009 3083 2119 3138 Sed
2153 3081 2292 3153 quid
2326 3086 2414 3136 est
2441 3080 2596 3151 quod
2637 3079 2892 3134 latrones
2921 3077 3019 3132 isti
3047 3077 3436 3132 characterem
3467 3075 3657 3132 crucis

235 3173 412 3224 cente
441 3187 455 3224 :
488 3192 515 3216 «
545 3168 756 3223 Omnia
783 3184 1148 3239 quaecunque
1174 3167 1366 3222 facitis
1396 3168 1451 3222 in
1486 3169 1659 3222 verbo
1711 3173 1811 3222 aut
1835 3168 1893 3221 in
1927 3157 1969 3223 C
2009 3172 2092 3227 sic
2113 3169 2388 3224 exhibent
2410 3175 2474 3223 ut
2493 3165 3255 3224 Christinomeninvocent?
3276 3166 3400 3220 Non
3417 3165 3654 3233 mirum,

235 3273 441 3329 opere,
473 3256 671 3311 omnia
701 3256 760 3310 in
793 3256 1028 3311 nomine
1050 3256 1282 3310 Domini
1308 3256 1487 3311 nostri
1510 3256 1656 3310 Jesu
1682 3255 1896 3310 Christi

233 3344 436 3413 tacite,
463 3344 680 3415 gratias
709 3348 949 3422 agentes
975 3345 1091 3399 Deo
1121 3347 1178 3399 et
1208 3344 1363 3400 Patri
1396 3361 1498 3416 per
1547 3344 1738 3416 ipsum
1770 3345 1896 3415 (Co-

231 3434 373 3490 loss.
410 3450 496 3498 ιιι,
527 3433 638 3505 17).
677 3455 705 3482 ››
737 3432 898 3496 Quod
930 3450 1062 3488 cum
1097 3433 1427 3503 fecerimus,
1453 3431 1536 3487 nil
1568 3433 1897 3499 sinistrum,

231 3522 343 3578 sed
379 3525 568 3578 totum
589 3523 890 3577 dexterum
915 3521 1026 3577 erit
1058 3538 1173 3593 quo
1205 3521 1901 3595 degerimus,nescietque

236 3611 492 3667 sinistra
521 3610 812 3667 malorum
835 3610 976 3683 quid
1001 3609 1176 3668 faciat
1205 3611 1436 3667 dextera
1458 3616 1656 3667 nostra
1677 3611 1897 3682 (Matth.

239 3717 319 3766 v1,
353 3701 436 3768 3).

850 3787 1082 3844 CAPUT
1132 3789 1303 3843 XLII.

469 3878 544 3934 De
574 3879 995 3950 negotiatoribus
1027 3877 1230 3933 Christi
1257 3885 1307 3933 et
1338 3879 1688 3933 Antichristi.

316 3968 548 4038 Itaque,
583 3966 723 4038 quia
749 3982 852 4039 per
886 3967 1060 4022 ﬁdem
1095 3971 1228 4022 ante
1257 3967 1455 4022 omnia
1484 3984 1517 4022 a
1548 3968 1662 4023 Deo
1692 3983 1906 4039 cogno-

245 4057 502 4122 scimur,
538 4055 684 4110 ﬁdes
715 4056 969 4127 profecto
992 4055 1399 4111 estcharacter
1423 4073 1537 4126 quo
1569 4055 1905 4127 signamur;

248 4146 355 4219 qui
381 4144 443 4199 in
467 4145 670 4200 dextra
691 4149 890 4200 nostra
909 4149 967 4200 et
988 4145 1175 4200 fronte
1201 4143 1909 4216 deprehenditur,quoties

243 4235 310 4290 in
345 4249 530 4305 regno
561 4232 716 4304 regis
749 4233 928 4288 nostri
964 4232 1250 4304 negotiari
1281 4232 1539 4303 proﬁcue
1569 4235 1626 4286 et
1674 4232 1912 4304 paciﬁce

245 4322 597 4396 quaerimus.
630 4321 690 4376 Si
721 4321 878 4376 enim
927 4321 1238 4394 diligenter
1298 4320 1683 4387 advertimus,
1744 4335 1914 4376 nemo

245 4411 374 4468 sive
408 4411 618 4477 bonus,
669 4409 790 4465 sive
823 4409 1034 4476 malus,
1067 4409 1220 4465 valet
1280 4409 1487 4465 saltem
1522 4426 1639 4464 una
1681 4408 1824 4464 hora
1855 4407 1914 4462 in

2009 3259 2108 3332 qui
2139 3259 2248 3314 hoc
2280 3259 2353 3312 ad
2385 3257 2599 3312 Christi
2651 3256 2835 3310 nostri
2869 3254 3289 3326 impropcrium
3337 3258 3394 3308 et
3423 3254 3657 3325 dispen-

2009 3348 2195 3413 dium,
2253 3352 2312 3401 et
2341 3346 2412 3400 ad
2437 3345 2526 3400 sui
2555 3343 2799 3400 latronis
2832 3342 3079 3415 gloriam
3135 3345 3192 3396 et
3239 3341 3654 3413 compendium

2010 3437 2252 3492 faciunt.
2285 3435 2429 3490 Nam
2469 3432 2704 3488 illorum
2756 3430 3020 3502 complex
3075 3434 3132 3486 et
3189 3430 3652 3502 condiscipulus,

2012 3524 2278 3597 quamvis
2313 3524 2453 3578 dicit
2479 3523 2591 3578 Deo
2626 3540 2637 3576 :
2677 3544 2696 3570 α
2728 3521 2787 3576 Si
2846 3519 3026 3574 Filius
3057 3518 3158 3574 Dei
3189 3534 3271 3584 es,
3305 3519 3530 3574 salvum
3563 3519 3652 3574 fac

2012 3613 2413 3686 temetipsum,
2447 3616 2505 3668 et
2535 3629 2642 3668 nos
2671 3612 2821 3682 (Luc.
2855 3608 3133 3678 xx111,39),
3168 3631 3194 3657 »
3225 3607 3659 3675 omnipotentiae

2012 3703 2228 3759 Christi
2260 3700 2582 3756 insultabat
2603 3704 2659 3755 et
2690 3697 3235 3766 detrahebat,atque
3255 3695 3511 3752 inimicis
3532 3697 3659 3767 ejus

2015 3791 2320 3849 materiam
2347 3787 2751 3844 subsannandi
2773 3784 3196 3859 praebebatCui
3213 3783 3660 3854 improperando

2015 3896 2247 3954 poenam
2279 3877 2489 3942 crucis,
2523 3881 2579 3931 et
2604 3875 2741 3946 quia
2781 3891 2883 3945 par
2940 3871 3265 3926 latronibus
3322 3876 3494 3937 esset,
3557 3886 3664 3926 nec

2016 3972 2384 4043 praesentem,
2418 3981 2521 4020 nec
2581 3965 2835 4018 futuram
2888 3958 3288 4016 confusionem
3344 3975 3536 4028 suam,
3598 3975 3667 4015 ex

2017 4055 2360 4115 confusione
2392 4052 2628 4118 Christi,
2690 4056 2990 4123 protervus
3051 4047 3166 4116 illc,
3199 4048 3332 4105 felle
3394 4049 3667 4105 draconis

2020 4146 2238 4211 ebrius,
2273 4141 2580 4198 sentiebat.
2613 4141 2792 4204 Quem
2815 4144 3010 4200 socius
3033 4141 3331 4215 quondam
3363 4155 3508 4194 suus
3525 4139 3668 4193 dum

2023 4233 2285 4303 increpat
2316 4229 2503 4301 (Ibid,
2534 4229 2644 4300 40),
2682 4234 2737 4285 et
2765 4231 3061 4287 Christum
3120 4231 3335 4302 Regem
3366 4231 3422 4284 et
3469 4226 3672 4282 Domi-

2027 4339 2190 4386 num,
2223 4319 2397 4376 etiam
2433 4319 2491 4373 in
2524 4335 2693 4374 cruce
2725 4319 3089 4388 morientem,
3151 4319 3324 4374 corde
3352 4316 3584 4371 credere
3616 4318 3674 4370 et

2029 4426 2126 4466 ore
2159 4408 2418 4464 conﬁteri
2450 4424 2565 4462 non
2599 4408 2844 4475 dubitat,
2879 4409 3272 4465 characterem
3308 4402 3674 4473 latronis,cui

246 4501 365 4556 hoc
400 4499 614 4555 saeculo
645 4498 837 4554 vivere
869 4499 982 4554 nisi
1016 4497 1538 4571 negotietur.Unde
1569 4498 1836 4553 Christus
1856 4496 1916 4551 in
1951 4519 1998 4583 D
2029 4499 2264 4554 additus
2293 4498 2503 4564 erat,in
2535 4495 2745 4552 Christi
2781 4498 3172 4554 characterem
3199 4496 3539 4557 commutat,
3564 4491 3674 4583 sub

251 4587 562 4660 regionem
579 4585 965 4659 longinquam
984 4587 1316 4653 iturus,sub
1339 4586 1590 4657 speciem
1611 4585 1919 4656 cujusdam

250 4675 480 4733 nobilis
512 4675 880 4742 hominis,ait
909 4676 1089 4732 servis
1111 4675 1235 4731 suis
1261 4694 1272 4731 :
1303 4698 1328 4724 ‹‹
1365 4674 1757 4747 Negotiamini
1780 4675 1922 4730 dum

249 4764 433 4822 venio
455 4763 605 4835 (Luc.
638 4781 754 4827 x1x,
789 4765 898 4835 13).
935 4786 960 4814 ››
998 4763 1160 4819 Unde
1218 4768 1276 4820 et
1307 4763 1377 4818 de
1408 4767 1612 4818 sancta
1671 4762 1924 4819 Ecclesia

250 4854 324 4910 in
359 4851 691 4908 Proverbiis
725 4852 939 4908 dicitur
969 4869 982 4907 :
1009 4876 1034 4901 ‹‹
1064 4853 1238 4907 Facta
1268 4857 1358 4908 est
1387 4851 1733 4924 quasinavis
1763 4852 1927 4908 insti-

252 4942 411 4999 toris
433 4941 505 4996 de
536 4940 707 5012 longe
742 4945 981 5014 portans
1002 4957 1213 5013 panem
1236 4941 1761 4997 suum.Sindonem
1793 4939 1928 4996 fecit

257 5034 325 5086 et
357 5028 640 5097 vendidit,
675 5032 732 5084 et
755 5028 1061 5100 cingulum
1093 5028 1337 5084 tradidit
1384 5028 1708 5084 Chananaeo
1742 5030 1924 5099 (Prov.

259 5135 426 5185 xxxx,
458 5117 548 5184 14,
579 5118 693 5188 24).
726 5139 754 5166 ››
785 5117 1120 5190 Negotiator
1142 5134 1276 5190 ergo
1307 5121 1395 5174 est
1417 5117 1682 5174 Christus
1713 5121 1770 5172 et
1800 5116 1925 5172 sui:

260 5205 602 5280 negotiator
651 5205 1046 5262 Antichristus
1097 5207 1227 5274 sui;
1262 5223 1366 5262 cur
1417 5224 1520 5278 per
1572 5205 1932 5262 Ezechielem

263 5295 566 5353 Dominus
595 5295 708 5351 sub
766 5295 958 5367 specie
1018 5294 1170 5368 regis
1204 5295 1338 5366 Tyri
1387 5295 1564 5350 dicit:
1594 5296 1681 5350 Tu
1715 5294 1933 5350 cherub

266 5388 610 5459 protegens,
643 5388 701 5440 et
729 5384 898 5457 posui
915 5386 970 5439 te
997 5384 1056 5440 in
1080 5387 1277 5439 monte
1290 5388 1492 5440 sancto
1522 5383 1708 5452 Dei,in
1741 5383 1933 5439 medio

2032 4603 2146 4657 quo
2160 4603 2227 4641 ex
2242 4603 2411 4657 pmna
2428 4583 2668 4640 latronis
2688 4591 2980 4641 mereatur
2999 4579 3673 4656 triumphum-martyris.

2033 4675 2126 4732 Sic
2158 4674 2408 4730 haeretici
2468 4673 2776 4745 quidquid,
2811 4675 2981 4746 quasi
3042 4675 3332 4739 dextrum,
3394 4686 3563 4742 agere
3593 4669 3676 4724 vis

2034 4763 2262 4829 dentur,
2297 4767 2398 4817 aut
2428 4761 2641 4816 habere
2669 4762 3049 4833 praecipuum,
3110 4765 3298 4817 totum
3331 4759 3679 4815 Antichristi

2035 4859 2124 4908 est
2146 4851 2538 4923 negotium,ut
2560 4854 2701 4920 puta
2724 4868 2824 4922 per
2844 4851 3296 4921 recognitionem
3328 4849 3682 4906 characteris

2036 4942 2186 5013 ejus,
2219 4939 2438 4996 scilicet
2484 4938 2762 5008 perﬁdiae,
2813 4939 3048 4995 dextera
3078 4945 3135 4996 et
3167 4941 3353 4995 fronte
3384 4939 3680 5005 affectum,

2037 5029 2170 5085 licet
2195 5027 2308 5101 ipsi
2337 5025 2678 5082 Antichristi
2712 5044 2885 5083 suum
2932 5029 3358 5086 Antichristum
3416 5044 3549 5084 cum
3579 5027 3683 5083 Ju-

2042 5119 2182 5174 daeis
2213 5117 2465 5173 vocitent
2493 5114 2809 5170 Christum.

2631 5205 2864 5260 CAPUT
2905 5205 3096 5262 XLIII.

2047 5300 2168 5368 Quo
2197 5293 2515 5349 charactere
2545 5294 2854 5350 Simoniaci
2880 5303 3173 5351 noscantur
3205 5311 3316 5350 esse
3345 5293 3689 5350 Antichristi.

2120 5383 2191 5438 Ut
2219 5399 2355 5455 ergo
2383 5383 2580 5439 Ariani
2611 5383 2718 5438 hoc
2775 5384 3106 5440 charactere
3163 5383 3507 5440 Antichristi
3565 5399 3695 5440 esse

265 5473 896 5546 rapidumignitorum
918 5471 1233 5529 ambulasti
1261 5490 1274 5541 ;
1301 5474 1591 5545 perfectus
1612 5473 1796 5530 inviis
1819 5472 1938 5530 tuis
2049 5475 2392 5539 noscantur,
2421 5473 2574 5545 quod
2605 5472 2924 5545 przedicant
2955 5472 3166 5528 Filium
3191 5472 3354 5529 Patre
3384 5472 3693 5541 minorem,

265 5581 306 5624 α
343 5563 440 5622 die
468 5562 881 5637 negotiationis
912 5567 1046 5632 tuae,
1080 5560 1304 5636 repleta
1333 5566 1476 5621 sunt
1502 5563 1781 5623 interiora
1837 5567 1939 5623 tua
2049 5567 2106 5622 et
2165 5560 2454 5639 Spiritum
2532 5566 2802 5622 sanctum
2855 5565 3102 5638 utroque
3147 5580 3160 5635 ;
3236 5566 3294 5622 et
3378 5561 3700 5623 Simoniaci

606 5689 874 5760 Panos.
920 5688 1182 5762 CXLIII.

3301 5685 3378 5770 36
