4106 6178
511 343 660 414 1131

1565 330 1965 403 llUMBEBTl
2013 339 2074 399 s.
2124 338 2196 397 Β.
2245 333 2314 395 E.
2363 329 2856 395 CAuolNALIS.

3705 323 3830 385 H32

513 481 896 540 nihilominus
922 479 1029 535 hoc
1053 477 1382 534 charactere
1401 474 1738 530 Antichristi
1758 491 1885 530 esse
1906 489 2157 528 noscun-
2183 471 2238 537 Α
2269 469 2562 526 amittant.
2595 467 2874 522 Parcatur
2930 462 3195 519 fraticide
3250 459 3406 528 Cain,
3454 460 3498 514 si
3536 459 3645 530 ipse
3691 459 3831 514 etiam

511 577 628 642 tur,
660 587 774 643 quo
804 569 1085 642 Spiritum
1131 569 1493 634 sanctum,ut
1522 568 1760 636 putatur
1788 563 2047 618 vendunt
2103 565 2159 617 et

513 665 738 728 emunt,
772 662 873 716 aut
899 657 1068 714 vendi
1102 661 1156 712 et
1187 656 1299 711 emi
1332 670 1502 727 posse
1550 656 1797 709 credunt
1826 657 1881 707 et
1929 652 2153 706 dicunt.

511 750 620 816 Qui
652 765 765 805 non
798 746 990 804 solum
1021 745 1208 801 ocultc
1238 745 1392 799 sicut
1419 742 1518 798 alii
1548 741 1806 797 hmretici
1850 741 1959 797 sub
1993 740 2156 795 Anti-

515 837 734 895 christo
763 836 1154 906 negotiantur,
1187 833 1286 888 sed
1318 832 1558 903 insuper
1605 835 1800 902 aperte
1832 833 1890 884 et
1919 829 2157 885 saecula-

517 927 660 984 riter
687 930 968 996 tanquam
1000 922 1110 978 vile
1159 921 1518 992 mancipium
1573 919 1854 991 Spiritum
1886 923 2156 974 sanctum

516 1015 780 1074 venalem
812 1016 1163 1085 proponunt,
1187 1015 1243 1066 et
1263 1010 1515 1083 pretium
1538 1008 1812 1065 smculare
1845 1025 1946 1080 pro
1977 1024 2043 1063 eo
2066 1024 2161 1080 pa-

518 1105 821 1161 ciscuntur
849 1106 906 1157 et
932 1099 1436 1173 accipiunt.Quem
1469 1115 1582 1153 non
1615 1101 1803 1168 potest
1842 1096 2158 1168 quisquam

518 1192 764 1249 vendere
793 1194 894 1246 aut
922 1205 1135 1254 emere,
1168 1187 1280 1242 nisi
1312 1186 1640 1241 charactere
1679 1183 2020 1239 Antichristi
2051 1185 2159 1240 hoc

517 1286 605 1339 est
635 1281 877 1354 perﬁdia
909 1282 1142 1333 notatus
1200 1277 1255 1329 in
1288 1275 1519 1330 dextera
1549 1291 1725 1327 manu
1775 1277 1831 1326 et
1861 1273 1916 1326 in
1951 1273 2156 1339 fronte,

516 1371 736 1427 scilicet
764 1369 822 1422 in
851 1385 967 1424 suae
1011 1363 1377 1437 cogitationis
1434 1368 1490 1417 et
1545 1362 1791 1417 actionis
1853 1363 2159 1432 principali

517 1463 701 1532 parte,
734 1456 1038 1528 utjugiter
1069 1452 1254 1525 possit
1282 1469 1386 1506 suo
1447 1450 1676 1523 negotio
1731 1450 2157 1506 Antichristum

516 1547 721 1604 ditare.
753 1544 916 1600 Unde
953 1547 1008 1597 et
1068 1541 1349 1614 propheta
1405 1540 1666 1595 Judaeum
1695 1537 2001 1610 plangens,
2037 1539 2117 1593 ait
2147 1555 2160 1592 ε

521 1658 548 1688 ‹‹
579 1634 734 1690 Facti
764 1637 901 1689 sunt
932 1632 1130 1687 hostes
1152 1631 1279 1700 ejus
1312 1629 1368 1684 in
1393 1629 1604 1699 capite,
1637 1627 1856 1681 inimici
1891 1626 2048 1682 illius
2079 1628 2160 1682 lo-

518 1723 794 1797 cupletati
823 1725 979 1788 sunt,
1002 1720 1138 1791 quia
1159 1719 1439 1774 Dominus
1463 1717 1694 1772 locutus
1715 1722 1804 1771 est
1833 1733 2011 1787 super
2033 1733 2161 1771 eam

519 1814 702 1906 ςΤΙιεη.
739 1830 775 1866 1.
808 1811 884 1906 ξ).
921 1834 947 1859 ‹‹
1151 1812 1206 1862 et
1231 1806 1380 1906 alius
1406 1804 1653 1906 psal‘t‘em
1717 1805 1855 1860 idoli
1888 1823 2162 1877 arguens,
2198 1843 2242 1906 Β

517 1901 710 1974 inquit
731 1917 744 1955 :
766 1896 1210 1969 «Corinsipiens
1225 1893 1736 1960 adorabitillud,et
1754 1910 1868 1948 non
1890 1893 2164 1949 liberabit

519 1990 780 2048 animam
812 2004 1003 2057 suam,
1039 2002 1225 2057 neque
1254 1984 1406 2038 dicet
1441 1999 1452 2037 :
1489 1983 1652 2037 Forte
1685 1982 2056 2038 mendacium
2079 1986 2166 2037 est

523 2081 582 2136 in
614 2079 848 2136 dextera
878 2093 1007 2132 mea
1026 2076 1174 2146 (Isai.
1208 2091 1356 2139 κων,
1388 2073 1495 2138 20).
1534 2094 1561 2120 ››
1585 2071 1696 2127 Sed
1729 2071 1836 2126 hoc
1867 2071 2166 2144 negotium

523 2186 638 2224 non
673 2166 988 2240 perﬁcitur,
1024 2165 1135 2218 nisi
1181 2163 1278 2216 ubi
1339 2166 1580 2232 uterque
1637 2161 1900 2214 venditor
1947 2160 2169 2216 scilicet

525 2262 701 2328 atque
752 2257 999 2324 emptor,
1059 2251 1449 2305 characterem
1502 2247 1840 2302 Antichristi
1902 2249 2168 2320 praeferre

526 2342 856 2406 invenitur;
907 2354 1080 2410 quem
1141 2337 1279 2407 quia
1309 2336 1511 2391 Petrus
1541 2352 1654 2389 non
1691 2334 1893 2390 habuit
1921 2337 2167 2390 vendere

527 2447 642 2486 non
665 2428 870 2500 potuit,
904 2426 1037 2480 licet
1095 2426 1320 2496 Magus,
1353 2424 1686 2479 charactere
1742 2423 1839 2478 illo
1879 2425 2165 2496 signatus,

525 2532 717 2574 emere
734 2512 1548 2571 voluerit.Ubiattendendum
1577 2529 1609 2566 a
1631 2517 1849 2583 quanta
1870 2511 2169 2567 imbecilli-

529 2610 645 2664 tate
675 2603 913 2659 hzeresis
944 2603 1063 2657 haec
1095 2604 1164 2658 ad
1199 2604 1483 2672 quantum
1525 2601 1789 2655 roborem
1823 2601 2165 2671 pervenerit.

527 2695 724 2753 Primo
757 2693 912 2748 enim
966 2690 1326 2747 venditorem
1359 2707 1474 2746 non
1497 2689 1973 2756 invenit,deinde,
1997 2689 2169 2760 longo

529 2788 662 2857 post
691 2787 972 2853 tempore,
1003 2779 1362 2835 venditorem
1393 2778 1629 2849 quidem
1669 2777 1900 2848 reperit,
1937 2777 2038 2832 sed
2070 2776 2171 2848 qui

535 2873 720 2931 solius
745 2869 1110 2942 emptoris,et
1141 2885 1255 2923 non
1315 2866 1576 2932 alterius,
1596 2866 1848 2938 pretium
1909 2865 2174 2937 qumsivit

528 2962 819 3032 Hincjam
859 2959 1124 3014 venditor
1152 2957 1223 3011 ab
1257 2961 1515 3027 emptore
1549 2971 1662 3010 non
1695 2954 1886 3010 solum
1917 2972 2085 3010 suam
2118 2958 2174 3009 et

531 3067 795 3118 suorum,
829 3048 928 3103 sed
963 3047 1204 3117 insuper
1233 3045 1685 3100 ecclesiasticam
1717 3043 2023 3116 pecuniam
2057 3060 2172 3098 non

529 3137 821 3198 erubescit
850 3133 1204 3192 omnimodis
1228 3132 1582 3206 exigere.Hei
1617 3131 1789 3187 mihi!
1816 3133 2060 3204 contigit
2081 3148 2174 3187 me

2265 557 2602 614 admonitus
2629 572 2662 610 a
2683 553 2999 610 fratricidio
3021 551 3255 624 quievit.
3276 550 3540 606 Parcatur
3557 547 3833 614 homicidia,

2266 647 2316 702 si
2349 663 2463 702 non
2495 646 2566 701 ad
2597 649 2846 700 mortem
2905 639 3282 714 peccaverint.
3323 638 3584 692 Parcatur
3637 636 3833 706 raptori-

2267 737 2398 804 bus,
2433 736 2481 792 si
2516 751 2628 790 non
2677 731 2868 788 solum
2919 747 3120 802 rapere
3151 725 3443 793 desierint,
3501 725 3593 780 sed
3629 724 3670 781 si
3709 730 3837 797 rapta

2267 841 2519 898 quoque,
2571 840 2697 894 quae
2750 820 2942 877 adhuc
2997 817 3110 874 sibi
3165 815 3440 873 violenter
3470 812 3712 884 retinent,
3758 813 3838 868 rite

2267 911 2648 969 restituerint.

2858 1050 3088 1108 CAPUT
3129 1047 3312 1104 XLIV.

2269 1179 2441 1247 Quam
2477 1179 2589 1232 sint
2646 1177 2727 1231 rei
2782 1171 3402 1247 Ecclesire_Si3izoiziaci,
3461 1176 3508 1224 et
3559 1167 3618 1224 de
3664 1183 3838 1222 numero

2848 1247 3034 1300 nomin
3043 1245 3092 1299 is
3123 1242 3345 1298 Christi.

2341 1376 2383 1427 0
2417 1377 2559 1443 quot
2585 1377 2642 1426 et
2671 1375 3022 1442 quantorum
3075 1366 3499 1423 tratricidarum
3547 1369 3599 1421 et
3649 1363 3840 1419 homici-

2270 1463 2499 1528 darum,
2533 1478 2646 1532 prae
2689 1459 2910 1515 caeteris
2941 1456 3250 1520 haereticis,
3282 1454 3583 1510 Simoniaci
3612 1452 3843 1508 habentur

2273 1551 2374 1616 rei,
2408 1549 2530 1620 qui,
2583 1553 2817 1619 excepta
2866 1546 3090 1618 plebeia
3133 1561 3336 1610 manu,
3386 1549 3468 1598 tot
3511 1546 3736 1597 catervas
3765 1543 3842 1596 do-

2275 1639 2652 1693 mesticorum
2685 1637 2807 1702 Dei,
2841 1633 3060 1691 scilicet
3087 1633 3456 1698 clericorum,
3496 1629 3842 1686 monachorum

2272 1733 2328 1782 et
2349 1725 2891 1782 sanctimonialium
2905 1723 3164 1796 quotidie
3176 1722 3450 1777 occidunt
3469 1737 3590 1775 cum
3604 1717 3842 1788 sacrilegio

2274 1814 2518 1870 immani
2548 1815 2560 1868 l
2595 1817 2858 1880 Quorum
2895 1812 3187 1883 stipendia
3210 1811 3355 1865 dum
3388 1809 3726 1864 saecularibus
3749 1823 3844 1860 ven-

2275 1905 2466 1960 dendo
2497 1908 2555 1959 et
2585 1903 2856 1958 donando
2897 1901 3174 1968 alienant,
3199 1904 3258 1955 et
3289 1915 3528 1970 corpora
3545 1913 3714 1952 eorum
3733 1895 3842 1949 inlo-

2274 1991 2499 2050 lerabili
2532 1991 2725 2046 inedia
2755 2006 3067 2061 rerumque
3097 1987 3365 2043 omnium
3413 1985 3638 2058 penuria
3671 1983 3840 2038 interﬁ-

2276 2083 2456 2150 ciunt,
2518 2086 2575 2135 et
2624 2081 2821 2134 anima
2868 2078 3255 2133 nihilominus
3317 2076 3388 2130 ad
3434 2076 3648 2146 peccata
3681 2070 3844 2142 quibus

2279 2171 2610 2226 moriuntur
2631 2173 2866 2238 cogunt.
2891 2167 2995 2222 Ubi
3021 2167 3179 2221 enim
3201 2164 3466 2220 caelibem
3483 2168 3536 2218 et
3554 2157 3844 2232 spiritualem

2276 2259 2454 2314 vitam
2485 2258 2738 2323 ducturi,
2802 2255 2879 2335 nil
2939 2254 3030 2310 sui
3079 2253 3381 2325 stipendii,
3432 2251 3528 2324 qui
3569 2248 3844 2312 subsistant,

2278 2347 2389 2402 sibi
2421 2346 2707 2402 redictum
2739 2344 3020 2409 sentiunt,
3079 2343 3150 2398 ad
3184 2341 3552 2398 saecularium
3601 2337 3846 2393 hominum

2279 2435 2560 2506 suffragia
2590 2433 2769 2488 coacti
2803 2433 3131 2504 retugiunt:
3167 2430 3388 2502 quibus
3419 2443 3635 2484 necesse
3659 2431 3732 2480 est
3754 2422 3849 2478 ani-

2279 2541 2408 2578 mas
2465 2524 2784 2594 subjugare
2838 2526 3140 2592 cogantur,
3174 2519 3324 2574 dum
3381 2533 3607 2589 corpora
3656 2513 3849 2569 relevare

2278 2616 2582 2667 conantur.
2618 2612 2660 2665 Ο
2719 2614 2861 2681 quot
2890 2625 3196 2682 pauperes,
3260 2608 3466 2663 viduas
3521 2610 3574 2660 et
3622 2601 3851 2673 orphenos

2279 2701 2433 2772 stipe
2463 2699 2857 2754 ecclesiastica
2886 2697 3148 2764 alendos,
3182 2694 3560 2752 necaverunt!
3591 2693 3632 2747 Ο
3657 2687 3853 2762 quotpia

2281 2789 2407 2844 loca
2435 2789 2875 2850 dextruxerunt,
2907 2785 3005 2840 ubi
3050 2785 3312 2840 debitam
3373 2781 3696 2856 pauperibus
3719 2782 3765 2832 et
3786 2791 3853 2830 ec-

2281 2876 2476 2932 clesiis
2507 2875 2830 2947 portionem
2860 2875 3221 2930 decimarum
3270 2878 3329 2928 et
3387 2872 3713 2928 oblationum
3757 2881 3853 2936 per-

2283 2971 2454 3037 petuo
2485 2963 2862 3019 saecularibus
2881 2962 3400 3032 vendiderunt,aut
3420 2961 3686 3016 donarunt
3705 2954 3716 3009 l
3736 2953 3853 3008 Unde

2275 3055 2400 3125 jam
2433 3069 2669 3108 necesse
2691 3057 2780 3108 est
2811 3057 2874 3106 ut
2895 3055 3095 3106 contra
3125 3050 3468 3105 Christianae
3500 3045 3695 3102 militis:
3724 3040 3852 3114 privi-

2287 3143 2503 3215 legium
2563 3142 2689 3198 suis
2742 3140 3048 3212 stipendiis
3102 3138 3317 3194 militet
3364 3135 3619 3210 quisquis
3664 3131 3854 3187 militare

531 3229 605 3285 ab
635 3227 727 3283 his
757 3225 858 3298 qui
910 3224 1169 3279 inferunt
1223 3226 1344 3277 tam
1399 3221 1753 3277 horrendum
1800 3221 2029 3277 facinus
2085 3239 2165 3276 co-

2285 3206 2512 3286 Christo
2537 3229 2706 3286 volet.
2751 3206 2890 3284 Inde
2919 3231 3008 3283 est
3037 3227 3212 3298 quod,
3238 3243 3346 3282 nec
3379 3206 3625 3288 clericos,
3654 3236 3742 3276 nec
3766 3232 3854 3272 mo-

533 3311 1095 3389 gnovisse,videlicet
1126 3314 1257 3381 post
1281 3310 1524 3380 pretioss
1552 3325 1844 3364 marmora
1875 3311 2171 3380 parietum

533 3407 590 3460 et
612 3401 1029 3458 emblematum
1062 3397 1440 3452 basilicarum
1464 3414 1564 3468 pro
1590 3397 1696 3451 hoc
1721 3399 1948 3468 negotio
1969 3399 2175 3456 distra-

535 3495 653 3557 cta,
677 3488 852 3544 etiam
885 3485 1135 3558 tegulas,
1161 3485 1327 3539 tectis
1361 3502 1562 3540 earum
1593 3491 1829 3556 cogente
1856 3488 2174 3556 etjubente

527 3579 824 3636 venditore
851 3575 1130 3645 direptas,
1167 3581 1227 3627 ut
1257 3573 1368 3628 sibi
1427 3590 1461 3626 a
1513 3573 1839 3628 miserrimo
1881 3580 2167 3646 emptore,

520 3668 648 3739 jam
679 3682 808 3722 sero
839 3680 1016 3736 super
1045 3661 1156 3718 tale
1186 3662 1406 3717 factum
1465 3661 1842 3729 lamentante,
1895 3665 2171 3735 promissi

528 3756 698 3830 pretii
729 3770 964 3811 summa
994 3751 1436 3824 persolveretur.
1497 3751 1684 3816 Dicat,
1719 3751 1766 3806 si
1821 3752 1953 3822 quis
1997 3753 2167 3822 valet,

528 3861 798 3918 quaenam
831 3842 1068 3898 haeresis
1116 3839 1432 3911 aliquando
1477 3843 1698 3894 tantam
1751 3841 2170 3897 desolationem

528 3933 802 3991 Ecclesiis
834 3931 934 3987 Dei
968 3929 1303 3985 machinata
1333 3935 1419 3983 est
1449 3934 1728 4000 quantam
1786 3929 2001 3984 hmc.Et
2028 3947 2169 4001 prae-

527 4022 755 4078 dicatur
774 4038 808 4076 a
829 4019 1191 4090 sapientibus
1217 4018 1417 4073 mitius
1431 4017 1721 4089 agendum
1737 4034 1872 4072 cum
1888 4018 2171 4073 Simenia-

528 4110 612 4166 cis
643 4124 820 4181 quam
853 4111 1047 4162 actum
1079 4107 1155 4161 sit
1186 4123 1320 4161 cum
1359 4106 1574 4173 aliis,et
1607 4107 2052 4177 temperandum
2086 4107 2170 4162 eis

526 4197 895 4256 severitatem
927 4212 1218 4249 canonum
1271 4194 1582 4266 plusquam
1631 4195 1986 4262 Novatianis,
2034 4213 2172 4268 erga

530 4304 676 4362 quos
707 4284 1140 4342 clementiorem
1171 4290 1228 4338 et
1260 4283 1649 4339 remissiorem
1682 4283 1964 4339 catholica
1993 4301 2054 4340 se
2085 4302 2171 4340 os-

527 4377 716 4434 tendit
742 4376 769 4430 ?
797 4377 1091 4438 Parcatur,
1123 4373 1454 4442 volo,lupis,
1481 4373 1706 4426 t'uribus
1736 4378 1791 4426 et
1821 4372 2167 4442 latronibus,

525 4467 575 4524 si
606 4467 718 4540 ipsi
750 4465 1069 4537 aliquqndo
1103 4466 1504 4533 pepercerunt,
1538 4467 1639 4516 aut
1673 4467 1918 4532 parcunt
1940 4462 2166 4529 ovibus,

2286 3321 2524 3382 nachos,
2557 3325 2657 3374 aut
2688 3316 3165 3374 sanctimoniales
3208 3315 3525 3388 quisquam
3563 3313 3627 3368 ad
3655 3305 3854 3380 regulare

2285 3408 2643 3480 propositum
2659 3423 2861 3479 cogere
2883 3411 2982 3461 aut
3003 3405 3183 3461 libera
3204 3406 3396 3460 fronte
3418 3415 3696 3476 provocare
3707 3395 3852 3458 audet,

2284 3497 2395 3553 nisi
2427 3497 2757 3552 secundum
2795 3495 3258 3564 uniuscujusque
3301 3508 3499 3549 eorum
3541 3488 3849 3544 voluntatem.

2283 3586 2392 3642 Sed
2425 3585 2560 3640 hinc
2595 3585 2719 3654 jam
2751 3583 3000 3638 breviter
3029 3582 3100 3636 de
3131 3597 3382 3636 numero
3425 3576 3661 3636 nominis
3704 3568 3852 3628 bestia

2289 3673 2398 3728 hoc
2430 3672 2792 3736 intimemus,
2823 3671 2976 3741 quod
3009 3670 3162 3725 sicut
3198 3686 3412 3726 nomen
3462 3665 3660 3724 Christi
3698 3656 3852 3719 nostri,

2281 3762 2383 3833 qui
2418 3766 2506 3815 est
2529 3761 2726 3826 Jesus,
2747 3758 2959 3814 Graecis
2989 3757 3296 3814 elementis
3325 3757 3742 3817 consideratam,
3773 3743 3852 3798 888

2281 3849 2577 3922 exprimit,
2611 3849 2695 3904 sic
2725 3853 2781 3903 et
2801 3847 3146 3903 Antichristi
3171 3864 3387 3902 nomen
3415 3847 3518 3902 666
3548 3833 3854 3916 quicalculus

2283 3939 2342 3993 in
2398 3937 2690 4010 plerisque
2739 3937 2952 3992 Greecis
2991 3935 3370 4003 dictionibus,
3424 3935 3603 3990 Graece
3652 3921 3855 4010 conside:

2281 4005 2444 4093 ratis,
2490 4005 2804 4093 invenitur,
2862 4041 2930 4080 ex
2985 4023 3201 4095 quibus
3260 4028 3352 4079 est
3377 4022 3592 4086 Teitan,
3637 4005 3853 4095 quiapud

2281 4133 2386 4171 nos
2415 4114 2691 4170 scribitur
2721 4115 2915 4178 Titan,
2946 4093 3117 4184 cujus
3148 4112 3395 4184 pluralis
3425 4115 3511 4166 est
3533 4109 3754 4164 Titanes,
3780 4093 3851 4184 qui

2281 4204 2691 4276 intelliguntur
2718 4179 3336 4275 gigantes,vquo_ndam
3372 4197 3623 4256 fabulose
3649 4179 3854 4264 δεδι-ϐδεῖ

2279 4275 2612 4365 expugnare
2640 4290 2895 4358 caelites;
2931 4295 2987 4343 et
3019 4288 3179 4354 solis,
3216 4289 3320 4360 qui
3371 4285 3650 4359 respuisse
3692 4275 3852 4365 dicitur

2282 4357 2821 4452 prius'complices;
2847 4378 2999 4433 unde
3021 4377 3212 4432 adhuc
3235 4357 3333 4433 sol
3361 4357 3568 4432 dicitur
3585 4372 3758 4432 Titani
3777 4357 3851 4452 qui

2281 4446 2337 4524 et
2366 4446 2628 4540 Apollon
2663 4467 2877 4532 Graece,
2939 4466 2996 4520 id
3055 4470 3144 4522 est
3186 4466 3429 4522 Perdens
3483 4461 3694 4521 dicitur,
3736 4446 3850 4540 qugd

527 4560 628 4612 aut
683 4556 732 4610 si
785 4571 882 4610 eas
941 4551 1255 4623 aiiquando
1315 4551 1550 4622 rapiunt
1607 4549 1692 4604 vel
1751 4551 2042 4619 furantur,
2099 4569 2245 4635 neD
2279 4537 2496 4614 ἴθι-νόω
2527 4574 2632 4612 suo
2653 4572 2887 4611 omnem
2917 4571 3156 4610 succum
3194 4554 3507 4611 virentium
3536 4537 3848 4617 decoquendo

527 4649 786 4703 mactent
807 4648 864 4699 et
883 4642 1150 4714 perdant.
1175 4639 1593 4694 Permittantur
1616 4638 1855 4709 impune
1885 4656 2165 4708 crescere,

524 4740 583 4791 et
611 4734 762 4789 lilios
787 4747 1109 4803 procreare,
1128 4731 1224 4784 scd
1254 4728 1630 4798 providentur
1661 4744 1733 4781 an
1768 4728 1982 4798 pusillo
2004 4728 2166 4800 gregi

526 4837 810 4896 agnorum
871 4819 978 4873 hoc
1009 4819 1292 4888 expediat.
1327 4817 1626 4887 Coquatur
1659 4816 1860 4870 haedus
1911 4816 1966 4870 in
2015 4816 2169 4873 laete

527 4911 734 4966 matris
765 4926 904 4972 suae,
939 4907 1182 4960 Domino
1205 4906 1381 4960 etiam
1412 4909 1639 4959 vetante
1672 4905 2169 4976 (Exod.xx1n,19),

527 4999 628 5055 sed
662 5000 932 5053 caveatur
958 5012 1028 5050 ne
1051 4995 1134 5049 sic
1155 4995 1255 5048 fiat
1288 4993 1486 5048 hircus
1521 4992 1860 5048 multandus
1893 4993 2170 5049 irrevoca-

532 5087 634 5144 bili
665 5084 1092 5142 maledictione.
1118 5082 1561 5153 Suspendantur
1591 5098 1622 5134 a
1654 5082 1934 5137 morbidis
1965 5083 2169 5138 ovibus

526 5175 854 5249 chirurgiea
895 5173 1265 5236 ferramenta,
1325 5169 1609 5225 scabiosis
1643 5171 1818 5226 costis
1851 5189 2050 5226 earum
2081 5171 2165 5226 sal

528 5267 787 5333 mordax,
823 5268 1072 5330 acetum,
1109 5265 1165 5315 ct
1220 5258 1506 5330 sulphura
1554 5259 1701 5324 viva,
1753 5260 1850 5314 sed
1904 5261 2168 5317 videatur

527 5373 600 5412 ne
619 5353 900 5428 paulatim
924 5355 1159 5422 serpant
1189 5349 1246 5402 in
1270 5348 1425 5402 omni
1444 5349 1570 5402 dira
1599 5347 2168 5418 contagia.Parcatur

526 5459 761 5516 quoque
792 5440 1112 5512 sacrilegis,
1147 5436 1360 5510 quibus
1390 5435 1545 5508 leges
1576 5435 1748 5490 nulla":
1765 5441 2030 5507 parcunt.
2063 5439 2163 5493 sed

525 5536 798 5588 caveatur
845 5547 915 5584 ne
944 5530 1064 5585 haec
1093 5543 1230 5599 erga
1259 5542 1358 5582 eos
1385 5525 1569 5597 pietas
1607 5523 1684 5579 sit
1713 5523 1771 5579 in
1805 5529 1986 5581 Deum
2017 5531 2073 5582 et
2104 5527 2161 5586 in

523 5637 664 5684 suos
720 5619 1013 5698 impietas,
1044 5622 1100 5677 et
1144 5617 1241 5695 pla
1269 5615 1414 5690 loca,
1473 5613 1520 5673 si
1555 5612 1694 5688 quid
1725 5613 1808 5672 eis
1863 5623 2156 5694 superest,

2278 4647 2483 4718 perdat
2512 4645 2826 4700 herbarum
2841 4685 2853 4699 .

2347 4735 2468 4798 Quo
2499 4734 2735 4788 nomine
2767 4749 2959 4805 regem
2990 4733 3186 4804 abyssi
3217 4730 3592 4804 Apocalypsis
3622 4718 3848 4805 nominet.

2281 4823 2402 4894 qui,
2440 4827 2502 4876 ut
2523 4821 2739 4876 ibidem
2767 4803 3377 4891 subjungitur,Latine
3399 4803 3566 4874 habet
3585 4825 3762 4870 nomen
3781 4803 3851 4858 Ει·

2279 4911 2603 4968 terminans
2634 4910 2812 4981 (Apoc.
2843 4927 2917 4976 1x,
2948 4910 3059 4980 2i),
3094 4910 3265 4980 cujus
3314 4909 3624 4964 derivatum
3651 4901 3849 4954 Graecum

2278 4999 2563 5057 ἀπολλύειν,
2597 4998 2751 5069 quod
2775 4997 3068 5068 signiﬁcat
3095 4997 3472 5068 perditionem.
3497 4993 3553 5049 Si
3583 4983 3848 5069 consideres

2279 5066 2665 5143 nihilominus
2711 5086 2818 5139 666
2835 5066 3121 5156 reperies.
3157 5085 3287 5140 Sive
3319 5101 3452 5156 ergo
3482 5081 3745 5155 gigantem
3762 5066 3847 5156 sive

2278 5175 2662 5249 perditionem
2695 5173 3122 5229 Antichristum
3146 5151 3429 5238 nomines,
3462 5151 3848 5228 nilbbeshquia

2275 5271 2331 5321 et
2361 5265 2525 5337 gigas
2557 5266 2664 5329 est,
2699 5261 2799 5334 qui
2828 5267 2936 5317 Deo
2994 5263 3352 5328 adversatur,
3384 5265 3439 5316 et
3492 5253 3844 5337 extollitucsu‘

2275 5332 2392 5427 pra
2425 5332 2604 5408 omne
2655 5332 2811 5423 quod
2867 5351 3082 5407 dicitur
3132 5350 3286 5406 Deus
3340 5353 3440 5404 aut
3485 5343 3628 5418 quod
3679 5332 3842 5427 colitur

2273 5420 2346 5512 tu
2376 5443 2546 5498 ThesS-
2582 5457 2645 5507 II.
2672 5420 2752 5510 Ιἰ),
2786 5444 2842 5494 et
2873 5440 3118 5510 perditio
3164 5444 3273 5506 est,
3305 5438 3441 5511 quia
3488 5435 3647 5491 homo
3673 5420 3842 5512 peccati

2273 5530 2496 5588 etﬁlius
2526 5529 2870 5607 perditionis
2892 5534 2981 5586 est
3010 5530 3185 5604 (Joan.
3211 5546 3350 5594 xvu,
3384 5525 3492 5599 12,)
3511 5517 3843 5607 quiquam"?

2271 5594 2827 5681 salutembmnibus
2874 5594 3201 5696 promittat,
3235 5633 3335 5681 nec
3385 5594 3562 5679 semet
3598 5603 3768 5673 salvat.
3794 5594 3843 5654 αδ
