4106 6178
249 308 401 370 1133

810 307 1222 372 ADVERSUS
1271 308 1742 371 SIMONIACOS
1783 307 1992 371 LIBRI
2041 307 2606 372 'I‘ltES.~LIBER
2649 307 3080 374 SECUNDUS.

3487 314 3644 377 1134

246 441 557 496 Psalmista
588 440 804 498 clamat
838 459 848 495 :
887 465 913 490 ‹‹
949 443 1071 498 Non
1093 442 1352 499 salvetur
1383 460 1478 498 rex
1510 460 1612 514 per
1643 442 1888 497 multam
1925 444 1975 508 Α
2006 441 2828 510 nullaverisimilitudoinerit,
2854 443 3081 499 facilius
3098 444 3484 502 sibiincautos
3503 447 3643 502 sub-

243 530 614 599 virtutem,et
643 531 808 603 gigas
839 548 954 586 non
977 531 1378 598 salvabiturin
1399 531 1781 586 multitudine
1809 531 1897 585 vir
1997 533 2249 605 jugabit.
2302 534 2386 588 Oh
2432 534 2560 595 hoc.
2621 551 2933 590 numerum
2984 534 3073 590 sui
3105 535 3359 590 nominis
3401 553 3645 594 numero

241 620 388 676 tutis
421 637 540 676 suae
563 621 735 688 (Psal.
770 638 944 687 xxxu,
977 623 1086 694 46).
1122 645 1151 672 ››
1181 625 1329 679 Ante
1360 639 1532 695 quem
1572 627 1892 678 retrorsum

240 726 476 782 quoque
498 710 914 782 accingendus,
937 710 1096 765 velut
1117 717 1252 767 ante
1271 711 1623 767 contrariam
1645 712 1753 766 sibi
1779 711 1892 765 for-

237 799 555 854 titudinem
583 799 750 870 gigas
780 797 877 853 ille
909 799 1205 855 accinctus
1247 801 1559 872 przeliatur,
1593 801 1664 856 de
1693 817 1811 872 qua
1839 804 1895 855 et

237 887 554 944 Psalmista
581 891 864 942 testatur:
895 911 914 936 ε
945 888 1267 944 Exsultavit
1294 895 1355 944 ut
1378 891 1542 962 gigas
1567 891 1638 944 ad
1663 908 1894 946 curren-

239 977 378 1032 dam
407 975 560 1031 viam
594 977 765 1049 (Psal.
799 994 958 1043 xvm,
991 977 1064 1047 6).
1104 1000 1132 1027 ››
1155 979 1254 1032 Cui
1288 979 1350 1031 B.
1385 980 1730 1035 Ambrosius
1755 997 1893 1036 suc-

237 1067 444 1121 cinens
477 1065 560 1120 ait
592 1081 603 1120 :
640 1065 907 1120 Procedit
936 1065 1007 1120 de
1037 1065 1295 1121 thalamo
1328 1083 1454 1131 suo,
1488 1069 1728 1138 pudoris
1759 1069 1894 1125 aula

239 1156 405 1228 regia
430 1154 699 1227 geminae,
731 1153 897 1226 gigas
927 1154 1272 1210 substantiae
1305 1155 1538 1221 alacris,
1589 1162 1653 1212 ut
1698 1163 1895 1214 currat

238 1245 419 1299 viam.
454 1243 637 1314 Cujus
666 1243 856 1314 gratia
884 1243 1036 1298 sicut
1057 1261 1164 1299 nos
1191 1243 1487 1300 salvamur
1507 1245 1775 1316 videndo,
1807 1250 1892 1304 sic

243 1337 302 1387 at
323 1332 547 1405 priores
561 1336 754 1403 patres
777 1331 961 1386 nostri
984 1332 1192 1387 salvari
1217 1339 1560 1388 meruerunt
1580 1339 1889 1407 sperando,

241 1423 474 1477 dicente
550 1421 714 1476 Petro
791 1421 1053 1492 apostolo
1108 1438 1120 1476 :
1178 1445 1206 1470 ‹‹
1271 1425 1378 1476 Per
1437 1425 1686 1494 gratiam
1751 1427 1892 1481 Jesu

239 1510 460 1566 Christi
520 1510 816 1565 credimus
875 1509 1083 1565 salvari
1143 1512 1641 1582 quemadmodum
1697 1520 1753 1569 et
1806 1515 1892 1569 illi

241 1601 378 1670 (Act.
413 1617 504 1663 xv,
537 1599 658 1670 H);
693 1621 721 1648 »
745 1615 917 1670 quem
951 1600 1062 1654 sub
1093 1599 1330 1654 nomine
1362 1601 1572 1658 futura:
1600 1602 1810 1660 salutis
1832 1604 1892 1660 in

239 1688 540 1744 octonario
574 1703 816 1742 numero
847 1686 931 1740 illi
966 1688 1370 1759 praeferebant,
1401 1689 1557 1746 velut
1588 1692 1706 1747 Noe
1736 1697 1893 1749 octa-

237 1794 352 1832 vus
383 1777 439 1831 in
467 1792 621 1842 arca,
647 1780 704 1830 et
732 1775 1024 1831 Abraham
1060 1776 1117 1830 in
1145 1776 1590 1835 circumcisione
1612 1781 1771 1836 Isaac
1801 1783 1894 1838 die
1925 1812 1974 1877 B

242 1872 464 1923 octava.
497 1867 680 1932 Quem
714 1868 771 1918 et
801 1881 928 1931 nos,
952 1865 1062 1919 sub
1086 1864 1320 1921 nomine
1350 1866 1640 1936 exhibita},
1671 1871 1898 1925 etexhi-

240 1956 450 2013 bendze
481 1953 712 2018 salutis,
742 1953 798 2008 in
819 1954 1020 2008 eodem
1048 1953 1367 2008 retinemus
1392 1972 1656 2012 numero.
1687 1962 1796 2014 Per
1815 1975 1901 2015 re-

239 2043 668 2102 surrectionem
719 2042 847 2111 ejus
887 2042 1100 2096 factam
1146 2041 1239 2096 die
1287 2047 1510 2110 octavo,
1559 2050 1615 2100 et
1663 2062 1766 2118 per
1795 2049 1897 2102 ad-

239 2138 486 2189 ventum
517 2130 773 2203 Spiritus
805 2130 934 2201 ejus
966 2129 1036 2185 ab
1071 2130 1199 2201 ipsa
1228 2133 1654 2189 resurrectione
1686 2139 1896 2192 octava:

235 2220 709 2293 septimanarum
733 2218 826 2274 die
848 2218 1058 2290 primo,
1088 2220 1390 2275 credentes
1412 2237 1518 2276 nos
1543 2239 1646 2292 per
1667 2228 1898 2281 octona-

238 2311 400 2366 rium
433 2323 749 2364 numerum
778 2307 979 2362 Jesum
1015 2324 1169 2362 nunc
1203 2308 1259 2361 in
1285 2310 1597 2366 animabus
1629 2329 1897 2384 resurge-

236 2416 321 2466 re,
358 2402 417 2453 et
446 2397 504 2451 in
537 2395 882 2468 corporibus
915 2396 972 2450 in
1007 2396 1324 2451 novissimo
1357 2397 1467 2453 die.
1499 2401 1604 2464 Qui
1640 2417 1752 2456 non
1781 2402 1898 2456 fru-

236 2493 363 2543 stra
404 2503 471 2542 eo
504 2501 750 2541 numero
775 2484 1147 2556 significatur
1178 2501 1293 2556 quo
1326 2486 1592 2542 senarius
1622 2493 1678 2542 et
1706 2495 1901 2561 septe-

235 2576 448 2632 narius
479 2575 833 2640 continetur,
869 2578 951 2643 ut,
978 2573 1164 2628 instar
1192 2575 1522 2631 Conditoris
1539 2579 1765 2646 mundi,
1800 2580 1900 2634 de-

235 2667 554 2731 monstret,
589 2668 721 2735 post
741 2662 1154 2734 perfectionem
1177 2663 1461 2718 bonorum
1484 2681 1745 2736 operum,
1771 2671 1898 2722 tan-

235 2770 417 2826 quam
453 2757 588 2826 post
619 2752 940 2820 senarium,
975 2767 1080 2806 nos
1105 2754 1502 2822 scptenarium
1534 2755 1750 2825 quietis
1781 2757 1901 2811 ani-

237 2859 480 2898 marum
511 2841 838 2906 habituros,
863 2840 1221 2910 tandemque
1253 2843 1692 2899 resurrectionis
1723 2845 1896 2902 etiam

237 2946 560 3004 corporum
594 2929 958 2985 octonarium
993 2934 1396 3000 percepturos.

857 3017 1093 3072 CAPUT
1142 3018 1300 3072 XLV.

572 3109 646 3163 De
673 3123 901 3163 numero
945 3108 1196 3161 nominis
1235 3108 1575 3164 Antichristi.

312 3198 485 3254 Unde
513 3202 570 3252 et
600 3195 1020 3264 Antichristus,
1053 3199 1118 3249 ut
1156 3195 1301 3251 nihil
1339 3199 1538 3252 minus
1571 3215 1746 3270 quam
1780 3200 1897 3254 dia-
1928 3171 1970 3238 Ο

235 3287 418 3344 holus
461 3286 752 3350 credatur,
795 3293 1080 3356 quantum
1140 3289 1328 3355 potest
1368 3287 1711 3358 mysterium
1760 3291 1898 3343 Jesu

235 3376 484 3440 Christi,
537 3391 637 3430 seu
673 3373 906 3430 fallendi
942 3373 1363 3444 peritissimus,
1410 3375 1480 3428 ad
1529 3391 1590 3430 se
1628 3376 1814 3447 signis
1845 3380 1902 3432 et

234 3464 516 3520 numeris
563 3467 899 3534 retorquere
933 3466 1195 3529 conatur,
1241 3463 1463 3518 abusus
1512 3463 1685 3519 etiam
1741 3464 1900 3520 illius

231 3552 612 3616 nominibus,
641 3556 708 3606 ut
736 3556 792 3607 et
818 3553 942 3622 ipse
968 3550 1198 3605 dicatur
1217 3551 1480 3617 Messias,
1503 3551 1588 3606 vel
1614 3553 1898 3617 Christus.

243 3643 456 3712 Gigas,
489 3639 576 3696 vel
602 3641 789 3712 fortis,
812 3656 944 3694 cum
976 3655 1107 3694 vere
1127 3642 1202 3694 sit
1233 3639 1385 3694 filius
1406 3641 1769 3712 perditionis,
1804 3641 1905 3713 qui

233 3731 411 3788 venit
442 3731 641 3784 omnia
667 3729 930 3800 perdere,
966 3745 1091 3800 quae
1123 3728 1406 3784 Dominus
1449 3728 1645 3797 Jesus,
1692 3745 1903 3785 secun-

236 3821 395 3875 dum
417 3833 629 3873 nomen
657 3833 854 3883 suum,
887 3820 1123 3872 venerat
1145 3833 1403 3888 quaerere
1425 3821 1480 3872 et
1501 3817 1743 3885 salvare,
1769 3819 1907 3889 quia

242 3907 570 3982 perierant.
599 3907 682 3961 Ad
716 3907 885 3976 cujus
917 3905 1194 3976 injuriam
1239 3910 1410 3977 atque
1460 3923 1701 3962 suarum
1745 3912 1905 3962 tene-

238 3999 496 4053 brarum
529 3994 1085 4064 dissimulationem,
1130 3995 1321 4060 Titan,
1360 3992 1445 4049 vel
1477 3995 1703 4066 Apollo,
1739 3995 1908 4067 quasi

239 4085 343 4141 Sol
375 4084 669 4139 nominari
693 4085 943 4148 affectat,
969 4087 1031 4137 ut
1054 4087 1292 4154 putetur
1311 4082 1652 4154 principalis
1672 4083 1766 4138 ille
1788 4083 1904 4151 Sol,

239 4189 430 4246 quem
466 4173 548 4228 sic
579 4172 899 4228 Malachias
930 4170 1282 4244 praenuntiat
1316 4189 1328 4226 :
1364 4194 1383 4219 α
1411 4171 1587 4226 Vobis
1618 4173 1717 4244 qui
1747 4173 1910 4227 time-

237 4265 320 4318 tis
377 4277 592 4315 nomen
647 4276 844 4315 meum
895 4261 1117 4314 orietur
1168 4259 1265 4314 Sol
1309 4260 1908 4330 justitia:(Malac.1v,

233 4352 336 4418 2);
373 4372 395 4398 ιι
447 4366 581 4404 cum
623 4350 701 4404 sit
750 4348 988 4404 omnino
1023 4348 1382 4419 mancipium
1437 4349 1608 4419 piceae
1659 4349 1911 4420 sulphu-

236 4455 477 4509 reaeque
508 4437 807 4509 gehennae,
870 4436 1104 4493 rebellis
1149 4437 1622 4492 incommutabili
1668 4437 1798 4504 soli,
1857 4442 1914 4493 et

2006 624 2261 679 nominis
2284 624 2421 679 Jesu
2450 624 2661 679 Christi
2685 641 2981 696 coaequare
3005 625 3223 680 frustra
3246 623 3484 694 laboret,
3510 629 3648 698 quia

2003 715 2192 770 eidem
2226 731 2340 769 non
2374 715 2824 785 appropinquat.
2857 715 3000 768 Nam
3042 713 3176 770 licet
3206 715 3502 770 senarium
3537 717 3649 773 sibi

2004 808 2268 876 usurpet,
2323 803 2651 874 septenario
2684 807 2739 857 et
2769 804 3061 858 octonario
3109 807 3284 860 caret.
3339 805 3444 859 Per
3495 806 3649 878 quod

2004 893 2392 968 prudentibus
2436 892 2616 946 claret
2672 891 3097 946 Antichristum
3149 896 3205 946 et
3245 910 3383 950 suos
3413 896 3650 954 nonnisi

2004 983 2414 1056 perfectionem
2461 981 2750 1035 malorum
2800 996 3063 1051 operum,
3107 997 3213 1036 nec
3252 983 3323 1036 ad
3375 989 3648 1056 septena-

2004 1074 2155 1127 rium
2188 1070 2402 1142 quietis
2434 1069 2787 1133 animarum,
2821 1086 2926 1123 nec
2957 1070 3026 1124 ad
3059 1071 3420 1126 octonarium
3454 1089 3646 1129 resur-

2003 1160 2276 1217 rectionis
2306 1175 2636 1230 corporum,
2671 1159 2782 1212 nisi
2806 1158 2861 1212 in
2889 1163 3136 1213 mortem
3169 1162 3489 1216 secundam
3525 1178 3650 1234 per-

2001 1249 2225 1319 tingere
2255 1265 2444 1320 posse,
2480 1248 2616 1319 quia
2663 1251 2869 1318 przeter
2913 1246 3161 1302 visibilis
3210 1256 3262 1303 el
3305 1251 3651 1322 temporalis

2002 1337 2356 1412 operationis
2387 1354 2504 1392 suae
2531 1339 2850 1402 senarium,
2878 1334 2959 1389 nil
2993 1336 3103 1389 sibi
3136 1340 3343 1391 curant
3364 1340 3648 1396 mercedis

2002 1443 2280 1500 reponere
2309 1426 2367 1480 in
2403 1426 2685 1479 futurum.
2722 1425 2850 1478 Haec
2881 1424 3094 1479 idcirco
3117 1425 3187 1479 de
3219 1425 3405 1497 signis
3435 1431 3490 1482 et
3511 1427 3648 1483 cha-

2002 1522 2221 1571 ractere
2250 1514 2592 1569 Antichristi
2625 1529 2984 1583 numeroque
3007 1513 3262 1568 nominis
3286 1515 3416 1585 ejus
3448 1516 3646 1572 forsan

2003 1604 2276 1659 diffusius
2303 1601 2630 1656 necessario
2661 1601 3070 1667 discurrimus,
3107 1617 3178 1655 ne
3209 1601 3364 1672 quis,
3399 1602 3643 1658 insidia-

2005 1709 2134 1747 rum
2168 1693 2296 1761 ejus
2325 1695 2381 1744 et
2402 1693 2634 1745 secretae
2671 1688 3000 1759 iniquitatis
3031 1691 3292 1762 ignarus,
3322 1692 3655 1764 suspicetur

2004 1781 2062 1835 in
2089 1779 2506 1835 finemundiab
2529 1777 2627 1832 illo
2649 1781 2751 1831 aut
2769 1781 3027 1832 mortuos
3053 1779 3123 1832 ad
3155 1778 3333 1833 vitam
3359 1780 3652 1835 suscitan-

2007 1871 2133 1936 dos,
2151 1873 2250 1923 aut
2267 1865 2770 1922 charactereillius
2792 1864 3002 1919 visibili
3025 1865 3292 1922 homines
3316 1868 3374 1921 in
3396 1868 3651 1936 dextera,

2010 1962 2065 2014 et
2097 1959 2157 2012 in
2192 1958 2381 2012 fronte
2430 1955 2766 2021 inurendos,
2816 1956 2918 2007 aut
2947 1970 3191 2009 numero
3233 1955 3491 2011 nominis
3525 1955 3654 2028 ejus

2007 2046 2432 2112 inscribendos,
2465 2048 2521 2098 et
2543 2043 2944 2112 frustrajactet
2966 2059 3028 2098 se
3056 2042 3196 2098 talia
3216 2043 3376 2099 nullo
3409 2044 3500 2100 sui
3525 2061 3651 2100 cor-

2008 2135 2166 2208 poris
2195 2133 2453 2189 cruciatu
2489 2135 2886 2201 accepturum,
2922 2131 2972 2186 si
3004 2135 3143 2186 tunc
3175 2131 3475 2200 advixerit,
3510 2149 3647 2188 cum

2008 2226 2154 2280 forte
2178 2223 2302 2293 jam
2327 2221 2628 2276 ultroneus
2652 2219 2743 2273 his
2769 2220 3116 2274 omnibussc
3139 2220 3469 2290 subjecerit.
3496 2220 3646 2276 Heu!

2008 2319 2148 2386 quot
2179 2318 2234 2365 et
2265 2309 2465 2382 quanti
2485 2313 2749 2379 tempora
2769 2307 3104 2362 Antichristi
3126 2323 3242 2362 non
3271 2307 3561 2376 viderunt,
3597 2311 3654 2365 et

2007 2406 2201 2457 tamen
2235 2400 2294 2454 in
2330 2413 2569 2470 corpore
2600 2397 2727 2466 ejus
2754 2401 2912 2459 sunt,
2955 2396 3052 2466 qui
3089 2399 3307 2466 quanto
3356 2394 3554 2466 plures
3595 2400 3654 2453 et.

2009 2491 2278 2546 fortiores
2310 2487 2420 2542 sibi
2452 2486 2760 2540 inviscerat
2803 2488 3020 2556 quanto
3051 2483 3319 2539 callidius
3361 2483 3651 2541 malitiam

2010 2596 2178 2636 suam
2201 2577 2286 2632 eis
2317 2574 2589 2630 occultat.
2623 2573 2861 2627 Avidius
2889 2571 3046 2627 enim
3078 2589 3366 2628 venenum
3418 2577 3653 2645 potatur

2011 2683 2186 2741 quam
2219 2663 2410 2720 nobile
2431 2663 2629 2717 vinum
2659 2678 2807 2728 ;non
2837 2661 3026 2715 solum
3053 2676 3118 2715 ex
3142 2661 3394 2731 pretioso
3417 2661 3649 2732 poculo,

2010 2759 2108 2815 sed
2142 2756 2316 2812 etiam
2349 2769 2414 2808 ex
2438 2751 2626 2807 colore
2648 2754 2903 2820 putatur.

2602 2855 2829 2911 CAPUT
2875 2855 3063 2910 XLVI.

2013 2954 2256 3022 Qualiter
2286 2950 2526 3004 Satanas
2537 2948 2829 3069 profanant:
2851 2946 3155 3000 tri-nitatem
3184 2948 3381 3001 contra
3409 2944 3653 3000 divinam

2702 3033 2796 3069 exs
2823 3024 2968 3069 ruat.

2702 3024 2968 3071 exstruat.

2012 3113 2378 3184 Quapropter
2408 3106 2684 3177 antiquus
2706 3105 2899 3170 draco,
2926 3120 3156 3175 semper
3185 3104 3434 3176 cupidus
3465 3109 3523 3160 et
3545 3105 3654 3159 fin-

2011 3199 2181 3275 gendi
2213 3197 2454 3269 peritus,
2487 3195 2640 3248 inter
2659 3197 2744 3248 tot
2773 3196 3028 3258 ettanta,
3057 3209 3183 3264 qua:
3207 3209 3340 3247 cum
3373 3196 3658 3248 attentare

2009 3295 2066 3346 et
2096 3286 2373 3345 simulare
2405 3283 2677 3355 superius
2709 3286 3090 3350 monstratur,
3121 3281 3297 3336 etiam
3328 3281 3436 3336 hoc
3467 3281 3659 3336 omni-

2017 3377 2208 3434 modis
2256 3375 2483 3429 etficere
2532 3376 2776 3426 conatur
2822 3375 2906 3436 ut,
2965 3370 3289 3424 secundum
3347 3370 3502 3441 quod
3535 3373 3656 3425 tres

2011 3470 2152 3523 sunt
2182 3464 2281 3536 qui
2314 3461 2717 3517 testimonium
2745 3459 2889 3514 dant
2925 3457 3151 3514 veritati
3176 3458 3231 3512 in
3266 3457 3428 3530 ccelo,
3463 3462 3518 3512 et
3539 3461 3656 3514 tres

2011 3555 2111 3628 qui
2144 3555 2202 3608 in
2237 3557 2391 3607 terra
2422 3552 2640 3621 (lJoan.
2673 3565 2726 3616 v,
2757 3549 2812 3616 7,
2845 3548 2920 3617 8),
2957 3547 3038 3602 sic
3069 3550 3125 3602 et
3152 3547 3274 3618 ipse
3306 3563 3335 3602 e
3367 3546 3658 3602 contrario

2011 3649 2152 3709 tres,
2179 3640 2409 3712 quisuae
2435 3637 2672 3692 falsitati
2699 3636 3103 3690 testimonium
3137 3635 3277 3690 dent
3306 3635 3366 3688 in
3389 3635 3496 3690 hoc
3526 3639 3660 3689 tur-

2012 3732 2168 3797 bido,
2202 3745 2373 3801 quem
2408 3726 2595 3781 adhuc
2627 3725 2986 3796 permittitur
3014 3722 3284 3794 occupari
3316 3738 3467 3787 aere,
3499 3727 3660 3776 tran-

2018 3822 2285 3892 sfigurat,
2310 3820 2498 3870 ettres
2531 3814 2628 3884 qui
2660 3812 2720 3865 in
2750 3817 2924 3866 terra.
2960 3811 3044 3863 Ad
3078 3810 3186 3864 hoc
3215 3810 3369 3864 enim
3403 3810 3531 3878 ejus
3561 3825 3661 3864 su-

2018 3907 2219 3980 perbia
2264 3901 2529 3975 prorupit
2575 3905 2637 3953 ut
2669 3901 2792 3969 jam
2846 3904 3086 3954 eotenus
3132 3896 3343 3952 similis
3375 3895 3660 3952 altissimo

2016 3995 2139 4050 fieri
2171 3995 2409 4064 quaerat,
2436 3994 2499 4044 ut
2517 3993 2708 4042 tamen
2733 4003 2912 4058 supra
2941 4001 3112 4041 omne
3136 3985 3289 4058 quod
3323 3985 3538 4040 dicitur
3559 3986 3663 4040 aut

2020 4082 2174 4156 quod
2207 4079 2422 4135 colitur
2452 4093 2579 4132 sese
2605 4074 2844 4130 extollat
2874 4076 2952 4146 (II
2985 4074 3160 4130 Thess.
3189 4093 3252 4145 ιι,
3277 4075 3351 4147 4).
3387 4075 3550 4130 Unde
3580 4090 3666 4129 re-

2020 4170 2189 4226 bellis
2219 4168 2334 4223 Deo
2362 4166 2565 4220 co'ntra
2592 4165 2822 4219 beatam
2857 4169 2914 4219 et
2934 4165 3292 4220 individuam
3324 4165 3449 4236 ejus
3478 4163 3667 4218 Trini-

2020 4263 2217 4323 tatem,
2252 4255 2556 4310 constituit
2586 4269 2753 4309 suam
2788 4253 3139 4310 altrinsecus
3170 4253 3668 4308 abominationem

2023 4364 2082 4404 se
2103 4345 2369 4402 videlicet
2388 4349 2561 4414 atque
2590 4343 3016 4398 Antichristum
3041 4359 3215 4396 suum
3238 4347 3293 4396 et
3314 4342 3670 4412 pseudopro-

2022 4437 2252 4509 phetam
2285 4433 2614 4497 amborum,
2648 4436 2709 4486 ut
2749 4432 2870 4502 ipse
2891 4432 3055 4486 Pater
3077 4428 3362 4484 mendacii
3392 4427 3539 4482 Patri
3571 4443 3672 4483 ve-

239 4528 507 4600 perdens
539 4541 771 4581 omnem
815 4528 1061 4581 virorem
1113 4530 1168 4580 et
1214 4542 1450 4598 germen
1498 4527 1650 4580 fidei.
1693 4527 1916 4597 Quique
1948 4539 1993 4602 ι)
2027 4525 2237 4586 ritatis,
2277 4526 2332 4576 et
2364 4519 2750 4574 Antichristus
2780 4520 3146 4584 Christo,seu
3181 4515 3553 4570 mendacium
3575 4531 3672 4570 ve-

236 4634 311 4673 ex
341 4616 598 4671 nefando
623 4617 842 4670 incesto
866 4613 1015 4670 clam
1029 4615 1446 4686 concipiendus
1467 4618 1522 4668 et
1545 4616 1914 4681 nasciturus,

246 4707 314 4762 in
365 4707 500 4777 ipsa
529 4722 636 4760 sua
666 4705 1040 4776 conceptione
1073 4705 1146 4758 ab
1178 4706 1304 4776 ipso
1345 4705 1607 4775 principe
1658 4705 1922 4759 tenebra-

243 4811 388 4850 rum
427 4793 892 4864 arripiendus,et
918 4794 975 4847 in
1001 4792 1184 4847 filium
1211 4791 1580 4862 adoptandus
1607 4795 1663 4846 et
1696 4792 1919 4847 haben-

245 4885 395 4948 dus,
434 4886 497 4936 ut
527 4883 656 4952 ejus
688 4883 948 4954 potentia
979 4882 1282 4953 signisque
1316 4880 1697 4935 mendacibus
1729 4881 1921 4951 prima

243 4989 394 5045 spes
428 4975 627 5026 nostra
658 4970 900 5042 virginis
950 4969 1228 5034 hominis,
1270 4968 1490 5023 scilicet
1534 4969 1920 5024 sanctissima

246 5060 459 5116 Mariae
511 5063 744 5130 partus,
796 5063 1126 5125 evacuetur,
1163 5058 1508 5128 dicaturque
1553 5060 1603 5112 et
1640 5058 1925 5114 habeatur

242 5150 351 5204 hic
400 5165 638 5203 manzer
684 5147 807 5202 vice
858 5146 1017 5202 illius
1049 5146 1229 5202 Filius
1264 5146 1544 5212 hominis,
1597 5147 1696 5217 qui
1729 5151 1922 5202 tamen

250 5238 441 5310 longe
471 5237 572 5292 illo
617 5238 885 5310 superior
914 5240 969 5292 et
1000 5239 1288 5308 potentior
1318 5238 1413 5291 sit.
1448 5237 1515 5291 Et
1560 5235 1678 5290 hzec
1729 5238 1927 5292 omnia

247 5333 316 5384 et
351 5325 560 5382 multis
598 5326 692 5382 his
737 5325 906 5398 plura
937 5327 1138 5399 ﬁnget,
1179 5331 1242 5380 ut
1282 5327 1454 5398 Regis
1501 5326 1683 5382 nostri
1730 5325 1926 5380 humi-

248 5417 493 5473 litatem
540 5415 834 5486 superbia,
871 5415 1147 5486 pietatem
1190 5415 1506 5486 impietate,
1553 5413 1927 5468 clementiam

251 5504 638 5572 crudelitate,
688 5503 994 5561 veritatem
1067 5504 1370 5560 mendacio
1439 5503 1756 5570 subvertet,
1828 5518 1932 5574 per

265 5610 431 5678 quas
453 5593 603 5655 clam
637 5609 773 5653 suae
795 5593 1326 5672 tergiversationes,
1360 5592 1597 5671 quibus,
1624 5591 1764 5670 quia
1784 5609 1930 5653 non-

2029 4613 2203 4678 ritati,
2267 4616 2441 4681 atque
2481 4607 3070 4681 pseudOprophctam,
3115 4604 3272 4658 velut
3319 4603 3672 4675 conspiratio

2030 4700 2332 4757 mendacis
2363 4704 2418 4753 et
2439 4697 2726 4752 mendacii
2746 4694 2987 4765 Spiritui
3020 4692 3206 4747 veraci
3230 4698 3286 4747 et
3305 4692 3564 4747 veritatis
3592 4707 3677 4748 re-

2029 4791 2216 4847 sistat.
2253 4788 2358 4853 Qui
2392 4783 2799 4850 nihilominus,
2819 4781 3033 4853 pariter
3055 4784 3253 4835 contra
3276 4785 3392 4836 tres
3425 4780 3524 4852 qui
3554 4783 3677 4836 tes-

2029 4878 2340 4934 timonium
2402 4875 2543 4928 dant
2609 4871 2836 4926 veritati
2897 4869 2955 4923 in
3023 4873 3197 4936 terra,
3252 4875 3371 4924 tres
3438 4885 3506 4924 ex
3573 4885 3679 4924 suo

2030 4985 2128 5024 ore
2180 4965 2422 5037 spiritus
2471 4960 2810 5015 immundos
2855 4959 2913 5013 in
2965 4960 3202 5014 modum
3249 4975 3523 5013 ranarum
3555 4974 3684 5013 evo-

2033 5061 2225 5118 munt,
2277 5051 2376 5124 qui
2428 5049 2710 5122 polluant,
2770 5048 3048 5103 invadant
3102 5051 3158 5102 et
3224 5048 3478 5103 vendant
3536 5061 3684 5115 quos

2033 5162 2185 5217 aqua
2217 5142 2420 5203 abluit,
2485 5137 2736 5209 Spiritus
2795 5137 3028 5204 imbuit,
3073 5136 3429 5207 sanguisque
3469 5131 3685 5189 Christi

2035 5232 2302 5289 redemit.
2341 5229 2448 5295 Qui
2500 5243 2639 5281 sane
2698 5225 2941 5296 spiritus
2995 5224 3286 5279 immundi
3351 5221 3511 5278 ranis
3564 5235 3683 5276 non

2035 5323 2352 5392 incongrue
2411 5314 2866 5388 aequiparantur,
2917 5331 3045 5384 quae
3089 5312 3364 5384 limpidas
3409 5314 3466 5364 et
3498 5308 3686 5364 fluen-

2037 5417 2124 5468 tes
2172 5425 2355 5480 aquas
2425 5407 2702 5470 devitant,
2770 5408 2828 5457 et
2882 5402 3121 5457 limosas
3200 5400 3446 5473 paludes
3515 5398 3688 5454 affec-

2037 5503 2188 5566 tant,
2247 5499 2306 5553 in
2351 5495 2562 5570 quibus
2604 5492 2867 5566 improba
2910 5496 2967 5546 et
3005 5490 3307 5546 incondita
3347 5487 3690 5561 garrulitate

2039 5589 2413 5664 concrepant,
2448 5588 2504 5646 et
2535 5599 2703 5644 suam
2725 5581 3160 5660 generationem
3193 5577 3591 5660 multiplicant
3638 5583 3694 5647 et
