4106 6178
497 339 654 400 H35
1590 325 1999 388 llllMBERTl
2045 328 2108 385 S.
2157 324 2228 385 R.
2276 323 2348 384 E.
2394 323 2889 385 CAltDlNALlS.
3685 328 3808 388 H36

497 472 767 530 educant.
802 469 864 524 In
893 466 1108 539 quibus
1135 481 1251 521 non
1283 462 1509 519 invenis
1538 460 1637 517 ubi
1669 459 2151 516 deambulaturus
2180 456 2233 522 Α
2260 458 2413 513 Ait‘er
2442 456 2586 514 mihi
2621 472 2929 512 nummum
2960 471 3190 512 sanum.
3226 454 3381 511 Unde
3408 453 3565 512 claret
3581 472 3663 513 eos
3688 475 3809 516 acco-

498 566 556 619 et
585 559 956 633 requieturus
981 554 1198 627 ﬁgaris,
1229 554 1328 609 sed
1356 552 1456 607 ubi
1483 549 1836 623 polluendus
1866 551 1923 604 et
1953 548 2148 603 absor—
2256 547 2343 604 las
2372 546 2656 621 paludum
2689 545 3015 619 Babylonis:
3046 562 3197 612 esse,
3230 544 3328 618 qui
3357 544 3435 601 nil
3462 545 3685 603 conferre
3708 565 3809 622 pos-

501 645 1024 720 bendusinﬁgaris;
1048 643 1107 699 in
1129 643 1345 715 quibus
1366 639 1447 696 nil
1470 637 1627 696 aliud
1657 641 2013 710 procreatur,
2032 635 2147 691 nisi
2257 641 2396 692 sunt
2428 636 2555 692 sine
2584 652 2805 705 morsu,
2839 635 2966 691 sine
2995 633 3251 700 vulnere,
3294 633 3412 691 sine
3441 635 3703 708 sanguine.
3728 637 3808 701 Qui

502 737 996 806 nebulaa,fetores,
1020 736 1199 788 acutae
1213 730 1474 787 catrices.
1502 743 1817 799 canumque
1834 725 2147 799 palustres,
2257 724 2372 780 nisi
2402 725 2564 797 prius
2595 724 2816 780 haustu
2848 723 3100 794 alicujus
3123 722 3332 779 erroris
3361 739 3621 780 venenum
3647 724 3812 782 innate

500 832 559 886 et
587 825 783 899 scirpi,
817 821 1090 879 venenosi
1125 822 1442 893 serpentes,
1480 818 1530 873 ei
1562 814 1872 890 perniciosi
1919 829 2150 868 vermes
2260 813 2372 871 sibi
2404 813 2655 869 avaritiae
2678 811 3005 885 rejecerint,
3028 810 3264 867 nonnisi
3287 810 3719 883 pesteminvitare
3742 830 3818 870 no-

501 921 675 989 atque
730 912 958 970 steriles
1004 912 1262 967 arbores.
1322 907 1481 963 Talis
1511 905 1727 979 quippe
1767 903 2150 976 reproborum
2261 902 2396 959 rint.

503 1002 816 1062 multitudo
843 1017 1026 1074 aquai,
1057 998 1215 1055 velut
1247 998 1457 1054 stativa
1489 1000 1546 1051 et
1577 1011 1775 1050 amara
1820 1008 1993 1065 aqua,
2030 994 2152 1047 ter-
2843 1009 3074 1066 CAPUT
3114 1006 3331 1064 XLVII.

501 1092 829 1167 ram,prius
850 1089 1070 1149 aridam
1094 1092 1150 1145 et
1176 1085 1509 1144 hominibus
1539 1081 1942 1172 habitabilem,
1967 1080 2025 1135 in
2050 1096 2150 1172 pa:
2264 1101 2413 1170 Quod
2440 1099 2586 1155 mth
2611 1101 2785 1172 ρνοείι
2815 1099 3106 1172 haereticis,
3136 1112 3233 1172 ηβρ
3262 1100 3331 1152 αα
3358 1094 3496 1172 βαθέ’
3516 1111 3602 1151 mc
3627 1095 3685 1151 ad
3706 1096 3820 1152 δηιη,

501 1183 671 1240 ludes
701 1180 999 1254 squalidas
1030 1182 1087 1234 et
1115 1177 1300 1233 invias
1328 1174 1516 1230 vertit.
1558 1172 1622 1227 In
1654 1170 1868 1243 quibus
1910 1170 2034 1240 jam
2068 1167 2151 1223 nil
2282 1167 2296 1170 ’
2335 1175 2403 1254 tis
2431 1167 2701 1254 effectum,
2732 1171 2951 1254 etiamsi
2988 1168 3293 1239 grandibus
3338 1167 3540 1224 vocibus
3564 1168 3821 1223 catholicum

504 1290 623 1330 non
646 1242 905 1328 debitum
937 1267 1057 1339 igni
1093 1260 1555 1335 inexstinguibili
1594 1242 1907 1315 invenitur.
1939 1260 2001 1312 In
2027 1257 2154 1328 qui-
2333 1242 2618 1299 deca’htent
2645 1242 2974 1315 symbolum.

505 1362 617 1417 bus
641 1361 765 1431 jam
794 1355 898 1423 nil,
930 1355 1041 1410 nisi
1066 1354 1262 1425 inepta
1282 1356 1339 1409 et
1362 1348 1723 1406 contentiosa
1751 1345 2074 1403 carnalium
2100 1350 2157 1400 et
2336 1351 2585 1430 Pergunt
2610 1364 2745 1420 ergo
2768 1363 2924 1402 nunc
2953 1344 3270 1402 Simouiuoi
3291 1343 3691 1417 grandibusque
3712 1343 3824 1400 voci.

503 1447 872 1522 garrulorum
894 1442 1237 1514 loquacitas,
1274 1440 1611 1495 ebrietatem
1642 1454 1809 1492 suam
1844 1434 2155 1491 dcfenden-
2266 1441 2375 1495 bus
2400 1439 2789 1495 conﬁteantur
2805 1436 3011 1494 Jesum
3040 1434 3099 1490 in
3124 1451 3300 1490 carne
3319 1433 3552 1500 venisse,
3574 1433 3714 1503 cujus
3739 1449 3823 1488 non

503 1521 653 1592 tium
685 1538 741 1592 et
770 1531 1141 1590 sobrietatem
1176 1526 1593 1602 spiritualium,
1640 1530 1697 1580 et
1723 1524 2149 1579 taciturnorum
2266 1527 2555 1584 satiantur
2583 1525 2844 1599 corporis
2871 1523 3175 1581 vexatione
3195 1527 3253 1579 et
3282 1521 3679 1588 dilaceratione,
3703 1523 3828 1593 cujus

507 1642 616 1683 sua
637 1621 1008 1696 improbitate
1028 1616 1503 1691 iniquietantium
1523 1614 1774 1681 auditur,
1791 1611 1994 1685 quales
2019 1616 2155 1667 sunt
2266 1620 2589 1688 pascuntur
2610 1632 2766 1671 neco,
2790 1613 3044 1671 Corrocti
3064 1618 3121 1669 et
3146 1612 3393 1668 convicti
3414 1611 3671 1668 obstinate
3686 1614 3732 1666 et
3749 1611 3825 1666 im-

507 1716 687 1788 poetae
720 1715 780 1768 et
804 1708 1135 1783 philosophi
1166 1705 1495 1780 gentilium,
1530 1702 1882 1759 l'abulotorcs
1931 1700 2152 1755 Judmo-
2264 1705 2568 1777 pudenter,
2591 1704 2755 1760 uteis
2775 1704 2954 1760 moris
2976 1707 3084 1768 est,
3108 1702 3353 1759 recitent
3373 1698 3686 1757 catholicum
3712 1715 3827 1772 sym-

507 1787 640 1860 rum
671 1804 844 1872 atque
873 1799 1275 1854 haereticorum
1305 1794 1424 1866 qui,
1475 1791 1631 1848 velut
1661 1789 1966 1845 lutulentae
1999 1806 2152 1843 ranae
2184 1824 2231 1889 B
2264 1793 2486 1861 bolum,
2538 1793 2836 1859 omnibus,
2876 1796 2942 1847 ut
2985 1790 3218 1857 dicitur,
3254 1806 3460 1846 novem
3503 1787 3829 1844 instrumentis

505 1893 565 1949 in
598 1888 827 1947 limosis
862 1885 1198 1959 paludibus,
1240 1882 1458 1939 naeniae
1491 1897 1628 1936 suas
1678 1876 2156 1934 irrationabiliter
2184 1874 2230 1889 u
2264 1882 2535 1937 humanae
2557 1880 2716 1937 vocis
2737 1879 3106 1936 conclament
3125 1883 3183 1934 et
3205 1878 3558 1951 proclament
3575 1893 3629 1933 se
3650 1874 3829 1932 credere

508 1985 564 2038 et
593 1978 962 2053 pertinaciter
983 1973 1332 2038 declamant;
1360 1970 1577 2043 quibus
1598 1967 1800 2039 utique
1821 1966 2154 2038 principan-
2265 1971 2325 2026 in
2368 1970 2570 2026 Jesum
2620 1968 2918 2024 Christum
2965 1966 3177 2024 Filium
3230 1967 3335 2023 Dei
3385 1965 3720 2039 unigenitum,
3750 1961 3826 2033 qui

511 2051 629 2137 tur,
663 2071 722 2123 ct
765 2064 1028 2122 carmina
1076 2061 1370 2133 inspirant
1418 2064 1535 2114 tres
1586 2057 1819 2112 illorum
1865 2059 2155 2123 auctores,
2266 2063 2503 2140 propter
2534 2075 2641 2114 nos
2688 2057 2959 2113 homines
2989 2062 3046 2113 et
3078 2060 3317 2128 propter
3362 2060 3605 2112 nostram
3640 2051 3828 2109 salutem

510 2156 830 2230 gentilibus
880 2151 1147 2207 videlicet
1179 2151 1444 2215 Satanas,
1476 2145 1696 2203 Judaeis
1724 2143 2154 2211 Antichristus;
2267 2147 2570 2203 descendit
2615 2147 2686 2202 de
2732 2145 2912 2211 caelis,
2963 2150 3020 2201 et
3067 2145 3411 2200 incarnatus
3461 2149 3543 2200 est
3575 2144 3634 2199 de
3670 2139 3832 2212 Spiritu

511 2244 800 2301 haereticis
827 2243 1022 2296 autem
1060 2235 1587 2310 pseudopropheta.
2268 2239 2469 2292 sancto
2518 2253 2587 2291 ex
2635 2234 2819 2291 Maria
2863 2234 3108 2307 virgine,
3140 2239 3198 2290 et
3230 2233 3409 2291 homo
3440 2232 3610 2288 factus
3644 2233 3731 2294 est,
3754 2231 3834 2283 etc.

579 2332 682 2389 His
711 2330 867 2386 enim
898 2328 1086 2383 tribus
1114 2325 1384 2380 diabolus
1413 2323 1523 2380 sibi
1563 2327 1682 2378 tres
1733 2327 1922 2378 sectas
1979 2322 2159 2376 totius
2265 2325 2672 2381 Vociferentnr
2692 2340 2946 2397 quoque,
2971 2323 3020 2379 si
3040 2323 3270 2395 possint
3296 2327 3356 2379 et
3372 2321 3583 2379 malunt
3602 2319 3837 2375 ferreaaut

513 2414 999 2494 generishumnni
1018 2413 1239 2479 Venari.
1267 2410 1568 2483 aucupari,
1591 2415 1647 2465 et
1669 2409 1879 2482 Piscari
1898 2408 2157 2475 molitur,
2268 2432 2427 2471 aenea
2456 2431 2613 2485 voce,
2639 2418 3033 2484 centenasque
3056 2428 3234 2468 sonos
3265 2417 3500 2483 pectora
3517 2424 3691 2465 eorum
3713 2404 3841 2461 anhe-

514 2512 573 2565 et
592 2524 694 2581 per
716 2522 778 2562 se
809 2504 1049 2577 quidem
1080 2507 1364 2573 tanquam
1403 2498 1726 2555 Vehcmoth
1767 2495 2025 2565 seutileS,
2060 2513 2163 2568 per
2267 2504 2409 2572 lent,
2435 2503 2651 2575 quibus
2672 2502 3067 2574 profiteantur
3091 2524 3119 2551 ‹‹
3140 2517 3201 2556 se
3223 2500 3461 2556 credere
3480 2497 3601 2554 etin
3625 2494 3841 2568 Spiritum

511 2594 935 2654 Autichristum
962 2597 1243 2663 tanquam
1259 2606 1360 2662 P3P
1389 2604 1553 2644 avem
1575 2587 1832 2653 ιῖυάωοει
1863 2602 1962 2657 Per
1986 2601 2158 2657 PSGU-
2271 2596 2563 2661 sanctum,
2612 2593 2925 2648 Dominum
2973 2595 3031 2647 et
3077 2590 3492 2656 viviﬁcantem,
3524 2587 3613 2661 qui
3637 2604 3695 2642 ex
3718 2585 3839 2640 Patre

513 2684 933 2759 doprophetam
977 2685 1259 2752 tanquam
1296 2693 1398 2750 per
1428 2675 1741 2733 Leviathan
1772 2675 2157 2730 Christianos.
2272 2682 2533 2753 Filioque
2577 2681 2857 2753 procedit,
2909 2679 3010 2752 qui
3061 2696 3193 2735 cum
3242 2684 3421 2736 patro
3460 2683 3513 2735 et
3558 2675 3682 2732 Filio
3714 2669 3845 2729 simul

512 2776 596 2832 Ex
642 2773 858 2847 quibus
907 2773 1194 2843 quotquot
1236 2768 1554 2840 capiuntur
1600 2766 1672 2820 ad
1705 2781 1889 2836 aquas
1921 2764 2165 2820 furtivus
2271 2772 2552 2827 adoretur
2571 2774 2627 2826 et
2647 2768 3139 2842 conglorificatur,
3163 2769 3266 2840 qui
3305 2769 3530 2825 locutus
3558 2771 3636 2822 est
3651 2779 3735 2837 per
3750 2775 3844 2833 pm-

511 2858 796 2933 tanquam
822 2858 1096 2914 vecordes
1145 2854 1540 2921 retrahuntur,
1575 2852 1714 2925 quia
1745 2856 1844 2909 aut
1874 2851 2165 2924 sapientia
2272 2860 2507 2932 phetas;
2532 2864 2778 2915 etunam
2802 2862 3064 2915 sanctam
3085 2857 3440 2914 catholicam
3460 2861 3514 2914 et
3540 2850 3844 2927 apostolicam

514 2948 797 3017 saeculari,
831 2950 932 3003 aut
957 2944 1232 3002 felicitate
1252 2943 1579 3016 temporali,
1604 2959 1703 2998 seu
1735 2941 1971 2998 nomine
2000 2941 2162 2997 Chri-
2272 2948 2611 3005 Ecclesium.
2648 2972 2669 3001 ι
2706 2952 2814 3004 etc.
2837 2946 3039 3003 Nonne
3061 2946 3438 3019 supradictas
3466 2945 3650 3018 plagas
3672 2934 3843 3010 corpori

514 3038 727 3108 stiano,
751 3036 1131 3094 seducuntur.
1157 3035 1413 3101 Quorum
1436 3032 1644 3088 tertius
1666 3036 1826 3087 tanto
1852 3035 1936 3086 est
1969 3031 2164 3104 perni-
2272 3038 2508 3106 Chi-isti,
2543 3039 2697 3110 quod
2730 3042 2818 3094 est
2845 3038 2973 3108 ejus
3014 3034 3292 3104 Ecclesia,
3332 3033 3633 3101 inferendo,
3679 3028 3842 3101 negant

516 3126 726 3185 OiOSiOI‘
772 3129 992 3197 quanto
1043 3123 1291 3196 semitm
1339 3138 1525 3193 aqum.
1585 3120 1884 3193 sapientiae
1942 3118 2163 3176 SCilicet
2208 3195 2223 3198 Α
2275 3145 2410 3185 eum
2440 3127 2500 3183 in
2531 3143 2703 3183 carne
2733 3126 3001 3183 venisse?
3034 3125 3238 3182 Nonne
3259 3124 3609 3198 supradictas
3635 3116 3844 3188 blasphe-

522 3220 697 3289 atque
725 3195 1027 3288 baptismi,
1051 3195 1194 3284 iprae
1241 3210 1360 3266 illis
1405 3211 1716 3283 professor.
1768 3210 1929 3277 Quod
1961 3227 2030 3265 ex
2058 3209 2166 3266 hoc
2195 3195 2237 3262 C
2278 3218 2447 3286 mias,
2469 3222 2527 3272 et
2555 3216 2802 3287 injurias
2832 3213 3071 3286 Spiritui
3105 3218 3314 3270 sancto
3337 3195 3657 3286 irrogando,
3684 3205 3845 3278 negant

525 3321 756 3377 quoque
781 3303 1052 3358 ίῐωυίῐυτ
1081 3300 1237 3372 (ἰυοά
1265 3318 1299 3355 θα
1320 3304 1581 3372 tempore
1610 3298 1769 3354 illius
1792 3299 1964 3354 (11⁸800
1990 3302 2046 3355 et
2075 3300 2168 3355 be-
2275 3323 2411 3362 eum
2432 3305 2746 3361 Dominum
2776 3309 2834 3360 et
2858 3320 2992 3359 cum
3024 3303 3193 3359 Patre
3224 3309 3284 3359 et
3306 3303 3448 3359 Filio
3471 3297 3782 3358 adorandum
3804 3295 3843 3346 et

524 3393 637 3449 stia
667 3392 859 3465 prima
879 3389 1036 3447 velut
1053 3388 1240 3445 feriati
1264 3388 1322 3442 in
1344 3388 1687 3460 Apocalypsi
1701 3388 1989 3443 videntur.
2011 3388 2189 3444 Gen-‘
2275 3394 2855 3467 congloriﬁcandum,
2879 3398 3056 3464 atque
3078 3408 3181 3464 per
3192 3391 3512 3465 prophetas
3532 3380 3782 3445 locutum?
3798 3378 3845 3434 Et

518 3480 723 3537 tilibus
769 3478 1060 3551 siquidem
1105 3477 1178 3532 ab
1225 3477 1391 3532 initio
1422 3494 1454 3531 a
1493 3475 1722 3531 diabolo
1767 3476 2075 3548 possessis,
2109 3481 2167 3533 et
2275 3484 2429 3556 quod
2455 3499 2667 3556 negare
2698 3482 3091 3554 praedicantur
3117 3479 3449 3548 Novatiani,
3487 3471 3843 3551 praedicandum

511 3569 736 3642 Judaeis
761 3569 833 3624 ab
854 3565 1212 3622 Antichristo
1234 3564 1513 3638 pervasis,
1536 3565 1710 3619 draco
1741 3570 1796 3619 et
1827 3564 2011 3620 bestia
2034 3567 2162 3636 jam
2272 3576 2360 3628 est
2379 3572 2740 3627 Simoniacos
2762 3568 3065 3626 conﬁteri?

514 3658 703 3723 securi
721 3655 1001 3722 otiantur,
1015 3654 1153 3727 quia
1173 3652 1333 3710 solus
1350 3651 1858 3725 pseudoprOphcta
1885 3654 2161 3710 seducen-
2342 3659 2616 3727 Quamvis
2643 3661 2799 3716 enim
2819 3658 3142 3725 Novatiani,
3163 3657 3342 3715 claris
3364 3662 3421 3714 et
3441 3653 3654 3729 magnis
3665 3646 3844 3706 vocibus

513 3748 605 3805 dis
622 3747 851 3820 sibique
866 3742 1254 3816 subjugandis
1273 3740 1621 3798 Christianis
1645 3756 1817 3812 posse
1852 3742 2159 3813 praevalere
2268 3750 2584 3807 audiantur
2613 3746 2949 3821 symbolum
2980 3752 3251 3804 nostrum
3284 3749 3604 3812 decantare,
3635 3732 3843 3811 atqueei-

511 3855 629 3895 non
644 3836 895 3893 dubitat.
914 3835 999 3889 Ab
1020 3832 1113 3889 his
1134 3831 1323 3919 tribus
1345 3829 1650 3902 spiritibus
1675 3830 1999 3919 immundis
2029 3833 2159 3888 aadi-
2267 3840 2400 3895 dem
2436 3837 2826 3905 subscribere,
2862 3836 3291 3893 convincuntur
3323 3841 3518 3892 tamen
3562 3844 3741 3903 negare
3773 3822 3845 3879 Je-

509 3922 955 3996 ﬁcalaBabylon
975 3920 1232 3977 detrium
1251 3917 2155 3992 professionumhominibusda-
2265 3944 2399 3983 sum
2455 3926 2753 3983 Christum
2804 3925 2865 3980 in
2912 3940 3082 3980 carne
3120 3923 3375 3993 venisse,
3434 3939 3546 3978 non
3592 3917 3712 3991 quia
3740 3924 3846 3967 sana

507 4018 607 4068 tur
635 4029 668 4068 a
696 4010 962 4075 Domino,
991 4012 1057 4064 ut
1076 4008 1359 4081 propheta
1379 4007 1479 4073 ait,
1507 4007 1564 4061 in
1590 4008 2019 4078 possessionem
2042 4012 2152 4066 eri-
2264 4017 2527 4072 membra
2556 4015 2685 4086 ejus
2717 4013 3005 4082 sauciant,
3038 4013 3137 4069 sed
3172 4014 3316 4085 quia
3366 4011 3564 4070 saucia
3598 4001 3758 4064 curari
3793 3997 3846 4053 ab

508 4100 581 4157 cii
595 4098 880 4170 illius,qui
906 4098 965 4152 in
980 4097 1223 4152 veritate
1241 4113 1356 4151 non
1373 4095 1618 4163 stetit,e‘t
1631 4095 1691 4150 in
1706 4096 1953 4168 paludes
1969 4115 2080 4170 aqu
2090 4118 2151 4155 a-
2262 4104 2517 4162 Ecclesia
2536 4084 2638 4159 Dei
2661 4118 2833 4175 posse
2852 4084 3278 4174 desperantht
3303 4118 3420 4174 quo
3444 4098 3608 4156 modo
3627 4084 3842 4151 audiendi

506 4185 959 4259 ιὐωιδοίῙίοθῐίη
977 4190 1159 4240 “ctus
1176 4184 2150 4257 meanawmturbarumAuarum
2259 4198 2400 4249 sunt
2420 4190 2735 4248 Simoniaci
2768 4191 3120 4262 quandoque
3150 4190 3548 4246 vociferantur
3579 4201 3637 4242 se
3663 4178 3843 4238 credere

506 4281 731 4334 mentes
761 4291 1023 4333 errorum
1054 4272 1278 4329 nebulae
1309 4290 1552 4345 corpora
1582 4277 1777 4329 autem
1800 4275 2147 4332 omnimodae
2257 4282 2460 4339 Jesum
2490 4280 2552 4335 in
2582 4296 2755 4336 carne
2783 4278 3033 4348 venisse,
3067 4283 3168 4334 aut
3189 4277 3478 4351 Spiritum
3508 4277 3746 4332 sanctum
3769 4263 3843 4320 ad-

501 4366 764 4423 libidinis
795 4366 1006 4421 fetores
1036 4362 1341 4435 possident
1370 4363 1521 4434 (Isai.
1553 4378 1669 4427 xxv,
1700 4364 1812 4431 23).
1838 4365 1899 4418 In
1932 4365 2148 4435 quibus
2257 4371 2546 4426 orandum
2578 4385 2713 4424 cum
2738 4368 2903 4424 Patre
2925 4373 2981 4424 et
3011 4366 3176 4436 Filio,
3197 4350 3343 4439 quia
3362 4383 3479 4423 non
3498 4363 3674 4422 solum
3692 4350 3844 4415 saucia

500 4454 583 4512 nil
628 4454 741 4511 nisi
770 4451 1157 4509 intractabilis
1187 4450 1292 4518 ira,
1327 4455 1384 4507 et
1410 4467 1558 4506 vana
1606 4467 1842 4523 pompa,
1877 4452 2114 4525 hypocri

2255 4457 2473 4514 Christi
2495 4457 2759 4513 membra
2780 4474 2895 4511 non
2912 4459 3141 4527 curant,
3161 4456 3265 4511 sed
3301 4472 3449 4511 sana
3470 4466 3683 4527 quoque
3701 4454 3840 4513 usque

499 4543 701 4616 sisque
726 4547 783 4600 et
811 4541 1058 4607 insidiae,
1092 4539 1382 4595 hebetudo
1423 4555 1677 4612 quoque,
1721 4545 1894 4612 atque
1926 4542 2145 4599 sterilis
2184 4562 2224 4626 υ
2259 4548 2329 4602 ad
2362 4551 2612 4602 mortem
2645 4544 2955 4602 sauciant?
2983 4544 3227 4614 Verum,
3262 4547 3329 4599 ut
3366 4544 3427 4599 in
3472 4532 3840 4613 comparatione

497 4637 555 4691 et
601 4636 866 4705 proterva
902 4628 1227 4687 verbositas
1272 4635 1672 4701 procreantur,
1714 4630 1865 4689 inter
1905 4648 2031 4703 qum
2091 4637 2147 4688 ct
2184 4619 2217 4626 v
2256 4633 3444 4707 Simoniacorumdeprehendaturquanto
3465 4619 3843 4688 sitmlembilior

499 4743 528 4773 ‹‹
559 4720 930 4794 sanguisuga:
962 4720 1088 4776 duae
1121 4722 1258 4774 sunt
1290 4716 1420 4772 filiae
1453 4717 1713 4774 dicentes
1749 4735 1761 4773 :
1796 4720 1971 4782 Alter,
2004 4721 2146 4776 ail‘er
2253 4723 2491 4780 haeresis
2522 4721 3002 4789 Novatianorum;
3023 4721 3202 4777 isthic
3224 4706 3297 4778 ex
3316 4719 3569 4778 Historia
3589 4706 3842 4787 Tripartitn

496 4810 679 4883 (Prov.
713 4826 841 4877 xxx,
875 4809 983 4880 45).
1021 4829 1049 4857 ››
1080 4806 1336 4862 Avaritia
1361 4805 1519 4862 enim
1554 4811 1742 4863 exstat
1783 4808 1993 4864 hirudo
2030 4827 2138 4865 sae-
2252 4813 2593 4886 putavimus
2617 4811 2994 4867 inserendum
3023 4810 3156 4882 quis
3176 4815 3233 4866 et
3253 4811 3413 4866 unde
3433 4803 3697 4865 exstiterit
3718 4808 3839 4854 error

491 4896 755 4962 vissima,
788 4912 904 4951 non
937 4896 1193 4951 missura
1235 4899 1428 4950 cutem
1460 4895 1573 4951 nisi
1624 4895 1857 4969 plenam
1888 4898 2134 4954 cruoris.
2249 4882 2472 4956 eorum.
2507 4901 2847 4971 Postquam,
2879 4898 3094 4971 inquit,
3114 4898 3336 4971 scripta
3366 4902 3425 4954 et
3454 4890 3753 4962 subscripta
3772 4882 3838 4937 est

492 4985 675 5057 Cujus
697 4985 825 5040 dum
857 4989 994 5040 sunt
1019 4982 1173 5052 ﬁliae,
1198 4983 1491 5055 cupiditas
1522 4990 1577 5039 et
1598 4984 1821 5057 rapina,
1847 5002 1971 5058 qua:
2003 4986 2137 5043 licet
2247 5008 2281 5047 a
2308 4990 2552 5047 concilio
2578 4989 2805 5045 Nicazno
2836 4988 2970 5043 ﬁdei
3005 4988 3288 5055 deﬁnitio,
3321 4983 3621 5058 requisivit
3646 4981 3838 5048 impera-

490 5075 767 5133 omnibus
796 5074 1117 5130 inhaereant
1163 5071 1516 5139 carnalibus,
1548 5078 1742 5128 tamen
1788 5075 2134 5133 Simoniacis
2244 5082 2336 5135 tor
2365 5080 2661 5141 Acesium,
2696 5075 3150 5133 Novatianorum
3191 5075 3495 5149 religionis
3550 5069 3832 5142 episcopum

486 5165 744 5222 vivacius
774 5168 831 5221 et
852 5162 1241 5219 manifestius.
1269 5160 1366 5215 Isti
1384 5162 1539 5216 enim
1560 5178 1672 5217 non
1687 5164 2137 5234 praetermittunt
2253 5188 2275 5218 α
2308 5169 2357 5225 si
2389 5173 2446 5225 et
2478 5168 2603 5240 ipse
2632 5164 2986 5222 consentiret
3015 5164 3073 5220 in
3106 5166 3219 5221 ﬁde
3246 5146 3327 5221 et.
3353 5157 3638 5236 paschalis
3670 5146 3833 5210 deﬁni-

484 5255 735 5312 invicem
769 5253 881 5310 sibi
910 5252 1101 5308 dicere
1144 5266 1156 5306 :
1192 5273 1218 5299 α
1254 5249 1427 5318 Alfer,
1460 5251 1621 5317 alter,
1659 5274 1685 5300 ››
1716 5252 1873 5307 verbi
1922 5253 2131 5325 gratia,
2242 5257 2401 5313 tione
2432 5237 2733 5313 festivatis.
2786 5276 2814 5304 ››
2845 5255 2917 5309 At
2946 5252 3042 5309 ille
3075 5270 3088 5309 :
3123 5277 3151 5305 ‹‹
3183 5251 3364 5317 Nihil,
3395 5247 3598 5322 inquit,
3645 5237 3771 5304 novi,
3807 5248 3831 5286 0

484 5343 735 5415 cupidus
748 5341 1028 5398 venditori
1052 5342 1280 5411 emptor
1306 5338 1483 5393 dicit:
1509 5339 1594 5395 Da
1615 5340 1758 5394 mihi
1782 5328 2132 5398 invisibilem
2242 5346 2580 5418 imperator,
2607 5343 2865 5416 synodus
2886 5342 3165 5399 definivit.
3194 5343 3286 5398 Sic
3303 5332 3830 5418 enimolimetatem°

483 5407 734 5504 gratiam
759 5447 774 5499 ;
807 5447 985 5503 rapax
1002 5407 1268 5484 venditor
1294 5431 1524 5500 emptor
1544 5427 1929 5484 nihilominus
1960 5430 2129 5488 dicit:
2243 5407 2484 5507 poribus
2521 5407 2921 5507 apostolorum
2953 5430 3078 5504 ipse
3112 5430 3363 5504 percepi,
3388 5432 3445 5485 et
3472 5421 3758 5507 terminum
3785 5407 3831 5464 θ’

482 5518 571 5579 Da
592 5517 734 5575 mihi
752 5517 1041 5575 visibilem
1065 5515 1394 5590 pecuniam;
1419 5513 1508 5572 vel
1531 5522 1685 5573 certe
1707 5521 1934 5591 emptor
1950 5518 2127 5577 dicit:
2240 5504 2355 5594 dei,
2388 5526 2442 5582 et
2473 5504 2708 5597 tempus
2738 5517 3031 5593 paschalis
3064 5517 3417 5579 festivitatis.
3452 5538 3479 5567 ››
3511 5504 3828 5597 Porrodenuo

480 5608 638 5675 Aﬁ‘er
665 5607 811 5668 mihi
860 5607 1143 5684 Spiritum
1187 5609 1489 5679 sanctum;
1523 5605 1788 5665 venditor
1818 5623 1848 5664 e
1880 5612 2080 5668 contra
2112 5626 2125 5667 :
2241 5592 2961 5691 imperatore'requirente
2990 5625 3004 5670 :
3039 5631 3069 5665 ‹‹
3101 5609 3217 5670 Cur
3244 5624 3384 5687 ergo
3413 5622 3448 5667 a
3474 5592 3828 5666 communione
