4086 6180
293 257 452 322 113⁵1

769 261 776 269 ’
874 261 1286 330 ADVERSUS
1332 262 1810 338 SIMONIACOS
1852 264 2062 330 LIBRI
2104 266 2327 330 TRES.
2365 300 2444 316 -
2478 269 2710 333 LIBER.
2753 271 3118 338 TERTIUS.

3543 274 3698 340 H38

287 390 627 468 separaris?
650 418 672 446 ι
707 394 806 454 ille
834 411 901 454 ea
931 414 1057 472 quae
1089 397 1200 456 sub
1239 397 1412 456 Decio
1445 401 1610 473 gesta
1641 401 1778 456 sunt
1805 413 1936 472 per-
1964 403 2021 472 Α
2048 417 2182 458 vero
2231 398 2596 460 remissionis
2645 421 2760 462 non
2811 421 2846 462 a
2886 405 3310 478 sacerdotibus,
3350 409 3453 468 sed
3501 425 3536 468 a
3579 409 3696 469 Deo

288 483 612 542 secutionis
641 489 902 559 tempore
929 486 1245 562 replicavit,
1278 492 1336 544 et
1367 487 1753 546 subtilitatem
1783 505 1942 546 acer-

2053 490 2420 548 solummodo
2463 493 2773 562 sustinere,
2806 495 2906 568 qui
2949 499 3294 570 potestatem
3341 498 3517 556 habet
3563 516 3695 574 peo-

288 572 548 630 bissimm
595 573 808 648 regula
857 577 1094 633 deduxit
1141 578 1212 634 ad
1262 577 1522 634 medium
1571 579 1728 651 quia,
1755 601 1784 628 «
1825 595 1940 635 non
2049 583 2178 636 cata
2234 581 2546 638 remittere.
2593 604 2622 634 »
2679 583 2791 640 Sed
2850 584 2946 642 his
3009 585 3313 643 hactenus.
3374 587 3520 644 Hinc
3565 572 3692 660 viam

284 665 552 735 Oporteat
579 679 680 720 eos
709 664 809 736 qui
845 670 976 738 post
1014 666 1309 740 baptisma
1340 671 1582 740 peccant
1613 671 1938 740 peccatum,

281 751 440 824 quod
471 752 542 808 ad
591 757 841 810 mortem
887 771 1016 811 esse
1063 755 1374 829 Scriptura
1424 755 1629 812 divina
1678 773 1939 828 pronun-

281 839 456 906 tiant,
521 842 1056 900 communicatione
1114 849 1452 902 sanctorum
1519 845 1647 901 ﬁeri
1705 845 1934 918 dignos,

2048 685 2180 725 cum
2241 668 2471 726 lectoris
2526 671 2913 743 respirationi,
2958 677 3085 730 tum
3141 675 3408 748 scriptori
3467 692 3694 734 recrea-

2046 756 2189 814 tioni
2222 758 2556 816 consultum
2604 759 2690 816 ire
2727 761 3048 835 cupientes,
3097 763 3494 821 necessarium
3525 758 3694 821 duxi-

2046 863 2181 904 mus
2213 851 2276 904 ut
2305 847 2486 921 hujus
2528 850 2794 923 opusculi
2845 851 2976 908 istic
3022 853 3320 910 secundus
3366 853 3580 926 ﬁgatur
3621 853 3693 910 li-

279 929 386 986 sed
452 929 782 989 invitandos
839 932 1078 1006 quidem
1134 935 1206 991 ad
1273 934 1710 1008 poenitentiam,
1771 949 1935 1006 spem
2045 951 2191 992 mes.

1429 1060 1799 1122 EXPLICIT
1843 1060 2076 1122 LIBER
2117 1061 2547 1126 SECUNDUS.

1123 1297 1614 1373 INCIPIUNT
1671 1299 2135 1374 CAPITULA
2186 1301 2442 1376 LIBRI
2495 1302 2844 1378 TERTII.

277 1451 322 1508 Ι.
359 1451 569 1508 Contra
595 1465 684 1507 eos
712 1452 811 1522 qui
837 1451 1027 1507 dicunt
1067 1465 1126 1506 se
1169 1467 1282 1507 non
1327 1452 1810 1517 consecrationem,
1839 1451 1931 1508 sed
2040 1451 2237 1508 XXIII.
2269 1454 2342 1508 De
2393 1455 2638 1525 periculo
2691 1455 2837 1512 male
2891 1457 3184 1513 tacentiam
3233 1459 3592 1532 sacerdotum,
3638 1472 3692 1521 et

346 1555 434 1596 res
462 1539 724 1596 Ecclesiae
746 1555 1104 1612 comparasse.

273 1627 340 1685 II.
379 1627 752 1702 Comprobatio
781 1629 867 1684 nil
899 1629 1154 1700 prodesse
1190 1630 1578 1702 possessionem
1607 1631 1728 1684 sine
1750 1629 1927 1700 privi-

345 1718 486 1790 legio
513 1718 652 1790 ejus.

273 1807 374 1864 III.
407 1809 482 1865 De
507 1809 775 1865 sententia
798 1807 1250 1866 Chalcedonensis
1277 1809 1505 1865 concilii
1531 1815 1720 1864 contra
1740 1823 1932 1880 supra-

344 1895 533 1953 dictos.

273 1984 366 2042 IV.
399 1988 475 2042 De
499 1987 930 2058 sanctiﬁcatione
974 1987 1350 2058 sanctiﬁcante
1391 2002 1478 2042 res
1520 1987 1927 2058 ecclesiasticas,

341 2076 792 2148 subsequentibus
817 2076 946 2132 inde
974 2084 1288 2132 sanctorum
1319 2081 1550 2132 Patrum
1579 2077 1925 2132 testimoniis.

267 2163 340 2219 V.
375 2165 624 2234 Qualiter
667 2165 972 2222 Si-moniaci
999 2181 1095 2220 suo
1123 2166 1337 2238 negotio
1384 2173 1705 2239 expugnent
1747 2165 1926 2221 Eccle-

339 2257 486 2310 siam
516 2256 629 2324 Dei,
663 2261 716 2310 et
745 2254 887 2328 quod
903 2266 1050 2327 'pene
1077 2271 1260 2312 omnes
1292 2255 1426 2310 laici
1452 2259 1503 2310 et
1531 2255 1719 2310 clerici
1745 2254 1810 2311 de
1831 2256 1926 2310 Ec~

340 2343 509 2400 clcsia
538 2347 786 2417 quaerant
804 2345 1016 2417 jugiter
1042 2344 1336 2416 negotiari.

261 2431 366 2488 VI.
393 2433 471 2488 De
501 2433 710 2490 baculis
737 2438 791 2490 et
827 2433 1054 2490 annalis
1093 2449 1192 2506 per
1217 2449 1416 2490 manus
1444 2431 1801 2490 saecularium
1829 2447 1924 2504 po-

344 2523 592 2578 testatem
619 2523 783 2578 datis.

263 2609 392 2668 VII.
432 2612 502 2668 De
527 2614 767 2684 tempore
809 2611 1102 2668 Otthonum
1129 2617 1181 2667 et
1215 2611 1394 2668 studio
1423 2612 1646 2666 Henrici
1687 2613 1924 2682 impera-

340 2701 496 2768 toris,
527 2708 579 2757 et
603 2699 668 2756 de
696 2701 915 2756 malitia
945 2700 1091 2770 regis
1120 2702 1474 2756 Francorum.

262 2788 416 2846 VIII.
452 2794 532 2846 De
559 2789 949 2862 quadripartia
978 2789 1290 2845 venditione
1324 2789 1471 2862 apud
1499 2791 1748 2856 Latinos,
1783 2795 1834 2844 et
1859 2787 1925 2842 de

335 2879 528 2951 magni
555 2879 905 2938 Constantini
927 2879 1206 2934 devotione
1233 2895 1366 2948 erga
1395 2879 1635 2935 clericos.

266 2967 362 3024 1X.
394 2968 470 3024 De
497 2968 810 3041 diﬂ‘erentia
839 2967 1163 3024 clericorum
1183 2971 1234 3024 et
1255 2967 1548 3034 laicorum,
1570 2972 1621 3022 et
1648 2965 1714 3021 de
1741 2965 1923 3021 studio

335 3057 455 3113 divi
482 3056 726 3129 Gregorii
754 3059 813 3112 in
846 3057 1067 3112 talibus.

265 3145 334 3202 X.
371 3147 580 3216 Quanto
608 3147 836 3202 liberior
875 3147 952 3202 sit
979 3145 1292 3202 ercorum
1323 3144 1583 3213 Ecclesia,
1617 3158 1784 3214 quam
1812 3143 1914 3198 La-

338 3237 583 3292 tinorum
611 3252 646 3292 a
673 3237 930 3306 potestate
955 3235 1241 3290 laicorum.
1827 3298 1838 3311 '

265 3324 366 3380 XI.
400 3324 650 3394 Qualiter
675 3327 726 3380 et
750 3339 852 3396 per
880 3339 1011 3396 quos
1055 3322 1296 3379 ecclesiae
1323 3322 1440 3378 suis
1468 3321 1776 3392 privilegiis
1802 3321 1920 3392 pri-

337 3417 479 3470 vata:
503 3414 637 3470 sint.

263 3501 390 3559 XII.
420 3503 496 3559 De
519 3502 947 3574 praesumptione
971 3501 1328 3573 feminarum,
1355 3507 1408 3556 et
1435 3499 1710 3572 dignitate
1735 3514 1921 3555 sacra-

342 3594 528 3648 tarum
555 3608 762 3648 rerum.

267 3679 418 3738 XIII.
453 3681 528 3737 De
553 3681 820 3753 dig-nitate
858 3678 1151 3736 sacerdotii
1193 3680 1390 3736 veteris
1431 3679 1582 3750 legis,
1615 3683 1666 3734 et
1694 3677 1758 3734 de
1784 3695 1924 3750 prte-

339 3771 650 3843 sumptione
675 3778 726 3826 et
749 3786 911 3843 paena
941 3785 1134 3838 regum
1159 3768 1302 3825 Iuda
1330 3771 1384 3824 et
1412 3768 1600 3824 Israel.

265 3859 416 3916 XIV.
448 3860 523 3916 De
547 3860 980 3933 praesumptione
1007 3858 1196 3915 Saulis
1227 3862 1276 3914 et
1303 3874 1485 3930 paena.

267 3949 390 4006 XV.
424 3949 642 4019 Quanta
669 3949 888 4020 ﬂagella
928 3951 1187 4020 premant
1212 3948 1492 4020 principes
1539 3946 1671 4001 dum
1713 3945 1929 4018 populis

337 4055 440 4112 pro
464 4039 895 4112 praesumptione
923 4037 1270 4094 sacerdotalis
1299 4036 1489 4107 ofﬁcii.

268 4127 416 4184 XVI.
449 4128 524 4184 De
552 4127 732 4184 studio
760 4129 1075 4183 sanctorum
1105 4141 1296 4196 regum
1333 4141 1460 4195 erga
1508 4123 1761 4179 divinum
1807 4123 1928 4178 cul-

345 4221 484 4284 tum,
515 4221 565 4275 et
594 4217 1060 4283 remuneratione,
1100 4223 1153 4272 et
1183 4222 1417 4288 peccato,
1450 4218 1503 4268 et
1542 4213 1786 4268 vindicta
1811 4213 1931 4284 ple-

348 4307 522 4363 bium.

271 4396 444 4454 XVII.
474 4396 550 4452 De
575 4397 794 4452 meritis
825 4396 1043 4452 tsraelis
1063 4403 1115 4450 et
1142 4393 1295 4452 Iudae
1326 4394 1384 4448 in
1405 4399 1534 4464 typo
1555 4390 1934 4446 hereticorum

346 4488 398 4542 et
427 4485 839 4542 catholicorum.

270 4574 470 4632 XVIII.
505 4576 580 4632 De
607 4573 918 4648 diﬂerentia
947 4571 1238 4630 sacerdotii
1262 4570 1654 4627 catholicorum
1683 4573 1732 4626 et
1765 4569 1934 4626 haere-

348 4665 603 4733 ticorum,
635 4669 690 4720 et
718 4663 783 4720 de
805 4663 1078 4736 primitiis
1107 4661 1566 4718 Simoniacorum.

274 4753 420 4810 XIX.
455 4753 701 4823 Qualiter
727 4756 778 4808 et
809 4753 922 4826 ipsi
947 4750 1249 4808 sacerdotes
1289 4749 1391 4805 sub
1441 4749 1554 4820 lege
1594 4749 1936 4803 communio-

2107 1541 2254 1598 male
2281 1543 2638 1615 loquentium,
2657 1552 2710 1601 et
2736 1545 2802 1602 de
2823 1545 3115 1602 individua
3133 1548 3339 1604 unitate
3357 1549 3687 1622 divinitatis,

2109 1633 2160 1684 et
2187 1647 2434 1688 suorum.

1960 1720 2006 1785 Β
2037 1717 2228 1776 XXIV.
2261 1723 2334 1777 De
2361 1723 2668 1796 exemplari
2695 1723 2996 1780 indiuiduae
3027 1727 3316 1782 Trinitatis
3347 1728 3403 1782 in
3435 1730 3689 1787 omnibus

2109 1811 2396 1866 creaturis.

2041 1897 2204 1954 XXV.
2239 1899 2395 1970 Quod
2446 1900 2735 1956 individua
2780 1903 2854 1956 sit
2904 1902 3266 1972 sanctiﬁcatio
3313 1903 3382 1958 ab
3429 1903 3514 1959 his
3563 1919 3688 1976 qua?

2107 1989 2434 2058 sanctiﬁcat,
2465 1994 2518 2045 et
2547 1991 2786 2061 qualiter
2811 1990 3238 2061 sanctiﬁcentur.

2039 2073 2230 2132 XXVI.
2266 2077 2339 2132 De
2383 2095 2542 2150 paena
2572 2079 2896 2144 divisorum,
2945 2084 2998 2135 et
3037 2081 3176 2152 quod
3234 2081 3504 2152 Spiritum
3548 2098 3685 2138 san-

2105 2169 2252 2220 ctum
2299 2183 2410 2224 non
2459 2171 2752 2239 accipiant,
2793 2171 2906 2224 nisi
2949 2185 3204 2240 sequaces
3250 2169 3381 2240 ﬁdei
3419 2172 3686 2243 apostolo-

2104 2269 2250 2310 rum.

2034 2341 2130 2396 XX
2141 2342 2257 2398 VII.
2291 2345 2364 2400 De
2393 2344 2632 2416 Spiritus
2661 2347 2836 2401 sancti
2855 2348 3041 2415 gratia
3057 2354 3175 2418 post
3203 2347 3683 2419 Resurrectionem,

2103 2435 2156 2486 et
2185 2432 2426 2488 vindicta
2455 2435 2516 2488 in
2546 2435 2788 2490 Anania.

2032 2517 2275 2576 XXVIII.
2311 2523 2527 2590 Quanta
2562 2528 2818 2594 operatus
2861 2525 2952 2592 sit,
2983 2525 3066 2580 vel
3109 2531 3360 2596 operetur
3389 2525 3529 2582 idem
3561 2525 3684 2599 Spi-

2102 2611 2242 2666 ritus
2272 2614 2332 2666 in
2364 2613 2603 2669 Ecclesia
2632 2629 2802 2686 usque
2831 2615 2892 2668 in
2919 2614 3088 2684 ﬁnem
3116 2615 3326 2670 swculi.

2033 2696 2223 2754 XXIX.
2250 2700 2534 2757 Sententia
2575 2704 2752 2758 sancti
2779 2703 3074 2772 Augustini
3101 2701 3167 2756 de
3193 2703 3395 2756 ani-mre
3419 2704 3681 2774 potentia,

2103 2795 2156 2842 et
2185 2791 2438 2844 retractio
2467 2806 2537 2844 ea:
2565 2806 2649 2858 ea,
2668 2799 2724 2846 et
2754 2791 2942 2860 quales
2969 2791 3082 2846 sint
3103 2792 3344 2861 promoti
3366 2807 3401 2844 a
3423 2790 3599 2860 taieis,
3631 2794 3684 2846 et

2101 2879 2511 2949 metrOpolitani
2531 2895 2738 2935 eorum.
3621 2896 3630 2903 ‘

2031 2963 2194 3020 XXX.
2229 2967 2624 3038 Recapitulatio
2675 2967 2740 3022 de
2795 2967 3128 3040 depositione
3184 2967 3588 3039 ha'retirorum,
3629 2977 3681 3026 et

2096 3056 2369 3110 sententia
2398 3055 2694 3111 Ezechielis
2723 3057 2781 3110 in
2813 3071 2920 3112 eos.

2030 3141 2220 3197 XXXI.
2255 3145 2329 3199 De
2365 3145 2682 3216 impropriis
2727 3144 3058 3202 dictionibus
3095 3147 3155 3200 in
3195 3145 3524 3218 supradictis
3546 3162 3678 3219 pro-

2098 3231 2290 3304 phetae,
2325 3236 2378 3288 et
2409 3233 2552 3288 beati
2582 3233 2832 3304 Gregorii
2857 3235 3035 3290 verbis
3070 3233 3392 3306 subjunctis.

2030 3320 2244 3376 XXXII.
2279 3323 2354 3377 De
2397 3323 2712 3379 criminosis
2765 3324 3047 3379 catholicis
3095 3325 3377 3395 promotis,
3430 3323 3512 3380 vel
3561 3330 3686 3396 post

2103 3410 2290 3483 lapsis,
2317 3415 2369 3467 et
2393 3411 2458 3467 de
2484 3413 2798 3468 ministerio
2825 3415 2876 3468 et
2903 3413 3235 3484 depositione
3257 3427 3466 3469 eorum.

2033 3499 2280 3556 XXXIII.
2314 3501 2388 3556 De
2413 3501 2883 3572 qualibuscunque
2904 3503 3166 3574 promotis
3193 3518 3229 3557 a
3257 3501 3604 3573 Simoniacis,
3633 3504 3686 3560 et

2103 3589 2414 3660 repulsione
2440 3589 2755 3661 objectionis
2793 3590 3254 3647 adversariorum.

2033 3677 2278 3734 XXXIV.
2312 3679 2705 3748 Argumentum
2723 3695 2792 3734 ex
2811 3679 3106 3735 mundanis
3127 3679 3336 3750 legibus
3359 3682 3548 3734 contra
3564 3693 3688 3750 pro-

2104 3775 2392 3833 moventes,
2425 3768 2508 3822 vel
2536 3777 2806 3838 promotos
2832 3768 3186 3822 Simoniacos.

2037 3856 2250 3912 XXXV.
2284 3857 2579 3928 Replicatio
2607 3858 2888 3912 sententiae
2917 3857 3138 3911 Domini
3165 3853 3231 3909 de
3259 3853 3411 3910 bonis
3449 3855 3686 3926 pastori-

2107 3944 2280 4011 ribus,
2317 3949 2369 4000 et
2394 3945 2768 4000 mercenariis.

2037 4033 2274 4089 XXXVI.
2307 4034 2382 4088 De
2416 4033 2660 4089 mercede
2714 4027 3198 4100 mercenariorum,
3249 4040 3300 4089 et
3349 4033 3690 4105 promotione

2110 4137 2319 4177 eorum.

2044 4209 2306 4265 XXXVII.
2340 4212 2416 4266 De
2451 4226 2511 4266 eo
2555 4210 2696 4282 quod
2743 4211 3002 4267 catholici
3044 4211 3262 4268 nultum
3313 4227 3414 4284 pro
3461 4211 3692 4268 crimine

2109 4306 2484 4372 promoveant,
2515 4307 2566 4355 et
2613 4299 2753 4372 quod
2797 4299 3097 4357 Simoniaci
3138 4317 3237 4371 pro
3293 4301 3405 4358 solo
3458 4300 3693 4356 crimine

2113 4405 2348 4446 omnem.

1965 4466 2010 4530 D
2045 4471 2338 4533 XXXVIII.
2370 4478 2433 4533 In
2462 4495 2565 4550 quo
2594 4479 2857 4535 audiendi
2881 4483 3009 4534 sunt
3043 4479 3392 4546 mercenarii,
3421 4484 3474 4533 et
3499 4478 3559 4532 in
3588 4491 3692 4548 quo

2114 4583 2226 4624 non
2255 4567 2590 4624 attendendi.

2049 4655 2238 4712 XXIX.
2272 4658 2346 4712 De
2375 4658 2540 4712 malis
2567 4658 2800 4712 scienter
2835 4661 2886 4714 et
2931 4658 3232 4713 nescienter
3277 4655 3614 4728 promeritis,
3643 4657 3698 4710 et

2119 4747 2184 4802 de
2209 4747 2519 4802 ministerio
2547 4761 2734 4801 eorum
2762 4748 3033 4802 sententia
3063 4745 3365 4801 Paschasii.

347 4857 474 4898 nem
518 4842 817 4914 impiorum
865 4840 1182 4908 vitaverint,
1215 4839 1266 4894 et
1317 4837 1392 4894 ab
1438 4839 1519 4894 eis
1563 4836 1938 4892 contaminata
2049 4835 2164 4891 XL.
2201 4841 2284 4891 De
2309 4834 2528 4906 furibus
2559 4835 2904 4904 Simoniacis,
2934 4840 2988 4892 et
3015 4835 3252 4907 qualiter
3288 4836 3428 4892 ovile
3468 4835 3696 4891 intrent.

349 4931 587 5003 qualiter
609 4929 1051 5004 puriﬁcaverint.

271 5019 392 5077 XX.
428 5023 509 5076 De
544 5018 789 5092 periculo
829 5017 1193 5083 sacerdotum,
1224 5023 1275 5072 et
1307 5013 1729 5084 indisciptinata
1759 5015 1936 5069 ambi-

351 5111 498 5166 tione
523 5109 850 5165 clericorum
877 5109 1055 5163 nostri
1081 5105 1358 5178 temporis.

275 5198 424 5256 XXI.
455 5199 530 5254 De
561 5199 846 5274 praecipuo
889 5197 1038 5252 malo
1083 5195 1282 5262 Italiae,
1313 5201 1366 5250 et
1412 5193 1478 5249 de
1520 5191 1756 5264 quodam
1799 5207 1941 5248 vano

2047 4925 2188 4980 XLI.
2224 4925 2472 4992 Qualiter
2517 4925 2822 4978 Simoniaci
2867 4925 3154 4981 imitentur
3197 4926 3390 4982 saeculi
3435 4926 3609 4996 fures,
3649 4931 3700 4980 et

2120 5031 2240 5086 qum
2269 5015 2342 5070 sit
2367 5028 2559 5068 eorum
2585 5028 2711 5080 vox,
2743 5028 2906 5085 quam
2935 5030 3042 5069 non
3073 5014 3307 5070 audiunt
3334 5029 3474 5070 oves.

2052 5103 2220 5160 XLII.
2257 5105 2473 5172 Quanta
2517 5101 2807 5172 vigilantia
2847 5118 2968 5158 oves
3013 5103 3232 5174 furibus
3273 5103 3502 5159 debeant
3529 5101 3699 5156 obsis-

2121 5201 2253 5260 tere,
2288 5192 2547 5261 ingressis
2571 5190 2728 5246 ovile.

352 5288 618 5360 episcopo,
667 5293 718 5344 et
775 5285 962 5358 ofﬁdio
1016 5283 1384 5351 saderdotum,
1417 5289 1470 5338 et
1515 5283 1836 5354 principum
1891 5289 1942 5338 et
2053 5280 2244 5336 XLIII.
2275 5281 2350 5336 De
2376 5279 2687 5351 differentia
2705 5280 3172 5336 mercenariomm
3190 5285 3243 5334 et
3255 5279 3468 5348 furum,
3491 5283 3543 5332 et
3560 5275 3702 5348 quod

350 5375 617 5449 plebium.

280 5465 454 5523 XXII.
487 5465 562 5520 De
589 5465 783 5521 nociva
827 5465 1206 5520 taciturnitate
1232 5460 1590 5529 sacerdotum,
1622 5461 1705 5516 rel
1751 5461 1940 5532 loqua-

358 5557 526 5613 citate
551 5552 922 5612 adulatorum.

2121 5370 2371 5426 haeretici
2397 5385 2512 5424 non.
2541 5369 2655 5423 sint
2681 5383 2716 5421 a
2740 5367 3030 5422 catholicis
3069 5365 3359 5435 tolerandi,
3389 5366 3532 5422 sicut
3557 5364 3703 5422 male

2121 5461 2357 5514 viventes
2385 5457 2660 5514 catholici.

2052 5547 2240 5604 XLIV.
2275 5547 2554 5619 Exemplis
2581 5547 2872 5620 propositis
2915 5545 3218 5602 ostenditur
3264 5543 3560 5613 hereticos,
3603 5557 3704 5600 nec
