4086 6180
501 338 656 408 1139

1550 338 1959 408 HUMBER'I‘I
2003 340 2069 406 S.
2117 341 2192 405 Β.
2234 339 2308 405 E.
2356 339 2848 407 CARDINALIS.

3684 342 3808 409 ιιιο

572 478 644 535 ad
670 479 860 537 horam
884 496 919 536 a
945 479 1225 536 catholicis
1266 480 1510 551 antiquis
1541 478 1814 548 toleratos,
1848 486 1901 534 et
1940 493 2143 533 merce-
2172 480 2228 547 Α
2325 477 2613 545 custodito,
2652 493 2724 533 ne
2772 476 3024 534 venderet
3076 475 3327 549 gratiam,
3353 476 3404 532 et
3429 472 3490 532 de
3513 473 3813 538 admonitio,»

572 571 761 625 narios
790 570 1065 626 toleratos.

502 658 668 714 XLV.
701 660 775 714 De
804 675 863 715 eo
887 659 1027 729 quod
1072 663 1289 713 sanctus
1334 658 1618 727 Gregorius
1664 656 1843 711 adhuc
1888 655 2148 711 diaconus

571 748 846 802 Euticium
868 747 1148 814 devitavit,
1172 750 1223 801 et
1252 746 1391 817 quod
1409 749 1630 800 sanctus
1652 746 2023 815 Hieronymus
2038 760 2148 799 non

572 836 994 907 exspectandum
1024 837 1083 890 in
1113 837 1191 889 eis
1216 835 1498 906 publicum
1517 834 1793 904 judicium
1824 835 2038 888 asserit.

501 923 690 979 XLVI.
722 926 796 979 De
824 924 1045 995 synodis
1091 924 1432 978 censentibus
1459 923 1701 994 qualiter
1744 922 1998 978 hleretici
2038 922 2149 975 sint

570 1012 983 1081 reconciliandi,
1016 1020 1065 1068 et
1094 1012 1159 1067 de
1195 1011 1797 1083 quartadecimanorum
1823 1011 2014 1081 aliqua
2050 1025 2145 1065 ea:-

572 1102 871 1156 cusatione.

501 1188 716 1244 XLVII.
750 1192 828 1246 De
884 1190 1087 1246 libellis
1137 1190 1609 1260 protestationum,
1647 1193 1702 1243 et
1748 1194 2004 1258 potestate
2059 1202 2147 1241 eo-

573 1293 717 1332 rum.

500 1365 741 1421 XLVIII.
770 1368 845 1421 De
869 1368 1171 1422 constantia
1201 1367 1514 1437 aliquorum
1541 1366 1934 1421 catholicorum
1964 1380 2034 1419 ne
2062 1380 2147 1419 ce-

570 1454 758 1509 derent
785 1456 868 1510 vel
897 1457 1300 1526 acquiescerent
1325 1455 1611 1510 haereticis.

500 1541 685 1598 XLIX.
716 1544 791 1599 De
820 1543 968 1599 beato
996 1545 1203 1600 Joanne
1245 1545 1487 1615 episcopo
1533 1546 1735 1600 tentato
1781 1541 2021 1616 quidem,
2056 1541 2149 1596 sed

2325 567 2441 639 ejus
2470 570 2661 622 contra
2692 567 2995 624 hereticos.

2256 656 2320 711 L.
2351 656 2425 711 De
2451 656 2665 712 cautela
2697 660 2760 710 Β.
2793 656 3019 712 Antonii
3064 657 3113 710 et
3164 655 3362 710 visione
3393 654 3521 725 ejus,
3550 662 3594 710 et
3618 655 3673 711 de
3710 659 3812 729 vigi-

2326 744 2503 799 lantia
2537 746 2596 799 Β.
2630 746 2970 815 Hieronymi.

2256 832 2347 887 LI.
2384 833 2456 887 De
2481 832 2694 888 duabus
2729 832 3172 905 generationibus
3223 832 3355 887 Cain
3383 839 3431 886 et
3460 832 3574 887 Abel
3616 849 3752 904 usque
3774 838 3813 890 in

2324 922 2491 992 ﬁnem
2517 922 2732 990 mundi,
2764 921 3063 978 secundum
3092 920 3238 976 dicta
3269 920 3625 992 Chrysostomi.

2256 1010 2375 1065 LII.
2408 1012 2483 1065 De
2513 1010 2890 1083 reprobatione
2916 1011 3315 1065 communionis
3357 1014 3406 1064 et
3452 1011 3761 1080 baptismatis,
3782 1023 3818 1068 et

2326 1100 2689 1155 ordinationis
2717 1116 2928 1166 eorum,
2961 1103 3014 1154 et
3041 1098 3107 1154 de
3145 1114 3258 1154 non
3282 1097 3604 1153 retractanda
3640 1098 3820 1155 damna-

2324 1188 2472 1243 tione
2501 1204 2689 1244 eorum
2728 1187 3026 1245 secundum
3063 1190 3391 1247 sententiam
3414 1202 3567 1259 papa
3591 1189 3751 1244 Felicis
3771 1189 3820 1243 ad

2326 1276 2595 1332 Zenonem
2620 1285 2674 1333 et
2706 1268 2982 1333 Acacium.

2256 1364 2398 1420 LIII.
2432 1366 2820 1438 Compendiosa
2870 1367 3179 1422 retractatio
3234 1365 3593 1436 superiorum,
3642 1372 3685 1420 et
3721 1367 3823 1437 qiwd

2326 1454 2579 1511 hmretici
2598 1456 2729 1527 jure
2756 1456 2923 1511 mulis
2950 1457 3353 1525 comparentur.
3476 1460 3481 1465 '

2753 1542 3088 1616 Expliciunt
3133 1542 3407 1616 capitula.

1506 1731 1913 1820 INCIPIT
1973 1729 2307 1817 LIBER!
2373 1732 2896 1822 TERTIUS.

1031 1883 1262 1941 CAPUT
1302 1883 1613 1941 PRIMUM.

500 1974 701 2031 Contra
728 1989 816 2030 eos
846 1975 942 2045 qui
967 1973 1155 2029 dicunt
1183 1990 1240 2029 se
1270 1990 1379 2030 non
1418 1976 1900 2041 consecrationem,
1944 1973 2036 2030 sed
2065 1990 2151 2030 res

997 2047 1247 2101 Ecclesia:
1287 2062 1648 2118 comparasse.

568 2154 730 2210 Sicut
758 2154 815 2207 in
848 2169 1045 2209 rerum
1094 2155 1303 2207 natura
1352 2151 1496 2207 nihil
1545 2153 1798 2209 rotunda
1848 2156 1907 2208 et
1953 2156 2155 2225 aperta

497 2244 737 2299 veritate
786 2239 1054 2305 solidius,
1089 2244 1145 2295 et
1188 2240 1406 2311 potius,
1447 2240 1531 2295 sic
1576 2240 1723 2296 nihil
1770 2241 2053 2313 angulosa
2098 2245 2156 2296 et

497 2331 792 2387 latebrosa
822 2328 1077 2384 falsitate
1108 2328 1343 2384 inanius
1365 2333 1421 2384 et
1451 2330 1638 2399 pejus.
1665 2331 1851 2385 Tanta
1879 2334 1969 2385 est
1998 2330 2154 2385 enim

494 2417 755 2475 veritatis
786 2416 1077 2472 evidentia
1108 2416 1284 2471 simul
1336 2421 1393 2472 et
1438 2417 1697 2474 efficacia
1742 2422 1807 2473 ut
1856 2418 2009 2474 sicut
2053 2418 2157 2473 lux

494 2523 632 2563 vera
661 2522 776 2562 non
810 2504 1000 2560 solum
1026 2505 1291 2561 omnium
1323 2504 1522 2562 oculos
1545 2506 1732 2576 feriat,
1756 2508 1856 2563 sed
1889 2506 2063 2562 etiam
2086 2507 2155 2561 in

494 2594 754 2653 tenebris
799 2593 1014 2651 luceat.
1046 2594 1089 2649 E
1129 2595 1418 2650 contrario
1468 2598 1632 2650 tanta
1685 2599 1775 2650 est
1831 2594 2156 2651 falsiﬁcatis

498 2684 849 2752 obscuritas,
884 2682 1063 2739 simul
1094 2687 1152 2740 et
1180 2683 1575 2752 imbecillitas,
1603 2688 1669 2739 ut
1697 2683 2016 2753 veritatem,
2042 2701 2159 2756 qua

490 2771 1009 2846 comprehenditur
1045 2777 1104 2829 et
1148 2777 1506 2845 penetratur,
1540 2790 1644 2828 nee
1692 2772 2050 2845 comprehen
2077 2775 2159 2830 da

492 2881 600 2921 nec
629 2862 863 2919 sentiat.
900 2862 1086 2926 Quam
1132 2861 1402 2917 homines
1449 2878 1518 2917 ex
1556 2863 1723 2933 justa
1769 2862 2156 2920 damnatione

502 2951 824 3008 incurrisse
871 2951 997 3022 ipse
1046 2954 1252 3006 auctor
1298 2950 1579 3017 veritatis,
1612 2950 1841 3006 Veritas
1886 2949 1943 3005 in
1978 2951 2159 3007 Evan-

495 3040 647 3116 gelio
679 3038 762 3096 sic
792 3038 977 3095 voluit
1005 3040 1309 3096 ostendere
1332 3056 1381 3095 :«
1415 3039 1531 3095 Hoc
1564 3043 1655 3094 est
1677 3040 1995 3111 judicium,
2021 3041 2161 3113 quia

493 3130 594 3187 lux
622 3128 779 3185 venit
808 3129 868 3184 in
906 3129 1222 3195 mundum,
1255 3133 1313 3185 et
1356 3128 1685 3185 dilexerunt
1731 3128 2004 3185 homines
2036 3148 2159 3186 ma-

2170 1882 2218 1947 B
2247 1883 2485 1952 desinit,
2519 1884 2985 1957 mandatumque
3029 1882 3131 1941 Dei
3162 1885 3405 1956 propter
3432 1897 3589 1938 suam
3616 1880 3823 1937 adiuven-

2256 1972 2587 2029 ventionem
2619 1973 2850 2029 irritum
2883 1974 3070 2029 facere
3106 1970 3424 2028 contendit.
3454 1971 3531 2026 Ex
3556 1986 3660 2041 qua
3679 1968 3823 2039 utique

2259 2062 2651 2134 generatione,
2683 2068 2741 2119 et
2770 2061 2853 2118 illi
2885 2066 3052 2119 erant
3079 2078 3229 2133 quos
3262 2060 3323 2116 in
3348 2058 3632 2134 Evangelia
3657 2057 3826 2118 Veritas

2261 2152 2543 2219 confutet,
2595 2152 2831 2208 dicens:
2862 2177 2883 2202 ι
2916 2152 3014 2207 Vae
3045 2152 3231 2219 vobis,
3270 2150 3466 2207 scriba:
3519 2156 3571 2206 et
3619 2147 3825 2205 Pharisai

2261 2240 2711 2313 hypocritm,qui
2741 2240 2935 2297 dicitis
2969 2257 2980 2297 :
3016 2241 3077 2298 Si
3109 2240 3249 2313 quis
3270 2237 3547 2312 juraverit
3571 2238 3622 2294 in
3648 2235 3828 2309 templo.

2263 2329 2409 2385 nihil
2440 2333 2557 2398 est;
2582 2329 2681 2402 qui
2711 2335 2905 2386 autem
2930 2330 3216 2401 juraverit
3238 2329 3301 2385 in
3326 2345 3463 2385 auro
3483 2325 3662 2399 templi
3686 2324 3830 2380 debet.

2264 2419 2428 2483 Caeci,
2456 2419 2597 2490 quid
2630 2419 2822 2488 majus
2851 2422 2941 2474 est
2968 2435 3131 2486 auro,
3155 2435 3231 2473 an
3267 2416 3479 2490 templo
3507 2416 3641 2488 quod
3672 2412 3831 2470 sanctic

2264 2508 2400 2562 ﬁcat
2425 2507 2679 2562 aurum?
2707 2508 2776 2563 Et
2807 2507 3143 2579 quicunque
3164 2506 3454 2577 juraverit
3481 2505 3535 2561 in
3562 2502 3705 2560 altari
3729 2499 3833 2556 nihil

2265 2600 2372 2663 est,
2397 2595 2499 2668 qui
2546 2599 2743 2652 autem
2787 2596 3072 2668 juraverit
3101 2596 3160 2651 in
3191 2596 3371 2664 dono,
3404 2594 3551 2667 quod
3594 2596 3672 2648 est
3707 2604 3836 2660 super

2265 2684 2411 2739 illud
2442 2684 2631 2739 debet.
2656 2683 2822 2750 Caeci,
2845 2682 2986 2756 quid
3020 2684 3212 2755 majus
3253 2688 3343 2740 est
3370 2684 3598 2753 donum,
3616 2697 3679 2736 an
3702 2677 3836 2734 altera

2266 2773 2421 2844 quod
2481 2772 2807 2828 sanctificat
2860 2772 3135 2828 donum?
3175 2794 3202 2821 n
3252 2772 3463 2841 (Matth.
3518 2787 3629 2835 xui,
3678 2764 3835 2834 16-19.)

2266 2861 2380 2917 Nec
2410 2860 2630 2933 injuria
2658 2861 2794 2916 caeci
2844 2865 2901 2916 et
2946 2861 3269 2937 hypocrita
3319 2862 3598 2925 dicuntur,
3625 2855 3836 2930 quoniam

2268 2950 2380 3023 legi
2414 2950 2618 3006 divinae
2668 2950 2963 3005 attestanti
2998 2966 3063 3007 τι(
3096 2949 3449 3022 Quicunque
3491 2945 3714 3020 tetigerit
3733 2948 3838 2998 tem-

2269 3038 2429 3111 plum
2462 3045 2519 3094 et
2549 3038 2729 3094 altare
2755 3038 3216 3094 sanctiﬁcabitur
3241 3039 3435 3112 (Exod.
3466 3054 3605 3105 xxxx,
3625 3034 3756 3106 37),»
3781 3031 3840 3087 sic

2270 3130 2654 3184 adversantur
2709 3132 2774 3182 ut
2826 3126 3199 3199 impudenter
3265 3128 3601 3202 persuadere
3642 3123 3842 3196 quarunt

493 3219 587 3294 gis
614 3218 887 3275 tenebras
917 3234 1095 3290 quam
1128 3217 1360 3285 lucem;
1392 3222 1559 3274 erant
1578 3217 1736 3273 enim
1769 3235 1970 3275 eorum
2004 3218 2157 3275 mala
2189 3245 2232 3312 α
2271 3217 2729 3274 sanctiﬁcantem
2788 3216 2934 3270 nihil
2992 3232 3142 3283 esse,
3199 3217 3312 3273 sed
3370 3216 3491 3273 sola
3552 3212 3840 3271 sanctiﬁcata

492 3323 688 3379 opera.
722 3306 928 3362 Omnis
959 3306 1060 3378 qui
1092 3305 1246 3361 male
1277 3306 1398 3378 agit
1427 3306 1549 3361 odit
1578 3305 1790 3377 lucem,
1824 3311 1881 3363 et
1913 3325 2026 3363 non
2055 3325 2160 3365 ve-
2195 3303 2231 3312 ’”
2271 3306 2503 3379 pensari
2532 3310 2590 3361 et
2618 3303 2839 3362 attendi
2887 3304 3115 3361 debere.
3148 3304 3414 3369 Quorum
3457 3318 3701 3376 sequaces
3724 3311 3837 3354 nunc

496 3395 587 3452 nit
617 3394 689 3449 ad
725 3393 937 3460 lucem,
972 3410 1045 3449 ne
1076 3398 1398 3464 arguantur
1425 3410 1600 3464 Opera
1642 3394 1791 3465 ejus.
1824 3397 1931 3461 Qui
1963 3401 2158 3453 autem

493 3481 635 3540 facit
678 3481 987 3536 veritatem
1033 3480 1192 3536 venit
1243 3482 1313 3536 ad
1358 3481 1661 3545 lucem.ut
1707 3483 2159 3542 manifestentur

495 3587 673 3644 opera
694 3569 1081 3641 ejus,quiain
1112 3573 1226 3624 Deo
1250 3575 1390 3625 sunt
1413 3570 1562 3625 facta
1581 3570 1759 3641 (Joan.
1788 3589 1869 3639 ιιι,
1898 3574 2105 3646 19-21).
2125 3598 2153 3625 ››

492 3662 574 3717 Ac
601 3659 652 3716 si
683 3657 937 3714 diceret:
964 3656 1226 3713 Medicus
1255 3656 1411 3712 venit
1449 3656 1506 3712 in
1558 3659 1868 3725 mundum,
1918 3678 2179 3722 omnem.

493 3748 797 3805 hominem
824 3746 1043 3804 invenit
1065 3750 1367 3819 mgrotum.
1393 3747 1651 3813 Quorum
1675 3748 1938 3819 quidam,
1964 3753 2152 3824 magis

493 3837 774 3911 eligentes
794 3835 1014 3892 infirmi
1039 3853 1341 3892 remanere
1363 3852 1537 3907 quam
1567 3836 1860 3893 medicum
1883 3839 2152 3897 adeundo

491 3926 714 3983 infirmi
747 3942 1047 3997 apparere,
1082 3924 1397 3981 falsitatem
1428 3925 1633 3982 fecere.
1658 3926 1928 3998 Quidam,
1962 3930 2151 4002 magis

492 4014 774 4086 eligentes
803 4013 1025 4069 inﬁrmi
1058 4030 1338 4085 apparere
1360 4030 1536 4085 quam
1570 4013 1791 4069 infirmi
1825 4032 2145 4086 remanere,

491 4102 787 4158 medicum
818 4102 1085 4156 adeundo
1127 4101 1431 4157 veritatem
1479 4102 1682 4158 fecere.
1713 4103 1841 4161 Sive
1871 4121 2007 4176 ergo
2038 4106 2144 4176 illi,

492 4189 615 4246 sive
650 4188 750 4245 isti
799 4189 1017 4261 pariter
1060 4188 1431 4245 habebantur
1478 4190 1714 4246 inﬁrmi.
1749 4192 1861 4248 Sed
1909 4193 2145 4251 illorum

482 4293 669 4351 -opera
697 4281 863 4334 erant
885 4276 1039 4332 mala
1069 4293 1171 4348 per
1198 4277 1534 4349 superbiam
1559 4279 1782 4335 medico
1813 4298 2143 4356 repugnan-

490 4366 640 4424 tium
673 4370 731 4422 et
758 4366 1159 4421 infirmitatem
1186 4383 1355 4421 suam
1378 4367 1740 4438 negantium.
1766 4370 2017 4427 Istorum
2040 4390 2143 4428 au-

489 4460 611 4513 tem
640 4456 795 4511 bona
814 4471 916 4528 per
944 4453 1337 4510 humilitatem
1370 4456 1593 4511 medico
1616 4458 1948 4514 cedentium
1982 4467 2038 4517 et
2058 4460 2143 4516 in-

490 4545 829 4602 ﬁrmitatem
861 4560 1029 4600 suam
1062 4543 1486 4599 confitentium.
1528 4544 1691 4608 Quod
1722 4546 1893 4618 plane
1914 4550 2140 4619 judicio

490 4633 949 4707 deprehenditur
962 4631 1136 4689 etiam
1158 4633 1216 4687 in
1241 4633 1795 4706 Simoniacis,inque
1813 4654 1914 4708 per
1932 4655 2142 4695 manus
2173 4613 2220 4677 D

490 4738 717 4787 corum,
747 4726 814 4777 ut
859 4721 1097 4789 dicitur,
1152 4721 1455 4788 ordinatis,
1503 4723 1644 4778 dum
1693 4741 1828 4794 pars
1875 4725 2139 4797 ipsorum

488 4808 795 4865 sententiis
813 4814 1151 4865 sanctorum
1165 4810 1400 4866 Patrum
1419 4815 1619 4867 contra
1630 4812 1993 4871 Simoniacos
2012 4833 2141 4887 pro-

486 4895 939 4973 latis_sapienter
967 4899 1303 4970 acquiescit,
1327 4904 1673 4973 reatumque
1693 4919 1867 4958 suum
1899 4902 2137 4959 humili-

482 4989 573 5040 ter
612 4984 987 5057 patefaciens,
1038 4986 1324 5041 medelam
1374 4993 1800 5059 competentem
1848 4994 2133 5062 exposcit;

482 5090 620 5148 pars
650 5076 845 5130 autem
880 5073 1222 5146 insipienter
1242 5075 1558 5145 resultans,
1581 5077 1815 5149 culpam
1847 5096 2013 5136 suam
2038 5099 2136 5137 su-

482 5163 659 5237 perbe
689 5163 969 5231 defendit,
1003 5162 1344 5235 medelaque
1374 5181 1435 5220 se
1468 5183 1581 5221 non
1619 5184 1785 5239 egere
1816 5171 2132 5226 contendit.

479 5251 598 5309 Nec
628 5251 867 5323 mirum,
891 5254 1033 5308 dum
1065 5251 1263 5324 procul
1286 5253 1465 5309 dubio
1495 5255 1566 5309 ad
1599 5258 2033 5326 generationem
2066 5259 2133 5314 il-

482 5339 603 5395 lam
634 5342 922 5411 pertineat
951 5359 1099 5415 quie,
1129 5342 1451 5397 secundum
1487 5342 1880 5413 Salomonem,
1915 5350 2137 5405 munda

485 5428 599 5485 sibi
619 5428 867 5496 videtur,
894 5448 997 5485 nec
1028 5436 1221 5487 tamen
1257 5430 1373 5486 lota
1394 5449 1427 5486 a
1448 5433 1721 5488 sordibus
1743 5435 1867 5491 suis
1888 5436 2135 5494 habetur

485 5515 671 5588 (Prov.
696 5535 828 5584 xxx,
860 5520 969 5589 12).
994 5522 1126 5586 Quae
1159 5521 1300 5575 dum
1340 5536 1508 5574 suam
1551 5520 1864 5579 lalsitatem
1896 5526 2134 5582 veritate

484 5608 820 5680 exsuperari
846 5612 903 5664 et
923 5610 1208 5665 confutari
1238 5608 1435 5677 sentit,
1460 5608 1688 5666 nebulis
1718 5612 1987 5686 obtegere
2019 5632 2133 5672 non

2269 3394 2582 3452 Simoniaci
2615 3395 2756 3450 dum
2782 3394 3221 3466 redarguuntur
3249 3395 3322 3452 de
3342 3390 3764 3455 sanctiﬁcatione,
3781 3385 3837 3442 si-

2268 3502 2335 3541 ve
2365 3484 2436 3540 de
2466 3483 2891 3539 sanctiﬁcatore
2921 3482 3232 3538 hominum
3260 3483 3477 3557 Spiritu
3507 3485 3682 3551 sancto
3705 3489 3836 3545 nego-

2263 3574 2418 3641 tiari,
2453 3573 2521 3628 ad
2574 3571 2731 3627 aliud
2773 3569 3045 3627 falsitatis
3093 3588 3215 3628 suae
3266 3572 3546 3645 angulum
3593 3564 3839 3638 refugiunt.

2263 3662 2516 3732 indeque
2538 3660 2644 3716 has
2662 3677 3055 3731 supervacuas
3072 3661 3515 3718 excusationum
3534 3654 3733 3714 nebulas
3743 3664 3837 3705 evo-

2264 3754 2451 3805 munt.
2476 3748 2642 3804 Absit
2675 3753 2741 3804 ut
2772 3749 3171 3805 mercenarius
3204 3748 3677 3805 consecrationem
3700 3737 3838 3797 eccle-

2261 3838 2688 3906 siasticam,sed
2708 3837 2895 3894 solam
2914 3837 3350 3911 possessionem
3372 3834 3840 3894 ecclesiasticam.“

2259 3929 2308 3985 si
2333 3932 2684 4000 praepostero
2708 3927 2949 3999 vestigio
2967 3925 3172 3982 callem
3197 3927 3615 3984 Pharisaeorum
3631 3920 3841 4000 terentes,

2257 3999 2517 4073 astruere
2538 4016 2892 4070 contendant
2912 4014 3101 4070 solum
3126 4015 3610 4073 sanetiﬁcatorem
3629 3999 3842 4065 honorari

2256 4105 2486 4171 debere,
2498 4103 2865 4160 sanctificata
2882 4108 3077 4159 autem
3097 4103 3248 4160 nihil
3264 4105 3422 4162 esse!
3439 4104 3702 4160 Adversus
3714 4107 3842 4167 quos.

2256 4193 2396 4265 quia
2420 4192 2705 4264 superiori
2738 4193 3070 4248 narratione
3092 4193 3580 4249 sanctiﬁcatorem
3598 4182 3841 4243 defendam

2254 4298 2358 4353 pro
2384 4281 2605 4337 viribus
2628 4280 3048 4349 laboravimus,
3072 4298 3231 4337 nunc
3254 4282 3556 4339 defensum
3585 4279 3657 4334 ire
3675 4267 3843 4331 sancti-

2253 4371 2442 4438 ﬁcata,
2468 4371 2734 4442 praedone
2756 4369 2958 4426 eodem
2982 4370 3201 4442 Spiritu
3226 4377 3454 4437 sancto,
3476 4364 3837 4442 aggrediamur.

2324 4461 2390 4515 Et
2436 4462 2625 4531 primo
2676 4458 2824 4515 illud
2874 4459 3045 4531 quale
3075 4460 3153 4515 sit
3202 4459 3564 4524 eventiletur,
3593 4468 3694 4527 quo
3740 4458 3840 4521 pars

2252 4548 2624 4620 praefatorum
2687 4547 3111 4620 negotiatorum
3155 4565 3219 4605 se
3261 4549 3501 4622 quidem
3549 4542 3757 4618 palliata
3798 4536 3840 4588 οι

2251 4636 2582 4699 defendere.
2615 4636 2895 4692 hieresem
2945 4654 3113 4693 suam
3165 4644 3271 4694 aut
3323 4641 3570 4694 statuere
3605 4635 3657 4688 et
3680 4622 3841 4684 conﬁr-

2250 4742 2411 4780 mare
2467 4730 2731 4792 conatur,
2778 4726 3090 4783 asserenda
3139 4744 3201 4783 se
3257 4726 3500 4782 minime
3553 4712 3839 4777 invisibilem

2248 4814 2500 4886 Spiritus
2530 4814 2719 4870 sancti
2765 4816 3037 4886 gratiam,
3072 4817 3175 4872 sed
3215 4814 3479 4873 visibiles
3525 4806 3838 4868 ecclesiarum

2249 4920 2341 4959 res
2369 4907 2600 4958 tantum
2632 4903 2815 4975 pretio
2867 4920 3247 4977 comparasse
3281 4922 3295 4959 :
3329 4904 3468 4977 quia
3512 4894 3727 4969 contigit
3764 4901 3838 4944 eos

2248 4991 2743 5049 consecrationem
2776 5010 2810 5048 a
2850 4993 3301 5065 metropolitano
3351 4990 3530 5067 gratis
3569 4980 3833 5054 accepisse.

2247 5080 2408 5144 Quod
2442 5098 2556 5136 non
2602 5086 2952 5147 assererent,
2980 5082 3029 5137 si
3062 5081 3271 5139 saltem
3305 5079 3608 5139 scintillam
3635 5067 3833 5137 alicujus

2250 5169 2590 5241 prudentiae,
2623 5186 2727 5225 seu
2770 5171 3017 5226 frontem
3051 5171 3304 5243 alicujus
3331 5162 3668 5226 verecundiae
3695 5154 3830 5214 habe-

2248 5262 2391 5313 rent.
2418 5258 2528 5314 Sed
2552 5258 2691 5330 quia
2711 5276 2815 5315 nec
2837 5261 3096 5332 sapiunt,
3122 5278 3226 5316 nec
3258 5259 3603 5316 erubescunt
3619 5250 3685 5308 ad
3702 5256 3829 5301 θιου·

2246 5347 2462 5404 sandas
2508 5349 2913 5405 excusationes
2965 5349 3024 5404 in
3077 5350 3331 5422 peccatis
3360 5346 3526 5417 (Psal.
3555 5358 3667 5406 CXL.
3695 5335 3755 5405 4),
3778 5341 3829 5383 ⁸³

2247 5438 2400 5493 foliis
2428 5437 2574 5492 ficus
2605 5438 2695 5493 cui
2731 5437 3032 5494 maledixit
3063 5438 3347 5495 Dominus
3378 5431 3701 5509 perizomata
3724 5422 3827 5509 δι·θῇ

2243 5526 2353 5593 via,
2380 5531 2436 5580 et
2466 5524 2731 5592 volatica,
2755 5526 2909 5583 velut
2942 5528 3307 5600 protOplasti,
3332 5506 3479 5581 male
3497 5512 3765 5600 consulant.
3781 5506 3825 5559 οι

2244 5632 2277 5672 a
2307 5614 2578 5687 paradiso
2612 5614 2715 5671 Dei
2746 5633 2880 5672 cum
2933 5597 3305 5675 anathemate
3351 5608 3602 5687 ejiciendi
3642 5597 3818 5676 puden-
