4086 6180
248 288 396 354 1141

837 288 1250 356 ADVERSUS
1294 287 1761 356 SlMthIACOS
1803 289 2012 356 LIBRI
2055 290 2276 356 TRES.
2315 327 2392 342 —-
2423 295 2655 362 LIBER
2697 297 3056 364 TERTIUS.

3491 293 3645 363 1142

246 423 339 482 dis
371 423 498 483 suis
529 428 851 500 opponunt.
884 424 1064 494 Unde,
1100 426 1237 499 quia
1266 425 1375 482 hoc
1433 424 1677 499 pallium
1729 441 1891 482 men-
1921 425 1975 494 Α
2005 429 2191 498 parat,
2216 426 2328 483 nisi
2355 425 2651 487 licentiam
2684 431 2958 502 habendi,
2986 428 3308 506 equitandi,
3338 435 3394 489 et
3425 429 3646 490 facien-

247 514 398 572 dacii
423 531 624 572 eorum
649 517 820 573 breve
841 521 948 585 est,
974 521 1289 589 utrumque
1306 518 1517 590 operiri
1541 535 1654 573 non
1678 521 1889 590 potest,

245 605 552 677 quoniam,
586 605 634 661 si
667 622 732 661 eo
756 611 931 678 caput
962 611 1299 678 coopertum
1324 606 1392 662 iri
1423 610 1672 673 tentant,
1716 607 1891 679 pedes

246 710 383 749 mox
454 695 700 750 nudant.
754 695 914 758 Quod
976 694 1024 750 si
1066 696 1260 766 "pedes
1314 696 1670 767 cooperiunt,
1721 699 1895 767 caput

244 781 1026 854 simuldiscooperiunt.Aut
1057 783 1212 838 enim
1237 784 1492 839 exinitio
1545 791 1730 839 autex
1780 785 1892 839 fine

244 871 395 926 actio
421 888 521 926 seu
542 871 786 925 intentio
802 887 1002 925 eorum
1023 872 1370 928 denudatur.
1395 873 1452 927 Si
1492 874 1649 928 enim
1699 873 1888 928 solum

239 961 687 1033 patrimonium,
713 977 812 1015 seu
857 977 1096 1015 censum
1121 962 1388 1016 Ecclesiae
1427 979 1765 1034 comparare
1793 979 1890 1017 vo-

239 1047 500 1115 luerunt,
525 1065 703 1121 quare
731 1065 836 1104 nec
858 1065 1022 1104 mora
1041 1055 1174 1121 post
1195 1051 1586 1106 venditionem
1637 1056 1692 1106 et
1735 1069 1891 1123 emp-

240 1137 462 1194 tionem
485 1139 682 1194 sedem
701 1138 956 1210 episcopi
997 1143 1056 1194 et
1080 1141 1485 1195 auctoritatem
1535 1143 1662 1211 ejus
1711 1141 1887 1196 etiam

239 1243 357 1281 non
386 1225 705 1282 consecrati
728 1227 1058 1281 invadunt?
1079 1228 1194 1282 Cur
1213 1230 1284 1283 de
1321 1228 1579 1284 inferiori
1599 1231 1666 1284 ad
1713 1247 1884 1301 supe-

242 1314 455 1370 riorem
473 1315 722 1385 gradum
743 1315 1100 1386 prosiliunt?
1121 1315 1237 1370 Cur
1252 1315 1578 1388 episcopale
1593 1317 1884 1387 judicium

239 1409 297 1460 et
316 1402 631 1459 consilium
656 1419 833 1476 super
853 1403 1257 1475 delinquentes
1281 1406 1623 1477 proferunt?
1642 1423 1756 1476 quo
1778 1407 1880 1461 de-

241 1492 364 1548 bito
387 1493 910 1560 consecrationem,
933 1493 1211 1549 canonice
1234 1493 1431 1548 electis
1465 1495 1533 1548 ad
1590 1494 1885 1567 episcopa-

238 1587 366 1637 tum
392 1582 669 1647 dandam,
694 1584 988 1654 expetunt,
1015 1581 1128 1637 nisi
1148 1581 1284 1653 quia
1310 1582 1743 1654 possessionem
1793 1601 1885 1639 ec-

237 1670 627 1726 clesiasticam
651 1673 959 1739 retentant,
991 1671 1342 1742 quamprius
1366 1676 1728 1738 coemcrunt,
1777 1690 1884 1728 nec

237 1776 595 1832 quemquam
620 1775 795 1830 super
816 1775 878 1815 se
914 1759 1219 1815 ecclesiam
1250 1765 1669 1832 occupaturum
1704 1763 1884 1817 confi-
1917 1797 1961 1861 Β

237 1848 414 1904 dunt?
443 1848 549 1914 Qui
574 1848 624 1902 si
645 1849 716 1903 ad
740 1847 848 1903 hoc
869 1852 1096 1902 tantum
1126 1846 1551 1904 ecclesiasticas
1582 1849 1885 1906 facultates

235 1939 579 2009 comparant
600 1941 666 1992 ut
681 1937 764 1992 eis
785 1939 1042 2002 utantur,
1067 1953 1248 2008 quare
1271 1953 1386 1992 non
1409 1937 1662 1993 contenti
1682 1954 1886 1995 earum

234 2043 370 2095 usu,
406 2026 647 2097 insuper
674 2024 1166 2092 benedictionem,
1201 2042 1375 2096 quam
1411 2043 1472 2082 se
1503 2043 1616 2081 non
1650 2044 1884 2100 compa-

233 2131 398 2170 rasse
427 2114 650 2179 dicunt,
684 2114 1057 2187 impudenter
1085 2115 1323 2187 exigunt
1342 2116 1475 2170 ‘lscd
1500 2117 1694 2172 fortes.
1730 2118 1902 2189 quod'

233 2221 351 2259 non
383 2208 543 2276 puto,
577 2203 772 2258 dicent
819 2221 900 2270 se,
949 2204 1184 2274 quando
1233 2204 1450 2275 przedia
1492 2205 1885 2261 ecclesiastica

233 2296 525 2358 emerunt,
548 2292 804 2348 nescisse
835 2309 895 2347 se
935 2293 1006 2346 ob
1055 2293 1162 2347 hoc
1209 2293 1382 2347 etiam
1435 2294 1884 2364 consecrandos,

232 2385 332 2440 sed
351 2389 631 2455 tanquam
645 2381 826 2438 laicos
841 2399 968 2453 qua:
981 2387 1242 2438 emerant
1255 2389 1494 2454 putasse
1508 2400 1884 2455 possessuros

230 2473 556 2530 Monstrent
577 2488 714 2544 ergo
732 2471 1007 2527 omnibus
1030 2487 1090 2527 se
1112 2475 1251 2526 tunc
1276 2471 1552 2540 nescisse,
1578 2476 1634 2527 et
1655 2475 1884 2527 cessent

230 2560 619 2634 episcopalem
646 2561 894 2632 gratiam
917 2559 1144 2632 exigere
1167 2578 1180 2626 ;
1200 2577 1396 2632 quam.
1416 2561 1668 2632 pretium
1689 2561 1880 2616 dando

231 2668 337 2724 pro
370 2651 545 2706 rebus
567 2649 996 2717 ecclesiasticis,
1033 2666 1135 2704 nec
1159 2650 1491 2722 cogitabant
1524 2691 1536 2715 ,
1563 2667 1664 2704 nec
1695 2651 1880 2723 exige-

229 2742 392 2796 bant.
427 2741 497 2794 Et
520 2739 786 2811 quamvis
812 2755 944 2793 cum
977 2738 1282 2811 sacrilegio
1313 2738 1569 2794 habeant
1600 2739 1722 2795 sola
1751 2757 1879 2812 quae

227 2832 739 2900 comparaverunt,
773 2844 877 2882 nec
927 2827 1034 2882 sibi
1078 2827 1209 2882 inde
1247 2827 1540 2898 justitiam
1592 2830 1880 2902 episcopis

227 2918 490 2974 debitam
527 2921 908 2989 praesumant,
934 2917 1058 2985 sed,
1079 2916 1230 2970 sicut
1259 2915 1410 2982 laici,
1437 2933 1551 2971 non
1576 2917 1764 2972 solum
1813 2934 1881 2972 ex

228 3005 659 3071 beneficiis,scd
680 3005 854 3060 etiam
881 3021 948 3059 ex
975 3005 1210 3076 praediis
1233 3005 1322 3059 sui
1347 3005 1631 3076 quidquid
1657 3006 1879 3077 episco-

228 3112 441 3168 porum
466 3093 815 3167 persolvant.
841 3094 1165 3148 Demittant
1187 3093 1281 3148 alii
1306 3093 1563 3164 accipere
1585 3111 1879 3149 consecra-

2001 514 2057 570 di
2076 515 2210 572 inde
2233 518 2368 589 quid
2393 518 2564 575 vult?
2585 519 2769 577 Aliter
2789 522 2944 578 enim
2969 521 3212 595 quilibet
3237 521 3374 595 quid
3417 538 3647 595 compa-

2002 608 2091 658 rat
2113 610 2134 660 ?
2154 607 2393 661 Constat
2413 624 2547 680 ergo
2563 609 2664 677 nil,
2687 610 2797 665 nisi
2822 609 3116 666 licentiam
3138 609 3225 667 vel
3250 627 3420 666 usum
3446 627 3642 668 rerum

2002 709 2126 764 quae
2180 701 2450 760 veneunt,
2509 700 2854 768 comparari.
2914 701 3298 766 Quamobrem
3375 700 3646 755 desinant

2000 781 2312 838 Simoniaci
2339 784 2594 841 latrones
2618 788 3013 843 damnationis
3038 807 3155 843 suae
3179 788 3504 861 patibulum
3544 789 3643 845 de-

1999 869 2193 926 albare
2218 872 2363 938 ;imo
2385 875 2522 944 quia
2544 876 2841 945 parricide
2862 881 2916 931 et
2938 876 3242 931 fratricida:
3283 881 3443 946 sunt,
3493 875 3645 933 cule-

1999 975 2121 1024 um,
2147 976 2261 1031 quo
2281 960 2553 1017 insuendi
2576 968 2631 1018 et
2653 965 3084 1036 puniendisunt
3125 966 3340 1021 frustra
3361 983 3643 1037 superun-

1999 1063 2152 1118 gere,
2180 1054 2237 1103 et
2272 1051 2510 1105 tandem
2543 1053 2629 1107 vel
2664 1070 2792 1107 sero
2841 1053 3070 1109 discant
3127 1071 3186 1109 se
3235 1072 3350 1109 non
3408 1071 3641 1126 posses-

1998 1135 2191 1190 siones
2214 1138 2656 1208 ecclesiasticas,
2683 1143 2782 1196 sed
2808 1141 2994 1197 solam
3019 1141 3316 1198 licentiam
3339 1142 3645 1214 possiden-

1998 1223 2054 1278 di
2078 1241 2466 1296 comparasse.
2502 1231 2635 1293 Quze
2668 1229 2901 1285 licentia
2931 1231 3258 1286 benedictio
3307 1236 3397 1286 est
3426 1231 3644 1303 episco-

1998 1312 2164 1382 palis,
2192 1319 2472 1385 tanquam
2501 1316 2869 1390 privilcginm
2896 1319 3468 1390 possessionis.Certe
3491 1320 3642 1375 sicu-

1997 1401 2054 1456 bi
2088 1402 2346 1458 locorum
2369 1405 2628 1460 edictum
2663 1408 2746 1460 sic
2781 1411 3295 1479 proponeretur,ut
3320 1407 3378 1462 in
3413 1413 3643 1479 preter-

1996 1490 2196 1546 missis
2229 1493 2652 1563 observaretur,
2681 1512 2749 1550 ne
2799 1496 2937 1567 quid
2989 1495 3255 1550 videlicet
3312 1496 3436 1551 sine
3495 1495 3639 1550 sub-

1995 1581 2309 1651 scriptione
2341 1582 2508 1654 regiaa
2541 1600 2753 1638 manus
2794 1601 2827 1638 a
2861 1601 2974 1656 quo
3019 1583 3161 1638 inibi
3221 1584 3637 1655 possideretur,

1995 1668 2131 1740 quid
2168 1670 2449 1726 dicendus
2479 1677 2634 1726 esset
2664 1671 2875 1744 aliquis
2904 1690 3104 1728 eorum
3129 1675 3263 1744 jure
3303 1689 3636 1745 comparas-

1996 1775 2057 1812 se
2088 1758 2198 1812 nisi
2233 1759 2416 1813 solam
2450 1760 2938 1832 subscriptionem
2975 1761 3217 1833 regiam,
3279 1761 3396 1816 sive
3454 1761 3637 1832 gratis

1993 1844 2110 1901 sive
2143 1863 2254 1900 non
2289 1848 2472 1918 gratis
2501 1865 2630 1903 eam
2663 1854 3118 1921 consequeretur
3142 1850 3170 1904 ‘I
3222 1848 3422 1920 Neque
3478 1848 3637 1902 enim

1994 1935 2120 1989 sine
2152 1935 2249 1990 illa
2287 1935 2658 2008 licentiajuri
2693 1938 2821 2008 ejus
2853 1938 3080 1992 cederet
3100 1937 3417 2009 possessio,
3437 1952 3635 2008 quam-

1991 2021 2078 2078 vis
2109 2029 2464 2095 comparata.
2806 2093 2807 2096 η
3231 2012 3236 2016 ’

2067 2115 2265 2184 Itaque
2298 2113 2680 2186 principalius
2722 2113 2979 2181 licentia,
3013 2114 3133 2169 sive
3187 2113 3465 2188 gratuita,
3519 2113 3638 2170 sive

1993 2207 2208 2274 empta,
2243 2203 2547 2258 dominum
2581 2203 2972 2275 possessionis
3005 2203 3061 2258 in
3096 2202 3344 2260 alterum
3388 2202 3636 2258 transle-

1990 2295 2089 2362 gat
2112 2307 2250 2362 qum
2278 2292 2568 2362 possessio
2591 2308 2869 2348 concessa
2889 2292 2975 2348 vel
3000 2296 3193 2364 empta
3215 2290 3637 2348 licentiam.Sic

1990 2379 2335 2450 episc0palis
2358 2379 2614 2452 dignitas
2630 2382 2823 2452 potius
2847 2381 3481 2453 possessionem,quam
3508 2395 3640 2452 pos-

1990 2468 2173 2523 sessio
2196 2469 2581 2540 episcopalem
2610 2469 2954 2541 dignitatem
2978 2469 3091 2526 sibi
3113 2469 3388 2525 vindicat.
3449 2470 3522 2525 Et
3549 2472 3636 2524 ta-

1991 2573 2123 2611 men
2157 2556 2270 2612 tale
2292 2561 2379 2612 est
2400 2558 2724 2631 episc0pale
2747 2560 3006 2613 cilicium
3033 2563 3095 2612 ut
3119 2558 3245 2613 sine
3271 2558 3381 2626 his,
3417 2557 3636 2629 quibus

1991 2646 2162 2701 debet
2183 2646 2462 2718 impendi,
2483 2648 2566 2702 vel
2593 2648 2878 2714 adhiberi,
2904 2664 3016 2703 non
3045 2647 3120 2702 sit
3168 2647 3450 2714 ofﬁcium,
3473 2644 3633 2720 velut

1991 2735 2036 2789 si
2059 2738 2192 2807 quis
2217 2737 2444 2790 dicatur
2467 2736 2678 2791 habere
2699 2735 2996 2791 licentiam
3021 2751 3224 2808 agrum
3249 2733 3556 2803 colendi,et
3577 2732 3629 2788 ei

1991 2840 2128 2895 ager
2149 2841 2317 2894 quem
2345 2824 2678 2879 colatdesit.
2697 2825 2899 2879 Nonne
2921 2841 2987 2880 ea
3009 2823 3241 2878 licentia
3275 2837 3632 2894 supervacua

1990 2917 2078 2967 est
2099 2917 2153 2966 et
2175 2911 2337 2966 nulla
2357 2912 2383 2965 '?
2405 2912 2531 2966 Pari
2555 2912 2816 2982 exemplo
2862 2913 3191 2984 cpiscopus,
3224 2912 3323 2983 qui
3378 2912 3632 2983 superin-

1988 3001 2213 3055 tendcns
2244 3001 2478 3067 dicitur,
2515 3001 2714 3056 nullus
2746 3002 2877 3069 erit,
2922 3003 2969 3057 si
3003 3001 3052 3056 ei
3112 2999 3362 3056 defuerit
3419 3000 3635 3073 quibus

1988 3090 2452 3162 superintendat.
2491 3090 2554 3143 Et
2589 3089 2725 3161 quid
2761 3089 2928 3160 plura
2957 3090 2984 3144 ‘I
3017 3088 3310 3160 Quidquid
3342 3087 3636 3159 insepara-

226 3163 483 3252 tionem,
507 3182 896 3256 episcopalem
925 3182 1356 3249 auctoritatem,
1391 3163 1720 3237 animarum
1748 3201 1878 3254 pro-
1915 3163 1957 3227 C
1990 3177 2185 3232 bilitcr
2215 3177 2544 3232 continetur
2575 3195 2608 3231 a
2638 3177 2918 3250 quolibet,
2956 3183 3230 3233 neutrum
3265 3193 3465 3231 eorum
3511 3176 3638 3231 sine

227 3273 618 3341 curationem,
655 3288 782 3343 qua:
813 3270 1013 3344 procul
1047 3271 1225 3326 dubio
1272 3271 1604 3342 spiritualia
1635 3276 1796 3337 sunt,
1830 3276 1886 3326 et

228 3359 550 3419 invisibilis
576 3361 795 3433 gratize.
824 3360 934 3414 Sed
960 3364 1386 3430 recognoscunt
1443 3359 1596 3431 quod
1662 3359 1882 3430 utique,

231 3456 551 3522 antequam
582 3449 1046 3522 negotiarentur,
1079 3453 1476 3520 cognoverunt
1526 3448 1598 3503 ad
1659 3449 1887 3520 episco-

233 3557 343 3613 pos
366 3557 458 3594 res
480 3537 881 3595 ecclesiarium
906 3537 1215 3610 pertinere,
1243 3541 1299 3592 et
1319 3554 1380 3592 se
1402 3536 1531 3591 illas
1553 3537 1723 3592 aliter
1772 3554 1884 3592 non

232 3645 408 3701 posse
431 3627 697 3694 retinere,
721 3627 834 3682 nisi
861 3627 971 3682 sub
993 3625 1305 3698 episcopali
1323 3625 1520 3680 habitu
1545 3631 1601 3681 et
1626 3627 1884 3692 nomine,

234 3717 733 3773 consecrationem
761 3733 938 3788 quam
993 3715 1052 3768 in
1096 3714 1228 3769 aliis
1291 3714 1666 3770 ecclesiarum
1722 3714 1889 3771 benis

236 3807 404 3880 prius
432 3809 720 3872 emerunt,
752 3805 912 3860 velut
942 3803 1051 3858 sibi
1075 3805 1209 3875 jure
1241 3803 1498 3858 debitam
1559 3804 1886 3876 requirunt.

234 3895 466 3961 Nonne,
498 3910 631 3949 cum
665 3893 797 3966 quis
826 3893 1012 3948 laicus
1045 3892 1278 3958 fundos,
1313 3896 1413 3946 aut
1442 3892 1608 3947 lacus
1651 3910 1889 3965 compa-

238 3990 351 4052 rat,
384 3983 606 4056 pariter
632 3999 864 4055 quoque
910 3981 1196 4055 quidquid
1231 3981 1342 4035 sibi
1375 3982 1510 4037 inde
1542 3983 1725 4054 gratis
1757 4000 1888 4054 pro-

238 4073 437 4130 veniet
465 4076 765 4145 comparat
792 4072 820 4127 ‘I
845 4076 1050 4127 Nonne
1090 4071 1266 4125 etiam
1327 4070 1514 4142 ipsam
1574 4070 1888 4140 culturam,

243 4179 364 4235 qua
390 4161 822 4235 possessionem
857 4163 1102 4228 exercet,
1132 4158 1479 4231 comparat?

911 4266 1147 4324 CAPUT
1188 4267 1251 4321 ΙΙ.

322 4357 698 4430 Comprobatio
725 4358 811 4412 nil
837 4356 1087 4482 proldesse
1111 4356 1500 4437 possessionem
1520 4356 1642 4410 sine
1657 4356 1830 4426 privi-

953 4444 1069 4482 eazo
1098 4443 1236 4482 ems.

953 4444 1069 4499 egw
1098 4443 1146 4498 ej
1156 4443 1236 4481 us.

1995 3266 2175 3322 altero
2207 3267 2374 3320 vendi
2407 3271 2460 3321 et
2493 3267 2819 3338 comparari
2875 3265 3046 3322 valet.
3109 3265 3378 3321 Continet
3437 3268 3636 3320 autem

1994 3354 2340 3427 episcolialis
2372 3354 2627 3428 dignitas
2661 3373 2748 3411 res
2785 3361 2894 3410 Deo
2936 3358 3194 3411 sacratas
3228 3373 3240 3423 ;
3304 3352 3640 3408 continetur

1995 3460 2229 3516 quoque
2261 3445 2331 3498 ab
2365 3445 2469 3512 eis,
2508 3445 2622 3498 imo
2655 3445 2713 3499 in
2746 3445 2852 3512 eis,
2884 3448 2948 3498 ut
3005 3448 3145 3516 puta
3173 3448 3230 3498 et
3276 3443 3404 3516 ipsa
3433 3459 3468 3496 a
3522 3441 3640 3497 Deo

2001 3537 2355 3602 consecrata,
2388 3550 2452 3588 ac
2475 3533 2522 3588 si
2557 3533 2818 3604 quolibet
2844 3534 3173 3604 subjectum
3211 3531 3294 3587 sic
3351 3548 3461 3586 sua
3491 3529 3639 3585 acci-

2000 3622 2197 3676 dentia
2228 3622 2520 3676 contineat
2551 3626 2615 3675 ut
2646 3621 2699 3675 id
2736 3638 2967 3694 quoque
3008 3622 3081 3676 ab
3140 3621 3285 3693 ipsis
3347 3619 3641 3692 principa-

1997 3711 2112 3766 lius
2130 3709 2512 3766 contineatur.
2535 3711 2694 3766 Unde
2721 3711 2872 3766 sicut
2897 3710 2952 3764 in
2981 3701 3454 3765 omnibus'rebus
3499 3707 3640 3763 visi-

1998 3799 2638 3871 libusquandocunque
2664 3801 2966 3869 vendetur,
3023 3815 3133 3852 non
3192 3801 3422 3852 tantum
3486 3795 3645 3866 ipsa-

2002 3906 2132 3943 rum
2161 3887 2412 3943 visibilis
2445 3887 2709 3958 materia,
2743 3892 3026 3958 quantum
3088 3883 3555 3941 substantialiter
3585 3886 3648 3938 et

2004 3977 2349 4044 accidentia,
2380 3994 2504 4049 quae
2538 3976 2738 4048 utique
2770 3993 2870 4048 per
2902 3992 2963 4031 se
3002 3974 3257 4031 visibilia
3314 3977 3455 4030 sunt
3507 3989 3647 4028 ven-

2006 4067 2244 4132 duntur,
2277 4064 2412 4121 licet
2443 4069 2714 4119 neutrum
2749 4065 2874 4119 sine
2907 4063 3087 4120 altero
3128 4063 3300 4119 vendi
3354 4061 3650 4135 patiatur;

2008 4155 2092 4210 sic
2122 4158 2178 4208 et
2209 4155 2265 4207 in
2297 4154 2469 4209 rebus
2497 4154 2612 4210 Deo
2643 4154 3016 4221 consecratis,
3070 4153 3130 4208 in
3190 4151 3409 4224 quibus
3465 4149 3656 4222 magis

2009 4243 2384 4309 consecratio,
2419 4259 2620 4297 eorum
2644 4241 2732 4296 vel
2766 4241 3173 4309 sanctificatio,
3210 4258 3336 4312 quae
3383 4243 3477 4295 est
3526 4237 3655 4310 Spi-

2008 4332 2158 4387 ritus
2191 4332 2374 4386 sancti
2409 4332 2597 4403 gratia
2629 4348 2730 4403 per
2762 4349 2824 4386 se
2858 4331 3091 4404 quidem
3116 4328 3428 4384 invisibilis
3449 4326 3658 4383 vendi-

2008 4425 2124 4487 tur,
2159 4420 2294 4474 licet
2327 4437 2563 4492 quoque
2621 4420 2758 4492 ipsa:
2819 4437 2913 4475 res
2977 4419 3327 4475 vendantur.
3375 4415 3659 4485 Denique,

321 4518 380 4574 Si
413 4518 571 4574 enim
605 4517 895 4572 culturam
927 4516 1141 4588 ipsam,
1172 4514 1290 4569 imo
1322 4512 1617 4568 licentiam
1648 4513 1897 4569 habendi
1934 4529 1979 4592 υ
2009 4509 2164 4564 verbi
2200 4509 2406 4582 gratia,
2442 4509 2540 4580 qui
2575 4511 2839 4563 arborem
2874 4511 3194 4580 comparat,
3219 4504 3408 4576 magis
3429 4502 3478 4558 ei
3502 4519 3658 4592 com-

246 4612 306 4664 et
338 4607 561 4663 colendi
587 4624 698 4661 non
725 4609 1042 4678 comparat,
1069 4603 1362 4676 possessio
1393 4607 1728 4674 comparata
1763 4604 1900 4674 quid

248 4696 544 4754 commodi
569 4695 618 4751 ei
644 4699 880 4768 praestat
911 4693 1197 4748 PVidetur
1229 4692 1386 4747 enim
1421 4691 1498 4746 nil
1534 4691 1694 4747 aliud
1725 4709 1903 4763 quam

251 4803 378 4842 suae
410 4786 669 4858 pecuniae
694 4785 987 4856 jacturam
1020 4781 1274 4837 voluisse
1299 4782 1502 4846 facere,
1547 4785 1604 4836 et
1658 4780 1906 4854 insuper

251 4892 375 4932 suae
399 4889 677 4946 personas,
699 4879 756 4929 et
785 4874 910 4928 suis
941 4871 1179 4927 acerbas
1223 4869 1492 4940 injurias,
1517 4873 1573 4924 et
1606 4869 1905 4925 molestias

254 4963 1005 5035 cmisse;quandocunque
1041 4961 1356 5032 prmsumet
1401 4974 1664 5013 exercere
1716 4957 1906 5012 cultu-

257 5069 410 5119 ram,
433 5069 606 5123 quam
631 5051 690 5106 in
708 5053 1042 5122 comparato
1067 5047 1244 5102 fundo
1265 5063 1378 5102 non
1402 5046 1910 5118 comparavit.0ua

257 5159 329 5199 ex
351 5158 411 5196 re
433 5144 662 5197 constat
682 5137 1036 5196 omnimodis
1057 5135 1285 5192 nullum
1311 5139 1614 5208 potentum
1637 5134 1756 5190 imo
1778 5135 1906 5190 nul-

258 5231 386 5287 lum
411 5230 717 5286 hominum
733 5243 1072 5299 comparare
1099 5227 1154 5280 in
1181 5225 1354 5279 rebus
1378 5223 1909 5290 verisimilibus,ni-

260 5320 309 5376 si
336 5319 490 5392 quod
511 5319 759 5386 videtur,
782 5317 938 5372 verbi
966 5316 1174 5388 gratia,
1200 5317 1502 5384 comparat
1525 5313 1658 5384 quis
1705 5328 1908 5367 nume-

260 5425 430 5466 rosas
455 5406 1208 5479 urbes,provincias,regna.
1235 5401 1383 5465 Quid
1409 5401 1467 5455 in
1492 5401 1582 5456 his
1608 5417 1909 5473 compara-

259 5499 366 5565 vit,
387 5497 498 5553 nisi
522 5495 817 5552 licentium
840 5493 1092 5550 habendi
1114 5495 1172 5546 et
1195 5489 1579 5545 dominandi?
1599 5491 1680 5544 Ad
1731 5489 1912 5545 mino-

265 5603 334 5644 ra
353 5586 640 5642 veniatur.
662 5586 975 5657 Comparat
996 5581 1129 5654 quis
1146 5596 1402 5651 equum;
1427 5579 1566 5651 quid
1590 5579 1647 5633 in
1668 5595 1733 5634 eo
1755 5595 1911 5634 com-

2016 4603 2181 4671 parat
2210 4599 2338 4669 ejus
2360 4598 2629 4663 formam,
2655 4597 2876 4653 scliicct
2897 4596 3328 4668 proceritatem,
3371 4590 3658 4663 grossitu-

2014 4687 2233 4752 dinem,
2253 4691 2327 4753 et,
2353 4691 2417 4740 ut
2439 4687 2692 4741 breviter
2721 4687 2969 4750 dicatur,
3005 4682 3392 4755 quantitatem
3445 4680 3572 4752 ejus
3603 4683 3662 4735 et

2018 4776 2382 4849 qualitatem,
2417 4793 2542 4846 quae
2577 4792 2678 4846 per
2708 4790 2767 4829 se
2799 4778 2936 4828 sunt
2959 4770 3297 4837 invisibilia,
3321 4785 3498 4842 quam
3521 4768 3662 4825 sub-

2009 4867 2226 4936 jectam
2253 4863 2524 4918 sensibus
2552 4879 2650 4934 per
2674 4863 2889 4916 formas
2913 4859 3300 4916 materiam.Si
3324 4859 3424 4932 qui
3447 4874 3662 4930 equum

2029 4956 2109 5009 sic
2143 4955 2242 5026 qui
2276 4953 2520 5007 fundum
2555 4956 2611 5005 et
2634 4967 2994 5022 qumcunque
3026 4949 3364 5022 hujusmodi
3399 4951 3554 5005 sunt.

2647 5057 2883 5113 CAPUT
2928 5059 3020 5113 ΙΙΙ.

2016 5152 2092 5205 Dc
2118 5149 2382 5205 sententia
2411 5145 2864 5202 Chalcedonensis
2897 5148 3120 5203 concilii
3152 5154 3341 5201 contra
3373 5141 3661 5213 supradic-

2789 5227 2886 5274 tos.

2091 5309 2199 5364 Sed
2224 5309 2344 5377 jam
2369 5305 2746 5360 multifariam
2774 5305 3116 5378 deprehensi
3152 5309 3208 5360 et
3259 5299 3539 5357 confutati
3575 5315 3669 5354 as-

2021 5396 2186 5453 seclae
2211 5395 2468 5451 Simonis
2487 5394 2658 5467 Magi,
2685 5394 2917 5450 frivolas
2939 5395 3064 5449 tech
3078 5411 3199 5461 nas,
3221 5391 3435 5464 quibus
3478 5387 3670 5444 larvas

2024 5485 2318 5540 naturales
2348 5489 2404 5538 et
2432 5502 2596 5538 veras
2623 5484 2793 5539 facies
2818 5501 2956 5539 suas
2997 5481 3318 5552 obtegendo
3376 5495 3669 5551 quoscun-

2025 5591 2136 5648 que
2162 5579 2404 5646 possunt
2439 5573 2678 5646 impune
2728 5573 2993 5628 derident
3035 5577 3090 5627 et
3137 5569 3444 5635 deludunt,
3495 5568 3669 5639 depo-
