4106 6178
509 355 667 424 1143

503 585 806 642 delusoros
831 589 976 640 Deus
996 582 1382 647 illudet.Quos
1404 580 1539 635 licet
1556 576 2020 651 praecedentibus
2039 575 2145 629 hu-

503 692 688 732 manae
711 674 963 730 scientiae
987 670 1591 744 argumentationibus
1615 667 2022 740 quaesierimus
2053 682 2143 719 ar-

503 780 699 838 guere,
733 763 1018 818 habemus
1047 766 1243 815 tamen
1275 760 1333 813 in
1367 761 1640 830 promptu
1673 757 1900 811 divinas
1919 757 2145 809 sancto-

504 870 636 909 rum
665 854 904 908 Patrum
926 849 1262 914 sententias,
1318 865 1444 919 quae
1499 846 1631 901 solae
1687 843 1989 900 sufﬁciunt
2045 858 2147 896 ora

503 959 705 1000 eorum
737 940 1013 1012 oppilare,
1047 942 1103 993 et
1132 936 1665 1010 tergiversationem
1699 934 1923 989 sistere.
1949 931 2143 1003 Siqui-

505 1032 636 1087 dem
667 1032 868 1085 sancta
895 1032 951 1084 et
979 1027 1325 1082 universalis
1357 1026 1612 1096 synodus
1657 1020 2146 1078 Chalcedonensis

503 1119 576 1190 (c'
599 1119 654 1189 2)
684 1117 948 1173 unanimi
1005 1132 1294 1171 consensu
1353 1114 1618 1169 eamdem
1677 1128 1852 1182 super
1910 1125 2140 1164 oecono-

504 1223 692 1275 mum,
724 1207 780 1262 id
814 1210 902 1262 est
931 1206 1392 1276 dispensatorem
1426 1219 1527 1274 per
1573 1200 1851 1272 pecunias
1909 1213 2139 1269 promo-

503 1299 630 1354 tum
654 1293 1339 1359 sententiamintentavit,
1365 1307 1541 1362 quam
1573 1306 1747 1361 super
1799 1287 2140 1359 episcopum

501 1386 593 1442 vel
626 1385 1046 1456 presbyterum,
1065 1385 1417 1451 emterosque
1437 1379 1733 1433 ministros
1755 1376 2037 1432 clericalis
2062 1392 2151 1430 or-

504 1473 682 1539 diuis,
707 1472 927 1527 scilicet
949 1474 1012 1525 ut
1067 1473 1364 1541 promotor
1421 1469 1765 1539 deponatur,
1799 1469 1856 1520 et
1912 1481 2148 1536 promo-

504 1566 603 1617 tus
633 1560 858 1616 alienus
890 1559 968 1614 sit
997 1576 1030 1614 a
1060 1557 1470 1625 sollicitudine,
1504 1572 1681 1628 quam
1703 1554 1964 1627 pecuniis
1987 1571 2147 1625 qum-

505 1650 658 1716 sivit,
682 1653 739 1704 et
770 1647 1118 1703 mediatores
1141 1651 1260 1702 tam
1291 1647 1480 1717 turpis
1519 1662 1582 1700 ac
1617 1645 1850 1700 nefandi
1913 1644 2053 1708 dati,
2089 1647 2146 1698 et

504 1737 744 1810 accepti,
768 1737 815 1792 si
850 1736 1041 1791 clerici
1062 1737 1297 1806 fuerint,
1324 1737 1711 1807 deponantur.
1738 1734 1796 1790 Si
1823 1750 1956 1789 vero
2007 1732 2141 1787 laici

1563 348 1973 418 HUMBERTI
2015 347 2077 411 S.
2125 346 2198 410 R.
2245 347 2318 411 Ε.
2363 343 2854 412 CARDINALIS.

504 496 731 566 nant,et
751 496 852 550 aut
870 489 1236 566 resipiscant,
1253 493 1353 548 aut
1368 488 1475 547 soli
1500 486 1994 562 pereant,sensuri
2009 484 2146 558 quia
2173 481 2228 548 A

3694 347 3816 412 ll“

2884 479 3114 539 CAPUT
3152 479 3246 537 IV.

2253 626 2328 680 De
2380 626 2818 694 sanctiﬁcatione
2887 626 3264 695 sanctiﬁcante
3317 639 3399 678 res
3468 623 3819 691 ecclesiasticas,

2324 697 2775 779 saeseqztcnz'ibus
2823 696 2950 752 inde
3007 705 3318 752 sanctorum
3371 697 3582 750 Patrum
3631 698 3820 752 testimo-

2326 785 2460 823 nus.

2327 929 2489 984 Unde
2518 945 2632 982 non
2668 927 2886 983 mirum
2947 928 2995 982 si
3061 927 3426 997 dispensator
3473 925 3824 998 cujuscunque,

2257 1015 2787 1089 quantulaecunque
2844 1015 2927 1072 rei
2987 1015 3387 1071 ecclesiasticis
3441 1030 3535 1086 per
3581 1015 3824 1085 pecuniam

2257 1110 2579 1178 promotus,
2613 1105 2846 1161 etiamsi
2882 1122 2999 1160 non
3032 1108 3422 1169 consecretur,
3453 1103 3733 1158 damnatur
3776 1103 3826 1158 ab

2256 1195 2664 1250 ecclesiasticis
2700 1193 2921 1265 regulis
2959 1209 3094 1249 cum
3127 1192 3252 1248 suis
3283 1191 3603 1247 auctoribus
3652 1195 3700 1246 et
3741 1208 3829 1246 me-

2256 1269 2602 1349 diatoribus,
2633 1300 2698 1338 ac
2733 1283 2781 1338 si
2815 1285 3279 1349 consecraretur,
3334 1281 3468 1352 quia
3517 1297 3723 1336 necesse
3767 1285 3830 1335 est

2257 1377 2459 1429 sancta
2489 1373 2606 1428 sint
2637 1387 3008 1444 quascunque
3034 1369 3354 1427 sanctuarii
3376 1374 3431 1425 et
3459 1368 3640 1424 altaris
3687 1369 3829 1424 famu-

2257 1462 2472 1532 lantur,
2500 1466 2558 1516 et
2586 1462 2878 1516 debentur
2910 1461 3140 1516 usibus.
3191 1460 3351 1524 Quod
3385 1459 3433 1514 si
3487 1462 3667 1514 sancta
3712 1462 3832 1527 sunt,

2257 1551 2408 1607 sicut
2437 1567 2566 1606 vere
2587 1554 2752 1616 sunt,
2785 1566 3028 1606 necesse
3057 1554 3147 1605 est
3179 1548 3540 1622 sanctitatem
3569 1550 3619 1602 et
3667 1545 3834 1601 sancti-

2256 1640 2584 1694 ﬁcationem
2615 1639 2673 1694 in
2707 1656 2768 1696 se
2810 1639 3084 1707 habeant,
3119 1638 3260 1710 quia
3293 1641 3491 1692 sancta
3520 1639 3656 1692 sunt.
3698 1635 3831 1690 Sauc-

2254 1729 2391 1784 titas
2423 1733 2616 1784 autem
2649 1727 2736 1784 vel
2770 1727 3152 1784 sanctificatio
3185 1743 3293 1782 nec
3325 1730 3431 1792 est,
3463 1741 3560 1781 nec
3597 1739 3703 1780 esse
3766 1740 3833 1794 po-

506 1831 607 1883 aut
634 1825 903 1881 monachi
960 1825 1544 1881 anathematizentur.
1605 1827 1870 1895 putasne,
1944 1822 2146 1890 sentis,
2178 1855 2226 1920 B
2260 1821 2374 1872 test
2396 1817 2517 1872 sine
2545 1818 2762 1889 Spiritu
2801 1821 3025 1886 sancto,
3057 1817 3178 1872 imo
3206 1816 3338 1888 ipsa
3368 1819 3453 1870 est
3477 1813 3701 1886 Spiritus
3734 1828 3831 1866 san-

507 1914 853 1982 Simoniace,
880 1913 1121 1986 pallium
1148 1918 1315 1968 tuum
1351 1912 1566 1968 cmlesti
1614 1912 1721 1966 tibi
1770 1911 2008 1967 ﬂamine
2058 1911 2151 1966 de-

507 2020 767 2071 cussum,
816 2006 988 2073 teque
1034 2003 1259 2058 nudum
1310 2003 1418 2058 sub
1484 2000 1836 2056 hiemalibus
1891 2016 2145 2071 superno

507 2092 741 2148 fulmini
789 2090 1106 2147 relictum?
1153 2092 1412 2148 sentisne
1450 2095 1858 2146 sexcentorum
1905 2089 2146 2161 triginta

506 2182 743 2238 Patrum
761 2179 1085 2235 trabalibus
1107 2180 1237 2235 telis
1259 2179 1733 2250 confossus,quid
1756 2178 2146 2250 comparando

507 2267 960 2326 sollicitudinem
1005 2267 1093 2323 vel
1145 2267 1639 2339 dispensationem
1695 2267 2146 2323 ecclesiasticam

507 2356 727 2412 habeas
744 2354 941 2410 minus
964 2354 1103 2424 illis,
1134 2355 1443 2426 quiipsam
1486 2371 1716 2426 quoque
1759 2355 2148 2411 consecratio-

510 2459 644 2499 nem
668 2448 1085 2515 compararunt
1103 2443 1288 2498 ?Ecce
1316 2459 1653 2498 meonomus
1687 2460 1778 2498 res
1809 2443 2153 2499 ecclesiasti-

510 2547 607 2588 cas
630 2531 988 2602 dispensare,
1014 2547 1130 2586 non
1163 2536 1358 2587 autem
1389 2532 1710 2587 consecrari
1761 2533 1944 2603 pretio
1998 2549 2150 2603 quae-

508 2619 660 2688 sivit,
695 2636 884 2691 neque
915 2619 1069 2675 enim
1100 2636 1436 2675 (sconomus
1468 2624 1857 2687 consecratur,
1882 2625 1935 2675 et
1953 2624 2152 2675 tamen

509 2708 561 2764 si
593 2709 781 2780 pretio
813 2713 1204 2780 promovetur,
1268 2707 1650 2764 nihilominus
1711 2709 2148 2764 damnationem

509 2797 759 2853 incurrit
788 2814 963 2869 quam
996 2798 1305 2869 episcopus
1337 2801 1438 2852 aut
1470 2799 1772 2869 presbyter
1801 2798 1982 2870 pretio
2014 2815 2148 2871 pro-

509 2890 731 2942 motus.
763 2886 879 2941 Cur
907 2886 1036 2954 hoc,
1073 2886 1185 2941 nisi
1217 2887 1355 2957 quia
1385 2904 1499 2942 non
1531 2886 1723 2942 solum
1748 2887 1806 2941 in
1853 2887 2147 2955 maximis,

512 2975 612 3030 sed
639 2974 901 3030 etiamin
951 2975 1213 3030 minimis
1265 2975 1668 3032 ecclesiasticae
1723 2977 2150 3048 procurationis

513 3063 721 3120 officiis
750 3063 1000 3134 Spiritus
1041 3067 1280 3119 sanctus
1337 3069 1608 3135 operatur
1637 3065 1664 3118 ‘2
1715 3065 1876 3129 Quod
1935 3065 2152 3136 experi-

514 3155 710 3208 mento
743 3155 979 3208 noverat
1009 3151 1106 3207 ille
1138 3152 1507 3224 dispensator
1531 3152 1737 3219 fidelis,
1760 3153 1860 3224 qui
1883 3154 2111 3209 dicebat
2137 3169 2148 3207 :

2257 1910 2405 1975 ctus,
2437 1905 2596 1961 velut
2633 1906 2909 1979 quisquis
2952 1905 3186 1978 sapiens
3219 1904 3309 1960 vel
3345 1907 3534 1960 castus
3564 1905 3658 1970 est,
3685 1916 3830 1956 neces-

2259 2013 2320 2051 se
2350 2000 2440 2051 est
2471 1995 2824 2068 sapientiam
2853 1994 2944 2050 vel
2979 1995 3314 2050 castitatem
3343 1993 3402 2048 in
3433 2010 3493 2048 se
3519 1991 3711 2056 habeat,
3725 1989 3826 2060 quia

2259 2083 2494 2156 sapiens
2525 2084 2616 2140 vel
2647 2089 2848 2142 castus
2880 2088 2987 2140 est.
3015 2085 3216 2155 Itaque
3252 2086 3478 2140 constat
3507 2077 3834 2138 sanctiﬁcatio-

2261 2191 2393 2229 nem
2425 2173 2512 2228 vel
2539 2174 2940 2241 sanctitatem,
2990 2173 3224 2230 scilicet
3287 2172 3561 2244 Spiritum
3605 2171 3833 2234 sanctum,

2260 2263 2665 2329 sanctiﬁcatis,
2698 2262 2786 2318 vel
2819 2263 3046 2318 sanctis
3078 2263 3282 2328 rebus,
3316 2265 3418 2316 aut
3451 2257 3685 2332 personis
3728 2255 3837 2310 ines-

2261 2369 2342 2408 se.
2375 2353 2737 2424 Quapropter
2768 2351 3108 2424 quicunque
3159 2350 3518 2422 stipendium
3562 2346 3638 2402 vel
3681 2343 3838 2400 beneﬁ-

2260 2442 2416 2496 cium
2447 2440 2962 2497 ecclesiasticuum
3013 2441 3214 2496 vendit
3274 2445 3376 2496 aut
3429 2438 3580 2504 emit,
3620 2433 3838 2507 Spiritum

2260 2535 2530 2586 sanctum
2563 2529 2764 2602 procul
2791 2530 2972 2586 dubio
3002 2530 3205 2586 vendit
3236 2533 3342 2586 aut
3372 2527 3523 2595 emit,
3557 2541 3656 2581 non
3683 2526 3737 2578 ut
3777 2521 3839 2591 ip-

2260 2635 2322 2674 se
2349 2618 2599 2690 Spiritus
2632 2623 2874 2674 sanctus
2911 2620 2970 2673 in
3006 2635 3092 2689 re,
3126 2623 3230 2674 aut
3263 2635 3398 2674 cum
3429 2633 3486 2671 re
3524 2612 3726 2669 vendita
3767 2611 3840 2664 aut

2259 2711 2454 2778 empta
2487 2707 2800 2774 habeatur,
2837 2709 2940 2764 sed
2977 2712 3041 2763 ut
3075 2708 3148 2763 ab
3207 2723 3304 2778 ea,
3365 2721 3533 2778 quam
3587 2699 3840 2758 sanctiﬁca-

2261 2796 2380 2862 bat,
2414 2797 2681 2851 olleusus
2739 2797 3054 2868 eii'ugetur,
3119 2801 3174 2851 et
3215 2797 3292 2852 ab
3347 2791 3633 2850 immundo
3681 2786 3839 2860 spiritu

2262 2884 2576 2956 polluenda
2606 2885 2981 2957 pervadatur,
3010 2887 3184 2957 juxta
3230 2886 3387 2957 quod
3417 2901 3514 2956 per
3565 2875 3838 2936 Malachiam

2261 2973 2521 3030 dicitur:
2584 2998 2610 3023 ‹‹
2649 2974 3087 3030 Contaminavit
3143 2975 3340 3030 Judas
3399 2965 3840 3028 sanctiﬁcationem

2262 3063 2516 3132 Domini,
2552 3080 2731 3135 quam
2793 3063 2995 3119 dilexit
3054 3064 3320 3135 (Malach.
3382 3079 3443 3128 II,
3502 3059 3653 3128 11).»
3694 3053 3841 3122 Neque

2263 3152 2422 3208 enim
2453 3152 2840 3209 sanctificatio
2873 3152 3265 3208 contaminari
3298 3155 3502 3224 potest,
3533 3147 3622 3204 sed
3641 3146 3839 3209 metony-

525 3261 553 3290 «
585 3241 677 3296 Sic
709 3257 815 3296 nos
845 3240 1137 3296 existimet
1176 3223 1351 3296 homo
1384 3245 1451 3296 ut
1504 3223 1806 3297 ministros
1865 3241 2076 3297 Christi
2107 3245 2162 3296 et
2193 3223 2235 3290 C
2275 3241 2459 3298 micos
2492 3258 2594 3312 pro
2627 3258 2692 3296 eo
2717 3243 2872 3313 quod
2925 3243 3206 3309 continet,
3273 3223 3332 3297 id
3391 3239 3535 3310 quod
3582 3232 3842 3292 continetur

521 3328 951 3400 dispensatores
978 3329 1388 3401 mysteriorum
1421 3330 1520 3385 Dei
1558 3356 1570 3397 ;
1602 3331 1696 3384 hic
1720 3331 1846 3400 jam
1878 3332 2161 3402 quaeritur

519 3417 670 3472 inter
701 3417 1133 3488 dispensatores
1162 3418 1422 3473 utfidelis
1444 3419 1578 3489 quis
1610 3419 1940 3474 inveniatur
1963 3421 2010 3492 (Ι
2028 3421 2156 3476 Cor.

518 3521 592 3573 Iv,
629 3507 679 3572 1,
709 3508 785 3572 2).
814 3526 838 3553 ››
873 3505 1132 3576 Denique
1157 3507 1226 3560 de
1258 3506 1666 3578 spiritualibus
1698 3507 1902 3570 nolens
1924 3509 2152 3580 ignora-

515 3608 575 3648 re
605 3592 953 3660 Corinthios,
988 3593 1068 3648 ait
1103 3610 1115 3648 :
1165 3616 1192 3642 ‹‹
1226 3594 1550 3650 Divisiones
1609 3597 1930 3667 gratiarum
1991 3602 2152 3663 sunt,

511 3682 666 3738 idem
696 3686 899 3738 autem‘
943 3681 1234 3754 spiritus;
1296 3687 1352 3738 et
1398 3684 1712 3740 divisiones
1771 3685 2154 3741 ministratio-

511 3788 652 3827 num
675 3776 834 3839 sunt,
894 3771 1050 3828 idem
1099 3776 1295 3828 autem
1356 3773 1662 3843 Dominus,
1724 3778 1781 3829 et
1837 3774 2152 3830 divisiones

510 3862 912 3934 operationum
943 3865 1101 3928 sunt,
1136 3861 1290 3918 idem
1322 3879 1456 3918 vero
1508 3866 1660 3918 Deus
1719 3862 1818 3934 qui
1875 3866 2150 3935 operatur

508 3950 706 4005 omnia
733 3951 792 4005 in
825 3950 1098 4006 omnibus
1128 3954 1174 4018 (Ι
1204 3953 1322 4007 Cor.
1351 3969 1450 4018 xu,
1485 3952 1625 4021 4-6).
1661 3974 1688 4002 ››
1726 3953 1832 4016 Qui
1891 3969 2024 4007 mox
2053 3968 2149 4008 se-

507 4039 768 4093 cundum
802 4039 954 4109 quod
988 4039 1047 4092 in
1109 4041 1344 4094 tertium
1405 4039 1616 4095 coelum
1679 4045 1882 4112 raptus
1940 4057 2146 4096 novem

508 4125 828 4181 caelestium
860 4125 1163 4197 agminum
1217 4127 1449 4183 ordines
1507 4133 1904 4200 conspexerat,
1940 4145 2144 4185 novem

508 4230 738 4286 quoque
763 4215 1085 4286 gratiarum
1117 4214 1628 4272 distributionibus
1675 4218 1734 4272 in
1791 4218 1900 4274 hoc
1947 4223 2144 4274 nostro

506 4317 684 4375 regno
717 4302 1015 4369 ccelorum,
1048 4303 1104 4357 id
1138 4307 1227 4359 est
1255 4304 1313 4358 in
1374 4306 1643 4376 praesenti
1697 4305 1956 4362 Ecclesia
2002 4323 2143 4362 enu-

508 4392 767 4458 meratis,
791 4391 1096 4462 subjunxit
1129 4409 1141 4447 :
1190 4413 1219 4442 «
1249 4392 1377 4447 Haec
1409 4393 1605 4449 omnia
1657 4401 1931 4468 Operatur
1988 4413 2142 4452 unus

506 4497 572 4536 ac
604 4481 756 4536 idem
790 4479 1063 4553 Spiritus,
1095 4479 1358 4536 dividens
1395 4480 1666 4554 singulis,
1725 4488 1895 4555 prout
1941 4484 2066 4540 vult
2096 4485 2143 4556 (Ι

2271 3329 2654 3385 contaminari
2687 3329 2935 3385 dicitur:
2972 3331 3079 3385 Ubi
3149 3347 3242 3386 res
3293 3347 3360 3386 ea
3413 3342 3578 3400 quam
3621 3323 3840 3377 hactenus

2271 3419 2673 3474 sanctificabat
2703 3418 2955 3490 qualiter
2984 3419 3209 3474 dictum
3237 3423 3330 3475 est
3355 3413 3707 3474 contaminat.
3743 3407 3835 3462 Pro-

2269 3507 2486 3564 talibus
2549 3508 2813 3579 quandiu
2863 3525 2977 3563 non
3039 3508 3417 3580 resipuerint,
3477 3520 3574 3561 nec
3619 3496 3839 3556 orandum

2268 3600 2508 3652 sanctus
2556 3596 2949 3668 Hieronymus
3003 3613 3180 3668 super
3240 3596 3512 3653 eumdem
3567 3584 3840 3664 prophetam

2267 3684 2348 3740 sic
2380 3688 2574 3757 aperte
2625 3685 2923 3740 ostendit:
2987 3684 3193 3748 «Quia
3251 3685 3436 3758 igitur
3487 3683 3590 3737 hoc
3640 3671 3840 3732 fecerunt

2264 3772 2557 3845 prophetae
2589 3774 2660 3828 ad
2694 3790 2796 3829 eos
2815 3791 3006 3830 sermo
3039 3773 3340 3846 dirigitur,
3373 3776 3430 3828 et
3459 3789 3491 3827 a
3518 3767 3720 3843 peccato
3743 3773 3838 3815 ma-

2264 3861 2674 3917 ledictionibus
2728 3863 3124 3918 retrahuntur.
3188 3862 3307 3918 Nec
3367 3860 3550 3916 dixit:
3598 3847 3838 3913 Maledth

2260 3950 2542 4006 Dominus
2574 3951 2624 4006 ei
2661 3950 2760 4022 qui
2786 3951 2922 4007 fecit
2951 3951 3082 4015 hoc,
3117 3951 3217 4006 sed
3253 3951 3358 4022 qui
3391 3945 3601 4013 fecerit,
3629 3943 3680 3997 in
3720 3939 3835 3993 futu-

2260 4056 2390 4094 rum
2422 4040 2667 4096 tendens
2700 4040 3191 4109 maledictionem,
3227 4045 3297 4094 ut
3327 4040 3639 4112 peccatores
3663 4029 3720 4086 ad
3759 4039 3838 4096 Ρω-

2259 4129 2565 4184 nitentiam
2631 4133 3038 4200 provocentur.
3097 4130 3405 4185 Doctorem
3463 4123 3656 4196 inquit,
3705 4121 3836 4184 αιςυθ

2257 4217 2613 4288 discipulum
2650 4235 2663 4285 ;
2696 4217 2814 4273 sive
2844 4217 2940 4273 ille
2973 4218 3248 4274 sacerdos
3281 4218 3378 4285 sit,
3412 4217 3526 4272 sive
3554 4211 3836 4272 levites,una

2257 4305 2662 4362 maledictione
2693 4306 2995 4362 ferientur.
3030 4308 3100 4363 Et
3128 4308 3469 4363 offerentem
3519 4313 3710 4358 munus
3757 4295 3834 4344 DO-

2255 4394 2414 4448 mino
2445 4394 2825 4461 exercituum,
2859 4395 3210 4451 subauditur
3242 4411 3255 4448 :
3283 4391 3587 4466 Disperdat
3613 4380 3835 4466 Dominus

2253 4498 2408 4551 eum,
2435 4483 2534 4555 qui
2569 4498 2670 4555 pro
2704 4482 3046 4553 hujusmodi
3073 4463 3417 4538 hominibus
3442 4475 3668 4536 voluerit
3689 4469 3748 4526 ad
3774 4463 3834 4520 al-

507 4570 627 4660 σον.
661 4587 771 4660 x11,
799 4570 906 4640 H).
943 4592 971 4618 »
1026 4569 1097 4660 Et
1134 4569 1456 4660 considera
1494 4572 1648 4660 quod
1696 4573 2008 4644 Apostolus
2040 4574 2140 4645 qui
2172 4595 2220 4660 Β
2251 4575 2373 4628 tare
2405 4589 2622 4628 munus
2655 4573 2879 4640 offerre,
2913 4588 3166 4644 quorum
3209 4571 3405 4628 solum
3463 4563 3724 4625 remdium
3767 4556 3832 4608 est

502 4659 664 4732 prius
687 4658 797 4715 sub
827 4659 1081 4715 ternario
1104 4675 1345 4715 numero
1375 4659 1708 4732 spirituales
1738 4662 1956 4734 gratias
1986 4679 2141 4718 com-

500 4747 905 4820 prehenderat,
939 4763 1072 4802 mox
1102 4764 1199 4802 eas
1229 4748 1288 4802 in
1339 4749 1718 4804 novenarium
1775 4749 2003 4821 dilatat,
2067 4751 2142 4807 si-

501 4836 788 4909 gniﬁcans
819 4835 996 4906 quod,
1029 4835 1216 4892 instar
1244 4836 1423 4892 beatae
1451 4837 1775 4905 Trinitatis,
1827 4843 1942 4895 tres
2001 4843 2135 4895 tan-

499 4928 624 4980 tum
658 4923 1020 4980 diversitates
1050 4923 1354 4980 hominum
1385 4925 1445 4981 in
1476 4925 1654 4997 hujus
1723 4928 2006 4999 temporis
2033 4929 2136 4983 Ec-

500 5012 676 5069 clesia
731 5011 1119 5082 inveniantur,
1181 5013 1485 5069 doctorum
1535 5015 1775 5085 scilicet,
1835 5017 2136 5073 continen-

496 5101 640 5157 iium
673 5104 731 5157 et
759 5101 1225 5173 conjugatorum.
1260 5103 1392 5165 Quae
1419 5107 1614 5160 tamen
1645 5108 1783 5171 tres,
1816 5105 1866 5161 si
1911 5123 2012 5177 pro
2045 5105 2134 5161 of-

497 5191 763 5248 ﬁciorum
795 5190 1148 5255 diversitate,
1197 5190 1353 5246 velut
1409 5193 1806 5264 personaliter,
1867 5194 2133 5250 conside-

497 5285 719 5350 rentur,
751 5296 956 5336 novem
989 5278 1188 5350 procul
1220 5280 1398 5336 dubio
1431 5282 1489 5336 in
1521 5281 1628 5337 hac
1655 5282 1907 5339 Ecclesia
1944 5283 2134 5338 diver-

497 5369 700 5424 sitates
730 5368 1057 5437 hominum,
1083 5367 1334 5424 ccnlestis
1365 5369 1583 5424 militiae
1602 5370 1805 5436 instar,
1830 5372 2134 5442 reperiun-

493 5461 608 5523 tur,
643 5458 961 5512 secundum
991 5458 1140 5527 quod
1204 5458 1543 5513 venerabilis
1598 5464 1763 5514 Pater
1819 5459 2131 5532 Dionysius

493 5546 839 5617 Areopagita
865 5545 1159 5602 subtiliter
1188 5551 1244 5602 et
1275 5547 1630 5602 sufficienter
1662 5547 1721 5601 iu
1745 5547 1870 5604 suis
1903 5548 2132 5619 scriptis

494 5637 572 5690 De
601 5632 818 5691 cmlesti
845 5632 1168 5690 hierarchia
1200 5639 1528 5691 attestatur.

2250 4678 2363 4717 non
2397 4661 2584 4717 facere
2614 4677 2742 4732 quae
2773 4661 3054 4717 fecerunt.
3091 4682 3120 4711 »
3784 4729 3811 4736 __

2321 4752 2385 4806 In
2407 4767 2525 4823 qua
2546 4729 2745 4806 tamen
2777 4749 2930 4805 docti
2959 4750 3066 4806 viri
3099 4749 3304 4806 stricta
3363 4746 3592 4821 quidem
3641 4735 3725 4795 sed
3771 4729 3832 4784 di-

2251 4842 2452 4896 stricta
2485 4840 2798 4908 sententia,
2834 4840 3306 4896 animadvertant
3363 4836 3503 4911 quid
3560 4825 3831 4917 mereantlfr

2247 4929 2347 5000 qui
2377 4946 2468 4984 res
2499 4929 2616 4984 Deo
2649 4928 3044 4984 sanctificatas
3077 4928 3500 4990 contaminant,
3532 4923 3658 4976 dum
3683 4929 3741 4970 ex
3777 4905 3830 4962 ἱι·

2244 5017 2318 5073 lis
2337 5017 2448 5072 sibi
2469 5017 2857 5089 negotiantur.
2880 5017 2986 5072 Per
3014 5034 3269 5090 quorum
3291 5015 3583 5088 negotium
3612 5007 3670 5062 ﬁt
3691 5011 3826 5090 secti-

2246 5106 2367 5162 lare
2388 5087 2803 5177 quod‘sacrum
2826 5109 3001 5174 est,ut
3031 5087 3258 5163 beatus
3307 5087 3609 5176 Gregorius
3647 5087 3825 5179 edocet.

2247 5196 2407 5251 Unde
2423 5195 2560 5266 quia
2573 5194 3044 5266 sacralegunt,id
3062 5196 3454 5261 estfurantur,
3487 5185 3675 5244 merito
3696 5187 3827 5234 sacri-

2245 5285 2357 5357 legi
2373 5265 2668 5339 dicuntur.
2698 5265 2990 5339 Furantur
3013 5285 3170 5341 enim
3193 5265 3821 5357 sanctificatiouemﬁulIl

2243 5350 2748 5439 illam,subtractis
2769 5373 2942 5430 rebus
2957 5374 3043 5430 vel
3066 5374 3280 5430 invasis
3299 5387 3445 5444 quas
3458 5350 3820 5424 sanctiﬁcabat,

2243 5466 2404 5517 tanta
2428 5462 2629 5517 fraude
2650 5462 3005 5518 subtrahunt
3035 5468 3091 5518 et
3112 5461 3383 5518 auferunt
3403 5462 3486 5523 ut,
3509 5446 3822 5536 velutinceﬂ'

2244 5555 2341 5606 tus
2363 5550 2560 5617 homo,
2582 5550 2820 5615 furtum,
2841 5569 3050 5624 passus
3092 5553 3360 5610 affectent
3399 5564 3459 5604 se
3489 5531 3817 5624 ecclesiastica

2244 5639 2549 5695 atfectione
2589 5639 2815 5707 divites,
2841 5621 2988 5697 nihil
3033 5643 3163 5713 ejus
3185 5643 3308 5714 jam
3367 5632 3642 5694 habentes.
3695 5621 3814 5685 QUOS
