4106 6178
284 372 436 438 1145

858 372 1272 444 ADVERSUS
1320 374 1790 441 SIMONIACOS
1836 374 2043 441 LIBRI
2087 375 2311 440 TRES.
2347 410 2422 422 —
2453 373 2686 440 LIBER
2729 375 3090 440 TERTIUS.

3524 379 3678 446 “46

279 511 483 583 utique
512 507 826 583 sacrilegos
858 512 1161 578 cavendos,
1197 511 1308 583 (19)
1368 511 1526 580 Pius,
1588 509 1918 583 apostolicae
1950 513 2004 579 Α
2031 511 2120 568 vel
2151 528 2243 568 res
2273 511 2540 567 Ecclesiae
2562 508 2890 579 abstulerit,
2925 506 3298 585 sacrilegium
3324 512 3480 571 facit.
3515 512 3679 572 Unde

281 600 438 657 sedis
468 599 744 672 pontifex,
776 600 859 656 ita
888 601 1220 669 denuntiat,
1253 601 1454 656 dicens
1485 601 1665 672 (epist.
1693 604 1748 672 2)
1793 620 1804 656 :
1837 601 1920 655 Ab

279 713 309 741 «
344 689 621 745 omnibus
651 687 811 744 illius
841 690 1322 762 usurpationibus
1343 690 1696 745 contumelia
1727 689 1920 761 depel-

277 778 454 834 lenda
481 783 589 845 est,
625 793 697 832 ne
728 777 926 849 praelia
951 778 1062 834 sibi
1094 784 1448 834 secretorum
1479 779 1804 834 ccelestium
1829 778 1922 833 di-

279 871 410 923 cata
439 884 472 922 a
503 866 858 938 quibusdam
890 866 1250 922 irruentibus
1284 873 1582 923 vexentur.
1647 868 1810 932 Quod
1872 868 1920 922 si

277 956 414 1028 quis
445 955 1244 1029 praesumpserit,sacrilegus
1302 957 1608 1023 habeatur,
1665 961 1720 1011 et
1770 957 1925 1012 sicut

278 1041 946 1113 sacrilegusjudicetur.
983 1043 1145 1114 Ipsos
1187 1047 1384 1099 autem
1416 1046 1516 1116 qui
1549 1045 1658 1100 hoc
1717 1049 1918 1117 agunt,

279 1130 521 1188 clericos
552 1138 608 1185 et
635 1130 864 1185 Domini
893 1133 1222 1188 sacerdotes
1259 1134 1531 1205 persequi
1586 1150 1804 1206 eosque
1831 1135 1919 1189 in~

276 1221 502 1277 famare
531 1220 883 1286 audivimus,
918 1225 982 1276 ut
1028 1221 1252 1277 malum
1312 1240 1488 1294 super
1547 1224 1769 1278 malum
1827 1223 1924 1278 ad-

278 1310 439 1377 dant,
465 1313 522 1364 et
536 1308 850 1364 deteriores
875 1310 1036 1376 ﬁant,
1063 1327 1177 1366 non
1201 1311 1595 1384 intelligentes
1627 1314 1781 1384 quod
1819 1313 1921 1368 Ec-

277 1398 459 1455 clesia
478 1397 577 1454 Dei
600 1397 660 1452 in
682 1399 1085 1455 sacerdotibus
1107 1401 1682 1467 consistit,etcrescit
1704 1402 1762 1456 in
1782 1405 1925 1456 tem-

276 1488 443 1560 plum
465 1487 660 1543 Dei.Et
681 1487 833 1542 sicut
854 1488 953 1559 qui
975 1488 1280 1544 ecclesiam
1304 1491 1403 1545 Dei
1425 1493 1768 1562 vastat,ejus
1789 1508 1926 1562 prrs-

277 1576 457 1644 dia,et
477 1576 718 1631 donaria
739 1576 1023 1648 exspoliat
1044 1581 1100 1632 et
1121 1577 1438 1644 invadit,fit
1462 1579 1923 1652 sacrilegus,sic-

275 1682 395 1738 que
417 1666 517 1738 qui
540 1666 1019 1738 ejussacerdotes
1069 1666 1400 1739 insequitur
1445 1668 1733 1740 sacrilegii
1786 1685 1920 1724 reus

275 1753 492 1824 existit,
526 1759 582 1810 et
607 1753 929 1827 sacrilogus
949 1755 1271 1826 judicatur.
1293 1779 1312 1806 υ
1337 1757 1401 1811 Et
1423 1758 1627 1813 beatus
1646 1776 1796 1830 papa
1821 1759 1925 1814 Ur-

276 1844 470 1899 banus
489 1845 662 1915 (epist.
686 1860 743 1898 n.
766 1845 822 1915 2)
850 1860 862 1897 :
891 1865 918 1893 «
937 1844 1356 1900 Ecclesiastica:
1375 1863 1488 1913 res,
1539 1846 1752 1917 inquit,
1787 1847 1924 1901 ﬁde-

279 1931 428 1987 lium
457 1931 780 1988 oblationes
815 1932 1204 2004 appellantur,
1232 1935 1370 2004 quia
1386 1935 1631 1990 Domino
1674 1937 1926 1991 offerun-

276 2024 396 2076 tur.
419 2020 543 2076 Non
567 2037 704 2092 ergo
727 2021 786 2075 in
818 2020 952 2076 aliis
975 2021 1183 2077 usibus
1219 2039 1394 2094 quam
1413 2023 1848 2090 ecclesiasticis,
1873 2028 1931 2079 et

276 2109 528 2164 fratrum
560 2108 1028 2164 Christianorum
1062 2126 1437 2166 communem
1489 2113 1671 2166 vitam
1723 2113 1930 2184 degere

275 2197 619 2268 volentium,
644 2196 731 2253 vel
765 2198 1156 2271 indigentium
1181 2201 1457 2266 converti,
1475 2199 1613 2270 quia
1643 2205 1773 2256 vota
1794 2205 1934 2255 sunt

279 2287 564 2356 ﬁdelium,
587 2291 644 2343 et
673 2286 858 2358 pretia
879 2292 1272 2358 peccatorum,
1296 2297 1470 2360 atque
1491 2289 1563 2343 ad
1585 2289 1930 2360 praedictum

273 2394 429 2450 opus
448 2375 802 2448 explendum
824 2376 1072 2432 Domino
1117 2376 1362 2431 traditae.
1400 2376 1459 2432 Si
1519 2377 1651 2448 quis
1711 2381 1929 2433 autem.

273 2465 436 2538 quod
466 2464 655 2520 absitl
683 2481 853 2520 secus
883 2465 1085 2537 egerit,
1134 2466 1327 2521 videat
1359 2481 1430 2521 ne
1489 2467 1929 2523 damnationem

272 2554 516 2610 Ananiae
547 2557 604 2610 et
625 2553 885 2626 Saphirze
916 2554 1216 2627 percipiat,
1249 2559 1305 2610 et
1327 2571 1464 2610 reus
1523 2555 1812 2629 sacrilegii
1844 2557 1926 2611 ef-

275 2644 531 2711 ﬁciatur,
563 2642 717 2698 sicut
748 2647 805 2698 et
837 2643 922 2698 illi
954 2644 1054 2715 qui
1087 2643 1497 2714 praedictarum
1551 2662 1747 2700 rerum
1798 2661 1926 2716 pre-

275 2733 429 2789 tium
462 2732 940 2788 fraudaverunt.»
965 2734 1035 2787 Et
1058 2737 1190 2804 post
1212 2750 1398 2805 pauca
1424 2751 1436 2788 :
1471 2757 1490 2782 α
1521 2734 1674 2801 Haec,
1700 2734 1929 2802 fratres,

274 2821 447 2878 valde
477 2823 729 2877 cavenda
760 2825 900 2876 sunt
925 2825 983 2877 et
1013 2821 1294 2888 timenda,
1337 2822 1472 2893 quia
1523 2840 1614 2878 res
1673 2823 1929 2879 ecclesiae

277 2928 398 2968 non
430 2910 600 2982 quasi
626 2910 893 2983 propria,
927 2912 1028 2966 sed
1059 2915 1126 2966 ut
1156 2928 1527 2978 communes,
1574 2916 1630 2966 et
1684 2913 1932 2968 Domino

284 3001 495 3058 oblatae
527 3016 660 3055 cum
693 3016 927 3055 summo
959 3001 1170 3056 timore
1202 3018 1316 3055 non
1351 3001 1408 3055 in
1462 3001 1628 3066 alios,
1663 3018 1841 3073 quam
1873 3002 1930 3056 in

283 3090 558 3162 praefatos
581 3106 724 3144 usus
760 3093 899 3144 sunt
929 3089 1175 3144 fideliter
1205 3090 1634 3160 dispensanda),
1663 3106 1734 3145 ne
1762 3089 1935 3144 sacri-

281 3179 421 3250 legii
445 3182 672 3233 reatum
696 3177 1000 3233 incurrant
1021 3178 1120 3249 qui
1157 3195 1254 3233 eas
1286 3178 1421 3232 inde
1453 3178 1808 3233 abstrahunt
1833 3178 1932 3232 ubi

2032 605 2090 656 et
2117 601 2304 656 Judas
2327 601 2426 672 qui
2457 602 2770 673 pecuniam
2799 601 3243 674 fraudavit,quze
3274 603 3478 659 usibus
3499 604 3677 660 eccle-

2031 689 2133 745 sia:
2154 689 2210 743 id
2236 706 2322 757 est
2347 690 2732 761 pauperibus,
2769 707 2915 762 quos
2936 690 3190 746 Ecclesia
3221 709 3458 763 pascere
3489 694 3678 759 debet,

2031 777 2646 849 destinabatur,jussu
2667 779 3004 848 Salvatoris,
3028 781 3197 852 cujus
3219 781 3474 853 episcopi
3497 783 3679 838 vicem

2031 870 2249 934 tenent,
2281 884 2392 921 non
2418 869 2608 923 solum
2632 870 2722 922 fur
2744 873 2800 924 et
2818 869 3138 941 sacrilegus
3187 870 3428 925 effectus
3460 875 3565 927 est.
3602 871 3681 926 De

2031 955 2248 1010 talibus
2270 957 2447 1023 enim,
2472 956 2528 1011 id
2553 961 2640 1012 est
2665 958 2763 1028 qui
2788 957 3091 1013 facultates
3107 957 3372 1013 Ecclesiae
3423 961 3678 1032 rapiunt,

2032 1045 2326 1109 fraudant,
2349 1045 2436 1100 vel
2470 1047 2762 1113 auferunt,
2795 1047 3080 1102 Dominus
3105 1047 3476 1102 comminans
3499 1049 3683 1104 omni-

2032 1134 2143 1189 bus
2166 1149 2268 1205 per
2291 1133 2635 1206 Prophetam
2661 1135 2941 1207 loquitur,
2966 1136 3166 1191 dicens
3197 1153 3208 1190 :
3265 1158 3291 1186 ‹‹
3316 1136 3492 1202 Deus,
3548 1137 3680 1208 quis

2032 1223 2244 1278 similis
2263 1222 2372 1277 erit
2391 1223 2496 1278 tibi
2520 1225 2546 1277 ‘?
2567 1241 2636 1280 ne
2652 1227 3061 1296 taceas,neque
3081 1225 3676 1296 compescaris,Deus.

2033 1312 2316 1376 Quoniam
2341 1329 2470 1368 ecce
2492 1313 2715 1368 inimici
2740 1314 2825 1368 tui
2847 1318 3192 1382 sonuerunt,
3210 1318 3267 1369 et
3291 1315 3391 1386 qui
3434 1316 3683 1386 oderunt

2032 1404 2090 1456 te
2110 1401 2442 1456 extulerunt
2475 1407 2670 1474 caput,
2699 1424 2724 1450 ››
2749 1407 2884 1467 etc.,
2921 1403 3187 1473 usquein
3247 1404 3424 1458 finem
3472 1404 3681 1475 psalmi

2036 1490 2204 1562 (Psal.
2230 1508 2438 1557 Lxxxn,
2459 1490 2534 1561 2).
2563 1493 2687 1545 llaec
2718 1491 2841 1546 ﬁeri
2869 1491 3184 1563 prephetae,
3230 1492 3353 1547 haec
3413 1491 3679 1563 apostoli,

2033 1579 2156 1634 hac
2189 1597 2525 1636 sucessores
2556 1597 2759 1635 eorum
2793 1580 3059 1636 omnium
3101 1580 3522 1637 catholicorum
3579 1582 3683 1636 Pa-

2033 1671 2192 1722 trum
2222 1672 2419 1723 vetant
2442 1669 2692 1735 decreta,
2714 1674 2768 1723 et
2802 1669 2947 1724 tales
2973 1670 3459 1741 praesumptiones
3507 1670 3683 1726 sacri-

2035 1755 2187 1828 legia
2207 1773 2336 1810 esse
2367 1756 2714 1826 dijudicant.
2752 1758 3011 1820 Quorum
3036 1773 3142 1811 nos
3173 1761 3686 1828 sequentcsexem-

2037 1845 2152 1916 pla,
2176 1861 2378 1900 omnes
2411 1845 2557 1900 tales
2589 1851 3064 1918 praesumptores,
3095 1846 3363 1902 Ecclesiae
3425 1851 3686 1918 raptores

2039 1937 2213 2005 atque
2226 1951 2468 1989 suarum
2487 1933 2852 2006 voluptatum
2878 1934 3249 2001 alienatores,
3266 1952 3383 1990 una
3403 1935 3686 2006 vobisque

2040 2039 2073 2078 a
2103 2021 2406 2078 liminibus
2428 2029 2640 2078 sanctae
2666 2024 2870 2079 matris
2889 2022 3682 2090 Ecclesim,anathematizan-

2040 2113 2145 2167 dos
2168 2112 2486 2184 apostolica
2521 2112 2884 2180 auctoritate,
2935 2111 3298 2184 repellimus,
3334 2116 3390 2167 et
3438 2113 3684 2168 damna-

2040 2217 2194 2268 mus,
2220 2207 2391 2273 atque
2413 2201 2725 2274 sacrilegos
2744 2201 3323 2272 essejudicamus.Et
3345 2218 3461 2256 non
3485 2201 3676 2257 solum

2040 2306 2158 2357 eos,
2183 2292 2282 2346 sed
2308 2307 2513 2346 omnes
2533 2291 2964 2347 consentientes
2981 2290 3088 2357 eis,
3113 2291 3253 2362 quia
3286 2307 3398 2346 non
3446 2291 3545 2362 qui
3594 2291 3682 2346 fa-

2040 2379 2202 2434 ciunt
2222 2380 2682 2450 reijudicantur,
2709 2381 2808 2434 sed
2832 2380 3009 2436 etiam
3045 2379 3142 2452 qui
3175 2379 3527 2435 facientibus
3550 2396 3686 2435 con-

2041 2468 2307 2524 sentiunt
2331 2469 2503 2540 (Rom.
2531 2487 2568 2536 ι,
2592 2469 2704 2536 32).
2730 2470 2839 2523 Par
2860 2468 3016 2524 enim
3043 2485 3233 2539 poena,
3268 2473 3323 2523 et
3343 2473 3584 2541 agentes
3632 2471 3690 2524 et

2042 2558 2478 2613 consentientes
2500 2557 2905 2629 apprehendit.
2937 2579 2964 2606 ››
2996 2557 3076 2612 De
3100 2557 3315 2628 quibus
3347 2558 3522 2613 etiam
3553 2557 3686 2612 bea-

2039 2650 2137 2701 tus
2157 2646 2488 2717 Stephanus
2512 2663 2662 2717 papa
2686 2649 2741 2700 et
2763 2651 2984 2717 martyr
3033 2647 3114 2699 ait
3142 2663 3154 2700 :
3209 2668 3236 2694 «
3260 2646 3509 2700 Infames
3559 2662 3688 2701 esse

2042 2751 2140 2790 eas
2161 2751 2442 2805 personas
2464 2735 2740 2802 dicimus,
2766 2752 2888 2804 qua:
2921 2751 3023 2805 pro
3047 2733 3243 2805 aliqua
3276 2732 3449 2805 culpa
3480 2738 3683 2788 notan-

2040 2823 2414 2889 turinfamia,
2441 2823 2491 2877 id
2518 2827 2607 2878 est
2649 2840 2775 2894 quae
2807 2822 3148 2878 Christianae
3209 2821 3358 2894 legis
3416 2838 3684 2877 normam

2043 2912 2326 2980 abjiciunt
2347 2916 2402 2966 et
2434 2915 2652 2966 statuta
2710 2911 3106 2966 ecclesiastica
3161 2914 3564 2965 contemnunt.
3598 2911 3686 2966 Si-

2044 2999 2258 3054 militer
2288 3001 2465 3067 fures,
2501 2999 2834 3072 sacrilegos,
2871 3005 2926 3055 et
2957 3016 3160 3055 omnes
3193 2999 3542 3072 capitalibus
3570 3000 3684 3055 cri-

2043 3089 2305 3144 minibus
2327 3089 2603 3155 irretitos,
2632 3113 2657 3136 ››
2682 3095 2791 3145 etc.
2819 3090 2999 3159 Idem,
3029 3090 3180 3144 unde
3210 3106 3424 3160 supra:
3455 3112 3481 3139 «
3506 3089 3687 3154 Quid-

2043 3178 2184 3248 quid
2208 3179 2264 3232 in
2290 3179 2473 3233 sacris
2505 3179 2596 3232 Dei
2624 3180 2797 3233 rebus
2821 3183 2878 3233 et
2899 3178 3190 3250 episcopis
3212 3179 3430 3248 injuste
3470 3178 3684 3250 agitur,

281 3267 513 3322 traditae
535 3271 690 3334 sunt,
716 3268 947 3339 etquod
979 3269 1148 3339 pejus
1179 3273 1266 3322 est
1291 3267 1602 3323 anathema
1660 3285 1927 3323 marana-
1960 3251 2002 3317 C
2043 3283 2145 3338 pro
2176 3267 2479 3338 sacrilegio
2504 3267 2887 3338 reputabitur,
2924 3266 3060 3339 quia
3090 3283 3254 3322 sacra
3285 3271 3423 3322 sunt
3453 3271 3509 3322 et
3563 3267 3689 3322 vio-

277 3355 386 3411 tha
409 3357 574 3423 fiant,
598 3355 718 3411 etsi
742 3373 858 3411 non
893 3360 1238 3428 corpore,ut
1283 3356 1511 3412 Anania
1561 3360 1616 3410 et
1673 3357 1924 3429 Saphira

279 3446 563 3516 fecerunt,
587 3445 689 3517 qui
714 3445 928 3500 mortui
951 3445 1287 3501 ceciderunt
1309 3446 1440 3516 (Act.
1465 3446 1518 3516 v)
1556 3463 1568 3512 ;
1604 3445 1801 3500 anima
1830 3449 1926 3501 ta-

279 3552 415 3591 men
429 3551 554 3606 quze
577 3533 769 3607 potior
786 3537 875 3590 est
896 3551 1134 3606 corpore
1156 3539 1389 3590 mortua
1410 3534 1666 3590 alienata
1696 3552 1730 3589 a
1788 3551 1924 3590 con-

277 3623 460 3681 sortio
486 3623 748 3680 ﬁdelium
772 3624 964 3692 cadat,
989 3627 1045 3680 et
1065 3623 1124 3677 in
1148 3624 1505 3694 profundum
1548 3623 1808 3679 barathri
1841 3623 1924 3679 la-

276 3714 473 3769 batur.
497 3713 614 3768 Hoc
634 3713 792 3768 enim
825 3713 872 3768 si
905 3712 1039 3785 quis
1071 3713 1290 3782 fecerit,
1324 3716 1457 3785 post
1487 3712 1692 3768 debitae
1751 3713 1924 3768 ultio-

179 3807 190 3813 “
275 3803 372 3858 nis
401 3801 804 3871 acrimoniam,
829 3819 955 3874 quae
985 3817 1124 3874 erga
1153 3801 1467 3873 sacrilegos
1489 3803 1623 3873 jure
1660 3819 1925 3874 promen-

274 3893 352 3948 da
380 3895 493 3962 est,
523 3896 804 3964 perpetua
833 3891 1146 3946 damnatur
1176 3891 1437 3959 infamia,
1473 3895 1529 3946 et
1548 3891 1764 3947 carceri
1805 3896 1924 3947 tra-

276 3981 461 4050 ditur,
494 3980 678 4036 autin
709 3979 911 4036 exsilio
943 3983 1236 4053 perpetuae
1269 3980 1691 4052 deportationis
1735 3981 1924 4035 trudi-

273 4075 408 4139 tur;
434 4069 737 4142 quoniam,
761 4071 932 4140 juxta
960 4069 1328 4142 Apostolum,
1362 4070 1512 4124 tradi
1545 4073 1772 4141 oportet
1819 4069 1924 4124 hu-

260 4159 534 4232 jusmodi
565 4159 862 4215 hominem
895 4160 1142 4227 Satanae,
1171 4162 1234 4213 ut
1264 4158 1508 4230 spiritus
1533 4158 1730 4214 salvus
1762 4158 1837 4214 sit
1859 4159 1919 4213 in
1972 4160 1979 4167 ’

269 4250 368 4306 die
400 4247 630 4304 Domini
663 4250 708 4321 (ι
736 4249 856 4304 Cor.
889 4266 942 4314 v,
974 4250 1052 4320 5).
1091 4271 1118 4298 ››

344 4336 560 4392 Beatus
590 4352 824 4409 quoque
856 4335 1070 4391 Lucius
1103 4352 1254 4407 papa
1310 4335 1395 4390 sic
1452 4338 1629 4407 (epist.
1694 4354 1752 4391 n.
1811 4338 1866 4408 6)
1903 4353 1915 4390 :

266 4449 298 4477 ‹‹
330 4425 445 4481 Res
475 4424 855 4481 ecclesiarum
885 4428 1234 4489 vestrarum,
1293 4425 1504 4497 inquit,
1563 4429 1620 4480 et
1668 4425 1920 4481 oblatio-

265 4530 374 4571 nes
406 4514 692 4585 ﬁdelium,
726 4531 905 4586 quam
935 4514 1278 4586 significatis
1335 4531 1368 4568 a
1423 4514 1779 4586 quibusdam
1841 4514 1919 4568 ir-

2037 3354 2143 3409 lari
2168 3372 2202 3410 a
2229 3371 2526 3426 quoquam
2552 3372 2666 3410 non
2689 3354 2957 3410 habent.»
2983 3355 3140 3410 Idem
3169 3371 3226 3409 :«
3255 3353 3460 3421 Laicis,
3486 3370 3689 3424 quam-

2039 3443 2294 3517 religiosi
2318 3444 2455 3513 sint,
2481 3443 2643 3499 nulla
2664 3448 2859 3499 tamen
2893 3445 2963 3499 de
2995 3442 3410 3499 ecclesiasticis
3446 3442 3691 3498 faculta-

2037 3532 2197 3587 tibus
2229 3532 2452 3605 aliquid
2477 3533 2828 3606 disponendi
2858 3531 3073 3606 legitur
3106 3549 3373 3605 unquam
3407 3532 3690 3588 attributa

2039 3621 2308 3677 facultas.
2339 3644 2365 3670 »

2705 3729 2936 3784 CAPUT
2980 3733 3028 3782 V

2038 3820 2284 3887 Qualiter
2313 3820 2617 3874 Simoniaci
2658 3833 2755 3872 suo
2793 3818 3008 3886 negotio
3040 3819 3352 3886 expugnent
3397 3817 3688 3871 Ecclesium

2106 3893 2224 3955 Dei,
2257 3895 2310 3945 et
2339 3890 2481 3961 quod
2505 3905 2687 3945 omnes
2708 3904 2845 3958 pene
2874 3891 2924 3943 et
2954 3889 3084 3942 laici
3115 3896 3167 3942 et
3191 3887 3379 3942 clerici
3428 3893 3684 3959 quaerant

2106 3964 2171 4017 de
2200 3963 2442 4017 Ecclesia
2471 3962 2671 4030 iugiter
2690 3961 2978 4027 negotiari.

2110 4067 2227 4123 Illis
2257 4083 2396 4123 sane
2426 4067 2732 4120 beatorum
2765 4065 3112 4136 pontificum
3143 4069 3199 4121 et
3229 4070 3552 4139 martyrum
3585 4066 3686 4124 de-

2033 4155 2347 4213 cretalibus
2371 4154 2700 4223 sententiis,
2729 4170 3050 4227 eorumque
3075 4154 3361 4228 sanguine
3393 4157 3684 4228 subscrip-

2031 4245 2126 4315 tis,
2152 4245 2271 4301 sole
2293 4243 2508 4299 clarius
2533 4248 2939 4299 monstrantur
2969 4244 3287 4313 invasores,
3311 4245 3397 4301 vel
3429 4250 3680 4301 vastato-

2032 4351 2124 4392 res
2147 4352 2341 4391 rerum
2365 4333 2894 4390 ecclesiasticarum
2917 4333 3186 4401 infames,
3229 4334 3410 4401 fures,
3446 4333 3683 4390 sacrile-

2031 4425 2109 4498 gi,
2136 4424 2440 4479 homicidae
2464 4439 2716 4495 quoque,
2742 4427 2798 4478 et
2827 4423 3316 4479 excommunicati
3350 4426 3406 4476 et
3464 4438 3674 4494 perpe-

2028 4519 2128 4571 tuo
2147 4513 2361 4569 carceri
2381 4517 2481 4568 aut
2501 4512 2703 4569 exsilio
2721 4513 3166 4568 tradendi.Eant
3177 4527 3313 4582 ergo
3337 4510 3672 4582 hypocriten,

264 4604 580 4660 ruentibus
604 4604 820 4671 vexari,
853 4603 1136 4674 vobisque
1178 4610 1231 4658 et
1263 4603 1521 4658 ecclesiis
1580 4604 1788 4659 vestris
1820 4620 1918 4659 au-
1949 4620 1994 4685 D
2028 4608 2084 4660 et
2107 4603 2478 4675 impudenter
2499 4603 2858 4658 contendant
2907 4618 2968 4657 se
3015 4617 3130 4654 non
3172 4599 3673 4655 consecrationem

262 4691 429 4761 ferri,
461 4692 863 4748 indubitanter
893 4691 1218 4747 maximum
1249 4695 1338 4747 est
1383 4695 1709 4763 peccatum,
1767 4695 1914 4747 teste

265 4781 594 4854 Scriptura,
627 4799 755 4854 quae
786 4781 867 4836 ait
898 4797 911 4837 :
947 4781 1055 4846 Qui
1078 4780 1388 4837 abstulerit
1407 4781 1629 4853 aliquid
1654 4781 1804 4854 patri
1829 4781 1914 4835 vel

264 4869 466 4937 matri,
499 4874 556 4926 et
585 4871 728 4926 dicit
765 4871 874 4926 hoc
905 4887 1018 4926 non
1073 4875 1161 4926 est
1220 4875 1551 4942 peccatum,
1610 4869 1914 4936 homicidae

263 4959 563 5034 particeps
593 4964 701 5017 est.
735 4961 904 5017 Pater
933 4976 1068 5033 ergo
1097 4963 1294 5015 noster
1341 4959 1466 5016 sine
1525 4960 1702 5016 dubio
1767 4965 1916 5015 Deus

263 5053 378 5118 est,
414 5049 514 5122 qui
545 5067 653 5106 nos
683 5050 915 5117 creavit,
949 5053 1006 5105 et
1037 5053 1221 5104 mater
1242 5053 1444 5104 nostra
1464 5048 1757 5104 Eccclesia
1787 5065 1915 5120 quae

266 5155 378 5195 nos
405 5138 466 5194 in
489 5139 783 5212 baptismo
810 5138 1193 5212 spiritualiter
1223 5138 1539 5210 generavit.
1565 5139 1634 5193 Et
1664 5139 1792 5193 ideo
1815 5137 1915 5208 qui

263 5227 483 5282 Christi
514 5227 794 5300 pecunias
838 5231 895 5282 et
949 5225 1218 5282 Ecclesiae
1277 5227 1484 5294 aufert,
1545 5227 1800 5293 fraudat,
1860 5229 1918 5280 et

262 5317 438 5389 rapit.
471 5316 770 5373 homicida
801 5317 860 5371 in
891 5320 1206 5388 conspectu
1229 5317 1381 5388 justi
1404 5316 1630 5372 Judicis
1655 5333 1784 5371 esse
1827 5331 1915 5370 re-

260 5406 590 5479 putabitur.
619 5407 780 5462 Unde
801 5405 1086 5478 scriptum
1110 5409 1199 5461 est
1223 5422 1236 5461 :
1287 5407 1392 5470 Qui
1412 5406 1564 5478 rapit
1605 5405 1915 5478 pecuniam

260 5494 518 5568 proximi
541 5495 632 5552 sui
663 5495 1032 5568 iniquitatem
1052 5495 1207 5551 facit.
1244 5495 1350 5559 Qui
1384 5499 1579 5551 autem
1637 5493 1916 5567 pecunias

2027 4691 2502 4757 ecclesiasticam,
2525 4692 2626 4747 sed
2652 4706 2744 4745 res
2765 4689 3034 4745 Ecclesiae
3080 4704 3476 4759 comparasse.
3507 4689 3574 4743 Et
3610 4705 3682 4744 ne

2027 4783 2171 4838 forte
2194 4780 2385 4836 adhuc
2403 4797 2464 4835 se
2487 4779 2727 4852 palliare
2765 4778 3048 4844 laborent,
3084 4777 3398 4834 asserendo
3446 4794 3508 4834 se
3563 4795 3677 4834 non

2024 4871 2286 4936 irruisse,
2313 4885 2416 4924 nec
2441 4869 2746 4936 invasisse,
2782 4884 2968 4939 neque
2989 4885 3229 4924 vexasse
3263 4886 3354 4926 res
3405 4870 3677 4927 ecclesia-

2027 4960 2224 5026 sticas,
2249 4957 2478 5013 discant
2499 4956 2698 5011 omnia
2720 4957 2840 5012 haec
2865 4975 2926 5014 se
2949 4958 3137 5014 facere
3162 4964 3263 5015 aut
3313 4960 3542 5025 fecisse,
3575 4959 3676 5016 ubi

2027 5048 2460 5104 immunitatem
2483 5061 2682 5100 earum
2706 5051 2762 5101 et
2783 5047 3086 5120 privilegia
3111 5065 3143 5102 a
3159 5049 3379 5104 sanctis
3405 5049 3677 5104 Patribus

2026 5139 2400 5193 corroborata
2429 5152 2533 5190 suo
2567 5135 2751 5206 pretio
2778 5135 3208 5208 irrumpunt,et
3233 5153 3409 5192 usum
3443 5135 3678 5191 illarum

2025 5225 2440 5282 ecclesiasticis
2471 5225 2759 5296 personis,
2784 5228 2840 5279 et
2864 5225 3224 5298 pauperibus
3246 5225 3510 5280 debitum
3536 5241 3676 5296 prae-

2026 5319 2273 5372 sumunt
2303 5314 2413 5368 sibi
2444 5317 2544 5368 aut
2574 5317 3090 5385 praesuu'ipserunt.
3127 5313 3273 5367 Nam
3305 5317 3368 5368 ut
3414 5311 3670 5369 latrones

2027 5403 2150 5460 suis
2173 5403 2325 5468 telis,
2350 5403 2579 5457 etfures
2604 5400 2775 5456 scalis
2801 5400 2885 5456 vel
2908 5400 3270 5472 quibuslibet
3302 5400 3590 5456 machinis
3612 5403 3672 5457 in

2027 5491 2171 5548 alias
2193 5491 2343 5546 (edes
2366 5490 2617 5558 irruunt,
2642 5494 2698 5545 et
2730 5490 2882 5562 quod
2907 5489 3079 5545 alieni
3119 5488 3274 5560 juris
3306 5494 3414 5558 est,
3465 5495 3566 5546 aut
3618 5491 3671 5545 vi

329 5602 448 5675 (19)
469 5602 700 5660 HaecPii
722 5621 882 5677 papae
908 5604 929 5660 Ι
953 5604 1033 5660 uti
1057 5608 1114 5660 et
1134 5608 1444 5674 sequentes
1469 5602 1707 5669 Urbani,
1743 5599 1904 5657 Lucii
1945 5604 2000 5656 et
2021 5597 2300 5672 Stephani
2327 5597 2584 5670 epistolae
2627 5601 2767 5657 sunt
2806 5597 3119 5670 suppositae
3160 5595 3231 5652 ab
3273 5596 3495 5654 Isidoro
3521 5598 3672 5657 Mer-

263 5678 483 5734 catore.
