4106 6178
514 287 670 354 m7
1204 238 1214 247 ’
1601 281 2019 354 eumenen
2062 281 2125 347 s.
2170 279 2245 347 η.
2290 279 2362 346 E.
2409 280 2904 369 CABDINALIS.
3074 274 3081 277 ‘
3692 289 3812 356 ius

512 428 614 483 aut
642 420 775 482 dolo
798 420 910 482 sibi
928 419 1213 497 diripiunt
1236 438 1250 492 ;
1277 418 1359 479 sic
1383 414 1535 478 etilli
1560 435 1671 478 sua
1721 415 1990 493 pecunia,
2020 420 2152 476 tan-
2182 414 2231 487 Α
2266 418 2389 474 tam
2414 412 2857 475 malefactorum
2880 412 3231 493 laudemque
3250 414 3515 477 bonorum
3563 426 3814 496 procurant

510 532 689 589 quam
721 512 844 571 suis
878 511 1013 570 telis
1053 517 1110 570 et
1142 510 1453 578 machinis,
1491 509 1767 567 ecclesias
1813 508 1915 565 Dei
1963 508 2155 582 impu-
2265 507 2314 580 (Ι
2342 509 2491 564 Pelr.
2525 523 2588 576 II,
2623 506 2735 578 44).

507 610 689 673 gnant
710 610 765 661 et
785 598 1139 677 expugnant,
1182 600 1413 674 etquod
1466 598 1699 655 familiae
1743 598 2149 655 ecclesiaslicm
2335 599 2403 653 Et
2433 614 2465 654 ο
2496 596 2744 664 utinam,
2779 596 2852 653 ab
2877 596 2987 653 hoc
3017 613 3122 654 suo
3153 597 3339 654 officio
3368 598 3448 654 sic
3476 599 3725 674 frigerent,
3743 608 3817 660 aut

507 695 826 750 debebatur
858 692 968 749 sibi
1020 691 1340 746 vindicant.
1390 689 1550 753 Quod
1599 688 1648 744 si
1692 688 1825 760 quis
1873 686 2154 744 scelestus
2261 685 2610 759 inteperent,
2646 690 2711 741 ut
2739 687 2809 741 ad
2851 684 3107 741 alienum
3153 686 3575 759 praecipiendum
3619 707 3711 745 non
3752 691 3813 747 in-

506 799 784 854 sponsam
806 780 1046 836 alterius
1065 778 1313 852 pecunia
1334 776 1709 849 iniquissimo
1732 780 1788 831 et
1813 775 2152 831 avarissimo
2261 775 2519 831 calerent
2549 779 2647 830 aut
2668 772 3012 830 aestuarentl
3033 775 3200 841 Nam,
3234 775 3421 832 relicto
3451 776 3659 832 militari
3684 795 3815 852 nego-

503 871 678 927 tutori
705 869 864 925 illius
886 871 1022 924 data
1042 867 1456 940 autprorrissa
1487 865 1786 921 invaderet
1808 881 1941 920 cum
1992 864 2151 919 omni
2258 864 2340 919 tio
2364 881 2479 936 quo
2501 863 2922 936 rempublicam
2953 868 3009 919 et
3040 863 3290 935 patriam
3322 865 3460 919 tueri
3479 865 3815 925 debuerantab

504 958 850 1032 supellectili
872 958 999 1029 ejus
1027 975 1039 1026 ;
1068 973 1263 1012 nonne
1296 954 1603 1028 pecuniam
1634 953 1883 1021 illam,et
1906 971 2010 1009 sua
2030 969 2151 1008 om-
2257 953 2511 1009 externis
2534 953 2894 1019 incursibus,
2919 952 3031 1008 sibi
3055 952 3249 1009 relicto
3307 969 3527 1025 quoque
3563 955 3814 1025 judiciario

503 1049 603 1104 nia
624 1049 697 1103 im
709 1063 1001 1121 pugnasse
1024 1052 1076 1101 et
1098 1060 1466 1118 expugnasse
1501 1043 1782 1098 veraciter
1836 1042 2145 1108 diceretur,
2256 1040 2451 1114 legum
2476 1058 2716 1097 suarum
2741 1046 2939 1097 tenore
2960 1046 3016 1097 et
3040 1046 3280 1109 terrore,
3303 1042 3505 1113 quibus
3548 1044 3813 1114 praevarica-

501 1141 560 1194 et
574 1140 734 1209 juste
756 1136 1195 1193 convinceretur
1216 1133 1243 1187 ?
1259 1133 1440 1203 Cujus
1464 1129 1941 1203 praesumptionis
1998 1147 2148 1186 noxa
2256 1134 2412 1187 tores
2433 1130 2636 1186 divinae
2651 1131 2895 1200 justitize
2920 1135 2978 1186 ct
3004 1130 3275 1186 humanae
3297 1130 3581 1203 prohibere
3600 1132 3660 1186 ab
3674 1130 3815 1188 inter-

499 1226 684 1282 sacris
706 1225 1027 1281 eanonibus
1049 1219 1654 1277 excommunicatione
1677 1236 1864 1289 usque
1889 1220 1956 1274 ad
1985 1235 2141 1274 mor-
2255 1219 2350 1274 nis
2371 1224 2428 1274 ct
2450 1219 2808 1292 quotidianis
2831 1219 3170 1275 excessibus
3187 1224 3675 1286 tenentur,omnem
3690 1235 3814 1275 suam

499 1318 638 1382 tem,
668 1319 785 1369 tam
810 1313 868 1366 in
894 1315 1183 1383 raptorem
1208 1326 1384 1381 quam
1409 1309 1468 1363 in
1491 1311 1765 1374 tutorem,
1801 1312 1855 1361 et
1879 1308 1939 1362 in
1957 1307 2145 1363 omni-
2254 1312 2629 1381 potestatem,
2654 1324 2888 1363 omnem
2911 1312 3214 1375 terrorem,
3238 1324 3407 1363 omne
3428 1307 3661 1364 studium
3680 1309 3737 1363 ad
3752 1324 3816 1363 ex-

498 1401 609 1457 bus
637 1400 961 1455 fautoribus
983 1415 1183 1453 eorum
1209 1396 1559 1465 vindicatur,
1586 1401 1641 1451 et
1689 1396 2007 1451 mundanis
2068 1394 2146 1451 le-
2253 1397 2663 1469 pugnandum,
2688 1400 2745 1451 et
2767 1395 2879 1452 sibi
2902 1396 3137 1469 penitus
3158 1396 3558 1475 vindicandum
3577 1412 3655 1452 res
3678 1395 3816 1451 eccle-

498 1490 671 1563 gibus
693 1487 978 1561 sanguine
996 1487 1081 1542 vel
1115 1490 1395 1560 perpetuo
1426 1484 1629 1541 exsilio
1660 1484 1948 1558 expiatur.
2251 1484 2538 1554 siasticas,
2564 1484 2779 1559 quibus
2800 1489 3026 1541 tutores
3069 1485 3189 1540 dati
3238 1485 3462 1540 fuerant
3502 1484 3810 1540 transferunt.

569 1577 648 1632 Ex
678 1593 795 1648 qua
827 1575 1332 1631 animadversione
1363 1573 1715 1647 intelligitur
1743 1591 1919 1646 quam
1945 1574 2138 1647 abjec-
2250 1575 2357 1640 Qui
2381 1574 2555 1629 etiam
2583 1591 2698 1630 non
2721 1574 2976 1630 contenti
3016 1591 3123 1631 suo
3166 1573 3310 1640 foro,
3334 1573 3695 1631 ecclesiastica:
3720 1590 3815 1629 suc-

495 1669 557 1722 ta
581 1670 635 1721 et
656 1664 934 1738 ignobilis
959 1681 1177 1736 sponsa
1196 1662 1406 1718 Christi
1430 1666 1751 1736 reputatur,
1785 1665 1956 1735 cujus
1981 1664 2139 1736 iuju-
2248 1663 2482 1730 cedunt,
2507 1663 2839 1734 praesident,
2857 1667 2916 1718 et
2939 1662 3349 1735 principantur
3371 1662 3594 1736 synodo,
3614 1666 3662 1717 et
3684 1666 3816 1717 terre-

495 1754 613 1812 rias
634 1771 804 1811 nemo
825 1753 923 1827 qui
947 1752 1138 1809 doleat
1184 1752 1497 1853 invenitur,
1545 1753 1716 1823 cujus
1771 1752 2137 1819 pudicitiam,
2171 1787 2221 1853 B
2250 1769 2326 1808 na
2345 1756 2631 1824 potestate
2652 1751 2965 1819 terribiles,
2982 1752 3249 1808 efﬁciunt
3271 1756 3334 1808 ut
3359 1751 3545 1808 omnia
3564 1751 3810 1825 procedant

494 1842 795 1916 sacrilegis
820 1842 1151 1915 raptoribus
1176 1840 1576 1915 prostitutam,
1600 1840 1896 1896 venditam
1950 1844 2005 1896 et
2036 1841 2136 1896 ad-
2171 1839 2220 1853 "
2252 1845 2310 1897 et
2329 1841 2791 1897 determincntur
2808 1858 3011 1898 eorum
3034 1845 3177 1896 nutu
3202 1848 3261 1897 et
3277 1840 3513 1913 judicio.
3538 1840 3637 1913 Ipsi
3653 1839 3812 1912 prima-

493 1932 709 1988 dictam
732 1948 900 1989 nemo
924 1931 1335 2004 quidefendat,
1362 1946 1535 1986 nemo
1557 1928 1654 2002 qui
1696 1930 1905 1985 saltem
1930 1930 2002 1985 ab
2054 1930 2140 1985 eis
2250 1930 2413 1987 tibus
2433 1934 2492 1987 et
2532 1929 3002 2003 metropolitanis
3049 1929 3109 1986 in
3155 1929 3433 1987 electione
3477 1929 3801 2003 episcoporum

492 2021 653 2078 illam
679 2020 908 2095 eripiat,
931 2024 988 2076 et
1007 2021 1234 2092 Sponso
1250 2017 1337 2075 vel
1359 2022 1824 2091 constupratam.
1851 2019 2140 2074 restituat.
2251 2019 2402 2075 fiunt
2422 2018 2665 2092 priores,
2689 2019 2789 2092 qui
2813 2019 3091 2075 deberent
3112 2019 3515 2075 tantummodo
3535 2030 3808 2073 consensum

492 2111 561 2167 Et
583 2114 821 2184 putatur
841 2111 901 2166 in
919 2114 1202 2165 mternum
1225 2108 1336 2163 hoc
1384 2124 1671 2180 passurus
1723 2107 1918 2174 Jesus,
1969 2124 2142 2180 quem
2251 2112 2309 2163 et
2328 2107 2684 2164 desiderium
2710 2107 2871 2175 cieri,
2898 2107 3103 2180 plebis,
3130 2111 3189 2164 et
3220 2106 3439 2163 ordinis
3491 2106 3813 2178 cujuscunque

493 2216 649 2255 nunc
671 2198 832 2254 nulla
852 2197 1213 2254 eclcsiastica
1233 2197 1323 2251 vel
1343 2195 1492 2251 laica
1516 2212 1764 2268 persona
1789 2213 1966 2269 super
2008 2213 2142 2268 rap-
2252 2196 2504 2253 civitatis
2527 2213 2633 2252 suo
2652 2197 2975 2252 secundum
3005 2196 3190 2253 Deum
3215 2212 3500 2252 consensu
3524 2195 3814 2259 confirmare,

490 2292 615 2343 tum
639 2304 866 2359 sponsae
888 2290 1344 2357 conquerentem
1373 2284 1659 2356 respicere
1702 2288 1759 2340 et
1810 2285 2013 2341 audire
2063 2284 2145 2341 di-
2252 2291 2316 2342 ut
2346 2286 2554 2341 beatus
2575 2285 2922 2341 leestinus
2942 2302 3095 2359 papa
3111 2285 3318 2342 edocet
3342 2286 3514 2358 (epist.
3533 2284 3601 2356 2).
3644 2306 3667 2333 ι(
3696 2282 3816 2337 Eme-

492 2380 725 2448 gnatur,
748 2391 881 2430 cum
904 2390 1074 2445 saepe,
1100 2372 1149 2428 si
1196 2372 1550 2444 ajndicibus
1599 2377 1655 2428 et
1703 2372 1967 2446 patronis
2017 2373 2143 2430 suis
2252 2374 2402 2442 ritis,
2428 2373 2639 2447 inquit,
2662 2374 2721 2429 in
2755 2375 2880 2430 suis
2910 2373 3172 2430 ecclesiis
3233 2366 3459 2431 clericis
3512 2369 3753 2446 peregrini
3776 2372 3817 2424 et

493 2463 862 2536 querimonia
892 2463 1018 2534 ejus
1059 2462 1381 2534 respuitur,
1444 2461 1897 2534 quibuseunque
1956 2465 2145 2535 potest
2253 2463 2533 2534 extranei,
2566 2466 2622 2519 et
2653 2463 2752 2536 qui
2780 2467 2949 2519 antea
2995 2463 3248 2536 ignorati
3304 2466 3440 2519 sunt
3483 2461 3548 2518 ad
3592 2456 3816 2517 exclusio-

494 2552 706 2618 modis,
729 2552 904 2608 etiam
936 2551 1170 2607 ﬂamnis
1205 2550 1481 2624 pessimis
1514 2554 1716 2622 raptus
1743 2568 1861 2605 suae
1912 2568 2141 2624 sponsae
2253 2568 2385 2608 nem
2415 2569 2638 2621 eorum,
2671 2552 2772 2624 qui
2803 2552 2949 2608 bene
2980 2553 3050 2608 de
3080 2569 3330 2609 suorum
3362 2552 3561 2609 civium
3588 2551 3820 2605 merentur

494 2640 818 2715 quamlibet
845 2641 1110 2713 abjectus
1141 2639 1462 2696 ulciscatur
1494 2642 1517 2695 Ρ
1577 2639 1748 2705 Quid,
1806 2656 1966 2712 rogo,
2014 2640 2141 2710 jam
2250 2641 2608 2711 testimonio,
2642 2658 2757 2696 non
2793 2645 3230 2714 praeponuntur.
3256 2640 3463 2698 Nullus
3487 2637 3661 2695 invitis
3691 2636 3820 2692 detur

491 2734 673 2786 restat
693 2747 921 2803 sponsa:
941 2729 1172 2794 Christi,
1199 2728 1335 2794 nisi,
1355 2728 1465 2784 sub
1492 2727 1872 2795 intolerabili,
1905 2733 1961 2784 et
2017 2729 2140 2785 ine-
2251 2729 2582 2802 episcopus.
2607 2727 2778 2798 Cleri,
2810 2728 2997 2803 plebis
3026 2733 3084 2786 et
3112 2730 3343 2786 ordinis
3368 2743 3678 2792 consensus,
3698 2724 3821 2779 etde-

494 2819 812 2876 mcndabili
835 2819 1163 2875 calamitate
1182 2818 1519 2885 tabescens,
1556 2817 1811 2889 seipsarn
1865 2815 1965 2872 illo
2012 2818 2141 2874 des-
2252 2817 2537 2874 siderium
2572 2817 2926 2889 requiratur.
2959 2819 3126 2874 Tunc
3157 2822 3363 2875 autem
3392 2818 3460 2873 de
3488 2816 3651 2872 altera
3688 2810 3820 2883 eliga-

492 2908 736 2980 perabili
760 2907 966 2981 elogio,
989 2907 1034 2963 si
1060 2910 1269 2979 potest,
1315 2905 1671 2973 consoletur,
1722 2923 1838 2978 quo
1878 2905 2096 2962 dicitur
2123 2923 2140 2962 :
2250 2909 2351 2961 tur
2367 2904 2635 2972 ecclesia,
2659 2904 2711 2960 ei
2732 2906 2803 2962 de
2827 2905 3081 2963 civitatis
3104 2906 3298 2979 ipsius
3318 2905 3558 2971 clericis,
3602 2901 3683 2959 cui
3716 2897 3823 2972 epis-

492 2996 662 3052 Pater
682 3013 847 3052 meus
872 3011 962 3051 me
982 2995 1261 3061 vendidit,
1297 3011 1396 3050 rex
1422 2996 1781 3067 comparavit
1818 3013 1833 3064 ;
1857 2996 1950 3051 cui
2000 3013 2141 3052 eon-
2251 3010 2431 3067 copus
2451 2994 2813 3051 ordinandus
2840 2997 2948 3063 est,
2973 2994 3173 3051 nullus
3195 2995 3436 3069 dignus,
3461 2993 3599 3067 quod
3647 2987 3822 3046 evenire

494 3103 705 3160 querar
725 3085 823 3158 qui
847 3084 989 3140 mihi
1013 3101 1080 3141 ex
1102 3083 1218 3140 illis
1227 3083 1528 3155 justitiam
1552 3083 1688 3139 facit
1710 3083 1813 3140 ?Si
1839 3084 2074 3156 quidem
2108 3102 2142 3141 a
2180 3154 2211 3160 _
2251 3100 2369 3139 non
2387 3082 2933 3156 credimus,poterit
2952 3083 3216 3157 reperiri.
3245 3085 3437 3141 Primo
3470 3083 3612 3138 enim
3656 3078 3723 3134 illi
3758 3091 3821 3131 re-

493 3154 712 3247 quibus
728 3154 851 3247 jam
877 3175 1216 3239 redimetur,
1240 3154 1376 3229 cum
1400 3173 1473 3228 ab
1493 3172 1640 3245 ipsis
1667 3154 1917 3245 quorum
1942 3174 2136 3230 tutela
2168 3154 2212 3221 (ἶ
2249 3154 2796 3247 probandisunt,ut
2810 3172 2991 3246 aliqui
3015 3154 3085 3230 de
3108 3173 3320 3230 alienis
3367 3171 3620 3230 Ecclesiis
3664 3164 3820 3223 merito

493 3268 626 3337 post
647 3264 829 3319 Deum
862 3264 1049 3320 fuerat
1069 3261 1388 3318 commissa
1406 3277 1511 3316 ven
1522 3261 1777 3317 undatur
1795 3262 1823 3317 ?
1841 3262 1884 3317 A
1904 3279 2138 3318 summo
2248 3261 2650 3336 praeferantur.
2675 3261 2898 3318 Habeat
2917 3262 3338 3336 unusquisque
3358 3279 3474 3319 suae
3495 3261 3717 3316 fructum
3740 3251 3821 3308 mi-

493 3352 649 3408 enim
673 3352 963 3424 graduum
985 3350 1255 3406 Ecclesiae
1279 3367 1465 3423 usque
1485 3349 1552 3404 ad
1581 3350 1912 3419 minimum,
1936 3368 2141 3409 omnes
2248 3350 2384 3406 litize
2407 3350 2464 3406 in
2485 3349 2744 3406 Ecclesia
2760 3350 2818 3405 in
2842 3368 2958 3424 qua
2979 3368 3147 3407 suam
3171 3368 3280 3425 per
3298 3351 3495 3409 omnia
3513 3347 3682 3405 ofﬁcia
3701 3348 3819 3399 tran-

494 3441 565 3496 de
582 3439 992 3496 ecclesiasticis
1011 3440 1187 3495 rebus
1215 3438 1328 3494 sibi
1351 3438 1637 3511 negotiari
1662 3455 1777 3494 non
1801 3441 2141 3512 przetermit-
2249 3439 2399 3512 segit
2418 3443 2664 3496 aetatem.
2692 3439 2753 3495 In
2776 3438 2966 3496 aliena
2984 3439 3280 3506 stipicnda
3300 3439 3539 3496 minime
3557 3436 3685 3494 alter
3699 3428 3819 3488 obri-

493 3533 645 3585 tunt.
672 3529 1056 3600 Imperatores
1080 3544 1335 3600 quoque,
1360 3543 1546 3600 reges,
1576 3528 1892 3600 principes,
1906 3529 2139 3600 judices
2249 3529 2515 3601 piat,nec
2537 3528 2703 3584 aliter
2719 3527 2977 3584 debitam
3011 3528 3122 3585 sibi
3145 3528 3297 3587 alter
3346 3530 3551 3585 audeat
3588 3521 3824 3581 vindicem

495 3622 553 3674 et
573 3622 832 3691 quoquot
849 3616 1067 3690 aliquid
1095 3617 1151 3672 in
1176 3614 1388 3672 seculo
1410 3621 1658 3688 possunt
1679 3620 1811 3672 ante
1839 3618 2039 3675 omnia
2060 3619 2139 3675 is-
2248 3618 2595 3673 mercedem.
2617 3616 2702 3672 Sit
2732 3616 2975 3674 facultas
2996 3616 3224 3674 clericis
3247 3616 3575 3682 resistendi,
3609 3613 3652 3670 si
3673 3626 3727 3666 se
3760 3605 3823 3660 vi-

495 3708 597 3763 tud
620 3710 907 3774 exercent,
932 3711 987 3761 et
1010 3708 1279 3780 quaerunt
1296 3705 1407 3762 hoc
1429 3703 1528 3777 qui
1551 3705 1828 3761 deberent
1850 3723 1942 3762 res
1963 3706 2141 3764 cccle—
2249 3706 2440 3762 derint
2473 3705 2839 3779 praegravari.
2891 3707 2963 3763 Et
3009 3708 3164 3781 quod
3211 3707 3330 3763 sibi
3368 3697 3822 3781 extraordinarium

495 3795 764 3853 siasticas
783 3794 1175 3851 ecclesiastico
1184 3795 1209 3866 j
1217 3812 1250 3849 u
1261 3794 1306 3850 ri
1329 3794 1638 3850 defendam
1656 3792 1848 3867 gladio
1863 3795 2139 3868 spiritua-
2248 3795 2607 3868 agnoverint,
2625 3811 2742 3851 non
2759 3795 3011 3851 timeant
3027 3795 3305 3853 refutare.
3351 3795 3457 3865 Qui
3482 3794 3528 3852 si
3573 3808 3675 3849 non
3711 3780 3826 3842 debi-

494 3884 533 3942 li
560 3903 574 3953 ;
602 3885 711 3941 hoc
742 3885 842 3957 qui
864 3888 929 3947 et
960 3882 1243 3939 materiali
1260 3924 1272 3939 .
1302 3882 1417 3938 Nec
1432 3882 1801 3956 perpendunt
1818 3901 1994 3956 quam
2016 3901 2138 3942 sce-
2246 3888 2375 3939 tum
2397 3883 2726 3956 praemium,
2749 3883 2837 3940 vel
2864 3882 3116 3941 liberum
3139 3885 3208 3940 de
3229 3903 3300 3943 eo
3351 3884 3448 3958 qui
3487 3899 3579 3939 eos
3615 3881 3824 3935 recturus

494 3973 681 4039 lerati,
705 3978 761 4029 ct
782 3972 1156 4029 detestabiles
1182 3971 1296 4028 Deo
1320 3975 1376 4028 et
1420 3971 1739 4028 bomnibus
1768 3972 1912 4028 ﬂant
1962 3973 2138 4031 dissi-
2249 3976 2338 4029 est
2357 3972 2572 4029 debent
2589 3972 2804 4028 habere
2819 3972 3136 4044 judicium.
3160 3997 3188 4024 »
3211 3975 3318 4031 Cui
3356 3970 3693 4030 concordans
3727 3962 3827 4018 δείλ’

494 4062 687 4134 pando
709 4078 831 4133 quas
857 4061 1069 4117 Christi
1092 4060 1450 4133 pauperibus
1480 4061 1701 4117 tuenda
1728 4078 1792 4116 su
1803 4068 2136 4135 sceperunt.
2247 4065 2344 4117 tus
2365 4062 2477 4137 Leo
2494 4077 2646 4135 papa
2667 4064 2724 4117 et
2741 4061 2964 4128 doctor,
2987 4062 3068 4119 ait
3095 4081 3109 4118 :
3138 4086 3159 4113 ι
3180 4063 3358 4120 Nulla
3383 4063 3528 4119 ratio
3550 4056 3674 4115 sinit
3687 4056 3742 4109 ut
3764 4048 3832 4137 ia-

492 4150 637 4206 Nam
664 4149 713 4205 si
739 4153 896 4205 tutor
916 4149 1118 4222 pupilli
1144 4147 1457 4219 cujuslibet
1476 4134 2136 4226 patrimoniolum,quod
2247 4134 3117 4225 terepiscoposhabeantur,qui
3131 4151 3523 4209 necaclericis
3542 4148 3669 4204 sunt
3683 4134 3831 4200 electi.

493 4239 776 4296 tuendum
801 4238 1042 4311 accepit,
1063 4254 1165 4311 pro
1185 4237 1347 4293 lucro
1371 4254 1477 4293 suo
1498 4239 1789 4309 venderet,
1815 4244 1913 4295 aut
1936 4258 2041 4314 pro
2078 4241 2141 4296 li-
2251 4239 3225 4313 necaplcbibussuntexpetiti,nec
3249 4259 3283 4298 a
3309 4228 3833 4314 comprovincialibns

493 4328 616 4385 bitu
642 4328 902 4395 donaret,
936 4343 1037 4383 seu
1061 4325 1308 4382 tutelam
1343 4342 1574 4399 semper
1604 4331 1902 4399 acceptam
1935 4330 1994 4384 in
2037 4330 2140 4386 ali-
2248 4328 2537 4403 episcOpis
2554 4345 2686 4384 cum
2701 4328 3131 4402 metropolitani
3147 4318 3829 4403 judicioeonsecrati.»etc.

493 4434 671 4491 quem
702 4416 1015 4489 prodigum
1038 4415 1481 4488 exstirpatorem
1515 4416 1859 4472 substantias
1913 4418 2137 4493 pupillo
2889 4436 3118 4494 CAPUT
3156 4439 3253 4495 VI.

494 4504 705 4562 relictae
734 4505 947 4575 sciens,
980 4510 1037 4561 et
1078 4504 1514 4578 praemeditatus
1574 4504 1977 4579 translegaret,
2006 4509 2115 4566 abo

2169 4525 2216 4590 D
2318 4526 2393 4582 De
2414 4525 2622 4583 baculis
2652 4531 2703 4582 et
2742 4526 2976 4581 annalis
3002 4544 3108 4600 per
3125 4544 3325 4600 manus
3351 4523 3685 4585 sweularium
3712 4528 3786 4590 p0-

495 4594 850 4651 minabiliter
899 4598 957 4651 et
1008 4594 1307 4650 homicida
1368 4592 1440 4648 ab
1495 4592 1770 4650 omnibus
1827 4594 2142 4654 haberetur
2864 4592 3119 4655 testa-tem
3147 4599 3314 4656 datis.

493 4689 552 4741 et
573 4683 957 4756 judicaretur.
992 4684 1097 4751 Qui
1148 4686 1426 4756 putamus
1475 4699 1653 4755 quam
1712 4684 2136 4743 abominabiles
2316 4689 2445 4742 Haec
2469 4701 2601 4742 cum
2624 4685 2705 4741 ita
2723 4686 3089 4745 venerabiles
3111 4689 3271 4745 omni
3328 4686 3546 4745 mundo
3569 4685 3622 4738 et
3663 4666 3836 4734 summi

494 4777 551 4828 et
580 4776 723 4843 quot
752 4771 1201 4827 homicidiorum
1235 4771 1317 4827 rei
1352 4771 1495 4827 fiunt
1533 4770 1631 4843 qui
1660 4788 1763 4844 pro
1801 4772 1971 4830 libitu
2030 4792 2136 4832 suo
2245 4775 2546 4849 pontifices
2570 4774 2790 4848 Spiritu
2821 4781 3024 4833 sancto
3057 4777 3323 4834 dictante
3354 4769 3716 4834 decreverint,
3735 4771 3835 4818 cum

494 4858 821 4931 dilapidant
852 4858 1269 4932 patrimonium
1305 4858 1717 4922 Ecclesiarum,
1753 4877 2004 4933 quarum
2053 4870 2140 4920 tu-
2246 4862 2678 4937 metropolitani
2696 4864 2918 4936 judicio
2958 4864 3164 4922 electio
3213 4865 3434 4935 clerici,
3458 4854 3718 4936 principis
3762 4861 3837 4903 ιη’

494 4951 651 5003 tores
685 4946 805 5002 sint
832 4947 1002 5020 positi
1059 4948 1132 5003 ab
1172 4963 1239 5003 eo
1289 4947 1382 5002 cui
1424 4946 1734 5003 derelictus
1778 4954 1867 5005 est
1918 4968 2141 5026 pauper
2246 4959 2663 5011 temeonsensu
2681 4952 2953 5025 expetito,
2973 4953 3234 5027 plebiset
3250 4941 3837 5031 ordonisconﬁrmelpfz

493 5037 663 5106 (Paul.
697 5054 751 5106 ι,
788 5036 894 5109 li),
930 5036 1031 5109 qui
1063 5036 1238 5093 etiam
1264 5042 1429 5108 pater
1458 5036 1881 5109 orphanorum,
1938 5044 1996 5095 et
2040 5024 2139 5115 ju—
2248 5045 2319 5100 ad
2337 5024 2803 5117 reprobationem
2820 5024 3838 5119 sanctorumcanonumﬁttotiusﬂltfi

494 5125 604 5182 dex
633 5125 724 5180 vid
737 5108 1141 5195 uarumi(Psal.
1178 5129 1357 5190 van,
1388 5125 1464 5197 6).
1500 5108 1637 5180 Inde
1666 5130 1756 5181 est
1786 5128 1941 5199 quod
1975 5108 2138 5204 reges
2248 5108 2450 5190 stianaa
2472 5129 2773 5203 religionis
2791 5129 3320 5201 conculcationem,
3348 5108 3688 5205 prapostero
3729 5108 3842 5208 9rd?

495 5214 691 5271 saeculi
714 5219 771 5271 et
803 5214 1092 5287 principes
1122 5212 1384 5270 ecclesiis
1418 5213 1517 5269 Dei
1548 5218 1903 5286 protectores
1932 5224 1988 5273 et
2039 5202 2137 5278 de-
2248 5238 2320 5277 ne
2340 5219 2539 5277 omnia
2564 5202 2736 5287 fiunt,
2758 5223 3021 5293 suntque
3043 5221 3215 5293 primi
3239 5202 3626 5283 novissimi,et
3642 5202 3838 5266 novissi-

495 5304 756 5361 fensores
786 5304 1089 5377 assignati,
1116 5303 1315 5358 relicto
1343 5301 1532 5358 officio
1564 5303 1816 5375 desuper
1845 5306 1954 5362 sibi
1980 5324 2137 5364 com-
2247 5309 2327 5366 mi
2349 5307 2545 5383 primi.
2566 5308 2667 5364 Est
2682 5307 2838 5364 enim
2859 5307 3052 5382 prima
3070 5310 3131 5366 in
3154 5309 3422 5384 eligendo
3442 5311 3497 5363 et
3541 5296 3837 5384 conﬁrmfn'

496 5392 698 5461 misso,
722 5392 980 5465 gladium
1014 5409 1186 5466 quem
1222 5396 1287 5447 ut
1315 5390 1569 5447 ministri
1602 5391 1703 5446 Dei
1738 5396 1793 5448 et
1815 5394 2048 5465 judices
2078 5397 2135 5454 in
2247 5399 2321 5454 do
2343 5379 2639 5455 saecularis
2660 5379 3119 5472 potestas,quam
3141 5379 3474 5469 velit,nolit,
3515 5379 3841 5455 subsequitur

494 5478 581 5535 ira
612 5481 771 5536 omni
803 5481 1061 5554 operanti
1083 5480 1303 5537 malum
1330 5482 1647 5549 ostentant,
1671 5479 1795 5535 sine
1816 5497 1992 5541 causa
2012 5503 2141 5559 por—
2247 5487 2471 5544 ordinis
2492 5471 3839 5560 plebis,cleriqueconsensus,tandemquemetro-

472 5571 642 5639 ,tant,
667 5585 782 5642 quo
813 5574 911 5626 aut
942 5587 1267 5643 nunquam,
1293 5574 1391 5625 aut
1426 5567 1517 5624 vix
1559 5567 1874 5640 aliquando
1920 5573 2136 5633 vindic-
2247 5575 2814 5651 politanijudicium.
2835 5575 2999 5633 Unde
3020 5577 3217 5636 taliter
3234 5572 3507 5652 promoti,
3539 5565 3681 5627 sicut
3697 5567 3837 5628 3099'
