4106 6178
271 370 429 441 1149

851 379 1270 448 ADVERSUS
1317 378 1790 446 SIMONIACOS
1834 373 2043 439 LIBRI
2087 375 2312 440 TRES.
2346 408 2424 424 --
2453 379 2684 442 LIBER
2726 377 3087 444 TERTIUS.

3511 381 3668 444 1150

272 508 396 566 rius
428 510 795 583 praedicatur,
817 531 930 571 non
952 520 1089 572 sunt
1111 516 1260 572 inter
1288 516 1594 588 episcopos
1624 513 1907 570 habendi:
1941 509 1999 575 Α
2027 510 2187 577 ralis,
2221 529 2348 584 quae
2367 512 2580 569 annulo
2594 517 2651 569 et
2669 513 2877 570 baculo
2895 512 3198 570 visibiliter
3219 518 3580 573 monstratur
3609 524 3667 575 et

272 599 411 671 quia
433 601 705 658 substitio
728 620 928 659 eorum
951 606 1138 676 capite
1161 607 1374 677 pendet
1413 607 1709 665 deorsum.
1773 603 1913 675 quia

269 689 427 761 quod
454 691 655 746 debuit
698 693 782 748 eis
817 693 938 748 fieri
997 699 1380 766 postremum,
1423 696 1640 750 factum
1673 699 1760 749 est
1793 694 1910 765 pri-

271 784 520 843 mum,et
547 780 618 834 ab
641 780 756 836 illis
769 799 1018 853 quorum
1045 783 1286 839 interest
1312 782 1737 846 nihilum.Quid
1754 781 1909 837 enim

266 867 340 921 ad
357 865 535 924 laicas
554 869 1089 942 pertinetpcrsonas
1113 878 1479 928 sacramenta
1498 871 1911 934 ecclesiastica,
1952 863 1955 868 λ

269 955 760 1027 etpontiﬁcalem,
781 976 881 1014 seu
907 961 1258 1030 pastoralem
1295 962 1540 1033 gratiam
1596 960 1908 1015 distribue-

267 1060 350 1110 re,
375 1061 646 1100 camuros
664 1047 886 1103 scilicet
911 1050 1148 1105 baculos
1169 1055 1226 1104 et
1255 1049 1504 1106 annulos
1525 1051 1740 1122 quibus
1766 1066 1910 1120 prae-

269 1132 438 1205 cipue
461 1135 778 1205 perficitur,
803 1137 1038 1205 militat,
1065 1139 1539 1194 etinnititurtota
1563 1137 1911 1210 episcopalis

265 1223 626 1279 consecratio
646 1225 674 1278 ‘l
703 1225 987 1296 Equidem
1012 1228 1070 1282 in
1085 1229 1339 1282 camuris
1364 1227 1588 1283 baculis
1638 1227 1911 1298 superius

266 1311 339 1366 ad
359 1311 775 1368 attrahendum
820 1319 875 1369 et
898 1315 1263 1371 invitandum
1299 1317 1596 1372 uncinatis
1646 1322 1703 1372 et
1747 1317 1914 1371 infle-

265 1399 357 1455 xis
384 1415 396 1464 ;
422 1399 666 1456 inferius
689 1394 822 1456 vero
845 1397 914 1458 ad
940 1405 1336 1476 repellendum
1359 1410 1416 1460 et
1438 1406 1759 1461 feriendum
1785 1423 1916 1460 acu-

269 1487 512 1542 minatis
533 1494 589 1543 et
609 1490 872 1555 armatis,
898 1491 1376 1565 designaturquae
1399 1494 1456 1548 in
1482 1494 1565 1550 eis
1592 1493 1910 1550 committi-

267 1579 520 1631 turcura
553 1577 883 1648 pastoralis,
908 1596 1034 1650 quae
1088 1583 1289 1652 utique
1336 1600 1444 1638 sua
1493 1582 1914 1654 compositione

265 1663 357 1720 vel
385 1664 586 1721 futura
606 1667 884 1723 admonet
906 1673 1188 1740 pastores,
1222 1675 1284 1726 ut
1315 1672 1454 1727 recti
1476 1678 1534 1728 et
1581 1673 1740 1745 plani
1772 1671 1911 1737 sint,

267 1770 505 1826 suaeque
525 1756 772 1812 actionis
792 1756 879 1812 vel
898 1759 1406 1831 contemplationis
1455 1763 1706 1818 arduum
1737 1767 1795 1818 et
1833 1763 1914 1817 ri-

267 1842 475 1943 gidum
502 1844 777 1943 verticem
801 1846 1068 1943 imitandi
1092 1853 1148 1943 et
1167 1850 1498 1943 attrahendi
1546 1851 1618 1906 ad
1665 1868 1727 1906 se
1783 1868 1912 1923 gre-
1943 1879 1992 1943 Β

267 1947 401 2004 gem
425 1931 522 1988 Dei
551 1934 1084 1991 condescendentes
1117 1937 1324 1993 leniter
1361 1939 1661 1994 dimittant
1706 1944 1762 1996 et
1820 1940 1908 1996 in-

268 2019 522 2088 ﬂectant,
548 2023 632 2077 sic
654 2027 848 2079 tamen
876 2029 940 2078 ut
974 2025 1357 2098 sibimetipsis
1406 2045 1640 2099 quoque
1683 2045 1914 2100 semper

265 2108 598 2175 intendant,
621 2128 725 2166 nec
759 2129 1022 2184 unquam
1082 2131 1115 2169 a
1173 2116 1390 2170 suimet
1447 2117 1914 2173 consideratione

267 2198 483 2254 mentis
513 2199 716 2255 obtuta
746 2202 1065 2258 reﬂectant.
1101 2207 1358 2269 Quorum
1395 2204 1528 2260 finis
1567 2204 1792 2262 indicat
1850 2211 1915 2261 ut

267 2303 469 2342 severa
499 2286 895 2360 increpatione
926 2291 1396 2364 indisciplinatos
1422 2299 1695 2360 terreant,
1731 2300 1808 2360 et,
1863 2296 1911 2350 si

265 2375 593 2446 pertinaces
625 2377 860 2444 fuerint,
893 2384 1151 2436 extrema
1201 2381 1486 2438 sententia
1545 2383 1616 2438 ab
1672 2383 1916 2439 ecclesia

268 2463 572 2534 repellant.
607 2466 742 2529 Quae
769 2469 966 2524 omnia
996 2470 1307 2540 Apostolus
1337 2471 1593 2526 breviter
1649 2471 1912 2527 insinuat

265 2551 349 2606 ita
381 2569 394 2608 :
425 2576 453 2602 «
489 2553 785 2623 Rogamus
811 2573 936 2625 vos,
981 2557 1254 2629 corripite
1303 2559 1615 2630 inquietos,
1649 2561 1912 2617 consola-

264 2640 413 2694 mini
471 2641 902 2712 pusillanimes,
954 2646 1236 2717 suscipite
1291 2647 1580 2714 infirmos,
1624 2649 1913 2720 patientes

267 2733 455 2784 estote
487 2730 556 2784 ad
589 2747 794 2787 omnes
812 2733 858 2801 (Ι
888 2733 1032 2788 Thes.
1067 2751 1119 2801 ν,
1156 2736 1263 2804 14).
1300 2758 1328 2784 ››

339 2817 512 2872 Porro
536 2817 791 2874 annulus
815 2821 1190 2893 signaculum
1206 2827 1560 2878 secretorum
1577 2824 1903 2881 omlestium

263 2905 507 2972 indicat,
531 2925 895 2978 praemonens
927 2911 1361 2982 praedicatores,
1391 2916 1454 2967 ut
1483 2918 1764 2970 secretam
1827 2933 1914 2970 sa-

262 2994 546 3066 pientiam
581 2995 676 3051 Dei
700 3013 833 3052 cum
865 2999 1138 3069 Apostolo
1163 3001 1492 3072 designent,
1525 3001 1915 3074 etloquantur

264 3083 420 3138 inter
450 3085 732 3156 perfectos
754 3087 802 3157 (Ι
830 3087 950 3142 Cor.
987 3106 1049 3155 ιι,
1079 3089 1132 3156 6,
1164 3090 1240 3159 7),
1277 3106 1455 3160 quam
1490 3090 1655 3145 belut
1713 3091 1911 3162 signa-

264 3177 390 3227 tam
415 3171 658 3228 reticent
678 3173 1053 3246 imperfectis,
1079 3177 1296 3248 quibus
1321 3178 1580 3232 nondum
1605 3178 1790 3234 solido
1829 3180 1913 3234 ci-

2023 602 2216 656 datur.
2245 602 2402 673 Rogo
2427 618 2561 673 ergo
2585 620 2688 657 cur
2707 603 2970 658 redditur
2989 604 3143 674 quod
3174 604 3439 672 habetur,
3466 607 3576 661 nisi
3601 611 3666 662 ut

2023 697 2124 745 aut
2142 692 2330 747 denuo
2355 709 2445 747 res
2459 691 2853 747 ecclesiastica
2889 693 2998 747 sub
3023 693 3128 748 hac
3147 693 3337 764 specie
3377 694 3664 763 jussionis

2021 779 2108 834 vel
2133 781 2464 835 donationis
2486 781 2968 845 vendatur,autin
2994 783 3170 851 priori
3196 782 3524 838 venditione
3547 800 3668 838 cor-

2025 870 2388 924 ruborandaa
2407 870 2851 938 metropolitano
2876 870 3116 940 suisque
3136 872 3522 942 suffragancis
3535 890 3600 927 su
3612 873 3667 926 b-

2024 957 2332 1023 scribatur,
2360 964 2418 1011 at
2440 963 2590 1012 certe
2610 963 2672 1012 ut
2695 958 3067 1029 [)i'msumptio
3087 959 3246 1013 laicae
3276 961 3664 1016 ordinationis

2022 1045 2294 1116 pallietur
2315 1046 2504 1102 colore
2528 1052 2583 1102 et
2598 1046 2918 1101 velamento
2934 1048 3184 1118 quodam
3210 1049 3535 1119 disciplinas
3557 1049 3665 1103 cle-

2024 1135 2217 1190 ricalis
2239 1135 2264 1189 '2
2289 1136 2448 1198 Quod
2474 1137 2520 1190 si
2547 1153 2648 1191 nec
2678 1137 2895 1190 factum
2919 1140 3025 1201 est,
3053 1154 3156 1191 nec
3189 1137 3270 1202 fit,
3298 1155 3390 1192 me
3410 1137 3546 1192 hinc
3563 1138 3664 1192 ali-

2025 1224 2158 1294 quis
2182 1224 2485 1278 mentitum
2509 1229 2733 1296 arguat.
2769 1225 2879 1279 Sed
2934 1226 3085 1295 quod
3116 1226 3352 1296 gravius
3404 1231 3512 1291 est,
3544 1244 3660 1282 non

2022 1316 2251 1366 tantum
2286 1313 2580 1383 prioribus
2603 1313 2968 1384 temporibus
2991 1313 3266 1368 recolitur
3295 1322 3347 1370 et
3392 1315 3662 1386 praedica-

2022 1400 2251 1456 turlale
2285 1402 2422 1472 quid
2459 1404 2697 1468 factum,
2723 1403 2822 1456 sed
2860 1402 3077 1456 nostris
3127 1420 3359 1474 quoque
3409 1405 3666 1459 cernitur

2025 1492 2081 1543 ct
2110 1489 2292 1544 scitur
2324 1490 2628 1546 usitatum.
2670 1492 2872 1546 Nonne
2919 1491 3113 1545 smculi
3155 1491 3444 1563 principes
3503 1491 3664 1563 prius

2023 1578 2408 1634 vendiderunt
2436 1583 2492 1633 et
2519 1580 2780 1635 vendunt
2808 1579 3222 1646 ecclesiastica,
3249 1581 3358 1636 sub
3391 1579 3538 1635 falso
3571 1597 3668 1634 no-

2025 1668 2182 1722 mine
2216 1667 2603 1724 investitionis
2636 1686 2650 1735 ;
2685 1669 2892 1724 deinde
2927 1669 3394 1740 metropolitano,
3429 1669 3537 1726 sub
3580 1673 3666 1726 te-

2027 1772 2164 1810 nore
2195 1757 2649 1813 consecrationis
2679 1757 2706 1813 Τ

2647 1863 2882 1919 CAPUT
2920 1864 3042 1918 VII.

2023 1955 2096 2010 De
2129 1962 2366 2024 tempore
2397 1953 2651 2026 Ottomtm
2680 1962 2731 2008 et
2761 1953 2826 2007 de
2855 1953 3036 2008 studio
3092 1955 3316 2008 Henricz’
3372 1955 3664 2026 imperato-

2297 2026 2396 2086 ris,
2430 2029 2480 2078 et
2509 2023 2574 2079 de
2601 2026 2821 2079 malitia
2851 2026 2992 2094 regis
3021 2027 3377 2079 Francorum.

2094 2113 2166 2168 Ut
2195 2114 2350 2168 enim
2383 2115 2452 2168 de
2484 2113 2775 2184 prioribus
2824 2112 3052 2168 saeculis
3112 2114 3422 2168 reticeatur
3472 2115 3666 2171 adhuc

2021 2203 2231 2257 retinet
2262 2203 2546 2256 memoria
2567 2201 2886 2256 multorum
2911 2201 3064 2256 hanc
3086 2202 3455 2273 reciprocataa
3471 2204 3670 2258 vendi-

2021 2291 2198 2346 tionis
2229 2291 2473 2356 rabiem,
2496 2295 2822 2362 grassatam
2850 2308 2950 2360 per
2972 2291 3343 2345 Germaniam
3378 2297 3432 2346 et
3450 2291 3668 2348 Gallias

2023 2385 2326 2452 totamque
2361 2379 2606 2434 Italiam.
2641 2398 2673 2434 a
2712 2380 3074 2450 temporibus
3131 2379 3436 2444 Ottonum,
3481 2399 3670 2453 usque

2023 2470 2092 2524 ad
2115 2473 2376 2539 augustas
2399 2474 2454 2524 et
2475 2470 2616 2523 diva:
2642 2468 2934 2523 memorize
2957 2468 3389 2540 imperatorem,
3437 2469 3669 2525 Heinri-

2023 2575 2154 2613 cum
2180 2557 2509 2613 Cbuonradi
2537 2557 2741 2612 tilium.
2769 2557 2891 2621 Hic,
2925 2556 2983 2612 in
3017 2557 3224 2612 diebus
3246 2559 3389 2623 suis,
3415 2563 3534 2612 tam
3559 2576 3671 2614 ase

2023 2665 2198 2718 quam
2221 2637 2292 2702 ab
2313 2646 2745 2710 ecclesiasticis,
2771 2645 2998 2716 imperii
3023 2645 3135 2699 sibi
3157 2647 3359 2700 crediti
3403 2647 3668 2716 personis

2021 2737 2249 2788 tantum
2275 2733 2644 2805 sacrilegium
2663 2733 2908 2787 removit
2928 2731 3380 2803 aliquantulum,
3399 2733 3667 2804 quamvis

2021 2823 2268 2876 instaret
2296 2821 2634 2885 multum,et
2655 2826 2892 2892 cuperet
2915 2837 3210 2875 removere
3236 2825 3443 2876 totum.
3468 2823 3526 2876 In
3552 2839 3667 2894 quo

2023 2911 2215 2964 cordis
2237 2909 2564 2980 suioptimo
2586 2908 2874 2964 desiderio
2923 2908 3238 2964 immatura
3296 2915 3481 2964 morte
3525 2928 3666 2982 pras-

2023 3004 2248 3063 ventus,
2275 2999 2341 3052 ad
2368 2999 2489 3052 vitae
2513 3003 2738 3052 aeternae
2763 3013 3028 3067 regnum,
3055 3001 3117 3051 ut
3140 2997 3417 3063 creditur,
3445 2999 3530 3052 vel
3565 3016 3666 3070 pro

2023 3087 2132 3140 hac
2155 3087 2277 3142 sola
2299 3087 2641 3151 intentione,
2663 3086 2818 3141 velut
2836 3104 2937 3157 pro
2962 3086 3111 3141 oculi
3131 3088 3222 3141 sui
3272 3087 3664 3158 simplicitate,

2020 3181 2110 3230 est
2133 3174 2468 3243 translatus,
2493 3192 2624 3229 cum
2649 3192 2715 3230 ex
2735 3173 2936 3230 multis
2959 3192 3192 3246 quoque
3215 3174 3344 3230 aliis
3373 3176 3542 3231 bonis
3571 3194 3666 3230 ex-

265 3259 471 3326 bo,sed
487 3260 608 3316 solo
623 3260 766 3317 lacte
781 3279 928 3334 Opus
943 3247 1529 3334 est(llebr.v,12),sive
1555 3271 1614 3321 ut
1633 3272 1912 3336 tanquam
1951 3247 1992 3311 (ἶ
2027 3264 2240 3319 stiterit
2255 3264 2735 3334 laudatus.Cujus
2750 3264 3116 3334 synchronus
3139 3268 3195 3318 et
3216 3265 3667 3333 zequivocus,oc-

266 3347 442 3404 amici
474 3350 682 3420 Sponsi
731 3349 902 3406 ﬁdem
941 3369 1117 3431 unam
1151 3370 1377 3423 sponsae
1425 3353 1632 3424 ipsius,
1667 3371 1794 3425 qua:
1827 3362 1917 3410 est

268 3437 545 3505 Ecclesia,
568 3439 695 3494 sine
715 3439 1154 3496 intermissione
1175 3441 1486 3498 exhibeant
1513 3448 1570 3498 et
1616 3459 1913 3498 commen-

266 3527 430 3582 dent.
454 3527 796 3599 Quicunque
814 3544 950 3601 ergo
973 3529 1066 3585 his
1091 3530 1320 3586 duobus
1365 3530 1624 3602 aliquem
1657 3532 1909 3600 initiant,

260 3613 470 3686 procul
503 3615 682 3670 dubio
714 3634 948 3672 omnem
982 3617 1330 3689 pastoralem
1363 3620 1769 3675 auctoritatem
1803 3621 1909 3676 hoc

256 3706 668 3774 praesumendo
691 3705 804 3762 sibi
830 3706 1145 3762 vindicant.
1164 3707 1309 3761 Nam
1335 3713 1464 3778 post
1485 3707 1606 3764 hcce
1629 3710 1906 3777 enczenia,

253 3793 415 3864 quod
448 3791 1002 3864 liberumjudicium
1037 3797 1106 3850 de
1138 3795 1352 3852 talibus
1383 3799 1726 3866 rectoribus,
1779 3800 1905 3869 jam

252 3881 413 3937 datis
445 3880 656 3947 clerus,
690 3883 854 3955 plebs
885 3887 942 3939 et
971 3885 1136 3951 ordo,
1160 3901 1260 3940 seu
1287 3886 1776 3958 metropolitanus
1807 3906 1905 3943 eos

246 3975 729 4041 consecraturus,
765 3972 978 4028 habere
1021 3978 1316 4044 poterunt,
1351 3975 1492 4044 quid
1527 3980 1754 4030 tantum
1813 3994 1905 4033 su-

245 4063 449 4130 perest
471 4059 695 4128 rei,nisi
722 4061 1028 4116 convivent
1047 4062 1074 4115 ?
1096 4061 1189 4116 Sic
1223 4063 1576 4118 enczeniatus
1598 4065 1762 4135 prius
1784 4066 1902 4118 vio-

243 4146 448 4203 lentus
471 4147 694 4203 invadit
714 4148 955 4205 clerum.
977 4149 1227 4222 plebem,
1252 4153 1308 4204 et
1339 4150 1603 4205 ordinem
1638 4152 1902 4208 domina-

244 4240 422 4292 turus
453 4253 631 4308 quam
663 4237 736 4292 ab
766 4237 848 4294 eis
881 4241 1286 4310 cognoscatur,
1322 4243 1616 4309 quaeratur
1667 4245 1767 4295 aut
1796 4258 1900 4312 pe-

239 4327 429 4379 tatur.
449 4325 544 4380 Sic
566 4326 1082 4398 metrapolitanum
1141 4326 1500 4397 aggreditur,
1553 4345 1668 4382 non
1729 4331 1799 4383 ab
1832 4345 1898 4385 eo

230 4412 626 4482 judicandus,
653 4415 754 4470 sed
805 4415 1002 4487 ipsum
1043 4414 1458 4485 judicaturus;
1504 4433 1691 4487 neque
1741 4418 1896 4474 enim

231 4503 367 4572 jam
385 4501 629 4574 requirit
648 4508 748 4558 aut
769 4503 973 4576 recipit
988 4502 1552 4574 ejusjudicium.sed
1574 4505 1764 4560 solum
1782 4507 1897 4561 exi-

2024 3353 2328 3407 cidentalis
2353 3354 2599 3407 Francia:
2624 3353 2896 3424 perditor,
2921 3357 2978 3406 et
3012 3353 3106 3407 Dei
3129 3358 3434 3425 tyrannus,
3459 3371 3489 3408 e
3528 3369 3666 3408 con-

2025 3442 2222 3507 trario,
2248 3442 2398 3496 sicut
2422 3441 2576 3495 {ilius
2602 3441 2942 3512 perditionis
2968 3447 3024 3496 et
3052 3440 3474 3508 Antichristus,
3501 3441 3666 3497 Chri-

2021 3536 2110 3585 sto
2125 3532 2192 3585 ad
2203 3532 2656 3601 versatur,cujus
2672 3531 2922 3601 gratiam
2945 3531 3252 3604 impugnat
3263 3537 3314 3587 et
3331 3547 3664 3605 expugnare

2023 3637 2137 3674 non
2166 3625 2355 3676 cessat
2381 3619 2437 3674 in
2463 3619 2821 3676 cunctissua:
2845 3620 3084 3675 ditionis
3106 3622 3393 3692 partibus.
3413 3621 3533 3684 Quo
3556 3639 3662 3676 suo

2021 3709 2250 3777 merito,
2275 3708 2543 3765 draconis
2567 3710 2738 3779 cujus
2761 3726 2980 3780 sequax
3001 3715 3108 3774 est,
3165 3709 3351 3763 cauda
3401 3713 3661 3779 putatur,

2019 3814 2146 3868 qua:
2171 3798 2630 3853 innumerabiles
2651 3803 2707 3853 et
2727 3797 3032 3870 praeclaras
3055 3795 3252 3851 stellas
3276 3795 3426 3860 coeli,
3479 3795 3661 3850 Eccle-

2017 3886 2113 3941 sia:
2137 3885 2357 3941 scilicet
2380 3887 2727 3940 Francorum
2754 3885 3059 3938 traxeritet
3085 3883 3297 3950 trahat,
3320 3883 3660 3956 miseritque

2015 3975 2288 4030 etmittat
2310 3974 2368 4028 in
2390 3979 2602 4029 terram
2626 3973 2997 4028 tenebrosam
3034 3975 3090 4026 et
3138 3976 3400 4044 oportam
3453 3974 3659 4028 mortis

2015 4063 2280 4134 caligine.
2307 4063 2487 4126 Quem
2510 4062 2763 4133 Spiritus
2785 4059 3112 4128 sanctus,in
3138 4078 3311 4132 quem
3335 4060 3461 4116 sine
3479 4060 3657 4116 inter-

2015 4151 2292 4206 missione
2319 4150 2449 4222 plus
2472 4167 2648 4221 quam
2671 4149 2870 4204 Simon
2913 4149 3120 4219 Magus
3162 4154 3382 4220 peccat,
3415 4155 3516 4206 aut
3544 4151 3656 4206 cito

2011 4247 2429 4310 compunctum
2453 4238 2726 4306 corrigat,
2751 4243 2851 4293 aut
2872 4239 2985 4292 cito
3009 4256 3040 4293 a
3059 4255 3120 4293 se
3169 4239 3542 4293 interfectum
3580 4240 3650 4293 de

2011 4327 2202 4382 medio
2227 4325 2407 4391 tollat,
2433 4344 2503 4380 ne
2523 4330 2607 4380 tot
2628 4325 3026 4398 blasphemias
3045 4332 3100 4381 et
3120 4326 3367 4398 injurias
3413 4315 3484 4380 ad
3535 4343 3653 4381 sua:

2008 4415 2402 4471 damnationis
2427 4413 2730 4469 cumulum
2755 4420 2809 4470 et
2833 4421 3044 4470 sanctae
3065 4413 3520 4470 Christianitatis
3549 4431 3643 4468 ex-

2007 4507 2346 4562 terminium
2373 4506 2597 4560 diutius
2625 4505 2735 4576 ipsi
2759 4505 2999 4576 Spiritui
3018 4503 3650 4568 sanctoinferat.Quem

239 4589 332 4662 git
347 4594 407 4645 et
422 4597 729 4664 extorquet
743 4591 1064 4658 servitium,
1090 4592 1244 4663 quod
1274 4591 1324 4647 ei
1345 4591 1534 4648 solum
1553 4593 1611 4648 in
1635 4595 1894 4650 oratione
1926 4612 1972 4674 Β
2006 4601 2158 4650 Deus
2185 4602 2416 4667 propter
2430 4602 2664 4665 peccata
2687 4593 2886 4665 pOpuli
2911 4608 3152 4664 regnare
3175 4591 3532 4662 permisit,ut
3552 4609 3654 4664 per

236 4683 300 4733 et
317 4680 594 4736 unctione
645 4686 735 4736 est
756 4681 1047 4736 relictum.
1072 4681 1218 4744 Quid
1253 4681 1405 4736 enim
1433 4681 1686 4753 sibijam
1725 4681 1896 4755 perti-

236 4773 342 4822 net
373 4772 477 4823 aut
501 4770 738 4840 prodest
769 4769 1048 4824 baculum
1071 4775 1127 4824 et
1157 4769 1442 4825 annulum
1483 4788 1630 4842 quos
1682 4777 1894 4843 portat,

233 4856 524 4912 reddere?
545 4857 820 4930 Nunquid
846 4859 1036 4930 quiaa
1072 4858 1220 4913 laica
1269 4875 1516 4930 persona
1552 4860 1670 4914 dati
1721 4863 1898 4916 sunt?

233 4945 352 5002 Sed
369 4945 548 5001 etiam
564 4963 598 5002 a
614 4946 759 5003 laico
773 4947 1070 5019 baptisma
1083 4948 1284 5002 datum
1303 4965 1418 5003 non
1438 4953 1527 5003 est
1541 4949 1892 5015 iterandum,

241 5034 350 5089 sed
369 5035 632 5090 oratione
662 5040 718 5091 et
740 5037 1012 5092 unctione
1042 5053 1075 5092 a
1095 5037 1393 5092 sacerdote
1432 5036 1479 5092 si
1507 5038 1896 5110 supervivitur

234 5121 663 5195 supplendum,
698 5125 824 5181 sine
854 5126 1093 5198 quibus,
1125 5125 1238 5180 nisi
1272 5127 1416 5181 forte
1470 5127 1889 5198 supervivatur,

235 5229 494 5284 regnum
525 5213 804 5270 caelorum
836 5213 1237 5270 indubitanter
1266 5215 1537 5280 intratur,
1571 5233 1706 5270 cum
1767 5216 1891 5272 sine

233 5318 407 5372 aquae
441 5301 670 5359 lavacro
704 5302 1105 5360 nullus.Unde
1126 5307 1321 5374 patam
1348 5309 1437 5358 est
1469 5320 1642 5358 omne
1673 5305 1889 5376 episco-

233 5389 366 5460 pale
386 5389 646 5445 ofﬁcium
669 5391 728 5446 in
747 5393 961 5448 annulo
979 5397 1036 5446 et
1058 5391 1262 5447 baculo
1281 5392 1363 5447 eis
1378 5393 1735 5461 datum,sine
1750 5411 1890 5465 quo-

233 5495 369 5533 rum
405 5479 728 5535 imitatione
759 5487 815 5536 et
847 5481 1190 5536 auctoritate
1230 5480 1543 5552 episcopali
1567 5492 1884 5554 nequeunt,

232 5583 372 5624 curn
424 5568 550 5624 sine
589 5570 865 5626 unctione
899 5569 1116 5626 visibili
1160 5575 1388 5626 constet
1434 5571 1654 5625 sanctis
1712 5590 1883 5644 apos-

231 5655 373 5714 tolis
397 5655 509 5712 hoc
530 5658 878 5716 attributum
901 5659 959 5716 in
983 5659 1108 5716 sola
1120 5658 1501 5732 praeceptione
1524 5666 1881 5732 curzepasto-

2006 4702 2137 4739 eum
2164 4684 2428 4738 funditus
2450 4683 2758 4737 trahantur
2776 4682 2846 4735 ad
2871 4688 3087 4735 sortem
3123 4680 3359 4746 diaboli,
3412 4681 3511 4750 qui
3555 4699 3651 4736 n0-

2008 4774 2163 4828 mine
2187 4781 2356 4827 tenus
2374 4772 2725 4826 consebatur
2745 4786 2869 4824 esse
2894 4768 3130 4822 Christi.
3157 4769 3259 4823 Cui
3281 4769 3363 4823 sic
3385 4769 3650 4840 perditus

2006 4862 2101 4917 ille
2126 4862 2381 4932 perditor
2404 4859 2594 4929 palam
2621 4864 2676 4912 et
2699 4858 2988 4912 obstinate
3012 4875 3195 4929 usque
3218 4858 3556 4922 nunc,velut
3573 4859 3649 4913 al-

2005 4957 2094 5005 ter
2113 4949 2402 5011 Julianus,
2437 4950 2742 5017 repugnat,
2765 4950 2828 5000 ut
2849 4946 3118 5017 quamvis
3143 4946 3436 5002 multoties
3454 4948 3526 5002 ab
3559 4964 3646 5002 re-

2003 5039 2263 5094 verendae
2322 5035 2616 5090 memoriae
2667 5035 3042 5104 pontificibus
3094 5035 3420 5105 apostolicae
3467 5035 3646 5102 sedis,

2002 5129 2218 5182 domno
2244 5127 2430 5181 Leone
2452 5128 2508 5180 et
2526 5123 2778 5188 Victore,
2804 5141 2981 5194 super
3010 5128 3172 5179 tanta
3211 5123 3503 5196 apostasia
3552 5124 3646 5178 ad-

2003 5216 2263 5272 monitus
2285 5219 2341 5268 et
2364 5213 2870 5282 correptus,pejor
2911 5213 2967 5266 in
3002 5213 3124 5267 dies
3173 5214 3292 5279 fiat,
3352 5212 3646 5282 ﬁnemque

2000 5305 2124 5360 suis
2147 5301 2532 5374 pravitatibus
2555 5299 2784 5355 rebellis
2809 5300 2923 5354 Deo
2954 5306 3010 5354 et
3067 5299 3473 5356 sacerdotibus
3515 5301 3642 5370 ejus

2000 5409 2213 5463 ponere
2235 5395 2608 5455 contemnat;
2636 5388 2843 5443 noxius
2866 5406 3098 5460 quoque
3120 5394 3305 5451 terrm,
3331 5405 3640 5458 quam,ceu

1997 5481 2211 5538 sterilis
2235 5481 2427 5544 arbor,
2451 5483 2714 5550 occupat,
2741 5479 2908 5548 cujus
2932 5477 3203 5548 nequitia:
3228 5477 3549 5533 imitatores
3573 5479 3644 5534 si-

1994 5588 2060 5626 ve
2083 5585 2384 5641 compares
2416 5573 2472 5623 et
2512 5573 2809 5623 consortes
2845 5583 2977 5620 cum
3022 5567 3130 5621 hac
3177 5567 3419 5638 profana
3467 5585 3641 5639 pecu-

1996 5661 2092 5717 nia
2114 5661 2481 5733 prazsumunt
2499 5657 2656 5714 adire
2681 5660 2738 5712 et
2759 5656 3128 5729 frequentare
3147 5655 3354 5714 limina
3385 5656 3641 5714 Simonis
