4106 6178
511 296 661 364 1151

1547 296 1956 364 HUMBERTI
2003 297 2068 362 S.
2115 296 2187 363 Β.
2234 295 2305 362 Ε.
2354 296 2845 366 CARDINALIS.

3681 307 3803 374 1152

510 432 661 492 Petri
693 432 994 491 credentes
1023 430 1104 489 illi
1139 446 1310 507 posse
1330 426 1558 507 placere
1575 433 1698 506 jam
1716 431 1995 505 pecunias
2015 449 2150 489 con-
2182 429 2236 499 Α
2265 429 2488 491 dixerat
2521 450 2534 490 :
2569 457 2598 487 ‹‹
2631 434 2846 493 Euntes
2876 432 2936 491 in
2967 431 3252 492 mundum
3283 431 3604 506 universum,
3641 440 3802 512 praedi.

508 526 600 580 tra
624 540 792 579 suam
816 521 1161 579 sententiam
1199 521 1537 594 acquisitas,
1589 521 1851 594 exemplo
1897 521 2153 577 Simonis

411 664 414 666 γ
510 613 664 685 Magi
694 631 706 680 ;
732 629 837 667 nec
858 613 1069 668 timent
1089 630 1220 667 cum
1244 611 1341 666 illo
1365 613 1436 666 ab
1464 612 1588 683 ipso
1609 611 1873 682 Principe
1920 615 2152 683 aposto-

509 701 699 757 lorum
723 702 832 756 sibi
858 718 1089 773 quoque
1121 701 1233 756 dici
1266 719 1278 756 :
1305 723 1332 751 ‹‹
1368 701 1619 756 Pecunia
1639 704 1740 755 tua
1760 706 1953 756 tecum
1987 700 2064 755 sit
2093 700 2151 754 in

508 790 888 862 perditionem
924 791 1060 859 (Act.
1086 806 1206 853 vm,
1239 790 1354 861 20):
1381 810 1407 838 »
1432 789 1687 851 Quorum
1713 790 1837 860 jam
1885 788 2150 860 pecunia,

508 883 963 951 quantacunque
983 878 1077 945 sit,
1105 877 1414 933 immunda
1443 879 1526 942 fit,
1579 878 2047 949 quandocunque
2070 877 2154 933 Si-

508 969 772 1023 moniaca
795 967 1042 1038 pecunia
1071 968 1355 1022 accedens
1386 966 1548 1022 illam
1581 967 1885 1039 contingit.
1935 967 2045 1022 Sed
2080 967 2151 1022 ad

505 1055 869 1129 propositum
893 1057 1185 1112 redeatur.

1109 1163 1340 1219 CAPUT
1379 1162 1524 1218 VIII.

504 1259 588 1310 De
616 1253 1014 1326 quadripertito
1042 1252 1355 1326 venditione
1385 1250 1531 1324 apud
1555 1253 1853 1326 Latinosmt
1883 1251 1948 1306 de
1971 1252 2153 1322 Magni

775 1323 1124 1378 COnslanlz’ni
1153 1323 1436 1378 devotione
1466 1340 1592 1392 erga
1622 1324 1863 1378 clericos.

574 1411 931 1466 Distrahitur
962 1427 1096 1481 ergo
1129 1411 1349 1482 passim
1380 1415 1436 1465 et
1466 1411 1717 1482 sparsim
1751 1428 1844 1466 res
1873 1410 2150 1466 ecclesia-

501 1499 648 1554 stica
678 1498 838 1570 prius
872 1516 905 1552 a
961 1498 1324 1570 principibus
1377 1503 1433 1555 et
1489 1516 1691 1554 eorum
1737 1498 2146 1567 familiaribus,

500 1587 776 1642 deindea
834 1587 1302 1658 melropolitanis
1359 1594 1414 1644 et
1471 1605 1671 1643 eorum
1735 1587 2144 1644 familiaribus.

499 1676 715 1732 Neutra
744 1677 959 1748 quippe
978 1677 1235 1732 venditio
1259 1678 1324 1732 lit
1355 1678 1480 1733 sine
1504 1677 1944 1733 mediatoribus.
1962 1677 2147 1741 Quan-

499 1769 557 1821 to
587 1765 948 1821 tolerabilius
970 1766 1334 1833 venderetur,
1371 1767 1417 1822 si
1452 1767 1657 1822 saltem
1680 1767 1941 1839 exemplo
1963 1767 2144 1822 orien-

499 1853 632 1910 talis
664 1859 719 1910 et
774 1855 1180 1910 transmarinae
1239 1855 1529 1924 Ecclesiae,
1595 1873 1629 1910 a
1679 1855 2144 1928 metropolitanis

498 1946 723 1999 tantum
769 1959 1089 2015 eorumque
1142 1943 1533 2000 familiaribus
1591 1945 1957 2012 venderetur,
2006 1944 2147 2016 quia

499 2031 590 2088 bis
613 2036 926 2100 tantum,et
944 2050 1061 2088 non
1077 2037 1282 2105 quater
1302 2034 1956 2101 venderetur.Quamvis
1983 2034 2140 2088 enim

499 2120 866 2177 multimodis
888 2122 1187 2178 erroribus
1209 2122 1480 2178 Ecclesiae
1515 2121 2143 2195 Constantinopolitani

497 2209 727 2282 imperii
754 2214 1050 2278 vexentur,
1075 2211 1145 2264 ab
1177 2210 1285 2265 hoc
1317 2216 1515 2266 tamen
1546 2211 1840 2266 immunes
1871 2228 1975 2284 per
2019 2228 2141 2266 om-

498 2299 950 2354 nianoseuntur.
977 2298 1259 2370 Denique,
1284 2299 1658 2354 sicuiauditu
1709 2303 1766 2354 et
1813 2299 1942 2355 visu
1991 2315 2144 2354 com-

498 2387 820 2460 probavi,et
836 2387 1077 2458 insuper
1096 2387 1168 2442 ab
1192 2404 1289 2442 ore
1309 2387 1636 2443 orthodoxae
1660 2388 1951 2443 memoriae
1966 2387 2145 2459 impe-

497 2475 1106 2544 ratoris,Constantini
1133 2476 1519 2545 Monomacbi,
1545 2477 1602 2531 in
1628 2477 1757 2548 ipsa
1789 2475 1948 2548 regia
2000 2477 2142 2531 urbe

497 2582 601 2637 pro
623 2563 955 2637 apostolicae
978 2565 1135 2620 sedis
1156 2565 1453 2636 responsis
1477 2565 1700 2637 positus
1750 2565 1952 2637 agnovi
1980 2583 1992 2633 ;
2039 2581 2144 2620 nec

495 2654 620 2726 ipse
643 2654 978 2725 imperator,
1003 2670 1106 2709 nec
1125 2653 1407 2709 laicorum
1430 2653 1676 2726 quilibet
1694 2652 1872 2708 ullam
1896 2653 2146 2726 disposi-

495 2743 712 2798 tionem
743 2742 1121 2799 ecclesiarum
1152 2748 1254 2799 aut
1283 2741 1812 2798 ecclesiasticarum
1835 2743 2143 2798 ordinatio-

497 2848 639 2887 num
674 2849 774 2887 seu
811 2831 1152 2887 facultatum
1186 2831 1500 2903 aliquando
1532 2831 1641 2886 sibi
1673 2832 2013 2902 praesumit;
2040 2831 2141 2887 sed

498 2924 707 2976 cuncta
737 2920 912 2976 simul
946 2925 1256 2994 postquam
1291 2920 1468 2976 semel
1528 2919 1731 2976 relicta
1783 2925 1942 2987 sunt,
1977 2919 2144 2974 relin-

495 3014 760 3082 quuntur
792 3009 1153 3081 disponenda
1206 3009 1672 3081 metropolitanis
1729 3015 1786 3065 et
1845 3008 2145 3065 ecclesias-

493 3099 628 3156 ticis
657 3099 944 3172 personis,
979 3116 1012 3153 a
1047 3103 1306 3171 tempore
1365 3099 1601 3154 maximi
1657 3103 1714 3154 et
1773 3098 1948 3170 primi
2001 3099 2143 3154 Con-

494 3169 737 3245 stantini
771 3187 871 3260 qui
894 3205 1071 3261 super
1101 3169 1192 3244 his
1216 3187 1656 3244 memorabilem
1681 3191 1736 3243 et
1757 3169 2035 3243 omnibus
2053 3204 2141 3242 ca-
2171 3169 2213 3236 C

493 3278 728 3334 tholicis
756 3278 1130 3333 reverendam
1164 3277 1516 3332 sententiam
1535 3276 1799 3349 protulit.
1822 3276 2139 3333 Pransidens

494 3383 750 3437 namque
781 3369 993 3421 sanctae
1017 3366 1258 3438 synodo,
1285 3382 1410 3437 quae
1429 3366 1583 3437 apud
1607 3366 1843 3421 Niceam
1895 3381 2141 3438 congre-

495 3459 630 3527 gata
651 3459 760 3518 est,
795 3469 928 3508 cum
962 3453 1276 3524 queredam
1329 3454 1721 3525 quorumdam
1780 3455 2142 3526 conspiceret

496 3559 690 3600 coram
723 3558 785 3597 se
807 3541 1056 3598 delatam
1076 3541 1156 3596 ait
1181 3559 1193 3596 :
1218 3564 1245 3590 «
1271 3541 1380 3596 Vos
1423 3542 1709 3598 anemine
1749 3541 2005 3612 judicari
2037 3559 2140 3615 po-

496 3632 686 3700 testis,
716 3631 854 3704 quia
884 3630 1066 3687 solius
1101 3630 1435 3702 Deijudicio
1467 3631 1866 3686 reservamini.
1902 3631 1993 3686 Dii
2023 3635 2141 3687 ete-

498 3723 620 3779 nim
663 3722 848 3778 vocati
874 3721 1036 3787 estis,
1060 3719 1276 3776 idcirco
1319 3737 1433 3775 non
1487 3719 1730 3792 potestis
1773 3721 1844 3775 ab
1893 3720 2144 3775 homini-

499 3813 608 3868 bus
631 3810 963 3883 dijudicari.
1000 3810 1081 3866 Ite
1112 3814 1189 3877 et,
1224 3809 1376 3864 inter
1405 3826 1506 3864 vos
1528 3825 1739 3864 causas
1767 3813 1992 3865 vestras
2023 3809 2141 3864 dis-

499 3902 714 3975 ponite,
749 3901 889 3972 quia
918 3899 1162 3970 dignum
1197 3915 1314 3954 non
1374 3902 1462 3953 est
1521 3901 1586 3953 ut
1646 3915 1754 3953 nos
1803 3897 2143 3969 judicemus

499 3991 656 4045 deos.
684 4011 710 4038 «
734 3988 898 4043 Unde
928 3987 1058 4058 ipsa
1079 3991 1280 4042 sancta
1309 3987 1571 4060 synodus
1605 3986 1688 4042 sic
1731 3985 2143 4059 promulgavit.

500 4101 529 4128 ‹‹
551 4076 788 4148 Antiqui
812 4076 991 4130 moris
1014 4080 1120 4142 est,
1147 4081 1212 4130 ut
1234 4075 1396 4132 urbis
1420 4076 1614 4131 Romae
1638 4076 1950 4147 episcopus
1969 4075 2145 4131 habe-

501 4171 560 4223 at
581 4165 996 4238 principatum,
1019 4168 1076 4219 et
1093 4164 1414 4220 suburbica
1440 4165 1567 4221 loca
1587 4169 1644 4220 et
1663 4181 1898 4220 omnem
1923 4164 2148 4236 provin-

501 4256 650 4312 ciam
684 4269 792 4309 sua
823 4251 1216 4309 sollicitudine
1264 4254 1570 4326 gubernet.
1631 4254 1739 4318 Qui
1799 4270 1930 4310 vero
1989 4253 2146 4326 apud

499 4345 791 4417 Egyptum
824 4349 958 4398 sunt
990 4340 1353 4397 Alexandriae
1386 4342 1698 4415 episcopus
1749 4343 2012 4398 omnium
2045 4342 2148 4399 ha-

501 4433 634 4490 beat
661 4431 1136 4487 sollicitudinem.
1172 4430 1455 4486 Similiter
1471 4435 1666 4486 autem
1690 4436 1746 4486 et
1775 4432 1930 4487 circa
1947 4433 2148 4488 Antio-

501 4522 695 4579 chiam
725 4524 783 4576 et
814 4520 873 4574 in
924 4520 1147 4576 caeteris
1197 4520 1511 4592 provinciis
1560 4519 1859 4592 privilegia
1917 4521 2222 4607 propriaD

499 4614 827 4668 reservetur
854 4609 1318 4681 metropolitanis
1345 4609 1639 4666 Ecelesiis.
1677 4631 1704 4659 »
1754 4609 1933 4665 Porro
1991 4610 2147 4681 quod

503 4699 752 4756 decretis
777 4699 1171 4754 Romanorum
1197 4699 1539 4770 pontificum
1565 4699 1850 4754 insertum
1873 4699 1944 4754 de
1973 4699 2147 4755 rebus

502 4793 559 4844 et
591 4785 838 4859 negotiis
861 4785 1274 4842 ecclesiasticis
1292 4787 1600 4859 reperitur,
1628 4786 1722 4842 hic
1746 4804 1977 4860 quoque
1995 4788 2144 4844 inse-

505 4876 748 4931 rendum
773 4875 1147 4930 arbitramur.
1171 4875 1331 4938 Quod
1359 4875 1473 4932 tale
1504 4881 1616 4932 est.
1648 4877 1829 4933 Nemo
1854 4877 1955 4948 qui
1993 4876 2146 4933 Scri-

504 4967 706 5036 pturas
731 4962 956 5019 divinas
981 4962 1122 5032 legit
1144 4963 1376 5036 ignorat
1410 4966 1588 5036 quod,
1620 4965 1678 5020 in
1703 4965 1990 5038 principio
2013 4983 2145 5022 nas-

505 5052 690 5108 centis
720 5051 1011 5120 Ecclesiae,
1060 5050 1367 5122 discipulis
1426 5052 1485 5107 in
1546 5071 1731 5108 unum
1787 5053 2149 5127 congregatis

509 5159 640 5198 cum
690 5139 1068 5196 multitudine
1100 5141 1489 5210 credentium,
1520 5142 1579 5196 in
1611 5143 1827 5214 quibus
1875 5149 1999 5199 erat
2054 5160 2152 5200 cor

506 5248 648 5287 unm
685 5230 955 5286 etanima
976 5247 1093 5284 una
1115 5230 1249 5302 (Act.
1278 5247 1351 5298 ιν,
1406 5231 1517 5302 32),
1567 5232 1785 5304 quique
1833 5233 2147 5289 vendentes

505 5320 722 5393 prandia
753 5323 808 5374 et
839 5319 1235 5390 possessiones
1269 5336 1408 5376 suas
1467 5321 1806 5392 efferebant,
1830 5326 1887 5377 et
1933 5322 2150 5378 divide-

503 5410 674 5463 batur
697 5407 964 5478 singulis,
992 5413 1183 5480 prout,
1208 5408 1417 5481 cuique
1436 5425 1584 5480 opus
1606 5415 1728 5464 erat
1759 5411 1891 5481 (Act.
1943 5429 2004 5466 II.
2033 5412 2144 5484 45).

507 5497 785 5552 Futuram
808 5513 1060 5569 namque
1093 5496 1412 5554 Ecclesiam
1444 5497 1504 5552 in
1562 5498 1839 5570 gentibus
1899 5500 2148 5572 apostoli

508 5585 922 5666 praevidebant,
947 5587 1336 5661 maximeque,
1368 5587 1507 5661 quia
1535 5587 1818 5647 Dominus
1847 5587 1962 5646 illis
2003 5607 2148 5664 prae-

2263 527 2388 578 cate
2407 524 2783 598 Evangelium
2808 526 2999 598 (Marc.
3024 542 3136 592 xvr,
3165 524 3250 594 15)
3297 544 3363 582 »:
3409 525 3489 582 vel
3506 526 3626 599 quia
3665 529 3808 600 expel-

2262 611 2419 668 lendi
2452 619 2618 669 erant
2646 616 2923 682 aJudaaa,
2967 618 3245 671 noverant
3299 631 3357 671 se
3398 619 3449 672 et
3499 615 3549 670 in
3597 617 3808 688 gentibus

2264 701 2706 775 dispergendos,
2727 703 3163 776 Ecclesiamque
3185 705 3615 776 congregandam
3642 721 3698 760 ex
3713 706 3809 761 rudi

2262 790 2476 863 populo
2498 792 2711 848 idcirco
2732 793 2948 865 praedia
2967 793 3024 848 in
3047 793 3246 847 Judaea
3266 791 3509 856 minime,
3530 797 3649 848 sunt
3675 795 3810 866 adep-

2262 880 2326 949 ti,
2353 881 2452 936 sed
2479 881 2664 952 pretia
2690 883 3096 937 tantummodo
3127 881 3197 937 ad
3231 881 3489 936 fovendos
3518 886 3730 954 egentes.

2331 971 2403 1024 At
2430 986 2586 1034 vero,
2621 987 2754 1026 cum
2797 970 2948 1025 inter
2976 970 3241 1026 turbines
3288 974 3342 1024 et
3395 969 3614 1025 adversa
3655 970 3810 1026 mundi

2261 1061 2651 1114 succresceret
2680 1057 2955 1124 Ecclesia,
2979 1058 3123 1114 adeo
3152 1073 3335 1129 usque
3375 1057 3608 1128 pervenit
3633 1062 3685 1112 ut
3725 1075 3809 1114 non

2262 1145 2456 1202 solum
2487 1151 2710 1220 gentes,
2740 1149 2841 1203 sed
2870 1147 3046 1203 etiam
3071 1147 3314 1202 Romani
3334 1145 3718 1219 principes,qui
3739 1162 3809 1217 pe-

2259 1249 2332 1288 ne
2353 1235 2531 1288 totius
2553 1234 2710 1289 orbis
2733 1233 3133 1289 monarchiam
3148 1233 3508 1301 tenebant,ad
3523 1232 3672 1289 ﬁdem
3691 1232 3809 1288 Chri-

2259 1321 2333 1378 sti
2353 1326 2409 1377 et
2429 1323 2704 1394 baptismi
2745 1327 3114 1378 sacramenta
3144 1325 3552 1384 concurerrent.
3583 1325 3619 1376 Ε
3644 1320 3806 1392 quibus

2257 1410 2345 1465 vir
2366 1410 2866 1484 religiosissimus,
2885 1409 3296 1467 Constantinus
3320 1410 3550 1482 primus,
3583 1410 3725 1464 {idem
3743 1424 3810 1463 ve-

2259 1499 2448 1555 ritatis
2471 1505 2738 1572 patenter
2759 1501 3028 1573 adeptus,
3057 1499 3352 1555 licentiam
3396 1499 3542 1554 dedit
3584 1514 3670 1569 per
3714 1496 3811 1551 uni-

2255 1605 2487 1644 versum
2521 1590 2719 1645 orbem
2755 1590 2862 1644 sub
2895 1606 3001 1644 suo
3033 1589 3308 1660 degentes
3339 1587 3564 1659 imperio
3614 1603 3707 1641 non
3746 1600 3812 1640 so-

2255 1677 2379 1733 lum
2403 1678 2524 1732 fieri
2549 1677 2628 1733 Cb
2638 1678 2933 1745 ristianos,
2949 1678 3048 1733 sed
3072 1677 3251 1733 etiam
3267 1674 3565 1732 fabricandi
3580 1672 3813 1738 ecclesias,

2254 1771 2312 1822 et
2335 1766 2550 1839 praedia
2566 1766 2878 1822 tribuenda
2894 1766 3218 1822 constituit.
3245 1766 3513 1837 Denique,
3538 1764 3668 1818 idem
3707 1779 3812 1834 pre-

2255 1856 2408 1910 fatus
2431 1855 2701 1928 princeps
2723 1855 2966 1911 donaria
2988 1855 3280 1910 immensa
3299 1857 3354 1910 et
3375 1852 3628 1908 fabricam
3659 1847 3812 1921 templi

2257 1943 2460 2016 primae
2487 1943 2644 1998 sedis
2669 1943 2822 1998 beati
2846 1943 3022 2010 Petri,
3043 1943 3327 2015 principis
3360 1939 3701 2014 apostolorum
3726 1937 3814 1990 ins-

2251 2033 2614 2101 tituit;adeo
2656 2035 2722 2086 ut
2769 2033 2968 2088 sedem
3018 2031 3384 2104 imperialem
3438 2044 3594 2100 quam
3623 2022 3812 2081 Romani

2254 2121 2546 2195 principes
2571 2121 2953 2193 praesiderent
2995 2119 3375 2192 relinqueret,
3421 2125 3476 2174 et
3513 2118 3655 2172 beato
3691 2113 3816 2168 Petro

2255 2210 2495 2282 suisque
2517 2209 2864 2282 praesulibus
2890 2210 3263 2283 profuturam
3284 2207 3619 2264 concederet.
3641 2203 3708 2256 Ab
3745 2198 3815 2253 illo

2252 2299 2468 2355 etenim
2486 2303 2748 2371 tempore
2770 2303 2826 2354 et
2846 2299 3120 2370 deinceps
3137 2297 3250 2352 viri
3273 2295 3516 2369 religiosi
3535 2310 3635 2350 non
3675 2288 3817 2347 solum

2253 2387 2656 2462 possessiones
2679 2391 2734 2443 et
2756 2387 2974 2460 pradia
2997 2404 3127 2459 quae
3147 2387 3544 2459 possederant,
3564 2382 3647 2438 sed
3686 2377 3818 2434 etiam

2255 2479 2476 2551 seipsos
2512 2477 2757 2532 Domino
2779 2478 3222 2543 consecrarunt,
3246 2474 3583 2530 aedificantes
3607 2465 3822 2524 basilicas

2253 2568 2311 2622 in
2347 2568 2470 2624 suis
2502 2566 2703 2623 fundis
2736 2565 2795 2621 in
2827 2566 3047 2621 honore
3073 2569 3414 2621 sanctorum
3448 2564 3726 2630 martyrum
3752 2569 3824 2625 per

2257 2654 2520 2708 civitates
2551 2669 2617 2708 ac
2649 2652 3027 2717 monasteria,
3060 2652 3118 2706 in
3151 2652 3374 2724 quibus
3428 2651 3596 2704 coetus
3634 2641 3824 2700 Domino

2253 2741 2631 2798 servientium
2665 2741 3018 2797 conveniret.
3051 2740 3508 2813 Denique,reges
3536 2740 3585 2792 et
3611 2730 3827 2806 praesides

2253 2848 2319 2886 ac
2355 2830 2738 2904 magistratus
2771 2847 2888 2886 non
2919 2829 3111 2886 solum
3169 2829 3329 2885 hanc
3386 2825 3658 2883 licentiam
3704 2817 3828 2876 attri-

2253 2921 2532 2987 buerunt,
2565 2920 2666 2976 sed
2698 2919 2874 2975 etiam
2933 2919 3043 2992 ipsi
3094 2920 3341 2991 propria
3387 2915 3570 2988 largiti
3600 2914 3717 2969 sunt
3756 2921 3830 2979 per

2251 3007 2524 3064 universa
2555 3023 2734 3079 regna
2765 3012 3076 3074 terrarum,
3100 3007 3280 3063 unde-
3320 3006 3600 3062 alerentur
3648 3001 3827 3071 egentes

2251 3097 2350 3171 qui
2384 3096 2466 3151 nil
2498 3096 2557 3151 in
2591 3097 2810 3152 mundo
2843 3094 3630 3169 possidebant,ecclesiaeque
3646 3085 3830 3144 fabrica-

2250 3190 2451 3243 rentur
2471 3191 2645 3258 atque
2663 3185 3397 3257 restaurarentur,Deoque
3418 3187 3472 3239 et
3488 3175 3718 3237 Ecclesiae
3735 3173 3829 3243 ejus

2250 3276 2359 3331 rite
2392 3275 2812 3331 famulantium
2843 3291 3271 3346 servorumque
3296 3273 3454 3329 illius
3497 3265 3831 3342 supplementa

2251 3366 2474 3437 absque
2505 3363 2846 3420 necessilate
2876 3363 3281 3419 tribuerentur
3331 3367 3415 3428 ut,
3447 3360 3560 3415 haec
3611 3351 3829 3424 accipien-

2250 3458 2358 3519 tes,
2385 3453 2708 3508 secundum
2739 3451 2962 3507 monita
2990 3451 3280 3523 Apostoli,
3316 3451 3551 3523 possent
3578 3442 3828 3502 orationes,

2252 3542 2697 3616 postulationes,
2753 3540 3212 3609 obsecrationes,
3270 3540 3585 3616 gratiarum
3634 3530 3832 3622 actiones

2253 3631 2378 3688 fieri
2409 3647 2514 3704 pro
2545 3630 2822 3686 omnibus
2852 3629 3220 3697 hominibus,
3255 3647 3363 3702 pro
3414 3627 3634 3701 regibus
3682 3624 3727 3676 et
3763 3630 3837 3687 ‘1‘“

2254 3721 2313 3776 in
2347 3719 2708 3776 sublimitate
2763 3723 2920 3787 sunt,
2980 3723 3047 3774 ut
3094 3719 3362 3790 quietam
3413 3721 3469 3773 et
3523 3705 3835 3782 tranquillam

2252 3810 2431 3865 vitam
2454 3808 2709 3863 habeant
2741 3826 2754 3876 ;
2788 3808 2974 3864 ethoc
2995 3807 3219 3864 bonum
3253 3812 3312 3864 et
3343 3808 3634 3878 acceptum
3659 3810 3762 3855 esse
3777 3806 3840 3846 co-

2255 3915 2381 3954 ram
2412 3896 2529 3952 Deo
2560 3897 2607 3968 (I
2634 3897 2773 3954 Tim.
2817 3914 2880 3966 ιι,
2917 3897 3058 3969 1-3),
3116 3896 3280 3952 idem
3325 3895 3592 3968 Magister
3635 3883 3840 3961 gentium

2256 3988 2633 4060 protestetur,
2657 3989 2715 4041 et
2746 3985 2838 4040 cui
2869 3984 3200 4041 sollicitudo
3225 3984 3497 4040 omnium
3522 3974 3844 4038 Ecclesiarum

2255 4075 2638 4132 incumbebat
2659 4075 2734 4146 (II
2751 4073 2872 4130 Cor.
2903 4091 2982 4144 xI,
3013 4075 3126 4146 28),
3151 4075 3381 4146 quique
3419 4071 3698 4144 episcopos
3723 4072 3842 4150 1‘6ng

2257 4181 2319 4222 re
2350 4181 2453 4237 per
2484 4163 2769 4237 Spiritum
2801 4169 3071 4220 sanetum
3113 4163 3426 4219 constituit
3467 4155 3748 4216 Eoclesiam
3773 4148 3843 4203 Dei

2258 4255 2393 4328 (Act.
2426 4271 2523 4324 xx,
2551 4253 2667 4326 28),
2700 4253 2916 4326 quibus
2948 4252 3029 4308 ait
3061 4268 3072 4306 :
3108 4275 3138 4302 «
3171 4252 3407 4309 Pascite
3439 4249 3537 4323 qui
3592 4248 3673 4301 est
3700 4242 3747 4294 in
3773 4250 3844 4289 v0-

2257 4343 2348 4400 bis
2378 4359 2614 4416 gregem
2644 4342 2768 4412 Dei,
2800 4341 3169 4414 providentes
3200 4359 3322 4397 non
3355 4343 3570 4406 coaete,
3597 4332 3687 4390 sed
3715 4340 3842 4416 Spw:

2259 4437 2317 4489 te
2348 4411 2672 4488 secundum
2703 4411 2911 4498 Deum,
2945 4447 3134 4504 neque
3170 4431 3369 4504 turpis
3402 4428 3546 4485 lucri
3573 4421 3756 4511 gratia,

2256 4522 2580 4579 voluntarie
2607 4524 2658 4594 (Ι
2682 4523 2832 4577 Petr.
2865 4538 2918 4591 v,
2948 4502 3244 4592 2).'Nemo
3276 4502 3543 4575 militans
3564 4515 3670 4572 Deo
3696 4502 3845 4578 impli-

2259 4616 2352 4669 cat
2381 4628 2442 4668 se
2473 4609 2721 4683 negotiis
2752 4609 3132 4667 saecularibus
3163 4610 3236 4682 (II
3274 4611 3421 4665 Tim.
3456 4625 3518 4674 ιι,
3547 4606 3622 4676 4).
3660 4623 3685 4651 υ

2329 4701 2464 4765 Quae
2487 4699 2644 4755 enim
2671 4703 2812 4755 sunt
2842 4698 3075 4771 negotia
3131 4696 3463 4762 saecularia,
3495 4689 3669 4750 sancti
3718 4694 3847 4741 cano-

2257 4805 2364 4845 nes
2384 4788 2762 4844 manil‘estant
2781 4791 2838 4843 et
2854 4786 3120 4843 inhibent
3149 4787 3236 4844 sic
3268 4803 3336 4842 :«
3365 4789 3514 4843 Dum
3536 4776 3850 4857 perspicuum

2257 4878 2336 4934 sit
2358 4877 2513 4950 quod
2537 4877 2798 4950 quidam,
2825 4875 2925 4949 qui
2940 4877 3000 4931 in
3018 4875 3170 4932 clero
3190 4875 3472 4933 videnlur
3490 4869 3646 4929 electi
3669 4864 3852 4940 propter

2255 4968 2421 5023 lucra
2448 4966 2664 5040 turpia,
2698 4967 3081 5022 conductores
3103 4964 3437 5022 alienarum
3475 4955 3852 5040 possessiomltl1

2257 5057 2405 5113 ﬁant
2434 5060 2491 5112 et
2520 5036 2826 5112 saecularia
2847 5054 3079 5128 negotia
3107 5054 3217 5110 sub
3251 5071 3400 5110 cura
3428 5036 3538 5110 sua
3564 5036 3851 5128 suscipiant.

2257 5145 2358 5202 Dei
2374 5144 2612 5217 quidem
2626 5126 3018 5200 ministerium
3033 5142 3190 5216 parvi
3197 5144 3532 5216 pendentes
3547 5126 3854 5219 saecularilrlli1

2255 5250 2390 5291 vero
2414 5235 2620 5291 domos
2643 5234 3040 5290 discurrentes
3061 5237 3392 5306 et,propter
3413 5218 3855 5291 avaritiam,patﬂ'

2259 5325 2591 5380 moniorum
2605 5323 3060 5381 sollicitudinem
3073 5327 3408 5391 sumentes,
3434 5314 3679 5377 decrevit
3698 5317 3854 5379 διψη-

2257 5413 2415 5470 dicta
2439 5415 2700 5487 synodus
2730 5411 2960 5468 nullum
2991 5411 3272 5485 deinceps
3304 5410 3581 5468 clericum
3636 5403 3727 5459 aut
3753 5406 3853 5468 ροῦ-

2258 5504 2551 5561 sessiones
2589 5504 2935 5572 conducere,
2967 5505 3070 5558 aut
3124 5501 3383 5575 negotiis
3443 5490 3858 5578 saecularibusoe

2259 5591 2524 5663 miscere,
2557 5597 2763 5666 praeter
2792 5590 3149 5666 pupillorum
3174 5593 3236 5648 et
3285 5590 3675 5664 orphanorum
3704 5593 3759 5637 ac
3795 5586 3857 5625 νι·
