4106 6178
278 329 433 389 1153

858 323 1267 391 ADVERSUS
1313 326 1788 392 SIMONIAGOS
1833 321 2041 389 LIBRI
2086 320 2308 389 TRES.
2344 361 2420 374 —
2451 325 2684 391 LIBER
2726 319 3089 394 TERTIUS.

3523 335 3678 397 1154

275 462 549 527 duarum,
584 465 686 516 aut
715 461 766 518 si
798 462 941 518 forte
963 460 1544 535 episcopuszcivitatis
1564 460 1914 518 ecclesiasti-
1949 462 2004 529 Α
2032 460 2301 516 habitum
2334 462 2598 518 deferens
2647 465 2718 519 ad
2779 463 3173 520 ecclesiastica
3228 465 3420 521 ofﬁcia
3481 468 3676 523 venire

277 566 479 606 carum
513 565 709 604 rerum
732 549 1188 606 sollicitudinem
1210 549 1425 606 habere
1455 549 1770 622 praecipiat.
1804 549 1916 605 Ubi

275 639 502 712 liquido
524 643 682 711 patet
711 640 852 711 quia
879 638 992 695 alia
1021 643 1160 694 sunt
1188 639 1421 713 negotia
1450 639 1770 706 saecularia,
1803 638 1918 695 alia

275 727 690 783 ecclesiastica.
727 750 754 777 »
782 729 981 784 Nonne
1020 728 1247 801 Moyses
1277 727 1335 782 in
1366 727 1576 784 saculo
1606 733 1752 795 erat,
1782 745 1916 785 cum

273 817 478 872 crebro
524 816 582 870 in
614 816 988 872 tabernaculo
1018 817 1260 874 intraret
1296 821 1352 873 et
1389 817 1589 885 exiret,
1619 818 1720 890 qui
1751 817 1913 875 intus

273 907 332 961 in
365 904 917 977 contemplationem
947 909 1171 978 raptus,
1205 906 1343 962 foris
1371 905 1800 962 inﬁrmantium
1825 924 1919 962 ne-

273 995 450 1070 gotiis
463 995 799 1067 urgebatur;
822 994 981 1050 intus
1002 994 1104 1050 Dei
1127 1011 1338 1050 arcana
1359 995 1757 1064 considerans,
1778 996 1919 1052 foris

267 1085 597 1142 carnalium
629 1101 807 1140 onera
825 1084 1094 1156 portabat
1110 1084 1298 1156 (Exod.
1323 1101 1511 1152 xxxrv,
1545 1086 1633 1152 34,
1657 1086 1767 1157 35).
1801 1086 1915 1141 Cu-

257 1175 362 1245 jus
394 1177 598 1246 typum
629 1173 688 1228 in
722 1172 976 1229 Ecclesia
998 1174 1327 1229 sacerdotes
1358 1189 1527 1246 agere
1559 1173 1792 1242 debent,
1827 1178 1913 1242 ut,

269 1264 414 1318 dum
447 1262 601 1318 foras
622 1266 833 1317 exeunt
853 1262 924 1317 ad
946 1262 1265 1317 exercenda
1285 1262 1517 1335 negotia
1538 1280 1639 1333 pro
1663 1263 1915 1320 necessi-

272 1351 499 1407 tatibus
531 1351 921 1418 subditorum,
956 1350 1115 1406 intus
1147 1350 1218 1405 ad
1262 1367 1326 1406 se
1357 1351 1596 1406 redeant
1637 1367 1740 1423 per
1782 1368 1919 1407 con-

270 1440 714 1512 templationem
757 1440 1192 1495 mandatorum.
1224 1438 1387 1494 Sicut
1420 1438 1639 1495 Paulus
1671 1440 1771 1512 qui
1804 1457 1916 1496 cce-

275 1529 524 1586 lestibus
553 1530 795 1586 secretis
811 1528 1111 1594 inseritur,
1140 1531 1196 1583 et
1222 1531 1419 1584 tamen
1440 1543 1544 1600 per
1567 1529 1918 1586 condescen-

271 1619 458 1676 sionis
478 1619 701 1675 viscera
730 1617 1054 1675 carnalium
1075 1616 1269 1672 cubile
1290 1621 1605 1672 scrutatur.
1631 1618 1795 1674 Sicut
1821 1617 1918 1674 Ja-

271 1709 382 1764 cob
414 1708 790 1764 ascendentes
823 1711 879 1763 et
906 1707 1324 1762 descendentes
1353 1705 1590 1778 angelos
1619 1706 1764 1762 vidit
1783 1707 1922 1779 quia

271 1796 544 1853 videlicet
589 1802 841 1852 rectores
884 1794 1149 1851 Ecclesiae
1181 1811 1297 1850 non
1336 1795 1526 1851 solum
1574 1796 1757 1851 Deum
1791 1813 1921 1853 con-

275 1885 613 1958 templando
635 1887 938 1958 appetunt,
961 1885 1062 1940 sed
1088 1884 1362 1940 deorsum
1395 1900 1628 1956 quoque
1646 1886 1716 1940 ad
1738 1902 1920 1940 mem-

276 1976 387 2032 bra
415 1974 574 2030 illius
605 1974 936 2029 miserando
969 1973 1351 2029 descendunt.
1387 1973 1454 2027 Et
1479 1973 1621 2028 dum
1653 1974 1920 2029 sacerdo-

274 2065 364 2119 tes
396 2063 608 2118 horum
643 2063 794 2118 facta
823 2062 1150 2128 imitantur,
1183 2066 1242 2116 et
1271 2077 1334 2116 se
1363 2061 1702 2117 custodiunt
1742 2065 1798 2117 et
1828 2078 1924 2117 su-

275 2152 572 2207 bditorum
603 2167 778 2206 onera
798 2154 1052 2222 portant.
1073 2154 1140 2205 Et
1165 2149 1432 2204 videntur
1457 2149 1601 2204 tales
1624 2166 1752 2232 esse
1774 2167 1925 2221 qua-

271 2241 362 2297 les
391 2241 547 2296 idem
579 2239 848 2312 egregius
877 2239 1095 2294 Paulus
1125 2237 1410 2310 praecipit,
1457 2242 1522 2293 ut
1552 2239 1649 2309 qui
1691 2243 1928 2294 utuntur

273 2331 374 2386 hoc
400 2329 605 2385 mundo
626 2333 895 2401 tanquam
926 2344 1032 2383 non
1056 2331 1305 2392 utantur,
1326 2330 1379 2382 et
1401 2330 1497 2397 qui
1520 2327 1778 2398 gaudent,
1801 2332 1925 2383 tan-

274 2437 445 2492 quam
481 2435 592 2474 non
619 2418 933 2490 gaudentes,
965 2421 1017 2472 et
1047 2418 1140 2488 qui
1168 2424 1356 2472 emunt
1383 2419 1643 2489 tanquam
1674 2433 1786 2472 non
1804 2433 1930 2488 pos-

275 2508 515 2564 sidentes
545 2508 593 2580 (I
621 2508 742 2564 Cor.
776 2524 876 2575 vn,
908 2508 999 2576 30,
1033 2506 1145 2577 3t).

916 2613 1153 2669 CAPUT
1203 2613 1298 2668 IX.

281 2705 360 2760 De
406 2703 720 2777 differentia
755 2704 1172 2777 clerieorum__et
1198 2701 1507 2777 taieqrum,
1557 2706 1609 2758 et
1656 2702 1721 2757 de
1748 2703 1928 2759 studio

709 2776 861 2830 beati
890 2773 1134 2844 Gregorii
1184 2774 1243 2827 in
1278 2773 1501 2828 talibus.

359 2865 441 2920 Ex
471 2865 686 2936 quibus
717 2864 935 2936 pariter
963 2865 1293 2928 edocemur,
1333 2863 1488 2934 quod
1538 2861 1692 2918 sicut
1738 2863 1932 2920 clerici

282 2952 588 3010 saecularia
618 2953 870 3025 negotia,
899 2952 984 3008 sic
1013 2956 1070 3007 et
1099 2951 1231 3006 laici
1269 2950 1666 3007 ecclesiastica
1717 2969 1934 3024 praesu-

286 3059 448 3098 mere
479 3040 882 3114 prohibentur.
916 3041 982 3095 Et
1004 3040 1156 3095 sicut
1176 3038 1371 3095 clerici
1401 3056 1435 3094 a
1463 3038 1652 3107 laicis,
1685 3040 1768 3096 sic
1801 3041 1932 3096 laici

289 3135 663 3186 removentur
691 3148 724 3186 a
751 3129 996 3194 clericis,
1027 3133 1147 3184 tam
1169 3145 1237 3184 ex
1257 3127 1492 3184 licentia
1511 3133 1729 3184 mutuaa
1762 3146 1932 3185 accu-

2030 552 2286 620 festinat,
2323 569 2436 607 non
2471 552 2797 625 relinquere
2835 553 2996 625 cupit
3041 553 3342 624 saeculum,
3395 557 3495 611 sed
3542 575 3674 613 mu-

2025 645 2151 697 tare
2182 664 2207 692 n
2247 641 2349 697 Hic
2381 659 2614 714 quoque
2645 645 2852 699 beatus
2875 642 3133 714 pontifex
3157 643 3540 700 nihilominus
3574 664 3674 717 per

2027 729 2290 785 diversas
2319 730 2670 802 provincias,
2708 749 2810 803 pro
2857 732 3122 787 custodia
3161 749 3340 788 sacrae
3381 733 3678 805 religionis

2027 820 2320 891 rebusque
2345 836 2667 891 pauperum
2702 825 2938 875 strenue
2968 820 3388 892 gubernandis,
3423 821 3676 877 ecclesias

2028 926 2145 965 suae
2176 908 2328 964 viros
2361 909 2684 965 industrios
2715 914 2966 965 rectores
2997 911 3483 981 patrimoniorum
3528 915 3676 970 asci-

2025 996 2138 1052 vit:
2173 995 2467 1067 inquibus
2497 995 2847 1068 Cyprianum
2885 997 3202 1052 Diaconum
3235 997 3674 1069 patrimoniiSi-

2028 1084 2182 1141 culi:
2216 1085 2627 1142 Pantaleonem
2673 1085 2967 1141 notarium
2999 1087 3372 1158 Syracusani,
3406 1093 3462 1143 et
3510 1095 3674 1144 caete-

2029 1191 2124 1230 ros
2167 1175 2266 1246 qui
2300 1174 2517 1230 ibidem
2567 1175 2947 1230 nominantur
2987 1192 3175 1247 usque
3225 1177 3295 1230 ad
3347 1178 3677 1234 Candidum

2027 1265 2456 1338 presbyterum,
2492 1263 2798 1319 Gallicani.

2100 1355 2264 1410 Unde
2284 1354 2457 1410 etiam
2475 1352 2753 1408 Januario
2773 1353 3101 1410 Calaritano
3122 1355 3273 1410 inter
3299 1361 3503 1411 caetera
3534 1357 3677 1411 scri-

2028 1443 2133 1509 bit,
2166 1443 2368 1498 dicens
2402 1458 2416 1497 :
2453 1441 2780 1496 Indicatum
2831 1442 2999 1498 nobis
3029 1447 3118 1498 est
3150 1445 3302 1515 quod
3352 1444 3519 1499 laicis
3551 1446 3676 1516 qui-

2028 1533 2280 1588 busdam
2303 1547 2503 1586 curam
2525 1531 2700 1586 vestri
2726 1531 3063 1602 patrimonii
3087 1532 3488 1587 commisistis.
3514 1534 3675 1598 Quod

2029 1621 2101 1677 de
2131 1625 2335 1676 caetero
2386 1620 2711 1676 cavendum
2760 1637 2794 1674 a
2833 1621 3194 1675 fraternitate
3246 1626 3439 1678 vestra
3479 1626 3570 1677 est
3608 1640 3679 1678 ne

2030 1708 2408 1764 saecularibus
2458 1708 2617 1773 viris,
2669 1711 2844 1778 atque
2897 1725 3012 1763 non
3064 1710 3174 1763 sub
3224 1711 3426 1782 regula
3490 1715 3681 1766 vestra

2032 1797 2399 1870 degentibus,
2443 1795 2760 1867 cujuslibet
2791 1813 2880 1850 res
2913 1795 3176 1852 Ecclesize
3209 1799 3676 1866 committantur,

2033 1887 2133 1942 sed
2167 1886 2427 1958 probatis
2465 1887 2535 1940 de
2565 1889 2752 1939 vestro
2785 1885 2974 1940 ofﬁcio
3025 1885 3248 1941 clericis
3282 1887 3339 1941 in
3373 1888 3586 1958 quibus
3631 1889 3681 1943 si

2033 1975 2171 2047 quid
2231 1973 2469 2046 reperiri
2523 1973 2736 2045 poterit
2794 1975 3116 2044 pravitatis,
3180 1979 3243 2028 ut
3309 1976 3367 2029 in
3427 1976 3679 2032 subditis

2033 2063 2345 2119 emendare
2395 2063 2546 2134 quod
2588 2061 2859 2116 illicitum
2912 2067 3141 2134 gestum
3206 2064 3380 2118 fuerit
3418 2064 3678 2121 valeatis.

2034 2153 2189 2216 Quos
2214 2151 2480 2206 videlicet
2512 2150 2665 2222 apud
2696 2167 2796 2205 vos
2827 2150 3064 2206 habitus
3095 2152 3186 2206 sui
3207 2152 3465 2208 ofﬁcium
3494 2155 3681 2226 magis

2034 2241 2338 2297 conveniet
2368 2256 2548 2312 quam
2579 2245 2834 2294 excuset.
2872 2262 2898 2287 »
2930 2240 3035 2306 Qui
3067 2239 3264 2308 etiam,
3297 2243 3367 2296 de
3417 2244 3685 2299 sacerdo-

2037 2331 2195 2386 tibus
2228 2329 2503 2385 Mauricis
2527 2329 2863 2400 imperatori
2891 2329 3171 2397 scribens,
3194 2330 3346 2384 inter
3366 2335 3573 2387 caetera
3603 2333 3685 2388 sic

2035 2420 2117 2475 ait
2150 2437 2161 2474 :
2193 2442 2214 2470 ‹
2247 2418 2659 2475 Sacerdotibus
2689 2423 2908 2482 autem,
2940 2434 3054 2472 non
3079 2435 3147 2473 ex
3169 2423 3400 2475 terrena
3431 2426 3680 2492 potesta-

2034 2513 2092 2564 te
2122 2508 2401 2564 dominus
2424 2511 2617 2563 noster
2638 2506 2812 2562 citius
2851 2506 3191 2578 indignetur
3215 2525 3228 2575 ;
3262 2508 3361 2563 sed
3385 2509 3686 2566 excellenti

2037 2597 2526 2662 consideratione,
2551 2599 2788 2668 propter
2808 2611 2942 2650 eum
2976 2597 3145 2666 cujus
3163 2596 3312 2650 servi
3337 2602 3474 2652 sunt
3495 2597 3578 2653 eis
3609 2599 3691 2654 ita

2038 2685 2375 2742 dominetur
2404 2690 2469 2740 ut
2499 2685 2677 2739 etiam
2715 2684 2972 2739 debitam
3022 2685 3402 2739 reverentiam
3454 2686 3687 2756 impen-

2038 2776 2156 2831 dat.
2192 2776 2339 2830 Nam
2372 2775 2431 2829 in
2465 2773 2677 2828 divinis
2708 2771 2959 2844 eloquiis
2993 2772 3320 2826 sacerdotes
3366 2773 3680 2844 aliquando

2040 2863 2142 2931 dii,
2176 2863 2494 2936 aliquando
2527 2862 2717 2933 angeli
2748 2866 3047 2925 vocantur,
3073 2864 3204 2931 etc.,
3237 2877 3408 2932 usque
3437 2862 3507 2916 ad
3537 2862 3682 2936 lapi-

2042 2952 2165 3008 deis
2198 2952 2546 3008 serviebant.
2580 2972 2607 2998 »
2639 2947 3035 3004 Nihilominus
3067 2965 3135 3004 ex
3166 2949 3294 3005 aliis
3326 2951 3510 3021 ipsius
3545 2969 3688 3025 pon-

2041 3041 2211 3096 tiﬁcis
2242 3040 2413 3096 dictis
2465 3039 2811 3105 ostenditur,
2847 3038 3003 3109 quod
3035 3039 3162 3108 ejus
3187 3039 3410 3109 judicio
3457 3046 3513 3096 et
3542 3059 3684 3097 con-

2043 3145 2220 3185 sensu
2283 3128 2679 3184 ordinationes
2737 3127 3145 3199 episcoporum
3198 3127 3683 3201 celebrabantur;

289 3219 538 3276 sationis
568 3235 747 3291 quam
769 3222 826 3274 et
854 3217 1302 3274 testiﬁcationis.
1335 3217 1406 3272 Et
1436 3218 1934 3289 quemadmodum
1965 3199 2008 3266 (ἶ
2045 3218 2200 3290 quod
2231 3235 2299 3273 ex
2330 3217 2558 3273 duobus
2588 3215 2996 3271 incunctanter
3027 3222 3284 3288 apparet,
3325 3235 3427 3289 pro
3476 3199 3689 3291 quibus

289 3307 487 3364 clerici
519 3325 553 3363 a
581 3307 747 3362 laicis
769 3306 973 3362 habitu
1001 3310 1058 3361 et
1077 3304 1458 3377 professione,
1486 3308 1569 3361 sic
1591 3306 1826 3362 discreti
1849 3309 1944 3363 de-

294 3397 437 3452 bent
488 3412 617 3451 esse
647 3400 779 3451 actu
812 3400 867 3450 et
897 3393 1333 3450 conversatione
1380 3399 1444 3449 ut
1487 3398 1693 3450 neuter
1737 3413 1940 3452 eorum

293 3484 560 3540 ofﬁcium
581 3483 824 3540 alterius
847 3489 948 3539 aut
968 3483 1399 3539 hzereditariam
1427 3488 1642 3540 sortem
1665 3484 1778 3540 sibi
1802 3503 1943 3558 pra:-

290 3573 501 3647 ripiat;
536 3574 637 3629 sed
671 3578 915 3644 uterque
944 3573 1227 3629 terminos
1253 3590 1287 3628 a
1326 3573 1545 3628 sanctis
1587 3573 1854 3630 Patribus
1885 3581 1942 3632 et

290 3663 634 3720 orthodoxis
664 3661 1027 3735 principibus
1055 3662 1276 3733 positos
1299 3661 1578 3717 attendat.
1613 3663 1760 3718 Nam
1791 3665 1943 3720 sicut

290 3751 489 3807 clerici
521 3769 554 3806 a
584 3751 749 3806 laicis
777 3750 954 3807 etiam
985 3749 1139 3806 intra
1168 3750 1416 3821 parietes
1445 3749 1823 3807 basilicarum
1855 3751 1938 3808 lo-

289 3842 377 3897 cis
394 3841 674 3897 etofﬁciis
695 3840 779 3896 sic
800 3845 856 3897 et
871 3845 1032 3896 extra
1052 3839 1331 3913 separiari
1355 3845 1411 3896 et
1431 3841 1703 3912 cognosci
1725 3841 1940 3898 debent

289 3929 560 4004 negotiis.
590 3930 720 3986 Ideo
743 3929 874 3986 laici
900 3947 1008 3985 sua
1029 3934 1278 3997 tantum,
1297 3929 1354 3984 id
1369 3933 1457 3984 est
1469 3929 1801 3985 saecularia:
1832 3930 1940 3986 cle-

287 4019 392 4075 rici
424 4024 621 4075 autem
655 4036 762 4074 sua
790 4022 1044 4086 tantum,
1068 4017 1127 4073 id
1150 4021 1240 4073 est
1261 4016 1654 4073 ecclesiastica
1679 4019 1934 4090 negotia,

286 4109 611 4181 disponant
639 4113 696 4163 et
724 4107 1087 4178 provideant.
1124 4107 1351 4161 Habent
1380 4106 1516 4161 inde
1545 4107 1782 4178 utrique
1825 4107 1937 4162 sibi

287 4196 522 4275 regulas
552 4196 817 4268 praeﬁxas
845 4201 965 4251 tam
993 4213 1027 4250 a
1057 4198 1258 4250 sancto
1275 4211 1426 4266 papa
1454 4199 1511 4250 et
1533 4200 1786 4267 martyre
1813 4196 1936 4252 Ste-

284 4285 504 4357 phano,
538 4285 877 4357 caaterisque
915 4283 1290 4357 pontiﬁcibus
1329 4289 1782 4356 sanctorumque
1826 4289 1938 4340 Pa-

283 4380 446 4431 trum
499 4374 786 4443 conciliis,
831 4391 1009 4446 quam
1048 4377 1104 4429 et
1132 4390 1166 4428 a
1195 4372 1556 4446 principibus
1606 4373 1928 4444 catholicis.

284 4464 449 4529 Quod
482 4463 626 4519 satis
655 4463 715 4519 in
749 4463 900 4518 beati
933 4461 1193 4534 Gregorii
1221 4462 1410 4517 Gestis
1441 4462 1792 4529 ostenditur,
1826 4464 1927 4518 ubi

2051 3307 2134 3362 sic
2165 3305 2379 3378 populo
2401 3308 2458 3361 et
2492 3304 2642 3360 clero
2677 3303 2961 3371 scribens,
2986 3304 3157 3376 jubet
3191 3321 3203 3358 :
3239 3327 3265 3354 ‹‹
3301 3308 3529 3372 Quanto
3560 3327 3694 3382 apo-

2051 3394 2258 3451 stolica
2288 3396 2475 3462 sedes,
2500 3394 2616 3449 Deo
2650 3397 2904 3459 auctore,
2939 3392 3164 3448 cunctis
3195 3393 3433 3465 prazlata
3463 3405 3696 3456 constat

2051 3483 2335 3552 ecclesiis,
2366 3487 2528 3538 tanto
2559 3481 2712 3537 inter
2742 3480 3100 3554 multiplices
3131 3500 3302 3539 curas
3341 3489 3397 3540 et
3444 3486 3544 3542 illa
3588 3506 3694 3544 nos

2050 3571 2216 3628 valde
2245 3571 2543 3640 sollicitat,
2579 3571 2678 3626 ubi
2729 3571 2801 3626 ad
2853 3573 3313 3628 consecrandum
3374 3576 3693 3632 antistitem

2051 3666 2317 3717 nostrum
2375 3664 2742 3733 exspectatur
2789 3659 3119 3716 arbitrium.
3181 3661 3464 3718 Defuncto
3512 3665 3695 3736 igitur

2051 3751 2380 3820 Laurentio,
2413 3749 2680 3805 Ecclesiae
2713 3747 3164 3804 Medionalensis
3215 3751 3507 3822 epiSCOpo,
3555 3759 3688 3821 etc.,

2049 3856 2219 3912 usque
2248 3856 2364 3894 non
2399 3839 2646 3893 minuat.
2685 3859 2712 3886 ››
2745 3837 2854 3892 Sed
2887 3854 3020 3891 cum
3052 3840 3184 3907 post
3215 3854 3442 3894 annnos
3471 3841 3696 3913 aliquot

2048 3929 2446 3995 Constantius,
2481 3929 2680 3982 functo
2695 3925 3006 3996 insigniter
3023 3925 3340 3996 pontiﬁcio,
3362 3927 3423 3983 in
3444 3930 3691 3988 Domino

2049 4017 2383 4084 dormisset,
2408 4016 2596 4071 clerus
2613 4019 2668 4070 et
2689 4014 2852 4086 plebs
2871 4013 3345 4086 Mediolanensis,
3375 4019 3695 4079 Deusdedit

2049 4108 2350 4163 diaconem
2401 4105 2700 4176 eligentes,
2753 4103 2826 4157 ab
2865 4102 3117 4176 Agilulfo
3165 4123 3298 4179 rege
3340 4113 3696 4168 terrerentur

2047 4200 2338 4268 quatenus
2391 4193 2558 4248 illum
2605 4192 2887 4266 eligerent
2935 4210 3110 4264 quem
3171 4195 3690 4270 Langobardorum

2045 4285 2330 4341 barbarus
2361 4282 2676 4350 voluisset;
2711 4287 2769 4336 at
2790 4280 2895 4350 illi,
2928 4282 3227 4339 decretum
3259 4302 3435 4342 suum
3467 4288 3687 4361 Grego-

2045 4375 2130 4430 rio
2163 4374 2499 4446 dirigentes,
2534 4371 2850 4427 concilium
2887 4376 3092 4443 petunt
3139 4374 3357 4444 quibus
3387 4375 3511 4446 ipse
3543 4377 3695 4433 inter

2046 4468 2250 4520 caetera
2279 4463 2363 4518 sic
2394 4461 2694 4534 rescripsit
2726 4477 2737 4514 :
2776 4459 2925 4514 Illud
2950 4461 3103 4531 quod
3136 4462 3299 4516 vobis
3333 4463 3405 4517 ab
3437 4463 3689 4535 Agilulfo

281 4552 367 4607 sic
398 4551 613 4625 legitur
642 4570 656 4608 :
692 4553 872 4608 Nemo
905 4551 1187 4607 laicorum
1211 4551 1514 4623 quodlibet
1543 4552 1694 4607 sacri
1726 4552 1929 4625 palatii
1965 4573 2012 4637 D
2043 4551 2316 4608 indicatis
2356 4552 2641 4623 scriptum
2694 4548 3064 4604 dilectionem
3118 4556 3369 4605 vestram
3421 4569 3536 4607 non
3572 4571 3689 4608 mo-

283 4641 696 4697 Lateranensis
744 4641 1160 4710 ministerium,
1205 4639 1294 4696 vel
1343 4639 1803 4696 ecclesiasticum
1836 4659 1934 4714 pa-

279 4729 627 4785 trimonium
646 4729 1003 4802 procurabit;
1023 4729 1125 4784 sed
1158 4728 1357 4784 omnia
1376 4728 1754 4784 ecclesiastici
1777 4731 1932 4801 juris

281 4819 494 4873 munia
521 4817 900 4874 ecclesiastici
934 4817 1319 4873 nihilominus
1347 4817 1452 4871 viri
1496 4817 1805 4887 subibant;
1840 4819 1928 4873 ni-

282 4908 503 4962 mirum
533 4906 699 4963 laicis
730 4908 802 4962 ad
834 4924 1130 4963 armorum
1152 4906 1332 4962 tolam
1363 4905 1634 4962 militiam
1656 4905 1744 4962 vel
1768 4923 1930 4980 agro-

281 5012 418 5051 rum
449 5012 653 5051 curam
703 4996 1044 5052 continuam
1074 4995 1385 5067 deputatis.
1418 4995 1502 5051 Ob
1533 4995 1640 5050 hoc
1672 5013 1734 5051 se
1780 5013 1930 5051 non-

280 5083 430 5140 nulli
456 5101 762 5156 procerum
786 5085 896 5140 sub
920 5088 1152 5140 ostentu
1185 5083 1482 5158 religionis
1514 5084 1701 5156 primo
1724 5089 1929 5140 tonsu-

279 5191 412 5229 rare
443 5177 762 5246 coeperunt.
805 5174 1064 5238 Quorum
1107 5173 1569 5245 tergiversationi
1612 5173 1930 5230 Mauricius

290 5263 614 5335 imperator
634 5264 952 5335 prudenter
980 5264 1454 5331 occurrens,data
1473 5280 1576 5335 per
1596 5263 1932 5335 Longinum

277 5355 602 5407 Stratorem
633 5351 760 5426 lege
792 5351 1063 5424 praecepit
1091 5355 1156 5406 ut
1183 5351 1453 5424 quisquis
1497 5352 1707 5408 fuisset
1740 5352 1929 5408 admi-

278 5439 733 5497 nistrationibus
761 5440 1121 5514 implicatus,
1159 5439 1211 5497 ei
1239 5441 1311 5496 ad
1343 5439 1803 5497 ecclesiasticum
1832 5457 1930 5497 ve-

278 5528 409 5585 nire
439 5528 702 5586 ofﬁcium
734 5548 849 5589 non
898 5529 1114 5607 liperet.
1149 5529 1333 5598 Quam
1381 5530 1570 5606 legem
1615 5530 1929 5611 Gregorius

277 5633 463 5699 super
490 5617 600 5680 hoc
629 5618 792 5681 valde
813 5618 1090 5697 laudavit,
1124 5619 1324 5682 dicens
1357 5638 1370 5682 :
1397 5620 1558 5693 «Qui
1588 5620 1927 5682 saecularem

2041 4647 2191 4708 veat,
2225 4647 2355 4709 etc.,
2388 4657 2558 4712 usque
2589 4639 2915 4695 ordinatus.
2955 4660 2982 4686 ››
3016 4638 3081 4691 Et
3113 4643 3244 4708 post
3289 4657 3476 4711 pauca
3510 4660 3521 4697 :
3558 4665 3583 4692 ‹‹
3621 4641 3694 4698 Ut

2043 4731 2223 4804 igitur
2250 4730 2311 4785 in
2344 4729 2691 4793 ordinando,
2724 4732 2858 4792 etc.,
2889 4743 3058 4799 usque
3099 4731 3449 4786 consecrari.
3481 4753 3508 4781 »

2679 4833 2911 4888 CAPUT
2960 4833 3029 4889 X.

2039 4933 2258 5000 Quanto
2289 4927 2515 4982 liberior
2548 4925 2621 4977 sit
2651 4923 3248 5000 ercoruni_Ecclesia
3277 4944 3444 4999 quam
3481 4930 3695 4987 Latino-

2455 5013 2582 5050 rum
2612 5011 2652 5050 a
2678 4997 2939 5066 potestate
2971 4995 3268 5053 laicorum.

2111 5088 2319 5162 Igitur,
2361 5090 2426 5141 ut
2456 5083 2797 5156 praedictum
2813 5088 2924 5150 est,
2945 5083 3065 5139 haec
3083 5091 3418 5144 sanctorum
3453 5090 3691 5145 Patrum

2025 5181 2098 5233 .et
2127 5175 2530 5248 religiosorum
2573 5172 2905 5244 principum
2957 5178 3178 5231 statuta
3217 5177 3288 5232 de
3328 5178 3594 5248 personis
3635 5184 3693 5233 et

2042 5266 2218 5320 rebus
2251 5261 2660 5320 ecclesiasticis
2701 5259 3111 5318 inviolabiliter
3140 5263 3421 5319 hactenus
3454 5265 3512 5320 in
3537 5271 3694 5322 tran-

2040 5353 2298 5410 smarino
2321 5351 2566 5424 imperio
2582 5351 3047 5420 observantur,et
3060 5351 3200 5408 solis
3223 5353 3687 5425 metropolitanis

2036 5442 2126 5500 vel
2140 5442 2426 5515 episcopis
2446 5439 2666 5497 caeteris
2680 5439 3057 5511 disponenda:
3081 5438 3691 5514 relinquuntur.Unde

2038 5531 2309 5610 quaelibet
2340 5529 2602 5587 Ecclesiae
2635 5528 3070 5587 administratio
3105 5528 3227 5586 solo
3258 5548 3460 5589 eorum
3493 5535 3691 5609 dispo-

2039 5625 2199 5685 nitur
2220 5619 2479 5692 arbitrio,
2505 5619 2625 5681 sive
2640 5619 2823 5695 gratis
2845 5617 2964 5678 sive
2983 5635 3099 5679 non
3129 5620 3315 5698 gratis
3354 5621 3534 5684 velint
3561 5641 3690 5688 eam
