4106 6178
498 300 657 367 “55

1546 278 1955 346 HUMBEBTI
2002 281 2065 342 S.
2113 278 2187 342 Β.
2234 277 2307 341 Ε.
2352 271 2849 340 CARDINALIS.

3702 270 3829 336 H56

499 406 867 494 committere
897 425 1140 483 cuilibet
1168 421 1406 489 clerico;
1442 435 1565 484 nec,
1601 416 1711 471 nisi
1746 432 1778 470 a
1813 411 2143 483 metropoli-
2179 415 2227 478 Α
2260 403 3834 482 quondamtyrannidis.NequeenimLangobardi,quam-

501 524 658 581 tanis
690 524 791 577 aut
821 514 1112 590 episcopis
1142 524 1464 581 eorumque
1510 504 1923 569 familiaribus,
1973 500 2145 555 vendi

503 613 650 671 solet
679 589 1015 681 aliquando.
1050 601 1233 669 Quod,
1268 595 1535 671 quamvis
1565 611 1630 650 ex
1662 592 1786 648 sola
1813 589 2147 647 venditione

502 702 581 760 sit
628 697 968 755 hmreticum
1016 696 1074 747 et
1119 688 1369 745 nimium
1420 681 1782 749 detestabile,
1832 684 1921 736 est
1949 683 2145 734 tamen

501 787 774 846 Eeclesiis
828 782 931 840 Dei
980 779 1100 835 illis
1152 775 1336 848 magis
1375 771 1679 829 tolerabile
1722 786 1899 841 quam
1930 766 2148 823 nostris

504 895 653 952 quas,
701 879 767 931 ut
803 869 1077 944 superius
1123 865 1471 925 ostenditur,
1545 860 1763 933 jugiter
1817 857 2149 913 venduntur

510 946 733 1040 quater.
755 963 953 1032 Neque
966 958 1122 1014 enim
1135 952 1470 1025 arrogantia
1481 954 1537 1005 et
1551 947 1793 1004 avaritia
1814 946 2145 1018 principum

504 1033 690 1111 nostri
729 1048 926 1107 seaculi
974 1050 1030 1103 et
1075 1042 1305 1116 imperii
1338 1039 1557 1114 patitur
1597 1033 2148 1107 terminis,praafixis

503 1141 775 1206 coerceri,
808 1139 931 1203 sed,
967 1130 1353 1205 transgressis
1384 1127 1599 1183 divinis
1621 1130 1676 1180 et
1712 1123 1988 1180 humanis
2012 1120 2149 1193 legi-

509 1233 643 1300 bus,
675 1228 983 1302 quaeinter
1022 1238 1187 1279 arma
1224 1218 1416 1283 silent,
1459 1215 1689 1271 etiamsi
1735 1211 2147 1275 ecclesiastica,

503 1300 708 1378 omnia
731 1316 842 1373 sibi
875 1312 1292 1385 praesumentes
1320 1305 1634 1378 possident.
1660 1306 1724 1356 ut
1746 1302 1803 1354 in
1829 1301 1915 1355 eis
1943 1300 2149 1371 degere

505 1414 607 1466 aut
635 1424 703 1464 ex
732 1405 816 1460 eis
844 1401 1031 1457 vivere
1062 1398 1189 1453 sine
1234 1394 1488 1450 ullorum
1538 1391 1770 1446 datione
1811 1393 1912 1445 aut
1956 1388 2153 1444 vendi-

502 1496 660 1552 tione
712 1490 1011 1560 contingat
1040 1485 1382 1541 elcricorum
1427 1479 1743 1536 neminem.
1795 1479 1917 1544 Quo
1950 1477 2015 1531 fit
2063 1480 2148 1543 ut,

504 1584 605 1657 qui
628 1579 927 1637 liberiores
950 1573 1232 1631 omnibus
1257 1587 1387 1627 esse
1409 1569 1686 1625 deberent
1706 1565 2066 1632 hominibus,
2088 1568 2153 1620 ut

503 1652 646 1745 puta
675 1683 924 1743 quorum
959 1680 1093 1736 pars
1124 1660 1433 1716 haereditas
1457 1663 1547 1714 est
1568 1657 1693 1730 ipse
1728 1656 1895 1722 Deus,
1932 1652 2150 1726 quique

502 1742 761 1817 vicissim
804 1759 942 1812 sunt
981 1768 1108 1807 sors
1140 1748 1261 1817 Dei,
1311 1747 1565 1804 existant
1594 1742 2151 1815 contemptibiliores

503 1847 801 1904 omnibus.
825 1844 969 1899 Nam
1005 1838 1334 1913 quamlibet
1353 1836 1484 1893 vilis
1512 1835 1793 1891 laieorum
1819 1849 2023 1889 servus
2047 1835 2149 1887 aut

504 1934 920 2003 mercenarius,
954 1929 1123 1998 nulli,
1153 1931 1360 2001 praeter
1388 1942 1522 1982 cum
1552 1925 1720 1995 cujus
1742 1928 1848 1989 est,
1876 1920 2147 1977 famulari

504 2027 754 2099 cogitur,
787 2022 954 2094 eique
975 2018 1081 2075 soli
1107 2018 1388 2088 subjaeet,
1407 2019 1535 2070 tum
1550 2013 1675 2070 suis
1689 2012 1882 2072 rebus.
1918 2012 1989 2066 ab
2020 2009 2150 2066 aliis

504 2114 861 2171 liberrimus.
913 2108 1008 2165 Sic
1058 2107 1463 2176 cujuscunque
1501 2102 1632 2158 laici
1693 2099 2002 2157 mediocris
2050 2101 2152 2154 aut

506 2203 704 2260 divitis
733 2196 1026 2273 possessio
1051 2196 1179 2266 ejus
1204 2197 1435 2248 tantum
1464 2192 1634 2263 cujus
1656 2197 1743 2247 est
1765 2191 2029 2261 subjacet
2048 2189 2151 2244 do-

516 2292 696 2357 mino,
748 2304 852 2344 nec
898 2283 1217 2347 invaditur,
1269 2297 1373 2336 nec
1428 2280 1701 2335 venditur
1752 2296 1785 2333 a
1817 2279 2150 2350 principum

519 2379 734 2449 aliquo.
781 2374 899 2431 Soli
940 2377 1079 2427 sunt
1110 2369 1324 2436 clerici,
1359 2368 1482 2423 sola
1512 2371 1595 2423 est
1628 2367 1901 2434 Ecclesia,
1935 2367 2150 2439 quibus

505 2466 767 2523 omnium
801 2461 1051 2518 incurrit
1079 2457 1395 2524 calumnia,
1440 2457 1731 2523 violentia,
1784 2456 2062 2528 potentia,
2096 2460 2153 2512 et

506 2555 733 2627 rapina,
767 2552 826 2607 in
862 2543 1221 2623 tantum,|ut
1270 2550 1317 2604 si
1364 2546 1503 2620 quid
1549 2548 1693 2601 forte
1742 2543 2005 2601 ecclesiis
2050 2542 2153 2599 Dei

504 2643 634 2700 laici
648 2641 1001 2699 contulerint
1014 2658 1116 2714 pro
1129 2641 1459 2696 animarum
1475 2651 1712 2692 suarum
1729 2633 2150 2706 redemptione,

507 2750 641 2789 mox
672 2731 773 2787 ﬁat
793 2730 1222 2786 calumniosum
1247 2725 1538 2794 etvenale,
1558 2723 1710 2799 quod
1735 2722 1897 2795 prius
1911 2723 1979 2777 ad
2004 2721 2152 2795 ipsis

506 2820 890 2877 donatoribus
923 2820 1332 2892 possidebatur
1360 2814 1618 2888 paciﬁce.
1643 2814 1709 2868 Et
1731 2829 1764 2867 a
1785 2811 2000 2884 quibus
2034 2829 2153 2868 ma-

508 2910 662 2965 xime
688 2909 1060 2964 vindicantur
1084 2911 1140 2964 et
1168 2905 1521 2970 venduntur,
1569 2903 1682 2958 nisi
1715 2902 1787 2958 ab
1829 2902 1912 2958 eis
1960 2900 2059 2973 qui
2092 2918 2154 2957 se

510 2997 884 3055 ecclesiarum
920 2996 1020 3051 Dei
1053 2996 1362 3051 advocatos
1392 2993 1479 3049 vel
1511 2993 1846 3047 defensores
1878 2992 2153 3063 proﬁten-

508 3086 758 3142 tur?Ab
792 3085 936 3157 ipsis
968 3083 1189 3140 scilicet
1217 3081 1689 3155 imperatoribus,
1724 3081 1795 3135 ab
1827 3080 1969 3153 ipsis
1991 3082 2149 3152 prin-

2252 499 2339 555 vis
2367 504 2507 554 tunc
2539 497 2770 554 barbari
2802 498 2860 551 et
2886 493 3104 562 Ariani,
3138 493 3239 549 sed
3269 508 3372 547 nec
3402 508 3592 547 eorum
3620 496 3829 566 rexAgi-

2255 588 2461 657 lulfus,
2493 585 2760 659 quamvis
2807 584 3080 639 Romanae
3111 580 3362 637 libertati
3387 584 3445 636 et
3488 580 3732 654 dignitati
3756 582 3828 637 ni-

2257 677 2442 732 mium
2486 675 2774 741 infensus,
2808 671 3078 728 resistere
3109 670 3367 725 Romano
3408 668 3654 741 pontifici
3681 672 3834 724 tenta-

2255 769 2482 833 verunt,
2517 765 2659 837 quin
2708 760 3159 819 Mediolanensis
3198 757 3466 814 Ecclesiae
3502 758 3838 829 metropolita-

2257 872 2421 919 num,
2440 855 2610 926 juxta
2630 869 2747 908 θυῖε
2770 849 3098 923 apostolicae
3117 848 3274 904 sedis
3291 847 3530 918 antiqua
3542 851 3594 901 et
3605 846 3837 902 canonica

2258 942 2576 1016 privilegia,
2613 939 3035 998 substituisset.
3068 938 3183 992 Nec
3212 934 3601 1008 praejudicavit
3637 950 3837 990 consen-

2258 1050 2359 1088 sus
2380 1033 2534 1104 regis
2555 1035 2611 1087 et
2631 1031 2760 1102 ejus
2773 1028 2963 1101 gentis
2979 1025 3357 1093 desiderium,
3380 1040 3480 1079 nec
3501 1023 3717 1079 extorsit
3734 1039 3838 1095 apo-

2258 1120 2463 1176 stolico
2495 1118 2727 1193 praesuli
2761 1133 2936 1173 suum
2966 1131 3141 1187 super
3170 1111 3719 1186 metrOpolilanorum
3745 1110 3833 1167 ele-

2259 1210 2450 1266 ctione
2475 1209 2786 1280 judicium,
2812 1206 2946 1261 licet
2961 1203 3219 1277 potentia
3235 1218 3527 1258 armorum
3553 1206 3607 1256 et
3631 1198 3837 1256 crudeli-

2257 1302 2377 1354 tate
2398 1296 2687 1354 barbariei
2718 1313 2835 1353 suae
2866 1290 3377 1366 dep0pularentur,
3407 1294 3463 1345 et
3491 1289 3838 1361 perterrefacti.-

2258 1399 2391 1444 rent
2419 1403 2590 1443 omne
2623 1385 2886 1441 Italicum
2920 1382 3131 1447 solum,
3164 1383 3241 1448 et,
3275 1378 3430 1451 quod
3476 1378 3650 1433 adhuc
3685 1377 3837 1446 majus

2259 1481 2366 1546 est,
2403 1477 2608 1532 Ariana
2635 1473 2874 1530 vesania
2900 1487 3133 1527 omnem
3178 1470 3650 1541 persequerentur
3673 1464 3835 1520 catho-

2259 1567 2460 1624 licum.
2495 1564 2655 1631 Quod
2689 1578 2830 1617 sane
2847 1558 3213 1634 privilegium
3257 1572 3372 1612 non
3405 1554 3587 1611 solum
3618 1554 3667 1609 in
3692 1552 3836 1619 Italia,

2260 1661 2403 1712 tunc
2433 1672 2466 1709 a
2494 1651 2760 1709 barbaris
2787 1654 2842 1706 et
2869 1647 3098 1704 Arianis
3126 1662 3372 1718 pervasa
3400 1642 3642 1710 retinuit,
3679 1657 3836 1697 verum

2262 1749 2318 1800 et
2348 1745 2408 1798 in
2449 1739 2761 1798 Germania
2793 1737 3047 1810 totisque
3076 1733 3301 1802 Galliis,
3337 1731 3488 1789 sicut
3516 1729 3654 1787 clare
3678 1728 3839 1803 prndi-

2259 1836 2425 1888 catur
2452 1830 2511 1885 in
2536 1832 2665 1900 ejus
2696 1827 2878 1900 gestis
2912 1829 2970 1882 et
2999 1824 3192 1880 dictis.

2894 1966 3122 2023 CAPUT
3165 1965 3262 2021 ΧΙ.

2332 2082 2583 2150 Qualiter
2622 2082 2675 2133 et
2724 2092 2822 2149 per
2876 2090 3010 2150 quos
3053 2074 3300 2131 ecclesia:
3353 2073 3467 2127 suis
3516 2066 3781 2142 privilegii:

2870 2149 3106 2218 privatae
3133 2152 3289 2200 sunt.

2330 2279 2400 2334 Et
2428 2276 2549 2332 hazc
2578 2273 2857 2331 canonica
2879 2270 3196 2326 auctoritas
3228 2266 3422 2324 solida
3446 2269 3503 2323 et
3520 2261 3752 2337 specialis
3775 2275 3838 2316 re-

2261 2370 2490 2424 servata
2508 2368 2596 2421 est
2618 2360 2896 2418 Romanis
2916 2357 3299 2431 pontificibus
3318 2357 3378 2411 in
3400 2352 3655 2410 omnibus
3669 2353 3838 2405 metro.

2265 2454 2556 2528 politanis;
2577 2446 3041 2522 metropolitanis
3062 2460 3302 2518 quoque
3319 2439 3654 2498 omnibusin
3680 2450 3838 2494 eorum

2261 2520 2668 2615 sull‘raganeis,
2701 2520 2855 2593 sicut
2881 2535 2939 2590 in
2971 2535 3162 2590 Gestis
3194 2533 3258 2587 Β.
3281 2529 3552 2587 Bonifacii
3573 2520 3841 2599 Maguntiui

2262 2613 2683 2703 archiepiscopi
2714 2623 2961 2698 reperiet
2989 2621 3260 2695 quisquis
3284 2617 3587 2693 quaesierit.
3618 2615 3716 2671 Nec
3740 2613 3836 2685 ipse

2260 2728 2402 2778 tunc
2429 2718 2714 2790 Pippinus
2745 2730 2865 2781 rex,
2896 2728 3001 2767 nec
3027 2710 3206 2766 Filius
3238 2711 3371 2781 ejus
3404 2707 3616 2782 primus
3643 2704 3841 2758 Franco-

2262 2827 2392 2868 rum
2424 2788 2741 2879 imperator
2771 2817 3020 2875 magnus
3041 2798 3288 2855 Carolus
3318 2797 3473 2853 hunc
3500 2806 3749 2850 canonem
3774 2788 3839 2842 in-

2263 2901 2513 2971 fringere
2544 2894 2655 2950 fuit
2693 2906 3027 2964 aggressus,
3068 2887 3168 2943 sed
3216 2903 3329 2944 nee
3372 2885 3841 2971 pronepotum‘seu

2262 2965 2449 3046 hisred
2461 3002 2559 3041 um
2574 2982 2734 3056 regni
2757 2986 2812 3036 et
2834 2978 3064 3051 imperii
3078 2992 3283 3033 eorum
3298 2975 3453 3030 ullus
3466 2987 3638 3044 usque
3648 2967 3709 3024 ad
3724 2965 3843 3056 Otto-

2263 3095 2408 3135 num
2438 3050 2693 3145 tempus.
2728 3069 2876 3142 Ipsis
2906 3050 3063 3123 enim
3089 3065 3160 3120 ad
3186 3062 3497 3136 imperium
3525 3050 3842 3115 adolescenti-

511 3174 739 3248 cipibus
761 3143 1082 3246 earumque
1113 3143 1484 3228 satellitibus.
1524 3171 1633 3243 Ipsi
1668 3143 1778 3224 sub
1828 3143 2061 3225 nomine
2094 3176 2152 3227 et
2182 3148 2225 3213 C
2265 3172 2373 3225 bus
2403 3170 2460 3221 et
2478 3143 3348 3237 prdﬁcientibusﬁomanorum
3368 3143 3843 3248 pontificumdecre:

511 3264 751 3321 obtentu
782 3261 1137 3319 defensionis
1168 3265 1530 3334 praesumunt
1570 3258 1703 3326 sibi,
1755 3259 2030 3326 alienant,
2064 3259 2151 3316 vel

510 3353 773 3408 vendunt
801 3368 917 3406 non
940 3350 1132 3406 solum
1167 3349 1465 3416 ecclesias,
1512 3348 1610 3403 sed
1643 3352 1700 3402 et
1746 3347 2032 3419 quidquid
2066 3354 2154 3405 est

512 3455 710 3495 earum
740 3439 914 3509 juris,
944 3443 1066 3493 tam
1114 3437 1174 3492 in
1206 3438 1382 3492 rebus
1414 3441 1467 3490 et
1499 3436 1765 3507 personis
1796 3452 1971 3506 quam
2012 3442 2068 3491 et
2093 3438 2152 3493 in

515 3526 742 3583 officiis.
772 3526 934 3581 Unde
946 3526 1031 3580 vel
1054 3524 1303 3597 correpti
1335 3525 1804 3579 animadvertant
1821 3542 1893 3596 qu
1904 3542 1972 3579 an
1987 3527 2154 3581 tomi-

516 3632 629 3671 nus
661 3616 843 3671 Deum
877 3617 1246 3670 revereantur
1276 3628 1450 3684 quam
1485 3612 1595 3665 sub
1625 3628 1825 3666 eorum
1873 3618 2156 3685 potestate

516 3704 867 3761 constitutos
893 3703 1295 3775 cujuscunque
1325 3699 1673 3755 conditionis
1693 3699 1982 3767 homines,
2014 3720 2156 3774 quo-

519 3810 647 3850 rum
687 3796 959 3850 verentur
987 3796 1045 3848 et
1075 3795 1277 3847 cavent
1298 3789 1568 3844 invadere
1589 3790 2011 3860 possessiones.
2045 3797 2157 3846 Ar-

517 3883 811 3939 bitrantur
840 3880 1164 3937 cedendum
1200 3878 1539 3935 hominibus
1591 3878 1701 3932 sub
1742 3894 1825 3944 se,
1872 3895 2004 3934 cum
2042 3898 2157 3935 non

517 3975 789 4043 reputent
817 3970 1140 4025 cedendum
1165 3968 1280 4024 Deo
1309 3984 1487 4040 supra
1510 3982 1592 4022 se.
1630 3966 1912 4022 Verentur
1941 3974 1999 4023 et
2028 3986 2159 4025 eru-

518 4059 768 4114 bescunt
796 4058 1084 4123 homines,
1128 4057 1344 4129 quibus
1397 4061 1684 4111 terrenum
1730 4055 1814 4110 vel
1862 4057 2027 4112 civile
2059 4060 2160 4130 jus

521 4151 882 4213 conservant,
915 4161 1046 4200 cum
1083 4160 1187 4200 nee
1216 4149 1606 4212 revereantur,
1664 4160 1769 4199 nec
1816 4146 2164 4202 erubescant

522 4239 725 4302 Deum,
758 4234 850 4289 cui
876 4251 979 4289 nec
1009 4237 1303 4289 terrenum
1327 4234 1450 4303 jus,
1475 4250 1581 4288 nec
1599 4234 1827 4288 ccelestc
1861 4234 1947 4289 fas
1979 4251 2164 4291 reser-

521 4327 678 4379 vant.
714 4324 944 4381 Etcum
977 4339 1093 4378 non
1135 4321 1402 4377 dubitent
1441 4338 1503 4377 se
1547 4320 1860 4393 sacrilegos
1910 4324 2166 4394 praebere

523 4412 661 4480 Deo,
696 4415 867 4483 cujus
893 4412 1289 4467 haereditatem
1324 4410 1433 4465 sibi
1464 4409 1780 4476 vindicant,
1822 4410 2077 4484 religiosi
2109 4417 2167 4468 et

2261 3272 2423 3315 scere
2445 3227 2501 3310 et
2522 3252 2765 3307 deficere
2787 3243 3021 3318 cespitvi
3033 3247 3154 3298 rtus
3183 3243 3330 3297 adeo
3361 3245 3445 3306 ut,
3460 3254 3568 3312 pra
3593 3230 3783 3306 ignavia
3804 3227 3846 3281 et

2261 3341 2599 3417 insipientia
2612 3338 3015 3405 eorum,atque
3028 3347 3129 3404 pro
3144 3329 3479 3402 arrogantia
3490 3323 3843 3396 ncepbytorum

2264 3412 2594 3509 principum
2615 3441 2787 3482 omne
2807 3420 3269 3479 ecclesiasticum
3294 3417 3546 3473 ofﬁcium
3571 3418 3622 3468 et
3633 3412 3844 3506 juspau-

2265 3495 2428 3579 latim
2444 3495 2508 3576 su
2521 3516 2844 3588 briperetur
2863 3515 2919 3566 et
2930 3510 3376 3580 extorqueretur
3394 3519 3588 3560 eorum
3604 3495 3842 3556 manibus,

2263 3612 2355 3669 vix
2369 3611 2539 3664 inane
2552 3585 3124 3678 pristinaedignitatis
3142 3610 3500 3663 nomen,non
3514 3585 3843 3678 autemipsatn

2269 3716 2436 3757 suam
2470 3669 2834 3767 dignitatem,
2870 3669 3117 3744 retinere
3140 3684 3562 3741 laborantibus.
3585 3679 3668 3736 Sic
3687 3669 3842 3730 debili-

2268 3795 2387 3846 tato
2415 3792 2470 3843 et
2500 3785 2725 3855 abjecto
2756 3779 2945 3851 capite
2975 3774 3263 3833 clericalis
3294 3773 3538 3837 ordinis,
3571 3780 3720 3825 omne
3743 3771 3843 3855 mox

2268 3892 2481 3949 corpus
2511 3848 2645 3939 sibi,
2676 3886 2778 3942 pro
2807 3848 2974 3922 libito
2997 3881 3103 3920 suo
3125 3861 3634 3923 substernendum,
3656 3848 3843 3923 impun?!

2273 3940 2569 4038 usurpavit
2602 3940 2859 4033 potestas
2892 3951 3226 4020 saecularis;
3263 3968 3418 4024 quae,
3439 3949 3618 4024 primo
3638 3940 3842 4036 quidem,

2271 4074 2386 4112 non
2419 4026 2724 4127 prmripuit
2755 4048 2964 4102 cuncta
2994 4042 3391 4099 ecclesiastica
3418 4036 3586 4096 simul
3606 4038 3655 4089 et
3673 4026 3845 4089 statim,

2273 4145 2396 4212 sed,
2421 4121 2760 4198 cmterarum
2782 4131 3177 4205 nequitiarum
3200 4147 3385 4203 more,
3408 4122 3695 4199 separatim
3713 4121 3759 4174 et
3775 4127 3847 4212 pg-

2273 4227 2725 4289 detentim.Nam
2742 4222 2930 4296 primo
2947 4218 3276 4275 ambitiosis
3291 4214 3774 4273 ecclesiasticarum
3790 4198 3852 4254 di-

2275 4321 2566 4395 gnitatum
2595 4313 2683 4370 vel
2716 4309 3158 4385 possessionum
3187 4307 3420 4380 cupidis
3461 4302 3671 4395 favebat
3707 4303 3850 4395 prfcei

2277 4379 2408 4466 dein
2442 4405 2644 4471 minis,
2676 4402 2948 4473 deinceps
2979 4396 3172 4453 verbis
3202 4393 3585 4457 concessivis;
3614 4387 3668 4443 in
3686 4379 3852 4456 quibus

524 4502 791 4559 catholici
826 4500 1118 4574 principes
1150 4501 1222 4555 ab
1252 4499 1593 4554 hominibus
1615 4499 1727 4554 dici
1764 4503 1822 4555 et
1850 4476 2061 4557 habere
2083 4502 2166 4556 at-
2198 4514 2245 4579 D
2277 4497 2552 4555 omnibus
2576 4487 3319 4549 cernenseontradictorern
3343 4482 3453 4539 sibi
3477 4476 3757 4574 neminem,
3776 4476 3852 4579 ne:

525 4590 760 4658 fectant,
794 4607 925 4646 cum
960 4607 1089 4645 vere
1122 4588 1241 4644 sint
1269 4587 1491 4643 inimici
1527 4588 1644 4657 Dei,
1681 4588 1960 4644 adversus
1992 4607 2164 4661 quem

526 4679 884 4736 unanimiter
911 4678 1268 4750 conspirant,
1302 4682 1365 4731 ut
1399 4677 1733 4732 haereditate
1765 4677 2168 4732 sanctuarium

527 4767 656 4838 ejus
685 4768 1043 4839 possideant.
1096 4766 1279 4835 Unde,
1304 4766 1475 4837 juxta
1514 4765 1667 4836 quod
1721 4764 2031 4821 Psalmista
2060 4765 2170 4819 im-

530 4855 818 4927 precando
861 4855 1188 4926 prophetat,
1223 4854 1476 4926 ponendi
1522 4858 1661 4908 sunt
1693 4854 1848 4909 sicut
1878 4854 2088 4920 Horeb,
2119 4859 2174 4909 et

527 4944 661 5008 Zeb,
692 4948 749 4999 et
776 4944 955 4999 Zebee
986 4947 1043 4998 et
1061 4942 1337 4998 Salmana
1366 4943 1461 5015 qui
1490 4942 1690 5014 utique
1714 4943 2174 5016 alienigenarum

530 5032 823 5105 principes
852 5031 1320 5088 etlsraelitarum
1346 5031 1541 5086 hostes
1563 5037 1729 5087 erant
1759 5033 1929 5103 (ρδαι.
1966 5050 2174 5100 Lxxxn,

532 5123 644 5193 i2).
695 5123 954 5188 Quorum
1004 5120 1290 5175 malitiam
1336 5121 1518 5175 nostri
1567 5122 1851 5192 temporis
1886 5122 2177 5195 principes

532 5209 716 5267 secuti
746 5210 977 5266 videant
1020 5226 1135 5282 quo
1172 5211 1292 5265 sint
1341 5208 1626 5280 perducti.
1681 5208 1960 5281 Denique,
2015 5214 2081 5265 ut
2111 5227 2179 5266 ex

533 5300 996 5372 praecedentibus
1040 5300 1191 5355 beati
1239 5298 1495 5371 Gregorii
1545 5298 1716 5353 dictis
1759 5299 2055 5355 evidenter
2082 5316 2179 5372 ap-

533 5393 717 5461 paret,
747 5389 820 5444 ad
851 5388 960 5445 hoc
980 5405 1079 5445 eos
1099 5389 1224 5460 jam
1261 5386 1529 5461 perduxit
1552 5386 1794 5443 ambitio
1840 5389 2047 5460 perﬁdi
2095 5388 2182 5444 Si-

535 5477 748 5545 monis,
798 5481 864 5533 ut
906 5476 1328 5535 intolerabilior
1366 5491 1522 5532 nunc
1568 5491 1771 5533 eorum
1813 5476 2180 5551 principatus

534 5564 840 5631 incumbat
854 5566 1154 5628 catholicis
1169 5565 1442 5627 Ecelesiis
1464 5580 1641 5645 quam
1662 5565 2180 5644 Langobardorum

2278 4587 2379 4660 qui
2400 4586 2654 4641 moveret
2685 4594 2959 4653 pennam,
2981 4574 3068 4631 vel
3094 4573 3347 4646 aperiret
3365 4589 3429 4628 os
3452 4574 3509 4627 et
3526 4562 3775 4641 ganuiret,

2280 4645 2501 4747 majora
2531 4668 2938 4744 progreditur;
2972 4668 3027 4719 et
3049 4663 3199 4735 jam,
3242 4662 3357 4717 sub
3403 4657 3626 4715 nomine
3670 4645 3854 4738 investi-

2281 4744 2446 4831 turie,
2479 4762 2614 4816 dare
2649 4757 2835 4831 primo
2864 4753 3128 4820 tabellas,
3159 4750 3247 4807 vel
3280 4749 3701 4823 qualescunque
3717 4744 3856 4831 porr!-

2282 4870 2415 4926 gere
2444 4848 2701 4923 virgulas
2732 4845 2864 4901 dein
2892 4840 3134 4899 baculos
3156 4840 3343 4905 laicis,
3376 4818 3857 4926 tandemqueesclej

2284 4904 2568 4999 :iasticis‘j
2593 4934 2755 5000 Quod
2786 4932 3107 4988 maximum
3130 4928 3293 4985 nefas
3324 4927 3408 4983 sic
3429 4928 3549 4998 jam
3575 4904 3858 5000 inolevit,‘ui

2284 5032 2342 5087 id
2384 5027 2575 5086 solum
2616 5021 2961 5081 canonicum
3013 5019 3303 5083 credatur,
3347 5032 3451 5072 nee
3481 5028 3600 5086 quas
3628 5007 3695 5063 sit
3720 4994 3856 5087 eccle-

2286 5085 2524 5175 siastica
2556 5113 2755 5187 regula
2796 5109 3020 5166 sciatur
3062 5112 3164 5164 aut
3190 5085 3539 5162 attendatur.
3574 5085 3856 5187 Etuquidegl

2288 5167 2523 5175 mm---“
2556 5167 2679 5187 no,
2732 5167 2737 5168 ,
3831 5167 3841 5178 '

2288 5204 2530 5263 memini
2562 5219 2655 5259 me
2683 5200 2899 5256 vidisse
2929 5215 2963 5253 a
2995 5195 3374 5252 saecularibus
3421 5167 3859 5273 principibussl'l'

2290 5257 2859 5369 ads—pastoralibus
2908 5288 3134 5343 baculis
3182 5289 3238 5341 et
3279 5257 3513 5339 annalis
3552 5257 3858 5369 investiridf

2288 5358 2723 5459 episcdpatibus
2746 5383 2803 5434 et
2820 5376 3091 5443 abbatiis,
3115 5370 3684 5459 metropolitanos‘lue
3704 5358 3857 5459 e021:

2291 5433 2356 5531 et
2377 5433 2679 5548 primates,
2713 5465 2981 5542 quamvis
3028 5466 3342 5538 praesentes
3390 5458 3598 5520 essent,
3630 5460 3721 5548 ηεξ

2290 5526 2624 5644 τθξιιὶεἰιθε,
2655 5526 2759 5623 nec
2782 5554 3004 5637 aliquid
3018 5526 3219 5615 contra
3242 5548 3464 5611 hiscere
3484 5554 3665 5606 ausos.
3683 5526 3856 5606 Cum"
