4106 6178
280 343 434 411 1157

866 351 1278 416 ADVERSUS
1325 353 1792 418 SIMONIACOS
1841 351 2047 416 LIBRI
2092 353 2314 414 'l‘RES.
2349 387 2422 399 —
2454 353 2684 415 LIBER
2729 357 3090 419 TERTIUS.

3526 362 3678 426 H58

278 483 389 538 sub
426 483 590 538 tanto
639 481 923 540 adulterio
970 501 1216 541 uxorum
1253 491 1309 542 et
1338 501 1478 543 nece
1529 487 1783 544 ﬁliorum
1832 488 1928 544 de-
1955 485 2013 553 Α
2042 489 2287 541 matrem
2309 484 2444 558 plus
2465 501 2643 558 quam
2666 502 2778 554 me,
2801 503 2915 542 non
2938 492 3026 544 est
3047 505 3137 543 me
3159 489 3372 562 dignus
3394 493 3599 565 (Matth.
3625 514 3680 564 x,

281 569 616 643 prehensis,
639 587 761 626 suae
807 571 1169 645 negligentiae
1201 579 1259 630 et
1287 576 1778 647 praevaricationis
1809 593 1934 632 me-

276 660 388 714 rito
430 659 642 714 accidit
687 659 830 716 illud
880 661 1254 718 maledictum
1305 663 1651 736 Mosaicum,
1683 665 1930 721 dicens:

278 772 306 798 «
341 747 588 803 Uxorem
621 749 894 821 accipies,
915 755 972 806 et
1001 751 1152 806 alius
1181 769 1375 808 coram
1422 758 1479 810 te
1517 755 1767 810 dormiet
1796 770 1930 810 cum

275 853 345 893 ea
373 837 554 908 (Deut.
579 854 776 905 xxvm,
801 839 913 910 30).
941 861 970 889 ››
993 841 1136 908 Quo,
1175 845 1242 897 ut
1274 841 1481 898 beatus
1518 843 1929 916 Hieronymus,

275 926 336 981 in
390 925 822 982 Commentario
882 927 1172 984 Zacharias
1232 930 1548 1004 prophetae,
1597 935 1929 1000 attestatur,

275 1013 426 1070 nihil
457 1013 776 1082 crudelius,
810 1015 956 1070 nihil
1007 1015 1282 1073 miserius
1329 1018 1573 1074 inveniri
1623 1023 1816 1091 potest
1846 1024 1929 1086 ut,

274 1104 488 1160 timore
520 1102 728 1160 mortis
780 1105 1049 1176 proprias,
1080 1123 1186 1162 nec
1223 1106 1473 1163 salutem
1521 1107 1798 1176 ﬁliorum,
1830 1125 1934 1165 nec

274 1208 525 1248 uxorum
558 1191 902 1264 pudicitiam
933 1193 1242 1251 defendere
1271 1195 1377 1251 viri
1408 1197 1679 1252 audeant.

347 1283 467 1338 Hoc
499 1282 692 1354 ipsum
725 1286 782 1337 et
813 1283 992 1338 Amos
1025 1283 1330 1355 propheta,
1371 1286 1442 1340 ad
1491 1285 1790 1341 Amasiam
1822 1285 1932 1340 im-

271 1371 441 1444 pium
475 1371 837 1426 sacerdotem
873 1373 1261 1440 comminans,
1293 1373 1556 1446 loquitur
1577 1391 1626 1430 ;‹‹
1653 1374 1805 1430 Uxor
1834 1379 1937 1429 tua

273 1459 337 1514 in
367 1459 598 1515 civitate
628 1460 1036 1528 fornicabitur,
1059 1465 1114 1516 et
1147 1461 1252 1516 ﬁlii
1284 1462 1369 1518 tui
1396 1467 1453 1518 et
1483 1463 1618 1519 ﬁlia:
1648 1463 1708 1518 in
1740 1462 1934 1536 gladio

275 1548 486 1604 cadent
517 1553 575 1604 et
604 1548 823 1604 humus
873 1553 978 1605 tua
1008 1549 1266 1606 funiculo
1311 1552 1584 1608 metietur
1605 1554 1807 1623 (Amos.
1832 1568 1932 1618 νη,

274 1638 387 1708 17).
417 1659 444 1687 ››
477 1639 888 1693 Incunctanter
929 1638 1086 1694 enim
1147 1640 1466 1696 sacerdotis
1516 1658 1659 1696 uxor
1687 1641 1760 1696 ab
1805 1639 1935 1696 aliis

269 1725 544 1793 violatur,
576 1726 1047 1799 quandocunque
1093 1727 1350 1784 Ecclesia
1397 1747 1432 1784 a
1480 1729 1668 1796 laicis,
1721 1729 1936 1802 quibus

2038 574 2150 645 37),
2178 596 2205 622 ››
2233 575 2532 646 quoniam,
2566 574 2796 631 etiamsi
2826 575 2883 631 in
2909 576 3002 631 via
3027 577 3314 649 spirituali
3339 586 3531 652 patres
3554 601 3684 640 con-

2037 662 2249 738 trarios
2281 663 2590 731 habemus,
2611 663 2806 720 odisse
2837 669 2893 719 et
2923 665 3120 738 fugere
3149 667 3452 724 debemus.

2669 770 2900 826 CAPUT
2939 772 3058 826 XII.

2037 860 2112 914 De
2136 861 2568 930 praesumptione
2603 861 2942 930 feminarum
2971 864 3022 916 et
3049 861 3318 929 dignitate
3345 875 3688 923 sacratarum

2757 947 2961 986 rerum.

2110 1017 2325 1074 Verum
2358 1035 2462 1074 cur
2490 1019 2612 1074 hinc
2643 1024 2874 1075 tantum
2907 1020 2977 1076 de
3005 1021 3145 1077 viris
3185 1021 3349 1079 laieis
3379 1028 3686 1098 conqueri-

2040 1123 2194 1174 mur,
2227 1123 2362 1162 cum
2394 1107 2532 1178 ipsa:
2581 1124 2816 1180 quoque
2864 1108 3022 1164 laieze
3056 1109 3300 1180 femina},
3334 1114 3548 1184 quibus
3581 1130 3688 1171 nec

2039 1193 2202 1266 loqui
2253 1196 2310 1250 in
2361 1195 2612 1251 Ecclesia
2644 1198 3002 1268 permittitur
3049 1200 3095 1269 (I
3123 1199 3241 1254 Cor.
3287 1218 3403 1267 xxv,
3434 1204 3545 1273 34),
3582 1220 3686 1259 nec

2041 1283 2331 1339 dominari
2364 1283 2423 1338 in
2453 1285 2641 1339 virum
2675 1285 2719 1356 (ι
2749 1287 2881 1340 Tim.
2917 1304 2977 1352 11,
3012 1287 3120 1358 42),
3152 1305 3266 1343 non
3299 1290 3490 1346 solum
3524 1291 3687 1348 laicis

2041 1388 2135 1427 res
2179 1371 2600 1428 ecclesiasticas
2656 1373 3088 1445 dispensandas
3136 1379 3534 1448 committunt,
3585 1383 3687 1437 sed

2043 1459 2283 1532 insuper
2314 1461 2704 1532 pastoralibus
2727 1462 2951 1518 baculis
2970 1470 3027 1519 et
3048 1465 3280 1520 annulis
3303 1468 3372 1522 de
3395 1468 3691 1542 episcopa-

2045 1546 2202 1603 tibus
2233 1553 2288 1603 et
2318 1549 2569 1604 abhatiis
2619 1549 2856 1605 clericos
2901 1551 3230 1620 investiant,
3266 1573 3411 1626 quos
3458 1557 3541 1613 eis
3588 1565 3690 1615 aut

2044 1637 2204 1691 favor
2224 1643 2324 1692 aut
2352 1638 2700 1709 obsequium
2731 1641 3027 1707 saeculare,
3056 1659 3157 1698 seu
3191 1645 3441 1714 pretium
3473 1652 3690 1720 tempo-

2047 1725 2186 1791 rale,
2219 1725 2488 1782 conciliat
2518 1732 2573 1781 et
2605 1729 2998 1782 commendat.
3029 1730 3439 1803 Principantur
3467 1742 3521 1790 et
3551 1736 3689 1808 ipsa:

277 1829 396 1869 non
449 1814 720 1886 pertinet,
773 1815 1222 1871 administratur
1267 1815 1354 1872 vel
1404 1817 1723 1873 ordinatur,
1757 1818 1936 1888 Cujus
1967 1853 2012 1917 B
2046 1812 2430 1869 nihilominus
2462 1815 2618 1870 omni
2643 1815 3168 1873 ecclesiasticarum
3193 1822 3433 1878 concilio
3456 1825 3690 1894 etjudi-

272 1903 450 1958 etiam
495 1902 715 1958 humus
767 1903 1025 1959 funiculo
1074 1906 1364 1970 metietur,
1393 1905 1490 1960 ubi
1539 1905 1934 1961 ecclesiastica

274 1992 572 2064 possessio
602 2008 636 2046 a
668 1997 824 2047 sorte
867 1991 1155 2048 Dominiei
1199 1994 1505 2049 sacerdotii
1539 1994 1845 2064 alienatur,
1877 1999 1935 2050 et

271 2080 345 2135 ad
377 2079 660 2136 laicorum
694 2084 911 2136 sortem
940 2086 998 2136 et
1027 2082 1358 2137 dominium
1391 2089 1711 2138 revocatur.
1742 2084 1848 2150 Qui
1879 2079 1932 2139 si

271 2169 611 2226 defensores
643 2169 934 2237 Ecclesia,
957 2173 1013 2224 et
1035 2187 1152 2226 non
1182 2172 1484 2243 pradones
1514 2171 1602 2226 vel
1635 2173 1931 2228 invasores

270 2261 490 2324 essent,
523 2258 724 2330 procul
770 2257 948 2313 dubio
999 2275 1101 2330 pro
1153 2258 1548 2330 qualicunque
1603 2259 1775 2332 culpa
1826 2278 1929 2316 seu

273 2345 635 2419 negligentia
662 2348 1032 2403 sacerdotum
1073 2365 1141 2403 ea
1184 2348 1493 2404 defendere
1525 2365 1637 2404 non
1673 2349 1929 2422 neglige-

273 2442 427 2500 rent,
459 2452 564 2491 nec
606 2437 708 2507 jus
741 2435 896 2492 illius
928 2437 1039 2492 sibi
1085 2437 1465 2493 vindicarent.
1498 2438 1739 2494 Factum
1770 2439 1928 2494 enim

271 2540 560 2596 personae,
595 2529 660 2579 ut
691 2525 897 2580 beatus
944 2524 1260 2597 Gregorius
1308 2526 1500 2593 docet,
1527 2542 1642 2582 non
1673 2530 1763 2582 est
1791 2543 1926 2582 con-

271 2613 620 2668 vertendum
655 2613 714 2667 in
745 2613 1027 2668 damnum
1059 2613 1357 2683 Ecclesiae;
1391 2614 1494 2670 sed
1524 2615 1609 2670 sic
1634 2617 1724 2670 est
1751 2616 1926 2670 casti-

270 2702 469 2774 ganda
498 2717 748 2772 persona
780 2705 842 2756 ut
873 2719 975 2773 per
999 2702 1199 2758 omnia
1228 2702 1525 2759 indemnis
1555 2709 1929 2760 conservetur

270 2788 523 2844 facultas
551 2789 966 2846 ecclesiastica.
992 2791 1177 2846 Habet
1204 2791 1361 2846 enim
1393 2791 1646 2848 Ecclesia
1675 2809 1814 2848 suas
1845 2792 1927 2848 le-

269 2892 397 2950 ges,
420 2877 827 2949 suosjudices,
851 2878 1069 2950 quibus
1091 2895 1226 2934 cum
1251 2879 1497 2935 consilio
1519 2879 1922 2953 religiosorum

270 2971 329 3021 et
346 2966 681 3038 sapientum
705 2971 806 3022 aut
823 2966 1343 3039 corripiantur,aut
1359 2969 1726 3041 corrigantur
1743 2967 1924 3040 culpa

272 3055 724 3127 prapositorum
763 3059 820 3110 et
862 3055 1266 3112 ministrorum
1298 3057 1447 3128 ejus.
1481 3057 1633 3121 Quas
1661 3057 1711 3112 si
1743 3056 1923 3114 eccle-

270 3143 496 3199 siastici
557 3143 933 3200 dissimulant
983 3150 1086 3200 aut
1131 3144 1374 3201 minime
1422 3151 1652 3214 curant,
1683 3146 1921 3202 demum

2042 1903 2396 1968 cio,dum,ad
2416 1907 2627 1958 nutum
2653 1903 2883 1959 illarum
2903 1905 3075 1960 etiam
3096 1907 3528 1979 absentum,alii
3553 1930 3688 1984 prte-

2041 1995 2360 2062 ponuntur,
2385 1991 2481 2046 alii
2507 1992 2899 2064 deponuntur,
2918 1993 3036 2060 alii,
3054 1998 3320 2065 quamvis
3343 1999 3685 2074 culpabiles,

2041 2083 2142 2134 aut
2171 2080 2716 2151 prietermittuntur,
2742 2085 2840 2136 aut
2869 2083 3283 2140 defenduntur.
3306 2087 3398 2142 Sic
3429 2088 3534 2143 hac
3561 2107 3686 2162 per-

2040 2167 2378 2224 versissima
2408 2169 2707 2237 abusione,
2751 2170 2920 2241 juxta
2960 2172 3115 2242 quod
3163 2172 3380 2247 impius
3429 2177 3686 2254 Porphy-

2040 2256 2162 2310 rius
2210 2254 2623 2325 calumniatur,
2659 2263 2899 2313 senatus
2958 2267 3154 2316 noster
3209 2268 3348 2318 sunt
3393 2266 3619 2324 femina:
3652 2287 3687 2326 a

2039 2344 2254 2416 quibus
2288 2344 2529 2416 insuper
2573 2345 2789 2401 dantur
2838 2349 3223 2406 sacerdotalia
3271 2353 3546 2426 insignia,
3581 2375 3685 2413 nec

2037 2432 2171 2488 licet
2220 2431 2666 2501 ecclesiasticos,
2702 2435 2814 2489 nisi
2862 2436 2931 2492 de
2961 2454 3163 2494 carum
3213 2441 3384 2510 dono,
3417 2461 3525 2500 sua
3571 2445 3683 2501 sibi

2038 2538 2357 2588 assumere,
2388 2538 2513 2592 quae
2545 2539 2647 2576 nec
2681 2523 2870 2578 dicam
2903 2525 3152 2593 femina),
3182 2530 3282 2584 sed
3317 2547 3421 2586 nec
3453 2550 3684 2590 mascu-

2036 2609 2227 2666 lorum
2281 2609 2598 2681 quispiam,
2633 2611 2746 2667 nisi
2793 2612 3063 2678 clericus,
3109 2617 3281 2672 debet
3327 2621 3682 2695 contingere,

2017 2699 2204 2755 beato
2261 2699 2555 2770 Stephano
2610 2717 2760 2771 papa
2809 2707 3061 2774 martyre
3111 2703 3194 2759 sic
3242 2706 3624 2766 denuntiante
3665 2730 3679 2768 :

2037 2812 2064 2837 ε(
2089 2787 2454 2843 Vestimenta
2484 2787 2892 2856 ecclesiastica,
2916 2791 3130 2862 quibus
3153 2793 3266 2849 Deo
3290 2796 3681 2870 ministratur,

2035 2880 2092 2930 ct
2123 2879 2351 2931 sacrata
2379 2876 2593 2931 debent
2641 2893 2768 2932 esse
2799 2882 2854 2932 et
2882 2878 3144 2948 honesta,
3177 2883 3394 2953 quibus
3442 2885 3501 2940 in
3550 2887 3681 2945 aliis

2037 2963 2241 3019 usibus
2272 2981 2442 3019 nemo
2474 2964 2645 3019 debet
2695 2964 2806 3019 frui
2851 2983 3028 3038 quam
3078 2969 3132 3023 in
3184 2971 3594 3032 ecclesiasticis
3625 2981 3682 3034 et

2034 3051 2149 3108 Deo
2180 3053 2374 3124 dignis
2405 3051 2636 3119 ofﬁciis,
2659 3070 2786 3125 quas
2810 3072 2912 3110 nec
2933 3057 3004 3112 ab
3027 3058 3158 3114 aliis
3188 3059 3400 3117 debent
3421 3065 3678 3140 contingi

2034 3146 2135 3195 aut
2165 3141 2321 3210 ferri,
2356 3140 2464 3196 nisi
2499 3158 2532 3196 a
2566 3143 2810 3198 sacratis
2859 3149 2971 3199 Deo
3004 3145 3360 3217 hominibus,
3394 3168 3464 3207 ne
3512 3153 3679 3224 ultio,

272 3230 583 3288 saeculares
615 3233 909 3304 principes
937 3238 996 3288 et,
1024 3233 1222 3288 fideles
1270 3233 1426 3301 laici,
1459 3251 1561 3306 ριιο
1589 3235 1926 3290 defensione
1957 3216 1998 3282 C
2036 3247 2163 3301 quae
2190 3229 2494 3285 Balthazar
2523 3232 2830 3302 percussit,
2853 3249 3030 3304 super
3054 3234 3174 3290 hmo
3207 3216 3682 3313 transgredienti;

271 3324 330 3376 et
363 3320 1013 3393 recuperatione,quam
1038 3322 1209 3377 matri
1241 3339 1358 3377 suis
1395 3322 1659 3378 Ecclesiae
1693 3323 1925 3391 debent,

274 3425 518 3464 necesse
546 3415 636 3464 est
665 3409 962 3476 insistant,
991 3425 1206 3482 eosque
1240 3416 1564 3483 opportune
1593 3411 1928 3483 importune

269 3498 624 3553 conveniant
652 3502 708 3553 et
741 3503 1035 3565 moneant,
1063 3515 1134 3554 ne
1165 3499 1629 3555 destructoribus
1653 3498 1924 3555 ecclesia-

268 3603 404 3641 rum
429 3585 528 3642 Dei
565 3590 621 3642 et
652 3586 1106 3658 indisciplinatis
1136 3587 1379 3643 tacendo
1409 3592 1466 3644 et
1494 3587 1924 3644 dissimulando

264 3676 524 3742 laveant,
541 3676 641 3731 sed
667 3693 864 3732 secum
889 3677 961 3731 ad
984 3676 1384 3732 reformandos
1404 3676 1488 3732 eis
1509 3693 1649 3733 suos
1669 3693 1924 3733 canones

265 3768 606 3836 exsurgant.
641 3765 802 3830 Quod
843 3764 893 3820 si
954 3781 1058 3820 nec
1107 3765 1349 3820 monitis
1406 3765 1675 3821 resistere
1728 3764 1921 3838 pravis

265 3851 618 3921 curaverint,
651 3853 828 3909 faciat
863 3852 1013 3909 laiea
1041 3857 1296 3925 potestas
1324 3854 1560 3910 tandem
1591 3855 1746 3926 quod
1779 3854 1921 3911 lihe-

263 3957 342 3995 raa
376 3945 435 3996 et
462 3940 683 3998 dilecta
716 3941 921 3998 matris
950 3941 1268 4014 degeneres
1307 3941 1432 4010 ﬁlii,
1465 3944 1635 4014 cujus
1667 3943 1716 3999 si
1748 3944 1921 4017 pudi-

262 4029 465 4084 citiam
490 4031 864 4102 cognoverint
880 4031 951 4086 ab
975 4029 1255 4086 adulteris
1277 4031 1556 4102 captivari
1573 4049 1586 4100 ;
1606 4047 1712 4088 nec
1734 4049 1918 4102 mora,

261 4117 658 4190 accinguntur
673 4118 1044 4186 vindicaturi,
1060 4119 1292 4174 etiamsi
1316 4124 1481 4190 pater
1501 4136 1700 4175 eorum
1723 4121 1922 4176 admo-

259 4206 432 4276 nitus
462 4205 719 4280 negligat
748 4213 868 4263 tam
901 4207 1270 4263 intolerabile
1300 4206 1410 4263 sibi
1459 4207 1681 4264 malum
1727 4209 1918 4266 ultum

260 4293 357 4349 iri.
395 4295 672 4351 Caventes
702 4295 859 4352 enim
892 4295 1186 4352 maculam
1215 4313 1320 4352 suo
1351 4297 1547 4368 generi
1581 4297 1916 4354 infamiam-

260 4399 381 4456 que
406 4400 519 4438 non
543 4385 838 4440 modicum
857 4402 963 4441 suo
987 4385 1232 4451 nomini,
1251 4385 1427 4440 etiam
1452 4389 1613 4456 patre
1629 4391 1914 4456 cessante,

260 4488 385 4527 non
417 4477 650 4528 cessant
685 4473 817 4528 boni
856 4472 956 4527 ﬁlii
990 4473 1196 4529 matris
1243 4490 1362 4528 sua:
1410 4473 1656 4544 injurias
1689 4474 1915 4532 ulcisci.

2035 3318 2148 3374 bus
2169 3323 2224 3374 et
2239 3317 2381 3374 talia
2405 3321 2894 3390 praesumentibus
2911 3323 3102 3378 veniat
3117 3325 3394 3395 divina,et
3412 3347 3679 3391 corruere

2035 3423 2134 3463 eos
2166 3407 2338 3462 iaciat
2367 3408 2438 3462 ad
2473 3407 2614 3482 ima.
2634 3431 2662 3458 ››
2688 3409 2766 3464 Ex
2788 3426 2902 3480 quo
2929 3413 3073 3466 tanti
3107 3414 3396 3484 pontiﬁcis
3427 3419 3676 3492 decreto,

2036 3511 2272 3550 necesse
2301 3499 2391 3550 est
2420 3501 2660 3551 caveant
2689 3495 2822 3552 laici
2855 3503 2909 3553 et
2939 3498 3095 3555 laicae
3131 3503 3522 3563 ecclesiastica
3553 3527 3679 3566 ves-

2034 3582 2280 3638 timenta
2309 3601 2416 3640 suo
2439 3589 2709 3640 contactu
2743 3591 3043 3657 temerare,
3067 3594 3123 3645 et
3151 3607 3184 3645 a
3205 3592 3522 3653 miser-ibus
3551 3616 3680 3670 pro-

2033 3669 2220 3726 hibita
2251 3672 2476 3743 majora
2523 3673 2633 3728 sibi
2683 3691 3053 3745 prmsumere.
3087 3679 3308 3743 Quibus
3354 3684 3508 3739 enim
3561 3669 3677 3744 non

2032 3760 2369 3816 conceditur
2399 3761 2738 3818 claviculam
2773 3763 2997 3819 ostiarii
3043 3783 3160 3837 qua
3191 3774 3346 3824 serat
3375 3776 3428 3826 et
3461 3781 3678 3831 reserat

2028 3847 2224 3904 valvas
2246 3848 2449 3920 templi
2471 3849 2781 3918 sancti,vel
2806 3851 3133 3907 funiculum
3158 3854 3537 3913 tintinnabuli
3561 3878 3676 3933 quo

2030 3936 2324 4010 significat
2344 3942 2530 3992 certas
2561 3937 2736 3994 horas
2756 3939 2947 4010 aperis
2968 3933 3087 4010 Dei,
3112 3942 3296 4000 multo
3319 3946 3513 4003 minus
3537 3966 3676 4006 con-

2030 4025 2256 4080 ceditur
2284 4023 2619 4097 contingere
2664 4026 2939 4082 baculum
2976 4034 3032 4084 et
3060 4031 3345 4089 annulum
3395 4037 3673 4112 episcopi,

2030 4115 2246 4188 quibus
2277 4114 2676 4188 principaliter
2705 4116 3042 4188 insignitus,
3066 4137 3178 4176 non
3203 4122 3357 4180 solos
3381 4127 3674 4199 ostiarios,

2029 4204 2128 4259 sed
2164 4203 2420 4275 reliquos
2462 4203 2696 4260 ordines
2735 4205 3178 4277 ecclesiasticos,
3202 4211 3514 4287 ipsumque
3536 4221 3679 4274 tem-

2026 4290 2188 4364 plum
2212 4309 2345 4347 cum
2369 4291 2527 4348 omni
2554 4310 2664 4348 sua
2689 4294 3060 4366 supellectili,
3085 4299 3265 4356 altare
3288 4319 3518 4375 quoque
3540 4323 3675 4363 cum

2027 4381 2301 4437 omnibus
2321 4381 2443 4437 suis
2465 4382 2814 4440 utensilibus
2827 4385 2940 4440 Deo
2954 4389 3337 4460 omnipotenti
3355 4399 3672 4452 consecrat.

2027 4471 2157 4526 Pari
2190 4471 2361 4526 modo
2392 4471 2610 4542 quibus
2659 4488 2772 4528 non
2805 4473 2939 4530 licet
2986 4477 3321 4550 contingere
3369 4480 3674 4552 cingulum

259 4559 376 4627 Qui
411 4561 457 4615 si
490 4577 642 4626 eam,
675 4560 956 4617 adulteris
987 4567 1270 4633 ereptam,
1293 4579 1400 4618 suo
1428 4561 1687 4634 legitimo
1713 4565 1911 4619 matri-
1945 4580 1991 4644 D
2027 4564 2130 4615 aut
2159 4559 2496 4632 mappulam
2522 4561 2885 4630 subdiaconi,
2910 4563 3131 4620 hostias
3161 4567 3233 4621 ad
3265 4566 3445 4623 altare
3476 4568 3671 4640 laturi,

258 4649 465 4705 monio
497 4667 610 4705 non
634 4649 1028 4716 restituerent,
1050 4651 1150 4706 sed
1180 4668 1298 4706 sua:
1328 4650 1555 4705 libidini
1588 4657 1914 4709 maternam

255 4735 608 4811 pudicitiam
635 4738 1087 4810 prostituerent;
1114 4756 1304 4794 nonne
1337 4741 1561 4810 pejores
1583 4745 1641 4795 et
1665 4741 1916 4799 detesta-

256 4825 502 4882 biliores
523 4827 884 4898 quibuslibet
914 4827 1195 4884 adulteris
1222 4828 1454 4884 essent?
1479 4827 1679 4884 Nonne
1710 4829 1916 4888 tolera-

253 4914 444 4971 bilius
467 4915 656 4972 fuerat
679 4917 750 4971 ab
770 4915 901 4972 aliis
922 4933 1036 4972 non
1059 4916 1592 4988 defendisse,quam
1613 4917 1910 4975 defensam

252 5005 345 5060 sic
378 5003 492 5059 sibi
527 5021 809 5077 usurpare
858 5010 914 5060 et
962 5005 1276 5060 addicere?
1333 5005 1490 5076 Rogo
1546 5005 1914 5062 considerent

251 5092 370 5148 hoc
391 5091 724 5148 Christiana
757 5093 973 5165 pietate
1009 5093 1299 5165 principes
1327 5092 1638 5148 Christiani
1669 5099 1726 5149 et
1754 5093 1908 5162 laici,

253 5185 315 5237 et
360 5181 601 5237 tandem
647 5187 1000 5255 cognoscant
1052 5185 1270 5253 quanto
1321 5180 1636 5253 flagitiores
1685 5183 1825 5252 sint,
1859 5184 1907 5239 si

253 5267 629 5340 spiritualem
662 5275 908 5326 matrem
953 5287 1123 5325 suam
1157 5268 1240 5324 sic
1291 5269 1625 5337 defendant,
1660 5287 1730 5326 ne
1759 5272 1908 5342 patri

253 5374 366 5414 suo
399 5359 732 5425 restituant,
758 5359 858 5414 sed
899 5359 1011 5414 sibi
1061 5358 1206 5430 ipsis
1253 5361 1484 5413 tantum
1533 5357 1907 5429 prostituant.

253 5447 329 5503 Et
357 5447 455 5503 cui
478 5447 668 5520 patri?
690 5448 778 5504 llli
803 5448 1083 5503 nimirum
1114 5447 1207 5503 cui
1229 5445 1432 5503 nullus
1453 5446 1702 5503 carnalis
1722 5453 1906 5520 pater,

255 5553 332 5594 ne
361 5536 558 5594 dicam
589 5538 1004 5610 praeferendus,
1019 5537 1120 5598 sed
1141 5553 1246 5594 nec
1267 5535 1507 5611 quidem
1533 5539 1624 5596 est
1652 5539 1906 5616 aequipa-

256 5626 692 5706 mdusduxta
719 5627 876 5708 quod
905 5627 1120 5690 dicitur
1147 5642 1198 5687 εις
1226 5625 1334 5699 Qui
1365 5629 1525 5688 amat
1550 5629 1776 5707 patrem
1807 5633 1909 5694 aut

2027 4649 2212 4704 multo
2239 4649 2434 4704 minus
2456 4649 2587 4705 licet
2607 4649 2890 4705 annulum
2912 4652 3168 4724 episcopi
3191 4670 3305 4725 quo
3331 4654 3671 4729 insignitur,

2025 4738 2164 4791 dum
2183 4735 2406 4791 assistit
2426 4735 2678 4804 altari,et
2700 4736 3023 4792 sanctiﬁcat
3045 4738 3122 4792 im
3133 4739 3424 4813 molatque
3440 4745 3671 4816 Agnum

2022 4825 2142 4894 Dei,
2165 4825 2252 4882 vel
2276 4826 2418 4880 dum
2442 4829 2742 4880 consecrat
2768 4824 3026 4882 chrisma
3049 4827 3302 4900 Spiritus
3334 4834 3544 4900 sancti,
3569 4851 3669 4890 seu

2021 4917 2161 4971 dum
2184 4913 2473 4970 benedicit
2494 4912 2770 4984 populum
2799 4914 3039 4971 Dci.Nec
3062 4918 3274 4973 mirum
3296 4919 3343 4975 si
3369 4926 3670 4995 tantopere

2017 5005 2319 5060 veritatem
2350 5001 2560 5056 Christi
2591 5001 2650 5055 in
2682 5000 2836 5057 Novo
2870 5004 3242 5062 Testamento
3277 5026 3668 5080 revereamur,

2019 5110 2153 5149 cum
2185 5093 2311 5163 ejus
2344 5090 2610 5145 umbram
2644 5089 2701 5144 in
2728 5093 2918 5147 Veteri
2941 5094 3258 5151 decreverit
3278 5097 3559 5155 Dominus
3583 5101 3668 5155 sic

2018 5183 2395 5239 reverendam
2414 5189 2467 5236 et
2484 5179 2908 5251 honorandam,
2925 5189 3026 5238 aut
3042 5184 3100 5239 in
3118 5185 3513 5243 libroNumeri
3533 5189 3667 5246 inde

2018 5289 2122 5344 per
2150 5271 2386 5343 Moysen
2418 5269 2572 5323 dicat
2596 5285 2608 5322 :
2635 5292 2660 5317 «
2688 5269 2868 5324 Erunt
2898 5273 3008 5327 sub
3037 5274 3303 5329 custodia
3335 5276 3664 5334 Levitarum

2018 5359 2230 5416 tabulis
2262 5355 2642 5424 tabernaculi,
2667 5362 2725 5412 et
2754 5362 2960 5426 vectes,
2995 5364 3051 5415 et
3080 5360 3384 5430 columns,
3411 5368 3467 5419 et
3495 5365 3665 5423 bases

2017 5451 2304 5513 earum,et
2323 5445 2522 5502 omnia
2552 5463 2678 5519 quas
2709 5447 2781 5502 ad
2813 5447 3035 5504 cultum
3066 5450 3359 5522 pertinent
3389 5452 3664 5524 hujusce-

2017 5537 2210 5607 modi;
2242 5537 2643 5611 columnaeque
2673 5536 2807 5594 atrii
2827 5554 2960 5594 cum
2990 5539 3234 5597 basibus
3261 5543 3386 5599 suis
3417 5560 3522 5618 per
3551 5544 3661 5603 cir-

2015 5629 2240 5693 cuitum
2271 5629 2330 5689 et
2358 5623 2556 5703 paxilli
2603 5641 2738 5687 cum
2786 5627 3046 5690 mnibus.
3079 5629 3662 5702 Castrametabuntut'
