4106 6178
529 252 684 312 H59

1579 237 1990 303 HUMBERTI
2038 242 2101 301 S.
2151 240 2223 300 Β.
2270 240 2339 300 Ε.
2388 239 2873 304 CABDINALIS.

3685 255 3804 319 H60

530 385 662 439 ante
691 376 1131 436 tabernaculum
1184 375 1433 440 foederis,
1471 373 1526 428 id
1574 378 1661 427 est
1709 372 1775 426 ad
1829 371 2168 427 orientalem
2201 375 2253 438 Α
2285 371 2624 442 temporalis
2657 375 2857 431 mortis
2907 373 3287 430 adhibebatur
3320 392 3432 448 quae
3473 382 3638 451 procul
3677 385 3808 443 dubio

528 471 760 544 plagam
793 468 1019 538 Moyses
1051 468 1106 520 et
1131 469 1322 518 Aaron
1355 479 1488 518 cum
1539 460 1675 515 ﬁliis
1726 460 1871 526 suis,
1895 459 2174 515 habentes

527 557 855 614 custodiam
880 551 1199 610 sanctuarii
1222 551 1280 604 in
1304 549 1494 604 medio
1520 548 1769 604 ﬁliorum
1796 547 2175 611 Israel,Quis-

527 647 662 719 quis
683 645 909 701 alienus
938 639 1248 698 accesserit
1283 638 1570 692 morietur
1590 637 1772 708 (Num.
1800 655 1882 702 ιιι,
1908 637 2117 707 36-38).
2145 659 2171 686 »

524 735 743 791 Deinde
775 750 912 789 vasa
944 730 1144 786 altaris
1172 729 1230 782 in
1257 731 1477 798 quanta
1495 726 2055 792 volueritDominus
2088 742 2173 780 re-

523 824 779 880 verentia
801 819 1021 886 haberi,
1041 821 1170 890 post
1193 815 1390 887 aliqua
1418 816 1632 871 ibidem
1658 814 1914 869 ostendit
1934 814 2135 869 dicens
2160 830 2173 867 :

529 935 556 963 «
583 912 809 984 Ignium
834 892 1220 979 receptacula,
1248 904 1574 960 fuscinulas
1601 921 1665 959 ac
1694 904 1996 969 tridentes,
2022 902 2179 958 unci-

524 1002 629 1056 dos
660 1005 716 1054 et
738 996 960 1064 batilla,
985 999 1312 1065 cunctaque
1334 1011 1474 1049 vasa
1495 991 1696 1048 altaris
1717 993 1977 1064 operient
1998 991 2174 1046 simul

522 1088 811 1143 velamine
833 1085 1244 1156 janthinarum
1272 1082 1534 1155 pellium,
1568 1086 1624 1137 et
1654 1081 1933 1136 inducent
1965 1089 2171 1136 vectes.

521 1176 784 1247 Cumque
809 1173 1156 1229 involverint
1181 1173 1369 1226 Aaron
1398 1177 1453 1225 et
1482 1170 1584 1224 ﬁlii
1619 1171 1746 1241 ejus
1774 1169 2174 1224 sanctuarium

522 1269 580 1319 et
609 1264 806 1319 omnia
836 1280 972 1318 vasa
1005 1263 1132 1332 ejus
1159 1261 1218 1314 in
1244 1259 1634 1315 commotione
1662 1263 2008 1324 castrorum,
2035 1263 2176 1312 tunc

522 1354 829 1410 intrabunt
878 1351 983 1405 ﬁlii
1017 1349 1194 1404 Caath
1248 1353 1312 1403 ut
1364 1352 1594 1419 portent
1640 1347 1924 1418 involuta,
1957 1351 2013 1402 et
2060 1363 2173 1401 non

519 1446 765 1514 tangant
812 1457 950 1496 vasa
1000 1437 1339 1503 sanctuarii,
1383 1454 1455 1492 ne
1505 1436 1831 1492 moriantur
1878 1437 2057 1508 (Num.
2097 1453 2174 1503 1v,

524 1533 732 1598 14—15).
763 1553 788 1577 υ

593 1622 852 1685 Quorum
883 1615 1204 1689 periculum
1236 1616 1424 1671 denuo
1449 1615 1772 1670 cavendum
1798 1613 2173 1679 denuntians,

520 1709 598 1764 sit
653 1706 837 1778 Moysi
896 1711 952 1761 et
1007 1708 1195 1760 Aaron
1232 1723 1299 1760 :«
1347 1704 1535 1760 Nolite
1592 1704 1832 1776 perdere
1891 1701 2175 1775 pepulum

521 1797 700 1853 Caath
733 1797 803 1851 de
833 1795 1027 1850 medio
1075 1794 1438 1862 Levitarum;
1475 1793 1575 1848 sed
1617 1792 1727 1848 hoc
1776 1793 1946 1846 facite
1977 1791 2081 1858 eis,
2114 1795 2178 1846 ut

522 1888 715 1942 vivant
734 1891 788 1940 et
812 1901 926 1940 non
951 1883 1296 1949 moriantur,
1323 1885 1369 1938 si
1395 1881 1692 1954 tetigerint
1716 1887 1922 1937 sancta
1945 1884 2174 1936 sancto—

520 1993 673 2031 rum.
698 1978 885 2030 Aaron
909 1977 964 2028 et
987 1972 1088 2027 ﬁlii
1110 1974 1238 2044 ejus
1261 1972 1587 2042 intrabunt,
1611 1969 1838 2043 ipsique
1863 1971 2176 2041 disponent

520 2082 695 2136 Opera
741 2062 1131 2134 singulorum,
1163 2065 1218 2116 et
1268 2061 1530 2115 divident
1578 2060 1718 2130 quid
1766 2064 1995 2131 portare
2043 2058 2174 2130 quis

520 2154 745 2208 debeat.
771 2152 881 2206 Alii
934 2150 1097 2204 nulla
1145 2149 1479 2204 curiositate
1508 2148 1741 2203 videant
1774 2165 1899 2219 quae
1948 2148 2067 2202 sint
2114 2147 2172 2202 in

521 2240 875 2302 sanctuario,
909 2239 1255 2308 priusquam
1312 2237 1698 2303 involvantur,
1735 2236 1994 2308 alioquin
2047 2253 2172 2291 mo-

520 2329 744 2382 rientur
764 2328 944 2396 (Num.
973 2343 1048 2389 1v,
1076 2327 1159 2390 18,
1188 2326 1295 2395 19).
1327 2346 1354 2373 ››
1377 2325 1537 2387 Quod
1563 2324 1734 2394 longo
1758 2330 1889 2395 post
1912 2329 2171 2394 tempore

521 2416 634 2471 Oza
665 2416 888 2470 Levites
920 2413 1184 2482 incurrit,
1211 2414 1307 2467 ubi
1339 2429 1533 2468 arcam
1568 2412 1797 2467 Domini
1829 2412 2168 2467 inclinatam

521 2508 847 2560 sustentare
887 2502 1151 2570 tentavit,
1186 2519 1362 2571 quam
1415 2502 1554 2557 solis
1603 2501 2002 2556 sacerdotibus
2033 2517 2167 2556 con-

518 2593 742 2665 tingere
775 2591 955 2647 licuit.
989 2593 1067 2646 Ex
1107 2591 1323 2662 quibus
1355 2590 1715 2661 perpendant
1744 2590 1883 2660 quid
1915 2605 2169 2644 merean-

517 2685 615 2737 tur
655 2682 751 2753 qui
793 2681 917 2736 sola
946 2681 1272 2735 temeritate
1303 2683 1555 2735 tractant
1584 2684 1639 2734 et
1669 2679 1863 2735 ferunt
1894 2682 2080 2734 vestes
2113 2685 2168 2735 et

515 2788 656 2826 vasa
687 2769 1062 2826 ecclesiastici
1114 2769 1440 2836 ministerii,
1465 2769 1513 2823 si
1562 2769 1908 2824 occiduntur
1940 2767 2166 2823 coalitus

2285 461 2495 515 umbra
2525 465 2814 532 perpetuze
2858 462 3199 519 habebatur.
3234 465 3434 536 Itaque,
3456 471 3512 523 ut
3536 469 3602 524 ait
3623 476 3805 543 Aposto-

2285 547 2401 617 lus,
2435 549 2492 603 in
2521 549 2850 606 libertatem
2881 552 3064 607 vocati
3109 552 3246 623 (Gal.
3278 571 3330 620 v,
3361 555 3460 626 13),
3488 573 3548 611 ne
3575 558 3815 617 abutamur

2286 635 2572 706 libertate,
2599 657 2701 694 nec
2733 642 2954 696 tardem
2966 657 3033 696 us
3056 641 3258 696 reverti
3280 643 3347 697 ad
3371 643 3568 700 Patrem
3593 651 3811 718 nostrum,

2287 743 2391 782 nec
2421 728 2804 799 desperando,
2841 733 2939 784 aut
2979 728 3226 784 nimium
3265 733 3524 803 sperando
3554 733 3815 792 differamus

2284 814 2356 869 de
2386 816 2478 871 die
2508 816 2565 870 in
2599 817 2775 887 diem,
2801 818 2955 888 quia,
2985 819 3137 873 sicut
3167 818 3265 890 qui
3294 821 3550 892 desperat,
3578 822 3647 878 sic
3671 828 3714 878 et
3731 840 3814 880 ma-

2285 903 2533 961 ledictus
2565 911 2653 961 est
2681 907 2780 978 qui
2812 907 2870 961 in
2901 923 3003 978 spe
3033 911 3250 978 peccat.

2886 1013 3117 1069 CAPUT
3171 1013 3312 1069 XIII.

2283 1100 2357 1154 De
2385 1100 2652 1169 dignitate
2679 1101 2968 1158 sacerdotii
2997 1104 3191 1158 veteris
3219 1103 3376 1175 legis,
3405 1107 3451 1157 et
3479 1106 3818 1175 praesumptione

2639 1181 2687 1228 et
2713 1190 2874 1244 paena
2908 1191 3097 1244 regum
3122 1173 3272 1229 Judw
3299 1178 3347 1229 et
3375 1176 3539 1229 Israel.

2356 1260 2752 1317 Nihilominus
2783 1267 2840 1318 et
2869 1263 3228 1334 perpendant
3249 1261 3395 1334 quia,
3415 1263 3647 1334 quamvis
3663 1263 3818 1317 duode—

2287 1349 2401 1404 cim
2435 1349 2624 1405 tribus
2656 1349 2830 1406 Israel
2863 1349 3104 1406 totidem
3134 1355 3272 1406 tunc
3301 1350 3557 1406 haberent
3579 1350 3818 1422 principes,

2285 1437 2344 1491 in
2379 1438 2594 1508 quibus
2616 1443 2672 1493 et
2695 1439 3017 1507 Nahasson,
3043 1441 3113 1494 de
3143 1440 3296 1494 tribu
3325 1439 3482 1506 Juda,
3513 1439 3594 1493 cui
3621 1456 3711 1495 non
3733 1443 3820 1494 erat

2283 1526 2664 1581 auferendum
2696 1530 2990 1598 sceptrum
3016 1531 3072 1583 et
3101 1529 3218 1583 dux
3240 1529 3310 1583 de
3337 1529 3534 1583 femore
3559 1528 3663 1598 ejus
3687 1541 3821 1598 usque

2286 1614 2357 1669 ad
2393 1614 2606 1686 Regem
2641 1631 2862 1688 regum,
2905 1615 3200 1671 Christum
3243 1616 3548 1687 (Gen.xux,
3569 1616 3658 1685 10),
3677 1612 3819 1669 nullus

2287 1707 2482 1758 tamen
2514 1703 2771 1771 illorum,
2814 1705 2928 1759 nisi
2960 1703 3121 1760 solus
3151 1706 3393 1776 Moyses,
3433 1702 3745 1776 praesumpsit
3776 1717 3822 1756 ex

2285 1791 2710 1847 contribulibus
2743 1793 2866 1848 suis
2897 1794 3165 1849 ordinare
3208 1793 3542 1866 pontificem,
3572 1791 3820 1848 sacerdotes

2285 1887 2342 1935 et
2375 1881 2620 1949 Levitas,
2650 1885 3005 1953 cunctasque
3039 1882 3199 1938 illius
3229 1882 3494 1955 temporis
3520 1879 3762 1936 instituam
3783 1882 3822 1932 et

2283 1970 2590 2041 disponere
2621 1971 3018 2027 caeremonias.
3051 1971 3354 2043 Siquidem
3383 1972 3516 2043 ipse,
3540 1970 3642 2024 vice
3664 1965 3818 2022 summi

2285 2058 2577 2129 pontificis
2597 2063 2650 2113 et
2681 2058 2917 2114 maximi
2942 2059 3232 2131 primatis,
3251 2063 3432 2116 Aaron
3457 2061 3661 2114 fratrem
3681 2068 3822 2117 suum,

2283 2151 2340 2202 et
2373 2146 2522 2202 ﬁlios
2561 2149 2709 2218 ejus,
2743 2148 3034 2203 inferioris
3078 2149 3298 2221 gradus
3343 2148 3656 2214 sacerdotes,
3680 2140 3824 2197 infulis

2284 2235 2748 2291 sacerdotalibus
2788 2237 2998 2305 induit,
3033 2237 3389 2293 consecravit
3416 2239 3468 2290 et
3505 2231 3712 2288 inunxit.
3737 2229 3827 2300 Ipse

2283 2340 2515 2396 quoque
2568 2325 3012 2380 tabernaculum
3069 2329 3386 2397 utrumque
3441 2322 3616 2387 erexit,
3647 2325 3691 2376 et
3733 2331 3826 2372 cum

2281 2414 2556 2468 omnibus
2579 2413 2926 2470 utensilibus
2945 2414 3490 2485 suis,altaribusque
3509 2409 3695 2466 etvasis
3710 2407 3828 2460 inun-

2280 2502 2488 2573 gendo,
2514 2507 2568 2557 et
2601 2520 2752 2574 aqua
2783 2520 2914 2558 cum
2947 2504 3199 2576 hyssopo
3233 2501 3570 2576 aspergendo
3596 2491 3828 2559 dedicavit,

2279 2607 2394 2662 qua
2414 2591 2589 2646 etiam
2623 2591 2903 2663 populum
2937 2609 3247 2664 aspersum
3279 2587 3687 2649 sanctiﬁcavit:«
3707 2583 3827 2638 Lecto

2277 2679 2456 2747 enim,
2490 2685 2553 2734 ut
2591 2681 2670 2736 ait
2721 2681 3031 2754 Apostolus
3088 2683 3160 2736 ad
3221 2682 3500 2745 Hebraeos,
3533 2673 3669 2734 omni
3711 2686 3828 2727 man-

2276 2769 2410 2824 dato
2437 2769 2580 2841 legis
2612 2787 2645 2824 a
2675 2771 2870 2842 Moyse
2903 2771 3170 2827 universo
3203 2770 3434 2843 populo,
3462 2765 3710 2838 accipiens
3730 2774 3823 2814 san-

520 2860 619 2931 qui
645 2859 768 2915 sola
799 2859 1133 2914 curiositate
1165 2858 1344 2923 ducti,
1369 2857 1489 2912 haec
1515 2861 1741 2912 tantum
1772 2857 2042 2921 viderint,
2065 2861 2166 2912 aut
2274 2857 2510 2930 guinem
2541 2859 2857 2913 vitulorum
2899 2865 2956 2916 et
2986 2860 3287 2915 hircorum
3320 2875 3447 2914 cum
3477 2871 3612 2928 aqua
3654 2855 3698 2906 et
3733 2847 3828 2902 lana

518 2948 714 3003 subita
744 2947 1086 3003 necessitate
1136 2946 1381 3018 permoti
1412 2951 1740 3002 sustentare
1794 2947 2160 3002 tentaverint.

517 3037 587 3092 Et
615 3041 768 3092 certe
798 3037 1000 3092 Levita:
1031 3040 1088 3090 et
1121 3035 1446 3091 consecrati
1469 3040 1634 3090 erant
1666 3052 1813 3106 quos
1848 3040 2008 3090 tanta
2040 3035 2160 3089 ani-

519 3126 846 3182 madversio
896 3125 1232 3192 cohibebat;
1267 3129 1485 3196 quanta
1537 3129 1813 3196 putamus
1863 3126 2166 3180 severitate
2198 3109 2241 3176 C

516 3213 696 3270 laicos
727 3215 798 3269 ab
830 3215 922 3269 his
956 3212 1326 3268 deterrebat‘?
1369 3213 1480 3267 Sed
1534 3229 1604 3267 ne
1656 3214 1852 3268 forsan
1904 3217 2170 3268 autumet

517 3304 652 3374 quis
682 3303 804 3357 haec
837 3306 1065 3357 tantum
1101 3301 1316 3373 p0pulo
1360 3302 1469 3356 sub
1502 3300 1626 3372 lege
1675 3303 2080 3371 custodienda,
2115 3309 2170 3358 et

518 3408 634 3444 non
666 3391 833 3446 nobis
863 3391 973 3446 sub
1000 3390 1206 3462 gratia,
1231 3389 1572 3461 Apostolum
1609 3391 1896 3445 dicentem
1929 3393 2164 3447 audiat:

520 3499 548 3526 ‹‹
581 3479 949 3548 Ουωουιιῳιθ
997 3477 1214 3549 scripta
1244 3482 1383 3532 sunt
1431 3479 1500 3531 ad
1552 3482 1810 3532 nostram
1843 3479 2167 3533 doctrinam

517 3567 735 3640 scripta
784 3570 922 3622 sunt
945 3567 1122 3638 (Rom.
1147 3583 1235 3632 xv,
1273 3567 1357 3635 2};
1385 3583 1487 3619 nec
1520 3583 1631 3619 non
1666 3567 1901 3621 beatum
1955 3583 2166 3638 papam

516 3656 900 3729 Stephanum,
935 3654 1263 3712 consimilia
1292 3654 1384 3709 his
1417 3654 1685 3725 superius
1719 3655 2162 3722 decernentem;

514 3745 831 3801 Dominum
866 3750 1134 3800 nostrum
1177 3760 1408 3814 quoque
1458 3744 1514 3797 in
1567 3743 1894 3815 Evangelio,
1928 3743 2168 3815 majoris

506 3835 758 3906 justitize
788 3835 1195 3907 perfectionem
1243 3833 1366 3888 suis
1397 3831 1812 3900 inculcantem,
1839 3833 2052 3904 quibus
2083 3835 2165 3890 sic

515 3923 795 3994 praemisit
829 3941 840 3978 :
869 3945 897 3972 ‹‹
929 3923 1051 3980 Nisi
1085 3923 1464 3979 abundaverit
1499 3921 1732 3992 justitia
1761 3928 1954 3977 vestra
1999 3923 2166 3993 plus-

516 4028 694 4084 quam
743 4012 1079 4067 Scribarum
1128 4017 1184 4067 et
1228 4013 1673 4078 Pharisaeorum,
1706 4029 1820 4066 non
1873 4012 2166 4068 intrabitis

517 4101 573 4154 in
635 4116 879 4171 regnum
940 4100 1216 4155 cmlorum
1267 4101 1486 4168 (Matth.
1523 4119 1609 4168 III,
1639 4101 1749 4172 20).
1787 4122 1814 4149 »
1849 4101 1914 4155 Et
1970 4117 2167 4156 revera

517 4187 608 4244 lex
643 4205 744 4244 nec
773 4189 920 4243 iram
956 4206 1059 4244 nec
1090 4190 1632 4255 subsannationem,
1660 4207 1762 4244 nec
1790 4190 1946 4244 verbi
1980 4191 2167 4245 convi-

517 4277 672 4333 cium
703 4277 760 4331 in
797 4278 1030 4333 fratrem
1083 4281 1263 4332 morte
1312 4279 1501 4348 punit,
1538 4277 1650 4332 nisi
1702 4277 1892 4333 solum
1943 4278 2166 4334 actuale

518 4365 933 4433 homicidium;
968 4366 1066 4420 sed
1109 4364 1530 4436 [Evangelium]
1566 4367 1692 4437 ejus
1737 4383 1968 4437 quoque
2001 4366 2165 4421 fomi-

514 4459 631 4510 tem
665 4459 721 4510 et
751 4454 1151 4522 seminarium,
1203 4455 1350 4508 iram
1403 4452 1626 4510 scilicet
1674 4455 2167 4526 manifestumque
2198 4477 2243 4540 D

517 4543 868 4607 convicium,
904 4549 960 4598 et
1006 4547 1167 4598 tanto
1199 4542 1450 4614 graviori
1484 4547 1666 4597 morte
1706 4548 1922 4614 quanto
1963 4543 2168 4598 melior

516 4636 706 4687 exstat
753 4634 950 4688 anima
997 4649 1267 4704 corpore;
1300 4632 1469 4702 cujus
1518 4636 1721 4698 morte,
1757 4649 1932 4703 quam
1985 4633 2167 4688 solam

517 4719 848 4775 sentiebant
878 4721 982 4787 illi,
1016 4721 1173 4776 velut
1207 4721 1374 4786 servi,
1408 4721 1696 4792 perterriti
1731 4723 1802 4775 ab
1835 4723 2168 4778 excessibus

521 4808 1006 4878 reprimebantur,
1033 4826 1166 4865 cum
1201 4827 1305 4864 nos
1337 4809 1492 4863 velut
1525 4809 1710 4877 liberi,
1735 4809 1858 4864 sola
1889 4811 2168 4866 charitate

520 4896 716 4950 aeterni
751 4895 940 4953 Patris
963 4899 1260 4969 justitiam
1301 4899 1524 4970 operari
1571 4899 1906 4954 debeamus.
1941 4900 2082 4965 Qua,
2119 4901 2169 4954 si

522 4988 586 5038 ut
603 4989 743 5056 puta
761 4986 1130 5058 disciplinam
1149 4989 1275 5058 ejus
1289 4987 1599 5058 abjicimus
1619 4987 2200 5060 indisciplinatoque.

520 5072 680 5130 illius
714 5074 996 5131 voluntati
1030 5076 1382 5146 resistimus,
1409 5093 1521 5130 non
1555 5075 1747 5131 solum
1779 5076 2166 5132 exhaeredabi-

521 5179 675 5229 mur,
692 5163 792 5218 sed
820 5163 1058 5235 insuper
1080 5167 1263 5218 morte
1281 5162 1489 5218 animae
1513 5166 1790 5234 perpetuo
1814 5161 2165 5234 plectemur;

523 5268 700 5323 quam
734 5251 902 5308 nobis
936 5251 1242 5308 imminere
1272 5252 1569 5306 credentes
1600 5250 1780 5306 vitare
1813 5252 2166 5323 contempsi-

524 5357 677 5395 mus.
704 5341 771 5396 Et
791 5346 986 5398 tamen
1010 5342 1071 5396 in
1096 5342 1204 5397 hoc
1227 5357 1456 5411 quoque
1478 5339 1550 5395 ab
1570 5338 1684 5393 illis
1707 5340 2014 5407 distamus,
2032 5341 2170 5412 quia

525 5428 715 5497 nobis,
739 5433 1020 5502 tanquam
1045 5429 1266 5496 liberis,
1289 5428 1454 5500 copia
1476 5426 1895 5483 satistactionis
1911 5444 2168 5485 reserva-

524 5520 650 5591 tur;
683 5516 802 5578 illis
832 5523 1048 5592 autem,
1073 5523 1351 5597 tanquam
1373 5515 1576 5588 servis,
1598 5531 1701 5575 nec
1719 5517 2172 5592 mora,vindicta

2274 2947 2540 3001 coccinea
2571 2951 2626 3002 et
2655 2947 2929 3020 hySSOpo,
2964 2948 3158 3019 ipsum
3190 2964 3422 3020 quoque
3456 2945 3648 3000 librum
3673 2942 3718 2993 et
3739 2949 3827 2989 om-

2276 3052 2407 3089 nem
2448 3036 2729 3107 populum
2763 3037 3031 3108 aspersit,
3065 3037 3270 3093 dicens
3297 3056 3313 3091 :
3345 3035 3444 3091 Hic
3473 3028 3686 3104 sanguis
3708 3027 3830 3080 testa-

2281 3124 2458 3179 menti
2491 3125 2646 3195 quod
2678 3125 2976 3180 mandavit
3005 3126 3077 3180 ad
3103 3143 3203 3181 vos
3239 3127 3410 3181 Deus.
3434 3123 3603 3178 Etiam
3630 3117 3830 3172 taberna-

2279 3213 2476 3267 culum
2509 3219 2563 3268 et
2594 3212 2791 3268 omnia
2820 3230 2959 3268 vasa
2990 3214 3305 3270 ministerii
3336 3210 3604 3283 sanguine
3635 3199 3835 3260 similiter

2279 3303 2529 3373 aspersit
2563 3321 2574 3357 :
2613 3303 2678 3356 Et
2709 3303 2905 3357 omnia
2936 3319 3081 3374 pene
3127 3303 3185 3357 in
3233 3301 3508 3374 sanguine
3536 3293 3834 3374 mandantur.

2277 3372 2599 3446 secundum
2635 3389 2842 3462 legem,
2876 3372 3085 3446 et_sine
3117 3372 3425 3464 sanguinis
3457 3387 3658 3443 fusione
3682 3393 3772 3434 non
3793 3372 3837 3427 fit

2280 3480 2548 3535 remissio
2607 3479 2806 3548 (Hebr.
2868 3497 2943 3550 Ix,
3006 3481 3218 3551 49-22).
3274 3481 3377 3536 Hic
3432 3475 3620 3532 deinde
3669 3469 3836 3524 mortuo

2277 3571 2462 3623 Aaron
2496 3569 2670 3623 fratre
2717 3585 2845 3638 suo,
2880 3568 3066 3624 ﬁlium
3116 3570 3249 3640 ejus
3299 3568 3615 3624 Eleazarum
3640 3553 3836 3614 vestibus

2277 3657 2458 3728 patris
2490 3656 2682 3711 induit
2727 3658 2784 3711 in
2832 3663 3047 3726 monte,
3082 3663 3146 3712 ut
3187 3657 3527 3730 pontiﬁcatu
3576 3644 3838 3719 fungeretur

2277 3742 2434 3798 illius
2465 3744 2586 3798 vice
2610 3747 2793 3812 (Num.
2826 3763 2919 3813 xx,
2953 3746 3168 3817 27-29).
3193 3769 3224 3795 ››
3260 3743 3532 3816 Nunquid
3562 3732 3737 3795 alicubi
3774 3743 3835 3783 re-

2277 3831 2496 3902 peritur
2542 3833 2833 3905 principes
2890 3838 2991 3888 aut
3047 3834 3298 3906 populos
3355 3833 3593 3890 aliarum
3643 3824 3838 3880 tribuum

2277 3921 2637 3992 designasse,
2672 3927 2771 3976 aut
2814 3922 3138 3978 instituisse
3188 3923 3514 3994 pontiﬁces,
3545 3933 3603 3974 ac
3647 3911 3839 3980 reli‘luos

2277 4009 2578 4064 ministros
2597 4011 2957 4066 tabernaculi
2979 4011 3067 4066 vel
3084 4012 3376 4084 templum
3393 4006 3628 4075 Domini,
3641 4017 3724 4058 seu
3742 4009 3842 4087 pta:

2278 4098 2602 4169 sumpsisse
2633 4099 2958 4170 quidquam
3008 4100 3181 4156 sortis
3213 4100 3458 4171 acjuris
3503 4089 3720 4151 eorum?
3757 4085 3840 4154 II35i

2276 4186 2452 4253 enim,
2488 4205 2589 4258 per
2618 4205 2680 4243 se
2709 4193 2765 4243 et
2796 4189 2947 4244 inter
2974 4206 3058 4253 se,
3093 4207 3233 4244 suas
3273 4186 3650 4244 ordinationes
3677 4181 3722 4234 et
3744 4185 3842 4228 caui

2280 4292 2396 4343 sas,
2430 4279 2601 4347 prout
2631 4277 2713 4332 eis
2758 4277 3082 4341 videbatur,
3130 4279 3411 4350 agebant;
3463 4280 3515 4330 et
3562 4274 3666 4327 tota
3704 4261 3842 4350 tribus

2280 4363 2529 4419 Levitica
2551 4365 2676 4420 suis
2698 4369 2924 4422 tantum
2948 4347 3326 4438 pontiﬁcibus
3349 4358 3688 4437 disponenda
3705 4347 3846 4418 subla’

2278 4452 2461 4519 cebat,
2496 4453 2724 4509 nemine
2753 4454 3084 4526 principum
3117 4461 3218 4510 aut
3251 4454 3440 4527 plebis
3470 4440 3843 4507 contradicente.

2277 4543 2378 4596 sed
2411 4541 2606 4613 potius
2636 4543 2860 4598 cunctis
2905 4544 2973 4599 ad
3005 4549 3361 4616 praeceptum
3395 4546 3452 4599 et
3481 4544 3671 4596 nutum
3697 4536 3845 4586 eorum

2281 4631 2821 4701 pendentibus,tam
2843 4649 2910 4687 ex
2949 4633 3348 4689 oblationibus
3370 4647 3542 4704 quam
3563 4644 3624 4683 ex
3641 4623 3847 4704 observa-

2281 4699 2533 4775 tionibus
2565 4719 2826 4792 reliquis.
2853 4724 3007 4788 Quos
3047 4699 3404 4795 quicunque.
3430 4736 3542 4777 non
3569 4711 3776 4798 audiret,
3800 4699 3848 4798 ίξθ

2279 4809 2468 4863 medio
2499 4809 2694 4880 populi
2731 4810 2822 4864 sui
2852 4811 3133 4866 interiret.
3164 4813 3236 4867 Et
3261 4813 3372 4868 hoc
3402 4807 3704 4882 legitimum
3731 4796 3847 4849 Levi-

2280 4897 2404 4952 ticae
2436 4898 2613 4952 tribui
2639 4915 2673 4953 a
2693 4900 2912 4954 creteris
2938 4899 3357 4957 inviolabiliter
3372 4899 3593 4955 constat
3619 4883 3847 4974 redditqu

2280 5003 2466 5057 usque
2493 4987 2563 5041 ad
2592 4987 2914 5059 pessimum
2943 5005 3144 5061 regum
3166 4983 3604 5057 Jeroboam,qui
3625 4994 3716 5036 suo
3741 4968 3850 5063 Scllf‘

2279 5079 2465 5131 smate
2498 5091 2740 5147 regnum
2773 5080 2828 5131 et
2857 5060 3251 5134 sacerdotium
3285 5076 3588 5150 bipertitus
3613 5073 3707 5136 est,
3727 5060 3849 5117 Μεθ’

2278 5169 2451 5219 tuens
2473 5163 2586 5219 alia
2607 5163 2812 5220 altaria
2833 5165 3095 5238 aliosque
3117 5167 3451 5223 sacerdotes
3475 5157 3849 5226 idolis,ql10rum

2279 5253 2480 5324 utique
2511 5253 2837 5310 sacerdotes
2869 5255 3104 5323 ﬁebant,
3140 5273 3256 5312 non
3307 5253 3570 5312 Mosaice,
3600 5244 3688 5302 sed
3715 5238 3852 5324 Simof

2279 5322 2462 5398 niace.
2487 5341 2634 5397 Nam
2667 5322 3096 5416 quicunque,ut
3117 5345 3369 5400 historia
3397 5343 3649 5406 testatur,
3665 5322 3854 5413 volebatt

2278 5430 2561 5503 implebat
2583 5448 2826 5490 manum
2847 5439 3102 5503 suam,et
3121 5435 3301 5491 ﬁebat
3322 5429 3586 5490 sacerdos
3599 5431 3770 5514 eorum.

2280 5535 2396 5580 non
2417 5524 2556 5580 sunt
2589 5521 2689 5582 dii.
2717 5521 2892 5584 Porro
2921 5524 3104 5585 Judas
3134 5529 3188 5585 et
3216 5519 3545 5599 Benjamin,
3567 5526 3686 5575 cum
3712 5503 3859 5578 alii“
