4106 6178
254 335 398 396 1161

829 335 1238 399 ADVERSUS
1285 336 1758 401 SIMONIACOS
1801 338 2010 399 LIBRI
2054 337 2276 399 TRES.
2314 371 2390 383 —
2422 338 2653 399 LIBER
2696 340 3058 402 TERTIUS.

3483 304 3641 405 II62

248 472 410 542 parte
429 468 694 524 Leviticae
713 469 922 537 tribus,
945 469 1451 527 retinueruntsum
1469 470 1609 526 sorti
1626 470 1890 543 aliquan-
1920 470 1974 537 Α
2002 472 2362 542 protegebat.
2405 471 2488 526 Ob
2518 488 2644 527 eam
2691 488 2812 527 rem
2861 476 3027 528 terrae
3076 476 3299 527 motum
3336 474 3395 529 in
3426 476 3643 548 templo

247 560 349 615 diu
380 556 796 627 sacerdotium,
827 558 1095 631 quamvis
1136 558 1516 614 exorbitando
1550 560 1842 615 interdum
1872 577 1885 628 ;

246 649 400 704 unde
422 651 479 703 et
505 646 794 719 templum
815 651 872 703 et
896 647 1075 703 altare
1107 664 1531 720 nonnunquam
1555 648 1888 719 aliquorum

243 737 612 794 sacerdotum
645 739 702 791 et
731 752 935 809 regum
967 734 1195 791 malitia
1228 736 1593 808 profanabat,
1617 753 1889 792 nonnun-

243 843 421 899 quam
453 841 861 882 successorum
892 841 1095 881 eorum
1118 826 1346 881 devotio
1375 825 1661 898 expiabat.
1688 827 1751 880 In
1784 842 1892 881 cu-

234 917 337 987 jus
384 916 547 988 regni
578 914 873 987 primitiva
914 914 1131 970 unione
1162 919 1218 970 et
1248 917 1541 986 postremo
1572 913 1891 971 schismate

243 1005 554 1061 concordia
583 1003 1005 1060 catholicorum
1048 1003 1455 1076 discordiaque
1486 1003 1885 1059 haereticorum

245 1094 731 1166 praefigurabatur
760 1109 937 1165 quam
970 1092 1245 1159 maxime,
1279 1096 1336 1148 et
1355 1092 1619 1164 paucitas
1650 1090 1892 1148 catholi-

243 1199 447 1240 corum
480 1183 538 1237 in
569 1181 786 1238 Judaeis
815 1181 1349 1254 Jerosolymitanis,
1402 1180 1711 1254 pluralitas
1758 1196 1890 1236 vero

243 1272 648 1328 hereticorum
679 1271 739 1326 in
782 1270 1062 1327 Israelitis
1092 1270 1504 1326 Bethavenitis.

313 1367 382 1417 In
413 1361 631 1433 quibus
650 1360 870 1433 pariter
899 1361 1076 1417 etiam
1109 1359 1602 1415 considerandum
1634 1361 1724 1414 est
1752 1357 1892 1429 quia

241 1451 341 1524 qui
376 1467 491 1507 non
531 1449 647 1506 nisi
677 1448 892 1505 falsum
945 1448 1337 1506 sacerdotium
1378 1448 1491 1504 sibi
1526 1446 1893 1503 retinuerunt

241 1557 377 1597 cum
407 1540 537 1612 ipsa
564 1537 692 1611 lege
722 1538 980 1594 Mosaica
1008 1554 1187 1610 quam
1218 1538 1437 1593 frustra
1475 1536 1764 1610 legebant,
1797 1538 1888 1590 at-

241 1645 355 1701 que
372 1645 503 1685 cum
526 1626 771 1702 psalmis
786 1626 1077 1683 Davidicis
1095 1643 1241 1700 quos
1254 1626 1559 1683 daemoniis
1575 1629 1632 1682 et
1644 1642 1759 1682 non
1773 1625 1888 1681 Deo

239 1718 649 1784 decantabant,
683 1716 848 1790 prius
871 1715 1307 1772 irrevocabilem
1330 1720 1386 1772 et
1416 1720 1756 1789 perpetuam
1788 1731 1888 1770 ca-

240 1807 567 1880 ptivitatem
596 1806 1003 1874 incurrerunt;
1038 1804 1125 1860 illi
1145 1809 1340 1862 autem
1362 1805 1461 1877 qui
1484 1805 1765 1861 divinitus
1795 1804 1884 1859 in-
1918 1841 1966 1905 Β

243 1896 516 1953 stitutum
534 1894 857 1953 sacerdotiu
869 1911 924 1950 m
940 1895 1053 1950 sibi
1072 1894 1365 1950 retinueru
1376 1899 1459 1960 nt,
1481 1893 1616 1950 licet
1631 1893 1889 1950 cadendo

243 1992 300 2044 et
314 1984 692 2058 resurgendo,
708 2001 824 2040 non
843 1983 956 2040 nisi
971 1983 1503 2056 septuagenariam,
1522 1987 1580 2040 et
1599 1983 1751 2038 hanc
1771 1982 1892 2039 lon-

241 2092 313 2149 go
337 2079 470 2148 post
492 2073 625 2130 illos
647 2077 908 2145 tempore
932 2091 945 2141 ;
979 2090 1047 2129 ex
1076 2089 1193 2144 qua
1210 2076 1494 2145 tanquam
1518 2072 1806 2128 meliorati
1834 2076 1893 2127 et

242 2165 522 2231 renovati,
572 2180 707 2219 cum
748 2162 874 2236 lege
904 2166 960 2218 et
988 2162 1255 2234 psalmis,
1304 2179 1439 2217 cum
1488 2161 1890 2219 sacerdotibus

237 2255 364 2310 suis
408 2258 465 2310 et
509 2252 829 2325 prophetis,
861 2267 996 2307 cum
1034 2252 1183 2324 ipsis
1213 2268 1445 2324 quoque
1476 2252 1659 2309 sacris
1708 2255 1888 2319 vasis,

240 2342 636 2416 plurimisque
668 2341 1035 2397 ethnicorum
1066 2340 1400 2413 principum
1450 2342 1708 2397 donariis
1752 2347 1892 2399 sunt

239 2432 479 2503 reversi,
512 2429 800 2504 templum
832 2434 889 2486 et
907 2435 1177 2487 sanctam
1202 2430 1495 2507 civitatem
1520 2431 1885 2487 restructuri.

237 2522 308 2577 Et
338 2521 581 2593 quidem
613 2519 752 2587 illis,
778 2523 1062 2592 tanquam
1095 2520 1261 2575 uxori
1290 2519 1667 2591 pertinaciter
1703 2537 1889 2577 mere-

237 2610 499 2676 tricanti,
528 2608 691 2665 dedit
723 2608 1012 2665 Dominus
1036 2607 1218 2664 semel
1247 2606 1512 2664 libellum
1545 2609 1790 2681 repudii,
1825 2613 1891 2665 ut

232 2700 364 2771 jam
387 2697 662 2754 libidines
693 2714 832 2754 suas
853 2696 1078 2769 expleat
1098 2696 1224 2752 sine
1252 2695 1449 2768 aliquo
1468 2699 1734 2768 respectu
1765 2713 1888 2752 ma-

241 2786 435 2843 ritalis
466 2786 608 2855 zeli;
649 2786 782 2843 istis
815 2789 1034 2857 autem,
1073 2788 1355 2857 tanquam
1388 2783 1526 2840 filiis
1572 2784 1804 2841 lascivis
1834 2788 1891 2840 et

238 2875 567 2945 dissolutis,
600 2879 665 2931 ut
694 2874 1123 2946 resipiscerent,
1168 2878 1410 2946 paterna
1458 2872 1687 2946 ﬂagella
1722 2873 1888 2929 adhi-

238 2965 391 3034 buit,
430 2965 602 3034 juxta
651 2965 806 3037 quod
860 2980 961 3036 per
1006 2962 1345 3019 Zachariam
1386 2963 1564 3019 dicit:
1598 2986 1624 3013 ‹‹
1658 2962 1889 3018 Zelatus

237 3070 378 3110 sum
394 3053 533 3110 Sion
554 3052 675 3109 zelo
693 3069 925 3124 magno,
940 3055 997 3107 et
1018 3051 1418 3121 indignatione
1430 3066 1645 3123 magna
1664 3050 1888 3107 zelatus

233 3158 377 3199 sum
397 3158 546 3198 eam.
577 3141 708 3197 Haec
736 3140 877 3197 dicit
898 3139 1576 3196 Dominusexercituum.
1602 3139 1887 3195 Reversus

1999 557 2101 613 Dei
2120 561 2316 614 exortu
2328 576 2383 614 m
2402 563 2649 627 constat,
2670 558 2840 628 cujus
2852 560 3030 615 etiam
3046 560 3352 617 Zacharias
3362 564 3644 635 propheta

1998 649 2054 700 et
2081 645 2289 703 titulus
2315 651 2492 703 Amos
2524 649 2812 703 meminit.
2855 649 2990 704 Fuit
3010 665 3148 722 ergo
3169 648 3437 722 leprosus
3460 668 3647 723 usque

1999 735 2072 790 ad
2103 735 2254 791 diem
2286 736 2494 792 mortis
2523 754 2664 805 suae,
2695 742 2750 793 et
2770 730 3059 793 habitavit
3082 739 3141 794 in
3172 740 3347 796 domo
3378 744 3647 813 separata

2003 840 2293 893 seorsum,
2330 825 2449 881 filio
2479 843 2585 882 suo
2624 842 2869 898 regnum
2903 827 3220 883 obtinente.
3272 828 3396 892 Quo
3439 828 3641 901 utique

2000 911 2228 984 leproso
2259 913 2501 982 vivente,
2536 918 2593 969 et
2622 918 2906 987 quantum
2938 916 2998 970 in
3030 931 3090 971 re
3119 919 3209 972 est
3250 918 3643 975 sacerdotium

2003 1002 2349 1074 dissipante,
2384 1003 2564 1059 Isaias
2594 1004 2874 1060 visionem
2927 1004 3022 1060 Dei
3063 1004 3257 1060 videre
3286 1022 3401 1061 non
3434 1008 3643 1078 potuit.

2003 1093 2274 1156 Quandiu
2320 1090 2417 1147 ille
2466 1109 2709 1165 regnum
2750 1093 2938 1148 tenuit
2991 1093 3051 1149 in
3097 1094 3319 1162 Judaca,
3363 1095 3648 1167 propheta

2005 1179 2207 1236 oculos
2238 1198 2352 1236 non
2384 1180 2591 1241 levavit
2620 1183 2690 1237 ad
2722 1181 2953 1251 ccelum,
2984 1199 3099 1238 non
3139 1183 3190 1238 ei
3221 1189 3360 1240 sunt
3388 1188 3643 1241 reserata

2008 1268 2283 1337 caelestia,
2318 1287 2432 1325 non
2470 1271 2739 1341 apparuit
2767 1271 2818 1326 ei
2854 1271 3137 1328 Dominus
3168 1272 3562 1340 Sabaoth,nec
3588 1273 3646 1329 in

2003 1357 2329 1414 ministerio
2361 1359 2495 1413 fidei
2526 1363 2614 1415 ter
2654 1364 2923 1415 sanctum
2959 1376 3170 1416 nomen
3221 1362 3487 1417 auditum
3536 1366 3644 1418 est.

2001 1448 2238 1514 Quando
2284 1464 2418 1504 vero
2447 1447 2547 1503 ille
2581 1453 2851 1505 mortuus
2872 1454 2979 1519 est,
3006 1450 3281 1507 universa
3300 1451 3421 1508 haec
3447 1456 3646 1524 aperto

2000 1553 2128 1593 sese
2153 1536 2375 1593 lumine
2394 1538 2796 1610 prodiderunt.
2824 1561 2851 1589 ››
2876 1544 2944 1595 Et
2972 1545 3106 1613 post
3126 1558 3314 1613 pauca
3343 1557 3358 1596 :
3392 1564 3421 1592 «
3452 1542 3645 1598 Donec

1998 1627 2165 1683 Ozias
2212 1627 2373 1694 vivit,
2421 1645 2537 1683 non
2568 1628 2867 1701 intelligis,
2901 1630 3071 1699 Isaia,
3104 1636 3159 1687 te
3193 1631 3476 1688 miserum
3525 1650 3643 1690 non

1997 1717 2429 1790 compungeris,
2466 1734 2580 1773 non
2630 1718 2916 1787 moveris;
2959 1720 3060 1774 sed
3092 1721 3326 1791 quando
3356 1720 3453 1776 ille
3482 1738 3637 1778 mor-

1995 1809 2136 1861 tuus
2182 1809 2290 1873 est,
2336 1809 2479 1860 tunc
2527 1806 2941 1862 animadvertis
2986 1807 3294 1877 immunda
3340 1812 3397 1864 te
3426 1809 3639 1866 habere

1997 1893 2171 1962 labia,
2202 1898 2342 1950 tunc
2372 1894 2677 1966 indignum
2695 1898 2749 1949 te
2780 1910 2907 1951 esse
2928 1897 3231 1967 cognoscis
3260 1896 3483 1952 visione
3514 1897 3634 1954 Dei.

2000 1984 2181 2040 Isaias
2193 1985 2395 2055 justus
2416 1986 2481 2039 ut
2499 1988 2729 2039 tantum
2753 1984 2814 2039 in
2836 2000 3100 2040 sermone
3116 1990 3484 2058 peccaverat;
3510 1987 3640 2044 ideo

1999 2072 2123 2129 sola
2152 2072 2307 2129 labia
2335 2073 2586 2129 habebat
2616 2074 2943 2140 immunda,
2988 2078 3298 2145 quantum,
3348 2091 3453 2147 ego
3488 2076 3646 2133 arbi-

1998 2166 2139 2232 tror,
2171 2162 2310 2234 quia
2334 2162 2529 2218 Oziam
2561 2162 2621 2218 in
2652 2161 2937 2235 templum
2962 2161 3283 2219 irruentem
3317 2180 3434 2220 non
3465 2165 3644 2222 corri-

1999 2256 2227 2325 puerat,
2258 2268 2361 2307 nec
2385 2252 2556 2323 juxta
2586 2250 2718 2306 Eliae
2749 2251 3081 2323 exemplum
3128 2251 3309 2309 libera
3354 2270 3492 2309 voce
3535 2255 3645 2309 im-

1999 2339 2162 2412 pium
2198 2340 2622 2412 designaverat.
2659 2362 2686 2389 ››

2617 2429 2846 2486 CAPUT
2889 2429 3034 2484 XIV.

2280 2520 2355 2575 De
2388 2521 2823 2590 praesumptione
2868 2518 3055 2574 Saulis
3084 2524 3135 2575 et
3170 2536 3351 2591 paena.

2068 2607 2203 2664 Saul
2236 2624 2491 2680 quoque,
2517 2614 2577 2663 ut
2600 2607 2832 2680 legitur,
2856 2612 2980 2663 erat
2999 2608 3080 2664 vir
3099 2608 3318 2666 electus
3340 2626 3405 2665 ac
3428 2610 3639 2679 bonus,

2000 2700 2057 2752 et
2085 2714 2201 2752 non
2234 2700 2357 2752 erat
2385 2697 2456 2751 de
2502 2695 2634 2751 filiis
2668 2695 2846 2752 Israel
2878 2696 3083 2752 melior
3111 2699 3161 2769 (Ι
3190 2698 3316 2767 Reg.
3352 2716 3427 2766 1x,
3459 2701 3536 2769 2),
3584 2703 3641 2756 et

1998 2784 2277 2858 parvulus
2305 2786 2365 2839 in
2396 2786 2583 2840 oculis
2613 2784 2736 2840 suis
2770 2801 2782 2839 :
2817 2800 3009 2841 nonne
3040 2803 3142 2858 pro
3194 2791 3477 2859 usurpato
3526 2787 3638 2844 sibi

1999 2874 2322 2930 sacerdotio
2371 2874 2734 2945 reprobatus,
2785 2889 3029 2945 regnum
3075 2875 3230 2946 quod
3276 2875 3326 2931 ei
3358 2876 3642 2933 Dominus

1998 2962 2383 3035 praeparabat,
2405 2961 2466 3016 in
2490 2960 2910 3033 sempiternum
2936 2963 3207 3034 perdidit,
3233 2968 3409 3037 atque
3438 2970 3645 3023 semet-

1998 3052 2193 3124 ipsum
2242 3050 2571 3106 interfecit?
2607 3050 2771 3115 Quod
2814 3054 3007 3106 tamen
3041 3056 3264 3123 quanta
3296 3055 3666 3112 necessitate'

2000 3139 2383 3212 usurpaverit,
2418 3138 2573 3206 istic,
2589 3139 2760 3209 juxta
2790 3139 3128 3209 Historiam,
3162 3158 3269 3197 nos
3301 3143 3642 3200 meminisse

234 3249 375 3288 sum
424 3232 497 3287 ad
527 3231 666 3286 Sion
697 3234 753 3286 et
781 3229 1059 3285 habitabo
1106 3229 1166 3297 in
1201 3229 1393 3285 medio
1430 3227 1779 3295 Jerusalem,
1830 3232 1887 3284 et
1918 3207 1961 3274 (ἶ
2001 3247 2115 3285 non
2147 3207 2335 3302 piguit
2368 3244 2434 3282 :«
2458 3207 2776 3295 Philistini,
2810 3228 3024 3299 inquit,
3048 3207 3385 3303 congregati
3408 3236 3546 3287 sunt
3566 3233 3639 3288 ad

229 3320 543 3376 vocabitur
568 3317 896 3375 Jerusalem
918 3317 1132 3374 Civitas
1151 3316 1432 3385 veritatis,
1458 3317 1625 3373 Mons
1661 3316 1887 3372 Domini

231 3409 624 3477 exercituum,
656 3409 824 3464 Mons
853 3406 1252 3463 sanctiﬁcatus
1284 3406 1466 3477 (Zach.
1506 3423 1628 3472 VIII,
1657 3409 1712 3474 2,
1744 3407 1821 3478 3).
1858 3428 1886 3455 ››

232 3500 408 3566 Quod
439 3515 573 3555 cum
605 3514 676 3553 ex
704 3496 906 3553 multis
936 3495 1090 3562 aliis,
1122 3500 1264 3551 tunc
1294 3512 1363 3551 ex
1394 3494 1501 3551 hoc
1534 3512 1649 3552 uno
1682 3498 1888 3567 paten—

235 3594 337 3645 ter
367 3587 562 3661 colligi
592 3590 802 3659 potest,
827 3586 967 3658 quia
986 3584 1255 3657 quamvis
1285 3584 1597 3641 Jeroboam
1628 3584 1890 3641 sacerdo-

237 3678 396 3735 tium
436 3676 636 3733 decem
669 3674 954 3743 tribuum,
989 3674 1205 3746 quibus
1231 3677 1529 3745 praeesset,
1576 3673 1688 3730 sibi
1738 3691 1889 3746 pra:-

233 3766 587 3839 sumpserit,
619 3780 797 3837 super
825 3763 1009 3820 altare
1041 3761 1242 3819 Bethel
1274 3764 1485 3819 stando
1514 3769 1571 3819 et
1598 3763 1776 3819 thura
1795 3763 1889 3835 ja-

234 3856 452 3912 ciendo
478 3855 576 3926 (III
599 3856 727 3925 Reg.
759 3869 884 3922 xm,
920 3853 998 3923 1),
1035 3850 1199 3908 nulla
1233 3854 1430 3908 tamen
1472 3851 1690 3909 visibili
1720 3851 1891 3925 plaga

230 3961 564 4018 percussus
592 3942 792 3999 evasit.

311 4034 489 4091 Porro
537 4032 726 4100 Ozias,
753 4048 853 4087 rex
880 4030 1055 4101 Juda,
1086 4047 1223 4086 cum
1266 4028 1347 4098 id,
1399 4046 1735 4101 quanquam
1768 4029 1889 4085 zelo

227 4123 342 4180 Dei
364 4120 678 4179 indiscrete
694 4117 1442 4190 fervens,attentaret,lepra
1453 4134 1766 4190 percussus
1781 4123 1887 4188 est,

226 4212 420 4269 etiam
446 4210 793 4284 priusquam
825 4209 897 4264 ad
932 4208 1112 4264 altare
1142 4206 1366 4263 incensi
1398 4222 1534 4262 cum
1564 4206 1888 4275 thuribulo,

227 4300 397 4374 quod
429 4298 623 4356 solum
641 4299 762 4368 jam
785 4298 1131 4370 arripuerat,
1156 4296 1459 4352 accederet
1480 4295 1554 4364 (Il
1570 4296 1701 4351 Par.
1735 4313 1886 4367 xxvr,

228 4390 354 4460 19).
389 4411 418 4439 α
451 4387 581 4458 Qui,
607 4391 673 4443 ut
694 4387 898 4442 beatus
925 4385 1336 4457 Hieronymus,
1356 4386 1523 4455 juxta
1552 4383 1889 4454 Historiam,

236 4477 484 4543 asserit,
515 4475 625 4532 fuit
651 4474 739 4531 vir
761 4476 981 4548 justus,
1016 4478 1072 4529 et
1091 4473 1228 4529 fecit
1247 4476 1468 4529 rectum
1493 4472 1553 4528 in
1575 4478 1892 4545 conspectu

1995 3318 2379 3391 prteliandum
2395 3319 2596 3371 contra
2616 3315 2792 3371 Israel
2816 3316 3056 3389 triginta
3074 3317 3261 3374 millia
3281 3336 3561 3375 curruum
3584 3324 3643 3376 et

1997 3424 2097 3463 sex
2126 3405 2314 3462 millia
2343 3406 2629 3477 equitum,
2660 3409 2716 3460 et
2747 3405 3038 3477 reliquum
3069 3405 3277 3479 vulgus
3296 3407 3449 3464 sicut
3466 3424 3644 3465 arena

1999 3513 2126 3569 quae
2173 3499 2261 3551 est
2291 3495 2351 3550 in
2382 3494 2575 3550 littore
2605 3494 2789 3550 maris
2836 3494 3109 3566 plurima.
3144 3496 3215 3552 Et
3258 3499 3641 3555 ascendentes

1999 3584 2392 3641 castrametati
2423 3588 2562 3639 sunt
2592 3583 2649 3638 in
2681 3583 2981 3639 Machmas
3010 3585 3082 3639 ad
3128 3584 3410 3641 orientem
3442 3586 3647 3643 Betha-

1997 3692 2124 3731 vcn.
2150 3673 2312 3739 Quod
2335 3689 2469 3728 cum
2490 3672 2773 3728 vidissent
2793 3672 2900 3727 viri
2920 3672 3095 3728 Israel
3115 3690 3177 3729 se
3194 3674 3254 3728 in
3290 3678 3447 3729 arcto
3478 3674 3645 3742 sitos,

1999 3762 2273 3836 (afﬂictus
2294 3766 2384 3818 est
2404 3762 2560 3817 enim
2577 3760 2873 3832 populus),
2902 3761 3338 3816 absconderunt
3352 3778 3414 3817 se
3434 3762 3495 3815 in
3516 3777 3647 3833 spe-

1997 3852 2188 3909 luncis
2217 3855 2274 3907 et
2302 3851 2361 3905 in
2394 3850 2633 3916 abditis,
2664 3849 2724 3903 in
2755 3852 2936 3920 petris
2967 3864 3200 3920 quoque
3230 3869 3259 3899 »
3286 3850 3334 3921 (ι
3358 3854 3487 3922 Reg.
3517 3867 3643 3920 xm,

1996 3942 2052 4014 5)
2082 3944 2217 4009 etc.,
2247 3954 2415 4011 usque
2448 3961 2470 3987 α
2506 3941 2563 3992 et
2590 3953 2706 3992 non
2738 3936 2882 3991 vidit
2910 3936 3147 3993 Samuel
3192 3938 3346 3994 ultra
3375 3937 3513 3995 Saul
3546 3955 3646 3996 us-

1999 4047 2112 4103 que
2142 4029 2213 4084 ad
2244 4028 2399 4083 diem
2444 4024 2649 4081 mortis
2696 4042 2815 4080 suae
2850 4026 2899 4097 (Ι
2924 4027 3051 4095 Reg.
3084 4044 3177 4094 xv,
3209 4027 3322 4100 35).
3358 4050 3386 4077 »
3418 4028 3484 4084 In
3532 4044 3650 4101 qua

1956 4108 1963 4111 ’
1997 4122 2117 4175 tam
2138 4116 2403 4172 districta
2423 4113 2752 4170 Divinitatis
2778 4114 2836 4169 in
2858 4119 3174 4189 utrumque
3196 4128 3391 4189 regem
3410 4121 3641 4175 senten-

1997 4207 2081 4263 tia
2110 4204 2576 4262 animadvertant
2596 4202 2907 4259 Christiani
2935 4203 3229 4279 principes
3261 4222 3366 4262 nec
3388 4207 3644 4264 devotio-

1999 4313 2155 4364 nem,
2188 4310 2294 4350 nec
2311 4292 2718 4350 necessitatem
2738 4293 2919 4350 fuisse
2937 4300 3295 4364 excusatam,
3322 4296 3463 4369 quin
3487 4301 3642 4355 uter-

2001 4401 2113 4457 que
2139 4382 2420 4439 divinitus
2437 4382 2509 4438 ob
2533 4383 2923 4439 sacerdotium
2945 4384 3057 4441 sibi
3078 4390 3502 4458 praesumptum
3531 4405 3641 4461 pu-

2001 4472 2318 4530 niretur.Et
2335 4471 2501 4527 Ozias
2515 4471 2752 4543 quidem
2766 4473 3025 4545 corporis
3037 4475 3127 4530 sui
3140 4476 3390 4533 salutem
3404 4481 3460 4533 et
3471 4495 3569 4535 mu
3578 4497 3645 4535 n-

242 4565 513 4635 Domini,
562 4564 861 4620 mdiﬁcans
900 4560 1215 4634 templum,
1262 4562 1672 4633 aquaeductum
1722 4561 1898 4619 fabri-
1928 4572 1976 4637 Ι)
2008 4562 2212 4618 ditiam
2241 4566 2417 4632 atque
2447 4576 2694 4633 regnum
2726 4561 2969 4630 amittit;
2995 4562 3132 4617 Saul
3154 4567 3649 4638 verospirituine-

242 4672 422 4723 cans,
453 4653 701 4711 offerens
727 4669 887 4720 vasa,
919 4654 977 4707 et
1004 4668 1108 4723 pro
1136 4650 1246 4707 hoc
1278 4650 1486 4707 merito
1535 4651 1896 4709 adversarios

244 4760 568 4816 superans,
616 4742 769 4815 quod
808 4740 1131 4797 maximum
1165 4739 1396 4812 pietatis
1438 4738 1721 4795 indicium
1772 4746 1899 4810 est;

242 4836 486 4892 habens
503 4832 718 4889 multos
741 4832 801 4888 in
814 4848 920 4888 suo
941 4829 1186 4903 imperio
1208 4828 1544 4901 prophetas.
1573 4828 1695 4895 Hic,
1719 4848 1902 4902 quan-

246 4924 357 4981 diu
389 4922 534 4979 vixit
576 4921 884 4979 Zacharias
923 4920 1215 4986 sacerdos,
1257 4922 1642 4991 cognomento
1688 4919 1905 4977 Intelli-

248 5030 431 5087 gens,
462 5012 683 5085 placuit
710 5011 846 5078 Deo,
880 5014 936 5065 et
975 5025 1107 5064 cum
1155 5008 1315 5064 omni
1348 5008 1712 5065 veneratione
1743 5008 1906 5064 delu-

251 5105 440 5159 brum
470 5102 597 5172 ejus
625 5101 929 5173 ingressns
960 5101 1069 5154 est.
1104 5098 1419 5169 Postquam
1443 5115 1575 5153 vero
1603 5096 1909 5153 Zacharias

252 5191 434 5257 obiit,
464 5189 660 5247 volens
680 5205 784 5262 per
799 5187 1185 5260 semetipsum
1211 5186 1417 5242 offerre
1439 5187 1701 5253 donaria,
1727 5204 1913 5243 sacer-

255 5278 521 5337 dotalem
552 5279 839 5348 ordinem,
871 5294 986 5333 non
1019 5281 1139 5332 tam
1166 5275 1259 5347 pie
1289 5292 1468 5347 quam
1492 5277 1788 5344 audacter,
1823 5276 1909 5330 in-

255 5368 439 5437 vasit,
472 5372 530 5423 et
562 5366 1017 5423 reclamantibus
1060 5364 1276 5421 Levitis
1307 5369 1364 5420 et
1393 5365 1614 5421 caeteris
1645 5364 1913 5420 sacerdo-

2007 4668 2185 4724 quam
2215 4650 2488 4719 traditur,
2523 4650 2807 4721 Spiritum
2836 4654 3103 4706 sanctum
3144 4653 3413 4724 perdidit,
3462 4661 3519 4713 et
3559 4674 3649 4715 re-

2013 4758 2195 4815 gnum
2226 4742 2590 4809 mortemque
2615 4736 3185 4810 animaeetcorporis,
3212 4745 3268 4796 et
3288 4760 3321 4798 a
3338 4746 3652 4821 semetipso

2012 4830 2371 4897 interfectus,
2387 4826 2916 4896 totiusquedomus
2938 4843 3055 4882 suae
3079 4828 3301 4886 invenit
3323 4832 3645 4894 interitum.

2017 4919 2247 4974 Etcertc
2267 4920 2468 4972 neuter
2481 4914 2853 4986 praesumpsit
2870 4914 2981 4971 sibi
3001 4921 3102 4972 aut
3119 4919 3399 4978 rationale
3412 4929 3513 4980 aut
3534 4928 3657 4981 sto-

2017 5007 2135 5062 lam
2149 5009 2433 5073 sanctam,
2447 5001 2534 5058 vel
2553 5002 2832 5058 laminam
2846 5022 3214 5076 auream,seu
3234 5014 3556 5082 quamlibet
3572 5032 3663 5070 sa-

2021 5094 2400 5151 cerdotalium
2432 5092 2702 5163 vestium,
2736 5093 2847 5147 nisi
2881 5096 3034 5166 quod
3072 5099 3229 5169 prior
3256 5102 3468 5157 obtulit
3498 5101 3661 5158 holo-

2022 5188 2317 5253 caustum,
2350 5181 2494 5237 alter
2524 5196 2658 5236 vero
2678 5181 2925 5253 arripuit
2954 5184 3324 5243 thuribulum
3347 5191 3417 5245 ad
3442 5190 3666 5246 lhuriﬁ-

2023 5273 2299 5329 cundum.
2333 5270 2665 5326 Notandum
2691 5286 2922 5342 quoque
2946 5278 3165 5344 quanto
3196 5277 3587 5335 excusabilius
3608 5282 3668 5336 et

2022 5359 2385 5417 tolerabilius
2408 5360 2560 5431 quod
2583 5359 2902 5416 necessitas
2924 5361 3079 5433 cogit
3100 5379 3277 5434 quam
3299 5365 3455 5435 quod
3472 5365 3670 5423 volun-

257 5458 428 5515 tibus
457 5475 471 5515 :
505 5456 707 5514 Nonne
752 5460 815 5513 tu
846 5473 931 5524 es,
962 5455 1150 5523 Ozias,
1186 5471 1303 5525 rex,
1336 5458 1395 5509 et
1439 5472 1553 5510 non
1595 5454 1867 5511 sacerdos
1887 5452 1915 5508 ?
2026 5455 2117 5506 tas
2148 5447 2467 5520 praesumit.
2496 5448 2640 5503 Nam
2661 5449 2928 5520 quamvis
2954 5449 3115 5519 Saul,
3145 5453 3490 5511 necessitate
3512 5472 3671 5513 com-

261 5546 474 5605 audire
503 5546 712 5614 noluit,
747 5545 1064 5617 statimque
1093 5542 1254 5629 lepra
1285 5558 1601 5617 percussus
1628 5543 1690 5601 in
1726 5544 1917 5602 fronte
2026 5538 2710 5629 pellente,holocaustum
2724 5540 3674 5614 obtulerit,nontamenDominum

262 5641 376 5699 est.
412 5636 598 5706 Quam
638 5635 897 5713 corporis
944 5627 1169 5710 partem
1219 5633 1491 5694 sacerdos
1531 5633 1658 5694 auri
1697 5632 1920 5695 lamina
2027 5632 2129 5689 aut
2157 5627 2499 5708 prophetam
2522 5627 2611 5689 six
2627 5630 2993 5701 exacerbavit
3016 5635 3079 5693 ut
3100 5631 3338 5695 omnino
3361 5634 3679 5705 derelictui

595 5765 858 5833 Parant.
907 5758 1165 5829 CXLIII.

3279 5760 3357 5833 37
