4106 6178
462 280 618 346 “63

1502 271 1908 333 HUMBERTI
1958 271 2020 328 S.
2073 272 2140 328 ll.
2190 265 2258 327 E.
2308 262 2801 328 CARDINALIS.

3670 256 3795 323 “64

457 418 612 473 esset
639 414 711 471 ab
742 411 847 477 eis,
878 409 1012 482 quia
1043 410 1243 480 postea
1280 406 1338 461 in
1372 404 1574 460 multis
1610 419 1745 459 eum
1786 399 2103 471 triumphis
2130 398 2186 465 Α
2216 401 2279 452 ut
2307 396 2584 453 ecclesias
2608 398 2936 463 instituant,
2959 400 3015 450 et
3036 392 3120 449 vel
3153 408 3269 461 eas,
3298 391 3380 449 vel
3411 391 3608 462 aliquid
3627 409 3795 447 earum

465 504 744 562 Dominus
770 496 1122 565 clariiicavit,
1146 500 1203 551 et
1220 494 1501 567 propheta
1522 490 1818 547 multoties
1839 488 2007 543 illum
2028 487 2106 542 vi-

460 592 678 661 sitavit,
712 588 1008 654 salutavit,
1040 589 1096 641 et
1126 584 1184 639 in
1219 598 1485 639 sermone
1525 578 1749 636 Domini
1782 579 1851 632 ad
1875 576 2110 632 Amalec

462 683 720 740 deletum
751 680 833 735 ire
862 674 1152 750 praecepit.
1186 672 1293 728 Ubi
1325 675 1519 727 autem
1548 668 1845 723 voluntate
1876 665 1932 720 id
1966 683 2108 736 prae-

463 771 737 844 sumpsit,
761 768 962 825 statim
986 766 1057 820 ab
1089 780 1155 819 eo
1177 761 1420 834 spiritus
1450 758 1681 815 Domini
1706 759 1893 811 bonus
1925 771 2109 810 reces-

463 862 564 931 sit,
594 859 956 932 spiritusque
977 853 1201 910 Domini
1225 849 1417 907 malus
1440 864 1574 904 eum
1596 846 1885 917 exagitare
1916 844 2109 915 cmpit,

464 965 568 1007 nec
599 929 800 1020 postea
826 941 1130 1000 victoriam
1180 937 1407 1007 habuit,
1440 952 1627 1008 neque
1665 931 1996 989 Samuelem
2030 929 2113 985 vi-

464 1038 569 1093 dit.

1106 1116 1333 1173 CAPUT
1372 1114 1483 1170 XV.

466 1199 678 1268 Quanta
708 1195 932 1268 ﬂagella
968 1192 1220 1268 premant
1258 1187 1534 1268 principes
1583 1199 1720 1268 can}.
1751 1180 1970 1252 populis
2017 1194 2113 1245 pro

842 1254 1144 1336 sumptione
1171 1254 1519 1315 sacerdotalis
1549 1254 1738 1325 ofﬁcii.

534 1378 698 1445 Quod
729 1390 967 1432 necesse
997 1375 1086 1426 est
1118 1369 1422 1424 attendant
1450 1360 1763 1419 Christiani
1802 1358 2115 1430 principes,

461 1472 519 1523 et
570 1463 946 1522 sacerdotalis
1000 1458 1176 1515 officii
1234 1453 1537 1528 quidpiam
1596 1449 1708 1506 sibi
1768 1462 2117 1520 praesumere

463 1570 621 1611 nunc
633 1557 962 1616 cessent,uc
975 1565 1090 1604 non
1108 1550 1332 1602 tantum
1357 1540 1677 1613 simplicem
1692 1538 1809 1605 ,sed
1827 1535 2117 1608 duplicem

463 1660 698 1716 quoque
715 1639 1117 1697 confusionem
1140 1636 1292 1691 sicut
1308 1632 1625 1705 diploidem
1643 1629 1908 1683 induant.
1925 1627 2121 1695 Neque

458 1735 616 1791 enim
646 1728 1111 1799 Deus,ultionum
1143 1722 1446 1789 Dominus,
1471 1726 1621 1775 Deus
1648 1717 1936 1773 ultionum
1958 1715 2122 1770 fortis

465 1830 524 1880 et
548 1824 793 1889 zelotes,
828 1824 1059 1874 tantum
1094 1816 1259 1870 nefas
1285 1810 1541 1867 inultum
1570 1806 2007 1880 praetermittere
2029 1820 2120 1859 so-

463 1912 579 1980 let;
612 1911 713 1967 sed
749 1914 851 1965 aut
878 1908 936 1962 in
972 1902 1239 1978 praesenti
1271 1899 1504 1964 saeculo,
1542 1901 1641 1952 aut
1674 1896 1728 1950 in
1772 1895 1987 1958 futuro,
2022 1896 2123 1947 aut

464 2008 619 2059 certe
650 2000 708 2055 in
740 2004 989 2070 utroque
1020 1993 1331 2049 vindicare.
1355 1989 1602 2044 Proinde
1633 1985 1939 2041 attendant
1969 1981 2124 2036 bella

467 2097 725 2157 externa,
755 2086 1072 2143 seditiones
1099 2083 1382 2145 internas,
1404 2082 1635 2150 gentem
1664 2091 1840 2146 super
1868 2076 2121 2144 gentem,

466 2195 713 2252 regnum
736 2181 939 2232 contra
960 2171 1563 2243 regnum,teraemotus
1587 2180 1833 2232 magnos
1856 2178 1957 2233 per
1977 2160 2120 2225 loca,

464 2274 716 2326 terrores
736 2266 807 2320 de
823 2261 964 2319 ccelo
982 2265 1038 2316 et
1054 2266 1167 2314 tem
1178 2252 1816 2330 pestates,pestilentias
1837 2255 1894 2305 et
1919 2251 2123 2317 fames,

466 2375 593 2429 quae
624 2359 751 2411 sine
782 2347 1217 2406 intermissione
1265 2343 1624 2399 Christianos
1672 2340 2035 2412 perturbant,
2070 2342 2127 2393 et

467 2450 602 2502 ante
625 2444 744 2499 haec
766 2438 965 2497 omnia
986 2435 1257 2507 injecisse
1281 2449 1490 2488 manus
1513 2428 1793 2502 apostolis
1816 2427 1915 2483 Dei
1938 2431 1993 2482 et
2014 2427 2125 2481 mi-

468 2533 696 2599 nistris,
730 2534 788 2587 et
815 2527 901 2584 vel
936 2532 1020 2582 tot
1050 2523 1295 2596 flagellis
1331 2520 1576 2592 correpti
1608 2520 1848 2573 tandem
1881 2532 2125 2588 cognos-

469 2627 625 2689 cant,
678 2637 750 2677 ne
799 2620 944 2674 forte
997 2614 1175 2671 etiam
1208 2615 1340 2684 post
1379 2607 1609 2682 ﬂagella
1640 2612 1886 2663 mortem
1929 2620 2128 2677 perpe-

469 2719 636 2770 tuam
667 2710 991 2766 incurrant.
1025 2705 1212 2774 Super
1232 2702 1353 2756 haec
1384 2699 1708 2764 attendant,
1742 2696 1882 2768 quia
1912 2713 2044 2751 cum
2067 2695 2124 2750 in

473 2804 834 2860 Francorum
866 2802 1019 2851 terra
1046 2809 1210 2864 reges
1232 2808 1299 2846 ex
1328 2804 1537 2861 genere
1557 2787 1859 2858 prodeant,
1890 2786 2022 2856 quis
2049 2801 2130 2839 re-

474 2908 613 2965 gum
644 2908 678 2945 a
708 2893 940 2944 centum
963 2888 1020 2939 et
1040 2880 1294 2954 amplius
1316 2879 1485 2935 annis
1504 2875 1777 2932 recolitur
1794 2893 1827 2931 a
1847 2874 1983 2929 ﬁliis
2005 2874 2130 2929 suis

477 2964 563 3038 vel
596 2994 781 3050 usque
812 2976 869 3030 in
902 2976 1171 3044 quartam
1221 2968 1653 3041 generationem
1685 2966 2006 3037 regnasse?
2036 2964 2128 3019 Si-

476 3069 716 3144 quidem
762 3069 1024 3128 Ottones,
1058 3078 1172 3133 prae
1203 3058 1478 3113 omnibus
1509 3060 1641 3111 ante
1673 3072 1734 3110 se
1780 3055 2014 3127 regibus
2046 3072 2132 3109 sa-

2217 486 2584 543 sanctiﬁcent
2613 489 2715 540 aut
2746 487 3127 555 praesumant.

2286 576 2447 639 Quod
2482 575 2528 630 si
2553 573 2766 629 alicubi
2785 573 3124 628 aedificanda
3151 576 3288 627 sunt
3309 569 3472 626 ovilia
3497 567 3804 624 intellectus.

2216 665 2371 719 libus
2402 664 2626 732 ovibus,
2656 664 2773 718 sint
2796 662 3127 734 pastoribus
3144 676 3339 715 earum
3362 658 3537 713 devoti
3553 662 3603 713 et
3619 659 3802 712 strenui

2218 754 2533 823 adjutores,
2565 768 2678 807 non
2703 756 2765 805 ut
2786 750 3029 806 aliarum
3053 749 3202 805 lacte
3231 754 3287 804 et
3316 746 3481 813 lanis,
3502 747 3593 801 sed
3616 750 3804 801 tantum

2218 841 2453 896 illarum
2488 857 2738 912 quarum
2770 840 3029 906 interest,
3054 838 3409 893 aedificentur
3438 852 3450 888 :
3482 857 3507 884 ‹‹
3535 833 3630 899 Qui
3655 834 3799 899 enim,

2222 935 2287 984 ut
2318 929 2563 1000 Sapiens
2585 929 2684 993 ait,
2706 928 2954 983 aedificat
2974 928 3213 982 domum
3242 941 3407 980 suam
3429 921 3685 994 impensis
3703 920 3807 976 alie-

2221 1017 2334 1085 nis,
2368 1018 2533 1089 quasi
2564 1017 2663 1089 qui
2696 1017 2931 1089 colligat
2961 1015 3184 1083 lapides
3214 1031 3350 1070 suos
3381 1013 3437 1067 in
3468 1011 3639 1065 hieme
3665 1011 3803 1080 (Eccl.

2221 1123 2336 1173 xxx,
2360 1106 2436 1177 9).
2472 1107 2542 1161 Et
2571 1111 2724 1161 certe
2756 1105 2956 1176 quanti
2982 1104 3255 1175 penditur
3283 1102 3387 1157 hoc
3409 1118 3441 1154 a
3460 1099 3585 1166 Deo,
3614 1102 3664 1151 et
3687 1114 3806 1153 sanie

2224 1196 2437 1251 mentis
2467 1195 2825 1262 hominibus,
2851 1195 2899 1249 si
2932 1192 3116 1249 solius
3148 1190 3501 1247 eleemosinze
3523 1187 3687 1260 gratia
3710 1187 3809 1258 qui-

2223 1285 2365 1341 libet
2402 1286 2638 1340 divitem
2678 1284 2761 1339 vel
2811 1283 3164 1339 mediocrem
3215 1280 3441 1352 spoliet,
3492 1282 3585 1332 aut
3630 1275 3809 1331 occidat

2225 1373 2549 1446 quemlibet
2595 1374 2916 1442 hominem,
2949 1377 3014 1426 ut
3044 1371 3272 1425 nudum
3304 1368 3520 1436 vestiat,
3551 1371 3641 1421 aut
3672 1364 3810 1419 mori-

2227 1464 2492 1519 bundum
2548 1462 2835 1517 viviﬁcet?
2882 1465 2938 1516 et
2970 1464 3187 1532 quanto
3217 1455 3555 1513 laudabilior
3599 1454 3736 1515 foret,
3773 1451 3811 1508 si

2229 1552 2475 1608 miseros
2507 1551 2844 1624 negligeret,
2870 1566 3045 1622 quam
3069 1554 3135 1603 ut
3155 1548 3240 1603 eis
3263 1547 3620 1603 misereretur
3642 1543 3808 1598 taliter.

2229 1645 2588 1713 Quapropter
2618 1640 2971 1696 szuculariter
2999 1642 3290 1711 potentes,
3338 1653 3409 1690 ne
3450 1637 3685 1707 potenter
3723 1636 3811 1686 tor-

2234 1735 2428 1785 menta
2457 1729 2755 1800 patiantur
2785 1728 2941 1798 (Sap.
2977 1742 3052 1791 v1,
3074 1725 3153 1796 7),
3187 1724 3341 1779 inter
3360 1717 3812 1777 aliaecclesiastica

2231 1822 2614 1885 sacramenta,
2648 1821 2889 1871 caveant
2920 1813 3156 1870 annulis
3185 1815 3246 1868 et
3266 1810 3441 1883 virgis
3469 1805 3810 1865 ecclesiasticis

2231 1908 2547 1981 quemlibet
2577 1906 2880 1977 insignire,
2910 1904 3156 1960 scientes
3173 1901 3287 1957 hoc
3310 1917 3422 1955 non
3450 1896 3713 1961 suiol‘licii,
3736 1895 3808 1951 sed

2230 1998 2598 2054 sacerdotum
2630 2012 2777 2051 esse.
2816 1994 2930 2065 Ipsi
2956 1992 3133 2057 enim,
3167 1996 3234 2046 ut
3265 1988 3412 2045 servi
3441 1985 3721 2050 domestici,
3739 1984 3809 2052 ju-

2230 2093 2327 2144 xta
2379 2084 2769 2156 evangelicam
2822 2081 3180 2155 parabolam,
3209 2081 3388 2150 jussu
3446 2070 3812 2149 patrisfamilias

2234 2178 2473 2251 prodigo
2510 2174 2626 2229 [ilio
2651 2172 2954 2228 revertenti
2980 2170 3287 2242 proferunt
3309 2166 3511 2223 stolam
3534 2160 3813 2237 primam,id

2232 2250 2321 2323 est
2350 2263 2714 2320 catechizant
2738 2279 2750 2315 :
2770 2260 2877 2332 ipsi
2903 2276 3037 2315 eum
3061 2258 3340 2321 induunt,
3366 2254 3422 2310 id
3445 2258 3527 2309 est
3553 2250 3813 2323 baptizant;

2232 2356 2343 2427 ipsi
2377 2353 2770 2409 caleeamenta
2798 2347 3146 2403 imitationis
3177 2345 3441 2418 priorum
3466 2339 3734 2415 patrumin
3751 2351 3818 2408 pe-

2233 2424 2407 2500 dibus
2429 2442 2577 2513 ejus,
2600 2440 2711 2511 ipsi
2735 2437 2919 2493 multo
2942 2437 3132 2507 magis
3154 2434 3443 2490 annulum
3465 2424 3818 2503 pradicaliunis

2235 2550 2334 2588 seu
2370 2529 2776 2587 ecclesiasticae
2798 2523 3258 2597 dispensationis
3291 2523 3432 2577 dant
3459 2521 3515 2574 in
3537 2535 3690 2573 manu
3704 2516 3816 2586 ejus.

2236 2623 2490 2686 Quorum
2523 2617 2679 2673 enim
2713 2633 2826 2671 non
2852 2620 2941 2670 est
2958 2612 3257 2685 baptizare
3279 2617 3335 2667 et
3354 2609 3658 2682 praedicare,
3678 2601 3818 2658 multo

2238 2710 2434 2765 minus
2457 2711 2545 2763 est
2577 2705 2861 2761 annulum
2892 2703 3050 2769 dare,
3079 2717 3197 2772 quo
3236 2698 3541 2772 specialius
3584 2707 3820 2750 commen-

2237 2799 2411 2853 datur
2442 2794 2774 2869 praedicatio
2789 2798 2844 2847 et
2862 2790 3268 2863 magisterium
3297 2793 3570 2844 rectorum
3594 2779 3818 2837 Ecclesia.

2238 2889 2496 2952 Quorum
2542 2889 2629 2938 est
2661 2883 2837 2937 etiam
2875 2880 3117 2935 vitulum
3151 2878 3485 2950 saginatum
3522 2873 3761 2928 adducere
3781 2870 3822 2921 et

2240 2975 2519 3039 occidere,
2553 2976 2916 3027 sacramenta
2956 2968 3175 3023 scilicet
3205 2966 3465 3039 corporis
3493 2974 3546 3018 et
3582 2954 3821 3029 sanguinis

2240 3064 2455 3120 Christi
2488 3060 2719 3117 familiai
2750 3061 2878 3129 ejus
2909 3056 3229 3128 epulaturaz
3263 3069 3591 3128 praeparare.
3630 3045 3759 3112 Quod
3786 3041 3821 3097 si

478 3155 787 3216 eerdotalis
817 3150 990 3209 ofﬁcii
1025 3150 1496 3222 praesumptores,
1521 3144 1613 3199 vix
1634 3142 1873 3214 attigere
1893 3143 2125 3198 tertiam
2157 3137 2200 3204 C
2238 3151 2531 3225 principes
2562 3147 2758 3205 εωουιί
2792 3146 3042 3202 mercedi
3074 3144 3409 3199 animarum
3432 3154 3650 3196 suarum
3674 3135 3723 3189 ίη
3746 3133 3822 3186 de.

478 3249 615 3304 Post
643 3262 791 3318 quos
813 3243 1041 3316 primus
1067 3235 1349 3292 Henricus
1372 3232 1614 3288 nullam.
1644 3231 1806 3297 Quod
1829 3236 1886 3286 et
1913 3230 2128 3287 in\aliis

479 3336 675 3408 regnis
706 3338 763 3389 et
793 3326 1214 3403 principatibus
1243 3323 1559 3394 contigisse
1605 3320 1704 3391 qui
1745 3320 2126 3391 disquisierit,

475 3422 736 3481 invenire
784 3418 1012 3491 poterit.
1046 3416 1114 3469 Et
1142 3420 1337 3467 tamen
1382 3410 1635 3465 mirabili
1667 3410 1923 3463 caecitate
1972 3408 2127 3463 arbi-

475 3514 708 3570 trantur
752 3504 1093 3578 bujusmodi
1127 3501 1421 3573 principes
1469 3516 1529 3554 se
1560 3497 1907 3569 obsequium
1956 3514 2127 3568 praes-

473 3607 597 3658 tare
624 3599 775 3665 Deo;
809 3595 860 3651 si
886 3611 955 3650 ex
990 3589 1273 3664 pecuniis,
1307 3587 1392 3643 vel
1426 3585 1658 3659 praediis
1690 3585 1882 3640 taliter
1929 3584 2126 3656 acqui-

474 3689 605 3748 sitis
639 3685 1000 3745 constituant
1032 3697 1209 3736 novas
1245 3675 1520 3733 ecclesias
1567 3673 1654 3729 vel
1700 3673 1814 3729 alia
1857 3674 1950 3745 pia
1979 3672 2122 3742 loca,

473 3797 609 3837 cum
640 3794 756 3834 non
788 3773 982 3831 solum
1015 3768 1160 3827 nihil
1182 3767 1265 3823 eis
1296 3764 1498 3838 prosit,
1524 3764 1622 3820 sed
1649 3762 1963 3834 plurimum
1988 3780 2128 3833 quo-

472 3887 587 3943 que
616 3866 789 3932 obsit,
839 3863 992 3918 sicut
1028 3877 1097 3916 ex
1145 3856 1335 3913 verbis
1376 3853 1526 3910 beati
1557 3851 1814 3924 Gregorii
1854 3852 2127 3923 superius

476 3941 839 4014 monstratur
858 3952 1021 4007 satis.
1039 3950 1106 4004 Et
1124 3963 1318 4003 revera
1333 3944 1472 4016 quid
1499 3943 1732 4014 prodest
1762 3941 2124 4013 principibus

472 4045 633 4103 mille
663 4041 938 4098 ecclesias
953 4039 1273 4103 destruere,
1303 4040 1358 4089 et
1383 4049 1558 4088 unam
1581 4034 1916 4086 construere
1937 4045 2126 4085 exem-

474 4133 570 4207 plo
602 4129 935 4204 principum
967 4125 1201 4180 illorum
1234 4138 1382 4193 quos
1422 4119 1996 4192 praenominavimus,
2024 4118 2124 4191 qui

477 4206 547 4277 de
575 4217 779 4292 spoliis
797 4215 1113 4270 multarum
1138 4208 1536 4272 ecclesiarum,
1562 4211 1618 4263 et
1647 4206 1968 4279 praesertim
1992 4224 2123 4279 pro-

473 4309 803 4366 vinciarum
822 4304 1048 4359 miseris
1069 4299 1262 4367 Italiae,
1296 4298 1442 4353 duos
1464 4297 1835 4368 episcopatus
1857 4300 2123 4351 constru-

472 4415 625 4469 xere,
662 4400 731 4452 ut
756 4393 846 4450 vel
885 4393 969 4448 sic
1000 4391 1257 4446 humano
1276 4386 1499 4458 judicio
1533 4385 1992 4458 approbarentur
2023 4384 2121 4456 qui

473 4486 668 4544 divino
699 4482 1118 4555 reprobantur;
1151 4484 1206 4533 et
1235 4475 1403 4548 quasi
1427 4491 1705 4547 magnum
1728 4472 1949 4545 aliquid
1969 4474 2119 4528 fece-
2152 4501 2202 4568 Β

472 4577 609 4644 rint,
643 4574 877 4630 nomine
903 4567 1209 4638 tenusjuri
1233 4564 1579 4621 tradiderint
1599 4562 1924 4634 apostolicae
1944 4562 2122 4628 sedis,

471 4683 608 4722 cum
652 4664 765 4721 sibi
795 4667 989 4716 tamen
1022 4663 1077 4714 et
1108 4654 1545 4713 successoribus
1578 4653 1702 4707 suis
1734 4669 1906 4708 omne
1939 4653 2125 4707 domi-

471 4756 636 4811 nium
669 4754 804 4807 inde
838 4746 1234 4805 retinuerint?
1268 4743 1556 4799 Nimirum
1581 4742 1697 4797 sive
1729 4741 1971 4811 isti,sive
2002 4742 2125 4813 qui-

471 4858 702 4913 cunque
723 4840 1046 4894 imitatores
1066 4850 1288 4900 eorum,
1315 4838 1414 4888 aut
1444 4830 1672 4899 fallunt,
1698 4834 1799 4885 aut
1821 4830 2120 4899 falluntur,

470 4932 520 4989 si
552 4929 798 4987 credunt
827 4924 1076 4996 Principi
1097 4921 1492 4994 apostolorum
1516 4926 1718 4975 contra
1749 4936 1915 4974 suam
1937 4919 1997 4974 in
2030 4921 2122 4976 Si-

474 5035 707 5076 monem
743 5032 979 5088 magum
1012 5012 1361 5069 sententiam
1386 5010 1531 5065 tales
1562 5009 1884 5064 oblationes
1916 5009 2001 5063 vel
2036 5027 2127 5080 pe-

473 5109 678 5167 cunias
699 5107 826 5179 jam
852 5102 1278 5177 posseplacere,
1299 5100 1465 5171 quasi
1499 5116 1631 5154 eum
1654 5097 1986 5171 paenituerit
2007 5115 2124 5152 sua;

476 5199 686 5272 prioris
717 5194 1036 5253 sententiae.
1072 5193 1138 5247 Et
1164 5207 1267 5245 cur
1298 5207 1410 5244 non
1451 5189 1814 5260 perpendunt
1854 5204 1966 5241 non
1997 5203 2125 5242 esse

476 5305 651 5345 suum
673 5286 946 5343 ecclesias
968 5281 1067 5338 Dei
1094 5281 1303 5345 facere,
1327 5279 1426 5334 sed
1454 5280 1636 5333 factas
1653 5279 2005 5332 defendere?
2035 5277 2123 5331 Ad

478 5378 589 5434 hoc
618 5377 775 5433 enim
805 5372 1066 5446 gladium
1090 5388 1123 5425 a
1153 5367 1363 5424 Christi
1386 5366 1784 5423 sacerdotibus
1806 5366 2120 5437 accipiunt,

480 5467 552 5524 ad
584 5465 693 5526 hoc
715 5465 1100 5536 inunguatur,
1128 5464 1194 5515 ut
1233 5475 1336 5531 pro
1368 5455 1760 5513 Ecclesiarum
1794 5454 1894 5511 Dei
1925 5454 2122 5512 defen-

478 5555 641 5619 sione
674 5551 942 5623 militent,
965 5555 1022 5607 et
1047 5548 1378 5625 ubicunque
1402 5561 1548 5619 opus
1578 5548 1669 5600 est
1695 5547 1974 5619 pugnent,
2006 5561 2120 5607 non

2238 3241 2498 3296 fensione
2529 3243 2586 3293 et
2608 3236 3018 3309 procuratione
3055 3232 3578 3289 ecclesiasticarum
3607 3235 3821 3298 persona-

2238 3347 2367 3385 rum
2392 3334 2448 3385 et
2466 3328 2809 3383 facultatum
2835 3325 3081 3395 cupiunt
3098 3311 3822 3395 prospicere,persacerdotes

2237 3415 2623 3474 sacerdotales
2646 3415 2820 3473 vices.
2841 3392 3176 3467 habitacula
3197 3392 3258 3464 et
3274 3412 3543 3479 sumptus
3562 3392 3824 3459 conservari

2238 3508 2652 3578 sulfragentnr,
2671 3503 3008 3572 ubicunque
3030 3497 3463 3554 ecclesiasticus
3475 3483 3824 3550 statusincolu-

2238 3595 2350 3651 mis
2367 3594 2554 3649 inveni
2566 3589 2950 3661 tur,exemplo
2966 3585 3328 3643 sanctissimi
3342 3584 3491 3655 regis
3506 3573 3823 3646 David,quiul

2237 3681 2696 3740 sacerdotalibus
2728 3680 2985 3735 sortibus
3016 3674 3411 3731 sacerdotium
3432 3677 3561 3727 tunc
3591 3663 3820 3723 incolume

2236 3790 2338 3845 per
2369 3787 2628 3843 congrua
2669 3775 2727 3824 et
2758 3767 2956 3822 debita
2984 3764 3178 3820 ofﬁcia
3210 3762 3456 3819 Domino
3486 3756 3823 3830 disponeretur

2235 3838 2466 3927 institit,
2485 3838 2555 3914 et
2583 3859 2653 3913 de
2684 3856 2943 3912 hostium
2965 3852 3197 3909 Domini
3229 3850 3541 3914 manubiis,
3570 3838 3821 3914 suiqueju-

2235 3951 2315 4004 ris
2346 3946 2724 4004 facultatibus
2754 3945 2825 4000 ad
2856 3942 3144 4014 templum
3194 3939 3440 3996 Domino
3481 3928 3819 4014 aediﬁcandqu

2233 4054 2518 4110 expensas
2560 4033 2855 4090 Salomoni
2903 4012 3021 4086 ﬁlio
3053 4029 3307 4102 providit
3336 4032 3393 4084 et
3421 4019 3742 4100 praeparavit,
3768 4012 3823 4068 si-

2234 4109 2330 4183 cut
2361 4126 2496 4183 linis
2525 4124 2658 4180 libri
2692 4120 2866 4195 primi
2888 4119 3374 4192 Paralipomenon
3406 4109 3731 4172 enucleatius
3753 4117 3821 4158 os-

2231 4216 2439 4272 tendit.

2847 4298 3079 4355 CAPUT
3125 4296 3269 4353 XVI.

2232 4400 2310 4452 De
2336 4393 2515 4449 studio
2543 4400 2855 4448 sanctorum
2884 4404 3072 4459 regum
3117 4403 3247 4459 erga
3293 4386 3541 4459 divinam
3581 4377 3755 4434 cultum
3785 4370 3823 4422 εἰ

2516 4456 2981 4526 remuneratione,
2998 4464 3048 4515 et
3081 4456 3323 4514 vindicta
3337 4456 3591 4530 plebium.

2305 4571 2697 4628 Nihilominus
2747 4569 3079 4638 ubicunque
3126 4563 3553 4621 ecclesiasticus
3592 4558 3750 4613 status
3781 4558 3823 4608 et

2233 4664 2464 4719 divinus
2494 4661 2688 4715 cultus
2719 4658 3069 4713 imminutus
3099 4658 3211 4721 est,
3243 4662 3341 4709 aut
3373 4648 3703 4708 annullatus,
3732 4634 3822 4692 1810

2234 4757 2289 4810 et
2321 4752 2490 4806 modo
2523 4750 2675 4820 regis
2706 4748 2876 4804 Josiae
2908 4746 2979 4800 ad
3011 4742 3470 4815 recuperandum
3501 4743 3555 4792 et
3579 4728 3818 4789 vindican-

2236 4844 2375 4898 dum
2407 4839 2805 4909 aceingantur,
2825 4835 3035 4907 piaque
3068 4832 3375 4888 devotione
3405 4825 3704 4884 sacerdotes
3722 4815 3820 4882 ejus

2235 4920 2459 4977 etiamsi
2482 4905 2653 4973 811le
2672 4905 2958 4988 negligere
2980 4913 3238 4968 officium
3258 4928 3372 4966 non
3405 4905 3651 4968 timeant,
3671 4906 3820 4953 exem-

2236 5010 2330 5082 plo
2364 5007 2611 5063 Ezechiae
2637 5025 2650 5073 ;
2686 4983 2938 5058 biimiles
2961 5002 3073 5074 piis
3095 4998 3351 5073 querelis
3372 5003 3426 5054 et
3449 4983 3822 5051 admotienibus

2235 5075 2666 5168 aggrediantur.
2701 5092 2795 5146 Sic
2826 5088 2980 5145 enim
2996 5089 3067 5143 de
3096 5086 3272 5143 illoin
3287 5085 3463 5141 altero
3493 5075 3820 5166 Paralipome-

2236 5202 2347 5240 non
2383 5183 2531 5238 libro
2563 5183 2836 5236 refertur:
2857 5202 2884 5227 ‹‹
2922 5176 3193 5233 Ezechias
3216 5191 3367 5231 anno
3392 5176 3448 5228 et
3469 5179 3649 5225 mense
3677 5156 3820 5231 primo

2234 5272 2396 5345 regni
2427 5272 2542 5339 sui,
2577 5267 2801 5341 aperuit
2833 5266 3024 5323 valvas
3050 5266 3259 5321 domus
3290 5257 3537 5323 Domini,
3566 5258 3618 5307 et
3644 5247 3818 5345 instat):

2234 5329 2380 5419 ravit
2409 5329 2540 5429 eas;
2584 5329 2942 5429 adduxitque
2973 5355 3300 5411 sacerdotes
3340 5355 3510 5421 atque
3538 5337 3752 5399 Levites,
3776 5329 3820 5429 θξ

2233 5448 2603 5525 congregavit
2632 5464 2731 5505 eos
2760 5446 2818 5503 in
2845 5444 3098 5520 plateam
3127 5438 3482 5506 orientalem,
3509 5430 3739 5525 dixitque
3758 5413 3818 5525 βά

2231 5512 2378 5605 ι)οεῖ
2404 5512 2613 5599 Audite
2643 5553 2755 5616 me,
2781 5512 3008 5609 Levites,
3028 5540 3085 5595 et
3106 5512 3815 5594 sanctificamini.Mundate.
