4106 6178
275 362 431 427 1169

864 362 1272 428 ADVERSUS
1319 359 1792 426 SIMONIACOS
1836 358 2042 423 LIBRI
2086 357 2308 423 TRES.
2350 359 2685 422 -LIBER
2725 356 3086 423 TERTIUS.

3522 332 3679 426 1170

270 502 373 555 aut
400 494 546 556 velle
588 498 798 571 potest,
855 499 967 556 nisi
1018 502 1083 555 ut
1129 498 1487 556 contribules
1533 516 1672 556 suos
1716 498 1921 571 utique
1949 492 2006 562 Α
2034 494 2226 554 solum
2258 494 2398 569 quia
2427 493 2675 569 pecunia
2705 495 3099 553 sacerdotium
3130 494 3403 565 obtinuit,
3421 497 3523 553 sed
3538 498 3678 570 quia

271 587 635 645 Christianos
683 590 751 645 ad
803 588 1079 662 gentilcm
1130 589 1307 645 ritum
1358 590 1672 645 transferat
1714 590 1915 662 :quod

271 682 424 734 certe
455 677 742 734 nefarium
782 683 840 735 et
873 678 1205 735 inauditum
1266 679 1457 735 scelus
1496 696 1624 735 esse
1665 684 1914 734 constat.

269 767 434 824 Unde
452 768 606 823 idem
629 768 805 825 Jason
831 785 945 823 non
969 770 1261 835 sacerdos,
1278 769 1376 824 sed
1392 769 1606 842 impius
1629 769 1915 842 arguitur,

269 856 636 929 quonomine
680 872 944 929 paganus
992 858 1221 929 proprie
1243 859 1586 914 ostenditur.
1611 858 1920 932 Simulque

271 946 578 1002 considera
592 945 747 1018 quod
770 945 877 1001 hac
893 947 1085 1019 prima
1106 948 1533 1020 conspiratione
1558 948 1918 1004 Simoniaco-

270 1052 425 1103 rum,
460 1034 728 1090 Antiochi
760 1034 1004 1103 scilicet,
1025 1036 1282 1101 Jasonis,
1315 1040 1490 1108 atque
1521 1037 1785 1105 Menelai,
1820 1038 1917 1110 qui

272 1123 343 1179 de
372 1123 527 1178 tribu
577 1122 884 1194 Benjamin
916 1129 1109 1191 natus,
1144 1125 1408 1197 pmcunia
1450 1127 1685 1197 praefato
1717 1128 1918 1182 Jasoni

271 1229 577 1269 summum
612 1213 1005 1267 sacerdotium
1040 1218 1379 1279 extorserat,
1413 1216 1705 1286 octoginta
1736 1216 1922 1272 millia

268 1302 605 1358 Judaeorum
626 1302 684 1356 in
700 1302 1062 1358 Hierusalem
1081 1304 1642 1375 eaesa,quadraginta
1659 1306 1774 1359 duo
1800 1305 1921 1360 mil-

269 1390 350 1445 lia
379 1391 576 1446 vincta
607 1407 722 1446 non
739 1391 935 1446 minus
958 1391 1195 1446 fuerunt
1226 1393 1555 1447 venundata
1579 1394 1648 1465 (ll
1670 1394 1838 1450 illam.
1865 1412 1919 1461 ν,

274 1480 384 1550 14).
414 1479 577 1533 Tunc
609 1496 842 1551 quoque
871 1480 1193 1536 Antiochus
1225 1481 1485 1537 Menelao
1522 1483 1762 1538 ductore
1792 1488 1922 1538 tan-

271 1584 451 1640 quam
483 1567 877 1623 Antichristus
925 1568 1173 1625 ducibus
1219 1570 1591 1639 Simoniacis,
1635 1571 1921 1643 templum

269 1658 427 1730 quod
457 1674 590 1712 cum
623 1658 1142 1714 sacramentissuis
1175 1660 1557 1730 portendebat
1578 1660 1923 1716 catholicam

268 1746 611 1813 Ecclesiam,
654 1750 709 1801 et
753 1752 1120 1803 sacramenta
1149 1749 1276 1819 ejus
1322 1749 1648 1821 ingressus,
1700 1750 1924 1821 accepit

2024 585 2266 659 insuper
2291 603 2459 642 sacra
2488 590 2708 653 vasa,et
2728 584 3150 657 supellectilem
3174 586 3495 649 sanctuarii
3517 588 3670 644 furto

2026 674 2385 747 exportavit;
2423 676 2577 747 quod
2611 675 2803 731 scelus
2845 674 3316 731 Limoniacorum
3358 675 3676 748 specialius

2027 781 2155 820 esse
2187 781 2355 819 nemo
2389 764 2651 835 ambigit.
2686 765 2811 819 Non
2844 763 3037 820 solum
3070 764 3229 819 enim
3278 764 3675 821 sacerdotium

2029 857 2288 925 emptum
2337 853 2419 907 ire
2468 853 2909 924 aggrediuntur,
2942 853 3041 908 sed
3075 853 3363 925 quidquid
3412 854 3679 911 ecclesiis

2029 942 2128 997 Dei
2152 958 2459 1013 superesse
2481 941 2990 1014 potuitdiripiunt,
3012 945 3068 997 et
3091 943 3381 998 furantur.
3413 944 3528 999 Nec
3548 961 3682 1000 ven-

2030 1031 2189 1085 ditur
2236 1048 2467 1102 quoque
2519 1031 2846 1101 impunitus
2892 1031 3095 1099 evasit,
3139 1032 3237 1103 qui
3271 1032 3587 1088 insanabili
3620 1037 3678 1089 et

2031 1119 2305 1173 invisibili
2362 1119 2533 1192 plaga
2572 1136 2906 1190 percussus,
2939 1120 3234 1176 vermibus
3264 1125 3678 1193 consumptus,

2030 1212 2204 1280 atque
2221 1208 2396 1262 fetore
2418 1209 2690 1263 exercitui
2715 1210 2842 1280 eius
2864 1209 3094 1280 sibique
3116 1209 3465 1265 intolerabili
3487 1210 3675 1282 reple—

2030 1300 2146 1363 tus,
2181 1313 2416 1367 peregre
2438 1296 2759 1352 miserabili
2785 1297 2944 1352 obitu
2977 1302 3064 1354 cst
3085 1299 3398 1354 defunctus
3426 1297 3487 1353 in
3514 1315 3676 1354 mou-

2030 1385 2210 1453 tibus,
2263 1389 2325 1439 ut
2372 1390 2513 1456 puta
2552 1390 2725 1457 typus
2767 1388 2897 1458 ejus
2938 1403 3112 1458 quem
3160 1387 3215 1443 in
3250 1390 3444 1443 monte
3477 1391 3677 1443 sancto

2023 1474 2194 1544 juxta
2230 1473 2481 1530 Danielis
2512 1475 2898 1547 prophetiam,
2931 1475 3142 1548 spiritu
3188 1475 3305 1533 oris
3335 1475 3428 1532 sui
3457 1475 3675 1532 interti-

2033 1563 2144 1620 ciet
2176 1565 2459 1619 Dominus
2486 1564 2681 1621 Jesus.

2646 1672 2879 1728 CAPUT
2930 1672 3072 1727 XIX.

2037 1758 2291 1829 Qualiter
2311 1762 2418 1830 ipsi
2444 1760 2743 1817 sacerdotes
2767 1762 2864 1816 sub
2898 1762 3011 1831 lege
3027 1764 3465 1818 communionem
3482 1764 3679 1833 impio-

271 1833 476 1900 altare,
509 1851 753 1890 aureum
800 1835 1217 1892 candelabrum
1258 1836 1524 1907 luminis,
1565 1845 1621 1894 et
1651 1838 1925 1894 universa
1958 1864 2005 1929 Β
2106 1849 2233 1929 νᾳτζι
2278 1834 2645 1901 υἱίαυενὶηιβι
2691 1833 2758 1888 ab
2803 1835 2882 1888 eis
2937 1834 3309 1889 contaminata
3348 1836 3678 1906 puriﬁcave-

271 1940 412 1980 vasa
440 1924 585 1993 ejus,
627 1940 893 1979 mensam
924 1926 1363 1996 propositionis,
1402 1926 1690 1995 libatoria,
1726 1928 1914 1995 ﬁalas,

270 2011 610 2068 mortariola
640 2029 837 2079 aurea,
873 2012 1085 2080 velum,
1122 2031 1386 2083 coronas,
1422 2021 1478 2071 et
1508 2020 1920 2072 ornamentum

270 2118 517 2157 aureum
551 2102 704 2173 quod
738 2102 796 2156 in
830 2102 974 2157 facie
1005 2103 1206 2176 templi
1239 2105 1548 2176 pendebat,
1592 2109 1650 2160 et
1677 2104 1920 2160 commi-

269 2191 403 2246 nuit
421 2191 640 2260 omnia,
656 2191 875 2261 jubens
897 2191 1107 2247 deinde
1131 2192 1412 2264 templum
1439 2195 1847 2260 contaminari,
1866 2196 1920 2249 et

267 2279 672 2352 cognominari
704 2280 863 2336 Jovis
895 2280 1143 2354 Olympii
1167 2284 1239 2350 (ΙΙ
1267 2282 1434 2337 Much.
1455 2301 1531 2350 v1,
1556 2284 1632 2355 2).
1662 2284 1732 2341 Et
1754 2299 1918 2338 acce-

268 2371 359 2442 pit
389 2372 698 2441 argentum
730 2374 788 2424 et
818 2386 1049 2437 aurum,
1084 2375 1141 2425 et
1170 2387 1307 2425 vasa
1337 2372 1833 2444 concupiscibilia,
1866 2375 1924 2427 et

267 2458 580 2514 thesauros
607 2457 868 2514 occultos
899 2476 1045 2530 quos
1076 2459 1314 2527 invenit,
1348 2464 1404 2515 et
1442 2460 1691 2516 sublatis
1732 2461 1917 2516 omni-

268 2547 385 2603 bus
415 2547 559 2603 abiit
586 2546 645 2602 in
679 2534 894 2602 terram
912 2565 1101 2603 suam.
1134 2551 1267 2612 Quae
1290 2550 1493 2617 utique
1515 2549 1920 2622 singulaillius

268 2635 477 2709 templi
524 2640 870 2692 ornamenta
918 2637 1371 2709 praeﬁgurabant
1414 2639 1679 2695 Ecclesia:
1732 2658 1921 2697 sacra-

270 2731 492 2793 menta,
525 2726 677 2781 sicut
705 2726 1160 2782 orthodoxorum
1191 2731 1423 2799 patrum
1456 2728 1805 2803 multiplicia
1836 2735 1919 2786 te~

271 2817 507 2870 stantur
552 2814 790 2887 scripta.
826 2816 905 2870 Ex
936 2815 1150 2887 quibus
1183 2822 1592 2873 ornamentum
1635 2819 1777 2875 illud
1811 2837 1918 2875 au~

271 2919 442 2958 reum
473 2904 627 2976 quod
657 2903 715 2957 in
751 2903 892 2960 facie
919 2904 1121 2977 templi
1160 2909 1303 2974 erat,
1336 2906 1574 2962 titulum
1624 2909 1776 2973 fizlei,
1806 2927 1923 2981 qua

274 2996 460 3047 Deum
491 3009 619 3048 esse
649 2992 1082 3065 cognoscimus,
1109 2999 1164 3049 et
1187 3011 1302 3065 qua
1326 2995 1397 3049 ad
1430 2996 1612 3052 Deum
1646 2997 1919 3066 intratur,

274 3076 476 3143 aperte
507 3072 891 3143 signiﬁcabat.

352 3161 487 3224 Qum
517 3160 773 3231 profecto
804 3177 905 3232 per
934 3161 1233 3217 haereticos
1263 3165 1335 3219 ab
1382 3166 1735 3221 Autichristo
1766 3184 1922 3222 com-

2108 1905 2242 1958 rint.

2101 2015 2241 2066 Ecce
2263 2010 2414 2066 etsic
2430 2010 2873 2083 perierunttunc
2890 2011 3430 2084 psoudoprophetaz,
3445 2015 3682 2084 etpseu-

2031 2100 2311 2156 dochristi
2358 2099 2826 2156 Simoniacorum
2888 2100 3064 2156 etiam
3118 2101 3228 2156 sub
3279 2101 3489 2156 umbra
3532 2099 3677 2173 legis

2031 2189 2236 2261 Moysi,
2270 2193 2625 2261 putamusnc
2646 2189 2897 2260 qualiter
2925 2193 3172 2260 pereunt
3201 2206 3358 2245 nunc
3390 2189 3500 2244 sub
3530 2188 3676 2245 veri-

2031 2282 2148 2333 tate
2173 2277 2463 2350 Evangelii
2485 2279 2622 2333 Jesu
2647 2277 2910 2333 Christi?
2929 2278 3186 2342 Quorum
3206 2278 3678 2335 communionem

2031 2372 2249 2438 quanto
2281 2384 2524 2427 suorum
2557 2384 2866 2438 corporum
2900 2367 3178 2439 periculo,
3216 2367 3679 2438 facultatumque

2028 2455 2728 2528 dispendio.Mathathias
2756 2459 2813 2511 et
2842 2456 2947 2512 filii
2967 2458 3095 2528 ejus
3117 2455 3382 2514 nonnulli
3404 2456 3504 2513 alii
3524 2455 3680 2512 devi-

2030 2548 2179 2611 tant,
2197 2546 2255 2600 in
2275 2546 2441 2601 libris
2462 2546 2925 2602 Machabazorum
2948 2564 3297 2620 cognoscere
3318 2545 3680 2619 possuntqui

2031 2634 2646 2707 voluerint.Siquidem
2663 2635 3161 2692 multahominum
3177 2635 3685 2706 milliautriusque

2030 2739 2205 2778 sexus
2237 2740 2351 2778 non
2383 2728 2610 2778 tantum
2644 2724 2703 2778 in
2735 2724 3087 2792 civitatibus,
3117 2741 3320 2780 verum
3351 2725 3488 2780 etin
3512 2741 3678 2781 mon-

2033 2812 2185 2867 tanis
2200 2812 2949 2885 etsolitudinibusglorioso
2970 2816 3107 2867 tunc
3126 2813 3404 2886 martyrio
3426 2830 3527 2887 pro
3550 2812 3676 2887 lege

2032 2901 2129 2956 Dei
2165 2917 2342 2973 quam
2375 2901 2641 2957 zelabant
2667 2905 2942 2956 coronata
2965 2906 3125 2958 sunt.
3159 2905 3281 2968 Quo
3303 2901 3424 2958 zelo
3447 2902 3677 2959 Matho.-

2029 2989 2185 3045 thias
2218 3006 2449 3062 quoque
2485 2990 2755 3045 sacerdos
2786 2994 2842 3045 et
2882 2989 2983 3045 filii
3024 2991 3154 3063 ejus
3188 2991 3469 3063 quinque.
3501 2992 3678 3048 relin-

2032 3083 2275 3150 quentes
2308 3096 2671 3150 qumcunque
2704 3079 3077 3135 habebantin
3112 3080 3365 3148 civitate,
3399 3081 3677 3153 fugerunt

2034 3168 2091 3222 in
2123 3172 2349 3222 montes
2374 3171 2431 3222 et
2451 3170 2817 3223 secesserunt
2837 3168 2893 3222 in
2919 3169 3214 3224 desertum
3241 3169 3456 3237 locum;
3479 3167 3677 3240 ibique

278 3248 513 3304 minuta
555 3252 612 3303 et
660 3249 966 3321 captivata,
998 3250 1058 3304 in
1091 3254 1551 3310 comminatione
1581 3260 1638 3310 et
1674 3256 1922 3327 captiva-
1955 3230 1997 3295 Ο
2037 3254 2190 3310 inter
2220 3256 2371 3311 feras
2399 3256 2573 3311 vitam
2608 3256 2669 3311 in
2692 3257 2992 3313 montibus
3014 3259 3280 3329 agebant,
3314 3262 3371 3313 et
3400 3258 3514 3313 feni
3545 3257 3676 3313 cibo

274 3338 440 3393 tione
480 3336 639 3392 illius
683 3340 1011 3394 ornamenti
1046 3340 1207 3395 aurei
1238 3348 1757 3414 thBﬂlOllStl‘atlll‘;
1809 3361 1926 3415 qua

278 3425 574 3497 eaptivata
604 3426 831 3498 repellit
856 3428 1135 3483 Dominus
1156 3431 1597 3487 tabernaculum
1623 3451 1798 3488 suum
1828 3434 1924 3489 ubi

279 3514 565 3569 habitavit
593 3514 650 3569 in
682 3516 1044 3583 hominibus,
1066 3518 1422 3590 tradiditquc
1446 3521 1503 3575 iu
1532 3522 1926 3592 captivitatem

278 3604 557 3659 virtutem
580 3621 803 3669 eorum,
825 3605 1395 3678 etpulehritudinem
1414 3626 1549 3664 coru
1562 3628 1617 3665 m
1644 3611 1699 3665 in
1717 3630 1927 3669 manus

281 3692 531 3759 inimici,
582 3698 639 3749 et
668 3693 966 3749 concludit
994 3695 1053 3749 iu
1093 3695 1284 3767 gladio
1316 3698 1595 3769 populum
1645 3717 1840 3769 suum,
1875 3707 1931 3757 et

277 3783 679 3839 haereditatem
713 3801 881 3840 suam
915 3785 1159 3857 spernit.
1182 3786 1434 3843 Juvenes
1456 3805 1659 3843 eorum
1682 3791 1935 3846 comedit

282 3873 461 3946 ignis,
498 3877 554 3927 et
584 3872 835 3945 virgines
858 3890 1060 3929 eorum
1085 3891 1198 3929 non
1218 3874 1634 3933 lamentantur.
1660 3880 1935 3935 Sacerdo-

277 3966 372 4017 tes
404 3977 605 4016 eorum
638 3961 698 4015 in
751 3960 944 4033 gladio
977 3964 1212 4031 eadunt,
1254 3969 1311 4019 et
1338 3966 1525 4020 vidua:
1570 3984 1771 4023 eorum
1818 3986 1933 4024 non

283 4049 596 4123 plorantur
643 4052 809 4117 (I’sal.
854 4053 1085 4123 LXXVII),
1134 4054 1224 4121 60,
1255 4054 1368 4125 64).
1416 4055 1531 4109 Cur
1577 4055 1724 4110 hoc?
1770 4058 1932 4124 Quia,

284 4139 616 4195 secundum
634 4138 1053 4196 lamentantem
1066 4141 1405 4209 Jeremiam,
1427 4143 1637 4214 repulit
1655 4145 1939 4200 Dominus

282 4228 736 4283 tabernaculum
769 4246 966 4299 suum,
992 4229 1294 4286 maledixit
1325 4233 1771 4288 sanetiﬁcationi
1821 4252 1938 4288 suae

282 4318 513 4389 (Thren.
544 4334 608 4385 ιι,
638 4319 715 4389 7).
741 4318 903 4374 Unde
926 4336 1029 4374 nec
1050 4319 1245 4391 ipsum
1269 4321 1552 4392 templum
1575 4322 1702 4392 jam
1725 4339 1938 4395 cogno-

282 4406 552 4461 minatur
600 4406 856 4475 Domini,
908 4408 1011 4463 sed
1054 4408 1213 4464 Jovis
1244 4408 1518 4481 Olympii,
1554 4414 1613 4465 ut
1656 4411 1944 4467 indicetur

281 4494 541 4569 principi
585 4496 736 4552 aeris
783 4497 965 4568 hujus
994 4498 1241 4553 cessisse
1290 4498 1578 4570 quidquid
1626 4499 1942 4556 visibilium

2035 3347 2332 3400 vescentes
2362 3346 2834 3411 demorabantur,
2868 3363 2939 3401 ne
2971 3347 3280 3419 participes
3312 3350 3508 3402 essent
3530 3346 3682 3402 coin-

2039 3434 2416 3504 quinationis.
2451 3438 2518 3487 Et
2550 3434 2604 3487 in
2629 3451 2742 3505 quo
2775 3437 2899 3505 jam
2935 3435 3029 3490 isti
3059 3435 3248 3490 adhuc
3278 3436 3336 3489 in
3367 3434 3679 3494 Judaismo

2040 3526 2238 3580 minus
2256 3522 2474 3577 sanctis
2489 3523 2756 3578 Patribus
2778 3524 2996 3578 nostris
3012 3523 3518 3580 iuChristianismo
3532 3541 3685 3579 com-

2042 3613 2380 3669 munionem
2433 3611 2837 3667 haereticorum
2884 3612 3190 3667 vltarunt?
3236 3611 3423 3667 Simul
3456 3629 3688 3684 quoque

2041 3702 2482 3759 consideremus
2515 3701 2670 3772 quia,
2704 3702 2887 3755 donec
2919 3699 3308 3755 sacerdotium
3350 3700 3688 3755 Judaeorum

2042 3791 2246 3864 viguit,
2279 3788 2443 3844 nulla
2476 3788 2748 3843 utensilia
2766 3788 2853 3843 vel
2887 3787 3130 3859 pecunia
3161 3787 3365 3858 templi
3407 3785 3690 3859 angelicis

2044 3879 2304 3935 excubiis
2334 3876 2555 3932 defensi
2586 3880 2822 3947 potuere
2852 3875 3027 3947 diripi
3049 3880 3149 3930 aut
3172 3875 3447 3945 eaptivari
3478 3891 3690 3947 quam-

2046 3968 2132 4022 vis
2157 3968 2214 4021 id
2247 3966 2541 4021 obstinato
2572 3964 2769 4019 animo
2800 3963 3144 4020 Heliodorus
3176 3964 3285 4019 sub
3317 3963 3465 4019 Onia
3496 3962 3687 4036 ponti-

2048 4058 2153 4111 fice
2189 4070 2505 4140 aggressus
2549 4051 2740 4108 fuerit.
2792 4053 2953 4117 Quod
3013 4051 3139 4108 sine
3184 4052 3383 4125 aliqua
3436 4052 3692 4109 vindicta

2048 4148 2276 4200 constat
2322 4148 2459 4197 tunc
2488 4142 2755 4196 effectum
2801 4142 2872 4197 ob
2922 4140 3314 4197 sacerdotium
3365 4141 3692 4212 venditum,

2051 4233 2137 4288 vel
2174 4249 2206 4287 a
2234 4248 2347 4286 non
2377 4247 2486 4285 sua
2515 4231 2788 4285 tribu.....
2828 4231 2935 4286 fuit
2962 4234 3408 4303 prmsumptum.

2122 4321 2238 4375 Nec
2283 4318 2482 4373 minus
2521 4319 3012 4375 considerandum
3044 4324 3132 4375 cst
3157 4319 3217 4374 in
3261 4319 3408 4373 facto
3438 4316 3697 4389 legitimo

2054 4409 2424 4465 sacerdotum
2443 4406 2603 4464 illius
2620 4407 2900 4479 temporis
2922 4412 3142 4480 quanto
3160 4405 3353 4463 studio
3371 4408 3428 4460 et
3448 4404 3702 4477 qualiter

2054 4517 2087 4555 a
2117 4496 2417 4554 catholicis
2449 4498 2737 4571 expianda
2766 4502 2922 4566 sunt,
2956 4514 3081 4568 quas
3114 4494 3515 4552 contaminata
3542 4494 3699 4549 inve-

278 4587 866 4642 sacramcntorumin
891 4585 991 4642 illo
1015 4586 1240 4643 solebat
1256 4604 1385 4643 esse
1407 4588 1661 4656 Domini,
1686 4589 1786 4645 sed
1801 4590 1943 4645 tanti
1979 4600 2021 4664 D
2055 4588 2250 4647 nerint
2279 4587 2351 4641 ab
2381 4586 2688 4643 haereticis.
2724 4586 2819 4641 Sic
2851 4585 3006 4641 enim
3038 4584 3183 4639 inibi
3212 4584 3495 4639 docemur
3524 4597 3702 4654 super

281 4678 494 4730 auctor
523 4673 760 4730 sceleris
786 4674 989 4743 Jason,
1019 4692 1053 4730 a
1082 4670 1341 4731 Menelao
1372 4676 1651 4747 expulsus
1682 4679 1944 4735 sacerdo-

279 4762 393 4831 tio,
428 4761 657 4835 fugiens
681 4763 751 4819 de
781 4763 1014 4820 civitate
1047 4763 1105 4818 in
1137 4762 1454 4830 civitatem,
1478 4765 1754 4821 omnibus
1785 4766 1944 4822 odio-

281 4868 417 4919 sus,
452 4855 517 4906 ut
557 4852 761 4924 refuga
790 4851 984 4925 legum
1018 4853 1415 4917 exsecrabilis,
1450 4857 1513 4907 ut
1556 4855 1751 4925 patriae
1782 4859 1839 4910 et
1868 4854 1945 4910 ci-

277 4941 451 4996 vium
483 4940 658 5009 hosti,
688 4945 746 4996 et
777 4941 876 5013 qui
901 4942 1118 4996 multos
1148 4942 1219 4997 de
1242 4940 1430 5013 patria
1446 4940 1753 5013 expulerat
1782 4960 1945 5015 pere—

280 5046 393 5102 gre
446 5030 657 5101 periit;
706 5035 764 5086 et
804 5031 904 5103 qui
948 5029 1278 5102 insepultos
1321 5031 1612 5099 abjecerat
1646 5030 1861 5087 multos
1892 5036 1949 5088 et

288 5119 422 5190 ipse
453 5116 874 5185 illamcntatus,
897 5123 954 5175 et
981 5118 1310 5191 insepultus
1328 5118 1618 5189 abjicitur,
1644 5119 1949 5190 sepultura

289 5223 487 5278 neque
509 5208 815 5280 peregrina
837 5224 1198 5279 usus,neque
1218 5206 1404 5278 patrio
1430 5206 1698 5278 sepulcro
1712 5210 1947 5280 partici—

287 5312 464 5368 pans.
484 5295 668 5366 Cujus
691 5294 1566 5369 supplantatorMenelaus,post
1586 5297 1800 5351 caedem
1821 5314 1949 5352 san-

288 5383 513 5440 tissimi
545 5385 863 5440 sacerdotis
886 5386 1046 5441 Oniaa
1067 5384 1433 5457 aliorumque
1461 5384 1780 5443 multorum
1814 5405 1948 5443 san-

288 5478 548 5542 ctorum,
581 5491 615 5528 a
647 5474 824 5529 fratre
854 5490 962 5529 suo
996 5472 1340 5545 Lysimacho
1374 5472 1808 5545 supplantatur,
1834 5493 1945 5532 non

291 5561 488 5619 multo
518 5565 651 5634 post
671 5563 841 5633 juxta
860 5560 1355 5631 aerariumtempli
1378 5562 1661 5618 seditione
1685 5564 1946 5621 saeculari

288 5652 671 5723 intcrempto.
687 5653 870 5719 Quem
881 5651 1232 5724 sacrilegum
1258 5650 1557 5721 Scriptura
1577 5654 1814 5725 astruit,
1834 5673 1945 5710 non

2054 4679 2146 4734 his
2183 4696 2195 4734 :
2230 4700 2257 4728 «
2289 4677 2673 4750 ElegitJudas
2696 4676 3026 4731 sacerdotes
3047 4674 3173 4729 sine
3196 4672 3700 4729 maculavolunta-

2054 4772 2168 4823 tem
2194 4765 2476 4821 habentes
2502 4765 2559 4818 in
2583 4765 2707 4837 lege
2719 4765 2839 4820 Dei.
2865 4768 2933 4819 Et
2953 4763 3384 4818 mundaverunt
3401 4766 3623 4831 sancta,
3645 4764 3704 4818 et

2055 4855 2318 4911 tulerunt
2345 4852 2567 4924 lapides
2599 4851 3113 4908 contaminationis
3142 4849 3200 4906 in
3224 4849 3415 4911 locum
3446 4850 3701 4907 immun-

2057 4946 2221 5001 dum.
2246 4948 2310 4998 Et
2328 4940 2685 5015 cogitavitde
2703 4941 2870 4997 altari
2883 4940 3542 5013 holocaustorum,quod
3565 4958 3704 5013 pro-

2058 5034 2380 5105 phanatum
2413 5035 2555 5098 erat,
2582 5029 2721 5102 quid
2755 5031 2826 5086 de
2854 5048 2920 5087 eo
2952 5031 3182 5087 faceret.
3225 5031 3294 5085 Et
3332 5028 3539 5085 incidit
3586 5028 3704 5084 illis

2056 5121 2368 5177 consilium
2430 5122 2760 5183 lionum,ut
2815 5120 3186 5175 destruerent
3232 5118 3400 5183 illud,
3442 5132 3514 5172 ne
3560 5116 3705 5172 forte

2057 5215 2213 5265 esset
2244 5209 2360 5264 illis
2413 5209 2471 5263 in
2522 5207 2923 5280 epprohrium,
2976 5209 3117 5280 quia
3173 5204 3709 5262 conlaminaverant

2056 5298 2202 5353 illud
2228 5303 2435 5369 gentes
2461 5316 2473 5365 ;
2508 5302 2565 5352 et
2599 5296 2860 5353 demoliti
2884 5301 3024 5352 sunt
3050 5296 3215 5361 illud,
3235 5298 3293 5348 et
3320 5295 3709 5364 reposuerunt

2057 5386 2281 5457 lapides
2335 5387 2391 5440 in
2428 5393 2620 5441 monte
2652 5387 2864 5441 domus
2896 5386 2954 5440 in
2984 5384 3107 5440 loco
3139 5386 3271 5454 apto
3322 5379 3708 5453 quoadusque

2055 5474 2277 5530 veniret
2309 5475 2590 5546 propheta
2619 5481 2677 5531 et
2711 5475 3084 5547 responderet
3113 5472 3184 5526 de
3216 5469 3320 5525 eis.
3354 5470 3425 5525 Et
3457 5474 3706 5543 purgato

2059 5563 2297 5636 templo,
2313 5565 2897 5636 acceperuntlapidos
2913 5564 3166 5633 integros
3179 5556 3706 5632 secundumlegem

2056 5658 2112 5712 et
2140 5653 2571 5709 azditicaverunt
2600 5653 2779 5709 altare
2803 5669 3013 5710 novum
3036 5649 3357 5707 secundum
3377 5647 3524 5711 illud
3550 5647 3705 5720 quod
