4106 6178
540 319 689 388 1171
1589 328 2001 395 HUMBERTI
2048 328 2111 395 S.
2160 330 2233 394 R.
2281 329 2351 395 Ε.
2399 328 2887 400 CARDINALIS.
3727 337 3850 406 {1'12

536 465 727 525 fuerat
756 467 937 543 prius,
972 460 1029 526 et
1058 464 1489 524 mdiﬁcaverunt
1529 468 1749 534 sancta,
1782 469 1839 520 et
1868 482 1994 537 qua:
2025 463 2178 520 intra
2206 471 2260 535 Α
2290 472 2655 524 sacramenta
2671 468 3003 535 denudavit,
3023 484 3223 526 eorum
3245 467 3611 528 sacerdotium
3633 487 3853 531 cumom-

535 556 1143 623 domusintrinsecus,
1177 562 1232 611 et
1269 556 1471 619 mdem,
1504 558 1562 609 et
1590 552 1740 608 atria
1778 554 2175 608 sanctiﬁcave-
2286 556 2461 611 nibus
2492 557 2614 614 suis
2655 559 3037 627 caeremoniis,
3073 564 3130 615 et
3161 558 3284 631 lege
3327 559 3680 632 spiritualiter
3705 564 3763 618 ad
3790 581 3853 631 se,

534 649 690 699 runt.
737 646 805 699 Et
850 646 1110 701 fecerunt
1155 663 1293 699 vasa
1331 661 1495 698 sacra
1541 661 1706 711 nova,
1757 648 1811 697 et
1858 642 2179 696 intulerunt
2286 648 2344 700 et
2365 646 2434 699 ad
2459 663 2595 702 suos
2617 647 3209 702 cohmredesvelutad
3230 649 3444 703 tribum
3465 650 3656 704 Judam
3689 668 3851 707 nomen

532 733 947 789 candelabrum
981 739 1037 789 et
1079 733 1257 788 altare
1290 734 1683 797 incensorum,
1716 736 1772 787 et
1807 748 2072 785 mensam
2117 730 2175 784 in
2284 734 2411 803 ejus
2432 736 2801 790 conﬁtentem
2820 736 3141 803 transtulit,
3161 737 3735 811 reprobatisillis;qui
3755 756 3853 795 eum

527 822 771 894 templo,
803 828 861 879 et
891 824 1194 879 incensum
1228 827 1549 894 posuerunt
1579 839 1754 893 super
1775 821 1977 881 altare,
2003 826 2058 873 et
2083 832 2176 873 ac-
2285 828 2575 895 negarunt
2603 825 2980 880 exclamando
3010 843 3022 880 :
3057 848 3085 875 «
3122 826 3245 880 Non
3276 825 3551 881 habemus
3573 843 3738 899 regem
3764 829 3848 884 nisi

532 912 855 967 cenderunt
888 912 1152 968 lucernas
1183 929 1312 983 qure
1333 930 1508 983 super
1538 911 1955 966 candelabrum
1987 913 2172 972 erant,
2286 911 2568 968 Caesarem
2601 916 2787 981 (Joan.
2824 931 2939 977 xix,
2980 914 3087 985 15).
3127 936 3155 962 »

532 1008 587 1056 et
614 1000 888 1057 lucebant
919 1002 975 1055 in
1010 1002 1246 1072 templo.
1270 1004 1336 1055 Et
1360 1005 1682 1073 posuerunt
1704 1017 1879 1070 super
1911 1012 2171 1052 mensam
2357 1002 2615 1073 Denique
2639 1002 2924 1074 quidquid
2952 1001 3325 1057 sacerdotalis
3347 1002 3514 1058 ofﬁcii
3546 1010 3735 1075 postea,
3760 1010 3848 1061 tam

531 1105 711 1161 panes
743 1091 1176 1163 propositionis,
1209 1095 1263 1145 et
1296 1090 1701 1160 nppenderunt
1730 1088 1874 1152 vela,
1909 1102 2178 1141 consum-
2286 1090 2491 1144 abillis
2510 1108 2686 1162 quam
2708 1092 2779 1145 ab
2795 1108 2995 1145 eorum
3014 1090 3305 1145 similibus
3330 1096 3387 1146 et
3403 1094 3736 1164 scquac1bus,
3752 1113 3835 1167 pra

531 1179 823 1251 mutisque
853 1180 1128 1235 omnibus
1158 1184 1291 1233 ante
1316 1178 1667 1232 matutinum
1692 1177 2090 1239 surrexerunt,
2121 1179 2177 1229 ct
2285 1183 2586 1250 sumptum
2618 1179 2734 1233 illic
2764 1183 2821 1233 et
2842 1183 3034 1233 actum
3058 1179 3186 1248 fuit,
3217 1178 3429 1234 diaboli
3452 1185 3505 1235 et
3523 1198 3624 1235 non
3645 1182 3729 1236 Dei
3755 1183 3851 1237 θυι.

530 1268 599 1322 de
622 1267 820 1339 ignitis
847 1269 1139 1339 lapidibus
1162 1268 1293 1337 igne
1316 1270 1612 1336 concepto.
1637 1264 1973 1319 obtulerunt
1995 1261 2176 1315 sacri-
2286 1274 2382 1323 tus
2398 1268 2636 1334 exstitit,
2654 1269 2824 1338 juxta
2845 1268 2997 1339 quod
3024 1269 3083 1321 Β.
3103 1284 3253 1339 papa
3274 1273 3329 1322 et
3349 1268 3541 1323 doctor
3562 1270 3661 1324 Leo
3675 1272 3850 1333 asserit,

529 1356 726 1411 ficium
754 1356 1274 1424 secundnmlegem
1300 1371 1476 1423 super
1494 1354 1673 1407 altare
1699 1352 2173 1407 holocaustorum
2288 1378 2315 1405 ‹‹
2350 1357 2803 1411 reclamantibus
2855 1373 3086 1427 quoque
3120 1356 3502 1427 potestatibus
3533 1358 3788 1431 angelicis,
3811 1366 3852 1415 et

528 1462 743 1500 novum
799 1446 951 1515 quod
988 1446 1246 1498 fecerunt
1277 1445 1323 1515 (Ι
1350 1443 1516 1497 Much.
1568 1460 1643 1507 IV,
1698 1442 1897 1507 42-50)-
1950 1439 2174 1502 Quibus
2288 1445 2613 1500 dicentibus
2638 1464 2649 1501 :
2677 1447 3074 1500 Transeamus
3104 1446 3178 1499 ab
3212 1445 3307 1500 his
3336 1446 3582 1501 sedibus.
3613 1469 3637 1495 ››
3665 1447 3740 1502 Sic
3758 1448 3851 1520 jugi

527 1532 694 1600 actis,
717 1533 1002 1605 rogabant
1024 1532 1332 1587 Dominum
1353 1530 1625 1603 prostrati
1643 1529 1700 1583 in
1719 1532 2032 1591 terramme
2050 1543 2173 1582 εἴη·
2286 1534 2570 1589 sacrificio
2589 1534 2802 1599 ablato,
2827 1550 3014 1605 usque
3040 1534 3099 1587 in
3126 1535 3301 1589 tinem
3326 1535 3851 1606 perseveratinibiab~

524 1620 681 1693 plius
699 1622 868 1677 malis
890 1621 1106 1677 talibus
1128 1622 1469 1679 inciderent,
1493 1621 1615 1683 sed,
1635 1624 1690 1672 et
1719 1618 1766 1673 si
1790 1618 2022 1689 quando
2046 1633 2175 1688 pec-
2285 1622 2562 1677 ominatio
2595 1627 2652 1678 et
2681 1623 2997 1689 desolatio;
3021 1623 3346 1678 secundum
3369 1624 3519 1695 quod
3550 1625 3607 1679 B.
3636 1624 3851 1697 Hierony-

524 1715 777 1779 cassent,
824 1717 888 1767 ut
936 1712 1006 1766 ab
1050 1712 1178 1783 ipso
1230 1712 1431 1765 mitius
1477 1709 1929 1779 corriperentur,
1973 1710 2030 1761 et
2060 1722 2173 1761 non
2287 1728 2420 1765 mus
2446 1712 2517 1765 de
2546 1711 2735 1766 tribus
2766 1715 3018 1783 quatuor
3041 1711 3361 1767 sceleribus
3391 1713 3741 1783 quarumdam
3764 1713 3852 1768 dis-

522 1800 887 1872 blasphemis
912 1796 2176 1859 autbarbarisnationibustraderentur.Qua
2207 1844 2251 1873 n
2286 1817 2486 1855 serens
2520 1800 2848 1869 nationum,
2874 1800 2989 1855 ait:
3015 1823 3043 1849 ‹‹
3084 1806 3264 1856 Amos
3297 1801 3568 1872 propheta
3594 1802 3643 1855 in
3663 1818 3852 1873 easgen-

524 1844 886 1872 -.μυνηυηυυ
912 1844 1637 1855 “unus........_-.v....-.-~
1662 1844 2175 1859 --μην----η--.ενη
2287 1844 2486 1855 ww..-
2522 1844 2848 1869 ..ηηυημυη
2874 1844 2955 1855 ...υ
2977 1844 2989 1855 .
3018 1844 3041 1849 ..
3084 1844 3264 1856 ...μνη
3299 1844 3568 1872 rerum...
3664 1844 3833 1873 υμυον..

524 1889 618 1945 die
648 1893 845 1945 autem
878 1889 1164 1961 templum
1191 1890 1261 1943 ab
1281 1887 1623 1961 alienigenis
1648 1885 1936 1958 pollutum
1964 1884 2168 1950 fuerat,
2202 1844 2251 1909 Β
2278 1895 2363 1945 tes
2412 1906 2538 1962 qua)
2586 1890 2831 1945 lectione
2881 1891 3010 1960 ejus
3043 1890 3477 1961 comprehensa;
3524 1894 3666 1955 sunt,
3693 1890 3845 1945 obeas

522 1977 763 2050 contigit
781 1980 984 2035 eadem
998 1978 1089 2033 die
1106 1979 1513 2050 purgationem
1535 1976 1658 2031 ﬁeri
1675 1975 1952 2030 vicesima
1965 1972 2170 2044 quinta
2279 1995 2489 2034 causas
2507 1996 2653 2050 quas
2669 1983 2975 2040 memorat,
2991 1980 3304 2033 affuturam
3324 1978 3468 2034 iram
3487 1980 3577 2035 Dei
3592 1979 3845 2034 denuntiat.

521 2068 655 2123 novi
690 2068 908 2123 mensis
941 2067 1167 2133 Casleu,
1191 2071 1400 2121 etcum
1427 2065 1626 2120 laetitia
1655 2065 1862 2119 diebus
1884 2068 2013 2118 octo
2037 2078 2166 2132 cge-
2278 2068 2345 2122 Et
2376 2068 2514 2139 quia
2536 2067 2593 2122 in
2618 2068 3000 2139 sequentibus
3022 2067 3136 2122 ait:
3160 2069 3225 2122 In
3253 2068 3441 2123 tribus
3462 2067 3796 2140 impietatibus
3810 2071 3851 2120 et

521 2160 661 2212 runt
691 2157 750 2212 in
800 2158 1040 2212 modum
1087 2155 1620 2211 tabernaculorum.
1672 2155 1743 2208 Et
1790 2154 2169 2207 decreverunt
2278 2174 2456 2229 super
2484 2152 2736 2228 quatuor
2767 2173 2880 2211 non
2915 2161 3253 2211 convertam
3281 2173 3438 2226 eum,
3462 2156 3621 2212 tertio
3650 2160 3850 2228 peccato-

520 2245 818 2301 communi
835 2249 1114 2316 praecepto
1136 2250 1193 2298 et
1212 2244 1733 2298 decretouniversae
1760 2240 1917 2313 genti
1935 2240 2165 2294 Judmo-
2274 2261 2404 2301 rum
2419 2244 2843 2318 indulgentiam
2862 2246 3044 2301 Deum
3065 2245 3206 2301 dare
3234 2262 3407 2317 posse
3423 2245 3702 2319 signiﬁcat;
3723 2259 3849 2316 quem

519 2350 651 2388 rum
666 2334 940 2388 omnibus
958 2332 1126 2387 annis
1149 2334 1437 2404 agendum
1464 2350 1564 2403 per
1586 2332 1847 2385 diesocto
1868 2332 1939 2400 (II
1957 2331 2160 2394 Mac.x,
2273 2339 2480 2406 quarto
2532 2335 2733 2390 eadem
2768 2338 3003 2405 peccata
3032 2336 3560 2405 committentibus,
3601 2350 3691 2389 nec
3717 2330 3852 2405 paeni-

519 2421 572 2489 4,
596 2420 673 2489 8),
705 2422 775 2475 Et
802 2425 1155 2476 ornaverunt
1176 2421 1379 2476 faciem
1411 2420 1614 2492 templi
1647 2419 1876 2474 coronis
1899 2418 2089 2473 aureis
2107 2424 2163 2472 et
2268 2424 2535 2490 tentiam,
2557 2440 2662 2479 nec
2682 2422 3109 2496 indulgentiam
3131 2424 3411 2479 daturum
3434 2422 3721 2479 denuntiat.
3740 2420 3847 2475 Nam

515 2508 787 2575 scutulis,
822 2514 878 2564 et
900 2508 1314 2564 dedicaverunt
1339 2513 1536 2579 portas
1553 2512 1608 2563 et
1627 2507 1946 2579 pastot‘oria
1962 2511 2018 2561 et
2043 2506 2160 2559 im-
2270 2526 2374 2583 per
2400 2513 2552 2583 ignis
2584 2511 3057 2581 similitudinem,
3091 2529 3270 2583 quem
3305 2514 3363 2567 in
3397 2511 3678 2585 przedictas
3696 2513 3848 2581 gentes

515 2602 840 2670 posuerunt
870 2600 954 2654 eis
980 2600 1214 2669 januas,
1248 2601 1303 2653 et
1331 2598 1482 2652 facta
1511 2600 1599 2652 est
1630 2596 1826 2650 laetitia
1856 2595 1915 2649 in
1946 2592 2158 2665 populo
2271 2600 2625 2656 mittendum
2677 2601 2964 2673 praedixit,
2998 2617 3236 2673 gravem
3270 2606 3326 2657 et
3355 2598 3750 2657 irrevocabilem
3776 2594 3847 2651 Dei

515 2703 731 2760 magna
758 2687 944 2744 valde.
981 2691 1049 2742 Et.
1078 2703 1344 2743 aversum
1377 2690 1465 2741 est
1493 2685 1869 2758 opprobrium
1894 2683 2157 2755 gentium
2268 2688 2443 2756 iram,
2463 2689 3215 2762 animadversationemque
3241 2690 3423 2745 voluit
3442 2690 3802 2745 demonstrare.
3828 2705 3847 2731 ιν

515 2778 566 2846 (Ῑ
591 2778 721 2832 Μαε·
746 2794 823 2844 ιν,
844 2777 935 2839 57ν
955 2778 1068 2844 58),
1098 2798 1124 2825 ))
1142 2793 1289 2847 quas
1306 2774 1511 2848 legalis
1531 2775 1752 2829 umbra?
1776 2772 1960 2827 “neas
1982 2788 2157 2827 evan'
2268 2778 2390 2842 Quo
2426 2779 2571 2833 tanti
2589 2779 2693 2834 viri
2719 2778 3055 2835 testimonio
3078 2780 3557 2852 expergiscantur
3577 2772 3844 2837 Simoniaci,

512 2865 699 2940 gelica
728 2870 883 2921 recto
907 2865 1051 2937 pede
1072 2865 1351 2937 resculpit
1370 2864 1599 2928 veritas,
1623 2863 1763 2917 dum
1789 2878 1931 2933 pene
1953 2862 2155 2917 eodem
2268 2871 2325 2923 et
2353 2868 2587 2922 discant
2618 2872 2836 2939 quanto
2869 2869 3065 2923 minus
3097 2868 3219 2923 sint
3251 2868 3365 2941 ipsi
3395 2864 3747 2931 convertendi,
3773 2860 3845 2934 qui

513 2954 687 3009 modo
718 2953 986 3009 catholici
1018 2957 1215 3025 patres
1258 2970 1357 3025 pro
1388 2969 1448 3007 re
1478 2957 1534 3006 et
1564 2950 1846 3022 temporis
1886 2950 1978 3004 sui
2010 2966 2155 3021 qua-
2267 2973 2381 3012 non
2429 2956 2620 3012 solum
2670 2962 2757 3012 ter
2805 2962 2905 3012 aut
2953 2962 3178 3029 quater,
3215 2959 3320 3014 sed
3367 2957 3535 3013 etiam
3564 2953 3748 3011 centies
3771 2952 3843 3005 aut

512 3040 673 3099 litate
705 3043 937 3114 expiant
968 3043 1392 3098 contaminatas
1424 3042 1494 3096 ab
1528 3038 1814 3095 haereticis
1844 3038 2154 3106 ecclesias;
2267 3045 2480 3101 millies
2514 3046 2891 3101 committunt
2922 3046 3124 3101 eadem
3157 3046 3401 3114 scelera,
3448 3040 3843 3117 impmtermisse

514 3133 667 3204 quod
701 3132 880 3187 studii
912 3131 1093 3186 nostri
1121 3132 1231 3186 erit
1261 3131 1373 3186 alio
1405 3130 1529 3186 loco
1561 3133 1617 3185 et
1644 3128 2009 3184 evidentibus
2057 3128 2154 3183 de-
2266 3135 2615 3207 negotiando
2647 3136 2717 3190 de
2747 3134 2998 3207 Spiritus
3021 3134 3208 3190 sancti
3233 3136 3441 3208 gratia.
3475 3137 3599 3200 Quae
3628 3128 3838 3202 quamvis

512 3224 841 3277 monstrare
869 3220 1170 3293 exemplis.
2192 3216 2235 3282 C
2271 3223 2523 3295 graviter
2552 3223 2845 3295 punienda
2868 3223 2985 3278 sint
3015 3223 3072 3278 in
3091 3223 3480 3295 emptoribus,
3506 3221 3672 3278 multo
3697 3223 3841 3274 tamen

2271 3311 2506 3384 gravius
2537 3312 2594 3367 in
2618 3312 3041 3377 venditoribus,
3072 3312 3214 3384 quia
3247 3313 3439 3368 evenit
3467 3319 3841 3379 nonnunquam,

2273 3405 2337 3455 ut
2365 3404 2593 3472 emptor
2621 3401 2867 3457 emendo
2900 3401 3133 3456 nonnisi
3166 3401 3353 3457 semel
3402 3400 3697 3471 delinquat,
3738 3395 3840 3449 dum

2268 3490 2459 3544 denuo
2492 3489 2729 3545 cuilibet
2756 3491 3007 3545 vendere
3038 3491 3192 3561 quod
3230 3491 3523 3563 accepisse
3550 3490 3755 3560 putatur
3776 3496 3840 3535 re-

2267 3583 2451 3633 cusat.
2466 3578 2762 3634 Venditori
2787 3584 2980 3634 autem
2999 3596 3123 3650 quas
3146 3580 3340 3651 gratia
3362 3580 3629 3642 remanet,
3649 3577 3731 3629 aut
3748 3584 3839 3642 qua

2262 3664 2349 3721 ira
2371 3684 2483 3721 non
2508 3668 2798 3733 imminet,
2822 3668 2921 3739 qui
2947 3668 3224 3722 nonnnisi
3250 3668 3494 3723 vendere
3511 3660 3770 3722 solet?Sed
3789 3672 3839 3711 ne

2262 3756 2334 3811 de
2347 3755 2475 3811 aliis
2497 3760 2727 3812 tantum
2753 3756 3094 3819 sceleribus,
3117 3761 3174 3812 et
3196 3774 3314 3812 non
3342 3758 3413 3813 de
3434 3752 3729 3812 Simoniaca
3752 3747 3835 3802 haz-

2260 3844 2373 3899 resi
2403 3844 2622 3899 dictum
2638 3849 2895 3917 putetur,
2920 3846 3299 3901 attendamus
3317 3846 3454 3917 quid
3487 3845 3553 3900 de
3572 3836 3739 3903 Israel,
3763 3851 3835 3889 ει]-
3996 3882 3997 3917 ἦ

2249 3932 2832 4006 jusambitiointypo
2865 3933 3259 3989 hereticorum
3292 3950 3534 4006 regnum
3557 3925 3833 4001 bipertitum

2254 4021 2462 4089 effecit,
2494 4022 2565 4077 ab
2587 4023 2790 4077 eodem
2820 4022 3102 4094 propheta
3131 4022 3400 4091 dicatur;
3437 4027 3491 4078 et
3520 4019 3630 4076 sole
3672 4011 3834 4071 clarius

2254 4114 2526 4165 cernctur
2554 4110 2789 4165 illorum
2822 4111 2986 4181 prius
3031 4110 3356 4183 negotium,
3390 4128 3502 4183 quo
3534 4108 3709 4178 inique
3732 4115 3832 4155 ven-

2252 4200 2401 4254 dunt
2421 4204 2476 4254 et
2496 4199 2739 4255 alterum
2766 4216 2881 4271 quo
2904 4200 3016 4256 sibi
3038 4199 3271 4272 linguas
3288 4204 3685 4272 correptorum,
3704 4184 3830 4263 quasi

2252 4288 2691 4359 prophetarum,
2716 4287 2980 4360 iniquius
2999 4289 3320 4349 redimunt.
3341 4289 3438 4344 Ait
3457 4287 3602 4344 enim
3619 4301 3632 4340 :
3651 4275 3830 4337 Haedi-

589 3346 856 3400 Attamen
888 3349 946 3400 et
976 3344 1118 3399 illud
1148 3344 1382 3400 interim
1416 3344 1818 3399 consideretur
1847 3341 2001 3412 quod
2029 3345 2164 3396 ante

517 3432 770 3504 primam
825 3432 1218 3504 captivitatem
1264 3433 1374 3487 sub
1425 3431 1847 3498 sacerdotibus,
1892 3430 2161 3501 quamvis

516 3520 670 3577 male
718 3521 1067 3589 viventibus,
1101 3539 1205 3576 nec
1236 3521 1418 3575 altare
1465 3519 1714 3587 Domini,
1749 3536 1853 3574 nec
1886 3517 2159 3573 utensilia

513 3610 662 3681 ejus,
699 3609 962 3682 necignis
983 3609 1103 3665 sint
1126 3608 1355 3680 penitus
1375 3609 1663 3674 innovata,
1699 3609 1799 3663 sed
1823 3609 1893 3662 ab
1918 3605 2154 3663 idolola-

508 3699 632 3755 triae
682 3699 974 3766 sordibus,
1027 3698 1386 3771 reliquisque
1428 3696 2023 3753 contaminationibus
2053 3712 2155 3766 per

508 3804 719 3843 manus
749 3787 1146 3861 legitimorum
1172 3787 1540 3843 sacerdotum
1566 3785 1855 3856 solaaqua
1874 3783 2148 3856 expiatio-

505 3875 599 3932 nis
628 3876 954 3949 puriticata.
991 3878 1151 3943 Quod
1187 3893 1357 3932 secus
1389 3876 1603 3931 factum
1637 3891 1765 3930 esse
1807 3877 1937 3945 post
1974 3872 2150 3944 capti-

501 3963 739 4019 vitatem
772 3965 1073 4021 occasione
1091 3965 1396 4020 sacerdotii
1420 3963 1639 4019 venalis
1662 3979 1726 4017 su
1739 3960 1932 4034 perius
1949 3965 2145 4015 osten-

503 4051 684 4120 ditur,
720 4052 775 4107 in
810 4057 1037 4108 tantum
1058 4057 1123 4107 ut
1140 4053 1364 4124 lapides
1386 4069 1618 4125 quoque
1640 4050 1823 4108 sancti
1848 4050 2144 4122 quondam

503 4138 851 4195 altarisindc
867 4140 1072 4195 remoti
1092 4141 1231 4196 tueri
1245 4145 1322 4207 nt;
1344 4141 1612 4213 ignisque
1628 4156 1811 4195 novus
1829 4141 2144 4209 conceptus

501 4244 570 4284 ex
601 4227 797 4301 ignitis
830 4227 1330 4301 lapidibusl‘uitU!
1349 4232 1550 4285 Maax.
1573 4230 1648 4301 3),
1668 4246 1799 4283 cum
1825 4227 2143 4282 asacerdo-

497 4316 579 4373 tio
598 4321 787 4373 Aaron
801 4334 989 4389 usque
1012 4318 1080 4373 ad
1105 4319 1673 4390 perﬁdumJasonem
1694 4317 1845 4388 ignis
1868 4316 1940 4371 ab
1960 4315 2141 4371 altare
2252 4315 2519 4390 Ρσιςυξζυδιξ

496 4371 983 4463 ἱιοΙοέξώἐξιὸιλιίιῖ)⁷
1660 4371 2139 4461 abominandum
2248 4377 2327 4431 θίί
2356 4377 2677 4432 Dominus:
2707 4377 2894 4448 super
2921 4377 3111 4432 "ibus
3142 4378 3463 4435 sceleribus
3493 4371 3739 4474 Ῑεν⁸θ¹ιξ⁵ί
3762 4380 3831 4421 ³⁸³

494 4494 717 4550 idolum
741 4494 1115 4552 desolationis
1136 4514 1312 4569 super
1334 4495 1473 4550 illud
1509 4512 1710 4567 regum
1730 4495 2042 4566 quisquam
2065 4512 2135 4547 (Β-
2381 4469 2630 4569 (Ῑξξθίυοτ
2661 4483 2773 4569 ξ¹⁰¹ξ
2811 4471 3140 4569 θῨηνθΓίξΠΠ
3166 4483 3328 4533 θυῖον
3362 4483 3466 4539 Pro
3495 4480 3558 4521 eo
3577 4458 3830 4569 αξξίξξῘ-Ϊῗ

495 4548 837 4641 genere;
856 4548 1011 4650 ’ρέιέ
1025 4548 1239 4641 ’ὶξςὶῖξῖ
1243 4548 1369 4656 31...;
1410 4548 1804 4641 sensura,
1848 4548 2054 4639 altaris
2084 4589 2141 4638 et
2172 4583 2217 4648 ι)
2248 4554 2459 4656 sideri?
2484 4559 2722 4627 τινεθηίο
2740 4555 2969 4656 laetum
2986 4559 3060 4656 ft
3081 4572 3399 4656 ρεξυρενθιῃ
3426 4570 3524 4627 rw
3541 4548 3829 4656 σεξοεῖῗιῇἶῗ·

2248 4642 2344 4708 tis,
2396 4647 2451 4697 et
2486 4659 2664 4713 super
2695 4644 3057 4699 vestimentis
3108 4644 3433 4716 pigneratis
3473 4630 3825 4697 accubuerunt.

2237 4731 2408 4802 juxta
2440 4748 2612 4786 omne
2643 4730 2843 4797 altare,
2868 4736 2921 4786 et
2943 4731 3143 4786 vinum
3176 4732 3579 4787 damnatorum
3605 4718 3826 4780 bibebant

2244 4818 2305 4873 in
2336 4820 2509 4873 domo
2532 4819 2631 4875 Dei
2653 4819 2742 4872 sui
2775 4820 2988 4890 (417105,
3022 4822 3090 4883 II,
3126 4820 3179 4884 4,
3211 4820 3289 4887 8).
3327 4824 3393 4875 Et
3422 4812 3676 4874 suscitari
3702 4810 3757 4864 de
3781 4802 3825 4857 ﬁ-

2241 4904 2336 4960 liis
2366 4908 2574 4962 vestris
2599 4906 2657 4961 in
2690 4907 3021 4979 prephetas,
3056 4911 3114 4962 et
3146 4908 3217 4963 de
3239 4906 3553 4977 juvenibus
3578 4895 3755 4957 vestris
3781 4891 3819 4945 in

2237 4993 2557 5059 Nazarzros,
2590 5001 2649 5050 et
2669 4995 3072 5067 prepinabatis
3096 4996 3384 5052 Nazaraeis
3414 4996 3626 5058 vinum,
3652 4992 3699 5044 et
3721 4996 3819 5056 Pm‘

2237 5083 2431 5155 pbetis
2462 5083 2784 5153 minabitis,
2830 5084 3090 5140 dicentes
3122 5101 3137 5139 :
3171 5085 3253 5140 Ne
3294 5080 3637 5157 prophetetis
3675 5068 3817 5146 (Ibide

2240 5172 2471 5241 11,12).
2513 5195 2541 5223 ››
3565 5180 3574 5189 ’

489 4673 691 4749 templi
717 4692 817 4746 per
834 4674 1055 4746 aliquot
1076 4675 1370 4747 legitimos
1387 4675 1738 4741 sacerdotes,
1765 4673 1955 4745 qualis
1972 4672 2135 4728 Chri-

490 4763 565 4818 sti
582 4763 958 4835 praecursoris
976 4764 1539 4836 genitorZacharias,
1553 4764 1728 4819 etiam
1744 4766 2019 4834 regnante
2034 4762 2136 4816 He-

488 4850 647 4915 rode,
681 4849 919 4921 exstitit,
954 4858 1292 4908 consccrata
1342 4853 1469 4921 fuit,
1503 4853 1706 4919 donec,
1745 4853 1871 4923 jam
1927 4849 2132 4922 praedi-

486 4942 651 4993 cante
675 4936 921 4993 Domino
946 4944 1141 4996 nostro
1162 4943 1294 4997 Jesu
1319 4942 1567 5005 Christo,
1590 4943 1787 4996 Annus
1808 4944 1863 4995 et
1884 4938 2131 5010 Caiphas

484 5043 601 5082 non
634 5023 825 5081 solum
857 5028 1077 5095 venale,
1110 5030 1211 5085 sed
1241 5035 1299 5085 et
1321 5030 1572 5085 annuale
1603 5028 1991 5086 sacerdotium
2024 5045 2131 5083 sua

483 5114 801 5173 ambitione
832 5120 889 5171 et
928 5118 1175 5188 pecunia
1206 5137 1447 5190 prorsus
1479 5119 1811 5175 effecerunt.
1868 5117 2125 5182 Quorum

480 5204 690 5277 suique
720 5202 1007 5260 similium
1040 5206 1268 5277 negotio
1300 5209 1509 5264 domus
1541 5207 1818 5263 orationis
1850 5205 2126 5278 spelunca
2243 5202 2325 5241 “’
2364 5202 2471 5240 κί’
2513 5202 2541 5223 "
2865 5242 3092 5298 CAPUT
3141 5244 3235 5299 xx

477 5294 774 5393 latronum
820 5294 1003 5366 (Math.
1056 5314 1173 5361 xxx,
1212 5298 1298 5366 13)
1341 5298 1527 5352 fuerat
1569 5298 1737 5359 facta,
1770 5299 2125 5367 protestante

2253 5315 2309 5369 De
2346 5315 2594 5386 periculo
2636 5294 2979 5393 sacerdotum:
3011 5294 3081 5393 ξῐ
3108 5294 3521 5393 iridiipiplinata
3574 5304 3816 5366 ambitione

478 5382 746 5447 Domino,
765 5399 911 5453 quos
926 5384 1099 5455 paulo
1118 5391 1245 5457 post
1268 5386 1323 5439 in
1347 5403 1515 5441 cruce
1536 5390 1816 5456 tanquam
1835 5386 1887 5438 in
1914 5385 2123 5439 throno
2346 5382 2361 5386 ⁷
2801 5387 2975 5440 nostri
3028 5382 3310 5459 temporis.

476 5468 793 5543 pontiﬁcali
826 5456 1464 5546 exaltutusidzmnavit,
1496 5479 1552 5528 et
1596 5472 2123 5544 i'rrecupcrabiliter
2301 5475 2406 5529 Sed
2459 5492 2561 5542 vae,
2593 5491 2675 5529 vae
2710 5473 2879 5530 nobis
2929 5456 3332 5531 sacerdotibus
3362 5480 3417 5530 et
3446 5468 3669 5532 clericis,
3707 5456 3812 5531 quia

473 5560 768 5637 deposuit,
794 5558 955 5632 dum,
978 5564 1101 5618 velo
1126 5564 1324 5635 templi
1350 5581 1402 5618 a~
1428 5579 1627 5617 nmmo
1648 5562 2119 5632 usquedcorsum
2230 5580 2335 5619 nos
2370 5563 2477 5635 ipsi
2512 5562 2823 5618 audacium
2848 5566 2899 5618 et
2919 5562 3182 5635 gladium
3206 5564 3279 5620 ad
3308 5554 3740 5636 prmsumendum
3768 5546 3810 5597 et

471 5665 574 5723 per
604 5651 863 5707 medium
888 5653 1069 5709 scisso
1095 5654 1277 5725 (Statii.
1317 5669 1485 5720 xxvu,
1518 5650 1629 5722 5|),
1664 5650 1858 5706 omnia
1886 5650 2116 5709 illorum
2228 5652 2621 5709 invadendum
2638 5641 3806 5710 ecclesiasticasubministramuslaicis(ll!a3
