4106 6178
287 332 447 408 H77

877 340 1291 408 ADVERSUS
1335 342 1802 411 SIMUNIACOS
1844 343 2055 408 LIBRI
2097 345 2322 409 TRES.
2358 376 2437 395 —-
2467 349 2700 412 LIBER
2741 349 3101 415 TERTIUS.

3539 354 3694 415 1178

289 473 536 549 angelus
566 471 1164 533 Dominiexercituum
1185 482 1276 534 est
1292 476 1446 550 (Mal.
1468 495 1529 546 ιι,
1555 478 1632 550 7).
1656 500 1682 527 ››
1711 478 1782 534 Et
1802 493 1933 550 spe-
1968 484 2018 550 Α
2052 478 2293 548 rientur,
2311 479 2360 536 si
2382 480 2770 540 velintrantes
2785 483 3227 540 tabernaculum
3242 484 3696 553 Dei,velexeun-

288 564 519 623 culator
550 565 723 621 datus
758 583 792 621 a
820 566 1065 622 Domino
1096 567 1297 623 domui
1328 566 1525 623 Israel.
1573 569 1611 622 Α
1643 568 1812 637 cujus
1842 582 1940 622 ore

288 654 896 726 requireturdoctrina
916 659 972 709 et
992 655 1334 729 increpatio,
1360 655 1474 711 nisi
1508 654 1941 711 annuntiaverit

279 744 448 816 jucto
470 759 543 798 ne
565 746 781 815 peccet,
814 746 990 815 atque
1018 742 1242 815 injuste
1274 749 1339 799 ut
1360 748 1733 799 convertatur
1756 762 1769 811 ;
1803 760 1939 798 san-

287 831 424 905 guis
454 830 761 887 amborum
794 830 864 887 de
896 848 1073 887 manu
1105 832 1319 904 linguae
1351 831 1511 887 illius
1551 831 1900 903 requiratur.

361 919 489 984 Qua
517 918 1024 977 animadversione
1055 920 1105 975 si
1139 920 1432 977 feriuntur
1452 920 1608 976 labia
1629 938 1697 976 ex
1712 918 1838 976 solo
1861 918 1940 974 si-

287 1007 470 1064 lentio
502 1006 725 1079 iniqua,
757 1025 875 1081 qua
904 1014 1078 1081 putas
1108 1009 1391 1065 ferientur
1411 1009 1612 1066 dolosa
1641 1027 1790 1082 quae,
1823 1028 1937 1067 non

289 1096 484 1154 solum
517 1097 759 1153 reticent
789 1113 966 1169 quam
1000 1099 1290 1170 corripere
1325 1099 1613 1171 jubentur
1660 1098 1939 1171 iniquita-

289 1189 430 1252 tem,
466 1186 567 1241 sed
599 1185 841 1258 insuper
863 1186 1197 1243 mentiendo
1227 1186 1494 1244 laborant
1533 1190 1837 1244 ostendere
1866 1206 1937 1242 a3-

289 1274 578 1347 quitatem
602 1272 630 1327 ?
660 1274 844 1344 Unde,
870 1296 897 1324 ‹‹
925 1274 1019 1329 Vae
1041 1276 1206 1332 vobis
1225 1276 1325 1348 qui
1346 1276 1541 1332 dicitis
1571 1277 1789 1332 bonum
1818 1294 1941 1332 ma-

288 1363 438 1429 lum,
469 1366 526 1418 et
555 1361 778 1418 malum
801 1364 1042 1430 bonum,
1067 1370 1349 1436 ponentes
1373 1364 1869 1433 tenebraslucem,
1888 1370 1944 1421 et

288 1451 480 1507 lucem
511 1452 806 1519 tenebras,
838 1456 1122 1525 ponentes
1158 1470 1426 1509 amarum
1462 1453 1630 1510 dulce
1676 1458 1731 1510 et
1775 1453 1944 1510 dulce

290 1556 582 1597 amarum.
605 1540 700 1595 Vas
722 1542 822 1613 qui
855 1542 1149 1613 sapientes
1170 1543 1312 1598 estis
1333 1541 1391 1597 in
1424 1542 1611 1599 oculis
1631 1542 1861 1611 vestris,
1885 1548 1943 1599 et

287 1645 486 1685 coram
516 1628 950 1701 vobismetipsis
971 1631 1291 1703 prudentes
1315 1647 1327 1686 :
1351 1631 1449 1703 qui
1465 1631 1806 1703 justiﬁcatis
1830 1631 1940 1687 im-

286 1716 453 1791 pium
484 1734 590 1789 pro
621 1718 967 1775 muneribus
995 1723 1053 1775 et
1073 1719 1371 1791 justitiam
1392 1720 1543 1791 justi
1597 1720 1837 1777 aufertis
1868 1721 1940 1776 ab

289 1822 357 1863 eo
389 1806 514 1878 (lsa.
545 1823 602 1877 v,
634 1809 727 1876 20,
756 1807 871 1879 23).
906 1829 936 1858 »
967 1808 1076 1873 Qui
1101 1808 1279 1874 enim,
1313 1812 1377 1863 ut
1407 1808 1489 1863 ait
1519 1809 1817 1877 Salomon,
1853 1810 1939 1865 di-

301 1894 380 1950 cit
402 1893 582 1966 impio
617 1912 630 1949 :
690 1894 899 1951 Justus
930 1912 1013 1964 es,
1048 1895 1399 1953 maledicent
1422 1898 1472 1954 ei
1506 1896 1728 1970 populi,
1760 1901 1818 1954 et
1849 1898 1944 1953 de-

282 1983 659 2040 testabantur
702 2000 837 2040 eum
889 1984 1102 2040 tribus.
1136 1985 1290 2049 Quos
1322 1986 1606 2058 propheta
1652 1987 1941 2042 cavendos

286 2071 667 2140 denuntians,
701 2071 782 2128 ait
816 2090 829 2128 :
858 2095 885 2123 «
914 2073 1131 2145 Populo
1161 2090 1348 2140 meus,
1382 2076 1483 2146 qui
1507 2076 1743 2131 beatum
1777 2080 1829 2131 te
1860 2075 1942 2130 di-

286 2164 450 2225 cunt,
484 2159 595 2233 ipsi
621 2164 678 2216 te
711 2161 1032 2234 decipiunt,
1066 2167 1124 2217 et
1153 2163 1306 2218 viam
1347 2180 1659 2235 gressuum
1703 2168 1940 2219 tuorum

286 2247 595 2321 dissipant.
632 2249 759 2304 Stat
788 2249 860 2305 ad
881 2249 1275 2320 judicandum
1308 2252 1615 2319 Dominus,
1638 2257 1694 2308 et
1723 2256 1840 2308 stat
1867 2253 1939 2307 ad

276 2336 673 2408 judicandum
704 2338 975 2411 populos.
1008 2339 1293 2395 Dominus
1324 2340 1397 2396 ad
1431 2341 1722 2412 judicium
1752 2342 1944 2397 veniet

286 2441 423 2481 cum
471 2425 711 2482 senibus
753 2425 954 2499 pepuli
1003 2427 1095 2484 sui
1139 2432 1196 2483 et
1236 2427 1599 2501 principibus
1644 2431 1792 2501 ejus.
1824 2430 1942 2486 Vos

285 2514 444 2569 enim
465 2514 692 2586 depasti
724 2514 867 2571 estis
897 2515 1128 2571 vineam
1159 2532 1375 2586 meam,
1400 2520 1459 2572 et
1492 2517 1700 2589 rapina
1721 2534 1939 2589 paupe-

285 2601 371 2658 ris
402 2602 461 2658 in
481 2603 653 2659 domo
669 2607 864 2659 vestra
885 2606 1014 2677 (Isa.
1041 2622 1127 2676 ιιι,
1157 2606 1367 2677 12-14).
1394 2627 1422 2654 ››
1454 2606 1616 2671 Quod
1648 2607 1941 2678 nequissi-

287 2708 454 2749 mum
495 2691 847 2748 adulationis
877 2693 1086 2749 vitium
1117 2710 1355 2751 necesse
1384 2699 1475 2751 est
1504 2699 1667 2751 tanto
1712 2695 1942 2751 animo-

287 2780 416 2837 sius
434 2782 812 2851 insectemur,
843 2787 1060 2855 quanto
1078 2783 1466 2855 perniciosius
1498 2784 1774 2841 omnibus
1798 2801 1943 2857 pene

285 2869 448 2926 vitiis
470 2869 876 2943 intelligimus.
901 2872 1101 2943 Ipsum
1122 2872 1278 2928 enim
1312 2873 1732 2929 sacerdotalem
1753 2877 1945 2930 aucto-

285 2959 544 3027 ritatem,
577 2960 775 3032 ipsum
806 2960 1062 3031 regalem
1095 2964 1442 3035 potestatem
1490 2966 1547 3018 et
1595 2963 1942 3019 modestiam

282 3048 557 3116 destruit,
604 3049 821 3121 ipsum,
854 3066 927 3105 ne
957 3049 1073 3105 Deo
1105 3054 1162 3106 et
1198 3051 1539 3106 hominibus
1582 3052 1779 3107 debita
1808 3052 1942 3107 red-

283 3137 522 3205 dantur,
546 3137 752 3210 fasque
774 3138 1054 3211 nefasque
1072 3139 1397 3196 confundit.
1426 3138 1707 3195 Adulator
1726 3138 1943 3212 quippe

1973 1857 2019 1922 B

2049 570 2137 623 tes
2168 568 2237 623 de
2266 586 2329 625 se
2360 571 2613 628 sonitum
2639 590 2751 628 non
2776 573 3561 634 reddiderint.Nihilominus
3585 580 3693 635 mi-

2051 656 2221 713 nistri
2255 659 2471 716 diaboli
2489 662 2725 734 parasiti
2751 667 2806 717 et
2828 662 3197 735 ventriloqui,
3222 666 3589 737 maximeque
3608 685 3696 723 er-

2050 745 2208 801 ronei
2242 748 2433 803 clerici
2465 750 2733 805 desinant
2763 751 3085 821 majoribus
3104 752 3190 807 vel
3222 754 3549 810 minoribus
3574 756 3698 811 suis

2051 834 2298 906 placere,
2319 838 2458 893 dum
2481 839 2672 894 favent
2690 840 3257 897 malisetdctrahunt
3278 845 3466 903 bonis.
3490 844 3577 901 Illi
3607 845 3696 901 lo-

2051 924 2151 996 qui
2188 935 2564 999 prmsumant,
2596 929 2693 984 isti
2725 934 2911 985 tacere
2942 930 3190 986 discant.
3236 932 3507 1005 Alioquin
3544 957 3571 986 ‹‹
3604 936 3701 991 de-

2051 1014 2263 1070 solabit
2284 1016 2567 1073 Dominus
2599 1018 2860 1090 linguam
2885 1020 3064 1075 maris
3084 1021 3311 1093 Egypti
3334 1026 3467 1090 (Isai
3488 1042 3548 1085 ιι.
3586 1025 3696 1095 15),

2049 1107 2107 1159 et
2135 1110 2307 1159 erunt
2337 1106 2434 1176 qui
2469 1106 2804 1163 beatificant
2833 1109 3199 1174 scducentes,
3231 1115 3288 1167 et
3316 1112 3414 1183 qui
3467 1113 3696 1168 beatiﬁ-

2050 1198 2259 1248 cantur
2280 1196 2621 1267 pravcipitati
2647 1200 2778 1263 (Isai
2808 1199 3010 1270 1x,l(i).
3036 1222 3062 1247 ››
3084 1202 3341 1266 Quorum
3374 1202 3693 1272 nequitiam

2051 1287 2107 1337 et
2121 1283 2484 1353 pmuamPsal
2497 1302 2549 1340 ιιι
2561 1286 2670 1341 ista
2682 1287 2738 1341 in
2751 1291 3181 1360 trausgrcssore
3194 1289 3421 1361 psalmo
3436 1290 3449 1344 i
3462 1290 3692 1359 ntimat,

2052 1373 2255 1428 dicens
2288 1391 2301 1429 :
2338 1396 2364 1423 ‹‹
2397 1374 2560 1429 Vana
2590 1374 2766 1431 locuti
2798 1382 2935 1432 sunt
2965 1379 3374 1450 unusquisque
3404 1380 3475 1433 ad
3508 1381 3698 1451 proxi-

2052 1479 2215 1517 mum
2247 1480 2445 1529 suum,
2463 1463 2616 1519 labia
2642 1465 2915 1521 dolosain
2940 1467 3112 1522 corde
3133 1472 3189 1522 et
3212 1485 3309 1523 ore
3328 1468 3505 1524 locuti
3536 1475 3693 1525 sunt.

2052 1551 2359 1621 Disperdat
2388 1552 2672 1609 Dominus
2688 1556 2958 1611 universa
2972 1555 3127 1611 labia
3147 1556 3349 1612 dolosa
3364 1557 3697 1632 etlinguam

2051 1639 2511 1713 magniloquam.
2532 1643 2961 1713 Quildixerunt:
2989 1645 3269 1717 Linguam
3288 1650 3549 1702 nostram
3574 1664 3697 1705 ma-

2048 1728 2481 1800 gnificabimus,
2514 1729 2668 1786 labia
2690 1736 2890 1787 nostra
2919 1750 2952 1787 a
2982 1733 3151 1789 nobis
3181 1739 3346 1801 sunt,
3396 1736 3530 1808 quis
3560 1754 3695 1794 nos-

2048 1823 2137 1873 ter
2166 1818 2452 1874 Dominus
2481 1820 2803 1891 est?(Psal.
2836 1839 2913 1888 ιιι,
2936 1824 2990 1888 3,
3020 1823 3103 1894 5.)
3127 1845 3154 1872 ››
3178 1824 3491 1896 Sicutergo
3513 1825 3697 1881 male-

2048 1906 2241 1963 dictus
2255 1907 2355 1979 qui
2379 1908 2647 1979 prohibet
2666 1909 2927 1981 gladium
2951 1928 3127 1967 suum
3150 1930 3183 1967 a
3204 1913 3510 1985 sanguine,
3537 1914 3620 1969 sic
3641 1917 3698 1970 et

2052 1996 2195 2051 vaaei
2214 1998 2313 2068 qui
2336 1996 2513 2053 lactat
2536 1998 2792 2053 amicum
2812 2016 3010 2067 suum,
3032 2005 3090 2056 et
3106 2001 3267 2057 ducit
3282 2003 3372 2056 via
3387 2020 3501 2058 non
3522 2003 3692 2058 bona!

2048 2087 2430 2158 Quapropter,
2467 2089 2813 2143 admonente
2832 2090 3133 2160 propheta,
3164 2090 3365 2162 lingua
3387 2092 3693 2149 balborum

2047 2174 2321 2230 velociter
2347 2175 2623 2247 loquatur
2652 2179 2788 2245 (lsai
2813 2195 2989 2245 xxxn,
3024 2180 3076 2248 4)
3101 2178 3376 2251 ;etplane
3395 2185 3571 2254 atque
3600 2199 3698 2237 cor

2052 2263 2300 2320 stultum
2334 2263 2623 2337 intelligat
2640 2266 2967 2335 scientiam,
2992 2272 3050 2323 et
3071 2268 3436 2326 mutilatores
3465 2270 3699 2326 discant

2048 2351 2259 2425 legem,
2294 2369 2365 2409 ne
2391 2353 2538 2409 forte
2568 2353 2675 2421 illi,
2724 2357 2879 2426 quod
2916 2356 3103 2412 absit!
3139 2357 3411 2413 divisioni
3462 2375 3588 2430 quae
3636 2359 3697 2414 in

2049 2442 2235 2498 Deum
2267 2458 2380 2499 non
2401 2443 2576 2511 cadit,
2599 2445 2843 2500 tacendo
2860 2446 3313 2514 consentientes,
3345 2451 3403 2501 et
3432 2446 3530 2502 isti
3562 2448 3701 2502 adu-

2048 2529 2223 2586 lando
2254 2530 2592 2587 insistentes
2621 2536 2680 2588 et
2708 2534 2985 2605 faventes,
3018 2552 3051 2590 a
3083 2540 3194 2591 Deo
3227 2540 3291 2591 ut
3339 2535 3697 2592 schismatici

2050 2627 2107 2677 et
2135 2621 2388 2677 hesretici
2421 2622 2756 2677 dividantur
2802 2624 3035 2695 pariter.
3088 2625 3491 2682 Indubitanter
3540 2627 3699 2682 enim

2050 2710 2311 2767 schisma
2338 2710 2425 2766 vel
2456 2711 2697 2767 haeresis
2730 2716 2819 2767 est
2851 2718 3027 2768 Deum
3072 2717 3129 2769 et
3157 2730 3296 2769 suos
3333 2715 3406 2769 ab
3449 2714 3697 2773 invicem

2052 2800 2248 2855 conari
2269 2799 2547 2865 dividere,
2565 2800 2733 2856 beato
2756 2800 2933 2856 Paulo
2946 2801 3260 2856 Corinthiis
3281 2802 3366 2857 sic
3384 2807 3702 2875 proteslan-

2054 2892 2110 2943 te
2144 2905 2157 2943 :
2195 2888 2446 2943 Obsecro
2477 2905 2598 2954 vos,
2630 2889 2835 2945 fratres
2864 2906 2967 2961 per
2996 2907 3208 2946 nomen
3240 2890 3471 2947 Domini
3515 2893 3697 2948 nostri

2050 2977 2191 3032 Jesu
2223 2976 2460 3042 Christi,
2498 2980 2561 3031 ut
2580 2976 2840 3049 idipsum
2881 2978 3087 3033 dicatis
3120 2996 3314 3048 omne,
3347 2983 3405 3035 et
3435 2997 3548 3036 non
3584 2982 3703 3038 sint
3804 2972 3811 2979 ’

2052 3064 2109 3119 in
2138 3064 2300 3120 vobis
2330 3064 2670 3121 schismata.
2706 3066 2847 3121 Sitis
2890 3070 3087 3121 autem
3121 3068 3353 3138 perfecti
3403 3068 3462 3123 in
3493 3070 3698 3125 eodem

2052 3170 2225 3208 sensu
2259 3157 2317 3209 et
2348 3152 2405 3208 in
2437 3154 2639 3209 eadem
2672 3154 2933 3210 scicntia.
2988 3155 3390 3227 Signiﬁcatum
3425 3160 3514 3213 est
3541 3158 3696 3213 enim

282 3224 540 3316 διειοάοβ
560 3225 836 3283 immicus
859 3232 967 3296 θεῖ»
990 3228 1264 3306 Ρθτᾶυνρε
1286 3228 1675 3300 Principibus:
1697 3228 1935 3300 qUibUS.
1968 3226 2011 3292 C
2052 3242 2195 3299 mihi
2217 3243 2289 3297 de
2319 3243 2503 3313 vobis,
2536 3243 2744 3298 fratres
2775 3243 2911 3309 mei,
2935 3244 3007 3299 ab
3034 3224 3128 3300 his
3158 3245 3259 3316 qui
3298 3249 3440 3300 sunt
3469 3244 3697 3309 Cbloes,

283 3318 492 3371 contra
501 3315 926 3387 jusjurandum
949 3334 1145 3385 suum,
1168 3316 1423 3374 infidelis
1440 3321 1548 3385 est,
1573 3334 1707 3373 cum
1729 3318 1814 3374 eis
1836 3322 1939 3373 aut

283 3402 449 3459 mala
475 3420 645 3478 agere
674 3406 903 3472 suadet,
935 3411 1039 3462 aut
1058 3410 1186 3462 acta
1214 3406 1481 3480 improbo
1514 3408 1708 3462 favore
1750 3407 1934 3478 effert,

282 3496 354 3548 ut
386 3488 817 3565 impaznitentes
852 3494 1007 3551 viam
1055 3494 1166 3551 sibi
1198 3494 1257 3549 in
1296 3496 1490 3552 futuro
1522 3496 1935 3566 thesaurizeat,

282 3582 827 3655 perniciosissimus
849 3584 1104 3657 populis,
1127 3601 1274 3657 quos
1297 3601 1402 3641 nec
1433 3602 1635 3657 sapere
1656 3602 1762 3641 nec
1793 3586 1937 3642 resi-

281 3671 510 3744 piscere
540 3672 845 3744 permittit,
879 3674 1102 3730 invisus
1132 3674 1267 3741 Deo,
1300 3678 1502 3731 contra
1527 3691 1702 3747 quem
1732 3675 1938 3731 efficax

281 3759 524 3829 adjutor
546 3759 761 3817 diaboli
788 3780 822 3817 a
851 3762 1020 3818 bonis
1042 3779 1329 3831 revocare,
1362 3767 1419 3819 et
1448 3764 1518 3819 ad
1544 3762 1702 3819 mala
1730 3780 1935 3835 provo-

279 3863 415 3903 care
465 3847 734 3906 homines
781 3849 1022 3906 insistit.
1073 3850 1236 3908 Unde
1266 3852 1615 3909 venerabilis
1664 3857 1936 3925 Prosper,

277 3954 459 4010 prosa
489 3944 792 4011 metroque
807 3939 1080 4005 eximius,
1113 3940 1194 3995 ait
1214 3940 1285 3995 de
1317 3940 1530 3997 talibus
1564 3959 1576 3997 :
1615 3962 1643 3991 «
1672 3940 1937 3997 Adulan-

277 4024 432 4082 tium
463 4026 679 4100 linguae
710 4027 957 4101 alligant
985 4028 1215 4085 animas
1238 4030 1297 4084 in
1328 4030 1600 4102 peccatis.
1640 4029 1936 4087 Delectan-

277 4118 380 4171 tur
406 4115 565 4173 enim
588 4134 656 4173 ea
687 4118 877 4175 facere
900 4119 961 4174 in
983 4118 1202 4191 quibus
1225 4134 1338 4173 non
1364 4118 1556 4174 solum
1580 4135 1694 4174 non
1727 4118 1937 4174 metui-

277 4207 380 4260 tur
406 4205 815 4278 reprehensor,
843 4208 944 4264 sed
979 4206 1155 4263 etiam
1187 4206 1454 4263 laudator
1487 4208 1744 4264 auditur.
1775 4229 1803 4257 ››
1827 4208 1937 4264 Cu-

270 4292 379 4365 jus
410 4294 778 4367 epigramma
808 4295 922 4352 tale
946 4304 1032 4353 est
1068 4313 1080 4350 :

343 4409 552 4474 Lingua
574 4411 899 4474 assentatrix
931 4411 1116 4461 vitium
1153 4410 1422 4474 peccantis
1451 4415 1663 4460 acervat

410 4471 475 4537 Et
503 4471 822 4537 delectatum
852 4474 1094 4531 crimine,
1125 4471 1282 4524 laude
1313 4473 1440 4537 ligat

344 4534 503 4598 Nulla
532 4535 600 4598 sit
628 4540 688 4585 ut
714 4535 863 4598 lapso
893 4537 1209 4598 reparanda:
1239 4534 1375 4584 aura
1394 4534 1595 4592 salutis,

414 4597 685 4648 Blanditur
715 4597 858 4648 sonti
887 4597 1015 4649 dum
1056 4599 1390 4649 malesuasus
1419 4598 1594 4647 honor

346 4659 540 4725 Littera
563 4661 631 4710 sit
655 4662 837 4725 potius
864 4675 970 4711 vox
998 4662 1319 4725 correptoris
1350 4660 1527 4725 amici,

410 4721 633 4785 Serpere
660 4721 765 4773 nec
793 4724 938 4773 ﬁbris
968 4737 1109 4774 caeca
1146 4721 1355 4773 venena
1384 4723 1527 4771 sinat

340 4783 452 4849 Nec
480 4783 932 4849 credensmedici
962 4787 1142 4837 verbis
1169 4786 1445 4836 fallacibus
1473 4797 1630 4849 aeger,

407 4847 574 4897 Noxia
602 4848 830 4900 laudatae
858 4849 1084 4899 vulnera
1110 4850 1275 4913 pestis
1305 4852 1464 4899 amet.

865 4956 1103 5012 CAPUT
1148 4956 1344 5012 XXIII.

271 5043 355 5099 De
396 5044 641 5115 periculo
683 5046 829 5102 male
874 5047 1173 5102 iacentium
1219 5044 1560 5101 sacerdotum
1595 5047 1649 5100 et
1678 5044 1821 5099 male
1852 5044 1930 5099 lo-

347 5117 656 5187 quentium,
715 5121 769 5173 et
820 5117 887 5174 de
940 5117 1231 5173 individua
1267 5119 1474 5174 unitate
1519 5116 1835 5172 divinitatis
1881 5119 1933 5171 et

347 5202 598 5243 suorum.

350 5293 553 5366 Itaque
582 5294 702 5352 haec
732 5298 790 5352 et
809 5295 1151 5367 hujusmodi
1173 5292 1613 5368 quamplurima
1644 5292 1935 5366 patienter

273 5382 619 5455 audiantur,
648 5388 821 5457 atque
847 5387 1108 5455 tandem,
1142 5386 1192 5441 si
1222 5401 1391 5442 suam
1413 5384 1781 5454 alienamque
1812 5399 1937 5455 per-

273 5470 562 5529 ditionem
582 5474 795 5531 evitare
815 5479 1025 5531 curant
1039 5474 1293 5531 ministri
1325 5473 1561 5542 Christi,
1595 5476 1652 5528 et
1681 5472 1934 5528 maxime

275 5561 639 5635 sacerdotes,
672 5580 779 5621 seu
810 5564 1021 5620 timore
1050 5580 1153 5620 seu
1186 5579 1381 5620 amore
1411 5563 1671 5618 humano
1692 5566 1936 5617 caveant

276 5666 402 5710 non
436 5649 629 5711 solum
656 5652 850 5724 malis,
875 5654 977 5712 sed
1000 5657 1059 5713 et
1087 5652 1255 5711 bonis
1284 5657 1495 5721 tacere,
1520 5651 1779 5725 alioquin
1809 5667 1932 5709 mo-

2045 3333 2186 3407 quia
2214 3331 2614 3387 contentiones
2646 3332 2797 3387 inter
2824 3350 2925 3389 vos
2968 3338 3124 3388 sunt.
3160 3334 3276 3389 Hoc
3319 3338 3517 3389 autem
3547 3333 3697 3401 dico,

2046 3426 2200 3498 quod
2235 3424 2643 3497 unusquisque
2675 3426 2931 3479 vestrum
2960 3424 3135 3479 dicit:
3162 3424 3278 3495 Ego
3296 3423 3533 3495 quidem
3565 3439 3699 3478 sum

2047 3513 2232 3579 Pauli,
2262 3531 2367 3586 ego
2406 3517 2601 3568 autem
2629 3512 2852 3586 Apollo,
2881 3530 2986 3583 ego
3028 3529 3161 3568 vero
3192 3512 3417 3584 Cephea,
3450 3528 3559 3584 ego
3590 3529 3699 3567 au-

2048 3607 2166 3659 tem
2196 3602 2435 3658 Christi.
2471 3601 2710 3659 Divisus
2741 3608 2829 3658 est
2860 3603 3127 3658 Christus
3150 3603 3177 3657 ‘I
3209 3624 3237 3651 ››
3271 3603 3317 3672 (ι
3347 3601 3469 3658 Cor.
3518 3601 3568 3668 Ι,
3604 3602 3698 3656 10-

2050 3692 2161 3763 13.)
2190 3691 2553 3747 Subauditur
2588 3707 2601 3745 :
2638 3690 2904 3746 minime.

2117 3780 2298 3836 Aliter
2314 3780 2468 3835 enim
2489 3779 2589 3834 illa
2610 3779 3122 3851 ejusoratio,quod
3138 3777 3307 3833 absit!
3335 3778 3701 3835 infructuosa
3784 3800 3799 3805 ν

2047 3868 2174 3937 erit,
2208 3886 2383 3941 quam
2416 3868 2532 3923 Deo
2565 3867 2718 3923 Patri
2750 3868 2821 3922 ad
2857 3867 3188 3939 passionem
3222 3865 3350 3921 iens
3383 3865 3555 3935 fudit,
3596 3867 3695 3921 ubi

2046 3958 2197 4014 inter
2226 3957 2340 4013 alia
2368 3957 2514 4023 suis,
2544 3956 2796 4011 maxime
2826 3960 2891 4009 ut
2921 3971 3105 4010 unum
3126 3958 3323 4011 essent
3352 3954 3411 4010 in
3446 3953 3566 4023 illo,
3599 3964 3697 4011 de-

2046 4047 2322 4119 poscebat
2352 4045 2585 4100 dicens:
2615 4067 2635 4093 ιι
2664 4044 2777 4117 Ego
2806 4044 2938 4099 dedi
2957 4043 3042 4100 eis
3063 4059 3393 4100 sermonem
3420 4048 3612 4115 tuum,
3643 4049 3701 4101 et

2048 4136 2306 4190 mundus
2335 4150 2433 4190 eos
2464 4132 2598 4189 odio
2622 4132 2846 4200 habuit,
2880 4133 3020 4205 quia
3050 4149 3164 4189 non
3198 4137 3336 4189 sunt
3357 4134 3429 4189 de
3451 4135 3695 4200 mundo,

2047 4223 2200 4281 sicut
2231 4226 2288 4279 et
2315 4238 2420 4295 ego
2451 4238 2567 4278 non
2600 4239 2732 4279 sum
2764 4223 2835 4279 de
2857 4224 3097 4279 mundo.
3127 4223 3252 4278 Non
3274 4239 3414 4297 rogo
3437 4228 3503 4279 ut
3523 4223 3697 4280 tollas

2046 4330 2144 4369 eos
2167 4313 2236 4368 de
2269 4313 2510 4380 mundo,
2536 4313 2635 4368 sed
2662 4316 2725 4367 ut
2745 4327 2939 4369 serves
2958 4329 3057 4369 eos
3079 4329 3147 4368 ex
3168 4312 3342 4368 malo.
3375 4317 3452 4367 De
3476 4314 3696 4367 mundo

2047 4419 2163 4457 non
2195 4406 2355 4469 sunt,
2378 4402 2529 4457 sicut
2548 4406 2604 4458 et
2625 4418 2729 4475 ego
2746 4420 2860 4458 non
2876 4420 3009 4458 sum
3024 4403 3095 4458 de
3116 4403 3357 4457 mundo.
3382 4400 3698 4465 Sanctifica

2047 4509 2146 4548 eos
2172 4492 2230 4546 in
2260 4492 2498 4548 veritate
2522 4510 2534 4559 ;
2570 4509 2762 4547 sermo
2796 4498 2931 4547 tuus
2956 4492 3169 4548 veritas
3190 4495 3297 4547 est.
3323 4489 3485 4545 Sicut
3509 4493 3571 4544 tu
3604 4506 3699 4545 me

1967 4600 2013 4665 Ι)
2048 4580 2261 4637 misisti
2283 4580 2341 4635 in
2375 4581 2685 4651 mundum,
2719 4585 2777 4636 et
2794 4597 2899 4653 ego
2918 4580 3052 4636 misi
3083 4595 3182 4635 eos
3203 4579 3263 4633 in
3287 4578 3611 4645 mundum;
3641 4583 3698 4634 et

2043 4686 2146 4742 pro
2177 4669 2229 4725 ei
2258 4684 2364 4742 ego
2396 4668 2694 4725 sanctiﬁco
2726 4668 3040 4739 meipsum,
3076 4673 3138 4721 ut
3168 4665 3288 4721 sint
3318 4670 3374 4719 et
3404 4664 3516 4737 ipsi
3559 4682 3694 4721 san-

2043 4758 2280 4815 ctificati
2296 4758 2359 4813 in
2380 4758 2637 4813 veritate.
2664 4757 2788 4812 Non
2814 4772 2914 4829 pro
2937 4756 3031 4811 his
3060 4759 3257 4810 autem
3280 4770 3418 4827 rogo
3440 4757 3694 4821 tantum,

2042 4849 2143 4905 sed
2173 4851 2231 4904 et
2261 4865 2364 4920 pro
2386 4846 2471 4902 eis
2494 4846 2594 4918 qui
2616 4845 2893 4901 credituri
2924 4849 3064 4901 sunt
3085 4861 3189 4917 per
3214 4844 3462 4900 verbum
3492 4859 3696 4900 eorum

2041 4938 2102 4992 in
2134 4953 2249 5003 me,
2284 4941 2348 4991 ut
2367 4951 2571 4991 omnes
2592 4952 2776 4989 unum
2807 4935 2947 5002 sint,
2966 4934 3119 4990 sicut
3149 4938 3213 4989 tu
3235 4934 3406 4989 Pater
3436 4933 3496 4989 in
3522 4949 3617 4989 me
3640 4937 3697 4988 et

2042 5042 2148 5099 ego
2179 5026 2239 5080 in
2269 5030 2345 5093 te,
2372 5028 2435 5079 ut
2463 5027 2520 5079 et
2553 5023 2661 5095 ipsi
2681 5022 2739 5078 in
2773 5024 2941 5079 nobis
2973 5040 3157 5079 unum
3190 5023 3331 5090 sint,
3357 5023 3697 5079 utmundus
3756 5048 3763 5057 ν

2043 5116 2240 5171 credat
2270 5114 2410 5185 quia
2432 5116 2493 5167 tu
2527 5129 2619 5168 me
2642 5112 2877 5170 misisti.
2902 5114 2971 5169 Et
2999 5129 3103 5185 ego
3135 5111 3481 5178 claritatem,
3515 5125 3694 5182 quam

2043 5203 2257 5259 dedisti
2307 5201 2475 5269 mihi,
2509 5201 2642 5257 dedi
2673 5202 2758 5257 eis
2793 5206 2859 5257 ut
2889 5202 3008 5259 sint
3044 5218 3252 5268 unum,
3303 5200 3456 5256 sicut
3485 5203 3543 5253 et
3589 5213 3695 5251 nos

2045 5309 2230 5349 unum
2245 5292 2596 5363 sumus.Ego
2612 5291 2669 5346 in
2683 5291 2767 5347 eis
2780 5295 2837 5347 et
2849 5295 2907 5346 tu
2924 5291 2982 5346 in
2998 5294 3185 5359 me,ut
3198 5290 3697 5345 sintconsumma-

2042 5382 2085 5437 ti
2117 5382 2175 5437 in
2195 5398 2379 5437 unum
2397 5383 2577 5450 (Joan.
2614 5398 2753 5448 xvn,
2778 5380 2982 5451 15-23).
2998 5402 3025 5429 »
3047 5380 3320 5443 Videsne,
3344 5375 3561 5432 divisor
3578 5374 3696 5431 bla‘

2044 5471 2306 5544 spheme,
2342 5470 2551 5527 Christi
2590 5488 2701 5526 non
2727 5486 2897 5542 posse
2921 5468 3222 5524 individua
3246 5467 3450 5522 dividi.
3480 5466 3695 5522 [ndivi-

2046 5562 2165 5617 dua
2213 5560 2427 5633 quippe
2459 5564 2598 5617 sunt
2626 5560 2838 5616 Christi
2871 5562 2927 5615 ct
2951 5559 3080 5629 ejus
3112 5556 3389 5613 ministri.
3441 5557 3511 5612 Et
3540 5555 3694 5627 quod

2047 5649 2239 5723 magis
2269 5654 2534 5727 stupeas,
2568 5649 2852 5708 individui
2884 5653 3023 5706 sunt
3054 5648 3183 5722 puri
3215 5646 3485 5706 homines
3515 5663 3550 5707 ξι
3585 5645 3694 5705 Deo
