4086 6180
534 368 683 433 1179

526 504 713 573 Patre,
738 500 836 577 qui
880 503 1108 559 tantum
1149 498 1302 558 Deus
1335 502 1442 567 est,
1478 494 2010 555 medianteChristo
2055 497 2157 570 qui

527 594 677 649 Deus
707 598 761 648 et
790 590 1237 656 homoest,sicut
1266 589 1390 659 ipse
1413 587 1495 643 ait
1523 605 1535 643 :
1563 610 1590 638 «
1614 588 1731 659 Ego
1754 588 1812 643 in
1835 587 1918 643 eis
1939 589 1995 641 et
2015 586 2155 641 tuin

525 687 704 749 me,ut
724 682 842 737 sint
866 678 1253 735 consummati
1275 678 1329 732 in
1354 694 1537 733 unum
1562 678 1888 748 (Joan.xvn,
1916 676 2159 747 lli-23).»

518 771 651 835 Quae
673 776 866 825 tamen
892 767 1177 823 mirabilis
1197 771 1253 821 et
1273 765 1674 820 desiderabilis
1707 765 1902 820 unitas
1926 763 2167 830 illi,tan-

517 876 693 931 quam
726 856 1054 929 Unigenito,
1080 860 1290 909 natura
1312 855 1574 919 debetur,
1601 853 1849 919 homini,
1879 857 2162 924 tanquam

518 948 804 1019 adoptivo,
838 945 962 1000 sola
993 944 1181 1016 gratia
1204 944 1510 1015 praebetur.
1538 943 1799 1014 Denique
1816 947 1881 997 ut
1901 941 2164 996 Christus

515 1035 688 1089 Jesus
719 1034 831 1088 Deo
863 1036 918 1087 ct
941 1032 1159 1087 homini
1188 1033 1479 1097 uniendis,
1511 1032 1665 1086 sicut
1696 1029 2072 1103 singulariter
2102 1030 2163 1083 ii-

518 1122 662 1178 delis
693 1122 994 1189 mediator,
1030 1122 1316 1176 ambobus
1338 1188 1347 1193 _
1370 1125 1626 1191 apparet.
1674 1137 1792 1175 sua:
1824 1123 2043 1173 natura:
2075 1117 2163 1172 di-

522 1213 664 1267 vina:
692 1216 749 1267 et
771 1211 1307 1283 sanctitati,quibus
1324 1211 1437 1265 Deo
1461 1208 2162 1279 congruebat,bumanam

517 1305 781 1356 naturam
815 1306 866 1355 et
903 1299 1448 1365 sanctificationem,
1500 1314 1615 1369 qua
1648 1301 1888 1352 sanctus
1936 1300 1992 1349 et
2034 1295 2160 1349 sine

515 1393 745 1460 peccato
780 1394 951 1443 natus
983 1394 1087 1453 est,
1125 1388 1330 1451 univit,
1366 1391 1428 1440 ut
1460 1403 1526 1440 ex
1557 1403 1673 1439 una
1696 1385 1917 1439 homini
1945 1383 2002 1438 in
2028 1399 2158 1454 pec-

511 1478 651 1533 catis
683 1481 959 1549 concepto
992 1476 1073 1531 sic
1105 1480 1449 1547 congrueret
1484 1480 1545 1529 ut
1578 1473 1927 1540 consuleret,
1984 1476 2160 1543 atque

511 1581 577 1621 ex
607 1564 788 1618 altera
818 1565 901 1619 sic
932 1564 1265 1619 subveniret
1295 1567 1358 1617 ut
1382 1561 1900 1617 sanctificationem
1926 1576 2158 1632 quoque

510 1654 793 1726 perditam
819 1653 1163 1709 restitueret.
1188 1652 1319 1716 Quae
1345 1651 1725 1705 sanctificatio
1744 1648 2022 1721 Virginis,
2048 1654 2158 1703 ter-

510 1761 581 1798 rae
607 1742 723 1797 filio
744 1742 1026 1798 divinitus
1048 1740 1255 1796 collata
1272 1744 1329 1795 et
1353 1739 1647 1795 diabolica:
1672 1738 1940 1810 potestati
1964 1738 2156 1792 adem-

504 1837 627 1904 pta,
661 1832 925 1887 redditur
954 1829 1197 1901 virginis
1230 1829 1422 1883 Mariae
1456 1827 1618 1893 Filio,
1656 1842 1772 1897 qua
1803 1826 1953 1880 idem
1982 1841 2154 1881 verus

505 1920 681 1977 homo
731 1919 1178 1993 prredestinatus
1209 1922 1299 1983 est.
1330 1916 1512 1972 Filius
1556 1916 1654 1970 Dei
1688 1914 1746 1969 in
1779 1914 2011 1979 virtute,
2067 1930 2157 1969 se-

506 2011 765 2066 cundum
799 2009 1072 2081 spiritum
1097 2005 1598 2068 sanctificationis,
1624 2021 1797 2076 quem
1827 2003 2158 2059 sanctiﬁca-

507 2098 680 2154 tionis
703 2098 973 2170 spiritum
1005 2096 1130 2152 suis
1152 2096 1277 2167 ipse
1305 2095 1397 2148 Dei
1431 2098 1485 2148 et
1508 2092 1766 2148 hominis
1794 2091 1950 2146 filius
1982 2092 2157 2163 depo-

505 2203 695 2251 scens,
728 2186 810 2241 ait
844 2208 871 2235 «
901 2185 1207 2239 Sanctiﬁca
1236 2200 1333 2237 eos
1364 2183 1422 2237 in
1465 2183 1726 2246 veritate,
1761 2202 1789 2229 »
1832 2178 2054 2234 scilicet
2094 2178 2155 2233 in

505 2292 597 2330 me
628 2275 727 2345 qui
759 2290 888 2329 sum
922 2272 1155 2333 veritas,
1180 2294 1216 2327 4‹‹
1248 2276 1311 2324 ut
1341 2270 1461 2324 sint
1483 2273 1540 2323 et
1582 2269 1692 2339 ipsi
1726 2267 2072 2323 sanctificati
2095 2267 2153 2321 in

504 2378 595 2417 me
621 2362 803 2431 (Ibid.,
840 2360 945 2430 17).
976 2382 1003 2408 ››
1036 2361 1114 2414 Ex
1141 2376 1252 2430 quo
1284 2357 1565 2412 veraciter
1595 2355 1891 2427 colligitur
1934 2356 2152 2410 sancti-

502 2449 772 2505 ficatione
821 2447 942 2501 sola
978 2447 1125 2501 effici
1159 2451 1223 2500 ut
1254 2445 1531 2500 humanis
1568 2444 1766 2498 divina
1800 2445 2149 2515 jnngantur.

503 2538 727 2609 Itaque,
751 2536 798 2592 si
819 2552 1002 2591 unum
1024 2536 1171 2589 fiunt
1192 2551 1326 2589 cum
1350 2533 1579 2590 Christo
1604 2532 1661 2586 in
1688 2536 1798 2586 Deo
1821 2530 2071 2585 ministri
2097 2534 2155 2585 et

504 2625 707 2684 famuli
740 2624 972 2691 Christi,
1007 2623 1143 2696 quia
1164 2621 1510 2678 sanctiﬁcati
1534 2623 1671 2676 sunt
1699 2619 1758 2674 in
1787 2619 1932 2691 ipso,
1962 2619 2149 2673 mani-

502 2714 717 2772 festum
749 2718 839 2770 est
868 2712 1154 2785 quidquid
1188 2711 1594 2766 ministrorum
1618 2707 1831 2763 Christi
1857 2711 1945 2761 est
1966 2723 2150 2761 unum

503 2821 633 2860 esse
664 2819 796 2858 cum
831 2802 945 2857 illis
975 2801 1034 2857 in
1066 2800 1315 2866 Christo,
1340 2799 1479 2871 quia
1508 2797 1936 2853 sanctiﬁcatum
1971 2799 2061 2850 est
2089 2794 2150 2849 in

503 2892 648 2964 ipsis
677 2891 926 2948 Christo.
960 2891 1121 2956 Quod
1154 2889 1202 2944 si
1235 2888 1527 2961 peculium
1559 2884 1813 2940 carnalis
1837 2882 1987 2939 servi
2020 2883 2151 2938 uni-

500 2984 599 3036 tur
628 2985 685 3035 et
714 2980 865 3037 servi
896 2980 1132 3034 domino
1164 2995 1266 3051 per
1295 2993 1527 3032 servum
1559 2975 1655 3046 qui
1697 2976 1827 3044 ejus
1858 2977 1966 3038 est,
2000 2989 2150 3044 quo-

503 3069 677 3126 modo
709 3086 824 3124 non
859 3067 1046 3140 magis
1084 3067 1286 3121 unitur
1315 3072 1371 3121 et
1402 3065 1559 3119 cedit
1587 3062 1817 3119 Christo
1864 3061 2149 3132 quidquid

501 3176 743 3216 suorum
776 3162 882 3223 est,
917 3156 1241 3230 praesertim
1273 3154 1488 3228 quibus
1521 3151 1817 3225 possessio
1851 3149 2013 3204 nulla
2038 3152 2147 3213 est,

500 3249 613 3304 nisi
644 3266 771 3320 quae
805 3247 915 3320 ipsi
947 3246 1017 3301 de
1047 3246 1216 3299 donis
1247 3243 1337 3299 sui
1362 3245 1639 3298 redonata
1661 3240 1775 3295 illis
1812 3240 2145 3305 redonatur,

499 3353 751 3407 quorum
783 3352 917 3406 pars
942 3333 1299 3388 hzereditatis
1322 3333 1561 3403 insuper
1584 3333 1672 3385 est
1692 3329 1815 3400 ipse
1837 3328 2141 3393 Dominus,

498 3425 589 3480 cui
620 3426 678 3478 et
708 3423 820 3494 ipsi
851 3426 990 3477 sunt
1019 3420 1365 3477 haereditas?
1614 3415 1620 3420 ’

1090 3534 1319 3588 CAPUT
1359 3532 1553 3588 XXIV.

498 3628 571 3683 De
589 3623 859 3697 exemplis
878 3624 1180 3681 indiuiduae
1201 3624 1489 3679 Trinilatz‘s
1510 3625 1565 3677 in
1580 3620 1827 3677 omnibus
1848 3621 2136 3675 creaturis.

566 3744 676 3800 Sed
717 3742 861 3815 proh
897 3740 1092 3797 dolor!
1129 3739 1404 3796 unionem
1452 3739 1600 3794 hanc
1640 3734 2035 3803 detestabiles,
2085 3740 2143 3790 et

492 3832 862 3888 individuum
886 3830 1167 3885 individui
1191 3824 1921 3899 etabipsodivisidividere
1934 3839 2142 3895 aggre-

495 3922 759 3985 diuntur,
782 3919 1452 3975 cumsanctilicationem
1473 3917 1555 3971 ita
1577 3918 1634 3970 in
1666 3931 1728 3970 se
1758 3911 2053 3968 contineat
2077 3915 2142 3966 ut

495 4010 569 4064 ab
586 4024 653 4063 ea
669 4008 1039 4063 contineantu
1052 4026 1095 4062 r.
1118 4007 1398 4079 Equidem
1423 4006 1577 4061 velut
1597 4004 1753 4059 luteo
1774 4001 2141 4074 glaucomate

492 4094 659 4167 lippi,
692 4099 796 4150 aut
825 4094 1122 4166 superﬂuo
1146 4100 1283 4166 potu
1303 4094 1543 4162 madidi,
1568 4092 1747 4149 solem
1782 4094 1884 4146 aut
1911 4088 2137 4156 lunam,

494 4199 597 4239 seu
617 4182 938 4254 quamlibet
957 4182 1259 4238 lucernam
1280 4185 1523 4238 credunt
1542 4182 1656 4237 sibi
1679 4197 1794 4235 non
1818 4178 2009 4235 solum
2029 4178 2137 4232 du-

494 4271 717 4345 plicari,
751 4272 851 4328 sed
882 4276 939 4326 et
968 4269 1368 4343 multiplicari,
1394 4277 1457 4325 ut
1487 4270 1755 4343 egregius
1789 4266 2139 4324 Prudentius

492 4360 862 4418 Marcionitas
893 4361 1040 4416 duos
1070 4361 1230 4427 deos,
1265 4360 1484 4415 bonum
1529 4358 1750 4415 scilicet
1780 4373 1845 4413 ac
1891 4354 2136 4420 malum,

492 4450 604 4508 sibi
635 4451 1032 4524 contingentes
1064 4449 1391 4515 confutans,
1426 4449 1508 4503 ait
1540 4465 1553 4503 :

644 4557 811 4606 Nemo
837 4557 972 4606 duos
993 4556 1149 4614 soles,
1170 4556 1270 4605 nisi
1300 4556 1398 4604 sub
1419 4555 1771 4619 glaucomate,
1806 4551 1955 4600 vidit.

491 4668 875 4737 Quapropter,
906 4664 952 4720 si
983 4668 1250 4737 possunt,
1284 4662 1646 4735 perpendant
1679 4678 1856 4733 quam
1882 4664 2069 4720 aversi
2104 4682 2138 4720 a

491 4753 606 4808 Deo
632 4753 923 4820 incedant,
954 4752 1052 4824 qui
1087 4751 1341 4807 dividere
1373 4750 1674 4806 individua
1704 4749 1989 4807 laborant.
2031 4753 2141 4809 De-

490 4840 667 4911 nique
682 4839 809 4911 ipse
821 4840 973 4895 Deus
991 4857 1159 4896 suam
1180 4840 1538 4895 individuam
1557 4840 1901 4896 Trinitatem
1920 4842 2142 4898 unitate

490 4920 879 4993 commendat,
914 4933 1089 5000 atque
1110 4928 1218 4984 hoc
1241 4946 1358 4984 suae
1382 4928 1886 4985 incommutabilis
1914 4935 1971 4986 et
1993 4930 2140 4985 invi-

491 5016 679 5074 sibilis
711 5020 930 5071 naturae
956 5018 1252 5090 exemplar
1282 5035 1394 5073 non
1426 5018 1617 5073 solum
1655 5018 2050 5075 invisibilibus
2082 5023 2140 5076 et

492 5103 898 5173 mutabilibus,
944 5106 1042 5161 sed
1094 5106 1423 5162 visibilibus
1462 5123 1695 5178 quoque
1741 5108 1982 5162 t’acturis
2013 5108 2137 5165 suis

488 5195 822 5252 commodat
849 5202 896 5249 el
932 5200 1252 5250 conservat.
1276 5196 1484 5251 Omnia
1505 5196 1659 5251 enim
1677 5212 1803 5267 qua)
1828 5196 1884 5250 in
1910 5214 2024 5251 una
2042 5214 2132 5253 sa-

491 5284 709 5358 pientia
738 5300 845 5339 sua
886 5288 1034 5339 Deus
1068 5284 1224 5351 fecit,
1266 5285 1609 5340 Trinitatem
1653 5301 1770 5357 qua
1802 5284 2137 5341 subsistunt

489 5372 810 5444 insignivit,
844 5372 942 5428 ubi
986 5373 1259 5429 omnibus
1291 5390 1653 5442 mensuram,
1701 5391 2034 5443 numerum,
2078 5379 2135 5431 et

488 5461 717 5534 pondus
741 5460 954 5517 habere
975 5463 1135 5518 dedit
1154 5463 1304 5535 (Sep.
1327 5481 1401 5529 ιι,
1437 5463 1547 5531 21).
1574 5464 1707 5527 Quae
1733 5462 1844 5517 tria
1871 5468 2130 5519 contem-

488 5544 1331 5624 poraliter,etinseparabiliter
1344 5552 1617 5606 omnibus
1631 5552 2132 5608 creaturisinsunt

488 5653 595 5697 nec
616 5636 915 5711 quodlibet
942 5656 1142 5696 eorum
1160 5640 1321 5713 prius
1345 5657 1410 5696 ac
1432 5638 1721 5712 posterius
1744 5640 1974 5697 duobus
1996 5641 2129 5700 reli~

1614 361 2029 428 HUMBERTI
2074 363 2136 427 S.
2182 361 2256 427 ἢ.
2305 362 2375 426 Ε.
2424 363 2920 429 CARDINALlS.

3714 338 3832 439 uio

2195 499 2251 565 Α
2280 498 2435 571 quis,
2470 503 2571 555 aut
2599 498 2956 555 sensibiliter
2984 495 3191 555 abillis
3208 496 3511 570 separabile
3534 497 3830 578 inveniripo-

2278 588 2431 644 terit.
2484 588 2614 644 Sive
2662 588 2820 644 enim
2868 604 3226 657 mensuram,
3279 586 3395 644 sive
3423 605 3716 659 numerum,
3743 596 3831 652 sive

2275 677 2506 748 pondus
2540 677 2597 733 in
2628 676 2993 749 quibuslibet
3022 676 3276 749 corporis
3310 678 3520 733 naturis
3548 681 3826 751 consideres,

2275 766 2494 838 pariter
2541 771 2598 821 et
2644 765 3113 837 inseparabiliter
3143 764 3202 819 in
3244 764 3370 835 ipsa
3399 765 3504 820 tria
3542 767 3697 833 nasci,
3723 787 3829 837 esse,

2272 870 2551 918 crescere,
2574 855 2927 921 decrescere,
2959 852 3264 909 etinterire
3285 853 3456 907 etiam
3478 854 3714 911 sensibus
3738 874 3825 913 cor-

2272 942 2430 1014 poris
2461 942 2697 999 senties.
2722 945 2858 1008 Qua:
2889 941 3343 997 nihilominusin
3367 942 3636 1013 corporeis
3655 949 3829 1002 creatu-

2273 1032 2376 1097 ris,
2417 1032 2464 1087 si
2516 1030 2967 1095 animadvertas,
3018 1028 3325 1101 intelliges.
3363 1030 3571 1084 Habent
3606 1032 3828 1103 siquidem

2272 1136 2611 1177 mensuram
2628 1138 2743 1193 qua
2765 1120 2939 1176 etiam
2961 1118 3829 1191 circumseribuntur,pondusme-

2271 1209 2538 1279 ritorum,
2576 1225 2888 1265 numerum
2931 1209 3240 1262 affectuum
3283 1207 3638 1263 diversorum.
3668 1209 3829 1281 Nempe

2272 1304 2335 1353 ut
2359 1299 2757 1355 membrorum
2790 1297 2874 1353 vel
2902 1297 3155 1369 partium
3188 1295 3485 1351 diversitas
3514 1296 3606 1350 dat
3631 1298 3827 1367 corpori-

2270 1386 2382 1441 bus
2430 1404 2766 1454 numerum,
2799 1387 2883 1442 sic
2913 1389 2969 1441 et
2997 1385 3207 1441 creatis
3255 1383 3552 1455 spiritibus
3590 1383 3828 1440 diversitas

2269 1476 2601 1532 eil‘ectuum.
2655 1478 2875 1548 Itaque,
2928 1479 2991 1529 ut
3020 1471 3368 1529 venerabilis
3404 1472 3629 1542 Prosper
3665 1473 3743 1537 ait,
3768 1471 3825 1526 sic

2268 1580 2511 1636 Operam
2544 1566 2767 1637 species
2787 1563 3056 1638 praadicat
3071 1563 3375 1626 artiﬁcem,
3411 1562 3689 1632 fingentem
3704 1561 3829 1615 rebus

2267 1653 2507 1719 formas,
2539 1652 2686 1721 loca,
2728 1658 3013 1725 tempora,
3057 1654 3257 1706 motus
3301 1647 3597 1714 mensuris,
3635 1647 3828 1702 numeris

2267 1742 2741 1815 ponderibusque
2767 1741 2912 1798 suis.
2945 1743 3080 1807 Quae
3103 1738 3237 1794 licet
3263 1736 3372 1792 tria
3391 1736 3643 1793 omnibus
3668 1737 3827 1808 pariter

2266 1830 2473 1887 inserit
2501 1831 2806 1899 creaturis,
2842 1835 3038 1886 tamen
3070 1844 3260 1883 unum
3301 1826 3582 1898 quoddam
3610 1824 3823 1891 efﬁciunt,

2268 1920 2611 1992 unitateque
2635 1922 2995 1985 coercentur,
3037 1919 3351 1988 quatenus,
3372 1915 3535 1986 juxta
3565 1930 3712 1968 suum
3736 1929 3826 1967 mo-

2268 2009 2431 2074 dum,
2466 2008 2550 2064 sic
2581 2025 2689 2064 sua
2719 2006 3044 2062 dilatantur
3071 2004 3336 2061 trinitate
3361 2008 3424 2058 ut
3439 2019 3539 2059 sua
3553 2017 3741 2074 quoque
3760 2017 3825 2054 ar-

2267 2101 2499 2153 ctentur
2528 2098 2771 2165 unitate,
2805 2096 3006 2168 sicque
3031 2109 3347 2150 numerum
3396 2091 3628 2147 habeant
3653 2106 3735 2145 nec
3754 2089 3826 2143 ba-

2265 2187 2460 2253 beant,
2493 2185 2679 2241 instar
2694 2186 2784 2242 sui
2818 2183 3092 2251 auctoris,
3121 2182 3222 2255 qui
3248 2181 3429 2238 ettria
3448 2196 3656 2236 summa
3673 2178 3828 2232 dicitur

2264 2279 2321 2331 et
2356 2292 2558 2330 unum.
2593 2276 2771 2330 Porro
2792 2275 2961 2344 juxta
2982 2271 3138 2344 quod
3171 2272 3346 2326 beata
3372 2273 3424 2325 et
3454 2264 3828 2339 incorruptibilis

2262 2362 2385 2419 hree
2410 2363 2668 2419 Trinitas
2687 2379 2840 2418 unus
2865 2361 3020 2417 Deus
3051 2364 3207 2415 recte
3230 2358 3444 2413 dicitur
3461 2362 3516 2413 et
3535 2357 3755 2421 habetur,
3771 2352 3828 2407 sic

2261 2457 2318 2507 et
2347 2450 2811 2524 incorruptibilis
2843 2449 2944 2505 illa
2963 2448 3222 2504 Trinitas
3244 2448 3305 2502 in
3332 2445 3573 2519 singulis
3590 2442 3826 2507 creaturis,

2263 2545 2365 2595 aut
2396 2558 2549 2597 unus
2572 2539 2834 2612 spiritus,
2868 2542 2969 2595 aut
2998 2554 3183 2593 unum
3220 2553 3434 2608 corpus
3463 2534 3655 2590 dicitur
3688 2536 3732 2586 et
3755 2529 3827 2585 ha-

2262 2628 2453 2683 betur.

2332 2718 2413 2772 Ex
2442 2717 2656 2789 quibus
2683 2716 2956 2773 omnibus
2984 2713 3393 2786 multipliciter
3417 2714 3825 2773 docemurDeum,

2260 2809 2379 2861 tam
2424 2805 2482 2860 in
2514 2822 2577 2860 se
2598 2822 2773 2877 quam
2798 2809 2855 2861 et
2882 2804 2942 2859 in
2964 2804 3244 2859 omnibus
3267 2804 3528 2875 operibus
3557 2799 3679 2865 suis,
3707 2811 3825 2851 eom-

2261 2894 2559 2962 mendare,
2585 2898 2760 2966 atque
2792 2908 2969 2964 super
2995 2892 3196 2949 omnia
3218 2891 3460 2965 diligere
3488 2889 3764 2951 monadem,
3787 2886 3827 2938 et

2260 2982 2524 3055 apprime
2556 2981 2830 3048 detestari
2856 2986 2912 3037 et
2932 2981 3127 3037 odisse
3143 2997 3255 3036 ase
3276 2979 3562 3053 quodlibet
3585 2973 3828 3033 ascenden-

2258 3075 2397 3127 tem.
2432 3071 2634 3126 Monas
2666 3070 2823 3125 enim
2857 3069 3172 3125 individua:
3211 3087 3337 3125 suae
3369 3072 3572 3124 naturaa
3612 3061 3824 3121 beneficio

2259 3158 2435 3215 etiam
2450 3158 2688 3214 dividua
2700 3158 2999 3214 individuo
3019 3157 3260 3214 unionis
3276 3156 3509 3224 reducit,
3525 3158 3575 3211 et
3588 3149 3825 3208 individua

2179 3228 2221 3294 Ο
2260 3247 2569 3303 connectit.
2602 3247 2739 3302 Dias
2779 3247 3283 3303 autem-dividuas
3328 3247 3414 3302 sui
3446 3245 3558 3300 vitii
3603 3236 3821 3297 maleﬁcio

2252 3337 2427 3391 etiam
2457 3336 2826 3391 individuum
2840 3335 3096 3391 dividere
3119 3337 3351 3407 quaerit.
3374 3335 3490 3403 Illa,
3512 3338 3747 3403 tanquam
3766 3326 3823 3379 iu-

2253 3424 2544 3480 violabilis
2565 3428 2623 3479 et
2652 3425 2915 3497 paciﬁca,
2939 3424 3022 3479 nil
3052 3424 3163 3479 nisi
3204 3441 3243 3479 a
3276 3424 3539 3490 dividuis,
3567 3417 3767 3475 diversis
3788 3417 3826 3468 et

2253 3510 2495 3582 privatis
2527 3511 2843 3580 retrahere,
2873 3515 3046 3583 atque
3066 3528 3171 3567 suo
3190 3512 3471 3567 omnibus
3491 3504 3759 3570 communi,
3782 3506 3820 3556 et

2251 3598 2523 3671 presenti
2554 3598 2853 3655 individuo
2879 3600 3048 3656 unire
3077 3600 3261 3656 novit.
3278 3601 3319 3657 E
3340 3599 3609 3657 contrario
3625 3596 3718 3651 ista
3732 3596 3823 3646 tan-

2252 3704 2428 3759 quam
2456 3687 2669 3743 violata
2697 3687 2989 3754 violatrix,
3012 3692 3068 3744 et
3089 3687 3482 3761 schismatica,
3509 3684 3609 3741 nisi
3633 3678 3748 3737 nihil
3770 3676 3822 3732 ab

2250 3775 2550 3832 individuo
2572 3776 2865 3832 consimili
2888 3781 2944 3832 et
2964 3777 3272 3832 communi
3304 3778 3452 3833 bono
3481 3776 3769 3844 obrumpere
3784 3768 3824 3820 et

2250 3864 2593 3921 abscindere
2622 3869 2825 3921 tentat.
2860 3864 2989 3920 Haec
3011 3865 3212 3938 procul
3248 3866 3427 3921 dubio
3457 3865 3523 3920 ab
3552 3862 3639 3917 illo
3664 3860 3822 3913 incom-

2249 3953 2547 4010 mutabili:
2572 3957 2630 4009 et
2658 3954 2960 4010 individua
2988 3955 3240 4011 monade
3267 3955 3418 4011 ultro
3439 3951 3681 4010 recedens
3704 3944 3825 4018 prius

2248 4042 2482 4115 privata
2522 4047 2579 4098 et
2617 4042 2891 4099 solitariae
2941 4043 3097 4099 sedis
3138 4042 3341 4100 locum
3373 4044 3480 4099 sibi
3518 4040 3572 4095 in
3603 4034 3821 4093 lateribus

2248 4132 2542 4204 aquilonis
2573 4131 2908 4204 exploravit,
2942 4133 3152 4189 deinde
3173 4132 3469 4189 hominem
3493 4148 3524 4187 a
3539 4129 3638 4185 Deo
3656 4120 3820 4181 divisit.

2246 4226 2378 4277 Haec
2408 4238 2641 4294 quoque
2663 4238 2824 4278 more
2854 4238 2960 4278 suo
2986 4239 3090 4294 per
3110 4224 3473 4279 meretricem
3494 4218 3624 4275 dixit
3650 4233 3705 4271 :«
3735 4210 3818 4265 Nec

2247 4310 2416 4381 mihi,
2465 4327 2570 4365 nec
2615 4311 2743 4377 tibi,
2796 4311 2894 4367 sed
2956 4311 3259 4367 dividatur
3309 4312 3409 4383 (III
3449 4311 3563 4380 Reg.
3593 4321 3666 4371 III,
3690 4299 3776 4368 26).
3801 4316 3820 4344 »

2246 4400 2375 4455 Haec
2406 4399 2582 4455 etiam
2615 4399 2671 4453 in
2693 4398 3038 4472 Evangelico
3060 4399 3356 4473 peralium
3372 4396 3690 4473 persuadere
3706 4384 3823 4457 cupit

2245 4492 2471 4543 aeterna:
2503 4487 2734 4543 Monadi
2755 4488 3062 4556 visionem,
3088 4488 3294 4545 dicens
3321 4505 3334 4545 :
3369 4512 3396 4539 «
3432 4480 3818 4543 Dictratrimeo.

2173 4595 2215 4659 θ
2247 4580 2311 4632 ut
2341 4576 2561 4632 dividat
2593 4592 2825 4633 mecum
2851 4576 3252 4633 hereditatem
3284 4578 3434 4650 (Luc.
3462 4591 3557 4645 xu,
3588 4559 3818 4659 13l.a_90i

2247 4667 2416 4721 beata
2446 4666 2648 4721 Monas
2670 4665 3016 4733 reclamans,
3049 4670 3273 4722 natura:
3306 4684 3422 4724 suae
3451 4651 3819 4735 impossibilita-

2249 4758 2368 4810 tem
2401 4754 2486 4811 sic
2515 4754 2848 4828 praedicavit
2871 4771 2930 4811 :«
2954 4755 3160 4822 Homo,
3192 4757 3329 4828 quis
3352 4772 3442 4811 me
3468 4743 3731 4809 constituit
3746 4740 3818 4828 in:

2250 4844 2459 4912 dicem,
2494 4822 2596 4899 aut
2625 4843 2978 4899 diversorem
3009 4860 3189 4916 super
3208 4822 3356 4901 vos?
3387 4865 3415 4895 υ
3453 4841 3591 4914 (Luc.
3620 4849 3704 4899 xu,
3736 4822 3817 4916 14;)

2250 4932 2317 4988 Et
2346 4933 2396 4988 si
2427 4933 2625 4988 omnia
2653 4949 2829 5005 opera
2878 4913 3200 4988 divinitatis
3240 4913 3581 4993 consideres,
3624 4913 3816 4978 monade

2246 5038 2487 5093 prorsus
2518 5037 2586 5076 ea
2616 5020 2956 5090 subsistere,
2989 5020 3161 5077 diade
3210 5025 3405 5077 autem
3445 5014 3659 5073 interire
3696 5008 3812 5061 inve-

2246 5110 2390 5165 nies.
2410 5108 2632 5173 Quibus
2646 5108 2798 5165 sicut
2812 5113 3115 5165 monasest
3135 5106 3489 5166 subsistendi
3504 5096 3811 5177 principium.

2245 5198 2391 5254 sicel
2405 5199 2531 5254 dias
2548 5196 3291 5254 desistendiinitium.Nam
3305 5194 3555 5271 quandiu
3571 5180 3812 5271 diversitas

2241 5291 2298 5343 et
2341 5286 2732 5343 numerositas
2769 5286 3190 5359 membrorum,
3221 5270 3333 5343 seu
3354 5284 3610 5360 partium.
3647 5270 3809 5360 uni???

2241 5380 2530 5442 censetur,
2563 5374 2650 5431 vel
2682 5379 2803 5430 toto
2834 5392 2941 5431 suo
2972 5353 3392 5443 connnectitur,
3437 5364 3687 5429 substitit.
3706 5353 3804 5449 _Ulii

2241 5469 2436 5521 autem
2468 5464 2540 5519 ad
2571 5463 2805 5519 diadem
2838 5464 3079 5531 accedit,
3103 5465 3381 5521 desistere
3402 5465 3455 5517 et
3473 5453 3681 5515 interire
3703 5446 3807 5531 inpi-

2239 5552 2342 5627 pit.
2364 5553 2539 5619 Quod
2570 5553 2812 5625 Moyses.
2830 5527 3074 5625 quoque-
3094 5553 3302 5609 innuit.
3330 5550 3433 5617 Qui
3454 5562 3577 5604 eum
3603 5527 3805 5627 siqu

2236 5621 2365 5698 rum
2399 5641 2626 5699 dierum
2657 5621 2835 5715 opera
2850 5621 3048 5700 Deum
3080 5643 3231 5716 quod
3260 5642 3414 5697 bona
3433 5635 3612 5695 essent
3636 5621 3803 5680 vidis”

2188 1861 2235 1926 B
