4086 6180
281 332 434 404 H81

870 347 1284 418 ADVERSUS
1318 352 1796 425 SIMONIAGOS
1844 361 2048 427 LIBRI
2093 366 2315 431 TRES.
2350 403 2423 417 --
2455 370 2686 436 LIBER
2730 368 3093 442 TERTIUS.

3528 384 3683 447 1182

277 476 845 546 commemoraverit,
872 481 942 537 de
962 483 1056 540 die
1078 489 1274 544 tamen
1302 491 1558 548 secunda
1578 492 1823 566 loquens
1844 512 1928 552 re-
1954 497 2010 564 Α
2038 497 2483 559 immaculatum
2516 504 2584 561 de
2617 507 2916 580 gregibus,
2942 508 3042 583 qui
3066 514 3293 584 poterat
3321 513 3433 570 emi
3457 515 3686 574 duobus

273 561 468 634 ticuit,
500 564 841 637 signiﬁcans
856 568 971 626 Deo
1003 589 1117 628 non
1150 576 1329 633 videri
1363 579 1603 648 bonum,
1639 582 1759 653 ubi,
1783 584 1921 655 quid

273 652 348 706 ab
380 653 848 711 incommutabili
880 660 1008 728 eius
1032 664 1252 719 unitate
1274 666 1603 736 discedens,
1637 652 1929 728 mutabili-

270 743 454 796 tatem
487 741 847 814 pluralitatis
876 747 1101 822 incipit,
1134 757 1189 808 et
1221 754 1446 812 incidit.

880 854 1112 913 CAPUT
1150 860 1314 917 XXV.

266 936 425 1006 Quod
456 936 745 1030 individuq
774 942 847 995 sit
873 948 1323 1030 sanctiﬁcatz'oqb
1344 952 1432 1030 his
1452 970 1570 1025 qua:
1596 961 1923 1030 sanctiﬁcat,

690 1015 741 1065 et
785 1013 1031 1083 qualiter
1051 1013 1500 1091 sancti/iocum}.

344 1100 484 1151 Cum
527 1112 663 1169 ergo
694 1098 786 1155 his
816 1106 873 1156 et
902 1104 1170 1175 pluribus
1203 1110 1333 1166 aliis
1364 1118 1581 1171 sanctae
1612 1117 1922 1190 Scriptura;

269 1184 632 1242 testimoniis
648 1186 867 1259 liqueat
888 1194 1133 1250 Domino
1146 1197 1261 1253 Deo
1284 1199 1341 1254 in
1366 1218 1482 1256 suae
1499 1211 1775 1262 creatura:
1800 1210 1921 1264 uui-

266 1273 546 1330 versitate
576 1292 751 1346 quam
787 1282 1038 1338 maxime
1069 1283 1295 1356 placere
1325 1290 1647 1349 universale
1680 1300 1735 1351 et
1766 1314 1919 1353 com-

267 1377 449 1417 mune
466 1362 684 1419 bonum
696 1371 891 1439 ,atque
908 1386 938 1425 e
951 1375 1238 1431 contrario
1252 1377 1558 1450 displicere
1573 1386 1921 1455 particulare

265 1454 326 1505 et
356 1449 671 1522 privatum,
703 1457 876 1527 cujus
906 1460 1183 1531 scientiae,
1214 1465 1332 1521 imo
1350 1449 1521 1540 cujus
1553 1471 1760 1528 frontis
1784 1480 1923 1530 sunt

271 1539 375 1610 qui
409 1540 683 1634 quaslibet
712 1547 1078 1605 sanctiﬁcata
1109 1552 1225 1607 Deo
1257 1539 1574 1625 praedicant
1604 1560 1843 1634 impune
1865 1568 1922 1619 et

267 1626 399 1683 sine
429 1628 735 1701 sacrilegio
768 1650 939 1704 posse
981 1637 1158 1694 dividi
1191 1642 1263 1697 ah
1294 1644 1423 1715 ipsa
1460 1626 1921 1707 sanctificatione

263 1732 378 1771 sua
400 1733 527 1809 qum
554 1718 1013 1781 cohzerentDeo?
1032 1727 1167 1791 Quae
1189 1731 1441 1802 qualiter
1460 1738 1920 1809 sanctiﬁcantur,

261 1808 433 1895 vetus
448 1804 701 1895 ilex,quaa
725 1827 882 1867 novze
903 1817 1079 1887 typus
1097 1822 1203 1887 est,
1222 1821 1622 1895 multipliciter
1641 1804 1917 1885 ostendit;

263 1894 342 1947 At
366 1894 522 1990 enim
560 1912 631 1951 ex
658 1898 853 1956 debito
886 1904 1145 1973 quidem,
1179 1908 1327 1965 sicut
1356 1894 1762 1987 primogenita,
1796 1918 1917 1990 pri-

264 1981 445 2037 mitiae
467 1988 527 2038 et
549 1984 785 2042 decimae
804 2006 930 2061 quae
952 1994 1284 2067 exiguntur.
1310 1981 1374 2054 ut
1396 1981 1921 2073 purasanctiﬁcata

261 2070 536 2139 Domino,
570 2073 917 2148 priusquam
950 2090 1271 2141 nascantur
1293 2105 1306 2155 ;
1331 2105 1401 2143 ex
1421 2089 1733 2159 oblatione,
1769 2095 1921 2152 sicut

260 2160 694 2231 pectusculum,
718 2181 941 2236 armus,
964 2186 1164 2241 pecus,
1186 2174 1273 2229 vel
1295 2192 1659 2252 quaecunque
1672 2182 1918 2240 Domino

260 2248 730 2319 sanctiﬁcantur,
759 2255 856 2309 ubi
882 2263 1036 2315 recte
1059 2262 1415 2333 oﬂ‘eruntur;
1448 2283 1515 2322 ex
1545 2248 1674 2325 voto
1698 2277 1915 2340 autem,

260 2352 628 2411 quaecunque
658 2347 863 2414 sponte
886 2353 1184 2405 voventur.
1219 2353 1363 2408 Nam
1386 2356 1458 2411 ab
1477 2356 1604 2429 ipso
1634 2365 1766 2416 voto
1788 2379 1917 2417 san-

259 2425 518 2481 ctiﬁcata
545 2428 792 2487 Domino
814 2441 1157 2493 noscuntur.
1182 2440 1316 2504 Quae
1339 2425 1556 2515 pariter
1580 2447 1638 2502 in
1666 2449 1917 2508 Levitico

259 2513 518 2570 breviter
572 2522 1171 2595 comprehenduntur,
1231 2513 1357 2585 ubii
1398 2533 1483 2589 sic
1540 2537 1914 2611 praecipitur:

262 2624 293 2652 «ι
330 2602 729 2677 Primogenita:
775 2627 903 2682 quae
934 2615 1004 2668 ad
1036 2615 1221 2672 Deum
1254 2621 1548 2691 pertinent
1580 2602 1748 2682 nemo
1781 2645 1915 2684 san-

262 2690 523 2748 ctiﬁcare
555 2697 767 2764 poterit
796 2704 854 2754 et
882 2718 1107 2771 vovere,
1134 2690 1400 2774 siveibos,
1426 2710 1546 2766 sive
1575 2714 1697 2769 ovis
1720 2716 1913 2785 fuerit,

260 2777 500 2835 Domini
532 2793 689 2839 sunt.
723 2786 886 2850 Quod
915 2790 962 2844 si
986 2791 1363 2851 immundum
1394 2803 1483 2854 est
1500 2802 1737 2872 animal,
1764 2806 1917 2860 redi-

262 2872 386 2923 met
414 2869 516 2961 qui
546 2873 840 2945 obtulerit,
866 2878 1036 2949 juxta
1059 2883 1503 2943 aestimationem
1530 2869 1731 2961 suam,
1744 2898 1801 2948 et
1822 2896 1919 2950 ad-

262 2956 366 3013 det
395 2959 663 3048 quintam
695 2970 921 3034 partem
953 2971 1162 3040 pretii;
1220 2973 1268 3029 si
1316 2976 1599 3034 redimere
1642 2956 1912 3048 noluerit,

260 3047 550 3103 vendetur
578 3050 766 3120 alteri,
811 3061 1267 3133 quantocunque
1314 3063 1489 3120 fuerit
1536 3070 1913 3127 aestimatum.

262 3132 451 3191 Omne
482 3138 636 3208 quod
667 3139 915 3199 Domino
945 3154 1341 3217 consecratur,
1393 3154 1512 3210 sive
1563 3156 1737 3213 homo
1784 3161 1913 3223 erit.

259 3221 387 3278 sive
416 3225 656 3295 animal,
688 3228 807 3286 sive
837 3249 993 3305 ager,
1036 3253 1151 3292 non
1200 3242 1503 3310 vendetur,
1557 3263 1661 3301 nec
1705 3250 1911 3306 redimi
1944 3233 1987 3299 (ἶ

256 3313 792 3390 poteriLQuidquid
818 3322 990 3378 fuerit
1015 3327 1194 3383 semel
1216 3337 1914 3401 consecratum,sanctum

255 3406 598 3461 sanctorum
631 3409 741 3463 erit
769 3410 1036 3470 Domino.
1080 3416 1296 3474 Omnes
1328 3421 1566 3478 decimae
1597 3429 1763 3481 terrze
1796 3428 1917 3485 sive

253 3489 331 3543 de
361 3489 653 3565 frugibus,
673 3495 791 3554 sive
814 3499 884 3556 de
909 3503 1100 3572 pomis
1125 3507 1663 3577 arborum,Domini
1689 3522 1828 3572 sunt
1858 3523 1915 3575 et

256 3576 349 3631 illi
381 3580 840 3642 sanctiﬁcantur.
872 3590 925 3643 Si
956 3591 1089 3663 quis
1119 3599 1319 3651 autem
1352 3597 1599 3655 voluerit
1630 3603 1914 3662 redimere

254 3665 516 3724 decimas
529 3676 871 3740 suas,addet
886 3679 1151 3749 quintam
1176 3689 1400 3755 partem
1416 3704 1617 3744 earum
1645 3693 1910 3750 omnium

251 3756 643 3832 decimarum,
674 3764 857 3833 bovis,
891 3770 948 3822 et
976 3770 1099 3826 ovis
1122 3775 1179 3827 et
1196 3790 1405 3846 caprae,
1436 3793 1561 3849 quae
1584 3780 1695 3835 sub
1722 3786 1913 3853 pasto-

250 3845 339 3902 ris
366 3848 531 3921 virga
568 3854 894 3922 transeunt,
928 3857 1217 3932 quidquid
1268 3845 1563 3921 decim-um
1612 3869 1913 3926 transierit

250 3937 721 3995 sanctiﬁcabitur
735 3942 1003 4003 Domino.
1021 3950 1144 4003 Non
1167 3949 1417 4023 eligetur
1430 3971 1532 4010 nec
1553 3955 1910 4027 honum,nec

250 4023 500 4093 malum,
527 4043 633 4083 nec
650 4028 833 4087 altero
846 4038 1328 4095 commutabitur.
1342 4042 1400 4097 Si
1424 4044 1557 4114 quis
1576 4050 1906 4117 mutaverit,

247 4115 308 4168 et
325 4114 486 4202 quod
511 4121 804 4175 mutatum
827 4126 917 4178 est
937 4127 1401 4185 sanctiﬁcahitur
1420 4131 1684 4202 Domino,
1709 4140 1766 4192 et
1791 4114 1906 4193 non

248 4201 578 4297 redimetur
606 4205 798 4297 Leuit.
832 4228 1006 4279 xxvu,
1033 4216 1243 4285 26-33).
1263 4238 1291 4266 »
1326 4219 1490 4283 Quod
1520 4221 1569 4276 si
1601 4223 1909 4297 diligenter

245 4287 588 4363 investiges,
613 4294 875 4356 invenies
905 4303 1369 4375 tabernaculum,
1421 4314 1748 4383 cunctaque
1776 4315 1905 4385 ejus

244 4379 549 4449 utensilia,
580 4383 705 4442 oleo
738 4389 1497 4461 sanctiﬁcationisinuncta,
1520 4402 1755 4457 vocabis
1776 4420 1905 4458 san-

246 4471 412 4524 ctum
444 4477 779 4531 sanctorum
810 4494 824 4544 ;
857 4483 1064 4536 caetera
1082 4498 1216 4538 vero
1249 4486 1523 4551 exterius,
1557 4504 1684 4560 qua
1713 4491 1902 4547 eidem

244 4555 337 4612 vel
367 4558 659 4619 ministris
710 4565 840 4636 ejus
889 4573 1179 4640 pertnent,
1229 4576 1640 4633 tantummodo
1680 4585 1900 4636 sancta.
1937 4604 1984 4666 ο

244 4643 406 4666 ΪΥΔΔ,
438 4648 448 4658 ·
502 4654 513 4666 ι
558 4648 616 4666 ιι·
754 4658 763 4666 .
860 4656 872 4666 ι
1170 4662 1220 4666 --
1336 4663 1344 4666 -

243 4643 412 4702 Unde
434 4648 981 4723 intelligunturhaac
995 4662 1686 4739 sanctiﬁcationem,quae
1703 4674 1906 4725 sancta

243 4739 407 4801 sunt,
430 4740 725 4811 accepisse
747 4744 819 4799 ab
840 4761 908 4801 ea
926 4750 1361 4818 communione,
1386 4770 1503 4825 qua
1525 4772 1626 4826 per
1642 4757 1897 4815 devotio-

240 4837 378 4879 nem
411 4824 672 4885 ﬁdelium
694 4848 953 4890 connexa
977 4842 1118 4893 sunt
1156 4841 1377 4897 sanctis
1408 4824 1781 4902 sanctorum.
1816 4849 1898 4904 Ex

239 4912 461 4984 quibus
482 4920 705 4976 tantam
724 4924 1245 4985 sanctiﬁcationem
1268 4930 1382 4986 sibi
1397 4934 1821 4992 mutuabantur
1842 4942 1898 4993 et

238 5002 617 5094 potiebantur
639 5013 721 5079 ut,
748 5028 851 5084 pro
872 5015 1047 5071 modo
1069 5018 1509 5089 admonitionis,
1533 5025 1799 5094 quaedam
1833 5026 1892 5082 in

236 5088 368 5147 loco
391 5097 709 5154 sanctuarii
729 5102 1133 5159 sacerdotibus
1155 5111 1405 5176 tantum,
1430 5088 1692 5181 quaedam
1717 5115 1891 5170 etiam

238 5180 507 5239 maribus
528 5185 729 5260 stirpis
751 5205 978 5258 eorum,
1019 5196 1287 5265 quaedam
1308 5200 1365 5253 et
1391 5180 1611 5255 cunctae
1655 5200 1889 5258 illorum

235 5268 473 5327 familiae
496 5276 795 5347 emptitiaa,
820 5295 920 5335 seu
951 5283 1293 5352 vernaculas,
1318 5286 1699 5355 debebantur,
1728 5306 1890 5347 exce-

231 5362 335 5430 pto
357 5362 518 5416 omni
540 5362 887 5439 alienigena,
910 5370 1197 5441 inquilino
1220 5390 1455 5448 quoque
1475 5378 1815 5445 sacerdotis,
1834 5384 1891 5435 et

228 5451 619 5520 mercenaria,
643 5470 748 5510 nec
772 5473 887 5512 non
909 5457 1136 5531 leproso
1159 5466 1217 5517 et
1234 5462 1560 5521 immundo.
1585 5465 1648 5521 1n
1672 5466 1888 5540 quibus

224 5538 637 5609 sanctificatis,
670 5543 719 5598 si
752 5545 951 5601 anima
981 5551 1364 5619 przevaricans
1386 5538 1760 5611 caeremonias
1785 5573 1889 5628 per

224 5640 484 5683 errorem
515 5637 832 5703 peccasset,
857 5636 1134 5694 offerebat
1156 5655 1260 5712 pro
1283 5640 1493 5701 delicto
1514 5660 1621 5703 suo
1644 5644 1883 5703 arietem

2039 585 2402 661 siclis,juxta
2421 595 2647 665 pondus
2662 599 3005 667 sanctuarii,
3027 599 3339 674 ipsumque
3363 605 3513 676 quod
3540 606 3689 661 intu-

2038 674 2475 737 leratdamnum
2494 685 2853 752 restituebat,
2871 689 3200 759 etquintam
3220 698 3439 763 partem
3466 712 3685 766 ponens

2036 782 2215 837 supra
2246 770 2509 826 tradebat
2539 775 2845 840 sacerdoti,
2880 780 2936 831 et
2966 778 3048 832 sic
3081 780 3129 833 ei
3163 780 3587 838 dimittebatur.

2108 856 2269 920 Quod
2301 858 2349 913 si
2380 860 2512 931 quis
2544 864 2869 919 comederet
2892 866 2962 919 de
2985 867 3363 925 sanctiﬁcatis
3395 889 3497 943 per
3517 873 3686 944 igno-

2036 943 2312 1011 rantiam,
2343 948 2593 1003 addebat
2642 951 2905 1022 quintam
2954 960 3176 1025 partem
3230 974 3362 1036 cum
3415 976 3480 1014 co
3530 943 3685 1032 quod

2034 1035 2384 1103 comederat,
2419 1042 2474 1091 et
2505 1039 2681 1095 dabat
2714 1044 3000 1097 sacerdoti
3039 1045 3096 1098 in
3148 1047 3572 1117 sanctuarium,
3615 1067 3687 1106 ne

2034 1123 2459 1179 contaminaret
2490 1128 2851 1184 sanctiﬁcata
2888 1131 3139 1187 ﬁliorum
3176 1135 3351 1190 Israel
3384 1152 3511 1207 quae
3543 1138 3686 1192 oil‘a-

2033 1215 2171 1263 runt
2196 1210 2463 1281 Domino,
2491 1232 2559 1270 ne
2582 1216 2725 1271 forte
2750 1219 3076 1275 sustineant
3102 1222 3466 1295 iniquitatem
3491 1224 3683 1281 delicti

2032 1298 2122 1351 sui
2148 1300 2245 1368 qui
2272 1303 2632 1358 sanctiﬁcata
2656 1308 3043 1363 comederint:
3072 1334 3099 1358 ‹‹
3122 1311 3260 1382 Ego,
3288 1312 3478 1382 inquit
3497 1313 3687 1368 Domi-
3766 1322 3767 1331 ‘

2034 1402 2165 1447 nus,
2208 1388 2307 1459 qui
2344 1392 2642 1447 sanctiﬁco
2675 1410 2791 1447 eos.
2824 1417 2849 1441 ι)
2883 1396 3027 1466 (Leu.
3064 1415 3177 1464 xxx,
3210 1400 3324 1465 23.)
3356 1400 3434 1453 Ex
3468 1402 3683 1471 quibus

2031 1474 2326 1532 evidenter
2348 1481 2762 1551 comprobatur
2785 1482 2923 1554 quia
2940 1484 3224 1541 Dominus
3244 1488 3682 1544 tabernaculum

2031 1580 2203 1619 suum
2233 1570 2289 1621 et
2324 1568 2626 1624 ministros
2658 1571 2742 1625 sic
2767 1573 3115 1639 sanctiﬁcat,
3140 1576 3507 1647 utquidquid
3543 1578 3687 1648 ipsis

2031 1653 2281 1723 pertinet
2303 1657 2733 1712 sanctiﬁcatum
2759 1663 3215 1730 permaneat.Ex
3238 1665 3414 1735 quosi
3441 1664 3690 1736 quilibet

2032 1742 2617 1818 quantulumcunque
2642 1747 2751 1801 sibi
2780 1764 2882 1819 per
2905 1765 3157 1805 errorem
3182 1751 3268 1806 vel
3296 1752 3685 1823 ignorantiam

2030 1838 2586 1900 praesumeretgaut
2644 1842 3033 1907 augmentum
3083 1839 3433 1905 restitueret,
3496 1846 3560 1896 ut
3616 1844 3687 1898 de

2030 1919 2220 1974 medio
2254 1923 2452 1993 populi
2484 1924 2573 1978 sui
2607 1924 2837 1997 periret.
2877 1926 2935 1981 Si
2965 1931 3159 1982 autem
3194 1944 3295 2000 per
3325 1930 3684 2001 superbiam,

2030 2006 2193 2062 nullo
2226 2016 2394 2081 pacto
2426 2011 2561 2067 dirae
2595 2013 2798 2070 mortis
2848 2016 3118 2071 evaderet
3164 2018 3514 2073 sententiam
3564 2018 3682 2087 hic,

2029 2111 2163 2150 cum
2196 2098 2480 2156 Dominus
2527 2103 2924 2158 sanctiﬁcator
2970 2104 3256 2173 omnium,
3289 2123 3445 2161 nunc
3477 2106 3686 2164 leniter

2028 2185 2422 2256 admonendo,
2446 2207 2602 2245 nunc
2628 2208 2830 2262 aspere
2858 2194 3224 2258 deterrendo,
3256 2199 3482 2249 astruat
3512 2213 3679 2251 suam

2028 2275 2548 2333 sanctiﬁcationem
2596 2280 2667 2334 ab
2715 2280 2799 2336 eis
2850 2298 2997 2352 quos
3026 2280 3113 2336 vel
3148 2283 3304 2352 quod
3359 2284 3684 2339 sanctiﬁcat

2028 2361 2499 2435 inseparabilem.
2532 2368 2640 2431 Qui
2674 2369 2927 2423 suntisti
2952 2370 3049 2441 qui
3086 2369 3458 2441 iniquitatem
3483 2376 3684 2427 contra

2026 2453 2329 2509 Excelsum
2370 2454 2713 2526 loquuntur,
2769 2460 3096 2512 asserentes
3147 2458 3509 2513 sanctiﬁcata
3558 2458 3685 2514 sine

2027 2542 2487 2599 sanctiﬁcatione
2518 2546 2751 2611 emisse,
2808 2550 2911 2599 aut
2959 2547 3111 2601 dono
3175 2545 3518 2617 accepisse?
3574 2547 3680 2611 Qui

2026 2629 2235 2702 utique
2262 2630 2348 2686 vel
2372 2632 2545 2687 rebus
2572 2633 2905 2687 visibilibus
2928 2634 3251 2688 debuerant
3282 2634 3498 2701 doceri,
3533 2652 3682 2706 quas

2026 2723 2275 2785 constat,
2310 2736 2415 2775 nec
2446 2720 2572 2775 sine
2604 2737 2902 2787 mensura,
2938 2738 3041 2775 nec
3086 2722 3212 2775 sine
3255 2738 3516 2789 numero,
3573 2739 3679 2778 nec

2025 2807 2152 2862 sine
2184 2809 2456 2879 pondere,
2486 2826 2614 2880 quae
2645 2810 2827 2864 semel
2861 2815 2913 2864 et
2944 2810 3118 2864 simul
3153 2810 3305 2866 Deus
3330 2809 3448 2865 illis
3469 2810 3682 2866 indidit

2025 2911 2197 2965 posse
2228 2896 2395 2951 vendi
2428 2902 2531 2951 aut
2561 2898 2785 2953 donari.
2812 2898 2970 2962 Quod
3009 2898 3057 2953 si
3089 2915 3431 2954 concessum
3456 2904 3545 2955 est
3565 2900 3680 2969 his,

2025 3002 2273 3057 quarum
2294 2987 2416 3058 ipse
2429 3003 2601 3041 usum
2622 2992 2679 3041 et
2696 2988 2994 3042 servitium
3018 2988 3163 3059 ipsis
3179 3004 3411 3060 quoque
3426 2988 3681 3045 inimicis

2026 3074 2150 3129 suis
2182 3074 2461 3143 relinquit
2490 3080 2545 3130 et
2587 3076 2890 3146 permittit,
2936 3076 3203 3131 videlicet
3253 3094 3323 3131 ne
3374 3076 3499 3132 sine
3555 3079 3680 3134 suis

2026 3162 2408 3234 qualitatibus
2441 3164 2787 3230 habeantur,
2840 3169 3058 3236 quanto
3108 3166 3296 3237 magis
3341 3167 3681 3222 conceditur

2028 3251 2165 3317 illis,
2202 3269 2347 3323 quas
2378 3254 2445 3307 ad
2477 3252 2632 3308 solos
2665 3258 2937 3324 sumptus
2970 3254 3236 3309 Ecclesiie
3267 3272 3385 3309 sua:
3439 3260 3676 3323 sanctm,

2027 3356 2090 3395 ac
2123 3341 2409 3395 ministris
2459 3342 2584 3397 suis
2616 3342 2855 3408 sanctis,
2910 3360 3024 3397 non
3075 3341 3265 3398 solum
3299 3344 3370 3397 ab
3400 3342 3677 3415 inimicis,

2026 3429 2122 3485 sed
2161 3429 2231 3485 ab
2264 3428 2469 3485 amicis
2490 3446 2728 3502 quoque
2754 3431 2876 3485 suis
2898 3430 3061 3484 laicis
3088 3448 3196 3486 sua
3217 3432 3679 3490 sanctiﬁcatione

2024 3518 2306 3573 secrevit!
2342 3518 2547 3574 Procul
2591 3519 2771 3575 dubio
2804 3520 2860 3573 in
2896 3519 3238 3589 hujusmodi
3271 3520 3679 3577 schismaticos

2024 3623 2137 3661 non
2173 3607 2425 3662 absurde
2454 3607 2628 3679 dirigi
2662 3612 2854 3679 potest
2883 3608 2986 3663 illa
3012 3609 3379 3680 querimonia
3422 3609 3633 3665 Christi
3660 3627 3673 3664 :

2025 3717 2052 3746 ‹‹
2087 3696 2420 3751 Diviserunt
2450 3696 2558 3752 sibi
2590 3698 2937 3752 vestimenta
2968 3714 3118 3753 mea.
3148 3719 3177 3746 »
3206 3698 3377 3768 (Psal.
3411 3715 3528 3765 xxr,
3561 3700 3677 3771 29.)

2020 3784 2294 3856 Nunquid
2330 3786 2486 3840 enim
2521 3790 2577 3840 et
2608 3786 2703 3841 isti
2737 3790 3018 3856 tanquam
3057 3785 3278 3856 profani
3332 3784 3569 3849 milites,
3603 3789 3676 3842 ob

2024 3875 2350 3928 mercedem
2381 3872 2723 3928 illusionum
2757 3878 2813 3927 et
2862 3873 3212 3943 injuriarum
3246 3890 3394 3945 quas
3443 3875 3673 3930 Christo

2019 3962 2397 4033 pertinaciter
2451 3961 2747 4031 ingerunt,
2783 3967 2845 4016 ut
2902 3961 3157 4016 inimicis
3203 3963 3329 4034 ejus
3386 3962 3671 4035 placeant,

2019 4055 2191 4121 atque
2216 4048 2484 4103 inimicos
2517 4049 2589 4103 ab
2622 4064 2688 4103 eo
2713 4053 2997 4114 avertant,
3027 4067 3140 4105 non
3170 4050 3677 4125 dividuntjugiter

2016 4137 2368 4193 vestimenta
2402 4136 2582 4203 illius,
2617 4138 3090 4211 quandocunque
3121 4157 3213 4195 res
3246 4139 3324 4193 illi
3360 4141 3467 4197 soli
3500 4142 3672 4197 devo-

2016 4226 2173 4281 tione
2204 4224 2466 4281 ﬁdelium
2501 4226 2762 4293 collatas,
2795 4231 2850 4282 et
2873 4229 3263 4284 sanctiﬁcatas
3284 4231 3353 4284 ad
3379 4231 3594 4286 victum
3618 4236 3675 4286 et

2017 4314 2293 4369 vestitum
2328 4331 2566 4370 suorum
2614 4316 3015 4371 membrorum
3057 4317 3247 4372 adhuc
3276 4316 3409 4372 istic
3457 4317 3670 4372 talibus

2014 4402 2381 4475 indigentum
2413 4409 2780 4475 praesumunt
2808 4410 2863 4460 et
2885 4405 2995 4460 sibi
3021 4405 3307 4471 dividunt,
3332 4422 3444 4461 non
3471 4406 3539 4461 ad
3561 4406 3669 4461 ali-

2014 4509 2190 4564 quam
2225 4492 2746 4549 sanctiﬁcationem
2781 4494 2914 4559 sibi,
2948 4495 3044 4549 sed
3072 4495 3143 4548 ad
3177 4494 3362 4548 solam
3396 4493 3670 4550 maledic-

2012 4581 2231 4636 tionem
2244 4584 2727 4654 ctsempiternam
2747 4582 3410 4647 damnationem‘IQuem
3428 4583 3670 4655 insuper

2014 4668 2145 4725 felle
2175 4670 2377 4726 cibant
2406 4676 2462 4725 et
2492 4676 2651 4728 aceto
2704 4677 2925 4742 potant,
2974 4671 3111 4741 quia
3153 4672 3507 4742 pauperibus
3537 4673 3666 4743 ejus

2009 4758 2261 4814 debitam
2297 4759 2635 4814 alimoniam
2682 4759 3095 4813 subtrahentes
3146 4777 3261 4830 prm
3294 4760 3446 4816 fame
3476 4763 3533 4815 et
3564 4761 3664 4816 siti

2003 4846 2180 4903 vitam
2204 4863 2405 4903 eorum
2423 4847 2771 4901 intolerabili
2790 4847 3178 4902 amaritudine
3191 4847 3663 4922 replent,quibus

2004 4940 2061 4991 et
2090 4936 2137 4992 si
2170 4938 2240 4991 de
2274 4953 2383 4991 sua
2412 4936 2683 4990 videntur
2720 4935 3019 4990 interdum
3079 4937 3300 5008 aliquid
3352 4938 3662 5011 impertiri,

2004 5029 2285 5097 tanquam
2325 5025 2586 5096 chlamys
2609 5024 2876 5079 coccinea
2898 5029 2953 5078 et
2976 5025 3288 5082 adhibetur
3306 5026 3663 5082 inhonestio-

2001 5113 2187 5177 ribus,
2223 5117 2288 5168 ut
2335 5118 2590 5183 putatur,
2648 5114 2929 5168 membris
2976 5113 3209 5169 Christi.
3258 5115 3455 5185 Neque
3503 5115 3656 5169 enim

2001 5202 2208 5274 pudori
2245 5203 2373 5273 ejus
2406 5202 2463 5257 in
2498 5202 2606 5257 hoc
2636 5201 2969 5267 consulunt,
3004 5204 3103 5258 sed
3137 5220 3264 5267 suo,
3298 5204 3437 5257 dum
3488 5204 3659 5258 mise-

2000 5308 2198 5346 rorum
2232 5290 2667 5346 calamitatibus
2719 5292 2791 5345 ob
2824 5292 2879 5345 id
2913 5296 3143 5345 tantum
3178 5292 3549 5355 subveniunt,
3584 5308 3658 5347 ne

2000 5379 2309 5435 inhumani
2344 5380 2669 5445 videantur,
2694 5385 2793 5435 aut
2816 5383 2969 5435 certe
2993 5380 3361 5451 importunos
3394 5379 3506 5435 sibi
3540 5397 3654 5435 non

1997 5469 2339 5525 erubescere
2372 5472 2713 5543 arguantur.
3150 5475 3185 5505 ⁸
