4106 6178
508 337 661 402 1183

1086 472 1317 532 CAPUT
1375 471 1568 530 XXVI.

505 568 579 626 De
631 584 797 641 poma,
849 564 1169 641 divisorem,
1228 564 1368 636 quod
1426 564 1695 641 Spiritum
1726 564 1995 641 sanctum
2041 573 2152 615 non

683 640 972 709 accipiant,
1006 639 1120 692 nisi
1146 635 1399 708 sequaces
1426 636 1555 705 ﬁdei
1583 635 1970 706 apostolorum.

575 747 704 803 Hmc
725 762 858 802 cum
888 745 970 801 ita
990 745 1128 812 sint,
1154 744 1311 816 quod
1334 742 1634 814 conjunxit
1654 742 1829 797 homo
1853 757 1966 796 non
1988 754 2153 810 sepa-

504 841 609 906 ret,
645 835 782 908 quia
812 834 1134 907 perniciose
1165 833 1274 889 hoc
1324 833 1515 901 faciet,
1544 831 1868 888 secundum
1902 829 2056 901 quod
2091 827 2149 882 in

501 924 809 996 Evangelio
830 924 952 994 ipse
974 939 1151 994 super
1168 922 1413 977 divortio
1426 922 1553 992 conj
1564 940 1594 975 u
1603 937 1741 991 gum
1760 920 2151 990 interrogatus

503 1013 771 1086 prohibet
817 1013 999 1084 (Marc.
1035 1030 1090 1078 Χ,
1124 1012 1198 1084 9).
1252 1011 1325 1066 Ut
1372 1010 1529 1065 enim
1578 1008 1664 1063 illi
1704 1025 1837 1063 cum
1870 1007 1983 1061 duo
2016 1008 2151 1060 ante

501 1103 838 1175 conjugium
866 1101 1233 1169 fuerint,jam
1259 1103 1390 1171 post
1410 1097 1747 1169 conjugium
1774 1113 1886 1150 non
1911 1095 2025 1149 duo
2048 1093 2149 1148 sed

500 1209 621 1247 una
651 1209 782 1247 caro
814 1194 969 1255 sunt,
1002 1192 1315 1244 attestante
1345 1188 1614 1251 Domino,
1648 1185 1733 1240 vel
1767 1185 1920 1240 sicut
1952 1184 2149 1238 anima

500 1281 802 1338 rationalis
832 1284 888 1334 et
914 1295 1045 1334 caro
1078 1294 1232 1332 unus
1253 1281 1342 1332 est
1370 1277 1565 1340 homo,
1591 1275 1673 1330 ita
1694 1273 1976 1329 clericalis
2006 1272 2146 1327 ordo

500 1375 674 1442 atque
703 1365 1406 1437 ecclesiastica-possessio
1431 1382 1549 1420 una
1569 1368 1658 1420 est
1680 1363 1911 1419 Domini
1936 1360 2148 1417 sancti-

499 1459 710 1523 ﬁcatio,
745 1474 920 1528 quam
954 1455 1224 1527 quisquis
1273 1453 1628 1509 saaculariter
1657 1452 1882 1519 dividit,
1917 1451 1999 1505 nil
2033 1449 2145 1505 nisi

498 1545 863 1620 spiritualem
897 1544 1197 1599 interitum
1247 1543 1446 1609 efﬁcit,
1497 1541 1655 1598 velut
1702 1542 1753 1597 si
1803 1540 2143 1613 conjugium

499 1634 842 1690 mmchando
865 1632 1161 1689 hominem
1181 1631 1367 1689 solvat
1383 1632 1696 1688 occidendo
1722 1650 1735 1700 ;
1761 1648 1875 1703 quo
1894 1629 2147 1700 denique

497 1724 671 1791 facto,
703 1740 940 1778 necesse
971 1725 1058 1777 est
1088 1722 1235 1777 duos
1265 1722 1481 1787 irrites,
1507 1722 1648 1776 dum
1681 1737 1865 1776 unum
1897 1718 2143 1784 divides,

496 1812 679 1869 Deum
694 1811 917 1869 scilicet
928 1810 1467 1883 atqucmaritum,si
1483 1826 1742 1875 uxorem;
1759 1808 2144 1864 nihilominus

496 1902 681 1958 Deum
710 1905 886 1972 atque
916 1901 1250 1957 interiorem
1282 1900 1606 1969 hominem,
1633 1899 1681 1955 si
1702 1898 1969 1955 diviseris
1991 1900 2143 1953 exte-

494 1991 729 2047 riorem.
752 1991 841 2046 Sic
864 1990 920 2045 in
948 1991 1133 2046 Deum
1165 1993 1222 2045 et
1242 1989 1299 2044 in
1323 1988 1578 2045 famulos
1600 1988 1728 2060 ejus
1751 2004 1976 2059 peccas,
2000 1987 2143 2041 dum

495 2080 915 2137 sanctiﬁcatam
951 2096 1152 2135 eorum
1174 2078 1603 2151 possessionem
1627 2094 1662 2132 a
1685 2094 1794 2133 sua
1814 2075 2144 2132 sanctifica-

410 2164 420 2175 ’
493 2169 651 2225 tione
680 2172 1034 2240 sequestres.
1067 2169 1229 2233 Quod
1260 2166 1648 2238 periculosius
1678 2166 1821 2221 facis
1851 2165 1944 2220 hic
1964 2180 2141 2236 quam

495 2256 557 2311 in
588 2255 894 2324 adulterio,
945 2256 1086 2327 quia
1128 2254 1248 2309 illic
1302 2272 1512 2321 unum,
1563 2255 1656 2310 hic
1713 2261 1901 2310 autem
1954 2252 2144 2308 multa

494 2344 801 2401 hominum
817 2343 1001 2400 millia
1012 2342 1563 2409 scandalizas.Quod
1582 2343 1627 2398 si
1645 2342 1777 2415 quis
1791 2340 2143 2398 scandaliza-

493 2433 641 2488 verit
671 2449 854 2488 unum
885 2433 956 2487 de
1004 2431 1235 2504 pusillis
1283 2433 1406 2499 Dei,
1462 2449 1591 2488 cum
1652 2431 1811 2488 mola
1860 2431 2138 2498 asinaria,

493 2519 641 2577 collo
671 2521 797 2591 ejus
828 2521 1258 2591 suspendenda,
1317 2520 1744 2593 demergendus
1783 2523 1873 2575 est
1903 2519 1961 2574 in
2003 2536 2141 2591 pro-

492 2610 742 2666 tundum
787 2611 970 2666 maris
1018 2609 1227 2681 (Matth.
1278 2627 1439 2677 xvm,
1489 2610 1565 2681 6),
1618 2608 1781 2682 quid,
1839 2612 2140 2680 putamus,

492 2704 750 2756 meretur
778 2699 880 2772 qui
909 2702 995 2755 tot
1023 2700 1152 2770 ejus
1181 2699 1427 2771 pusillos
1481 2716 1613 2754 cum
1659 2698 1985 2769 majoribus
2034 2714 2144 2753 sua

492 2788 808 2845 ambitione
839 2791 896 2845 et
924 2787 1223 2845 invasione
1268 2787 1668 2845 scandalizat?
1713 2790 1835 2853 Quo
1865 2786 2141 2843 seandalo

493 2877 834 2950 conjugium
866 2877 1081 2933 Christi
1107 2867 1168 2933 et
1199 2877 1464 2934 Ecclesia
1496 2894 1602 2933 suo
1635 2875 1806 2933 solvit
1832 2875 2139 2944 adulterio,

493 2965 811 3021 homicidio
842 2982 1075 3037 quoque
1105 2968 1163 3020 et
1204 2964 1531 3037 sacrilegio,
1578 2964 1679 3020 ubi
1730 2981 1837 3020 suo
1884 2963 2142 3036 maligno

493 3053 613 3110 zelo
634 3053 897 3110 eliminat
919 3054 991 3109 ab
1011 3052 1268 3109 Ecclesia
1288 3054 1523 3109 arrham
1547 3053 1726 3109 divini
1756 3052 2140 3122 matrimonii,

492 3143 777 3216 Spiritum
807 3146 1074 3199 sanctum
1105 3142 1326 3199 scilicet
1348 3161 1462 3216 quo
1482 3143 1977 3209 sanctiﬁcabatur,
2009 3141 2143 3197 vivi-

1555 333 1960 401 HUMBERTI
2006 334 2069 397 S.
2118 332 2191 396 Β.
2239 330 2310 395 E.
2356 328 2851 398 CARDINALIS.

3690 338 3816 405 1184

2184 473 2238 544 Α
2262 464 2513 538 differre,
2546 466 2666 526 imo
2694 466 2806 526 hoc
2833 467 3030 542 ipsum
3059 464 3370 527 catholicos
3405 469 3547 544 quod
3572 468 3813 533 hereticos

2258 573 2413 615 esse.
2434 559 2543 615 Sed
2566 558 2720 616 absit
2752 559 2873 617 haec
2903 558 3149 632 perﬁdia
3177 559 3248 615 ab
3277 559 3480 617 animis
3505 559 3813 622 Christianis!

2257 645 2487 703 Veritas
2504 648 2721 720 quippe
2741 647 3092 705 inviolabilis
3114 665 3231 705 suae
3253 649 3629 721 promissionis
3642 656 3818 708 senten-

2258 735 2401 791 tiam
2434 736 2757 794 inviolabili
2795 738 3226 811 subscriptione
3271 738 3648 805 corroboravit,
3674 741 3817 798 eidem

2260 840 2395 881 mox
2424 826 2825 900 subjungens:
2862 850 2891 877 «
2924 827 3070 894 Quia
3100 843 3215 882 non
3255 826 3405 882 videt
3444 842 3587 894 eum,
3626 844 3712 883 nec
3735 828 3815 885 scit

2258 929 2393 970 eum
2425 914 2601 987 (Joan.
2634 933 2747 985 XIV,
2784 917 2892 987 17).
2928 938 2956 966 ››

2329 1003 2598 1072 Proinde,
2633 1021 2768 1060 cum
2800 1006 2876 1061 sit
2908 1004 3042 1078 plus
3072 1005 3329 1076 accipere
3374 1004 3645 1076 quodlibet
3684 1021 3817 1076 quam

2254 1091 2449 1148 videre
2480 1097 2732 1160 tantum,
2758 1098 2859 1150 aut
2886 1094 3056 1161 scire,
3088 1098 3315 1150 constat
3359 1093 3665 1149 mendacem
3690 1110 3817 1150 mun-

2256 1182 2397 1237 dum
2453 1199 2567 1239 non
2614 1184 2877 1257 accipere
2928 1183 3211 1256 Spiritum
3259 1183 3527 1251 veritatis,
3572 1199 3717 1255 quem
3743 1200 3818 1239 nec

2254 1269 2447 1326 videre
2476 1287 2581 1328 nec
2610 1272 2759 1328 scire
2788 1272 3178 1345 praedicatur;
3232 1272 3333 1344 qui
3387 1288 3515 1343 ergo
3566 1287 3658 1326 nec
3704 1272 3817 1343 quod

2255 1358 2568 1416 minimum
2590 1365 2680 1417 est
2694 1366 2973 1431 meretur,
2993 1362 3297 1417 dubitatur
3312 1377 3382 1415 an
3404 1360 3547 1432 quod
3566 1359 3819 1414 maximum

2253 1452 2666 1505 estmereatur.
2692 1451 2763 1506 Et
2783 1450 2887 1523 qui
2905 1449 3188 1523 indignus
3202 1449 3501 1522 judicatur
3519 1447 3671 1503 etiam
3682 1454 3820 1503 extre-

2254 1553 2350 1592 ma
2388 1538 2663 1607 scintilla,
2697 1539 2914 1613 dignus
2941 1543 3031 1595 est
3076 1539 3171 1594 cui
3203 1538 3441 1593 cedatur
3467 1540 3578 1592 tota
3603 1536 3821 1591 ﬂamma?

2250 1626 2362 1681 Sed
2393 1628 2595 1682 eadem
2626 1628 2877 1695 Veritas,
2910 1645 3051 1685 suos
3073 1629 3144 1683 de
3173 1626 3394 1699 Spiritu
3424 1642 3524 1682 suo
3544 1624 3818 1689 certiﬁcans,

2249 1714 2584 1785 subjunxit:
2621 1738 2651 1766 ‹‹
2676 1720 2791 1773 Vos
2809 1721 3006 1773 autem
3027 1715 3393 1790 cognoscetis
3412 1731 3557 1781 eum,
3574 1713 3691 1785 quia
3706 1711 3817 1784 apud

2249 1820 2351 1859 vos
2408 1805 2687 1875 manebit,
2746 1810 2807 1862 et
2862 1806 2923 1861 in
2953 1805 3118 1863 vobis
3170 1805 3286 1861 erit
3326 1805 3497 1877 (Joan.
3526 1819 3627 1869 XIV,
3672 1801 3816 1872 17.).»

2253 1893 2397 1948 Hinc
2428 1894 2846 1966 comprobatur
2884 1894 3165 1967 Spiritum
3216 1897 3482 1950 sanctum
3512 1909 3543 1948 a
3585 1887 3819 1960 discipulis

2252 1982 2466 2039 Christi
2498 1983 2790 2056 cognosci.
2823 1987 2882 2039 et
2912 1984 3067 2056 apud
3113 1999 3212 2040 eos
3243 1987 3304 2038 et
3332 1983 3389 2038 in
3431 1981 3510 2037 eis
3566 1994 3751 2035 manere
3771 1977 3815 2031 in

2251 2076 2550 2128 aeternum.
2570 2073 2732 2139 Quod
2756 2073 2803 2129 si
2829 2073 2962 2143 quis
2978 2072 3623 2129 calumniatorastruere
3640 2070 3821 2124 conatur

2250 2160 2369 2217 illis
2410 2164 2662 2227 tantum,
2716 2162 2818 2233 qui
2863 2161 2976 2218 sibi
3021 2167 3162 2218 tunc
3220 2165 3453 2217 tantum
3507 2155 3821 2221 adhaerebant,

2250 2248 2534 2321 Spiritum
2566 2254 2835 2306 sanctum
2868 2268 2902 2305 a
2929 2250 3159 2306 Christo
3205 2248 3635 2322 repromissum,
3676 2243 3825 2301 audiat

2251 2339 2406 2410 quod
2437 2338 2669 2406 dicitur,
2722 2361 2751 2388 «
2781 2342 2847 2394 ut
2878 2343 3113 2396 maneat
3160 2337 3466 2395 vobiscum
3514 2337 3565 2391 in
3608 2339 3822 2391 aeternum

2249 2427 2408 2497 (Ibid.
2445 2444 2557 2495 va,
2583 2429 2692 2500 11).
2728 2450 2756 2477 ››
2806 2429 2875 2484 Et
2911 2444 2984 2484 ne
3034 2428 3181 2484 forte
3227 2427 3424 2483 adhuc
3471 2424 3824 2497 tergiversatur,

2222 2578 2225 2579 ν
2249 2514 2467 2572 recolat
2486 2517 2639 2589 quod
2674 2516 2849 2589 paulo
2881 2516 3154 2589 superius
3178 2515 3434 2588 exempli
3461 2531 3622 2570 causa
3645 2524 3825 2566 assum-

2247 2604 2441 2676 psimu
2451 2605 2606 2672 s,ubi
2628 2605 2896 2661 Christus
2908 2606 3166 2679 rogando
3179 2606 3414 2662 Patrem
3436 2608 3496 2659 ut
3510 2599 3826 2658 sanctiﬁcaret

2249 2692 2571 2765 discipulos
2602 2693 2720 2749 ait:
2758 2716 2786 2745 ‹‹
2806 2695 2933 2750 Non
2965 2711 3071 2767 pro
3099 2694 3194 2750 his
3224 2699 3427 2751 autem
3458 2708 3584 2765 rogo
3629 2691 3822 2755 tantum,

2250 2782 2347 2837 sed
2380 2786 2439 2837 et
2467 2798 2570 2854 pro
2602 2781 2688 2838 eis
2713 2782 2813 2856 qui
2845 2782 3120 2838 credituri
3144 2787 3409 2855 suntper
3427 2782 3647 2837 verbum
3671 2790 3822 2832 eorum

2247 2870 2454 2937 inme,
2513 2874 2580 2926 ut
2634 2888 2840 2929 omnes
2899 2889 3084 2928 unum
3142 2871 3271 2929 sint:
3330 2873 3500 2945 (Joan.
3546 2863 3821 2935 xxn,20).»

2250 2960 2425 3016 Porro
2456 2960 2843 3017 sanctiﬁcatio
2875 2977 2981 3017 nec
3010 2962 3187 3017 datur
3212 2978 3324 3018 nec
3348 2960 3585 3017 habetur
3608 2956 3712 3011 sine
3734 2949 3823 3023 Spi-

2250 3049 2364 3104 ritu
2399 3054 2621 3106 sancto.
2654 3049 2895 3106 Constat
2925 3066 3061 3123 ergo
3091 3049 3391 3123 apOstolos
3422 3059 3707 3117 eorumque
3726 3057 3821 3097 suc-

2250 3154 2511 3194 cessores
2559 3138 2877 3211 apostolica
2908 3139 3024 3195 fide
3053 3140 3230 3195 corde
3280 3136 3630 3195 credentibus
3670 3135 3717 3186 et
3753 3143 3821 3183 ore

495 3209 780 3288 ficabatur
809 3236 865 3287 et
885 3233 1220 3288 ornabatur.
1246 3209 1528 3299 Qui-sicut
1548 3232 1730 3304 replet
1749 3232 1943 3288 orbem
1967 3235 2143 3286 terra—
2171 3209 2215 3278 Ο
2253 3209 2957 3299 confitentibusSpiritum
2978 3219 3823 3301 sanctumcognoscere,accipcl‘e

494 3337 645 3389 rum,
678 3324 737 3376 et
767 3321 1026 3375 continet
1054 3320 1253 3376 omnia
1274 3324 1555 3392 tanquam
1578 3322 1873 3388 Conditor,
1907 3324 1971 3375 ut
2001 3319 2139 3375 sub-

493 3409 700 3464 sistere
731 3407 982 3474 valeant,
1015 3409 1099 3464 sic
1145 3413 1203 3464 et
1240 3409 1578 3478 Ecclesiam,
1629 3413 1686 3465 et
1732 3410 1932 3465 omnia
1979 3408 2139 3464 illius

492 3496 678 3568 replet
707 3513 773 3550 ac
802 3496 1077 3560 continet,
1128 3500 1407 3568 tanquam
1449 3497 1860 3560 sanctificator,
1910 3501 1977 3552 ut
2023 3514 2138 3552 non

494 3584 684 3641 solum
720 3584 1056 3651 subsistere,
1086 3586 1185 3640 sed
1228 3585 1468 3657 insuper
1500 3590 1702 3641 sancta
1731 3603 1859 3642 esse
1885 3586 2135 3642 valeant.

493 3675 675 3739 Quam
706 3673 1250 3741 sanctificationem,
1283 3674 1435 3729 bona
1462 3674 1755 3741 voluntas,
1782 3674 1867 3731 vel
1891 3676 2138 3743 devotio,

491 3768 666 3836 atque
713 3762 896 3819 oratio
944 3762 1152 3818 invitat
1194 3763 1266 3819 ad
1317 3763 1802 3819 sanctiﬁcandum
1852 3764 2140 3837 quidquid

492 3855 705 3909 sanctae
736 3851 1003 3907 Ecclesiae
1026 3853 1322 3907 confertur
1350 3869 1384 3908 a
1408 3851 1700 3917 fidelibus,
1726 3852 1827 3925 qui
1857 3857 2143 3925 praecepta

491 3940 799 3997 Dominica
828 3944 1145 4008 servantes,
1170 3941 1241 3998 ad
1277 3941 1539 3997 caelestes
1572 3942 1881 3998 thesauros
1912 3946 2142 3999 terrena

492 4022 846 4102 patrimonia
862 4029 933 4084 de
950 4032 1106 4084 terra
1123 4028 1335 4097 levant,
1358 4034 1414 4087 et
1428 4032 1791 4087 transferunt
1812 4049 1914 4104 per
1929 4048 2140 4088 manus

492 4133 815 4190 pauperum
849 4116 1081 4188 spiritu,
1104 4134 1357 4189 quorum
1380 4125 1469 4176 est
1487 4119 1765 4175 ccelorum
1788 4137 2059 4193 regnum,
2086 4125 2143 4177 et

495 4222 746 4279 quorum
764 4206 1074 4261 advocator
1089 4212 1146 4262 et
1162 4206 1493 4264 consolator
1507 4213 1596 4265 est
1609 4209 1862 4281 Spiritus
1879 4214 2139 4276 sanctus,

493 4313 527 4352 a
555 4311 670 4367 quo
700 4294 892 4351 omnis
924 4294 1330 4364 sanctiﬁcatio,
1362 4296 1480 4353 imo
1513 4298 1615 4370 qui
1646 4302 1735 4354 est
1762 4298 1891 4371 ipsa
1921 4299 2141 4355 sancti-

492 4383 704 4440 ﬁcatio.
740 4385 871 4455 Ipso
900 4388 1089 4439 totum
1112 4401 1324 4457 corpus
1355 4385 1622 4442 Ecclesiae
1655 4387 2056 4443 sanctificatur
2084 4393 2144 4445 et

494 4473 734 4545 regitur.
772 4474 899 4544 Ipse
928 4473 1177 4530 vicarius
1207 4474 1422 4530 Christi
1445 4473 1750 4547 discipulis
1771 4476 1901 4547 ejus
1922 4480 1979 4531 et
2000 4476 2139 4531 iide-

492 4561 647 4619 libus
676 4562 953 4618 omnibus
982 4562 1198 4634 ubique
1230 4563 1647 4634 patrocinatur,
1704 4581 1807 4637 pro
1856 4564 2143 4637 corporali
2176 4583 2220 4648 Ι)

492 4649 796 4722 praesentia
828 4649 1007 4707 illius.
1042 4651 1207 4706 Hunc
1238 4651 1418 4707 alium
1448 4651 1812 4708 Paracletum
1837 4652 1961 4708 dari
1991 4652 2137 4721 suis,

493 4744 557 4795 ut
588 4756 723 4795 cum
751 4739 835 4793 eis
872 4744 1106 4795 maneat
1134 4739 1194 4795 in
1226 4743 1504 4795 aeternum
1536 4739 1718 4797 Filius
1766 4740 1991 4814 rogavit
2038 4741 2142 4798 Pa-

491 4831 662 4883 trem.
694 4828 861 4883 Hunc
908 4826 1193 4899 Spiritum
1242 4828 1523 4896 veritatis,
1578 4846 1704 4900 quae
1734 4830 2003 4887 Christus
2027 4835 2137 4897 est,

492 4932 607 4971 non
640 4920 829 4985 potest
873 4915 1134 4988 accipere
1183 4917 1442 4972 mundus
1489 4918 1549 4972 in
1581 4918 1840 4992 maligno
1890 4920 2140 4992 positus,

491 5003 749 5060 hmretici
779 5003 1018 5072 scilicet,
1051 5006 1261 5072 Judaei,
1295 5009 1351 5061 et
1381 5007 1668 5062 increduli
1701 5012 1875 5080 atque
1905 5009 2140 5082 pagani,

493 5092 754 5167 alioquin
787 5093 835 5149 si
867 5095 1145 5163 mundus,
1176 5094 1275 5167 qui
1305 5094 1525 5152 talibus
1555 5097 1846 5165 consistit,
1876 5098 1934 5153 in
1968 5099 2141 5171 perﬁ-

493 5183 591 5239 dia
622 5184 1017 5256 permanendo
1038 5182 1322 5256 Spiritum
1343 5185 1607 5242 veritatis
1645 5187 1905 5258 accipere
1930 5192 2137 5259 potest,

492 5277 594 5328 aut
623 5272 879 5329 Ecclesia
895 5271 1059 5328 nulla
1077 5277 1166 5329 est
1187 5277 1306 5341 aut,
1339 5274 1390 5329 si
1410 5278 1518 5343 est,
1554 5275 1856 5331 mendacio
1879 5277 2142 5350 arguitur

491 5361 738 5429 Veritas,
775 5379 906 5433 qum
937 5362 1147 5418 asserit
1174 5365 1336 5418 extra
1384 5380 1515 5418 eum
1567 5380 1681 5418 non
1735 5382 1906 5436 posse
1955 5365 2139 5438 accipi

493 5448 773 5520 Spiritum
797 5456 1089 5506 sanctum.
1115 5451 1174 5507 Si
1197 5451 1352 5506 enim
1376 5450 1624 5506 haeretici
1648 5456 1704 5506 et
1723 5454 1908 5508 caateri
1935 5453 2141 5526 perfidi

492 5535 753 5607 accipere
783 5544 1031 5609 possunt
1061 5539 1343 5611 Spiritum
1374 5538 1655 5613 veritatis,
1687 5546 1915 5598 constat
1947 5543 2139 5600 catho-

492 5624 636 5692 licos
695 5629 795 5683 aut
851 5644 966 5683 non
1024 5628 1303 5702 accipere,
1361 5632 1462 5687 aut
1518 5627 1663 5684 nihil
1724 5630 1795 5687 ab
1850 5631 2136 5694 hmreticis

2246 3321 2304 3372 et
2332 3319 2486 3389 apud
2509 3332 2609 3373 eos
2632 3321 2688 3372 et
2707 3317 2766 3372 in
2783 3316 2866 3373 eis
2883 3333 3139 3373 manere.
3163 3315 3331 3372 Unde
3351 3319 3413 3371 ut
3435 3310 3822 3385 reliquaspestes

2247 3405 2484 3460 interim
2515 3406 3055 3478 praetermittamus,
3095 3406 3349 3477 probent
3378 3398 3663 3459 Simoniaci
3690 3395 3819 3451 ﬁdem

2248 3511 2311 3550 se
2341 3492 2722 3566 apostolicam
2753 3497 2809 3549 et
2845 3494 3171 3550 doctrinam
3223 3492 3518 3566 sequendo
3559 3487 3763 3544 vendere
3784 3482 3825 3535 et

2248 3600 2440 3639 emere
2465 3583 2749 3655 Spiritum
2770 3588 3062 3653 sanctum,
3076 3588 3134 3640 et
3146 3583 3276 3639 sine
3295 3576 3663 3638 controversia
3679 3585 3826 3655 conca

2249 3673 2421 3728 datur
2440 3654 2526 3728 eis
2547 3671 2807 3745 accipere
2827 3673 3108 3728 ethabere
3129 3671 3417 3744 Spiritum
3435 3665 3745 3729 sanctum,et
3758 3654 3824 3712 cui

2248 3760 2539 3818 voluerint
2567 3761 2687 3817 sive
2715 3761 2900 3834 gratis
2929 3761 3051 3816 sive
3081 3778 3198 3817 non
3231 3760 3416 3833 gratis
3445 3758 3720 3830 impetrare
3751 3747 3826 3802 aut

2250 3851 2409 3906 dare.
2442 3851 2605 3915 Quod
2636 3850 2687 3906 si
2717 3851 2964 3922 probare
2994 3866 3112 3905 non
3133 3840 3433 3921 poterunt,
3457 3847 3600 3903 sicut
3623 3856 3729 3897 vere
3743 3849 3826 3891 non

2250 3943 2521 4012 possunt,
2552 3939 2807 3996 maxime
2838 3956 2972 3995 cum
3004 3940 3077 3995 ab
3108 3938 3257 4012 ipsis
3289 3935 3584 4010 primitivae
3602 3928 3678 3987 vel
3693 3924 3827 3983 totius

2250 4027 2517 4085 Ecclesiae
2547 4027 2862 4096 columnis,
2886 4029 3056 4085 Petro
3088 4026 3490 4100 apostolorum
3539 4017 3758 4095 principe
3790 4012 3830 4065 et

2247 4118 2475 4175 Joanne
2536 4118 2748 4175 dilecto
2805 4117 3039 4173 Domini
3096 4115 3362 4189 apostolo
3419 4120 3476 4170 et
3524 4103 3827 4180 evangelis“.

2251 4207 2536 4274 noverint,
2568 4225 2675 4264 nec
2707 4223 2919 4281 negare
2950 4210 3202 4279 possunt
3233 4208 3529 4262 auctorem
3569 4203 3829 4285 suum-pl}?

2251 4294 2375 4350 sola
2396 4299 2517 4350 tam
2532 4295 2767 4351 nefandi
2784 4274 3002 4368 negot—ii
3028 4293 3417 4350 aestimatione
3434 4274 3827 4371 irrecuperahili:

2248 4386 2338 4439 ter
2358 4383 2704 4452 contritum;
2737 4386 3093 4456 cognoscant
3111 4398 3174 4438 se
3194 4398 3327 4439 esse
3347 4382 3418 4437 de
3436 4376 3641 4436 mundo
3658 4369 3740 4427 illo
3757 4369 3829 4456 qui

2250 4489 2365 4528 non
2397 4475 2589 4544 potest
2617 4452 2876 4545 accipere
2904 4470 3168 4528 veritatis
3215 4470 3524 4544 Spiritum,
3555 4471 3608 4520 et
3647 4452 3830 4549 resipis:

2251 4541 2447 4617 cantas
2477 4541 2761 4617 festinent
2812 4561 2936 4617 ﬁeri
2985 4561 3055 4616 de
3102 4541 3329 4615 mundo
3381 4557 3478 4614 illo
3522 4566 3677 4628 quem
3710 4541 3830 4612 eligit

2251 4649 2521 4707 Christus
2545 4650 2617 4706 de
2648 4650 2870 4706 mundo
2900 4649 3159 4706 illorum.

2819 4755 3052 4812 CAPUT
3112 4754 3332 4811 XXVII.

2248 4846 2324 4901 De
2352 4845 2591 4918 Spiritus
2620 4846 2801 4928 sancti
2821 4847 3157 4928 πατέω-ψει
3175 4841 3624 4928 resurrectionem
3644 4834 3695 4888 in

2637 4917 2793 4989 pulos
2821 4920 2874 4971 et
2900 4915 3140 4973 vindicta
3177 4918 3240 4970 in
3266 4915 3505 4970 Anania.

2320 5006 2486 5062 Hunc
2506 4981 2651 5062 sane
2667 5005 3032 5063 Paracletum
3053 5004 3217 5061 misit
3243 5002 3415 5059 Pater
3432 5003 3489 5056 in
3509 4994 3718 5054 nomine
3735 4981 3828 5080 Filii

2250 5095 2364 5163 sui,
2390 5102 2453 5150 ut
2484 5093 2686 5152 ﬁdeles
2715 5094 2843 5167 ipse
2873 5094 3104 5150 doceret
3128 5092 3349 5160 omnia,
3373 5095 3431 5147 et
3458 5080 3754 5160 suggereret
3769 5084 3827 5128 eis

2249 5185 2450 5241 omnia
2461 5183 3314 5257 quaecunquedixeriteisidem
3327 5179 3677 5238 Filius.Hunc
3696 5175 3825 5257 suun?

2249 5252 2700 5348 Spirituin,quia
2721 5252 2755 5331 ὁ,
2775 5274 2943 5331 Patre
2962 5270 3474 5346 procedit,Veritas
3493 5267 3609 5324 suis
3623 5258 3771 5320 misit,
3782 5252 3827 5305 ul

2249 5364 2335 5421 illi
2364 5365 2768 5422 testimonium
2801 5379 2905 5438 per
2933 5380 3032 5420 eos
3061 5361 3367 5435 perhibent
3386 5361 3456 5416 de
3475 5356 3630 5430 ipsis,
3650 5348 3826 5443 qui-fet?

2249 5471 2283 5510 a
2311 5453 2454 5510 Filio
2485 5455 2557 5510 ad
2588 5471 2689 5511 eos
2719 5433 3079 5519 mitteretur,
3102 5467 3208 5507 nec
3228 5449 3451 5507 veniret
3477 5447 3525 5504 si
3552 5445 3661 5517 ipse
3687 5433 3824 5493 Filius

2247 5543 2384 5599 hinc
2414 5559 2528 5599 non
2560 5544 2822 5600 abiisset.
2847 5542 3008 5608 Quod
3026 5540 3112 5599 eis
3134 5539 3387 5598 maxime
3424 5529 3745 5609 expediebat,
3770 5530 3822 5573 ne

2248 5648 2384 5689 earn
2392 5631 2511 5691 ales
2523 5635 2913 5703 remanerent,
2926 5632 2976 5689 si
2991 5631 3287 5691 Christum
3300 5646 3415 5686 non
3432 5624 3539 5686 nisi
3558 5611 3819 5680 secundllm
