4106 6178
267 324 422 389 1185

860 328 1273 394 ADVERSUS
1321 310 1793 394 SIMONIACOS
1836 322 2044 394 LIBRI
2092 328 2316 393 TitES.
2345 328 2680 395 —.LIBER
2724 334 3080 400 TERTIUS.

3515 344 3671 407 “8b

267 476 499 516 carnem
515 463 1915 538 nossecurarent.Hiucveniensarguitmundum
1945 467 2001 532 Α
2033 464 2133 519 fidi
2185 464 2339 536 Magi
2372 465 2431 521 in
2466 466 2591 522 sola
2637 467 3019 525 aestimatione
3067 471 3416 530 fraudulenti
3457 480 3673 551 negotii

267 549 646 606 immundum
693 551 765 608 de
811 556 1045 624 peccato
1091 552 1539 621 incredulitatis,
1573 554 1645 609 de
1683 554 1920 626 justitia

268 643 600 707 suorum,et
617 639 688 696 de
703 640 930 712 judicio
952 641 1168 698 diaboli
1191 642 1345 698 foras
1366 642 1664 713 ejecti.llic
1687 659 1920 715 quoque

267 727 523 801 Spiritus
552 729 816 786 veritatis
843 729 1082 787 veniens
1130 731 1297 787 docet
1343 730 1557 787 Christi
1597 730 1922 804 discipulos

270 834 507 874 omnem
532 818 857 887 veritatem,
891 824 956 875 ut
985 837 1088 893 per
1116 820 1312 892 ipsum
1353 819 1685 893 spirituales
1732 820 1919 876 effecti

270 907 503 964 discant
526 907 712 963 multa
741 925 868 980 quae
898 908 1167 966 Christus
1196 909 1449 965 habebat
1477 908 1561 966 eis
1591 909 1798 977 dicere;
1820 910 1920 965 sed

270 997 412 1069 quia
437 995 632 1053 adhuc
661 996 926 1055 carnales
955 1003 1141 1065 erant,
1173 1015 1289 1054 non
1319 1002 1585 1071 poterant
1612 999 1767 1054 hunc
1789 1015 1923 1070 por-

271 1091 419 1142 tare.
453 1087 567 1141 Nec
599 1085 862 1159 loquitur
909 1088 980 1143 ad
1028 1088 1397 1161 semetipsos,
1430 1089 1531 1145 sed
1563 1103 1925 1160 quaecunque

273 1174 439 1230 audit
468 1173 749 1247 loquitur,
784 1179 843 1231 et
870 1192 1001 1247 quae
1028 1181 1275 1233 ventura
1305 1181 1445 1233 sunt
1473 1177 1785 1234 annuntiat
1816 1178 1922 1233 eis.

274 1264 374 1320 Ille
403 1262 616 1320 Filium
649 1264 950 1335 clariﬁcat,
986 1264 1085 1338 qui
1117 1269 1251 1322 ante
1282 1265 1616 1338 passionem
1647 1268 1776 1338 ejus
1807 1284 1923 1323 non

273 1357 398 1409 erat
429 1356 626 1421 datus,
657 1352 788 1424 quia
822 1353 997 1409 Jesus
1027 1355 1290 1409 nondum
1323 1355 1513 1410 fuerat
1541 1354 1921 1427 glorificatus.

273 1442 379 1498 Hic
409 1445 496 1499 est
525 1457 680 1513 aqua
712 1440 817 1497 illa
863 1441 992 1498 viva
1032 1443 1105 1498 ad
1153 1444 1322 1516 cujus
1352 1443 1631 1500 haustum
1663 1445 1925 1501 sitientes

274 1532 429 1588 idem
465 1531 645 1586 Filius
674 1530 898 1587 invitat.
936 1531 1040 1587 Hic
1069 1548 1304 1605 quoque
1352 1537 1442 1589 est
1488 1533 1741 1606 Spiritus
1779 1535 1923 1592 veri-

273 1621 439 1687 tatis,
471 1620 572 1692 qui
618 1638 651 1675 a
700 1624 756 1676 te
804 1636 969 1694 reges
1017 1625 1074 1677 et
1121 1621 1418 1691 praesides,
1451 1628 1734 1695 tanquam
1773 1623 1926 1680 ﬁdus

273 1711 616 1775 advocatus,
656 1708 920 1781 loquitur
976 1709 1035 1765 in
1095 1710 1424 1784 discipulis,
1466 1730 1538 1768 ne
1569 1712 1645 1768 sit
1692 1729 1926 1770 necesse

274 1797 664 1871 praemeditari
695 1796 945 1870 qualiter
974 1799 1385 1872 respondeant,
1419 1802 1637 1873 quibus
1663 1802 1836 1857 datur
1862 1801 1924 1856 in

278 1886 385 1943 illa
431 1887 574 1943 hora
623 1887 764 1959 quid
803 1886 1146 1961 loquantur.
1178 1890 1292 1946 Nec
1325 1890 1482 1946 enim
1512 1890 1626 1962 ipsi
1658 1895 1795 1946 sunt
1825 1891 1925 1962 qui

274 1976 623 2050 loquuntur,
657 1977 760 2032 sed
792 1977 1048 2050 Spiritus
1090 1983 1352 2037 sanctus.
1390 1980 1489 2035 Hic
1528 1980 1663 2036 fecit
1694 1985 1760 2036 ut
1788 1997 1925 2052 apo-

273 2066 414 2123 stoli
445 2070 628 2122 testes
669 2070 867 2123 essent
912 2067 1129 2123 Christi
1179 2068 1238 2123 in
1285 2067 1634 2139 Jerusalem,
1666 2073 1720 2125 et
1758 2069 1832 2124 ab
1861 2085 1930 2124 ea

276 2171 751 2227 quaquaversum
784 2172 968 2228 usque
997 2157 1068 2212 ad
1104 2155 1381 2212 ultimum
1412 2161 1599 2212 terras.
1624 2158 1754 2229 Ipse
1784 2157 1927 2213 visi-

277 2245 476 2300 bilitcr
522 2261 756 2318 quoque
797 2261 896 2301 eos
948 2245 1354 2314 inﬂammavit,
1387 2246 1772 2319 omniumque
1816 2246 1929 2301 lin-

276 2350 530 2408 guarum
564 2351 685 2389 suae
716 2334 1226 2407 septemplicitatis
1252 2335 1439 2408 gratia
1459 2335 1928 2408 donaviLIpscin

278 2423 562 2496 apostolis
611 2424 773 2479 idioti
804 2428 860 2479 et
888 2423 1015 2480 sine
1046 2424 1260 2480 litteris
1309 2424 1523 2480 restitit
1546 2424 1930 2497 [principibus

279 2510 654 2565 sacerdotum
684 2514 741 2565 et
771 2510 1218 2583 magistratibus
1242 2512 1594 2580 Iudaeorum,
1630 2517 1695 2568 ut
1734 2512 1929 2585 prohi—

277 2599 388 2655 biti
441 2598 605 2670 loqui
648 2602 985 2656 constanter
1041 2601 1460 2673 responderent
1521 2619 1534 2657 :
1597 2624 1624 2651 ‹‹
1686 2601 1932 2657 Obedire

277 2691 514 2760 oportet
543 2688 733 2761 magis
762 2688 879 2745 Deo
920 2704 1099 2761 quam
1130 2689 1471 2746 hominibus
1502 2690 1635 2763 (Act.
1667 2708 1721 2759 v,
1753 2692 1864 2763 29),
1901 2713 1929 2741 »

276 2781 339 2833 et
366 2777 415 2832 si
437 2777 670 2849 justum
697 2781 788 2832 est
818 2776 877 2832 in
908 2781 1222 2849 conspectu
1254 2778 1356 2835 Dei
1387 2795 1489 2835 vos
1519 2781 1713 2852 potius
1730 2781 1932 2837 audire

278 2882 465 2939 quam
500 2866 705 2934 Deum,
730 2866 1012 2938 judicate.
1045 2867 1246 2939 Neque
1274 2866 1429 2924 enim
1461 2885 1777 2941 possumus
1805 2886 1932 2941 quae

278 2955 616 3011 audivimus
665 2960 722 3011 et
767 2955 1026 3011 vidimus
1074 2973 1188 3012 non
1218 2954 1602 3029 loqui(Act.Iv,
1637 2958 1727 3025 49,
1757 2960 1868 3031 20),
1906 2982 1933 3010 »

279 3050 342 3101 et
356 3044 489 3100 caesi
511 3044 833 3117 gaudentes
849 3061 884 3100 a
899 3050 1212 3117 conspectu
1237 3044 1465 3102 concilii
1488 3046 1638 3103 irent
1657 3048 1933 3119 quoniam

284 3134 453 3207 digni
486 3134 699 3191 fuerint
728 3151 830 3206 pro
861 3134 1097 3190 nomine
1136 3135 1277 3190 Jesu
1326 3136 1739 3192 contumeliam
1788 3138 1930 3210 pati.

284 3226 419 3295 ipse
477 3222 593 3278 illis
650 3222 955 3278 orantibus
1010 3222 1204 3279 locum
1253 3223 1312 3279 in
1363 3241 1479 3296 quo
1524 3229 1689 3280 erant
1732 3207 1930 3296 movit,
1964 3207 2006 3273 (ἶ

281 3328 506 3384 eosque
562 3317 628 3367 ut
684 3311 927 3367 verbum
991 3311 1085 3367 Dei
1132 3328 1267 3367 cum
1317 3312 1531 3368 ﬁducia
1560 3312 1940 3386 loquerentur

284 3399 550 3473 replevit.
584 3401 715 3472 Ipse
747 3400 916 3473 signa
958 3405 1014 3456 et
1051 3400 1317 3473 prodigia
1368 3401 1555 3458 multa
1595 3419 1697 3474 per
1727 3420 1937 3460 manus

284 3489 689 3563 apostolorum
722 3490 1013 3561 fecithse
1046 3507 1145 3546 cor
1174 3507 1358 3546 unum
1391 3495 1447 3546 et
1476 3492 1733 3548 animam
1758 3510 1935 3550 unam

285 3577 661 3634 multitudini
692 3578 1053 3635 credentium
1085 3579 1292 3635 effecit.
1312 3580 1440 3653 Ipse
1460 3581 1666 3637 debitae
1689 3583 1938 3638 czenobi-

283 3667 749 3741 tis(20)pecuniaa
773 3668 1136 3723 fraudatores
1152 3670 1326 3724 verbo
1348 3669 1500 3725 Petri
1522 3669 1733 3726 occidit
1748 3669 1940 3727 dicen-

284 3757 366 3813 tis
401 3774 415 3812 :
450 3780 477 3807 ‹‹
509 3758 867 3826 Anania,cur
896 3757 1140 3813 tentavit
1167 3758 1414 3816 Satanas
1443 3776 1543 3816 cor
1569 3763 1739 3816 tuum
1772 3778 1935 3818 men-

280 3846 383 3901 tiri
411 3850 465 3901 te
487 3846 727 3918 Spiritui
753 3850 955 3903 sancto
974 3846 1002 3901 ?
1022 3847 1148 3902 Non
1170 3863 1233 3903 es
1256 3849 1537 3904 mentitus
1575 3848 1936 3912 hominibus.

284 3935 391 3990 sed
418 3936 529 3991 Deo
550 3935 697 4007 (Αει.
727 3937 899 4008 ν,34).
931 3936 997 3991 Et
1029 3936 1232 4008 utique
1262 3937 1530 3994 convenit
1558 3937 1723 3994 vobis
1749 3942 1939 3995 tenta-

282 4040 348 4080 re
379 4023 662 4096 Spiritum
695 4024 926 4080 Domini
956 4025 1141 4095 (Ibz‘d.,
1172 4026 1250 4097 9).

360 4112 422 4167 In
456 4112 671 4185 quibus
703 4116 900 4185 aperte
930 4114 1298 4186 praedicatur,
1332 4131 1448 4170 non
1479 4114 1811 4185 hominum,
1835 4117 1936 4172 sed

282 4199 543 4273 Spiritus
569 4202 757 4257 sancti
788 4202 969 4259 fuisse
995 4202 1326 4275 pecuniam,
1363 4220 1479 4276 qua
1524 4204 1821 4260 coenobitae
1854 4203 1937 4259 illi

283 4290 689 4362 temporaliter
699 4291 784 4347 sic
795 4293 1413 4362 sustentabantur,nec
1430 4293 1749 4366 quisquam
1762 4309 1938 4366 egens

283 4379 443 4434 inter
471 4378 603 4435 illos
636 4379 1014 4437 inveniretur.
1045 4381 1149 4436 Cui
1198 4381 1280 4436 illi
1329 4381 1557 4438 mentiti
1587 4385 1936 4455 arguuntur,

284 4483 543 4539 moxque
571 4468 1101 4543 defuoguntur,qui
1130 4470 1437 4526 tentabant
1466 4470 1739 4527 eumdem
1760 4470 1939 4543 Spiri-

2034 553 2401 625 sempiternaz
2432 555 2649 627 gratiae.
2673 557 2834 612 Unde
2854 557 2949 613 ille
2969 562 3197 615 tentans
3223 561 3501 633 Spiritum
3540 585 3673 623 san—

2032 647 2191 698 ctum
2242 644 2303 699 in
2349 644 2550 701 fraude
2601 645 2681 701 rei
2732 646 3030 703 exterioris
3077 653 3135 703 et
3180 649 3447 719 visibilis,
3497 672 3674 726 quam

2029 733 2213 788 sancti
2224 733 2641 802 ﬁcaverat,sola
2673 740 2858 791 morte
2887 737 3188 793 exterioris
3213 726 3468 797 hominis
3487 743 3681 814 plecti-

2030 827 2160 885 tur;
2196 821 2289 877 hic
2308 827 2501 879 autem
2536 824 3078 880 fraudeminteriori
3102 827 3454 884 etinvisibili
3478 834 3676 903 gratia:

2032 910 2369 978 meditatus,
2422 912 2716 967 interioris
2764 913 3020 970 hominis
3077 921 3260 972 morte
3322 921 3675 990 percellitur.

2031 999 2195 1055 Unde
2215 999 2351 1056 licet
2381 1006 2623 1073 uterque
2646 1002 2703 1056 in
2723 1002 3003 1073 Spiritum
3033 1010 3301 1061 sanetum
3336 1012 3675 1080 peccaverit,

2032 1090 2251 1155 tamen,
2287 1090 2611 1144 secundum
2647 1091 2886 1145 modum
2913 1090 3239 1163 culparum,
3260 1097 3514 1152 Ananiae
3534 1103 3679 1154 tem-

2032 1176 2214 1249 porali
2249 1184 2434 1233 morte
2465 1178 2727 1250 punitus,
2745 1185 3081 1250 perpetuam
3116 1183 3370 1239 evasisse
3400 1190 3632 1256 putatur
3662 1206 3676 1257 ;

2033 1265 2233 1321 Simon
2266 1270 2461 1321 autem
2488 1271 2673 1322 morte
2704 1273 2981 1339 perpetua
3019 1269 3352 1341 damnatus,
3384 1278 3676 1346 tempora-

2034 1353 2147 1410 lem
2180 1354 2429 1422 distulit,
2460 1355 2598 1427 quia
2623 1372 2727 1411 nec
2761 1356 2817 1410 in
2852 1356 2959 1412 hoc
2985 1356 3198 1413 swculo
3229 1377 3333 1415 nec
3370 1363 3431 1416 in
3484 1363 3677 1420 futuro

2034 1443 2389 1499 remittenda
2409 1445 2457 1499 ei
2482 1448 2602 1499 erat
2629 1443 2998 1516 blasphemia
3027 1446 3280 1518 Spiritus
3310 1450 3683 1510 Sancti.Ana-

2031 1531 2164 1588 nias
2195 1549 2265 1588 ne
2289 1537 2504 1605 puncto
2524 1534 2806 1605 temporis
2826 1534 2883 1588 in
2909 1551 3083 1591 carne
3105 1534 3291 1593 vivere
3315 1539 3423 1595 fuit
3444 1544 3685 1612 permis-

2035 1626 2455 1694 sus,quatenus
2480 1640 2637 1678 mors
2666 1622 2766 1678 illa
2785 1624 2894 1679 sibi
2917 1625 2987 1680 ad
3008 1626 3301 1683 occultum
3333 1631 3680 1703 remedium,

2035 1716 2092 1767 et
2146 1710 2477 1766 viventibus
2536 1712 2606 1766 ad
2667 1711 3045 1768 manifestum
3103 1715 3247 1770 foret
3311 1720 3680 1793 exemplum;

2034 1799 2232 1856 Simon
2262 1817 2395 1856 vero
2425 1799 2485 1861 in
2517 1800 2713 1856 anima
2732 1803 3368 1874 mortuus,aliquandiu
3391 1813 3684 1881 tempora-

2036 1889 2169 1945 liter
2191 1889 2379 1944 vivere
2412 1889 2866 1960 permittitur,ad
2900 1899 3284 1963 augmentum
3315 1896 3426 1951 sibi
3459 1899 3683 1955 futuro-

2036 1995 2167 2034 rum
2201 1982 2649 2045 tormentorum,
2682 1984 2739 2033 et
2767 1980 2837 2033 ad
2867 1981 3338 2039 exercitationem
3372 1985 3680 2057 bonorum,

2037 2084 2168 2123 cum
2204 2071 2398 2122 tamen
2431 2067 2721 2122 contritus
2752 2072 2807 2121 et
2833 2071 3221 2126 conterendus
3252 2073 3323 2128 de
3356 2075 3547 2131 medio
3578 2076 3683 2133 ho-

2039 2156 2265 2211 minum
2298 2156 2377 2211 sit
2405 2155 2726 2211 ablatus.ln
2751 2172 2999 2227 quorum
3022 2159 3278 2216 vindicta
3294 2161 3401 2217 hoc
3425 2164 3685 2222 animad-

2041 2249 2301 2301 vertatur
2331 2261 2567 2300 necesse
2597 2246 2867 2316 estquia,
2898 2250 2961 2301 ut
2990 2248 3070 2303 ait
3096 2249 3156 2303 Β.
3192 2250 3458 2323 Prosper,
3475 2278 3501 2303 ‹‹
3537 2255 3680 2310 nihil

2038 2338 2128 2389 est
2185 2332 2472 2388 infelicius
2512 2333 2783 2390 felicitate
2824 2339 3210 2406 peccantium,
3262 2341 3399 2412 quia
3440 2344 3685 2413 pmnalis

2042 2422 2300 2477 nutritur
2341 2422 2681 2493 impunitas,
2717 2428 2773 2476 et
2826 2424 2979 2480 mala
3021 2426 3291 2485 voluntas
3314 2428 3471 2485 velut
3501 2432 3684 2489 hostis

2042 2512 2280 2566 interior
2312 2512 2631 2567 roboratur.
2677 2512 3026 2569 Reservatur
3077 2516 3232 2572 enim
3284 2523 3497 2575 aeterno
3544 2539 3681 2594 sup-

2041 2598 2213 2670 plicio
2263 2599 2418 2671 quod
2463 2599 2765 2671 temporali
2814 2618 2918 2656 nec
2965 2604 3209 2675 punitur
3247 2622 3352 2660 nec
3392 2616 3687 2667 resecatur

2041 2687 2290 2761 ﬂagello.
2325 2710 2353 2738 ››

2605 2778 2837 2835 CAPUT
2877 2779 3120 2838 XXVIII.

2114 2866 2332 2934 Quanta
2357 2868 2605 2945 ageretis
2626 2868 2701 2921 sit
2722 2868 2804 2922 vel
2833 2873 3087 2945 operetur
3115 2871 3256 2927 idem
3286 2873 3524 2945 Spiritus
3553 2878 3613 2932 in

2389 2938 2623 2992 Ecclesia
2651 2954 2820 3009 usque
2849 2940 2905 2993 in
2937 2942 3104 3009 ﬁnem
3131 2938 3344 3000 smculi'.
3412 2954 3415 2957 ‘

2110 3043 2195 3098 Ad
2228 3042 2348 3098 haec
2379 3043 2463 3098 sic
2492 3043 2861 3116 omnipotens
2909 3046 3161 3118 Spiritus
3209 3051 3373 3107 Petro
3422 3056 3686 3126 apostolo

2046 3138 2178 3206 post
2208 3133 2600 3188 ostensionem
2650 3133 2903 3191 cmlestis
2950 3135 3112 3191 lintei
3164 3140 3400 3196 nuntios
3439 3142 3684 3200 Cornelii

2045 3224 2250 3279 adesse
2283 3222 2447 3288 dixit,
2478 3240 2709 3295 eunque
2746 3225 3019 3296 gentibus
3064 3227 3426 3299 baptizandis
3457 3233 3683 3301 direxit,

2045 3329 2297 3385 quarum
2330 3312 2619 3382 primitias
2649 3314 2739 3367 sui
2773 3314 3054 3370 effusione
3084 3320 3140 3371 et
3167 3318 3431 3375 omnium
3458 3320 3686 3395 lingua-

2047 3418 2178 3456 rum
2210 3400 2589 3473 inspiratione
2613 3402 2788 3457 etiam
2821 3408 2954 3459 ante
2982 3404 3337 3476 baptismum
3364 3411 3685 3469 mandavit.

2046 3490 2149 3547 Hic
2182 3508 2216 3546 a
2242 3490 2516 3563 gentibus
2536 3490 3000 3549 circumcisionis
3029 3499 3086 3548 et
3115 3494 3492 3553 Judaiearum
3517 3517 3687 3557 caere-

2048 3582 2378 3636 moniarum
2406 3596 2556 3636 onus
2578 3581 2841 3647 removit,
2868 3583 3093 3639 dicente
3112 3583 3280 3640 Petro
3303 3587 3386 3642 sic
3411 3604 3460 3643 tu
3483 3589 3687 3647 Visum

2049 3673 2138 3725 est
2183 3668 2425 3741 Spiritui
2482 3680 2681 3725 sancto
2740 3675 2798 3724 et
2845 3670 3014 3725 nobis
3062 3671 3196 3743 (Act.
3250 3691 3341 3741 xv,
3386 3676 3498 3746 28).
3531 3700 3549 3725 υ
3587 3680 3690 3734 Hic

2047 3759 2299 3832 Spiritus
2314 3759 2454 3815 Jesu
2476 3776 2592 3814 non
2616 3759 2882 3831 permisit
2906 3760 3198 3831 apostolos
3246 3762 3329 3817 ire
3359 3764 3687 3836 Bithyniam

2045 3847 2133 3904 vel
2163 3847 2553 3919 evangelizare
2579 3847 2637 3901 in
2668 3847 2997 3903 Asiam.llic
3021 3847 3266 3903 Paulum
3284 3854 3341 3905 et
3363 3851 3686 3909 Barnabam

2047 3936 2304 4008 separari
2338 3936 2396 3990 in
2420 3952 2568 4007 opus
2599 3934 2890 4006 Evangelii
2906 3935 3217 4006 jussit.Hic
3238 3940 3510 3997 eumdem
3534 3946 3687 3999 Pau-

2046 4026 2169 4081 lum
2202 4025 2259 4079 in
2283 4022 2679 4079 Macedoniam
2703 4022 2951 4078 transire
2971 4028 3339 4097 praemonuit,
3372 4046 3547 4102 quem
3586 4049 3686 4106 po-

2047 4117 2172 4169 stea
2195 4111 2535 4167 Judaeorum
2552 4110 2801 4167 vinculis
2823 4111 3184 4185 alligandum
3202 4120 3259 4171 et
3278 4117 3557 4177 Romanis
3579 4126 3690 4177 tra-

2045 4201 2303 4257 dendum
2336 4199 2754 4272 praedixithse
2785 4201 3037 4273 Spiritus
3066 4205 3472 4264 testimonium
3504 4211 3694 4267 reddit

2046 4289 2280 4362 spiritui
2330 4294 2529 4344 nostro
2582 4291 2733 4361 quod
2787 4308 2994 4348 sumus
3042 4292 3145 4347 filii
3191 4293 3291 4349 Dei
3322 4300 3379 4350 et
3409 4297 3692 4364 haeredes,

2046 4378 2372 4434 coheredes
2424 4382 2616 4434 autem
2666 4378 2897 4436 Christi.
2952 4381 3057 4436 Per
3103 4382 3297 4453 ipsum
3347 4383 3449 4455 qui
3494 4387 3695 4442 omnia

2047 4471 2342 4525 scrutatur
2370 4468 2544 4523 etiam
2577 4469 2866 4540 profunda
2916 4469 3011 4523 Dei
3062 4469 3333 4526 revelavit
3375 4471 3529 4528 Deus
3567 4473 3692 4528 suis

285 4562 417 4613 tum
467 4562 736 4615 sanctum
791 4557 1123 4616 abalienare
1172 4560 1244 4616 ab
1295 4558 1397 4615 illa
1443 4559 1709 4633 pecunia,
1759 4576 1938 4632 quam
1971 4576 2016 4641 Ι)
2048 4556 2204 4630 quod
2237 4556 2441 4613 oculus
2468 4573 2581 4611 non
2616 4557 2891 4623 vidit,nec
2922 4557 2980 4611 in
3005 4574 3102 4613 cor
3122 4558 3378 4615 hominis
3410 4562 3690 4618 ascendit.

287 4644 348 4700 in
398 4646 530 4718 ipso
580 4662 783 4703 eorum
831 4651 964 4704 voto
1012 4647 1126 4703 sibi
1172 4648 1632 4704 sanctiﬁcaverat
1680 4649 1749 4705 ad
1801 4666 1935 4705 suo-

287 4752 425 4790 rum
484 4737 903 4793 cosnobitarum
955 4737 1337 4809 stipendium,
1390 4742 1449 4793 et
1516 4738 1656 4809 quia
1710 4737 1934 4810 aliquid

283 4823 584 4898 peculiare
630 4826 745 4881 sibi
789 4826 939 4883 clam
972 4825 1256 4894 retinere,
1273 4830 1331 4882 et
1364 4843 1685 4899 pauperum
1725 4826 1939 4883 Christi

284 4913 531 4982 victum,
584 4919 641 4971 et
686 4916 960 4972 vestitum
1014 4932 1117 4988 pro
1164 4919 1325 4988 parte
1372 4914 1487 4970 alia
1534 4914 1728 4988 palam
1780 4916 1939 4971 exhi-

281 5003 410 5059 bita
468 5005 712 5060 mercari
787 5004 1192 5061 fraudulenter
1247 5004 1604 5077 quaerebant.
1662 5005 1793 5078 Ipse
1851 5004 1940 5060 Si-

287 5109 528 5149 monem
603 5094 839 5166 Magum
915 5110 1013 5149 ore
1088 5093 1344 5150 Simonis
1417 5093 1569 5149 Petri
1646 5094 1774 5150 sine
1826 5094 1941 5151 fine

283 5182 609 5238 damnavit.
645 5183 792 5246 Quia
836 5182 1086 5256 gratiam
1134 5183 1263 5253 ejus
1309 5182 1479 5238 vendi
1520 5186 1577 5239 et
1623 5183 1738 5239 emi
1772 5199 1942 5256 posse

283 5270 689 5329 zestimavitln
724 5289 841 5345 qua
869 5271 1230 5329 irrevocabili
1253 5271 1544 5328 sententia
1573 5273 1916 5329 consideran

287 5360 434 5415 dum
468 5366 558 5416 est
588 5367 811 5434 quanto
841 5362 1119 5419 venialior
1151 5360 1325 5417 fuerit
1373 5364 1567 5418 reatus
1616 5363 1850 5419 Anania:
1883 5363 1941 5419 in

286 5448 642 5506 transitoria:
674 5468 791 5507 suae
823 5451 1080 5524 pecunia
1112 5449 1553 5506 defraudatione
1590 5466 1768 5522 quam
1811 5469 1943 5526 per-

2050 4649 2179 4719 Ipse
2208 4663 2311 4719 per
2362 4645 2608 4701 Paulum
2640 4646 2740 4701 dat
2771 4645 3093 4717 virginibus
3125 4646 3460 4716 consilium,
3494 4652 3694 4722 nuptis

2048 4753 2282 4808 quoque
2314 4740 2371 4790 et
2399 4734 2817 4805 viduis.lpsum
2858 4735 3145 4791 habemus
3187 4735 3402 4808 pignus
3455 4738 3692 4806 Christi,

2050 4824 2400 4880 clamantem
2428 4823 2486 4877 in
2520 4823 2790 4878 cordibus
2819 4824 3461 4893 nostris:Abba,Pater.
3479 4828 3539 4883 In
3567 4828 3695 4901 ipso

2050 4914 2265 4986 signati
2296 4928 2505 4968 sumus
2544 4912 2602 4965 in
2652 4910 2743 4967 die
2793 4912 3231 4985 redemptionis.
3267 4918 3447 4981 Quem
3481 4916 3531 4973 si
3563 4919 3697 4989 quis

2051 5020 2164 5058 non
2197 5002 2391 5070 habet,
2423 5000 2633 5056 Christi
2667 5017 2779 5055 non
2812 5004 3055 5074 est.lpse
3084 5003 3335 5076 denique
3367 5029 3394 5055 ‹‹
3430 5006 3693 5078 spiritus,

2052 5094 2364 5148 attestante
2419 5090 2620 5144 eodem
2674 5089 2968 5161 Apostolo,
3002 5092 3240 5162 adjuvat
3297 5094 3693 5149 infirmitatem

2052 5179 2489 5237 nostram.Nam
2514 5179 2653 5250 quid
2678 5196 2911 5235 oremus
2940 5181 3093 5236 sicut
3113 5187 3339 5253 oportet
3364 5183 3691 5249 nescimus;

2052 5270 2150 5325 sed
2185 5269 2306 5340 ipse
2335 5267 2586 5340 Spiritus
2608 5268 2864 5340 postulat
2897 5286 2998 5341 pro
3046 5271 3213 5325 nobis
3259 5270 3576 5342 gemitibus
3607 5270 3693 5326 ἰη-

2050 5357 2510 5425 enarrabilibus;
2547 5357 2644 5429 qui
2678 5362 2871 5413 autem
2903 5363 3196 5414 scrutatur
3225 5360 3399 5415 corda
3419 5359 3528 5415 scit
3554 5361 3697 5434 quid

2053 5447 2343 5504 desideret
2383 5446 2646 5520 spiritus,
2676 5447 2812 5521 quia
2840 5448 3165 5504 secundum
3210 5448 3392 5504 Deum
3437 5450 3698 5525 postulat

364 5555 482 5631 (20)
521 5556 585 5615 Id
615 5561 705 5641 est
729 5557 1063 5641 viventibus
1092 5557 1154 5618 in
1182 5557 1724 5641 cqmrnuni,quales
1753 5562 1920 5622 erant
1949 5555 2124 5635 primi
2153 5553 2489 5623 Christiani,
2523 5555 2759 5630 quibus,
2794 5559 2859 5616 ut
2890 5556 2970 5613 ait
2998 5532 3147 5613 liber
3174 5558 3429 5616 Actuum
3462 5563 3694 5641 aposto-

284 5627 510 5701 lorum,
533 5633 700 5690 erant
728 5629 929 5695 omnia
957 5628 1315 5693 communia.
