4086 6180
446 276 597 337 1187
640 304 646 311 ·

1494 268 1901 333 llUMBERTI
1950 272 2012 330 S.
2063 271 2132 330 It.
2182 269 2252 331 E.
2299 264 2795 333 CARDINALIS.

3657 274 3784 339 1188

446 426 548 482 pro
582 408 800 463 sanctis
830 408 1003 478 (Rom.
1035 422 1188 472 xxvr,
1221 406 1332 475 27).
1358 426 1378 455 ιι
1418 405 1616 476 Ipsum
1651 403 1722 458 ab
1751 417 1847 457 ore
1877 399 2092 458 Christi
2123 403 2176 469 Α
2203 400 2450 474 gloriam
2484 406 2541 458 et
2571 401 2788 459 laboris
2820 401 3125 460 cumulum
3155 419 3354 460 eorum
3397 406 3624 475 meritis,
3652 410 3787 465 auxi-

447 500 577 570 pcst
598 496 1083 552 resurrectionem
1117 494 1362 567 apostoli
1396 495 1764 564 acceperunt,
1799 495 1865 546 ut
1894 491 2093 547 remit-

448 590 635 641 terent
683 588 739 640 et
790 585 1101 640 retinerent
1156 587 1390 655 peccata
1441 581 1772 637 hominum.
1834 581 1902 635 Et
1957 580 2098 651 quid

446 675 653 747 plura?
710 674 838 744 lpse
895 672 1235 727 catechismi
1296 675 1351 725 et
1411 670 1851 739 scrutiniorum,
1912 668 2099 739 ipsius

447 780 678 836 quoque
703 761 1417 834 baptismatis,missarnm
1445 776 1678 831 quoque
1708 764 1763 814 ct
1793 758 2098 813 canonica-

446 870 575 907 rum
621 851 894 906 horarum
943 849 1102 921 leges
1142 853 1198 905 et
1238 848 1524 904 solemnia
1564 847 1843 904 celebrari
1881 845 2097 903 docuit.

448 943 574 1013 lpse
610 945 876 995 sanctum
913 938 1168 994 chrisma
1200 938 1619 1010 instituit,ipsc
1650 937 1989 992 clericorum
2013 936 2100 993 vel

448 1029 854 1085 ministrorum
891 1029 1149 1084 diversos
1182 1029 1399 1101 gradus
1432 1036 1484 1083 et
1517 1027 1709 1082 ol'ﬁcia
1738 1027 1809 1081 in'
1845 1025 2103 1081 Ecclesia

446 1118 758 1190 disposuit.
795 1119 921 1190 Ipse
954 1118 1314 1173 diversatum
1350 1116 1780 1188 professionum
1834 1113 2101 1171 homines

447 1225 561 1262 non
593 1207 785 1263 solum
809 1206 1160 1262 habitaculis
1193 1211 1249 1261 et
1278 1207 1451 1270 victu,
1487 1206 1586 1260 sed
1634 1208 1689 1260 ct
1739 1204 1946 1259 vestitu
1980 1203 2098 1258 dis-

443 1297 635 1352 tinxit.
676 1298 801 1367 Ipse
834 1295 1084 1367 singulis
1117 1294 1577 1366 professionibus
1609 1298 1861 1348 rectores
1892 1293 2098 1365 grada-

449 1385 553 1440 tim
588 1385 645 1439 in
680 1402 859 1439 unum
888 1384 1388 1439 consummandos
1419 1382 1751 1454 praeposuit.
1770 1383 1897 1453 Ipse
1930 1381 2100 1452 quid~

446 1474 585 1545 quid
604 1472 910 1527 famulatui
936 1472 1260 1528 divinitatis
1283 1470 1656 1543 competitvel
1682 1471 1951 1526 humanae
1971 1487 2100 1525 con-

444 1561 755 1617 versationi
787 1561 1026 1616 honeste
1060 1567 1116 1617 et
1145 1560 1366 1617 utiliter
1411 1560 1642 1632 expedit
1680 1560 1938 1615 dictavit.
1972 1560 2100 1631 Ipse

445 1667 806 1722 quaecunque
838 1649 1103 1705 Ecclesia!
1127 1654 1495 1705 sacramenta
1522 1649 1809 1705 hactenus
1843 1651 2096 1716 fuerunt,

2210 490 2387 548 liante
2416 492 2689 558 Domino,
2712 491 2927 548 habere
2959 509 3308 561 mereamur,
3340 498 3445 550 etc.

2803 600 3035 656 CAPUT
3073 601 3261 656 XXIX.

2212 688 2495 743 Sententia
2525 688 2581 742 S.
2611 690 2904 759 Augustini
2931 690 2996 744 de
3023 692 3228 747 animm
3248 692 3515 762 putentia,
3552 699 3600 747 et
3632 695 3795 749 retrac-

2283 762 2415 814 tatio
2445 777 2514 815 ex
2538 776 2621 827 ea,
2651 765 2700 814 et
2726 762 2912 831 quales
2939 763 3053 817 sint
3079 764 3314 832 promoti
3339 781 3374 817 a
3403 763 3552 818 laici:
3578 771 3623 818 et
3637 775 3796 821 metro-

2278 832 2518 901 poliiani
2544 847 2752 887 eorum.

2281 936 2461 1008 Cujus
2492 937 2747 1010 Spiritus
2779 938 3159 995 sanctiﬁcatio
3185 956 3255 994 an
3291 943 3479 995 totum
3511 957 3697 1013 corpus
3717 943 3796 999 Ec-

2212 1024 2401 1082 clesiae
2436 1027 2763 1082 sanctificat
2793 1032 2968 1099 atque
2998 1033 3160 1099 regat
3201 1028 3247 1082 si
3298 1028 3488 1083 adhuc
3524 1028 3796 1102 dubitatur,

2209 1112 2296 1167 vel
2331 1113 2586 1185 qualiter
2616 1113 2671 1168 id
2701 1117 2833 1185 agat
2863 1114 2912 1168 si
2943 1115 3555 1186 quaeratur,inel1'abile
3581 1122 3632 1172 ct
3657 1135 3797 1189 supra

2211 1200 2535 1257 humanum
2570 1203 2811 1258 modum
2841 1202 2950 1258 hoc
2982 1220 3112 1259 esse
3141 1203 3380 1259 sciatur.
3413 1203 3568 1260 Unde
3610 1222 3798 1263 necesse

2211 1294 2301 1346 est
2330 1291 2424 1363 pie
2456 1292 2727 1348 credatur
2753 1297 2809 1348 et
2839 1291 3217 1366 intelligatur,
3261 1310 3334 1349 ne
3365 1293 3413 1349 si
3444 1293 3608 1365 impie
3642 1295 3797 1351 discu-

2209 1379 2372 1448 titur,
2425 1380 2772 1436 ot't'endatur.
2825 1381 3019 1438 Potest
3063 1385 3260 1437 tamen
3304 1382 3518 1452 anima,
3561 1388 3798 1455 quantum

2210 1474 2487 1525 creaturm
2551 1469 2905 1538 conceditur,
2976 1470 3293 1543 praedicare
3348 1469 3565 1527 homini
3615 1476 3797 1527 tantum

2209 1558 2488 1614 artiﬁcem
2542 1557 2850 1630 Spiritum,
2897 1564 2962 1614 ut
3010 1576 3080 1616 ex
3126 1558 3229 1615 illa
3275 1559 3799 1634 quantulumcunque

2210 1655 2402 1702 mente
2431 1647 2722 1718 concipiat
2771 1647 3084 1703 ineﬁ'abilis
3134 1648 3467 1704 diti'usionis
3514 1647 3656 1705 illius
3692 1664 3796 1704 con-

444 1743 583 1795 sunt
612 1743 668 1794 et
697 1744 888 1803 erunt,
923 1738 1493 1810 prazordinavitdpse
1524 1736 1848 1810 martyrum
1872 1739 2022 1792 rosis
2043 1740 2098 1792 et
2131 1797 2170 1810 n
2200 1735 2639 1807 jecturam,qua
2671 1736 2771 1791 fiat
2800 1736 2851 1791 ei
2883 1736 3099 1808 aliquis
3130 1738 3355 1809 gradus
3385 1737 3455 1792 ad
3484 1736 3567 1792 vel
3594 1736 3797 1792 tenuiter

444 1829 846 1883 confessorum
892 1827 1030 1882 liliis
1063 1827 1399 1898 paradisum
1452 1826 1720 1881 Ecclesiw
1753 1825 2090 1898 compingit.
2126 1797 2171 1860 Β
2203 1824 2578 1896 cogitandum
2609 1824 3267 1897 incomprehensibilem
3296 1824 3599 1881 Salvatoris
3634 1828 3794 1897 poten-

446 1919 573 1990 lpse
603 1917 855 1989 denique
887 1915 1379 1986 evangelistarum
1418 1920 1476 1969 et
1512 1916 1932 1987 apostolorum,
1968 1922 2093 1997 ont-

444 2006 727 2077 niumque
759 2005 1211 2060 orthodoxorum
1244 2004 1499 2060 calamos
1524 2009 1581 2059 et
1606 2003 1835 2059 animos
1860 2003 2091 2072 imbuit,

443 2095 595 2150 vexit
625 2100 681 2150 et
732 2094 1016 2166 prmduxit
1046 2099 1487 2165 ut,quecunque
1522 2094 1629 2148 iret
1659 2095 1786 2162 ejus
1819 2093 2093 2164 impetus,

444 2183 583 2239 illuc
612 2189 668 2238 et
696 2183 807 2254 ipsi
838 2184 1222 2253 graderentur
1253 2187 1563 2253 sequentes
1594 2184 1883 2253 eum.lpsc
1914 2181 2091 2252 Spiri-

443 2278 538 2328 tus
567 2273 696 2326 vitee
729 2276 817 2326 est
846 2270 906 2324 in
940 2271 1099 2335 rotis,
1133 2269 1190 2323 in
1225 2270 1543 2340 Scripturis
1569 2269 1835 2325 videlicet
1860 2270 2094 2326 canoni-

444 2362 548 2426 cis,
585 2364 649 2414 ut
678 2376 808 2414 cum
845 2357 1063 2412 sanctis
1095 2342 1450 2413 animalibus
1469 2357 1842 2413 currentibus
1874 2362 2093 2423 eant,ct

444 2466 576 2503 cum
611 2446 903 2502 stantibus
939 2450 1111 2514 stent,
1147 2450 1364 2500 etcum
1408 2446 1646 2502 elevatis
1691 2464 1723 2501 a
1769 2451 1923 2502 terra
1976 2445 2090 2501 ele-

442 2536 815 2606 ventur,quia
844 2535 1019 2589 verba
1048 2551 1247 2589 eorum
1281 2533 1523 2606 spiritus
1553 2539 1610 2589 et
1640 2534 1755 2589 vita
1779 2540 1937 2589 sunt.
1963 2534 2091 2605 Ipse

443 2642 541 2681 eas
572 2625 654 2680 sic
684 2624 953 2691 viviticat,
988 2628 1053 2678 ut
1081 2624 1349 2678 homines
1382 2624 1612 2696 queque
1657 2641 1758 2695 per
1787 2622 1917 2678 illas
1948 2622 2089 2677 vivi-

444 2716 592 2770 ticet.
625 2714 757 2769 Sine
789 2716 904 2785 quo
936 2730 1049 2768 non
1092 2713 1283 2768 solum
1325 2730 1437 2766 non
1484 2713 1722 2784 prodest
1767 2712 2087 2789 quidquam

442 2821 642 2859 earum
676 2802 888 2871 littera,
923 2803 1023 2858 sed
1058 2802 1298 2873 insuper
1327 2801 1559 2869 occidit,
1592 2805 1657 2856 ut
1693 2818 1827 2856 caro
1875 2800 2087 2857 Christi

444 2893 756 2949 carnaliter
781 2891 1091 2946 intellecta.
1129 2893 1257 2963 Ipse
1281 2907 1512 2962 quoque
1542 2892 1772 2945 decreta
1812 2890 2089 2962 apostoli—

444 2998 645 3037 corum
677 2981 957 3045 virorum,
993 2995 1361 3050 canonesque
1393 2982 1723 3034 sanctorum
1763 2980 1993 3034 Patrum
2028 2980 2086 3034 in

445 3069 688 3126 diversis
738 3068 1000 3123 conciliis
1049 3068 1116 3121 ad
1169 3067 1587 3139 correptionem
1620 3072 1676 3122 et
1715 3067 2084 3141 disciplinam

2205 1912 2367 1967 tiam.
2403 1914 2611 1968 Anima
2637 1914 2876 1986 quippe,
2914 1918 2977 1969 ut
3007 1914 3216 1970 beatus
3262 1913 3611 1986 Augustinus
3635 1918 3791 1970 sancte

2203 2001 2551 2073 Hieronymo
2583 2002 2847 2058 scribens
2878 2004 2977 2070 ait,
3012 2026 3039 2053 ι(
3068 2020 3171 2075 per
3213 2007 3407 2059 totum
3454 2019 3650 2076 corpus
3673 2002 3791 2074 quod

2202 2089 2426 2145 animat
2457 2108 2570 2145 non
2602 2084 2772 2145 locali
2805 2090 3136 2161 ditl'usione,
3161 2092 3266 2147 sed
3300 2092 3545 2164 quadam
3573 2091 3709 2146 vitali
3725 2092 3792 2146 in-

2201 2178 2984 2251 tentione;porrigitur.Nam
3007 2195 3110 2252 per
3140 2196 3350 2237 omnes
3379 2181 3501 2252 ejus
3529 2178 3791 2253 particulas

2203 2268 2531 2338 totaisimul
2564 2269 2759 2336 adest;
2795 2285 2899 2323 nec
2929 2268 3123 2324 minor
3161 2270 3223 2323 in
3277 2270 3610 2338 minoribus,
3640 2284 3726 2323 nec
3747 2268 3791 2322 in

2203 2356 2526 2427 majoribus
2558 2358 2765 2427 major,
2799 2358 2899 2413 sed
2931 2356 3145 2413 alicubi
3176 2357 3488 2426 intensius,
3517 2354 3703 2412 alicubi
3726 2372 3791 2411 re-

2201 2445 2528 2514 missius,et
2556 2446 2619 2517 in,
2647 2447 2922 2502 omnibus
2952 2451 3095 2514 tota,
3126 2451 3184 2502 et
3214 2445 3278 2501 in
3309 2445 3552 2519 singulis
3580 2449 3684 2500 tota
3708 2448 3792 2499 est.

2200 2535 2397 2606 Neque
2417 2534 2574 2590 enim
2607 2535 2773 2591 aliter
2794 2535 2949 2606 quod
2975 2535 3053 2591 sit
3082 2535 3140 2590 in
3174 2552 3419 2607 corpore
3443 2539 3616 2590 totum
3635 2532 3790 2598 sentit,

2198 2629 2394 2679 tamen
2426 2628 2549 2678 tota
2578 2623 2927 2679 sentit.Nam
2950 2640 3084 2679 cum
3106 2623 3319 2696 exiguo
3342 2627 3550 2697 puncto
3578 2622 3629 2677 in
3655 2636 3790 2677 carne

2199 2712 2329 2767 viva
2352 2712 2571 2783 aliquid
2606 2712 3162 2785 tangitur,quamvis
3192 2712 3363 2769 locus
3394 2713 3487 2768 ille
3514 2728 3617 2767 non
3637 2709 3787 2765 solum

2199 2802 2379 2856 totius
2409 2800 2667 2873 corporis
2700 2819 2815 2857 non
2847 2801 3058 2871 sit,sed
3086 2801 3181 2856 vix
3211 2801 3276 2857 in
3309 2818 3535 2873 corpore
3554 2800 3784 2863 videatur,

2199 2889 2458 2945 animam
2514 2893 2694 2944 totam
2756 2907 2869 2946 non
2918 2888 3077 2946 latet.
3140 2890 3348 2962 Neque
3401 2891 3459 2945 id
3500 2888 3641 2961 quod
3683 2902 3783 2941 sen-

2198 2978 2341 3034 titur
2372 2995 2474 3050 per
2499 2979 2759 3051 corporis
2790 2983 3001 3034 cuncta
3029 2979 3334 3052 discurrit,
3367 2979 3468 3035 sed
3498 2977 3569 3033 ibi
3598 2980 3782 3031 tantum

2198 3068 2449 3124 sentitur
2480 3068 2578 3124 ubi
2609 3070 2694 3124 ﬁt.
2724 3068 2888 3124 Unde
2916 3085 3052 3141 ergo
3093 3071 3163 3124 ad
3206 3073 3395 3125 totam
3426 3085 3551 3123 mox
3577 3061 3788 3138 pervenit

443 3158 821 3215 ecclesiarum
855 3146 1333 3229 Dei'generaliter
1370 3162 1426 3211 et
1474 3156 1800 3228 specialiter
1830 3155 2084 3228 promul-
2121 3159 2162 3225 C
2204 3159 2358 3230 quod
2391 3175 2506 3212 non
2534 3157 2593 3213 in
2623 3162 2744 3212 toto
2768 3158 2850 3226 ﬁt,
2886 3158 2997 3212 nisi
3030 3158 3171 3230 quia
3190 3162 3252 3213 et
3282 3158 3363 3213 ibi
3382 3162 3468 3214 est
3494 3160 3603 3212 tota
3621 3152 3703 3209 ubi
3722 3151 3784 3216 lit,

443 3230 632 3320 gavit;
654 3251 966 3303 attestante
997 3246 1161 3301 beato
1198 3262 1347 3317 papa
1378 3245 1649 3312 Damaso,
1675 3245 1775 3316 qui
1808 3245 1942 3299 hinc
1970 3247 2086 3300 Au-

446 3336 586 3392 relio
631 3334 1075 3406 Carthaginensi
1120 3334 1556 3404 archiepiscopo
1584 3334 1665 3389 sic
1694 3333 1899 3388 scribit
1930 3334 2039 3404 (21)
2074 3350 2087 3387 :

446 3448 473 3474 ‹‹
506 3423 825 3478 Violatores
856 3420 1178 3477 voluntarie
1209 3438 1496 3476 canonum
1530 3422 1781 3494 graviter
1811 3438 1843 3476 a
1876 3422 2092 3477 sanctis

445 3510 1094 3581 Patribusjudicantur,
1129 3516 1184 3565 et
1215 3527 1247 3564 a
1279 3514 1479 3564 sancto
1528 3510 1768 3581 Spiritu,
1802 3513 1971 3582 cujus
2004 3511 2088 3566 in-

446 3601 663 3657 stinctu
696 3616 761 3655 ac
803 3599 955 3653 dono
979 3598 1177 3653 dictati
1211 3604 1370 3663 sunt,
1406 3598 1783 3666 damnantur,
1814 3599 2090 3670 quoniam

444 3688 855 3761 blasphemare
887 3686 1168 3759 Spiritum
1203 3691 1472 3742 sanctum
1503 3703 1620 3740 non
1656 3687 1972 3760 incongrue
2010 3686 2088 3741 vi-

445 3781 676 3847 dentur,
701 3777 799 3851 qui
831 3781 1034 3833 contra
1060 3776 1295 3832 eosdem
1319 3792 1714 3841 canones,non
1751 3776 2093 3831 necessitate

444 3867 864 3940 compulsi,sed
895 3865 1162 3935 libenter,
1178 3869 1241 3920 ut
1270 3867 1570 3937 praefixum
1600 3869 1706 3931 est,
1740 3864 1961 3936 aliquid
1994 3869 2095 3920 aut

445 3962 710 4029 proterve
756 3959 939 4027 agunt
987 3960 1089 4010 aut
1137 3954 1298 4026 lc-qui
1349 3959 1733 4026 praesumunt,
1767 3959 1868 4009 aut
1907 3955 2094 4009 facere

446 4043 779 4101 volentibus
831 4047 1037 4113 sponte
1096 4043 1490 4099 consentiunt.
1540 4043 1695 4098 Talis
1751 4042 1907 4099 enim
1956 4060 2097 4114 pra:-

447 4131 702 4202 sumptio
724 4130 1030 4186 manifeste
1046 4147 1228 4185 unum
1248 4148 1434 4201 genus
1453 4136 1539 4186 est
1557 4131 2093 4203 blasphemantium

445 4221 726 4293 Spiritum
751 4218 1568 4290 sanctum.Quoniam,utjam
1594 4221 1961 4290 prwlibatum
1984 4224 2092 4288 est,

445 4316 647 4367 contra
672 4326 806 4365 eum
840 4308 960 4380 agit
990 4308 1159 4378 cujus
1190 4308 1320 4363 nisu
1364 4312 1420 4364 et
1449 4308 1638 4378 gratia
1683 4309 1861 4363 iidem
1907 4309 2094 4365 sancti

447 4399 585 4456 editi
619 4403 757 4454 sunt
785 4414 1055 4453 canones.
1093 4395 1385 4452 Uiabolica
1413 4413 1545 4453 vero
1582 4397 1845 4469 nequitia
1875 4398 2093 4470 pleros-

447 4505 559 4561 que
589 4486 881 4545 subtiliter
912 4486 1110 4541 fallere
1139 4486 1306 4551 solet,
1340 4490 1397 4541 et
1440 4485 1521 4542 ita
1562 4487 1951 4558 quorumdam
1982 4488 2091 4545 im-

448 4577 841 4651 prudentiam,
875 4592 978 4648 per
1009 4575 1456 4631 similitudinem
1510 4575 1742 4648 pietatis
1773 4576 2098 4648 smpissime

449 4666 664 4733 illudit,
688 4672 753 4721 ut
784 4684 886 4738 pro
913 4665 1250 4721 salubribus
1287 4665 1553 4720 nocitura
1583 4667 1955 4737 persuadeat.
2003 4667 2095 4722 Id-

448 4757 600 4810 circo
632 4773 839 4811 norma
868 4771 1166 4810 sacrorum
1212 4772 1501 4809 canonum
1547 4754 1643 4826 qui
1695 4760 1834 4811 sunt
1885 4757 2093 4828 spiritu

449 4845 548 4900 Dei
581 4844 820 4912 conditi,
854 4848 911 4898 et
943 4844 1119 4899 totius
1154 4843 1357 4898 mundi
1391 4844 1713 4900 reverentia
1750 4846 2093 4913 consecrati,

450 4933 699 4989 ﬁdeliter
729 4950 763 4989 a
795 4932 961 4988 nobis
993 4933 1231 4988 scienda
1260 4939 1317 4988 et
1347 4933 1657 5006 diligenter
1688 4935 1987 4990 tractanda
2010 4940 2098 4990 est

450 5021 865 5090 auctoritas,ue
896 5023 1307 5093 quoquomodo
1339 5028 1675 5079 sanctorum
1710 5023 1945 5079 Patrum
1979 5027 2095 5079 sta-

450 5116 577 5167 tuta
606 5111 828 5183 absque
844 5109 1164 5165 mevitabili
1182 5110 1702 5183 necessitate,quod
1719 5111 2096 5181 absit,trans—

450 5201 808 5274 grediamur,
839 5199 939 5255 sed
973 5197 1314 5254 ﬁdelissime
1346 5216 1448 5271 per
1477 5216 1545 5256 ea
1578 5200 1928 5273 gradientes,
1961 5216 2095 5257 cum

450 5290 533 5347 eis
564 5290 663 5364 qui
696 5307 794 5347 eos
824 5289 1103 5346 instinctu
1137 5289 1524 5345 condiderunt
1564 5288 1775 5359 divino,
1812 5290 2097 5348 mercedis

2202 3263 2305 3301 nec
2337 3252 2403 3301 ut
2434 3250 2555 3302 tota
2584 3246 2684 3301 ubi
2712 3246 2777 3301 fit
2808 3251 3013 3302 castora
3041 3246 3304 3319 deserit?
3335 3247 3541 3302 Vivunt
3581 3243 3712 3299 enim
3743 3242 3787 3293 ct

2200 3334 2301 3390 illa
2327 3334 2392 3389 ea
2422 3338 2725 3406 prmseme,
2760 3335 2859 3389 ubi
2887 3333 3034 3389 nihil
3066 3333 3181 3390 tale
3213 3335 3432 3391 factum
3462 3338 3562 3390 est.
3591 3329 3725 3397 Quod
3747 3325 3786 3383 si

2201 3423 2448 3491 fieret,et
2476 3428 2793 3494 utrumque
2813 3421 2991 3478 simul
3011 3423 3194 3494 ﬂeret,
3209 3423 3395 3479 simul
3418 3427 3700 3491 utrumque
3721 3422 3785 3471 tc-

2201 3516 2323 3567 tam
2352 3512 2569 3584 pariter
2600 3530 2714 3567 non
2745 3511 2969 3567 lateret.
3004 3512 3256 3568 Proinde
3287 3517 3344 3569 et
3367 3512 3423 3568 in
3454 3509 3693 3568 omnibus
3726 3503 3787 3560 si-

2204 3602 2327 3655 mul
2350 3606 2405 3655 et
2434 3601 2493 3656 in
2526 3600 2778 3673 singulis
2808 3600 3113 3673 particulis
3130 3602 3395 3674 corporis
3424 3600 3510 3656 sui
3528 3603 3633 3654 tota
3648 3589 3784 3651 simul

2200 3705 2331 3744 esse
2362 3706 2477 3744 non
2510 3694 2728 3760 posset,
2761 3689 2812 3743 si
2847 3706 2951 3760 per
2988 3687 3120 3745 illas
3168 3690 3255 3746 ita
3307 3689 3712 3748 diffunderetur,
3737 3683 3786 3735 ut

2199 3776 2466 3831 videmus
2494 3792 2734 3849 corpora
2762 3776 2975 3832 ditl‘usa
3003 3794 3105 3849 per
3133 3778 3329 3850 spatia
3355 3778 3600 3834 locorum
3635 3771 3786 3828 mino-

2203 3864 2364 3921 ribus
2414 3865 2539 3921 suis
2571 3866 2841 3938 partibus
2869 3864 3098 3922 minora
3128 3883 3435 3940 occupare,
3462 3871 3517 3922 et
3543 3856 3785 3934 ampliori-

2202 3956 2315 4010 bus
2346 3955 2649 4028 ampliora.
2687 3978 2715 4005 »
2746 3954 2875 4010 Haec
2902 3954 2984 4011 ita
3012 3955 3135 4011 ﬁeri
3176 3957 3249 4012 ab
3292 3957 3503 4027 anima,
3533 3968 3650 4010 cum
3677 3944 3786 4005 tanti

2203 4044 2456 4100 doctoris
2511 4042 2822 4115 sententia,
2888 4048 3016 4099 tum
3083 4045 3429 4117 quotidiana
3494 4033 3787 4116 experientia

2204 4136 2451 4189 constat.

2276 4221 2439 4278 Unde
2461 4221 2594 4295 quis
2614 4222 2873 4279 fidelium
2897 4223 3165 4280 dubitare
3185 4225 3316 4296 jam
3343 4222 3544 4298 poterit
3558 4215 3785 4292 Spiritum

2205 4316 2473 4367 sanctum
2494 4310 2664 4384 longe
2683 4311 3037 4369 inetfabilius
3058 4313 3512 4369 sanctificatione
3539 4325 3633 4366 sua
3645 4307 3786 4361 totam

2206 4400 2429 4472 replere
2459 4399 2799 4468 Ecclesium,
2837 4392 2902 4456 ut
2933 4418 3037 4473 pro
3068 4400 3351 4473 qualitate
3373 4400 3731 4457 ministrorum
3746 4391 3789 4444 et

2208 4506 2402 4545 rerum
2436 4488 2832 4567 ejus,singula
2853 4507 2979 4561 qua)
3002 4489 3085 4545 illi
3117 4483 3787 4567 connectunturetdebeu-

2212 4586 2306 4633 tur
2338 4578 2701 4634 sanctificet‘?
2728 4579 2830 4635 Est
2848 4580 3004 4635 enim
3027 4580 3313 4637 clericalis
3334 4581 3469 4637 ordo
3502 4578 3557 4633 in
3583 4566 3787 4630 Ecclesia

2207 4668 2558 4740 praecipuus,
2588 4672 2871 4740 tanquam
2902 4668 2961 4723 in
2992 4670 3181 4741 capite
3211 4669 3459 4737 oculi,de
3485 4681 3590 4739 quo
3614 4660 3685 4718 ait
3706 4657 3787 4741 Ι)οξ

2207 4758 2403 4812 minus
2436 4774 2449 4811 :
2486 4780 2512 4807 «
2546 4756 2652 4820 Qui
2686 4757 2941 4830 tetigerit
2987 4740 3109 4827 vos,
3142 4760 3331 4833 tangit
3369 4754 3630 4830 pupillam
3669 4740 3785 4803 oculi

2206 4846 2317 4901 mei
2336 4845 2517 4918 (Zach.
2552 4863 2613 4913 ιι,
2644 4846 2722 4917 8).
2758 4869 2785 4896 ››
2811 4847 2912 4902 Est
2941 4852 2999 4903 et
3028 4846 3253 4903 laicalis
3282 4851 3529 4921 potestas
3552 4846 3783 4908 tanquam

2207 4939 2408 5007 pectus
2439 4939 2496 4991 et
2523 4934 2769 4991 brachia,
2790 4936 2861 4991 ad
2892 4935 3284 4992 obediendum
3314 4940 3372 4992 et
3415 4924 3783 4990 defendendum

2205 5024 2526 5080 Ecclesiam
2559 5024 2751 5081 valida
2779 5030 2835 5081 et
2863 5030 3077 5081 exerta.
3112 5027 3214 5082 Est
3242 5025 3445 5082 deinde
3471 5019 3659 5092 vulgus
3682 5017 3781 5067 tan-

2207 5130 2384 5185 quam
2414 5112 2689 5169 inferiora
2717 5112 2806 5169 vel
2839 5119 3097 5170 extrema
3136 5115 3397 5171 membra
3435 5094 3781 5167 ecclesiasticis

2208 5208 2266 5257 et
2308 5202 2689 5259 saecularibus
2742 5203 3132 5276 potestatibus
3190 5204 3400 5277 pariter
3449 5196 3712 5257 subditum
3737 5187 3781 5239 ei

2207 5291 2725 5364 pernecessarium.
2758 5293 2935 5350 Porro
2983 5294 3044 5350 in
3093 5293 3315 5368 capillis
3361 5289 3551 5364 capitis
3593 5289 3779 5357 1³0⁵³⁸³⁸

521 5486 630 5558 (21)
660 5486 820 5575 lianc
851 5488 1088 5547 Damasi
1119 5489 1193 5547 ad
1209 5488 1526 5575 ‘aurelium
1558 5486 2077 5565 Carthaginensem
2107 5491 2444 5575 episcopum
2481 5490 2790 5567 epistolam
2839 5508 2968 5553 esse
3016 5492 3276 5568 spuriam
3315 5493 3371 5547 et
3411 5472 3774 5561 supposititiam

451 5558 824 5622 consentiunt
855 5577 1057 5623 omnes
1084 5561 1316 5621 eruditi.
