4086 6180
211 284 371 346 1189

800 280 1217 349 ADVERSUS
1265 280 1739 347 SIMONIACOS
1788 281 1989 343 LIBRI
2039 280 2263 344 TRES.
2298 316 2373 326 --
2405 284 2636 345 LIBER
2680 288 3041 351 TERTIUS.

3468 300 3622 363 1190

206 416 409 472 siones
439 415 727 487 Ecclesiae,
760 418 820 474 in
843 417 1140 490 unguibus
1170 420 1364 473 autem
1388 414 1472 471 vel
1506 414 1713 486 reliqui
1735 430 1858 469 cor-
1889 411 2113 487 Abrae,
2139 414 2431 486 principes
2454 416 3179 492 domusJacob,etjudices
3205 427 3412 483 domus
3442 432 3619 487 Israel

211 505 372 578 poris
402 505 539 578 pilis
569 505 876 563 facultates
899 505 1095 563 saeculi
1119 523 1236 561 non
1258 506 1578 577 incongrue
1610 506 1863 576 possunt

206 594 417 665 accipi.
460 595 615 659 Quas
660 595 761 668 qui
794 596 1104 651 indiscrete
1142 594 1230 649 vel
1272 593 1554 649 violenter
1591 591 1861 648 exteriori

209 682 438 739 homini
469 684 671 752 demit,
704 701 941 741 necesse
969 689 1058 741 est
1076 683 1327 757 graviter
1341 682 1598 738 offendat
1624 680 1862 736 interio-

208 787 334 826 rem
368 789 473 843 pro
502 772 722 843 injuria
741 772 1237 829 dehonestationis
1259 772 1343 827 vel
1359 769 1858 843 praesumptionis.

207 860 374 925 Quod
408 878 523 916 non
548 860 1045 917 dubitandumest
1061 862 1249 916 facere
1271 859 1551 931 Spiritum
1566 863 1857 927 sanctum,

208 947 384 1021 quiin
403 949 777 1006 universitate
800 950 1064 1007 Ecclesia:
1080 949 1251 1022 longe
1272 946 1642 1022 praestantius
1666 948 1864 1003 anima

207 1039 410 1093 omnia
439 1044 714 1111 operatur
734 1038 792 1094 in
811 1038 1387 1107 omnibus,dividens
1408 1036 1657 1110 singulis
1688 1041 1862 1109 prout

209 1126 354 1191 vult,
389 1134 445 1183 et
471 1128 832 1183 annuntians
863 1127 1170 1201 discipulis
1202 1127 1388 1183 multa
1409 1143 1535 1198 qua:
1566 1130 1701 1182 ante
1734 1143 1862 1198 pas-

207 1214 439 1271 sionem
468 1215 682 1272 Christi
708 1234 821 1272 non
841 1222 1110 1289 poterant
1129 1222 1358 1288 portare
1372 1259 1384 1273 .
1416 1215 1577 1271 Unde
1598 1214 1751 1271 sicut
1772 1232 1860 1271 re-

210 1304 455 1360 cedente
480 1305 697 1373 anima,
733 1322 867 1361 mox
896 1306 1105 1361 fetores
1126 1310 1183 1361 et
1215 1322 1440 1361 vermes
1462 1322 1673 1376 corpus
1695 1321 1862 1360 occu—

209 1397 373 1465 pant,
410 1393 507 1465 qui
539 1392 682 1449 illud
723 1410 859 1449 cum
900 1393 1156 1449 maxima
1202 1393 1509 1449 hominum
1558 1394 1859 1450 abomina-

206 1482 369 1538 tione
402 1487 457 1538 et
486 1482 883 1555 abjectionein
908 1482 1200 1555 pulverem
1224 1482 1571 1549 dissolvunt,
1594 1483 1678 1539 sic
1700 1487 1756 1539 et
1769 1498 1862 1539 res

208 1569 641 1637 ecclesiasticae,
675 1571 978 1627 recedente
1004 1572 1075 1627 ab
1107 1572 1193 1627 eis
1236 1588 1344 1627 sua
1377 1571 1859 1640 sanctificatione,

208 1676 348 1715 mox
376 1660 708 1716 daemonum
733 1660 857 1732 juri
888 1677 1021 1716 cum
1052 1677 1288 1716 summa
1323 1660 1729 1716 maledictione
1760 1660 1860 1716 Dei

206 1752 266 1805 et
297 1755 635 1805 sanctorum
683 1750 923 1805 Patrum
956 1748 1166 1805 relictzs
1207 1749 1566 1821 dispereunt.
1600 1751 1857 1821 Quapro-

208 1842 358 1909 pter,
393 1838 718 1894 secundum
750 1838 905 1911 quod
938 1838 1221 1893 Dominus
1244 1839 1302 1892 in
1323 1836 1633 1910 Evangelio
1652 1838 1731 1891 ait
1761 1838 1861 1893 ho-

209 1926 378 1993 mini,
410 1926 755 1983 divisionem
786 1927 1144 1983 hazreditatis
1175 1926 1428 1999 exigenti
1460 1943 1474 1981 :
1507 1950 1536 1975 ‹‹
1569 1925 1771 1981 Videte
1802 1931 1860 1982 et

208 2022 406 2071 cavete
434 2016 508 2071 ab
533 2015 695 2072 omni
726 2015 970 2072 avaritia
988 2018 1139 2086 (Luc.
1164 2033 1267 2083 xu,
1306 2015 1411 2085 15).
1442 2039 1462 2065 ι
1485 2015 1529 2071 Ο
1559 2031 1657 2071 vos
1688 2014 1857 2070 divisi

206 2104 511 2173 divisores,
546 2111 603 2160 et
632 2105 869 2160 tandem
902 2104 987 2160 vel
1022 2121 1151 2160 sero
1183 2103 1483 2159 individua
1531 2104 1707 2159 dividi
1742 2122 1856 2159 non

206 2210 380 2265 posse
406 2194 1017 2267 cognoscite,jamque
1047 2193 1402 2249 divisoribus
1442 2192 1621 2249 nolite
1654 2194 1856 2265 aquie-

203 2298 390 2353 scere,
421 2282 469 2337 si
500 2282 715 2355 cupitis
758 2282 1070 2338 animabus
1117 2283 1327 2339 vestris
1366 2287 1421 2337 et
1452 2281 1681 2338 illoruzn
1718 2300 1856 2338 con-

202 2370 417 2427 sulere.
442 2371 661 2442 Nempe
681 2372 979 2443 sequendo
998 2388 1125 2442 qua:
1139 2371 1426 2438 videntur,
1451 2378 1507 2427 et
1528 2371 1855 2443 spernendo

200 2476 332 2531 quas
380 2475 497 2515 non
538 2459 829 2528 videntur,
864 2459 1157 2516 calamum
1188 2461 1317 2515 vani
1364 2460 1600 2516 honoris
1630 2465 1855 2534 tempo-

199 2548 406 2605 raliter
434 2548 763 2621 eapeseitis,
787 2565 894 2605 nec
917 2565 1206 2621 suprema:
1226 2548 1611 2605 beatitudinis
1636 2549 1855 2622 aulam,

196 2643 304 2693 aut
350 2642 617 2694 extremae
676 2638 1041 2695 miseriae..."
1095 2642 1226 2711 post
1300 2638 1598 2694 modicum
1666 2640 1853 2711 respi-

197 2726 356 2782 citis.

271 2816 411 2879 Quae
440 2816 489 2871 si
515 2815 771 2872 maxima
802 2833 937 2889 pars
959 2820 1214 2872 vestrum
1238 2816 1565 2873 Christiano
1597 2815 1734 2872 talia
1766 2834 1851 2873 re-

201 2909 480 2959 tractaret
506 2905 1108 2978 animo,nequaquam
1138 2904 1247 2961 hoc
1277 2910 1438 2962 tanto
1472 2905 1735 2961 Ecclesiae
1759 2907 1857 2979 ju-

192 2994 348 3066 giter
375 3000 689 3066 angeretur
718 2994 894 3050 male.
930 2994 1063 3064 Sed,
1097 2995 1241 3066 proh
1275 2994 1467 3051 dolor!
1504 3012 1537 3051 a
1571 2995 1734 3050 Iaicis
1766 2996 1850 3050 di-

191 3081 526 3155 gnitatibus
573 3081 1027 3138 ecclesiasticam
1076 3083 1421 3156 dignitatem
1472 3084 1683 3156 adepti,
1716 3100 1851 3139 eum

1973 500 2073 574 qui
2103 502 2527 558 abominamini
2552 506 2868 576 judicium,
2904 514 2961 565 et
2990 512 3187 568 omnia
3219 521 3372 571 recta
3396 536 3618 589 perver-

1970 591 2117 653 titis,
2171 592 2271 662 qui
2306 592 2604 648 :ediﬁcatis
2635 595 2770 649 Sion
2806 596 2863 650 in
2907 600 3317 670 sanguinibus,
3354 612 3412 661 et
3458 608 3618 663 Jeru-

1970 679 2152 735 salem
2204 680 2261 735 in
2295 680 2621 751 iniquitate.
2660 683 2962 757 Principes
2992 691 3119 759 ejus
3166 691 3223 746 in
3275 697 3618 752 muneribus

1962 768 2329 839 judicabant,
2353 774 2409 824 et
2438 771 2767 825 sacerdotes
2790 774 2917 843 ejus
2942 776 2997 829 in
3021 782 3288 835 mercede
3311 783 3614 856 docebant,

1969 862 2027 947 et
2065 857 2356 947 prophetze
2394 860 2521 929 ejus
2560 858 2617 913 in
2651 863 2896 930 pecunia
2943 864 3300 936 divinabant,
3354 877 3409 927 et
3441 892 3616 947 super

1970 945 2283 1001 Dominum
2326 947 2786 1018 requiescebant,
2839 951 3134 1011 dicentes:
3184 957 3461 1031 Nunquid
3505 945 3614 1019 non

1969 1034 2252 1094 Dominus
2276 1035 2334 1090 in
2359 1037 2550 1091 medio
2583 1042 2888 1095 nostrum?
2909 1042 3029 1096 Non
3058 1046 3286 1101 venient
3316 1066 3492 1119 super
3515 1069 3617 1108 nos

1973 1124 2145 1178 mala.
2178 1128 2420 1196 Propter
2451 1126 2559 1180 hoc
2591 1143 2769 1181 causa
2791 1131 3112 1186 vestriSion
3145 1137 3309 1205 quasi
3334 1155 3470 1209 ager
3489 1158 3614 1196 ara-

1970 1212 2149 1280 bitur,
2181 1218 2237 1268 et
2259 1213 2587 1268 Jerusalem
2622 1217 2788 1285 quasi
2822 1235 3061 1274 acervus
3096 1221 3355 1293 lapidum
3402 1228 3529 1296 erit,
3562 1237 3620 1285 et

1972 1318 2141 1357 mons
2172 1300 2373 1374 templi
2407 1302 2464 1357 in
2497 1303 2725 1358 excelsa
2758 1305 3038 1363 silvarum
3071 1310 3249 1380 (Mz'ch.
3287 1332 3370 1381 ιιι,
3408 1318 3483 1387 9),
3516 1341 3543 1367 ››

2576 1464 2803 1521 CAPUT
2844 1468 3010 1526 XXX.

1973 1552 2364 1624 Recapitulatio
2393 1552 2460 1607 de
2487 1552 2824 1679 (legiosifftolne
2863 1556 3241 1638 [irrrcta'mrum
3272 1567 3322 1619 et
3350 1570 3619 1624 sententia

2574 1642 2657 1679 t-ec
2698 1644 2747 1679 τα
2776 1645 2821 1679 zs
2851 1645 2911 1679 ιη
2940 1646 3046 1679 eos-

2574 1642 2765 1679 ἷ-ϐσηῖϐι
2776 1645 2821 1680 τε
2851 1645 2911 1682 m
2940 1646 3046 1685 (308.

2041 1748 2185 1804 lline
2198 1750 2323 1820 jam
2342 1748 2475 1805 licet
2491 1750 2745 1805 maxima
2765 1769 2831 1806 ex
2846 1760 3008 1823 parte
3022 1755 3248 1825 spicula
3267 1760 3335 1814 ad
3347 1765 3619 1820 versarie-

1966 1854 2098 1892 rum
2131 1838 2432 1893 catholicis
2462 1840 2686 1909 objecta
2715 1841 2961 1897 Domino
3013 1845 3264 1903 donante
3311 1856 3411 1904 aut
3447 1871 3615 1924 repu-

1964 1925 2133 1980 Ierim
2178 1931 2279 1980 aut
2309 1927 2691 1994 decusserim,
2724 1936 2825 1985 aut
2856 1938 3008 1987 certe
3055 1936 3390 2005 retuderim,
3424 1941 3617 1998 adhuc

1966 2017 2159 2069 tamen
2194 2014 2250 2069 in
2301 2015 2454 2071 calce
2488 2014 2621 2070 libri
2671 2017 2847 2088 hujus
2900 2022 3330 2080 retundendum
3364 2028 3618 2085 arbitror

1965 2102 2258 2174 spiculum
2279 2103 2419 2157 illud
2442 2104 2622 2161 nimio
2646 2106 2830 2162 toxico
2849 2107 3163 2179 imbutum,
3188 2130 3303 2185 quo
3322 2116 3615 2173 obstinato

1966 2191 2270 2263 impetitur
2290 2192 2682 2250 ecclesiastica
2700 2197 2916 2268 regula,
2933 2206 3223 2269 quatenus
3238 2202 3285 2258 si
3301 2204 3472 2274 juxta
3486 2223 3612 2261 eam

1965 2280 3617 2367 consequiturbaereticosdeponendos,consequaturque-

1965 2370 2255 2441 quejuxta
2272 2371 2654 2427 assertionem
2669 2372 2902 2429 illorum
2918 2377 3154 2432 eosdem
3172 2381 3417 2450 gratiam
3435 2384 3615 2437 eccle-

1965 2457 2267 2514 siasticam
2286 2460 2547 2530 adeptos,
2567 2462 2779 2532 acujus
2802 2465 3143 2521 ascensione
3165 2471 3227 2521 ut
3249 2468 3617 2541 deponantur

1963 2548 2036 2602 sit
2085 2564 2339 2603 necesse.
2376 2549 2736 2622 Quapmpter
2782 2551 2919 2607 hinc
2954 2571 3184 2626 quoque
3233 2559 3615 2616 trutinatores

1963 2638 2269 2693 verborum
2293 2638 2527 2694 interim
2563 2640 2849 2711 patienter
2868 2641 3184 2714 interrogo,
3214 2662 3248 2699 a
3278 2662 3393 2715 quo
3423 2652 3608 2719 gradu

1962 2727 2168 2781 divinae
2200 2728 2399 2800 gratiae
2416 2730 2799 2799 deponantur.
2818 2732 3031 2801 quibus
3053 2732 3368 2789 Psalmista
3398 2736 3483 2792 sic
3505 2738 3612 2792 Itil-

1961 2820 2233 2885 precatur
2265 2833 2277 2871 :
2314 2841 2340 2866 «
2379 2817 2649 2888 Disperge
2672 2817 2801 2872 illos
2834 2818 2889 2872 in
2915 2819 3125 2874 virtute
3155 2825 3275 2890 tua,
3309 2828 3364 2878 et
3392 2824 3613 2897 depone

1959 2916 2079 2971 eos,
2114 2908 2403 2975 protector
2424 2921 2614 2969 meus,
2644 2905 2887 2961 Domine
2912 2930 2939 2955 υ
2960 2908 3133 2978 (Psal.
3160 2926 3315 2979 Lxm,
3348 2913 3609 2984 l2).Qnin

1960 2993 2136 3047 etiam
2169 3010 2202 3047 a
2228 3010 2343 3064 quo
2355 2993 2539 3065 gradu
2560 2993 2952 3051 ecclesiastico
2971 2998 3339 3068 deponantur
3357 3019 3459 3074 pro
3482 3006 3608 3076 qui-

1960 3081 2070 3137 bus
2088 3081 2376 3138 catholiea
2392 3082 2449 3137 in
2472 3082 2562 3137 die
2579 3083 2891 3139 Dominicaz
2912 3087 3208 3143 Passionis
3222 3089 3304 3145 sic
3318 3099 3607 3163 precatur:

182 3170 719 3242 juxtacanonicam
743 3171 1146 3227 auctoritatem
1163 3173 1440 3228 deberent
1457 3189 1589 3227 eum
1614 3172 1736 3228 suis
1759 3190 1854 3228 au-
1886 3169 1929 3237 C
1963 3192 1991 3220 «
2024 3169 2406 3241 Omnipotens
2439 3172 2793 3242 sempiterno
2824 3172 2996 3241 Deus,
3032 3175 3131 3246 qui
3164 3177 3352 3233 salvas
3383 3197 3607 3246 omnes,

191 3260 462 3316 ctoribus
492 3265 548 3315 et
578 3260 907 3315 fautoribus
938 3277 1053 3315 non
1084 3259 1276 3316 solum
1319 3262 1731 3316 communione
1763 3260 1853 3317 aI-

196 3349 366 3417 taris,
401 3350 501 3405 sed
523 3354 582 3404 et
611 3349 879 3421 ingressu
914 3349 1170 3405 ecclesia
1203 3350 1441 3421 privari,
1477 3349 1733 3422 primum
1767 3350 1853 3406 lo-

192 3455 337 3494 cum
387 3439 445 3493 in
504 3455 591 3503 ea,
653 3442 710 3493 et
755 3438 1250 3510 dispensationem
1324 3443 1849 3506 sacramentorum,

192 3526 414 3581 Christi
453 3527 837 3598 omniumque
870 3527 1129 3599 regimen
1189 3532 1363 3599 atque
1406 3525 1852 3599 dispositionem

194 3615 628 3686 adipiscuntur,
661 3617 833 3687 cujus
864 3616 1038 3670 etiam
1063 3615 1268 3671 limina
1297 3617 1631 3688 contingere
1661 3616 1853 3688 prohi-

196 3704 434 3772 bentur,
468 3707 684 3776 utputa
704 3702 921 3776 perjuri
946 3702 1329 3776 principibus,
1363 3703 1578 3776 quibus
1609 3704 1667 3759 in
1691 3709 1852 3760 tanta

196 3793 659 3865 praesumptione
706 3791 971 3848 inﬁdeles
1002 3798 1103 3848 aut
1132 3793 1507 3849 consentiunt
1544 3797 1646 3849 aut
1677 3793 1850 3851 insis-

197 3886 363 3949 tunt;
397 3880 686 3954 sacrilegi,
735 3881 891 3936 fures
940 3886 997 3936 et
1040 3880 1294 3937 latrones
1343 3882 1479 3950 Deo,
1520 3882 1613 3937 cui
1647 3887 1852 3939 sancta

197 3987 312 4026 sua
342 3969 615 4025 furantur
641 3973 699 4024 et
729 3968 1010 4025 violenter
1057 3970 1379 4041 diripiunt;
1422 3970 1727 4027 homicida:
1758 3972 1848 4026 in-

192 4074 378 4130 super
417 4057 775 4131 pauperibus
823 4058 1060 4129 Christi,
1113 4075 1363 4131 quorum
1412 4059 1767 4130 patrimonia
1794 4064 1851 4115 et

192 4147 481 4220 pecunias
514 4147 788 4203 fraudant
811 4151 869 4203 et
889 4146 1012 4203 suis
1032 4147 1240 4203 usibus
1259 4146 1585 4216 vindicant;
1619 4164 1847 4204 excom-

192 4235 484 4292 municati
536 4240 647 4292 Deo
678 4240 735 4292 et
776 4237 1053 4292 omnibus
1094 4235 1315 4291 sanctis
1344 4236 1473 4307 ejus
1517 4236 1846 4308 praeteritis,

192 4324 585 4398 praesentibus
641 4328 697 4381 et
744 4324 979 4391 futuris,
1038 4342 1289 4398 quorum
1344 4325 1715 4397 disciplinam
1748 4326 1847 4381 de-

189 4418 443 4470 struunt
471 4419 529 4471 et
556 4413 888 4482 conciliant,
922 4430 1071 4486 quos
1120 4412 1514 4470 scandalizare
1561 4419 1619 4470 et
1666 4415 1845 4470 oil‘en-

190 4501 337 4558 dere
368 4520 484 4558 non
516 4507 738 4559 curant.
772 4502 879 4566 Qui
905 4519 1034 4558 vere
1048 4503 1176 4574 jam
1199 4519 1313 4558 non
1338 4507 1475 4559 sunt
1496 4502 1749 4559 habendi
1782 4509 1846 4559 ut

189 4589 295 4647 alii
332 4591 485 4646 intra
507 4590 1262 4663 Ecclesiamiudisciplinati
1290 4591 1627 4656 Christiani,
1652 4592 1753 4648 sed
1787 4597 1850 4648 ut

186 4696 327 4736 vere
376 4679 853 4750 blaspheinantes
900 4680 1183 4752 Spiritum
1244 4684 1514 4736 sanctum
1565 4680 1845 4750 haeretici,

188 4770 342 4825 dum
375 4774 640 4841 proterve
671 4774 728 4824 et
765 4767 1086 4824 voluntarie
1137 4769 1653 4842 transgrediuntur
1694 4769 1851 4842 leges

188 4857 564 4930 conscriptas
593 4862 651 4913 et
671 4857 1035 4929 subscriptas
1066 4855 1247 4929 digito
1277 4857 1398 4912 Dei.
1427 4858 1683 4921 Quorum
1716 4874 1849 4930 pec-

190 4946 347 5002 catis
375 4945 819 5002 communicant
853 4945 1053 5019 procul
1095 4945 1275 5002 dubio
1315 4946 1596 5018 primates
1643 4952 1700 5002 et
1730 4963 1850 5002 me-

190 5033 560 5107 trOpolitani,
586 5034 685 5107 qui
711 5033 929 5090 talibus
955 5034 1151 5091 etsine
1174 5034 1455 5091 canonica
1484 5034 1852 5091 discussione

190 5140 417 5180 manus
446 5123 779 5196 imponunt,
813 5121 1163 5179 reclamante
1191 5122 1469 5196 Apostolo
1493 5123 1552 5179 in
1594 5123 1854 5195 Epistola

192 5212 265 5267 ad
302 5211 702 5268 Timotheum.
728 5210 1235 5267 Taliternimirum
1257 5212 1463 5268 talium
1496 5211 1849 5285 principum,

192 5301 694 5373 sacerdotumque
712 5305 770 5357 et
796 5301 1088 5357 fautorum
1118 5300 1352 5357 illorum
1384 5318 1562 5357 causa
1592 5301 1728 5374 quid
1747 5302 1851 5358 Ec-

192 5389 382 5447 clesia
409 5389 585 5447 etiam
602 5388 910 5447 visibiliter
929 5406 1352 5464 nonnunquam
1374 5391 1651 5464 patiatur,
1685 5408 1853 5465 aper-

190 5482 249 5540 te
301 5477 527 5539 indicat
575 5478 832 5540 Micheas
879 5478 1163 5559 propheta
1210 5495 1224 5537 :
1274 5502 1303 5533 «
1342 5480 1571 5555 Audite,
1638 5479 1850 5561 inquit,

1962 3263 2020 3313 et
2049 3258 2343 3314 neminem
2363 3258 2449 3313 vis
2487 3259 2694 3331 perire,
2723 3262 2941 3333 respice
2973 3264 3042 3318 ad
3075 3264 3304 3322 animas
3326 3268 3608 3325 diabolica

1963 3347 2166 3402 fraude
2179 3348 2732 3419 deceptas,ut,omni
2751 3350 3020 3407 harretica
3034 3354 3314 3423 pravitate
3327 3357 3523 3430 deposi
3538 3368 3609 3424 tu,

1963 3436 2287 3491 errantium
2323 3437 2500 3492 corda
2530 3438 2899 3510 resipiscant,
2932 3446 2987 3496 et
3009 3442 3080 3497 ad
3105 3443 3359 3500 veritatis
3382 3450 3492 3502 tuae
3527 3464 3609 3502 re-

1961 3524 2138 3580 deant
2169 3524 2479 3580 unitatem.
2515 3548 2543 3575 »
2576 3528 2719 3582 Ecce
2742 3528 2833 3583 hic
2849 3530 3137 3586 catholica
3169 3539 3333 3605 rogat
3356 3541 3418 3590 ut
3438 3535 3611 3591 ἢδη-ο-

1960 3613 2075 3668 tica
2105 3613 2361 3685 pravitas
2385 3615 2456 3669 ab
2476 3614 2788 3671 animabus
2822 3618 3111 3675 diabolica
3132 3621 3333 3678 fraude
3356 3624 3611 3695 deceptis

1961 3702 2316 3773 deportetur.
2350 3702 2665 3759 Psalmista
2694 3721 2927 3776 quoque
2959 3708 3250 3777 superius,
3295 3716 3359 3764 ut
3392 3711 3608 3766 inimici

1959 3792 2090 3862 ejus
2121 3792 2504 3864 deponantur.
2540 3793 2603 3848 In
2636 3810 2752 3864 qua
2782 3795 2981 3864 utique
3002 3795 3359 3865 depositione
3384 3798 3606 3853 nullam

1960 3880 2387 3951 depositionem
2411 3881 2483 3935 ab
2505 3879 2756 3951 alicujus
2770 3881 2965 3953 gratiae
2990 3882 3076 3937 vel
3099 3884 3402 3955 dignitatis
3425 3887 3607 3942 excel-

1958 3967 2137 4024 lentia
2168 3986 2345 4040 quam
2372 3969 2537 4041 prius
2571 3969 2884 4025 habuerint
2914 3970 3238 4044 intelligere
3270 3991 3606 4047 possumus.

1959 4056 2071 4112 nisi
2094 4055 2279 4112 solam
2298 4058 2813 4129 praesumptionem
2829 4058 3108 4115 heretica;
3132 4061 3606 4139 falsitatis,quam

1957 4145 2068 4201 sub
2101 4146 2292 4216 specie
2321 4145 2620 4201 catholicae
2634 4147 2895 4204 veritatis
2917 4149 3026 4205 sibi
3059 4152 3436 4223 pertinaciter
3451 4173 3605 4213 arro-

1956 4238 2117 4307 gant.
2151 4234 2244 4289 Sic
2268 4238 2325 4289 et
2343 4234 2666 4290 Simoniani
2692 4253 2794 4292 seu
2817 4237 3063 4309 quilibet
3080 4240 3329 4297 hazretici
3349 4259 3480 4299 cum
3507 4248 3606 4300 cle-
3630 4272 3646 4280 -

1956 4323 2091 4395 poni
2130 4323 2570 4394 jubentur,non
2609 4325 2681 4381 ab
2714 4325 2912 4399 aliqua
2941 4328 3346 4386 ecclesiasticae
3375 4333 3603 4387 ordina-

1955 4411 2129 4473 tionis
2159 4412 2346 4485 gratia
2368 4430 2545 4485 quam
2565 4413 2849 4471 hactenus
2867 4416 3121 4473 habeant
3150 4420 3359 4491 deponi
3390 4421 3603 4491 juben-

1953 4506 2051 4557 tur
2075 4520 2088 4569 ;
2112 4504 2213 4557 sed
2253 4503 2431 4558 etiam
2464 4503 2534 4558 ab
2579 4505 2844 4561 exteriori
2899 4506 3042 4561 I‘acie
3078 4508 3602 4564 ecclesiasticorum

1957 4591 2400 4663 graduum,qua
2417 4593 2488 4647 ad
2510 4593 2892 4663 perditionem
2914 4612 3081 4649 suam
3105 4595 3425 4668 populique
3447 4597 3604 4653 Chri-

1960 4680 2135 4735 stiani
2158 4682 2559 4753 deceptionem
2586 4698 2687 4754 per
2707 4683 3094 4754 imposturam
3115 4685 3455 4740 abutuntur.
3480 4687 3608 4750 Qui-

1962 4769 2072 4824 bus
2103 4770 2353 4825 maxime
2386 4771 2570 4841 aptari
2595 4776 2783 4841 potest
2806 4770 3002 4826 fabula
3023 4773 3093 4827 de
3110 4772 3291 4829 asello
3312 4774 3459 4846 pelle
3490 4776 3603 4830 Ico-

1961 4858 2054 4913 nis
2088 4858 2312 4923 induto,
2337 4859 2436 4929 qui
2460 4864 2839 4931 prmsumpto,
2862 4877 2964 4915 seu
2984 4863 3138 4932 quod
3163 4864 3602 4935 aptiusdicitur,
3659 4892 3669 4899 -

1962 4946 2237 5002 simulato
2268 4946 2499 5001 leonino
2531 4946 2745 5018 vigore,
2780 4949 3056 5005 turbabat
3076 4952 3316 5023 pavidas
3339 4970 3441 5025 per
3472 4972 3605 5009 rura

1960 5051 2114 5101 oves,
2148 5051 2282 5089 cum
2313 5034 2392 5089 nil
2416 5036 2653 5091 omnino
2684 5035 2925 5092 leonina:
2957 5038 3335 5109 fortitudinis,
3369 5050 3605 5114 excepto

1961 5141 2105 5179 vano
2135 5128 2375 5195 terrore,
2407 5141 2475 5180 ex
2504 5123 2596 5179 bis
2618 5116 2840 5182 exuviis
2870 5128 2956 5183 vel
2988 5128 3193 5200 spoliis
3225 5130 3334 5184 sibi
3366 5130 3451 5185 vel
3483 5133 3602 5185 cni-

1961 5230 2137 5284 quam
2170 5213 2470 5285 acquirere
2498 5215 2768 5284 potuerit.
2802 5215 2904 5270 Cui
2939 5216 3079 5272 dum
3112 5218 3370 5273 rusticus
3392 5218 3603 5289 pellem

1961 5300 2146 5357 leonis
2178 5302 2446 5370 detraxit,
2481 5302 2560 5357 nil
2587 5320 2826 5375 prorsus
2858 5303 3099 5360 leoninae
3128 5307 3393 5377 potentia:
3426 5324 3605 5379 quam

1962 5406 2029 5446 ex
2058 5389 2207 5463 pelle
2228 5390 2327 5447 illa
2358 5391 2677 5464 accepisset
2707 5397 2808 5448 aut
2838 5392 3076 5450 haberet
3104 5395 3156 5449 ei
3186 5395 3470 5466 detraxit;
3503 5398 3601 5454 sed

1963 5479 2148 5538 solam
2181 5498 2355 5556 quam
2380 5499 2446 5541 cx
2479 5482 2581 5539 illa
2612 5482 2899 5558 hypocrisi
2934 5485 3299 5544 contraxerat
3327 5501 3604 5560 presum-
