4106 6178
525 343 674 402 1191
1575 323 1983 392 HUMBER’I‘I
2028 332 2091 390 S.
2143 332 2189 390 Η

2201 375 2213 390 .
2260 330 2330 391 Ε.
2380 331 2473 390 CA
2486 326 2869 394 RDlNALlS.
3714 333 3838 397 1192

522 474 803 547 ptionem,
834 468 984 527 sicut
1008 467 1197 524 eidem
1240 464 1416 521 asello
1457 464 1712 520 rusticus
1761 464 1903 520 dum
1952 462 2161 536 spolia—
2188 462 2246 529 Α
2272 462 2505 535 ligetur,
2534 481 2639 533 nec
2669 463 2826 521 calor
2856 466 3229 538 postmodum
3259 465 3498 523 resolvat
3517 469 3654 539 quod
3670 467 3842 526 humo‘r

522 569 649 619 tum
682 562 961 622 cerneret,
984 556 1201 612 dixisse
1233 555 1417 610 fertur
1450 571 1462 609 :

678 667 919 716 Forsitan
948 664 1165 725 ignaros
1195 662 1402 725 imitate
1434 673 1707 709 murmure
1739 659 1875 725 fallis
1903 674 1916 708 :

744 730 813 778 At
841 722 995 786 mihi,
1025 726 1115 788 qui
1143 724 1434 786 quondam,
1464 735 1674 784 semper
1704 722 1895 770 asellus
1925 722 2046 771 eris.

592 827 696 882 Est
725 840 960 897 quoque
994 821 1151 876 aliud
1187 821 1339 892 quod
1373 820 1432 874 in
1458 819 1560 874 illa
1588 819 1848 875 oratione
1889 820 2167 891 poscitur,

521 916 764 987 scilicet,
796 918 859 968 ut
889 910 1138 968 haeretici
1166 921 1221 965 et
1252 909 1610 965 schismatiei
1641 909 1711 965 ad
1731 908 1995 964 veritatis
2024 908 2168 963 divi-

520 1024 605 1061 na:
638 1005 878 1059 redeant
909 1002 1213 1055 unitatem.
1258 1000 1319 1054 In
1353 1000 1523 1068 cujus
1555 1015 1788 1069 quoque
1836 998 2169 1070 praefatione

520 1109 829 1149 monemur
849 1107 1013 1146 orare
1048 1106 1150 1160 pro
1181 1088 1345 1160 ipsis,
1380 1092 1443 1142 ut
1474 1088 1629 1142 Deus
1654 1104 1718 1141 ac
1764 1087 2044 1141 Dominus
2067 1103 2167 1142 no-

518 1188 635 1239 ster
665 1198 763 1237 eos
796 1180 869 1235 ab
892 1178 1188 1235 erroribus
1209 1175 1497 1231 universis
1524 1175 1595 1229 ad
1619 1180 1881 1229 sanctam
1918 1179 2166 1230 matrem

517 1269 832 1326 Ecclesiam
885 1265 1229 1323 catholicam
1264 1268 1436 1335 atque
1476 1261 1852 1335 apostolicam
1904 1279 2169 1318 revocare

516 1360 810 1432 dignetur.
832 1357 995 1412 Unde
1016 1354 1145 1409 luce
1168 1351 1383 1407 clarius
1404 1355 1633 1407 constat
1652 1351 1709 1405 in
1734 1350 1955 1406 unitate
1976 1351 2166 1407 Eccle-

515 1447 613 1502 siaa
644 1445 939 1502 catholicae
972 1448 1146 1514 atque
1168 1440 1494 1513 apostolicae
1510 1457 1625 1496 non
1647 1441 1874 1506 adesse,
1896 1442 1967 1496 ad
1989 1458 2165 1512 quam

515 1540 580 1590 ut
609 1538 948 1589 revocentur
978 1536 1033 1586 et
1064 1532 1322 1597 redeant,
1358 1529 1428 1584 ab
1461 1530 1664 1585 eadem
1697 1529 2009 1586 universali
2056 1531 2168 1585 Ee-

513 1622 687 1679 elesia
718 1618 1103 1693 oratur.Ergo
1126 1618 1447 1674 Simoniani
1470 1618 1843 1674 authaeretiei
1862 1636 1976 1674 non
2004 1623 2163 1684 sunt,

512 1717 571 1767 et
600 1712 658 1766 in
690 1710 945 1775 Ecclesia
975 1716 1131 1775 sunt,
1166 1714 1268 1762 aut
1297 1712 1448 1762 certe
1469 1707 1723 1763 hairctici
1746 1713 1905 1775 sunt,
1933 1712 1989 1763 et
2005 1712 2167 1764 extra

513 1800 825 1856 Ecelesiam
858 1802 1015 1854 sunt.
1053 1798 1227 1852 Porro
1260 1797 1309 1851 si
1334 1797 1392 1851 in
1424 1795 1681 1851 Ecclesia
1703 1802 1865 1863 sunt,
1893 1796 2159 1853 catholici

462 1880 465 1885 ’
511 1894 670 1956 sunt,
695 1892 869 1960 atque
891 1887 1149 1958 accipere
1171 1890 1419 1957 possunt
1438 1885 1721 1957 Spiritum
1740 1891 2032 1954 sanctum,
2057 1886 2163 1941 sie-

510 1979 771 2051 quejam
804 1976 1056 2031 haeretici
1089 1991 1193 2030 nec
1224 1974 1477 2030 habendi
1511 1991 1613 2028 nec
1645 1974 1874 2030 dicendi
1907 1979 2066 2031 sunt.
2101 1975 2160 2031 Si

511 2072 707 2124 autem
740 2070 898 2122 extra
928 2063 1244 2120 Ecelesiam
1278 2067 1437 2129 sunt,
1468 2068 1623 2119 certe
1649 2068 1751 2119 aut
1779 2063 2032 2119 haeretici
2063 2067 2164 2119 aut

511 2154 726 2229 pagani
759 2158 917 2220 sunt,
942 2159 997 2209 et
1029 2152 1433 2223 ideoaccipere
1451 2169 1565 2207 non
1600 2157 1848 2224 possunt
1877 2152 2159 2224 Spiritum

509 2250 800 2309 sanctum,
836 2244 974 2314 quia
1004 2247 1165 2297 extra
1198 2241 1514 2295 Ecclesium
1567 2258 1680 2295 non
1715 2246 1906 2313 potest
1954 2241 2158 2313 accipi,

509 2335 866 2404 protestante
897 2330 1144 2385 Domino
1192 2328 1465 2399 superius
1497 2344 1510 2381 :
1547 2329 1716 2397 cujus
1750 2327 1949 2400 procul
1984 2329 2160 2384 dubio

509 2420 881 2486 sententiam,
926 2435 1058 2471 eum
1103 2434 1305 2472 omnes
1355 2416 1679 2481 orthodoxi,
1731 2422 1856 2471 tum
1889 2418 2160 2489 egregius

511 2508 756 2579 Prosper
800 2509 1037 2562 secutus
1087 2504 1168 2560 ait
1209 2522 1221 2560 :
1270 2527 1297 2553 ‹‹
1347 2505 1510 2559 Sicut
1555 2506 2045 2560 considerandum
2073 2509 2163 2561 est

510 2596 649 2668 quid
700 2601 756 2651 et
800 2597 891 2650 cui
940 2611 1172 2659 veveas,
1219 2594 1300 2648 ita
1327 2594 1505 2648 etiam
1547 2594 2036 2650 considerandum
2070 2599 2181 2668 est

509 2686 605 2741 ubi
639 2701 844 2741 voveas
879 2702 891 2739 :
927 2682 1066 2756 quia
1094 2682 1212 2737 veri
1250 2681 1516 2737 sacriﬁcii
1564 2681 1725 2738 locus
1774 2688 1934 2739 extra
1965 2662 2159 2739 Eeclei

507 2775 656 2830 siam
689 2772 1035 2830 catholicam
1066 2789 1183 2828 non
1215 2776 1322 2828 est.
1355 2793 1382 2821 »
1415 2772 1578 2836 Quod
1608 2789 1778 2828 versu
1802 2789 2035 2845 quoque
2065 2773 2159 2829 de-

508 2864 739 2920 clarans
768 2863 969 2919 subdit
997 2879 1011 2917 :

570 2987 723 3037 Nor-it
753 2988 841 3049 qui
872 2986 1049 3035 reddit
1077 2986 1304 3035 Domino
1336 2987 1424 3048 pia
1452 2989 1577 3035 vota
1604 2986 1850 3044 Tonanti,

632 3051 807 3099 Unum
840 3049 1034 3097 divinis
1064 3049 1297 3098 cultibus
1328 3063 1444 3097 esse
1476 3049 1667 3108 locum,

572 3114 629 3161 In
661 3118 775 3162 toto
808 3113 1007 3160 mundo
1043 3125 1200 3173 quem
1233 3126 1359 3159 vera
1396 3111 1624 3159 Ecclesia
1656 3110 1873 3174 praebet,

630 3176 697 3224 Et
724 3176 838 3225 sine
867 3188 975 3237 quo
1005 3174 1208 3223 nullum
1239 3174 1457 3236 justitice
1496 3178 1575 3223 est
1603 3176 1869 3223 meritum.

577 3302 639 3357 In
667 3299 885 3371 quibus
902 3298 1073 3371 plane
1097 3297 1460 3370 przedieatur,
1477 3314 1581 3352 nec
1601 3314 1794 3352 veram
1813 3296 2151 3366 Ecclesiam,

507 3404 610 3443 nec
642 3404 841 3443 verum
892 3385 1268 3451 sacrificium,
1315 3399 1421 3437 nec
1459 3384 1579 3438 veri
1618 3382 1887 3438 sacrificii
1937 3383 2151 3450 locum,

505 3493 609 3531 nec
631 3476 893 3530 divinum
924 3473 1149 3529 cultum
1172 3472 1591 3527 convincentur
1619 3472 1851 3538 habere,
1872 3473 2026 3527 sicut
2048 3488 2153 3528 nec

505 3563 603 3619 alii
636 3561 908 3618 haeretici.
942 3561 1089 3625 Quid
1115 3578 1249 3631 ergo
1284 3559 1498 3630 pariter
1528 3559 1785 3614 habent?
1815 3559 2009 3615 Solam
2042 3560 2153 3615 f'al-

505 3654 738 3708 sitatem
771 3650 1115 3721 cultumque
1145 3648 1593 3703 dmmoniacum.
1629 3648 1739 3703 Sed
1770 3653 1918 3713 esto,
1941 3649 2154 3704 dicitur

507 3743 661 3815 apud
693 3758 792 3797 eos
824 3739 1199 3803 sacrificium,
1221 3736 1611 3792 sacerdotium
1634 3741 1692 3791 et
1716 3741 1921 3792 cratera
1952 3738 2151 3794 catho-

505 3832 751 3889 lieorum
784 3834 1151 3886 sacramenta
1178 3831 1237 3883 et
1268 3823 1538 3897 insignia.
1570 3826 1657 3893 Et,
1691 3843 1723 3880 ο
1755 3842 1931 3896 quam
1966 3826 2154 3883 multa

503 3923 799 3986 dicuntur,
819 3937 945 3990 qua:
967 3917 1204 3973 omnino
1231 3914 1312 3971 nil
1337 3932 1537 3971 earum
1561 3931 1753 3969 rerum
1781 3931 2031 3985 quarum
2053 3932 2150 3971 vo-

504 4008 731 4065 cabulis
779 4008 1135 4076 indicantur,
1171 4006 1231 4060 in
1282 4021 1345 4060 se
1395 4004 1607 4060 habere
1650 4004 2151 4075 comprobantur?

505 4098 667 4165 Quod
698 4114 832 4151 cum
865 4093 1396 4167 superiusubertim
1430 4098 1821 4149 monstratum
1855 4094 1950 4163 sit,
1974 4094 2149 4149 etiam

505 4204 574 4243 ex
616 4186 809 4241 verbis
860 4183 1177 4240 Ezechielis
1220 4182 1511 4255 propheta)
1559 4183 1872 4237 monstrari
1918 4182 2148 4254 poterit,

508 4275 607 4331 ubi
637 4274 779 4330 dicit
816 4272 1303 4346 prophetantibus
1334 4271 1405 4327 de
1444 4272 1617 4325 corde
1646 4288 1752 4326 suo
1785 4288 1797 4327 :
1832 4295 1859 4321 ‹‹
1890 4271 1984 4326 Vae
2016 4289 2148 4344 pro-

505 4366 695 4439 phetis
739 4361 1178 4436 insipientibus,
1227 4382 1255 4411 »
1288 4364 1395 4415 etc.
1429 4376 1599 4432 usque
1639 4383 1666 4410 «
1699 4364 1755 4416 et
1783 4361 1978 4417 scietis
2012 4378 2149 4433 quo.

506 4456 661 4512 niam
690 4471 795 4526 ego
816 4451 1099 4509 Dominus
1130 4449 1349 4522 (Ezech.
1375 4466 1501 4516 χιιι,
1523 4449 1598 4521 3).
1629 4471 1656 4499 ››

1098 4558 1331 4615 CAPUT
1364 4557 1557 4613 XXXI.

539 4656 613 4711 De
644 4652 886 4726 praprz'iz's
946 4650 1273 4726 dictionibus
1320 4647 1725 4726 in_._mpra_d_icli
1747 4647 2039 4726 propheta
2062 4652 2115 4703 et

827 4724 970 4778 beati
999 4721 1242 4793 Gregorii
1288 4722 1463 4776 verbis
1504 4720 1826 4791 subjunclz's.

576 4833 710 4896 Qute
744 4829 1036 4901 propheta:
1066 4828 1242 4883 verba
1274 4826 1486 4881 idcirco
1518 4826 1647 4881 istic
1682 4825 1941 4881 seriatim
1992 4826 2147 4882 inse-

506 4920 755 4985 ruimus,
791 4916 930 4989 quia
959 4916 1186 4972 etiamsi
1212 4915 1324 4970 alia
1346 4915 1636 4982 deessent,
1671 4914 1790 4969 haec
1808 4914 1933 4970 sola
1953 4917 2150 4970 conf’u-

506 5008 707 5064 tationi
740 5006 1143 5061 haereticorum
1174 5009 1231 5060 et
1263 5005 1548 5076 praecipue
1592 5004 2015 5073 objectionibus
2060 5004 2148 5059 Si-

505 5096 914 5153 menianorum
942 5095 1299 5149 sufficerent.
1322 5092 1391 5146 Ut
1416 5092 1572 5147 enim
1596 5097 1803 5148 caetera
1834 5092 2147 5164 praemissa:

502 5185 822 5260 prophetia:
853 5182 1388 5257 praetermittamus,
1426 5183 1579 5252 quod
1613 5180 1804 5237 solum
1838 5182 1973 5238 inde
2003 5200 2149 5255 prae-

504 5277 652 5332 senti
687 5293 871 5348 opera:
903 5278 992 5329 est
1020 5271 1272 5344 pretium
1314 5274 1723 5326 summotenus
1767 5271 2147 5342 attingamus,

500 5364 767 5422 videlicet
794 5363 1073 5437 parietem
1098 5378 1132 5417 a
1152 5359 1366 5433 populo
1388 5361 1732 5415 mdificatum
1757 5359 2051 5431 propheta:
2082 5360 2150 5414 li-

503 5454 669 5511 niant
699 5455 919 5526 absque
951 5452 1152 5526 paleis.
1183 5449 1483 5521 Siquidem
1516 5448 1727 5505 lateres
1759 5448 1816 5503 in
1852 5448 2151 5505 nonnullis

500 5541 817 5619 provinciis
848 5545 905 5599 et
935 5540 1186 5597 maxime
1230 5536 1483 5596 Orientis
1527 5536 1610 5595 sie
1642 5536 2054 5605 conficiuntur,
2086 5539 2153 5595 ut

502 5632 625 5697 luto
645 5630 823 5711 palea:
844 5630 1298 5702 admisceantur,
1322 5627 1539 5706 quibus
1560 5624 1719 5686 lutea
1741 5626 2013 5688 materies
2040 5625 2153 5687 eol-

2278 552 2725 625 conglutinaret.
2753 554 2913 610 Unde
2936 558 2992 611 et
3012 554 3149 626 ipsae
3171 554 3345 628 paleae
3366 555 3489 612 istic
3514 560 3840 628 temperatura

2279 642 2573 711 dicuntur,
2606 642 2746 715 quia
2775 648 3215 715 contemperant
3254 643 3578 700 dissolubile
3602 645 3764 701 lutum
3786 663 3840 703 ne

2278 730 2619 788 resolvatur.
2653 732 2909 804 Populus
2939 748 3075 805 ergo
3101 750 3228 788 sese
3250 733 3307 787 in
3338 733 3598 805 parietem
3625 733 3837 804 aedificat,

2278 821 2420 876 dum
2451 819 2702 877 Ecclesia
2724 821 2937 877 Christi
2960 821 3082 877 fieri
3113 821 3352 877 laborat.
3377 822 3484 877 Sed
3505 840 3536 878 a
3554 823 3842 895 pseudopro-

2279 909 2490 981 phetis,
2524 909 2810 965 haereticis
2830 910 3066 979 scilicet,
3090 910 3229 982 quia
3252 910 3371 966 luto
3389 910 3678 966 visibilium
3695 928 3840 968 sacra-

2279 1002 2609 1055 mentorum
2641 999 2767 1053 sine
2796 1004 3190 1071 temperatura
3217 998 3519 1055 invisibilis
3547 1000 3717 1073 gratia
3741 998 3839 1056 lini-

2276 1089 2393 1153 tur,
2427 1103 2673 1142 casurus
2699 1092 2805 1143 est.
2840 1086 2947 1152 Qui
2978 1088 3233 1159 profecto
3262 1088 3468 1160 paries,
3498 1106 3604 1144 non
3631 1105 3738 1144 esse
3763 1106 3841 1161 pa-

2278 1174 2392 1230 ries
2412 1174 2641 1245 dicitur,
2658 1181 2716 1231 et
2734 1175 2911 1232 litura
2931 1193 3045 1232 non
3064 1175 3260 1246 litura,
3281 1180 3336 1232 et
3352 1176 3625 1249 propheta
3636 1194 3731 1232 non
3749 1195 3842 1249 pro-

2278 1262 2487 1334 pheta,
2519 1267 2577 1319 et
2605 1263 2904 1320 vivificataa
2935 1265 3143 1320 anima:
3174 1283 3289 1321 non
3322 1266 3584 1332 viventes,
3612 1270 3661 1320 et
3686 1265 3840 1320 morti-

2278 1353 2460 1408 ficata:
2494 1370 2608 1409 non
2632 1354 2964 1409 morientes.
2990 1352 3098 1409 Ubi
3116 1355 3291 1409 etiam
3310 1352 3535 1409 illorum
3565 1370 3710 1426 poma
3732 1371 3839 1425 pre-

2276 1441 2509 1509 dicitur,
2546 1442 2645 1515 qui
2678 1459 2775 1498 cor
2796 1442 2967 1514 justi,
2997 1460 3169 1515 quem
3201 1448 3355 1499 Deus
3382 1459 3494 1499 non
3524 1442 3836 1509 contristavit,

2275 1531 2643 1599 contristent,
2676 1535 2733 1587 et
2763 1548 2975 1587 manus
3005 1531 3170 1604 impii
3205 1548 3277 1588 ne
3297 1535 3600 1588 revertatur
3621 1531 3743 1589 avia
3763 1547 3844 1587 sua

2278 1618 2433 1674 mala
2461 1624 2518 1675 et
2545 1619 2699 1675 vivat
2728 1621 2941 1692 (Ezech.
2974 1637 3099 1686 xm,
3128 1622 3245 1689 22);
3272 1619 3601 1676 confortant.
3622 1618 3757 1684 Quod
3772 1634 3840 1674 au-

2272 1711 2389 1763 tem
2410 1725 2501 1763 res
2522 1708 2842 1764 visibilium
2855 1713 3378 1776 sacramentorum,
3392 1725 3514 1781 quae
3526 1708 3663 1780 apud
3674 1706 3843 1764 haereti-

2274 1813 2373 1852 cos
2403 1796 2836 1853 Christianismi
2854 1797 3249 1866 inveniuntur,
3275 1815 3389 1854 non
3407 1797 3585 1854 solum
3600 1796 3841 1852 detrimen-

2270 1888 2330 1939 ta
2360 1887 2459 1941 sed
2492 1890 2550 1942 et
2579 1891 2834 1942 stercora
2864 1886 3004 1955 sint,
3037 1904 3107 1942 ex
3143 1886 3338 1943 verbis
3376 1884 3619 1958 Apostoli
3661 1884 3719 1941 ad
3743 1882 3836 1939 Phi-

2272 1974 2567 2047 lippenses
2593 1976 2955 2044 ostendatur,
2998 1976 3093 2032 ubi
3129 1976 3417 2032 sacriﬁcia
3453 1979 3509 2031 et
3536 1974 3832 2030 caeremonias

2272 2080 2397 2135 quae
2430 2064 2582 2135 apud
2607 2063 2904 2121 haereticos
2934 2065 3229 2121 Judaismi
3253 2069 3383 2136 post
3411 2060 3836 2137 passionemC'nri-

2273 2153 2345 2207 sti
2398 2153 2878 2222 observabantur,
2928 2154 3133 2224 quanti
3172 2155 3342 2227 prius
3378 2153 3584 2221 fecerit,
3620 2150 3835 2224 quantive

2272 2242 2804 2313 impraesentiarum
2860 2242 3055 2313 faciat,
3102 2243 3401 2315 praedicat,
3431 2240 3839 2297 dicensz‘Secun-

2272 2331 2414 2385 dum
2455 2331 2748 2402 justitiam
2798 2349 2925 2403 quae
2971 2331 3031 2387 in
3064 2330 3190 2405 lege
3234 2336 3343 2401 est,
3385 2334 3719 2388 conversatus
3742 2342 3839 2383 sum

2271 2420 2397 2474 sine
2429 2419 2684 2491 querela.
2718 2420 2828 2475 Sed
2863 2438 2989 2493 quae
3021 2419 3166 2476 mihi
3200 2421 3434 2476 fuerunt
3465 2419 3630 2486 lucra,
3656 2418 3753 2473 hac
3774 2432 3841 2472 ar-

2272 2507 2522 2564 bitratus
2545 2526 2677 2564 sum
2707 2514 2942 2581 propter
2961 2509 3264 2566 Christum
3281 2510 3632 2566 detrimenta.
3656 2507 3839 2561 Verum-

2270 2601 2467 2653 tamen
2500 2602 2557 2653 et
2586 2596 2857 2654 existimo
2873 2598 3071 2655 omnia
3094 2599 3509 2656 detrimentum
3529 2612 3642 2654 esse
3658 2597 3839 2668 propter

2270 2685 2624 2741 eminentem
2650 2685 2954 2743 scientiam
2976 2687 3117 2744 Jesu
3146 2688 3364 2744 Christi
3388 2686 3602 2743 Domini
3617 2685 3727 2748 mei,
3746 2697 3840 2755 pro-

2267 2778 2355 2829 ter
2396 2790 2569 2845 quem
2616 2776 2815 2831 omnia
2861 2776 3283 2833 detrimentum
3332 2777 3438 2833 feci
3477 2780 3532 2832 et
3565 2773 3772 2832 arbitror
3792 2773 3838 2824 ut

2267 2867 2539 2930 stercora,
2565 2863 2937 2922 utChristum
2960 2864 3329 2923 luerif‘aeiam
3352 2866 3605 2939 (Phit.1u,
3621 2863 3689 2933 6).
3714 2884 3737 2910 ι»
3754 2860 3840 2916 Βο-

2267 2952 2464 3007 minus
2496 2969 2727 3024 quoque
2760 2970 2864 3025 per
2901 2953 3252 3010 Malachiam
3295 2953 3596 3011 Judaieum
3632 2947 3837 3006 sacerdo-

2265 3040 2411 3095 tium
2446 3042 2762 3113 reprobans
2780 3042 2862 3097 ait
2897 3058 2909 3098 :
2941 3065 2966 3092 ι(
2993 3043 3134 3098 Ecce
3155 3058 3266 3115 ego
3280 3042 3570 3116 projiciam
3590 3038 3728 3096 vobis
3745 3037 3842 3091 bra-

2263 3130 2460 3185 chium
2483 3136 2539 3186 et
2568 3130 2905 3203 dispergam
2937 3148 3111 3203 super
3140 3132 3371 3188 vultum
3403 3137 3640 3188 vestrum
3661 3132 3833 3184 stercus

2185 3206 2228 3271 (Σ
2268 3217 2707 3275 solemnitatum
2733 3224 3078 3288 vestrarum,
3098 3225 3154 3276 et
3164 3225 3430 3277 assumet
3445 3237 3539 3277 vos
3554 3232 3725 3275 secum
3742 3211 3841 3285 (Ια-

2265 3306 2391 3361 lach
2428 3351 2439 3362 .
2480 3326 2541 3376 ιι,
2574 3308 2651 3380 3).
2684 3331 2711 3359 ››
2764 3309 2925 3374 Quod
2972 3309 3578 3383 beatusllyeronymus
3607 3315 3837 3376 exponens

2193 1836 2239 1899 B

2264 3395 2466 3451 subdit
2496 3414 2507 3452 :
2547 3421 2571 3445 ‹‹
2606 3397 2752 3461 Quia
2784 3398 2852 3452 ad
2888 3398 3224 3454 sacerdotes
3254 3399 3509 3471 loquitur
3536 3413 3548 3451 :
3581 3389 3840 3465 Projieiam,

2264 3482 2474 3555 inquit,
2508 3484 2566 3539 in
2592 3486 2768 3541 facies
2792 3490 3013 3541 vestras
3044 3503 3112 3542 ea
3127 3504 3260 3558 qum
3284 3486 3567 3543 sanctiora
3590 3480 3771 3558 putatis
3792 3478 3835 3532 in

2265 3573 2391 3647 lege
2408 3577 2464 3630 et
2494 3574 2655 3630 vobis
2685 3592 2719 3628 a
2749 3574 2863 3630 Deo
2894 3592 2998 3646 pro
3026 3575 3313 3631 virtutum
3338 3591 3571 3632 munere
3596 3589 3655 3629 ex
3679 3564 3835 3626 hostiis

2264 3663 2607 3718 eondonata.
2629 3666 2873 3718 Armum
2887 3664 3065 3732 enim,
3081 3663 3138 3719 id
3152 3669 3245 3719 est
3259 3664 3641 3729 brachium,et
3656 3661 3832 3731 pectus-

2262 3750 2482 3818 culum,
2514 3755 2569 3807 et
2584 3751 2869 3823 linguam,
2892 3756 2948 3807 et
2974 3751 3388 3822 ventriculum,
3411 3758 3467 3809 et
3484 3769 3548 3807 ea
3565 3766 3675 3821 qua:
3695 3744 3740 3798 in
3756 3742 3832 3798 Le-

2260 3839 2432 3895 vitico
2463 3839 2895 3910 describuntur,
2930 3841 3295 3914 accipiebant
3310 3858 3379 3897 ex
3404 3840 3600 3897 hostiis
3626 3831 3832 3893 sacerdoe

2261 3932 2369 3984 tes.
2398 3928 2532 3991 Qum
2563 3929 2760 3985 omnia
2776 3946 2878 4001 pro
2901 3929 3155 4002 peccatis
3173 3945 3381 3986 eorum
3394 3946 3455 3986 se
3479 3918 3832 4000 abjicere,etin

2258 4019 2433 4074 facies
2464 4019 2832 4075 sacerdotum
2878 4019 3108 4076 mittere
3148 4023 3512 4077 contestatur
3540 4036 3553 4076 ε
3585 4020 3642 4073 ut
3663 4008 3834 4071 scilicet

2258 4108 2405 4164 tales
2436 4108 2556 4164 sint
2585 4108 2685 4179 qui
2716 4108 2968 4165 offerunt
2996 4109 3136 4165 talia
3165 4109 3368 4181 qualia
3395 4113 3452 4166 et
3480 4107 3576 4164 illa
3600 4118 3707 4176 qua
3731 4097 3831 4155 ofte-

2260 4202 2487 4265 runtur,
2512 4199 2580 4254 Et
2607 4202 2871 4254 assumat
2900 4215 3021 4266 vos,
3054 4197 3269 4270 inquit,
3303 4214 3520 4265 secum,
3548 4195 3599 4251 id
3628 4195 3701 4250 est
3721 4193 3833 4245 ster-

2259 4305 2364 4344 cus
2384 4287 2820 4344 solemnitatum
2842 4292 3191 4352 vestrarum,
3228 4292 3294 4344 ut
3326 4288 3561 4344 fatentes
3587 4281 3732 4339 facies
3747 4291 3829 4349 pu-

2258 4378 2411 4433 trida
2430 4376 2701 4433 stercoris
2727 4377 3133 4433 commistione
3153 4378 3484 4434 turbentur.
3513 4396 3540 4427 »
3567 4372 3644 4429 Ad
3671 4370 3767 4425 hec
3780 4378 3830 4419 ει

2256 4467 2451 4523 verbis
2493 4483 2727 4539 quoque
2787 4467 2940 4523 beati
2988 4466 3271 4539 Gregorii,
3321 4468 3490 4539 cujus
3547 4454 3829 4534 inipropriu

2178 4576 2225 4640 D
2258 4556 2545 4613 dictiones
2584 4572 2687 4628 pro
2744 4555 2996 4628 propriis
3055 4555 3393 4612 defensores
3438 4550 3827 4640 Simoniaeerum

2257 4645 2572 4719 accipiunt,
2591 4644 2917 4701 ostenditur
2936 4660 3113 4715 quam
3146 4644 3337 4701 multa
3364 4639 3657 4716 improprie
3679 4635 3828 4691 dicen-

2261 4741 2375 4791 tur.
2407 4735 2505 4790 Ait
2532 4734 2689 4791 enim
2734 4734 2793 4789 in
2820 4737 3069 4790 tractatu
3120 4733 3418 4807 Evangelii
3464 4720 3825 4801 TheOphaniei

2266 4847 2294 4876 «
2326 4823 2535 4881 Omnia
2576 4823 2861 4880 elementa
2890 4827 3185 4880 auctorem
3219 4840 3393 4880 suum
3436 4821 3643 4877 venisse
3668 4812 3828 4869 testata

2260 4919 2419 4970 sunt.
2455 4913 2527 4970 Ut
2555 4913 2711 4968 enim
2743 4913 2814 4968 de
2844 4913 2929 4969 eis
2957 4913 3240 4985 quiddam
3268 4930 3370 4969 usu
3394 4912 3631 4967 humano
3653 4904 3825 4971 loquar,

2260 5005 2443 5061 Deum
2479 5003 2635 5058 hunc
2685 5001 2811 5058 οαιΙί
2850 5018 2979 5058 esse
3024 5005 3438 5076 cognoverunt,
3483 4997 3611 5071 quia
3649 4987 3824 5079 stellati!

2261 5092 2529 5165 protinus
2563 5091 2867 5147 miserunt.
2904 5091 3061 5147 Mare
3086 5091 3371 5164 cognovit,
3391 5087 3524 5161 quia
3539 5083 3639 5142 sub
3661 5076 3822 5152 plantis

2258 5182 2386 5253 ejus
2419 5197 2480 5237 se
2510 5178 2782 5236 calcabile
2813 5179 3079 5251 praebuit.
3122 5181 3302 5235 Terra
3345 5173 3616 5250 cognovit,
3643 5165 3822 5240 quiaeo

2260 5269 2542 5326 moriente
2573 5268 2943 5324 contremuit.
2978 5267 3075 5324 Sol
3107 5267 3392 5341 cognovit,
3421 5264 3552 5338 quia
3578 5256 3706 5315 lueis
3734 5260 3819 5341 διιέ

2261 5359 2455 5416 radios
2506 5358 2829 5415 abscondit.
2884 5357 3035 5414 Saxa
3081 5362 3140 5414 et
3188 5340 3434 5431 parietes
3476 5340 3817 5424 cognoverunt.

2258 5449 2397 5522 quia
2424 5453 2687 5522 tempore
2720 5448 2926 5504 mortis
2956 5448 3085 5520 ejus
3105 5447 3293 5505 scissa
3321 5449 3473 5503 sunt.
3496 5439 3817 5529 Inferntlafg'

2258 5515 2471 5609 έῠονὶι,
2521 5515 2660 5612 quia
2706 5537 2813 5595 hos
2855 5515 3004 5613 quos
3036 5538 3269 5596 tenebat
3307 5537 3557 5594 mortuos

2259 5601 2327 5689 ἐι
2368 5601 2568 5687 tamen
2619 5627 2775 5687 hunc
2828 5601 3003 5708 qnam
3055 5627 3237 5689 Deum
3285 5622 3477 5685 omnia
3520 5601 3819 5677 insensibilil
