4106 6178
271 334 426 396 1193

860 335 1274 399 ADVERSUS
1323 335 1794 400 SIMONIACOS
1837 332 2044 400 LIBRI
2093 338 2313 400 TRES.
2345 373 2417 383 —
2444 337 2675 401 LIBER
2719 341 3076 405 TERTIUS.

3513 345 3666 405 1194

265 466 553 524 elementa
583 472 912 535 senserunt,
943 469 1133 524 adhuc
1187 469 1512 525 inﬁdelium
1570 470 1909 528 Judaeorum
1940 471 1996 537 Α
2026 470 2504 540 habent,etsinon
2529 474 2598 528 ad
2625 478 3018 541 suam,tamen
3043 475 3114 530 ad
3139 474 3387 530 aliorum
3413 476 3662 534 salutem

265 557 442 613 corda
469 555 656 610 Deum
686 571 816 612 esse
862 557 1104 613 minime
1150 566 1531 629 cognoscunt,
1566 564 1620 615 et
1678 561 1915 617 duriora

261 647 418 703 saxis
431 644 617 702 scindi
640 646 713 700 ad
730 645 1129 717 pmnitentiam
1147 647 1634 720 nolunt,eumque
1651 651 1912 706 conﬁteri

259 736 572 808 abnegant,
603 751 782 811 quem
813 733 1122 802 elementa,
1155 740 1220 792 ut
1276 737 1554 805 diximus,
1594 742 1698 794 aut
1729 739 1913 810 signis

256 830 360 881 aut
390 823 777 880 scissionibus
808 824 990 880 Deum
1013 824 1340 883 clamant.»
1365 826 1566 898 Itaque
1587 826 1911 883 Simoniani

254 929 581 985 eorumque
609 913 886 969 obstinati
907 914 1244 971 defensores
1266 931 1499 971 necesse
1521 919 1610 970 est
1622 916 1914 972 fateantur

253 1005 493 1061 beatum
529 1001 869 1074 Gregorium
903 1002 1032 1058 istic
1080 1003 1398 1076 improprie
1449 1003 1728 1060 locutum.
1764 1004 1912 1061 Alio-

253 1094 422 1166 quin,
455 1091 505 1147 si
536 1092 848 1146 attendunt
869 1092 1101 1164 proprie
1123 1092 1652 1160 locutum,necesse
1674 1097 1762 1150 est
1782 1111 1910 1166 pro-

257 1184 536 1239 ﬁteantur
563 1197 699 1236 eum
733 1180 914 1236 fuisse
946 1181 1358 1250 Manicheum,
1391 1182 1490 1252 qui
1536 1182 1908 1239 insensibiles

256 1289 494 1339 res,non
528 1269 721 1326 solum
752 1270 1013 1326 animam
1035 1270 1409 1338 vitalem,sed
1440 1271 1776 1328 sensualem
1803 1273 1908 1327 ha-

255 1363 393 1420 bere
422 1358 733 1416 crediderit
761 1363 822 1414 et
867 1359 1290 1432 praedicaverit.
1333 1361 1496 1426 Quod
1547 1360 1591 1415 si
1651 1361 1906 1431 proﬁteri

258 1453 490 1520 timent,
522 1464 762 1504 necesse
796 1452 886 1504 est
913 1447 1220 1506 nobiscum
1252 1450 1641 1504 confiteantur
1668 1450 1906 1505 tandem

255 1557 364 1597 nec
395 1538 591 1603 cmlos,
623 1553 729 1593 nec
761 1553 944 1606 mare,
976 1554 1082 1593 nec
1131 1541 1368 1606 terram,
1400 1554 1504 1594 nec
1553 1537 1759 1604 solem,
1801 1554 1907 1593 nec

254 1647 418 1697 saxa,
452 1644 557 1683 nec
600 1626 872 1699 parietes,
905 1643 1009 1682 nec
1059 1627 1350 1682 infernum
1407 1627 1746 1699 cognovisse
1804 1631 1907 1682 aut

253 1718 543 1774 clamasse
568 1732 741 1771 suum
765 1720 1084 1780 auctorem,
1118 1733 1223 1771 nec
1246 1715 1451 1771 fecisse
1475 1716 1530 1770 in
1553 1715 1904 1786 obsequium

253 1807 382 1878 ejus
414 1803 613 1861 omnia
632 1803 733 1858 illa
753 1821 879 1875 quae
899 1804 1292 1876 praedicantur
1313 1804 1520 1861 fecisse
1547 1823 1558 1859 :
1588 1804 1685 1860 sed
1709 1820 1906 1876 repen-

252 1896 380 1951 tina
407 1898 463 1950 et
492 1893 776 1949 inusitata
813 1892 1226 1949 immutatione
1269 1893 1357 1949 vel
1406 1892 1786 1949 concussione
1815 1893 1907 1949 sui

251 1983 553 2056 cognitum
577 1983 648 2038 ab
670 1981 1010 2038 hominibus
1044 1986 1101 2038 et
1133 1983 1514 2054 praedicatum
1543 1992 1668 2039 cata
1718 1987 1909 2054 tropon

252 2071 786 2145 metonymian,per
802 2088 976 2143 quem
1007 2071 1065 2126 id
1085 2072 1240 2143 quod
1275 2073 1338 2126 ﬁt
1361 2071 1510 2127 solet
1538 2072 1786 2127 indicari
1810 2071 1910 2128 illo

252 2180 370 2235 quo
404 2161 654 2229 ﬁt,velut
685 2160 860 2216 homo
891 2161 1105 2215 dicitur
1132 2159 1408 2232 pulvis,et
1431 2159 1642 2216 cmlum
1666 2165 1909 2216 aer.Hoc

253 2250 808 2321 nihilominustropo
828 2249 983 2305 Deus
1005 2249 1348 2322 cognovisse
1369 2249 1507 2320 quid
1532 2249 1906 2314 dicitur,cum

253 2341 436 2398 efﬁcit
457 2343 521 2395 ut
552 2339 625 2394 ab
656 2337 998 2394 hominibus
1031 2338 1088 2392 id
1139 2342 1546 2410 cognoscatur.
1589 2337 1705 2393 Hoc
1735 2338 1907 2410 spiri-

255 2427 480 2484 tualem
511 2425 760 2499 gratiam
783 2425 869 2482 vel
908 2425 1243 2481 columbam
1267 2425 1436 2481 vendi
1455 2426 1661 2481 beatus
1695 2426 1906 2498 Grego-

258 2516 386 2572 rius
416 2515 650 2581 latetur,
675 2531 810 2570 cum
840 2516 1010 2570 vendi
1045 2519 1303 2586 putatur.
1333 2515 1657 2586 Siquidem,
1694 2519 1757 2571 ut
1783 2515 1907 2586 ipse

252 2605 607 2673 asserit,usu
640 2604 902 2660 humano
929 2603 1343 2670 locutus,sicut
1373 2605 1740 2662 insensibilia
1771 2622 1906 2662 sen-

247 2695 416 2762 tisse,
443 2695 529 2751 sic
560 2697 616 2750 et
647 2692 1027 2750 invendibilia
1053 2693 1225 2749 vendi
1255 2698 1344 2749 est
1373 2696 1769 2750 concionatus.

817 2799 1049 2856 CAPUT
1091 2800 1304 2856 XXXII.

248 2897 332 2949 De
361 2891 678 2947 criminosis
708 2890 1005 2962 catholicis_
1014 2891 1277 2962 promotis
1305 2891 1386 2945 vel
1405 2897 1524 2962 post
1553 2891 1741 2962 lapsis,
1764 2897 1814 2946 et
1843 2890 1910 2945 de

528 2963 862 3027 ministerio,
894 2964 946 3016 et
974 2960 1040 3015 de
1069 2960 1416 3032 depositione
1431 2960 1637 3017 eorum.

326 3054 527 3124 Itaque
557 3049 648 3106 his
677 3053 736 3106 et
763 3048 898 3105 aliis
919 3048 1371 3120 quampluribus
1393 3051 1756 3120 argumentis
1777 3066 1910 3106 con-

248 3147 372 3199 stat
400 3140 772 3197 Simonianos
802 3138 883 3194 nil
933 3138 1341 3195 ecclesiasticae
1401 3138 1706 3211 dignitatis
1751 3140 1906 3194 obti-

2023 560 2456 632 perﬁciendam.
2521 561 2586 616 Et
2615 561 2785 618 adest
2813 579 2948 635 ergo
3003 563 3088 619 eis
3118 562 3370 635 Spiritus
3425 572 3666 624 sanctus

2024 650 2518 717 ministrantibus,
2552 655 2610 706 et
2655 652 2820 707 abest
2867 653 3454 724 transgredientibus.
3484 656 3666 713 Adest

2020 741 2178 796 enim
2209 739 2538 796 ministerio
2563 740 2717 812 quod
2738 740 2872 796 ﬁdei
2901 757 3102 796 eorum
3127 759 3160 796 a
3180 740 3450 797 ﬁdelibus
3480 742 3666 799 credi-

2020 834 2147 885 tum
2179 829 2578 900 recognoscit;
2613 829 2778 884 abest
2806 829 3097 900 iniquitati
3121 845 3322 886 eorum
3347 847 3524 903 quam
3547 849 3663 889 non

2021 919 2338 991 cognoscit.
2361 919 2645 990 Dignatur
2666 919 2870 974 adesse
2893 919 2950 973 in
2974 920 3358 974 sacramentis
3401 921 3524 976 suis
3552 921 3663 977 sibi

2021 1008 2499 1080 obsequentibus,
2532 1011 2589 1063 et
2627 1008 2977 1079 dedignatur
3028 1008 3232 1064 adesse
3290 1008 3349 1062 in
3380 1010 3662 1080 pravitate

2019 1114 2251 1154 morum
2285 1097 2394 1152 sibi
2426 1096 2852 1152 resistentibus.
2890 1099 3088 1166 Itaque
3146 1097 3664 1170 quantulacunque

2018 1188 2131 1242 ﬁde
2149 1187 2340 1243 cordis
2362 1202 2564 1241 eorum
2587 1185 2839 1257 Spiritus
2861 1185 3664 1243 sanctusinvitatusministe-

2016 1279 2100 1332 rio
2123 1276 2241 1333 oris
2266 1279 2324 1331 et
2350 1291 2632 1330 manuum
2655 1290 2857 1330 eorum
2873 1273 3302 1330 sanctiﬁcandis
3324 1276 3394 1330 ad
3418 1292 3660 1332 suorum

2019 1366 2272 1424 salutem
2305 1365 2480 1420 rebus
2527 1363 2875 1427 infunditur,
2929 1363 3028 1418 sed
3081 1363 3324 1434 perﬁdia
3370 1363 3658 1420 scelerum

2018 1455 2275 1512 oifensus
2297 1454 2368 1509 ad
2393 1451 2939 1508 condemnationem
2963 1450 3375 1507 sceleratorum
3391 1469 3662 1524 provoca-

2015 1543 2246 1608 tur.Qui
2278 1541 2554 1614 quoniam
2579 1539 2829 1596 ministri
2864 1544 3004 1594 sunt
3023 1543 3079 1595 et
3099 1539 3660 1608 scelerati,ministe-

2015 1635 2169 1690 rium
2203 1649 2403 1688 eorum
2437 1629 2702 1702 suscipit,
2726 1628 2944 1684 scelera
2973 1627 3220 1700 despicit
3249 1632 3305 1684 et
3335 1629 3539 1701 punit;
3583 1629 3660 1685 sit

2015 1722 2303 1779 ministris
2334 1736 2589 1792 praesens
2620 1723 2685 1773 ut
2713 1718 2790 1772 sit
2819 1717 3116 1773 sceleratis
3169 1718 3400 1774 absens.
3433 1718 3658 1784 Quibus

2015 1829 2157 1869 sane
2222 1809 2409 1882 aptari
2462 1811 2653 1880 potest
2708 1806 2995 1863 sententia
3053 1805 3155 1860 illa
3190 1806 3483 1877 propheta;
3541 1825 3659 1878 qua

2019 1900 2265 1958 Domino
2297 1897 2438 1953 dicit
2469 1915 2481 1952 :
2507 1920 2536 1946 ››
2568 1896 2750 1967 Prope
2781 1911 2843 1950 es
2875 1899 2937 1950 tu
2969 1894 3054 1950 ori
3084 1909 3307 1964 eorum,
3339 1899 3396 1950 et
3424 1895 3595 1967 longe
3625 1912 3660 1951 a

2019 1990 2256 2046 renibus
2287 2003 2489 2044 eorum
2522 1988 2650 2055 (Jer.
2683 2002 2784 2051 xu,
2833 1985 2910 2056 2).
2963 2006 2991 2033 »
3042 1983 3345 2054 Siquidem
3403 1984 3658 2056 Spiritus

2019 2083 2258 2135 sanctus
2280 2077 2339 2132 in
2363 2075 2636 2131 cordibus
2659 2073 2865 2129 talium
2889 2071 3295 2128 ministrorum
3310 2071 3463 2140 ﬁdei,
3489 2073 3660 2142 cujus

1965 2229 1971 2234 _
2018 2173 2107 2224 est
2137 2161 3036 2237 auctor,peaesidens,secundum
3062 2161 3244 2216 Deum
3267 2161 3528 2232 postulat
3557 2178 3661 2234 pro

2019 2257 2240 2313 sanctis
2256 2260 2311 2310 et
2327 2254 2601 2325 impetrat
2623 2250 2909 2322 quidquid
2933 2250 3260 2305 secundum
3283 2250 3468 2306 Deum
3489 2267 3663 2322 expe-

2019 2346 2104 2401 dit
2132 2345 2235 2401 eis.
2270 2344 2432 2407 Quod
2492 2358 2688 2397 revera
2752 2341 3122 2395 metonimz'cos
3153 2339 3368 2393 dicitur
3425 2354 3594 2410 agere
3646 2354 3660 2394 :

2017 2436 2155 2508 quia
2185 2431 2478 2506 postulare
2501 2431 2636 2486 facit
2663 2433 2720 2484 et
2750 2429 3221 2500 impetrare,cum
3253 2426 3376 2498 ipse
3397 2442 3530 2481 cum
3554 2427 3660 2481 Pa-

2017 2530 2104 2582 tre
2133 2528 2189 2579 ct
2217 2521 2360 2578 Filio
2393 2519 2804 2592 postuletur,et
2832 2518 3008 2572 donet
3035 2516 3211 2571 etiam
3244 2531 3347 2586 per
3389 2515 3660 2570 ministe-

2016 2615 2170 2670 rium
2201 2609 2569 2677 criminosis;
2596 2609 2695 2664 sed
2731 2612 2924 2663 tamen
2957 2604 3260 2661 catholicis
3291 2622 3325 2660 a
3354 2603 3657 2660 catholicis

2016 2703 2456 2776 impositum,ut
2485 2697 2817 2754 necessitati
2848 2694 2937 2751 vel
2968 2694 3205 2750 utilitati
3234 2692 3662 2750 catholicorum

2017 2810 2121 2866 pro
2153 2797 2414 2862 tempore
2444 2793 2503 2843 et
2522 2787 2646 2842 loco
2678 2785 3039 2841 consulatur.
3063 2783 3218 2847 Quos
3241 2781 3521 2837 nimirum
3553 2783 3660 2838 mi-

2018 2877 2366 2946 nistros,etsi
2384 2875 2634 2948 plurima
2655 2873 2811 2928 mala
2841 2869 3428 2939 accusant,nonnulla
3460 2874 3658 2926 tamen

2016 2972 2168 3026 bona
2197 2969 2497 3032 excusant,
2542 2964 2686 3019 ﬁdes
2717 2962 2956 3030 scilicet,
2990 2977 3117 3032 quas
3148 2977 3250 3033 pro
3281 2959 3519 3016 modulo
3551 2977 3658 3016 suo

2014 3059 2139 3132 spei
2172 3061 2228 3114 et
2257 3053 2562 3112 charitatis
2592 3068 2773 3124 capax
2802 3056 2890 3106 est
2915 3068 2927 3118 ;
2961 3055 3084 3105 tum
3115 3051 3432 3106 necessitas
3465 3054 3522 3105 et
3553 3049 3662 3106 titi-

2016 3148 2173 3211 litas,
2234 3143 2457 3199 devotio
2488 3156 2722 3213 quoque
2753 3156 2856 3196 seu
2887 3139 3088 3211 petitio
3133 3138 3421 3204 Ecclesiae,
3452 3137 3662 3204 deinde

251 3228 754 3301 nuisse,quamvis
781 3244 984 3284 eorum
1018 3228 1356 3284 defensores
1387 3228 1761 3299 impudenter
1781 3245 1906 3299 per-
1935 3213 1978 3280 (ἶ
2017 3235 2272 3308 gratuita
2287 3231 2574 3288 ordinatio
2598 3229 2804 3285 abillis
2827 3227 2926 3299 qui
2947 3227 3200 3300 gratuito
3213 3243 3341 3282 eam
3364 3242 3658 3298 accepere.

251 3319 500 3376 suadere
531 3317 796 3374 laborent
825 3317 1104 3373 honorem
1157 3318 1217 3372 in
1248 3317 1332 3372 eis
1363 3321 1664 3388 acceptum
1697 3317 1908 3388 perdu-

251 3409 524 3476 rare,nisi
561 3409 833 3463 Romanae
862 3412 920 3462 et
950 3406 1285 3480 apostolicae
1317 3406 1472 3462 sedis
1504 3404 1771 3473 antistes,
1806 3409 1908 3461 aut

253 3497 688 3569 metropolitani
719 3513 922 3553 eorum
971 3494 1488 3568 comprovinciales
1517 3493 1774 3566 episcopi
1807 3510 1906 3550 eos

249 3585 613 3660 synodaliter
641 3585 1242 3657 dejiciant.0uomodo
1264 3583 1419 3640 enim
1441 3583 1500 3638 in
1527 3582 1611 3638 eis
1635 3583 1908 3654 perdura-

254 3692 316 3732 re
340 3679 532 3748 potest
553 3675 707 3748 quod
730 3674 1072 3730 nullatenus
1103 3678 1405 3746 acceptum
1454 3672 1588 3728 est?
1619 3673 1781 3738 Quod
1811 3687 1907 3728 ve-

253 3783 318 3821 ro
351 3767 721 3838 subjungunt
775 3764 886 3820 hoc
930 3764 1103 3820 etiam
1158 3765 1228 3820 de
1287 3763 1514 3818 cunctis
1564 3762 1909 3818 criminibus

253 3855 750 3912 considerandum
808 3858 921 3923 est,
980 3857 1043 3908 ut
1095 3854 1144 3910 si
1204 3853 1504 3924 presbyter
1555 3850 1908 3907 adulterium

256 3945 460 4000 fecerit
514 3944 860 4016 deponatur,
917 3941 1184 3998 noverint
1268 3941 1378 3996 hoc
1461 3939 1632 4012 longe
1690 3939 1910 3994 baben-

251 4033 395 4089 dum
429 4037 487 4088 et
511 4031 1105 4104 agendum.Denique
1127 4031 1186 4085 in
1210 4033 1440 4085 tantum
1463 4027 1719 4084 haeretici
1747 4027 1912 4082 diffe-

251 4125 394 4178 runt
421 4139 457 4177 a
486 4119 885 4189 catholicis,ut
915 4118 1354 4192 quantumlibet
1413 4117 1763 4173 criminosus
1823 4131 1914 4170 ca-

250 4209 511 4267 tholicus
530 4209 822 4281 acceptior
843 4209 920 4265 sit
939 4210 1054 4265 Deo
1075 4212 1132 4264 et
1158 4205 1518 4264 tolerabilior
1547 4202 1912 4268 hominibus,

257 4316 438 4372 quam
456 4297 1119 4371 quantumlibetjustus,
1143 4295 1321 4352 sidici
1347 4298 1559 4366 potest,
1583 4291 1911 4349 haereticus.

255 4388 424 4445 Unde
443 4386 765 4444 catholicus
781 4386 958 4444 etiam
977 4386 1332 4442 criminosus
1362 4381 1648 4456 quidquid
1677 4381 1813 4437 boni
1838 4381 1917 4436 fa-

253 4478 339 4533 cit
363 4476 454 4532 vel
486 4476 681 4546 habet,
713 4475 918 4548 procul
949 4474 1126 4530 dubio
1158 4475 1382 4530 bonum
1414 4476 1504 4528 est
1525 4471 1734 4526 merito
1756 4469 1912 4536 ﬁdei,

2015 3325 2242 3392 Quibus
2273 3322 2322 3378 si
2355 3322 2516 3376 deest
2546 3319 2675 3375 vita:
2695 3316 3031 3372 innocentia
3061 3316 3386 3372 secundum
3418 3314 3657 3370 canoni-

2015 3430 2141 3470 cam
2175 3409 2570 3482 disciplinam,
2603 3408 2770 3463 adest
2799 3412 2996 3462 tamen
3027 3404 3380 3476 obedientia,
3409 3404 3498 3460 vel
3532 3403 3659 3461 sola

2015 3501 2303 3576 promotio
2326 3499 2398 3554 ad
2427 3495 2820 3553 ministerium
2837 3494 3297 3551 ecclesiasticum
3319 3493 3447 3550 sine
3463 3492 3662 3566 aliqua

2012 3590 2323 3648 venalitate
2353 3587 2676 3644 secundum
2706 3586 2902 3640 datam
2934 3585 3005 3640 ab
3039 3584 3164 3656 ipso
3212 3584 3460 3639 Domino
3513 3583 3658 3640 Jesu

2015 3681 2246 3738 Christo
2272 3677 2555 3750 regulam,
2585 3692 2704 3748 qua
2733 3675 2935 3746 utique
2957 3674 3225 3728 ﬁrmatur
3245 3688 3312 3727 ex
3334 3675 3495 3743 parte
3517 3689 3656 3743 una,

2016 3770 2191 3826 etiam
2218 3768 2267 3824 si
2299 3766 2634 3822 inﬁrmatur
2652 3781 2720 3819 ex
2749 3763 2948 3818 altera.
2975 3765 3109 3827 Quas
3135 3760 3436 3816 Dominica
3462 3759 3664 3831 regula

2021 3859 2073 3914 si
2102 3853 2650 3926 abesset,nilgratize
2673 3850 3161 3923 quis,quamlibet
3182 3848 3326 3903 alias
3355 3847 3658 3916 innocens,

2019 3948 2157 4002 dare
2185 3948 2242 4001 et
2271 3943 2533 4014 accipere
2552 3939 2984 4013 posset.Liquet
3005 3953 3139 4009 ergo
3170 3937 3279 3992 hac
3307 3935 3431 3993 sola
3461 3935 3666 4008 regula

2022 4035 2199 4090 etiam
2232 4047 2439 4104 pravos
2469 4031 2540 4086 ad
2575 4027 2794 4100 aliquid
2827 4027 3170 4100 dirigi,dum
3195 4027 3246 4082 ei
3268 4025 3662 4082 consentiunt.

2021 4129 2080 4180 et
2112 4120 2354 4178 sineilla
2385 4120 2558 4175 etiam
2581 4135 2697 4174 non
2729 4133 2936 4189 parum
2959 4121 3145 4173 rectos
3168 4115 3490 4189 depravari,
3524 4115 3666 4170 dum

2024 4213 2096 4268 ab
2126 4228 2194 4267 ea
2219 4208 2591 4266 dissentiunt.
2645 4209 3006 4278 Quapropter
3063 4206 3122 4261 in
3173 4204 3463 4260 ministris
3493 4203 3666 4258 modo

2023 4317 2140 4374 quo
2171 4299 2393 4355 dictum
2418 4301 2507 4354 est
2535 4295 2836 4370 promotis,
2867 4294 2957 4351 vel
2988 4299 3119 4368 post
3149 4293 3575 4367 promotionem
3605 4292 3666 4348 in

2024 4389 2259 4461 aliquod
2290 4387 2511 4444 crimen
2563 4385 2747 4458 lapsis
2803 4387 3074 4456 acceptus
3122 4383 3309 4438 honor
3366 4381 3666 4452 perdurat,

2025 4479 2288 4554 quandiu
2319 4493 2520 4533 eorum
2552 4474 2752 4546 culpas
2782 4472 3040 4530 Ecclesia
3069 4474 3171 4527 aut
3197 4471 3428 4542 ignorat
3454 4471 3556 4523 aut
3579 4467 3668 4522 di-

253 4567 390 4622 sine
417 4582 533 4637 qua
563 4581 679 4621 non
713 4565 1018 4621 est.Porro
1040 4563 1346 4619 haereticus
1369 4559 1599 4618 etiamsi
1625 4559 1914 4648 habeatur
1944 4583 1988 4648 ι)
2021 4568 2347 4636 simillima
2365 4569 2601 4638 propter
2621 4563 2932 4619 utilitatem
2946 4558 3332 4627 aliorum’gub
3374 4572 3476 4629 spe
3489 4556 3674 4628 ρωῃί-

240 4655 481 4727 justus,
509 4653 796 4726 quidquid
838 4652 974 4710 boni
1024 4653 1211 4708 facere
1259 4650 1346 4707 vel
1381 4650 1594 4706 habere
1622 4647 1909 4715 videatur,

252 4741 467 4816 procul
499 4743 677 4799 dubio
712 4741 935 4798 malum
967 4746 1056 4798 est
1085 4741 1293 4798 merito
1323 4738 1580 4813 perﬁdia:
1613 4753 1753 4804 sua),
1779 4751 1914 4791 cum

255 4848 386 4903 qua
413 4831 696 4904 quidquid
730 4831 865 4887 facit
883 4834 1186 4903 peccatum
1207 4833 1317 4886 est.
1349 4828 1511 4894 Quod
1544 4825 1814 4898 superius
1834 4827 1921 4878 tot

251 4920 618 4977 testimoniis
641 4923 869 4976 constat
891 4922 1304 4984 monstratum,
1329 4920 1394 4972 ut
1414 4916 1508 4972 hic
1539 4931 1654 4970 non
1688 4913 1764 4969 sit
1786 4912 1921 4967 inde

252 5008 492 5064 diutius
517 5009 976 5065 dicendum.Aut
1006 5007 1164 5064 enim
1194 5006 1611 5078 ignoratis,aut
1640 5001 1920 5059 dissimu-

251 5098 396 5155 latis
421 5113 524 5154 seu
557 5097 839 5171 neglectis
864 5097 1137 5153 humana:
1192 5093 1525 5167 fragilitatis
1572 5089 1920 5148 criminibus

249 5187 352 5245 vel
387 5187 639 5258 peccatis
660 5201 1083 5258 nonnunquam
1107 5183 1411 5242 sacerdotii
1438 5181 1693 5254 dignitas
1716 5194 1919 5235 conce-

253 5278 428 5334 ditur
454 5276 740 5350 indignis,
773 5291 1027 5347 quorum
1061 5272 1424 5347 promotione
1454 5276 1556 5327 aut
1587 5265 1922 5324 necessitati

252 5367 352 5425 vel
389 5364 631 5422 utilitati
662 5365 1065 5438 proximorum
1096 5362 1156 5418 in
1209 5360 1496 5417 catholica
1527 5375 1630 5432 pro
1660 5362 1923 5429 tempore

254 5453 598 5514 consulitur
624 5453 714 5510 vel
734 5453 1020 5510 voluntati
1045 5451 1497 5508 obsecundatur.
1519 5448 1766 5513 Quibus,
1785 5443 1924 5517 quia

253 5543 405 5604 fidei
435 5542 730 5600 catholicae
761 5540 1282 5611 sunt,credendum
1305 5539 1562 5606 est,dum
1585 5549 1926 5610 promoven-

253 5639 366 5695 tur
397 5649 432 5690 a
460 5630 782 5701 catholicis,
817 5629 1067 5688 conferri
1098 5627 1384 5702 Spiritum
1441 5630 1709 5686 sanctum
1752 5638 1924 5699 quem

597 5779 859 5845 Panos.
907 5773 1168 5843 CXLIII.

2023 4658 2249 4718 tudinis
2281 4655 2490 4711 talium
2520 4653 2744 4710 tolerat.
2805 4651 3031 4706 Talium
3063 4646 3346 4720 depositio
3404 4645 3671 4717 quandiu

2029 4748 2240 4808 abillis
2263 4759 2514 4818 quorum
2528 4739 3041 4811 interestqualibet
3062 4735 3363 4792 occasione
3381 4733 3670 4803 diﬂ‘ertur,

2031 4837 2291 4896 ofﬁcium
2315 4850 2430 4905 quo
2446 4833 2571 4902 jam
2593 4828 2818 4901 indigni
2833 4831 2971 4882 sunt
2990 4823 3309 4896 adimplere
3329 4823 3678 4897 permittun-

2031 4933 2150 4993 tur,
2175 4929 2484 4992 totumque
2516 4917 2670 4990 quod
2704 4917 2774 4972 ab
2807 4916 2889 4972 eis
2919 4915 3152 4971 interim
3188 4913 3252 4968 ﬁt
3272 4930 3376 4986 pro
3406 4911 3676 4969 ministe-

2032 5017 2117 5071 rio
2148 5014 2312 5086 prius
2345 5008 2456 5064 sibi
2489 5005 2825 5072 commisso,
2856 5004 2944 5060 vel
2967 5008 3166 5076 postea
3195 5003 3504 5075 permisso,
3538 5018 3680 5057 san-

2033 5109 2194 5160 ctum
2249 5100 2517 5156 habetur.
2546 5095 2707 5157 Quod
2733 5093 3003 5164 quamvis
3021 5092 3166 5166 ipsis
3192 5093 3263 5148 ad
3287 5089 3682 5165 pmnam,aliis

2030 5197 2225 5248 tamen
2251 5187 2481 5262 proﬁcit
2501 5185 2572 5242 ad
2594 5182 2968 5239 vitam.Tales
2991 5199 3123 5238 vere
3147 5182 3522 5253 deponuntur
3543 5193 3680 5233 cum

2033 5284 2432 5352 deponuntur,
2456 5275 2595 5347 quia
2615 5273 2722 5329 etsi
2746 5289 2860 5327 non
2883 5271 3110 5336 merito,
3141 5271 3334 5326 ofﬁcio
3362 5273 3560 5325 tamen
3582 5282 3680 5322 ve-

2034 5386 2159 5426 ram
2186 5365 2610 5440 promotionem
2633 5361 2914 5418 habuisse
2935 5358 3408 5416 noscuntur.Nec
3439 5372 3574 5412 cum
3595 5353 3680 5412 eis

2037 5459 2413 5530 deponuntur
2443 5459 2543 5510 aut
2573 5454 2930 5509 damnantur
2960 5451 3249 5521 quotquot
3279 5447 3349 5503 ab
3404 5446 3492 5503 eis
3548 5448 3684 5503 ante

2037 5563 2206 5604 suam
2224 5543 2648 5617 depositionem
2671 5540 2944 5597 canonice
2965 5539 3507 5611 promoventur,aut
3525 5551 3682 5614 qua-

2039 5649 2152 5715 que
2179 5635 2251 5694 ab
2283 5634 2368 5694 eis
2399 5630 2677 5691 catholico
2707 5628 3216 5689 administrantur.

3287 5754 3366 5826 38
