  <div class='ocr_page' id='page_1' title='image "/cluster/home/n/w/nwhite01/storage/ocr_20150623/143/hvd.32044054760038/608.png"; bbox 0 0 4106 6178; ppageno 0'>
   <div class='ocr_carea' id='block_1_1' title="bbox 263 347 414 428">
    <p class='ocr_par' dir='ltr' id='par_1_1' title="bbox 263 347 414 428">
     <span class='ocr_line' id='line_1_1' title="bbox 263 347 414 428; baseline 0.013 -2"><span class='ocrx_word' id='word_1_1' title='bbox 263 347 414 428; x_wconf 72' lang='grc'><strong>1201</strong></span> 
     </span>
    </p>
   </div>
   <div class='ocr_carea' id='block_1_2' title="bbox 843 355 3078 449">
    <p class='ocr_par' dir='ltr' id='par_1_2' title="bbox 843 355 3078 449">
     <span class='ocr_line' id='line_1_2' title="bbox 843 355 3078 449; baseline -0.004 -21"><span class='ocrx_word' id='word_1_2' title='bbox 843 359 1263 432; x_wconf 72' lang='lat' dir='ltr'>ADVERSUS</span> <span class='ocrx_word' id='word_1_3' title='bbox 1291 359 1783 449; x_wconf 34' lang='lat' dir='ltr'>.SIMONIACOS</span> <span class='ocrx_word' id='word_1_4' title='bbox 1828 355 2035 423; x_wconf 77' lang='lat' dir='ltr'>LIBRI</span> <span class='ocrx_word' id='word_1_5' title='bbox 2080 355 2304 424; x_wconf 81' lang='lat' dir='ltr'>TRES.</span> <span class='ocrx_word' id='word_1_6' title='bbox 2338 393 2416 406; x_wconf 92' lang='lat'>--</span> <span class='ocrx_word' id='word_1_7' title='bbox 2445 357 2677 423; x_wconf 83' lang='lat' dir='ltr'>LIBER</span> <span class='ocrx_word' id='word_1_8' title='bbox 2719 355 3078 423; x_wconf 81' lang='lat' dir='ltr'>TERTIUS.</span> 
     </span>
    </p>
   </div>
   <div class='ocr_carea' id='block_1_3' title="bbox 3508 355 3665 422">
    <p class='ocr_par' dir='ltr' id='par_1_3' title="bbox 3508 355 3665 422">
     <span class='ocr_line' id='line_1_3' title="bbox 3508 355 3665 422; baseline -0.013 0"><span class='ocrx_word' id='word_1_9' title='bbox 3508 355 3665 422; x_wconf 74' lang='grc'><strong>1202</strong></span> 
     </span>
    </p>
   </div>
   <div class='ocr_carea' id='block_1_4' title="bbox 265 492 3664 570">
    <p class='ocr_par' dir='ltr' id='par_1_4' title="bbox 265 492 3664 570">
     <span class='ocr_line' id='line_1_4' title="bbox 265 492 3664 570; baseline -0.001 -15"><span class='ocrx_word' id='word_1_10' title='bbox 265 497 384 556; x_wconf 74' lang='lat' dir='ltr'>sive</span> <span class='ocrx_word' id='word_1_11' title='bbox 414 493 692 565; x_wconf 88' lang='lat' dir='ltr'>innoxiis,</span> <span class='ocrx_word' id='word_1_12' title='bbox 710 497 1264 555; x_wconf 87' lang='lat' dir='ltr'>necnecessitasnec</span> <span class='ocrx_word' id='word_1_13' title='bbox 1287 497 1514 555; x_wconf 85' lang='lat' dir='ltr'>devotio</span> <span class='ocrx_word' id='word_1_14' title='bbox 1533 495 1906 570; x_wconf 90' lang='lat' dir='ltr'>populorum,</span> <span class='ocrx_word' id='word_1_15' title='bbox 1935 492 1992 559; x_wconf 82' lang='grc' dir='ltr'><strong>Α</strong></span> <span class='ocrx_word' id='word_1_16' title='bbox 2022 494 2132 551; x_wconf 86' lang='lat' dir='ltr'>nisi</span> <span class='ocrx_word' id='word_1_17' title='bbox 2161 499 2225 550; x_wconf 89' lang='lat' dir='ltr'>ut</span> <span class='ocrx_word' id='word_1_18' title='bbox 2250 494 2592 552; x_wconf 88' lang='lat' dir='ltr'>hominibus</span> <span class='ocrx_word' id='word_1_19' title='bbox 2615 495 2983 552; x_wconf 88' lang='lat' dir='ltr'>innotescant</span> <span class='ocrx_word' id='word_1_20' title='bbox 3013 498 3070 550; x_wconf 90' lang='lat' dir='ltr'>et</span> <span class='ocrx_word' id='word_1_21' title='bbox 3117 492 3401 567; x_wconf 81' lang='lat' dir='ltr'>placeant,</span> <span class='ocrx_word' id='word_1_22' title='bbox 3421 510 3490 551; x_wconf 82' lang='lat' dir='ltr'><strong>ex</strong></span> <span class='ocrx_word' id='word_1_23' title='bbox 3519 511 3664 568; x_wconf 71' lang='lat' dir='ltr'>pras-</span> 
     </span>
    </p>
   </div>
   <div class='ocr_carea' id='block_1_5' title="bbox 263 586 1914 660">
    <p class='ocr_par' dir='ltr' id='par_1_5' title="bbox 263 586 1914 660">
     <span class='ocr_line' id='line_1_5' title="bbox 263 586 1914 660; baseline -0.003 -15"><span class='ocrx_word' id='word_1_24' title='bbox 263 588 362 645; x_wconf 87' lang='lat' dir='ltr'>sed</span> <span class='ocrx_word' id='word_1_25' title='bbox 381 586 507 644; x_wconf 88' lang='lat' dir='ltr'>sola</span> <span class='ocrx_word' id='word_1_26' title='bbox 537 586 786 660; x_wconf 84' lang='lat' dir='ltr'><strong>pecunia</strong></span> <span class='ocrx_word' id='word_1_27' title='bbox 808 587 1401 660; x_wconf 85' lang='lat' dir='ltr'>commendat.Neque</span> <span class='ocrx_word' id='word_1_28' title='bbox 1414 587 1570 643; x_wconf 90' lang='lat' dir='ltr'>enim</span> <span class='ocrx_word' id='word_1_29' title='bbox 1602 586 1789 642; x_wconf 86' lang='lat' dir='ltr'>solent</span> <span class='ocrx_word' id='word_1_30' title='bbox 1811 589 1914 642; x_wconf 87' lang='lat' dir='ltr'>aut</span> 
     </span>
    </p>
   </div>
   <div class='ocr_carea' id='block_1_6' title="bbox 259 676 1915 749">
    <p class='ocr_par' dir='ltr' id='par_1_6' title="bbox 259 676 1915 749">
     <span class='ocr_line' id='line_1_6' title="bbox 259 676 1915 749; baseline -0.001 -17"><span class='ocrx_word' id='word_1_31' title='bbox 259 689 392 734; x_wconf 86' lang='lat' dir='ltr'>vere</span> <span class='ocrx_word' id='word_1_32' title='bbox 421 680 673 749; x_wconf 89' lang='lat' dir='ltr'>possunt</span> <span class='ocrx_word' id='word_1_33' title='bbox 703 693 736 732; x_wconf 90' lang='lat' dir='ltr'>a</span> <span class='ocrx_word' id='word_1_34' title='bbox 766 692 828 732; x_wconf 90' lang='lat' dir='ltr'>se</span> <span class='ocrx_word' id='word_1_35' title='bbox 860 676 1268 749; x_wconf 80' lang='lat' dir='ltr'>promovendis</span> <span class='ocrx_word' id='word_1_36' title='bbox 1301 677 1526 732; x_wconf 81' lang='lat' dir='ltr'>dicere:</span> <span class='ocrx_word' id='word_1_37' title='bbox 1575 677 1800 732; x_wconf 82' lang='lat' dir='ltr'>Accede</span> <span class='ocrx_word' id='word_1_38' title='bbox 1850 679 1915 731; x_wconf 90' lang='lat' dir='ltr'>ut</span> 
     </span>
    </p>
   </div>
   <div class='ocr_carea' id='block_1_7' title="bbox 259 765 1913 840">
    <p class='ocr_par' dir='ltr' id='par_1_7' title="bbox 259 765 1913 840">
     <span class='ocr_line' id='line_1_7' title="bbox 259 765 1913 840; baseline -0.001 -19"><span class='ocrx_word' id='word_1_39' title='bbox 259 766 680 840; x_wconf 86' lang='lat' dir='ltr'>promovearis,</span> <span class='ocrx_word' id='word_1_40' title='bbox 713 766 853 837; x_wconf 88' lang='lat' dir='ltr'>quia</span> <span class='ocrx_word' id='word_1_41' title='bbox 899 765 1270 821; x_wconf 90' lang='lat' dir='ltr'>necessarius</span> <span class='ocrx_word' id='word_1_42' title='bbox 1298 765 1387 821; x_wconf 90' lang='lat' dir='ltr'>vel</span> <span class='ocrx_word' id='word_1_43' title='bbox 1437 765 1820 837; x_wconf 82' lang='lat' dir='ltr'>complacitus</span> <span class='ocrx_word' id='word_1_44' title='bbox 1852 782 1913 820; x_wconf 89' lang='lat' dir='ltr'>es</span> 
     </span>
    </p>
   </div>
   <div class='ocr_carea' id='block_1_8' title="bbox 260 853 1914 926">
    <p class='ocr_par' dir='ltr' id='par_1_8' title="bbox 260 853 1914 926">
     <span class='ocr_line' id='line_1_8' title="bbox 260 853 1914 926; baseline -0.002 -15"><span class='ocrx_word' id='word_1_45' title='bbox 260 854 533 912; x_wconf 51' lang='lat' dir='ltr'>Ecclesia</span> <span class='ocrx_word' id='word_1_46' title='bbox 561 855 692 924; x_wconf 91' lang='lat' dir='ltr'>;sed</span> <span class='ocrx_word' id='word_1_47' title='bbox 708 854 850 926; x_wconf 87' lang='lat' dir='ltr'>quia</span> <span class='ocrx_word' id='word_1_48' title='bbox 881 853 1094 909; x_wconf 84' lang='lat' dir='ltr'>dedisti</span> <span class='ocrx_word' id='word_1_49' title='bbox 1119 858 1221 910; x_wconf 88' lang='lat' dir='ltr'>aut</span> <span class='ocrx_word' id='word_1_50' title='bbox 1237 853 1486 909; x_wconf 79' lang='lat' dir='ltr'>daturus</span> <span class='ocrx_word' id='word_1_51' title='bbox 1509 872 1569 910; x_wconf 84' lang='lat' dir='ltr'>es</span> <span class='ocrx_word' id='word_1_52' title='bbox 1593 854 1760 910; x_wconf 88' lang='lat' dir='ltr'>nobis</span> <span class='ocrx_word' id='word_1_53' title='bbox 1783 853 1914 910; x_wconf 88' lang='lat' dir='ltr'>soli-</span> 
     </span>
    </p>
   </div>
   <div class='ocr_carea' id='block_1_9' title="bbox 262 941 1912 1015">
    <p class='ocr_par' dir='ltr' id='par_1_9' title="bbox 262 941 1912 1015">
     <span class='ocr_line' id='line_1_9' title="bbox 262 941 1912 1015; baseline -0.003 -14"><span class='ocrx_word' id='word_1_54' title='bbox 262 941 368 1001; x_wconf 85' lang='lat' dir='ltr'>dos</span> <span class='ocrx_word' id='word_1_55' title='bbox 399 949 634 1000; x_wconf 81' lang='lat' dir='ltr'>centum</span> <span class='ocrx_word' id='word_1_56' title='bbox 666 942 752 1000; x_wconf 88' lang='lat' dir='ltr'>vel</span> <span class='ocrx_word' id='word_1_57' title='bbox 784 943 1091 1014; x_wconf 76' lang='lat' dir='ltr'>quotlibet.</span> <span class='ocrx_word' id='word_1_58' title='bbox 1116 943 1390 1015; x_wconf 84' lang='lat' dir='ltr'>Nunquid</span> <span class='ocrx_word' id='word_1_59' title='bbox 1424 944 1615 998; x_wconf 89' lang='lat' dir='ltr'>adhuc</span> <span class='ocrx_word' id='word_1_60' title='bbox 1647 944 1912 998; x_wconf 89' lang='lat' dir='ltr'>auditum</span> 
     </span>
    </p>
   </div>
   <div class='ocr_carea' id='block_1_10' title="bbox 259 1029 1912 1102">
    <p class='ocr_par' dir='ltr' id='par_1_10' title="bbox 259 1029 1912 1102">
     <span class='ocr_line' id='line_1_10' title="bbox 259 1029 1912 1102; baseline -0.003 -13"><span class='ocrx_word' id='word_1_61' title='bbox 259 1037 348 1089; x_wconf 87' lang='lat' dir='ltr'>est</span> <span class='ocrx_word' id='word_1_62' title='bbox 371 1032 595 1088; x_wconf 89' lang='lat' dir='ltr'>dictum</span> <span class='ocrx_word' id='word_1_63' title='bbox 627 1048 660 1086; x_wconf 90' lang='lat' dir='ltr'>a</span> <span class='ocrx_word' id='word_1_64' title='bbox 689 1029 1125 1102; x_wconf 83' lang='lat' dir='ltr'>quantumlibet</span> <span class='ocrx_word' id='word_1_65' title='bbox 1156 1029 1457 1086; x_wconf 88' lang='lat' dir='ltr'>sceleratis</span> <span class='ocrx_word' id='word_1_66' title='bbox 1471 1029 1773 1085; x_wconf 88' lang='lat' dir='ltr'>catholicis</span> <span class='ocrx_word' id='word_1_67' title='bbox 1793 1029 1912 1085; x_wconf 91' lang='lat' dir='ltr'>cui—</span> 
     </span>
    </p>
   </div>
   <div class='ocr_carea' id='block_1_11' title="bbox 256 1119 1914 1193">
    <p class='ocr_par' dir='ltr' id='par_1_11' title="bbox 256 1119 1914 1193">
     <span class='ocr_line' id='line_1_11' title="bbox 256 1119 1914 1193; baseline -0.002 -16"><span class='ocrx_word' id='word_1_68' title='bbox 256 1122 402 1178; x_wconf 86' lang='lat' dir='ltr'>libet</span> <span class='ocrx_word' id='word_1_69' title='bbox 444 1120 876 1193; x_wconf 89' lang='lat' dir='ltr'>promovcndo:</span> <span class='ocrx_word' id='word_1_70' title='bbox 927 1119 1146 1174; x_wconf 88' lang='lat' dir='ltr'><strong>Accede</strong></span> <span class='ocrx_word' id='word_1_71' title='bbox 1197 1125 1260 1174; x_wconf 89' lang='lat' dir='ltr'>ut</span> <span class='ocrx_word' id='word_1_72' title='bbox 1309 1119 1724 1190; x_wconf 87' lang='lat' dir='ltr'>promovearis,</span> <span class='ocrx_word' id='word_1_73' title='bbox 1777 1119 1914 1190; x_wconf 87' lang='lat' dir='ltr'>quia</span> 
     </span>
    </p>
   </div>
   <div class='ocr_carea' id='block_1_12' title="bbox 259 1205 1906 1279">
    <p class='ocr_par' dir='ltr' id='par_1_12' title="bbox 259 1205 1906 1279">
     <span class='ocr_line' id='line_1_12' title="bbox 259 1205 1906 1279; baseline -0.003 -14"><span class='ocrx_word' id='word_1_74' title='bbox 259 1208 638 1274; x_wconf 84' lang='lat' dir='ltr'>adulterium,</span> <span class='ocrx_word' id='word_1_75' title='bbox 673 1205 999 1279; x_wconf 81' lang='lat' dir='ltr'>perjurium</span> <span class='ocrx_word' id='word_1_76' title='bbox 1032 1211 1086 1262; x_wconf 91' lang='lat' dir='ltr'>et</span> <span class='ocrx_word' id='word_1_77' title='bbox 1116 1206 1211 1262; x_wconf 91' lang='lat' dir='ltr'>his</span> <span class='ocrx_word' id='word_1_78' title='bbox 1246 1207 1463 1262; x_wconf 79' lang='lat' dir='ltr'>similia</span> <span class='ocrx_word' id='word_1_79' title='bbox 1487 1208 1670 1263; x_wconf 85' lang='lat' dir='ltr'>fecisti</span> <span class='ocrx_word' id='word_1_80' title='bbox 1694 1207 1906 1262; x_wconf 82' lang='lat' dir='ltr'>?Al)sit!</span> 
     </span>
    </p>
   </div>
   <div class='ocr_carea' id='block_1_13' title="bbox 259 1295 1911 1369">
    <p class='ocr_par' dir='ltr' id='par_1_13' title="bbox 259 1295 1911 1369">
     <span class='ocr_line' id='line_1_13' title="bbox 259 1295 1911 1369; baseline -0.004 -15"><span class='ocrx_word' id='word_1_81' title='bbox 259 1298 370 1354; x_wconf 92' lang='lat' dir='ltr'>Sed</span> <span class='ocrx_word' id='word_1_82' title='bbox 405 1297 544 1369; x_wconf 90' lang='lat' dir='ltr'>quid</span> <span class='ocrx_word' id='word_1_83' title='bbox 563 1297 590 1351; x_wconf 88' lang='lat'><strong>?</strong></span> <span class='ocrx_word' id='word_1_84' title='bbox 623 1295 1002 1351; x_wconf 90' lang='lat' dir='ltr'>Necessarius</span> <span class='ocrx_word' id='word_1_85' title='bbox 1023 1313 1083 1350; x_wconf 88' lang='lat' dir='ltr'>es</span> <span class='ocrx_word' id='word_1_86' title='bbox 1108 1295 1911 1368; x_wconf 82' lang='lat' dir='ltr'>ministerio,etcomplacitus</span> 
     </span>
    </p>
   </div>
   <div class='ocr_carea' id='block_1_14' title="bbox 261 1385 1909 1456">
    <p class='ocr_par' dir='ltr' id='par_1_14' title="bbox 261 1385 1909 1456">
     <span class='ocr_line' id='line_1_14' title="bbox 261 1385 1909 1456; baseline -0.004 -12"><span class='ocrx_word' id='word_1_87' title='bbox 261 1386 672 1444; x_wconf 66' lang='lat' dir='ltr'>Ecclesim.Nec</span> <span class='ocrx_word' id='word_1_88' title='bbox 703 1385 1136 1456; x_wconf 83' lang='lat' dir='ltr'>promovendus</span> <span class='ocrx_word' id='word_1_89' title='bbox 1162 1385 1335 1440; x_wconf 91' lang='lat' dir='ltr'>dicit:</span> <span class='ocrx_word' id='word_1_90' title='bbox 1376 1385 1459 1440; x_wconf 90' lang='lat' dir='ltr'>Da</span> <span class='ocrx_word' id='word_1_91' title='bbox 1491 1385 1632 1439; x_wconf 89' lang='lat' dir='ltr'>mihi</span> <span class='ocrx_word' id='word_1_92' title='bbox 1665 1386 1909 1456; x_wconf 86' lang='lat' dir='ltr'>gradum</span> 
     </span>
    </p>
   </div>
   <div class='ocr_carea' id='block_1_15' title="bbox 262 1473 1910 1545">
    <p class='ocr_par' dir='ltr' id='par_1_15' title="bbox 262 1473 1910 1545">
     <span class='ocr_line' id='line_1_15' title="bbox 262 1473 1910 1545; baseline -0.003 -13"><span class='ocrx_word' id='word_1_93' title='bbox 262 1474 745 1542; x_wconf 89' lang='lat' dir='ltr'>ecclesiasticum,</span> <span class='ocrx_word' id='word_1_94' title='bbox 780 1473 920 1544; x_wconf 89' lang='lat' dir='ltr'>quia</span> <span class='ocrx_word' id='word_1_95' title='bbox 953 1473 1267 1528; x_wconf 85' lang='lat' dir='ltr'>fornicator</span> <span class='ocrx_word' id='word_1_96' title='bbox 1284 1479 1381 1528; x_wconf 89' lang='lat' dir='ltr'>aut</span> <span class='ocrx_word' id='word_1_97' title='bbox 1416 1473 1732 1545; x_wconf 84' lang='lat' dir='ltr'>sacrilegus</span> <span class='ocrx_word' id='word_1_98' title='bbox 1756 1491 1910 1539; x_wconf 91' lang='lat' dir='ltr'>sum,</span> 
     </span>
    </p>
   </div>
   <div class='ocr_carea' id='block_1_16' title="bbox 262 1561 1909 1636">
    <p class='ocr_par' dir='ltr' id='par_1_16' title="bbox 262 1561 1909 1636">
     <span class='ocr_line' id='line_1_16' title="bbox 262 1561 1909 1636; baseline -0.003 -14"><span class='ocrx_word' id='word_1_99' title='bbox 262 1565 365 1622; x_wconf 80' lang='lat' dir='ltr'>sed</span> <span class='ocrx_word' id='word_1_100' title='bbox 381 1562 654 1636; x_wconf 90' lang='lat' dir='ltr'>quiavolo</span> <span class='ocrx_word' id='word_1_101' title='bbox 668 1579 867 1618; x_wconf 87' lang='lat' dir='ltr'>meum</span> <span class='ocrx_word' id='word_1_102' title='bbox 880 1561 1144 1618; x_wconf 61' lang='lat' dir='ltr'>Ecclesia</span> <span class='ocrx_word' id='word_1_103' title='bbox 1157 1563 1258 1618; x_wconf 90' lang='lat' dir='ltr'>Dei</span> <span class='ocrx_word' id='word_1_104' title='bbox 1274 1563 1525 1634; x_wconf 74' lang='lat' dir='ltr'>praebere</span> <span class='ocrx_word' id='word_1_105' title='bbox 1539 1563 1909 1633; x_wconf 89' lang='lat' dir='ltr'>obsequium,</span> 
     </span>
    </p>
   </div>
   <div class='ocr_carea' id='block_1_17' title="bbox 260 1650 1954 1723">
    <p class='ocr_par' dir='ltr' id='par_1_17' title="bbox 260 1650 1954 1723">
     <span class='ocr_line' id='line_1_17' title="bbox 260 1650 1954 1723; baseline -0.002 -15"><span class='ocrx_word' id='word_1_106' title='bbox 260 1658 326 1708; x_wconf 87' lang='lat' dir='ltr'>ut</span> <span class='ocrx_word' id='word_1_107' title='bbox 346 1670 416 1708; x_wconf 81' lang='lat' dir='ltr'><strong>ex</strong></span> <span class='ocrx_word' id='word_1_108' title='bbox 432 1651 532 1707; x_wconf 91' lang='lat' dir='ltr'>illa</span> <span class='ocrx_word' id='word_1_109' title='bbox 547 1667 772 1707; x_wconf 90' lang='lat' dir='ltr'>merear</span> <span class='ocrx_word' id='word_1_110' title='bbox 789 1650 1146 1722; x_wconf 79' lang='lat' dir='ltr'>stipendium</span> <span class='ocrx_word' id='word_1_111' title='bbox 1161 1651 1715 1723; x_wconf 87' lang='lat' dir='ltr'>debitum.Denique</span> <span class='ocrx_word' id='word_1_112' title='bbox 1731 1652 1915 1706; x_wconf 90' lang='lat' dir='ltr'>instar</span> <span class='ocrx_word' id='word_1_113' title='bbox 1943 1705 1954 1716; x_wconf 66' lang='grc'><em>,</em></span> 
     </span>
    </p>
   </div>
   <div class='ocr_carea' id='block_1_18' title="bbox 261 1739 1911 1816">
    <p class='ocr_par' dir='ltr' id='par_1_18' title="bbox 261 1739 1911 1816">
     <span class='ocr_line' id='line_1_18' title="bbox 261 1739 1911 1816; baseline -0.001 -19"><span class='ocrx_word' id='word_1_114' title='bbox 261 1741 546 1816; x_wconf 88' lang='lat' dir='ltr'>principis</span> <span class='ocrx_word' id='word_1_115' title='bbox 577 1741 998 1796; x_wconf 69' lang='lat' dir='ltr'>daemoniorum</span> <span class='ocrx_word' id='word_1_116' title='bbox 1031 1757 1168 1796; x_wconf 90' lang='lat' dir='ltr'>suos</span> <span class='ocrx_word' id='word_1_117' title='bbox 1204 1739 1486 1796; x_wconf 89' lang='lat' dir='ltr'>satellites</span> <span class='ocrx_word' id='word_1_118' title='bbox 1521 1740 1911 1812; x_wconf 82' lang='lat' dir='ltr'>promoventis</span> 
     </span>
    </p>
   </div>
   <div class='ocr_carea' id='block_1_19' title="bbox 2021 584 3665 656">
    <p class='ocr_par' dir='ltr' id='par_1_19' title="bbox 2021 584 3665 656">
     <span class='ocr_line' id='line_1_19' title="bbox 2021 584 3665 656; baseline 0.001 -16"><span class='ocrx_word' id='word_1_119' title='bbox 2021 585 2308 640; x_wconf 88' lang='lat' dir='ltr'>dicatione</span> <span class='ocrx_word' id='word_1_120' title='bbox 2335 584 2422 641; x_wconf 88' lang='lat' dir='ltr'>vel</span> <span class='ocrx_word' id='word_1_121' title='bbox 2455 603 2520 641; x_wconf 88' lang='lat' dir='ltr'><strong>ex</strong></span> <span class='ocrx_word' id='word_1_122' title='bbox 2544 585 2869 641; x_wconf 89' lang='lat' dir='ltr'>ministerio</span> <span class='ocrx_word' id='word_1_123' title='bbox 2883 602 2989 641; x_wconf 90' lang='lat' dir='ltr'>suo</span> <span class='ocrx_word' id='word_1_124' title='bbox 3022 584 3522 655; x_wconf 68' lang='lat' dir='ltr'>quaerereDcinde</span> <span class='ocrx_word' id='word_1_125' title='bbox 3537 601 3665 656; x_wconf 73' lang='lat' dir='ltr'>qua)</span> 
     </span>
    </p>
   </div>
   <div class='ocr_carea' id='block_1_20' title="bbox 2019 674 3669 747">
    <p class='ocr_par' dir='ltr' id='par_1_20' title="bbox 2019 674 3669 747">
     <span class='ocr_line' id='line_1_20' title="bbox 2019 674 3669 747; baseline 0 -18"><span class='ocrx_word' id='word_1_126' title='bbox 2019 674 2285 746; x_wconf 88' lang='lat' dir='ltr'>ipsorum</span> <span class='ocrx_word' id='word_1_127' title='bbox 2315 691 2487 747; x_wconf 88' lang='lat' dir='ltr'>opera</span> <span class='ocrx_word' id='word_1_128' title='bbox 2519 676 2693 741; x_wconf 87' lang='lat' dir='ltr'>dicat,</span> <span class='ocrx_word' id='word_1_129' title='bbox 2737 675 2922 746; x_wconf 87' lang='lat' dir='ltr'>aperit</span> <span class='ocrx_word' id='word_1_130' title='bbox 2971 674 3087 730; x_wconf 89' lang='lat' dir='ltr'>sic:</span> <span class='ocrx_word' id='word_1_131' title='bbox 3142 697 3169 724; x_wconf 87' lang='grc'>‹‹</span> <span class='ocrx_word' id='word_1_132' title='bbox 3204 675 3461 746; x_wconf 86' lang='lat' dir='ltr'>Alligant</span> <span class='ocrx_word' id='word_1_133' title='bbox 3491 690 3669 730; x_wconf 90' lang='lat' dir='ltr'>onera</span> 
     </span>
    </p>
   </div>
   <div class='ocr_carea' id='block_1_21' title="bbox 2020 764 3666 836">
    <p class='ocr_par' dir='ltr' id='par_1_21' title="bbox 2020 764 3666 836">
     <span class='ocr_line' id='line_1_21' title="bbox 2020 764 3666 836; baseline 0.001 -18"><span class='ocrx_word' id='word_1_134' title='bbox 2020 765 2218 836; x_wconf 84' lang='lat' dir='ltr'>gravia</span> <span class='ocrx_word' id='word_1_135' title='bbox 2263 770 2320 820; x_wconf 91' lang='lat' dir='ltr'>et</span> <span class='ocrx_word' id='word_1_136' title='bbox 2359 764 2776 836; x_wconf 87' lang='lat' dir='ltr'>importabilia,</span> <span class='ocrx_word' id='word_1_137' title='bbox 2827 768 2880 819; x_wconf 86' lang='lat' dir='ltr'>et</span> <span class='ocrx_word' id='word_1_138' title='bbox 2923 765 3234 835; x_wconf 89' lang='lat' dir='ltr'>imponunt</span> <span class='ocrx_word' id='word_1_139' title='bbox 3283 765 3340 818; x_wconf 89' lang='lat' dir='ltr'>in</span> <span class='ocrx_word' id='word_1_140' title='bbox 3387 764 3666 820; x_wconf 86' lang='lat' dir='ltr'>humeros</span> 
     </span>
    </p>
   </div>
   <div class='ocr_carea' id='block_1_22' title="bbox 2022 853 3666 924">
    <p class='ocr_par' dir='ltr' id='par_1_22' title="bbox 2022 853 3666 924">
     <span class='ocr_line' id='line_1_22' title="bbox 2022 853 3666 924; baseline 0 -16"><span class='ocrx_word' id='word_1_141' title='bbox 2022 853 2350 922; x_wconf 87' lang='lat' dir='ltr'>hominum,</span> <span class='ocrx_word' id='word_1_142' title='bbox 2384 854 2560 924; x_wconf 82' lang='lat' dir='ltr'>digito</span> <span class='ocrx_word' id='word_1_143' title='bbox 2593 859 2786 909; x_wconf 86' lang='lat' dir='ltr'>autem</span> <span class='ocrx_word' id='word_1_144' title='bbox 2820 871 2926 909; x_wconf 90' lang='lat' dir='ltr'>suo</span> <span class='ocrx_word' id='word_1_145' title='bbox 2958 853 3165 909; x_wconf 86' lang='lat' dir='ltr'>nolunt</span> <span class='ocrx_word' id='word_1_146' title='bbox 3194 870 3260 908; x_wconf 90' lang='lat' dir='ltr'>ea</span> <span class='ocrx_word' id='word_1_147' title='bbox 3292 870 3536 908; x_wconf 89' lang='lat' dir='ltr'>movere.</span> <span class='ocrx_word' id='word_1_148' title='bbox 3568 854 3666 908; x_wconf 91' lang='lat' dir='ltr'>Di-</span> 
     </span>
    </p>
   </div>
   <div class='ocr_carea' id='block_1_23' title="bbox 2019 942 3660 1016">
    <p class='ocr_par' dir='ltr' id='par_1_23' title="bbox 2019 942 3660 1016">
     <span class='ocr_line' id='line_1_23' title="bbox 2019 942 3660 1016; baseline 0 -19"><span class='ocrx_word' id='word_1_149' title='bbox 2019 943 2204 998; x_wconf 88' lang='lat' dir='ltr'>latant</span> <span class='ocrx_word' id='word_1_150' title='bbox 2220 943 2374 999; x_wconf 83' lang='lat' dir='ltr'>enim</span> <span class='ocrx_word' id='word_1_151' title='bbox 2409 943 2764 1016; x_wconf 87' lang='lat' dir='ltr'>phylacteria</span> <span class='ocrx_word' id='word_1_152' title='bbox 2781 948 2969 1010; x_wconf 87' lang='lat' dir='ltr'>sua,et</span> <span class='ocrx_word' id='word_1_153' title='bbox 2982 943 3359 1015; x_wconf 82' lang='lat' dir='ltr'>magniﬁcant</span> <span class='ocrx_word' id='word_1_154' title='bbox 3377 942 3660 997; x_wconf 89' lang='lat' dir='ltr'>ﬁmbrias.</span> 
     </span>
    </p>
   </div>
   <div class='ocr_carea' id='block_1_24' title="bbox 2018 1032 3662 1105">
    <p class='ocr_par' dir='ltr' id='par_1_24' title="bbox 2018 1032 3662 1105">
     <span class='ocr_line' id='line_1_24' title="bbox 2018 1032 3662 1105; baseline 0.001 -20"><span class='ocrx_word' id='word_1_155' title='bbox 2018 1033 2233 1088; x_wconf 82' lang='lat' dir='ltr'>Amant</span> <span class='ocrx_word' id='word_1_156' title='bbox 2262 1037 2453 1088; x_wconf 89' lang='lat' dir='ltr'>autem</span> <span class='ocrx_word' id='word_1_157' title='bbox 2489 1033 2708 1105; x_wconf 87' lang='lat' dir='ltr'>primos</span> <span class='ocrx_word' id='word_1_158' title='bbox 2732 1034 3029 1088; x_wconf 88' lang='lat' dir='ltr'>recubitus</span> <span class='ocrx_word' id='word_1_159' title='bbox 3055 1034 3111 1088; x_wconf 89' lang='lat' dir='ltr'>in</span> <span class='ocrx_word' id='word_1_160' title='bbox 3145 1033 3325 1088; x_wconf 78' lang='lat' dir='ltr'>comis</span> <span class='ocrx_word' id='word_1_161' title='bbox 3354 1036 3410 1087; x_wconf 92' lang='lat' dir='ltr'>et</span> <span class='ocrx_word' id='word_1_162' title='bbox 3442 1032 3662 1104; x_wconf 88' lang='lat' dir='ltr'>primas</span> 
     </span>
    </p>
   </div>
   <div class='ocr_carea' id='block_1_25' title="bbox 2020 1121 3759 1194">
    <p class='ocr_par' dir='ltr' id='par_1_25' title="bbox 2020 1121 3759 1194">
     <span class='ocr_line' id='line_1_25' title="bbox 2020 1121 3759 1194; baseline 0.004 -20"><span class='ocrx_word' id='word_1_163' title='bbox 2020 1121 2325 1176; x_wconf 83' lang='lat' dir='ltr'>cathedras</span> <span class='ocrx_word' id='word_1_164' title='bbox 2357 1123 2415 1176; x_wconf 91' lang='lat' dir='ltr'>in</span> <span class='ocrx_word' id='word_1_165' title='bbox 2446 1123 2781 1194; x_wconf 76' lang='lat' dir='ltr'>synagogis,</span> <span class='ocrx_word' id='word_1_166' title='bbox 2814 1125 2870 1177; x_wconf 90' lang='lat' dir='ltr'>et</span> <span class='ocrx_word' id='word_1_167' title='bbox 2900 1123 3286 1178; x_wconf 82' lang='lat' dir='ltr'>salutationes</span> <span class='ocrx_word' id='word_1_168' title='bbox 3316 1123 3375 1177; x_wconf 91' lang='lat' dir='ltr'>in</span> <span class='ocrx_word' id='word_1_169' title='bbox 3409 1123 3552 1189; x_wconf 86' lang='lat' dir='ltr'>foro,</span> <span class='ocrx_word' id='word_1_170' title='bbox 3609 1124 3665 1176; x_wconf 89' lang='lat' dir='ltr'>et</span> <span class='ocrx_word' id='word_1_171' title='bbox 3741 1168 3759 1181; x_wconf 90' lang='lat'>.</span> 
     </span>
    </p>
   </div>
   <div class='ocr_carea' id='block_1_26' title="bbox 2018 1211 3663 1280">
    <p class='ocr_par' dir='ltr' id='par_1_26' title="bbox 2018 1211 3663 1280">
     <span class='ocr_line' id='line_1_26' title="bbox 2018 1211 3663 1280; baseline 0.001 -16"><span class='ocrx_word' id='word_1_172' title='bbox 2018 1211 2212 1266; x_wconf 82' lang='lat' dir='ltr'>vocari</span> <span class='ocrx_word' id='word_1_173' title='bbox 2263 1212 2332 1264; x_wconf 87' lang='lat' dir='ltr'>ab</span> <span class='ocrx_word' id='word_1_174' title='bbox 2390 1211 2729 1267; x_wconf 89' lang='lat' dir='ltr'>hominibus</span> <span class='ocrx_word' id='word_1_175' title='bbox 2774 1211 2956 1266; x_wconf 83' lang='lat' dir='ltr'>Rabbi</span> <span class='ocrx_word' id='word_1_176' title='bbox 3016 1212 3339 1280; x_wconf 66' lang='lat' dir='ltr'>([ln&#39;d.,-’i-7).</span> <span class='ocrx_word' id='word_1_177' title='bbox 3377 1235 3405 1262; x_wconf 92' lang='grc'><strong>››</strong></span> <span class='ocrx_word' id='word_1_178' title='bbox 3442 1211 3663 1276; x_wconf 88' lang='lat' dir='ltr'>Quibus</span> 
     </span>
    </p>
   </div>
   <div class='ocr_carea' id='block_1_27' title="bbox 2022 1300 3665 1371">
    <p class='ocr_par' dir='ltr' id='par_1_27' title="bbox 2022 1300 3665 1371">
     <span class='ocr_line' id='line_1_27' title="bbox 2022 1300 3665 1371; baseline -0.001 -16"><span class='ocrx_word' id='word_1_179' title='bbox 2022 1301 2428 1370; x_wconf 82' lang='lat' dir='ltr'>Redemptoris</span> <span class='ocrx_word' id='word_1_180' title='bbox 2486 1301 2666 1355; x_wconf 78' lang='lat' dir='ltr'>nostri</span> <span class='ocrx_word' id='word_1_181' title='bbox 2718 1300 2911 1355; x_wconf 84' lang='lat' dir='ltr'>verbis</span> <span class='ocrx_word' id='word_1_182' title='bbox 2983 1318 3096 1355; x_wconf 87' lang='lat' dir='ltr'>non</span> <span class='ocrx_word' id='word_1_183' title='bbox 3158 1300 3665 1371; x_wconf 85' lang='lat' dir='ltr'>reprehenduntur</span> 
     </span>
    </p>
   </div>
   <div class='ocr_carea' id='block_1_28' title="bbox 2021 1389 3661 1461">
    <p class='ocr_par' dir='ltr' id='par_1_28' title="bbox 2021 1389 3661 1461">
     <span class='ocr_line' id='line_1_28' title="bbox 2021 1389 3661 1461; baseline -0.002 -17"><span class='ocrx_word' id='word_1_184' title='bbox 2021 1391 2175 1461; x_wconf 89' lang='lat' dir='ltr'>quod</span> <span class='ocrx_word' id='word_1_185' title='bbox 2205 1407 2380 1445; x_wconf 90' lang='lat' dir='ltr'>onera</span> <span class='ocrx_word' id='word_1_186' title='bbox 2412 1391 2822 1444; x_wconf 85' lang='lat' dir='ltr'>mandatorum</span> <span class='ocrx_word' id='word_1_187' title='bbox 2848 1390 2945 1444; x_wconf 84' lang='lat' dir='ltr'>Dei</span> <span class='ocrx_word' id='word_1_188' title='bbox 2972 1390 3282 1455; x_wconf 87' lang='lat' dir='ltr'>imponunt</span> <span class='ocrx_word' id='word_1_189' title='bbox 3301 1389 3661 1443; x_wconf 86' lang='lat' dir='ltr'>hominibus:</span> 
     </span>
    </p>
   </div>
   <div class='ocr_carea' id='block_1_29' title="bbox 2020 1477 3665 1548">
    <p class='ocr_par' dir='ltr' id='par_1_29' title="bbox 2020 1477 3665 1548">
     <span class='ocr_line' id='line_1_29' title="bbox 2020 1477 3665 1548; baseline -0.001 -16"><span class='ocrx_word' id='word_1_190' title='bbox 2020 1478 2129 1548; x_wconf 86' lang='lat' dir='ltr'>hoc</span> <span class='ocrx_word' id='word_1_191' title='bbox 2177 1478 2333 1532; x_wconf 91' lang='lat' dir='ltr'>enim</span> <span class='ocrx_word' id='word_1_192' title='bbox 2384 1479 2642 1533; x_wconf 87' lang='lat' dir='ltr'>ofﬁcium</span> <span class='ocrx_word' id='word_1_193' title='bbox 2686 1495 2888 1534; x_wconf 91' lang='lat' dir='ltr'>eorum</span> <span class='ocrx_word' id='word_1_194' title='bbox 2939 1495 3066 1533; x_wconf 90' lang='lat' dir='ltr'>esse</span> <span class='ocrx_word' id='word_1_195' title='bbox 3116 1478 3502 1548; x_wconf 77' lang='lat' dir='ltr'>dignoscitur,</span> <span class='ocrx_word' id='word_1_196' title='bbox 3565 1477 3665 1531; x_wconf 91' lang='lat' dir='ltr'>sed</span> 
     </span>
    </p>
   </div>
   <div class='ocr_carea' id='block_1_30' title="bbox 2021 1565 3669 1639">
    <p class='ocr_par' dir='ltr' id='par_1_30' title="bbox 2021 1565 3669 1639">
     <span class='ocr_line' id='line_1_30' title="bbox 2021 1565 3669 1639; baseline -0.001 -17"><span class='ocrx_word' id='word_1_197' title='bbox 2021 1568 2176 1639; x_wconf 87' lang='lat' dir='ltr'>quod</span> <span class='ocrx_word' id='word_1_198' title='bbox 2210 1567 2620 1639; x_wconf 88' lang='lat' dir='ltr'>importabilia,</span> <span class='ocrx_word' id='word_1_199' title='bbox 2643 1571 2699 1623; x_wconf 91' lang='lat' dir='ltr'>et</span> <span class='ocrx_word' id='word_1_200' title='bbox 2728 1568 2882 1638; x_wconf 89' lang='lat' dir='ltr'>quod</span> <span class='ocrx_word' id='word_1_201' title='bbox 2906 1585 2974 1623; x_wconf 86' lang='lat' dir='ltr'>ea</span> <span class='ocrx_word' id='word_1_202' title='bbox 3003 1567 3087 1622; x_wconf 86' lang='lat' dir='ltr'>vel</span> <span class='ocrx_word' id='word_1_203' title='bbox 3123 1565 3368 1620; x_wconf 88' lang='lat' dir='ltr'>minima</span> <span class='ocrx_word' id='word_1_204' title='bbox 3400 1583 3507 1621; x_wconf 89' lang='lat' dir='ltr'>sua</span> <span class='ocrx_word' id='word_1_205' title='bbox 3527 1581 3669 1637; x_wconf 89' lang='lat' dir='ltr'><strong>0pc-</strong></span> 
     </span>
    </p>
   </div>
   <div class='ocr_carea' id='block_1_31' title="bbox 2021 1656 3670 1728">
    <p class='ocr_par' dir='ltr' id='par_1_31' title="bbox 2021 1656 3670 1728">
     <span class='ocr_line' id='line_1_31' title="bbox 2021 1656 3670 1728; baseline 0.001 -19"><span class='ocrx_word' id='word_1_206' title='bbox 2021 1657 2244 1712; x_wconf 88' lang='lat' dir='ltr'>rationc</span> <span class='ocrx_word' id='word_1_207' title='bbox 2276 1674 2389 1711; x_wconf 89' lang='lat' dir='ltr'>non</span> <span class='ocrx_word' id='word_1_208' title='bbox 2417 1656 2709 1712; x_wconf 88' lang='lat' dir='ltr'>alleviant.</span> <span class='ocrx_word' id='word_1_209' title='bbox 2745 1657 2857 1710; x_wconf 88' lang='lat' dir='ltr'>Nec</span> <span class='ocrx_word' id='word_1_210' title='bbox 2880 1656 3016 1727; x_wconf 90' lang='lat' dir='ltr'>quia</span> <span class='ocrx_word' id='word_1_211' title='bbox 3056 1656 3414 1728; x_wconf 74' lang='lat' dir='ltr'>phylacteria</span> <span class='ocrx_word' id='word_1_212' title='bbox 3452 1656 3670 1711; x_wconf 84' lang='lat' dir='ltr'>habent</span> 
     </span>
    </p>
   </div>
   <div class='ocr_carea' id='block_1_32' title="bbox 2022 1744 3665 1816">
    <p class='ocr_par' dir='ltr' id='par_1_32' title="bbox 2022 1744 3665 1816">
     <span class='ocr_line' id='line_1_32' title="bbox 2022 1744 3665 1816; baseline -0.001 -16"><span class='ocrx_word' id='word_1_213' title='bbox 2022 1749 2080 1800; x_wconf 90' lang='lat' dir='ltr'>et</span> <span class='ocrx_word' id='word_1_214' title='bbox 2109 1746 2410 1812; x_wconf 87' lang='lat' dir='ltr'>ﬁmbrias;</span> <span class='ocrx_word' id='word_1_215' title='bbox 2446 1747 2543 1801; x_wconf 91' lang='lat' dir='ltr'>sed</span> <span class='ocrx_word' id='word_1_216' title='bbox 2579 1746 2708 1816; x_wconf 69' lang='lat' dir='ltr'>quia</span> <span class='ocrx_word' id='word_1_217' title='bbox 2747 1745 2847 1800; x_wconf 83' lang='lat' dir='ltr'>illa</span> <span class='ocrx_word' id='word_1_218' title='bbox 2896 1745 3162 1810; x_wconf 84' lang='lat' dir='ltr'>dilatant,</span> <span class='ocrx_word' id='word_1_219' title='bbox 3211 1744 3354 1799; x_wconf 91' lang='lat' dir='ltr'>istas</span> <span class='ocrx_word' id='word_1_220' title='bbox 3384 1761 3515 1799; x_wconf 87' lang='lat' dir='ltr'>vero</span> <span class='ocrx_word' id='word_1_221' title='bbox 3545 1761 3665 1799; x_wconf 87' lang='lat' dir='ltr'>ma-</span> 
     </span>
    </p>
   </div>
   <div class='ocr_carea' id='block_1_33' title="bbox 261 1829 3668 1931">
    <p class='ocr_par' dir='ltr' id='par_1_33' title="bbox 261 1829 3668 1931">
     <span class='ocr_line' id='line_1_33' title="bbox 261 1829 3668 1931; baseline 0 -44"><span class='ocrx_word' id='word_1_222' title='bbox 261 1835 320 1887; x_wconf 80' lang='lat' dir='ltr'>et</span> <span class='ocrx_word' id='word_1_223' title='bbox 348 1829 782 1897; x_wconf 88' lang='lat' dir='ltr'>coronantis,ut</span> <span class='ocrx_word' id='word_1_224' title='bbox 811 1829 1047 1902; x_wconf 85' lang='lat' dir='ltr'>legitur,</span> <span class='ocrx_word' id='word_1_225' title='bbox 1075 1829 1146 1884; x_wconf 85' lang='lat' dir='ltr'>ob</span> <span class='ocrx_word' id='word_1_226' title='bbox 1178 1829 1574 1901; x_wconf 89' lang='lat' dir='ltr'>deceptionem</span> <span class='ocrx_word' id='word_1_227' title='bbox 1608 1847 1775 1884; x_wconf 89' lang='lat' dir='ltr'>suam</span> <span class='ocrx_word' id='word_1_228' title='bbox 1797 1847 1912 1902; x_wconf 89' lang='lat' dir='ltr'>qua</span> <span class='ocrx_word' id='word_1_229' title='bbox 1942 1866 1990 1931; x_wconf 82' lang='lat' dir='ltr'><strong>B</strong></span> <span class='ocrx_word' id='word_1_230' title='bbox 2022 1834 2303 1905; x_wconf 87' lang='lat' dir='ltr'>gniﬁcant</span> <span class='ocrx_word' id='word_1_231' title='bbox 2326 1851 2450 1890; x_wconf 90' lang='lat' dir='ltr'>:nec</span> <span class='ocrx_word' id='word_1_232' title='bbox 2482 1835 2620 1906; x_wconf 87' lang='lat' dir='ltr'>quia</span> <span class='ocrx_word' id='word_1_233' title='bbox 2650 1835 2824 1906; x_wconf 89' lang='lat' dir='ltr'>primi</span> <span class='ocrx_word' id='word_1_234' title='bbox 2847 1833 3004 1889; x_wconf 87' lang='lat' dir='ltr'>velut</span> <span class='ocrx_word' id='word_1_235' title='bbox 3030 1833 3296 1904; x_wconf 86' lang='lat' dir='ltr'>magistri</span> <span class='ocrx_word' id='word_1_236' title='bbox 3317 1833 3668 1888; x_wconf 88' lang='lat' dir='ltr'>recumbunt</span> 
     </span>
    </p>
   </div>
   <div class='ocr_carea' id='block_1_34' title="bbox 262 1917 1910 1991">
    <p class='ocr_par' dir='ltr' id='par_1_34' title="bbox 262 1917 1910 1991">
     <span class='ocr_line' id='line_1_34' title="bbox 262 1917 1910 1991; baseline -0.002 -15"><span class='ocrx_word' id='word_1_237' title='bbox 262 1921 322 1976; x_wconf 88' lang='lat' dir='ltr'>in</span> <span class='ocrx_word' id='word_1_238' title='bbox 346 1917 1504 1990; x_wconf 65' lang='lat' dir='ltr'>criminapraecipitantbonos,Simoniaci</span> <span class='ocrx_word' id='word_1_239' title='bbox 1530 1935 1761 1990; x_wconf 89' lang='lat' dir='ltr'>quoque</span> <span class='ocrx_word' id='word_1_240' title='bbox 1780 1935 1910 1991; x_wconf 91' lang='lat' dir='ltr'>pro-</span> 
     </span>
    </p>
   </div>
   <div class='ocr_carea' id='block_1_35' title="bbox 261 2007 1915 2080">
    <p class='ocr_par' dir='ltr' id='par_1_35' title="bbox 261 2007 1915 2080">
     <span class='ocr_line' id='line_1_35' title="bbox 261 2007 1915 2080; baseline -0.002 -14"><span class='ocrx_word' id='word_1_241' title='bbox 261 2012 499 2066; x_wconf 87' lang='lat' dir='ltr'>movent</span> <span class='ocrx_word' id='word_1_242' title='bbox 528 2007 838 2080; x_wconf 87' lang='lat' dir='ltr'>compliecs</span> <span class='ocrx_word' id='word_1_243' title='bbox 871 2024 1030 2063; x_wconf 91' lang='lat' dir='ltr'>suos.</span> <span class='ocrx_word' id='word_1_244' title='bbox 1066 2009 1322 2073; x_wconf 86' lang='lat' dir='ltr'>Quorum</span> <span class='ocrx_word' id='word_1_245' title='bbox 1354 2007 1915 2080; x_wconf 86' lang='lat' dir='ltr'>etiamimpudentia</span> 
     </span>
    </p>
   </div>
   <div class='ocr_carea' id='block_1_36' title="bbox 260 2094 1913 2168">
    <p class='ocr_par' dir='ltr' id='par_1_36' title="bbox 260 2094 1913 2168">
     <span class='ocr_line' id='line_1_36' title="bbox 260 2094 1913 2168; baseline -0.003 -13"><span class='ocrx_word' id='word_1_246' title='bbox 260 2102 428 2155; x_wconf 82' lang='lat' dir='ltr'>tanta</span> <span class='ocrx_word' id='word_1_247' title='bbox 447 2102 555 2165; x_wconf 86' lang='lat' dir='ltr'>est,</span> <span class='ocrx_word' id='word_1_248' title='bbox 589 2100 654 2152; x_wconf 89' lang='lat' dir='ltr'>ut</span> <span class='ocrx_word' id='word_1_249' title='bbox 684 2113 859 2152; x_wconf 88' lang='lat' dir='ltr'>suum</span> <span class='ocrx_word' id='word_1_250' title='bbox 892 2099 1119 2152; x_wconf 91' lang='lat' dir='ltr'>reatum</span> <span class='ocrx_word' id='word_1_251' title='bbox 1152 2094 1345 2167; x_wconf 89' lang='lat' dir='ltr'>palam</span> <span class='ocrx_word' id='word_1_252' title='bbox 1371 2095 1454 2151; x_wconf 91' lang='lat' dir='ltr'>sic</span> <span class='ocrx_word' id='word_1_253' title='bbox 1487 2097 1760 2151; x_wconf 89' lang='lat' dir='ltr'>omnibus</span> <span class='ocrx_word' id='word_1_254' title='bbox 1776 2114 1913 2168; x_wconf 72' lang='lat' dir='ltr'>pra:-</span> 
     </span>
    </p>
   </div>
   <div class='ocr_carea' id='block_1_37' title="bbox 261 2184 1909 2257">
    <p class='ocr_par' dir='ltr' id='par_1_37' title="bbox 261 2184 1909 2257">
     <span class='ocr_line' id='line_1_37' title="bbox 261 2184 1909 2257; baseline -0.003 -13"><span class='ocrx_word' id='word_1_255' title='bbox 261 2187 482 2255; x_wconf 88' lang='lat' dir='ltr'>dicent,</span> <span class='ocrx_word' id='word_1_256' title='bbox 514 2185 798 2241; x_wconf 91' lang='lat' dir='ltr'>venditori</span> <span class='ocrx_word' id='word_1_257' title='bbox 847 2184 1139 2240; x_wconf 89' lang='lat' dir='ltr'>dicentes:</span> <span class='ocrx_word' id='word_1_258' title='bbox 1190 2185 1470 2240; x_wconf 90' lang='lat' dir='ltr'>Dedimus</span> <span class='ocrx_word' id='word_1_259' title='bbox 1499 2185 1603 2240; x_wconf 87' lang='lat' dir='ltr'>tibi</span> <span class='ocrx_word' id='word_1_260' title='bbox 1633 2186 1909 2257; x_wconf 88' lang='lat' dir='ltr'>pretium,</span> 
     </span>
    </p>
   </div>
   <div class='ocr_carea' id='block_1_38' title="bbox 263 2274 1914 2346">
    <p class='ocr_par' dir='ltr' id='par_1_38' title="bbox 263 2274 1914 2346">
     <span class='ocr_line' id='line_1_38' title="bbox 263 2274 1914 2346; baseline -0.001 -15"><span class='ocrx_word' id='word_1_261' title='bbox 263 2276 340 2332; x_wconf 86' lang='lat' dir='ltr'>da</span> <span class='ocrx_word' id='word_1_262' title='bbox 359 2274 529 2330; x_wconf 90' lang='lat' dir='ltr'>nobis</span> <span class='ocrx_word' id='word_1_263' title='bbox 541 2274 852 2346; x_wconf 75' lang='lat' dir='ltr'>quaesitum</span> <span class='ocrx_word' id='word_1_264' title='bbox 867 2274 1247 2346; x_wconf 87' lang='lat' dir='ltr'>gradum,aut</span> <span class='ocrx_word' id='word_1_265' title='bbox 1267 2275 1443 2329; x_wconf 89' lang='lat' dir='ltr'>redde</span> <span class='ocrx_word' id='word_1_266' title='bbox 1461 2278 1764 2346; x_wconf 89' lang='lat' dir='ltr'>acceptum</span> <span class='ocrx_word' id='word_1_267' title='bbox 1789 2291 1914 2346; x_wconf 89' lang='lat' dir='ltr'>pre-</span> 
     </span>
    </p>
   </div>
   <div class='ocr_carea' id='block_1_39' title="bbox 262 2363 1911 2436">
    <p class='ocr_par' dir='ltr' id='par_1_39' title="bbox 262 2363 1911 2436">
     <span class='ocr_line' id='line_1_39' title="bbox 262 2363 1911 2436; baseline -0.002 -15"><span class='ocrx_word' id='word_1_268' title='bbox 262 2365 439 2422; x_wconf 89' lang='lat' dir='ltr'>tium.</span> <span class='ocrx_word' id='word_1_269' title='bbox 457 2365 697 2420; x_wconf 86' lang='lat' dir='ltr'>Constat</span> <span class='ocrx_word' id='word_1_270' title='bbox 713 2363 1094 2436; x_wconf 88' lang='lat' dir='ltr'>ergo,secund</span> <span class='ocrx_word' id='word_1_271' title='bbox 1104 2379 1203 2418; x_wconf 89' lang='lat' dir='ltr'>um</span> <span class='ocrx_word' id='word_1_272' title='bbox 1219 2363 1373 2419; x_wconf 90' lang='lat' dir='ltr'>beati</span> <span class='ocrx_word' id='word_1_273' title='bbox 1397 2364 1658 2436; x_wconf 85' lang='lat' dir='ltr'>Gregorii</span> <span class='ocrx_word' id='word_1_274' title='bbox 1682 2369 1911 2419; x_wconf 92' lang='lat' dir='ltr'>senten-</span> 
     </span>
    </p>
   </div>
   <div class='ocr_carea' id='block_1_40' title="bbox 262 2451 1914 2526">
    <p class='ocr_par' dir='ltr' id='par_1_40' title="bbox 262 2451 1914 2526">
     <span class='ocr_line' id='line_1_40' title="bbox 262 2451 1914 2526; baseline -0.001 -16"><span class='ocrx_word' id='word_1_275' title='bbox 262 2455 431 2520; x_wconf 83' lang='lat' dir='ltr'>tiam,</span> <span class='ocrx_word' id='word_1_276' title='bbox 467 2453 622 2526; x_wconf 84' lang='lat' dir='ltr'>apud</span> <span class='ocrx_word' id='word_1_277' title='bbox 671 2451 1033 2508; x_wconf 89' lang='lat' dir='ltr'>Simoniacos</span> <span class='ocrx_word' id='word_1_278' title='bbox 1078 2453 1439 2508; x_wconf 90' lang='lat' dir='ltr'>remunerari</span> <span class='ocrx_word' id='word_1_279' title='bbox 1495 2453 1656 2521; x_wconf 85' lang='lat' dir='ltr'>vitia,</span> <span class='ocrx_word' id='word_1_280' title='bbox 1691 2451 1914 2508; x_wconf 91' lang='lat' dir='ltr'>scilicet</span> 
     </span>
    </p>
   </div>
   <div class='ocr_carea' id='block_1_41' title="bbox 262 2539 1913 2613">
    <p class='ocr_par' dir='ltr' id='par_1_41' title="bbox 262 2539 1913 2613">
     <span class='ocr_line' id='line_1_41' title="bbox 262 2539 1913 2613; baseline -0.002 -14"><span class='ocrx_word' id='word_1_281' title='bbox 262 2541 522 2599; x_wconf 86' lang='lat' dir='ltr'>radicem</span> <span class='ocrx_word' id='word_1_282' title='bbox 550 2541 816 2597; x_wconf 90' lang='lat' dir='ltr'>omnium</span> <span class='ocrx_word' id='word_1_283' title='bbox 838 2539 1130 2596; x_wconf 90' lang='lat' dir='ltr'>malorum</span> <span class='ocrx_word' id='word_1_284' title='bbox 1153 2541 1455 2597; x_wconf 87' lang='lat' dir='ltr'>avaritiam</span> <span class='ocrx_word' id='word_1_285' title='bbox 1479 2545 1654 2613; x_wconf 88' lang='lat' dir='ltr'>atque</span> <span class='ocrx_word' id='word_1_286' title='bbox 1691 2541 1913 2596; x_wconf 78' lang='lat' dir='ltr'>haereti-</span> 
     </span>
    </p>
   </div>
   <div class='ocr_carea' id='block_1_42' title="bbox 263 2630 1912 2703">
    <p class='ocr_par' dir='ltr' id='par_1_42' title="bbox 263 2630 1912 2703">
     <span class='ocr_line' id='line_1_42' title="bbox 263 2630 1912 2703; baseline -0.001 -15"><span class='ocrx_word' id='word_1_287' title='bbox 263 2647 396 2688; x_wconf 86' lang='lat' dir='ltr'>cam</span> <span class='ocrx_word' id='word_1_288' title='bbox 419 2631 724 2703; x_wconf 88' lang='lat' dir='ltr'>perﬁdiam</span> <span class='ocrx_word' id='word_1_289' title='bbox 743 2646 754 2684; x_wconf 91' lang='lat'>:</span> <span class='ocrx_word' id='word_1_290' title='bbox 773 2647 898 2702; x_wconf 71' lang='lat' dir='ltr'>quae</span> <span class='ocrx_word' id='word_1_291' title='bbox 910 2634 1072 2686; x_wconf 89' lang='lat' dir='ltr'>tanto</span> <span class='ocrx_word' id='word_1_292' title='bbox 1087 2631 1353 2702; x_wconf 86' lang='lat' dir='ltr'>graviora</span> <span class='ocrx_word' id='word_1_293' title='bbox 1372 2635 1512 2686; x_wconf 87' lang='lat' dir='ltr'>sunt</span> <span class='ocrx_word' id='word_1_294' title='bbox 1534 2630 1912 2686; x_wconf 88' lang='lat' dir='ltr'>fornicatione</span> 
     </span>
    </p>
   </div>
   <div class='ocr_carea' id='block_1_43' title="bbox 262 2719 1912 2792">
    <p class='ocr_par' dir='ltr' id='par_1_43' title="bbox 262 2719 1912 2792">
     <span class='ocr_line' id='line_1_43' title="bbox 262 2719 1912 2792; baseline -0.001 -15"><span class='ocrx_word' id='word_1_295' title='bbox 262 2721 357 2777; x_wconf 86' lang='lat' dir='ltr'>vel</span> <span class='ocrx_word' id='word_1_296' title='bbox 388 2719 695 2786; x_wconf 87' lang='lat' dir='ltr'>adulterio,</span> <span class='ocrx_word' id='word_1_297' title='bbox 721 2722 940 2791; x_wconf 90' lang='lat' dir='ltr'>quanto</span> <span class='ocrx_word' id='word_1_298' title='bbox 951 2719 1185 2791; x_wconf 90' lang='lat' dir='ltr'>gravius</span> <span class='ocrx_word' id='word_1_299' title='bbox 1207 2723 1296 2775; x_wconf 88' lang='lat' dir='ltr'>est</span> <span class='ocrx_word' id='word_1_300' title='bbox 1320 2720 1575 2791; x_wconf 88' lang='lat' dir='ltr'>aliquem</span> <span class='ocrx_word' id='word_1_301' title='bbox 1592 2737 1830 2792; x_wconf 89' lang='lat' dir='ltr'>peccare</span> <span class='ocrx_word' id='word_1_302' title='bbox 1854 2721 1912 2775; x_wconf 91' lang='lat' dir='ltr'>in</span> 
     </span>
    </p>
   </div>
   <div class='ocr_carea' id='block_1_44' title="bbox 261 2807 1914 2881">
    <p class='ocr_par' dir='ltr' id='par_1_44' title="bbox 261 2807 1914 2881">
     <span class='ocr_line' id='line_1_44' title="bbox 261 2807 1914 2881; baseline -0.002 -13"><span class='ocrx_word' id='word_1_303' title='bbox 261 2811 473 2879; x_wconf 79' lang='lat' dir='ltr'>Deum,</span> <span class='ocrx_word' id='word_1_304' title='bbox 505 2826 684 2881; x_wconf 89' lang='lat' dir='ltr'>quam</span> <span class='ocrx_word' id='word_1_305' title='bbox 708 2807 766 2864; x_wconf 91' lang='lat' dir='ltr'>in</span> <span class='ocrx_word' id='word_1_306' title='bbox 791 2825 1001 2881; x_wconf 91' lang='lat' dir='ltr'>corpus</span> <span class='ocrx_word' id='word_1_307' title='bbox 1028 2825 1202 2864; x_wconf 90' lang='lat' dir='ltr'>suum</span> <span class='ocrx_word' id='word_1_308' title='bbox 1229 2813 1329 2864; x_wconf 89' lang='lat' dir='ltr'>aut</span> <span class='ocrx_word' id='word_1_309' title='bbox 1359 2808 1417 2864; x_wconf 91' lang='lat' dir='ltr'>in</span> <span class='ocrx_word' id='word_1_310' title='bbox 1448 2809 1637 2864; x_wconf 88' lang='lat' dir='ltr'>virum</span> <span class='ocrx_word' id='word_1_311' title='bbox 1661 2809 1914 2864; x_wconf 86' lang='lat' dir='ltr'>alium.A</span> 
     </span>
    </p>
   </div>
   <div class='ocr_carea' id='block_1_45' title="bbox 264 2897 1910 2973">
    <p class='ocr_par' dir='ltr' id='par_1_45' title="bbox 264 2897 1910 2973">
     <span class='ocr_line' id='line_1_45' title="bbox 264 2897 1910 2973; baseline -0.002 -18"><span class='ocrx_word' id='word_1_312' title='bbox 264 2899 488 2973; x_wconf 85' lang='lat' dir='ltr'>quibus</span> <span class='ocrx_word' id='word_1_313' title='bbox 541 2898 798 2970; x_wconf 89' lang='lat' dir='ltr'>profecto</span> <span class='ocrx_word' id='word_1_314' title='bbox 845 2897 1204 2953; x_wconf 90' lang='lat' dir='ltr'>Simonianis</span> <span class='ocrx_word' id='word_1_315' title='bbox 1251 2898 1526 2954; x_wconf 88' lang='lat' dir='ltr'>laudatur</span> <span class='ocrx_word' id='word_1_316' title='bbox 1556 2904 1820 2970; x_wconf 86' lang='lat' dir='ltr'>peccator</span> <span class='ocrx_word' id='word_1_317' title='bbox 1855 2898 1910 2952; x_wconf 92' lang='lat' dir='ltr'>in</span> 
     </span>
    </p>
   </div>
   <div class='ocr_carea' id='block_1_46' title="bbox 260 2987 1908 3059">
    <p class='ocr_par' dir='ltr' id='par_1_46' title="bbox 260 2987 1908 3059">
     <span class='ocr_line' id='line_1_46' title="bbox 260 2987 1908 3059; baseline -0.002 -14"><span class='ocrx_word' id='word_1_318' title='bbox 260 2987 574 3045; x_wconf 87' lang='lat' dir='ltr'>desideriis</span> <span class='ocrx_word' id='word_1_319' title='bbox 603 2987 812 3043; x_wconf 62' lang='lat' dir='ltr'>animae</span> <span class='ocrx_word' id='word_1_320' title='bbox 834 3004 954 3042; x_wconf 74' lang='lat' dir='ltr'>sua:</span> <span class='ocrx_word' id='word_1_321' title='bbox 986 2992 1041 3042; x_wconf 92' lang='lat' dir='ltr'>et</span> <span class='ocrx_word' id='word_1_322' title='bbox 1070 2987 1312 3059; x_wconf 91' lang='lat' dir='ltr'>iniquus</span> <span class='ocrx_word' id='word_1_323' title='bbox 1344 2988 1706 3043; x_wconf 89' lang='lat' dir='ltr'>benedicitur</span> <span class='ocrx_word' id='word_1_324' title='bbox 1737 2988 1908 3058; x_wconf 75' lang='lat' dir='ltr'>(Psal.</span> 
     </span>
    </p>
   </div>
   <div class='ocr_carea' id='block_1_47' title="bbox 258 3076 1908 3149">
    <p class='ocr_par' dir='ltr' id='par_1_47' title="bbox 258 3076 1908 3149">
     <span class='ocr_line' id='line_1_47' title="bbox 258 3076 1908 3149; baseline -0.002 -15"><span class='ocrx_word' id='word_1_325' title='bbox 258 3096 324 3146; x_wconf 84' lang='lat' dir='ltr'>x,</span> <span class='ocrx_word' id='word_1_326' title='bbox 355 3079 435 3147; x_wconf 86' lang='lat'>3).</span> <span class='ocrx_word' id='word_1_327' title='bbox 465 3077 625 3141; x_wconf 87' lang='lat' dir='ltr'>Quod</span> <span class='ocrx_word' id='word_1_328' title='bbox 658 3076 812 3132; x_wconf 87' lang='lat' dir='ltr'>absit</span> <span class='ocrx_word' id='word_1_329' title='bbox 843 3080 906 3130; x_wconf 89' lang='lat' dir='ltr'>ut</span> <span class='ocrx_word' id='word_1_330' title='bbox 934 3093 967 3131; x_wconf 90' lang='lat' dir='ltr'>a</span> <span class='ocrx_word' id='word_1_331' title='bbox 999 3076 1302 3132; x_wconf 87' lang='lat' dir='ltr'>catholicis</span> <span class='ocrx_word' id='word_1_332' title='bbox 1325 3076 1747 3149; x_wconf 89' lang='lat' dir='ltr'>qualibuslibet</span> <span class='ocrx_word' id='word_1_333' title='bbox 1777 3093 1908 3147; x_wconf 76' lang='lat' dir='ltr'>aga-</span> 
     </span>
    </p>
   </div>
   <div class='ocr_carea' id='block_1_48' title="bbox 255 3164 1789 3239">
    <p class='ocr_par' dir='ltr' id='par_1_48' title="bbox 255 3164 1789 3239">
     <span class='ocr_line' id='line_1_48' title="bbox 255 3164 1789 3239; baseline -0.003 -16"><span class='ocrx_word' id='word_1_334' title='bbox 255 3172 389 3236; x_wconf 83' lang='lat' dir='ltr'>tur,</span> <span class='ocrx_word' id='word_1_335' title='bbox 423 3167 593 3222; x_wconf 87' lang='lat' dir='ltr'>etiam</span> <span class='ocrx_word' id='word_1_336' title='bbox 623 3182 756 3222; x_wconf 89' lang='lat' dir='ltr'>cum</span> <span class='ocrx_word' id='word_1_337' title='bbox 789 3164 1090 3220; x_wconf 89' lang='lat' dir='ltr'>criminosi</span> <span class='ocrx_word' id='word_1_338' title='bbox 1123 3166 1195 3220; x_wconf 91' lang='lat' dir='ltr'>ab</span> <span class='ocrx_word' id='word_1_339' title='bbox 1223 3167 1308 3221; x_wconf 88' lang='lat' dir='ltr'>eis</span> <span class='ocrx_word' id='word_1_340' title='bbox 1341 3164 1789 3239; x_wconf 80' lang='lat' dir='ltr'>promoventur!</span> 
     </span>
    </p>
   </div>
   <div class='ocr_carea' id='block_1_49' title="bbox 810 3307 1376 3364">
    <p class='ocr_par' dir='ltr' id='par_1_49' title="bbox 810 3307 1376 3364">
     <span class='ocr_line' id='line_1_49' title="bbox 810 3307 1376 3364; baseline -0.002 -1"><span class='ocrx_word' id='word_1_341' title='bbox 810 3307 1045 3364; x_wconf 86' lang='lat' dir='ltr'>CAPUT</span> <span class='ocrx_word' id='word_1_342' title='bbox 1083 3308 1376 3364; x_wconf 83' lang='lat' dir='ltr'>XXXVIII.</span> 
     </span>
    </p>
   </div>
   <div class='ocr_carea' id='block_1_50' title="bbox 357 3395 1826 3471">
    <p class='ocr_par' dir='ltr' id='par_1_50' title="bbox 357 3395 1826 3471">
     <span class='ocr_line' id='line_1_50' title="bbox 357 3395 1826 3471; baseline 0 -19"><span class='ocrx_word' id='word_1_343' title='bbox 357 3399 422 3453; x_wconf 86' lang='lat' dir='ltr'>In</span> <span class='ocrx_word' id='word_1_344' title='bbox 451 3412 554 3468; x_wconf 83' lang='lat' dir='ltr'>quo</span> <span class='ocrx_word' id='word_1_345' title='bbox 584 3395 850 3456; x_wconf 74' lang='lat' dir='ltr'>audiendi</span> <span class='ocrx_word' id='word_1_346' title='bbox 877 3398 989 3451; x_wconf 80' lang='lat' dir='ltr'>sint</span> <span class='ocrx_word' id='word_1_347' title='bbox 1018 3401 1370 3465; x_wconf 73' lang='lat' dir='ltr'>mercenarii,</span> <span class='ocrx_word' id='word_1_348' title='bbox 1399 3401 1530 3453; x_wconf 79' lang='lat' dir='ltr'>etin</span> <span class='ocrx_word' id='word_1_349' title='bbox 1557 3415 1658 3471; x_wconf 83' lang='lat' dir='ltr'>quo</span> <span class='ocrx_word' id='word_1_350' title='bbox 1697 3415 1826 3454; x_wconf 84' lang='lat' dir='ltr'>non.</span> 
     </span>
    </p>
   </div>
   <div class='ocr_carea' id='block_1_51' title="bbox 344 3521 1920 3608">
    <p class='ocr_par' dir='ltr' id='par_1_51' title="bbox 344 3521 1920 3595">
     <span class='ocr_line' id='line_1_51' title="bbox 344 3521 1920 3595; baseline 0.001 -18"><span class='ocrx_word' id='word_1_351' title='bbox 344 3521 492 3577; x_wconf 87' lang='lat' dir='ltr'>Hinc</span> <span class='ocrx_word' id='word_1_352' title='bbox 512 3522 638 3593; x_wconf 84' lang='lat' dir='ltr'>jam</span> <span class='ocrx_word' id='word_1_353' title='bbox 670 3521 742 3576; x_wconf 89' lang='lat' dir='ltr'>ab</span> <span class='ocrx_word' id='word_1_354' title='bbox 792 3521 920 3593; x_wconf 91' lang='lat' dir='ltr'>ipso</span> <span class='ocrx_word' id='word_1_355' title='bbox 966 3522 1206 3577; x_wconf 90' lang='lat' dir='ltr'>Pastore</span> <span class='ocrx_word' id='word_1_356' title='bbox 1252 3539 1387 3577; x_wconf 90' lang='lat' dir='ltr'>oves</span> <span class='ocrx_word' id='word_1_357' title='bbox 1438 3524 1668 3578; x_wconf 88' lang='lat' dir='ltr'>discant</span> <span class='ocrx_word' id='word_1_358' title='bbox 1715 3523 1771 3577; x_wconf 91' lang='lat' dir='ltr'>in</span> <span class='ocrx_word' id='word_1_359' title='bbox 1805 3540 1920 3595; x_wconf 89' lang='lat' dir='ltr'>quo</span> 
     </span>
    </p>
   </div>
   <div class='ocr_carea' id='block_1_52' title="bbox 268 3609 1922 3685">
    <p class='ocr_par' dir='ltr' id='par_1_52' title="bbox 268 3609 1922 3685">
     <span class='ocr_line' id='line_1_52' title="bbox 268 3609 1922 3685; baseline -0.001 -17"><span class='ocrx_word' id='word_1_360' title='bbox 268 3612 454 3668; x_wconf 86' lang='lat' dir='ltr'>etiam</span> <span class='ocrx_word' id='word_1_361' title='bbox 480 3609 870 3666; x_wconf 88' lang='lat' dir='ltr'>mercenaries</span> <span class='ocrx_word' id='word_1_362' title='bbox 893 3611 1095 3666; x_wconf 90' lang='lat' dir='ltr'>audire</span> <span class='ocrx_word' id='word_1_363' title='bbox 1117 3611 1472 3667; x_wconf 88' lang='lat' dir='ltr'>debeant.De</span> <span class='ocrx_word' id='word_1_364' title='bbox 1491 3612 1608 3667; x_wconf 87' lang='lat' dir='ltr'>illis</span> <span class='ocrx_word' id='word_1_365' title='bbox 1631 3611 1922 3685; x_wconf 89' lang='lat' dir='ltr'>siquidem</span> 
     </span>
    </p>
   </div>
   <div class='ocr_carea' id='block_1_53' title="bbox 272 3698 1927 3774">
    <p class='ocr_par' dir='ltr' id='par_1_53' title="bbox 272 3698 1927 3774">
     <span class='ocr_line' id='line_1_53' title="bbox 272 3698 1927 3774; baseline -0.001 -17"><span class='ocrx_word' id='word_1_366' title='bbox 272 3701 338 3757; x_wconf 89' lang='lat' dir='ltr'>in</span> <span class='ocrx_word' id='word_1_367' title='bbox 364 3698 673 3771; x_wconf 88' lang='lat' dir='ltr'>Evangelio</span> <span class='ocrx_word' id='word_1_368' title='bbox 707 3699 788 3755; x_wconf 89' lang='lat' dir='ltr'>ait</span> <span class='ocrx_word' id='word_1_369' title='bbox 812 3701 1056 3772; x_wconf 87' lang='lat' dir='ltr'>:«Super</span> <span class='ocrx_word' id='word_1_370' title='bbox 1085 3700 1421 3756; x_wconf 90' lang='lat' dir='ltr'>cathedram</span> <span class='ocrx_word' id='word_1_371' title='bbox 1446 3701 1626 3774; x_wconf 77' lang='lat' dir='ltr'>Moysi</span> <span class='ocrx_word' id='word_1_372' title='bbox 1650 3703 1927 3757; x_wconf 90' lang='lat' dir='ltr'>sederunt</span> 
     </span>
    </p>
   </div>
   <div class='ocr_carea' id='block_1_54' title="bbox 2023 1922 3663 1992">
    <p class='ocr_par' dir='ltr' id='par_1_54' title="bbox 2023 1922 3663 1992">
     <span class='ocr_line' id='line_1_54' title="bbox 2023 1922 3663 1992; baseline -0.002 -13"><span class='ocrx_word' id='word_1_373' title='bbox 2023 1929 2124 1979; x_wconf 90' lang='lat' dir='ltr'>aut</span> <span class='ocrx_word' id='word_1_374' title='bbox 2153 1925 2374 1992; x_wconf 90' lang='lat' dir='ltr'>sedent,</span> <span class='ocrx_word' id='word_1_375' title='bbox 2435 1941 2538 1979; x_wconf 91' lang='lat' dir='ltr'>seu</span> <span class='ocrx_word' id='word_1_376' title='bbox 2587 1923 2936 1990; x_wconf 89' lang='lat' dir='ltr'>salutantur,</span> <span class='ocrx_word' id='word_1_377' title='bbox 2990 1922 3076 1977; x_wconf 90' lang='lat' dir='ltr'>vel</span> <span class='ocrx_word' id='word_1_378' title='bbox 3137 1923 3319 1977; x_wconf 79' lang='lat' dir='ltr'>Rabbi</span> <span class='ocrx_word' id='word_1_379' title='bbox 3365 1925 3663 1990; x_wconf 89' lang='lat' dir='ltr'>vocantur,</span> 
     </span>
    </p>
   </div>
   <div class='ocr_carea' id='block_1_55' title="bbox 2024 2009 3668 2084">
    <p class='ocr_par' dir='ltr' id='par_1_55' title="bbox 2024 2009 3668 2084">
     <span class='ocr_line' id='line_1_55' title="bbox 2024 2009 3668 2084; baseline -0.002 -16"><span class='ocrx_word' id='word_1_380' title='bbox 2024 2014 2122 2068; x_wconf 92' lang='lat' dir='ltr'>sed</span> <span class='ocrx_word' id='word_1_381' title='bbox 2148 2013 2286 2084; x_wconf 88' lang='lat' dir='ltr'>quia</span> <span class='ocrx_word' id='word_1_382' title='bbox 2308 2012 2428 2067; x_wconf 70' lang='lat' dir='ltr'>haec</span> <span class='ocrx_word' id='word_1_383' title='bbox 2452 2017 2683 2068; x_wconf 88' lang='lat' dir='ltr'>tantum</span> <span class='ocrx_word' id='word_1_384' title='bbox 2705 2014 2776 2067; x_wconf 88' lang='lat' dir='ltr'>ab</span> <span class='ocrx_word' id='word_1_385' title='bbox 2795 2013 2878 2068; x_wconf 89' lang='lat' dir='ltr'>eis</span> <span class='ocrx_word' id='word_1_386' title='bbox 2901 2010 3271 2068; x_wconf 89' lang='lat' dir='ltr'>amantur.Et</span> <span class='ocrx_word' id='word_1_387' title='bbox 3295 2015 3508 2077; x_wconf 89' lang='lat' dir='ltr'>tamen,</span> <span class='ocrx_word' id='word_1_388' title='bbox 3534 2009 3668 2065; x_wconf 91' lang='lat' dir='ltr'>licet</span> 
     </span>
    </p>
   </div>
   <div class='ocr_carea' id='block_1_56' title="bbox 2023 2100 3666 2166">
    <p class='ocr_par' dir='ltr' id='par_1_56' title="bbox 2023 2100 3666 2166">
     <span class='ocr_line' id='line_1_56' title="bbox 2023 2100 3666 2166; baseline -0.002 -10"><span class='ocrx_word' id='word_1_389' title='bbox 2023 2101 2278 2157; x_wconf 87' lang='lat' dir='ltr'>ministri</span> <span class='ocrx_word' id='word_1_390' title='bbox 2314 2101 2526 2157; x_wconf 89' lang='lat' dir='ltr'>Christi</span> <span class='ocrx_word' id='word_1_391' title='bbox 2547 2101 2693 2157; x_wconf 89' lang='lat' dir='ltr'>tales</span> <span class='ocrx_word' id='word_1_392' title='bbox 2715 2101 2833 2156; x_wconf 87' lang='lat' dir='ltr'>sint</span> <span class='ocrx_word' id='word_1_393' title='bbox 2862 2105 2926 2155; x_wconf 86' lang='lat' dir='ltr'>ut</span> <span class='ocrx_word' id='word_1_394' title='bbox 2949 2101 3029 2156; x_wconf 92' lang='lat' dir='ltr'>nil</span> <span class='ocrx_word' id='word_1_395' title='bbox 3055 2100 3290 2166; x_wconf 87' lang='lat' dir='ltr'>Christi,</span> <span class='ocrx_word' id='word_1_396' title='bbox 3313 2101 3411 2156; x_wconf 89' lang='lat' dir='ltr'>sed</span> <span class='ocrx_word' id='word_1_397' title='bbox 3434 2103 3666 2155; x_wconf 87' lang='lat' dir='ltr'>tantum</span> 
     </span>
    </p>
   </div>
   <div class='ocr_carea' id='block_1_57' title="bbox 2023 2187 3666 2262">
    <p class='ocr_par' dir='ltr' id='par_1_57' title="bbox 2023 2187 3666 2262">
     <span class='ocr_line' id='line_1_57' title="bbox 2023 2187 3666 2262; baseline -0.004 -15"><span class='ocrx_word' id='word_1_398' title='bbox 2023 2190 2218 2247; x_wconf 69' lang='lat' dir='ltr'>saeculi</span> <span class='ocrx_word' id='word_1_399' title='bbox 2250 2194 2513 2262; x_wconf 64' lang='lat' dir='ltr'>quaerant</span> <span class='ocrx_word' id='word_1_400' title='bbox 2559 2190 2618 2244; x_wconf 93' lang='lat' dir='ltr'>in</span> <span class='ocrx_word' id='word_1_401' title='bbox 2680 2189 3004 2245; x_wconf 89' lang='lat' dir='ltr'>ministerio</span> <span class='ocrx_word' id='word_1_402' title='bbox 3049 2189 3262 2244; x_wconf 86' lang='lat' dir='ltr'>Christi</span> <span class='ocrx_word' id='word_1_403' title='bbox 3293 2191 3445 2259; x_wconf 91' lang='lat' dir='ltr'>quod</span> <span class='ocrx_word' id='word_1_404' title='bbox 3480 2187 3666 2244; x_wconf 88' lang='lat' dir='ltr'>admi-</span> 
     </span>
    </p>
   </div>
   <div class='ocr_carea' id='block_1_58' title="bbox 2024 2277 3670 2347">
    <p class='ocr_par' dir='ltr' id='par_1_58' title="bbox 2024 2277 3670 2347">
     <span class='ocr_line' id='line_1_58' title="bbox 2024 2277 3670 2347; baseline -0.004 -10"><span class='ocrx_word' id='word_1_405' title='bbox 2024 2281 2278 2338; x_wconf 89' lang='lat' dir='ltr'>nistrant</span> <span class='ocrx_word' id='word_1_406' title='bbox 2301 2299 2314 2347; x_wconf 91' lang='lat'><strong>;</strong></span> <span class='ocrx_word' id='word_1_407' title='bbox 2341 2280 2465 2337; x_wconf 87' lang='lat' dir='ltr'>vult</span> <span class='ocrx_word' id='word_1_408' title='bbox 2495 2284 2689 2335; x_wconf 89' lang='lat' dir='ltr'>tamen</span> <span class='ocrx_word' id='word_1_409' title='bbox 2720 2279 2988 2334; x_wconf 90' lang='lat' dir='ltr'>Christus</span> <span class='ocrx_word' id='word_1_410' title='bbox 3016 2283 3081 2334; x_wconf 92' lang='lat' dir='ltr'>ut</span> <span class='ocrx_word' id='word_1_411' title='bbox 3113 2296 3220 2334; x_wconf 90' lang='lat' dir='ltr'>sua</span> <span class='ocrx_word' id='word_1_412' title='bbox 3251 2277 3366 2332; x_wconf 88' lang='lat' dir='ltr'>illis</span> <span class='ocrx_word' id='word_1_413' title='bbox 3420 2278 3670 2332; x_wconf 91' lang='lat' dir='ltr'>ﬁdeliter</span> 
     </span>
    </p>
   </div>
   <div class='ocr_carea' id='block_1_59' title="bbox 2022 2365 3670 2437">
    <p class='ocr_par' dir='ltr' id='par_1_59' title="bbox 2022 2365 3670 2437">
     <span class='ocr_line' id='line_1_59' title="bbox 2022 2365 3670 2437; baseline -0.004 -10"><span class='ocrx_word' id='word_1_414' title='bbox 2022 2372 2366 2436; x_wconf 87' lang='lat' dir='ltr'>reddantur,</span> <span class='ocrx_word' id='word_1_415' title='bbox 2397 2370 2507 2424; x_wconf 92' lang='lat' dir='ltr'>hoc</span> <span class='ocrx_word' id='word_1_416' title='bbox 2536 2373 2624 2424; x_wconf 91' lang='lat' dir='ltr'>est</span> <span class='ocrx_word' id='word_1_417' title='bbox 2654 2369 2990 2434; x_wconf 88' lang='lat' dir='ltr'>audiantur,</span> <span class='ocrx_word' id='word_1_418' title='bbox 3024 2369 3400 2437; x_wconf 88' lang='lat' dir='ltr'>honorentur,</span> <span class='ocrx_word' id='word_1_419' title='bbox 3425 2365 3670 2421; x_wconf 88' lang='lat' dir='ltr'>decimis</span> 
     </span>
    </p>
   </div>
   <div class='ocr_carea' id='block_1_60' title="bbox 2023 2456 3670 2528">
    <p class='ocr_par' dir='ltr' id='par_1_60' title="bbox 2023 2456 3670 2528">
     <span class='ocr_line' id='line_1_60' title="bbox 2023 2456 3670 2528; baseline -0.003 -13"><span class='ocrx_word' id='word_1_420' title='bbox 2023 2464 2080 2515; x_wconf 90' lang='lat' dir='ltr'>et</span> <span class='ocrx_word' id='word_1_421' title='bbox 2100 2458 2493 2514; x_wconf 89' lang='lat' dir='ltr'>oblationibus</span> <span class='ocrx_word' id='word_1_422' title='bbox 2517 2457 2777 2514; x_wconf 89' lang='lat' dir='ltr'>ﬁdelium</span> <span class='ocrx_word' id='word_1_423' title='bbox 2793 2456 3372 2520; x_wconf 89' lang='lat' dir='ltr'>remunerentur.Qui</span> <span class='ocrx_word' id='word_1_424' title='bbox 3395 2471 3530 2528; x_wconf 88' lang='lat' dir='ltr'>ergo</span> <span class='ocrx_word' id='word_1_425' title='bbox 3549 2460 3670 2510; x_wconf 90' lang='lat' dir='ltr'>tam</span> 
     </span>
    </p>
   </div>
   <div class='ocr_carea' id='block_1_61' title="bbox 2024 2543 3669 2620">
    <p class='ocr_par' dir='ltr' id='par_1_61' title="bbox 2024 2543 3669 2620">
     <span class='ocr_line' id='line_1_61' title="bbox 2024 2543 3669 2620; baseline -0.004 -17"><span class='ocrx_word' id='word_1_426' title='bbox 2024 2548 2184 2620; x_wconf 88' lang='lat' dir='ltr'>pravi</span> <span class='ocrx_word' id='word_1_427' title='bbox 2215 2551 2353 2603; x_wconf 89' lang='lat' dir='ltr'>sunt</span> <span class='ocrx_word' id='word_1_428' title='bbox 2382 2547 2441 2603; x_wconf 92' lang='lat' dir='ltr'>in</span> <span class='ocrx_word' id='word_1_429' title='bbox 2474 2547 3198 2619; x_wconf 87' lang='lat' dir='ltr'>eonspectuhominum,in</span> <span class='ocrx_word' id='word_1_430' title='bbox 3225 2547 3542 2615; x_wconf 87' lang='lat' dir='ltr'>conspectu</span> <span class='ocrx_word' id='word_1_431' title='bbox 3567 2543 3669 2598; x_wconf 94' lang='lat' dir='ltr'>Dei</span> 
     </span>
    </p>
   </div>
   <div class='ocr_carea' id='block_1_62' title="bbox 2023 2631 3672 2708">
    <p class='ocr_par' dir='ltr' id='par_1_62' title="bbox 2023 2631 3672 2708">
     <span class='ocr_line' id='line_1_62' title="bbox 2023 2631 3672 2708; baseline -0.004 -16"><span class='ocrx_word' id='word_1_432' title='bbox 2023 2641 2197 2708; x_wconf 88' lang='lat' dir='ltr'>putas</span> <span class='ocrx_word' id='word_1_433' title='bbox 2231 2636 2432 2707; x_wconf 86' lang='lat' dir='ltr'>quales</span> <span class='ocrx_word' id='word_1_434' title='bbox 2465 2640 2645 2692; x_wconf 85' lang='lat' dir='ltr'>sunt?</span> <span class='ocrx_word' id='word_1_435' title='bbox 2674 2637 2740 2691; x_wconf 87' lang='lat' dir='ltr'>Et</span> <span class='ocrx_word' id='word_1_436' title='bbox 2761 2639 2957 2691; x_wconf 88' lang='lat' dir='ltr'>tamen</span> <span class='ocrx_word' id='word_1_437' title='bbox 3007 2650 3105 2690; x_wconf 92' lang='lat' dir='ltr'>eos</span> <span class='ocrx_word' id='word_1_438' title='bbox 3154 2634 3310 2689; x_wconf 89' lang='lat' dir='ltr'>Deus</span> <span class='ocrx_word' id='word_1_439' title='bbox 3341 2636 3396 2686; x_wconf 88' lang='lat' dir='ltr'>et</span> <span class='ocrx_word' id='word_1_440' title='bbox 3433 2631 3586 2685; x_wconf 91' lang='lat' dir='ltr'>clam</span> <span class='ocrx_word' id='word_1_441' title='bbox 3615 2637 3672 2686; x_wconf 89' lang='lat' dir='ltr'>et</span> 
     </span>
    </p>
   </div>
   <div class='ocr_carea' id='block_1_63' title="bbox 2024 2720 3671 2798">
    <p class='ocr_par' dir='ltr' id='par_1_63' title="bbox 2024 2720 3671 2798">
     <span class='ocr_line' id='line_1_63' title="bbox 2024 2720 3671 2798; baseline -0.004 -18"><span class='ocrx_word' id='word_1_442' title='bbox 2024 2726 2217 2798; x_wconf 90' lang='lat' dir='ltr'>palam</span> <span class='ocrx_word' id='word_1_443' title='bbox 2252 2725 2437 2781; x_wconf 89' lang='lat' dir='ltr'>malos</span> <span class='ocrx_word' id='word_1_444' title='bbox 2484 2726 2602 2780; x_wconf 90' lang='lat' dir='ltr'>sive</span> <span class='ocrx_word' id='word_1_445' title='bbox 2647 2727 2778 2780; x_wconf 85' lang='lat' dir='ltr'>ﬁcte</span> <span class='ocrx_word' id='word_1_446' title='bbox 2825 2725 3010 2780; x_wconf 87' lang='lat' dir='ltr'>bonos</span> <span class='ocrx_word' id='word_1_447' title='bbox 3056 2722 3285 2788; x_wconf 90' lang='lat' dir='ltr'>tolerat,</span> <span class='ocrx_word' id='word_1_448' title='bbox 3319 2725 3375 2776; x_wconf 90' lang='lat' dir='ltr'>et</span> <span class='ocrx_word' id='word_1_449' title='bbox 3406 2720 3671 2775; x_wconf 90' lang='lat' dir='ltr'>mercede</span> 
     </span>
    </p>
   </div>
   <div class='ocr_carea' id='block_1_64' title="bbox 2023 2808 3670 2886">
    <p class='ocr_par' dir='ltr' id='par_1_64' title="bbox 2023 2808 3670 2886">
     <span class='ocr_line' id='line_1_64' title="bbox 2023 2808 3670 2886; baseline -0.004 -17"><span class='ocrx_word' id='word_1_450' title='bbox 2023 2832 2200 2886; x_wconf 88' lang='lat' dir='ltr'>quam</span> <span class='ocrx_word' id='word_1_451' title='bbox 2233 2819 2504 2885; x_wconf 73' lang='lat' dir='ltr'>quaerunt</span> <span class='ocrx_word' id='word_1_452' title='bbox 2551 2831 2664 2868; x_wconf 91' lang='lat' dir='ltr'>non</span> <span class='ocrx_word' id='word_1_453' title='bbox 2719 2814 2967 2868; x_wconf 87' lang='lat' dir='ltr'>fraudat.</span> <span class='ocrx_word' id='word_1_454' title='bbox 3021 2811 3165 2877; x_wconf 88' lang='lat' dir='ltr'>Quia</span> <span class='ocrx_word' id='word_1_455' title='bbox 3213 2810 3370 2869; x_wconf 85' lang='lat' dir='ltr'>enim</span> <span class='ocrx_word' id='word_1_456' title='bbox 3413 2808 3670 2864; x_wconf 87' lang='lat' dir='ltr'>ministri</span> 
     </span>
    </p>
   </div>
   <div class='ocr_carea' id='block_1_65' title="bbox 2024 2897 3669 2972">
    <p class='ocr_par' dir='ltr' id='par_1_65' title="bbox 2024 2897 3669 2972">
     <span class='ocr_line' id='line_1_65' title="bbox 2024 2897 3669 2972; baseline -0.004 -15"><span class='ocrx_word' id='word_1_457' title='bbox 2024 2901 2237 2957; x_wconf 89' lang='lat' dir='ltr'>Christi</span> <span class='ocrx_word' id='word_1_458' title='bbox 2272 2903 2542 2968; x_wconf 90' lang='lat' dir='ltr'>sunt,sed</span> <span class='ocrx_word' id='word_1_459' title='bbox 2574 2917 2690 2956; x_wconf 90' lang='lat' dir='ltr'>non</span> <span class='ocrx_word' id='word_1_460' title='bbox 2713 2901 2858 2956; x_wconf 89' lang='lat' dir='ltr'>bene</span> <span class='ocrx_word' id='word_1_461' title='bbox 2878 2897 3669 2972; x_wconf 65' lang='lat' dir='ltr'>praesunt,simplicihonore,</span> 
     </span>
    </p>
   </div>
   <div class='ocr_carea' id='block_1_66' title="bbox 2023 2987 3670 3063">
    <p class='ocr_par' dir='ltr' id='par_1_66' title="bbox 2023 2987 3670 3063">
     <span class='ocr_line' id='line_1_66' title="bbox 2023 2987 3670 3063; baseline -0.004 -17"><span class='ocrx_word' id='word_1_462' title='bbox 2023 2991 2295 3063; x_wconf 64' lang='lat' dir='ltr'>prmsenti</span> <span class='ocrx_word' id='word_1_463' title='bbox 2330 2991 2573 3057; x_wconf 82' lang='lat' dir='ltr'>scilicet,</span> <span class='ocrx_word' id='word_1_464' title='bbox 2605 2989 3367 3062; x_wconf 88' lang='lat' dir='ltr'>dignihabendisunt.Nam</span> <span class='ocrx_word' id='word_1_465' title='bbox 3401 2987 3501 3057; x_wconf 89' lang='lat' dir='ltr'>qui</span> <span class='ocrx_word' id='word_1_466' title='bbox 3523 2987 3670 3041; x_wconf 90' lang='lat' dir='ltr'>bene</span> 
     </span>
    </p>
   </div>
   <div class='ocr_carea' id='block_1_67' title="bbox 2024 3074 3670 3153">
    <p class='ocr_par' dir='ltr' id='par_1_67' title="bbox 2024 3074 3670 3153">
     <span class='ocr_line' id='line_1_67' title="bbox 2024 3074 3670 3153; baseline -0.004 -18"><span class='ocrx_word' id='word_1_467' title='bbox 2024 3084 2281 3153; x_wconf 67' lang='lat' dir='ltr'>praesunt</span> <span class='ocrx_word' id='word_1_468' title='bbox 2301 3079 2713 3151; x_wconf 73' lang='lat' dir='ltr'>presbyteri,ut</span> <span class='ocrx_word' id='word_1_469' title='bbox 2733 3079 2816 3133; x_wconf 90' lang='lat' dir='ltr'>ait</span> <span class='ocrx_word' id='word_1_470' title='bbox 2837 3075 3430 3148; x_wconf 81' lang='lat' dir='ltr'>Apostolus,«duplici</span> <span class='ocrx_word' id='word_1_471' title='bbox 3453 3074 3670 3128; x_wconf 88' lang='lat' dir='ltr'>honore</span> 
     </span>
    </p>
   </div>
   <div class='ocr_carea' id='block_1_68' title="bbox 2025 3162 3672 3242">
    <p class='ocr_par' dir='ltr' id='par_1_68' title="bbox 2025 3162 3672 3242">
     <span class='ocr_line' id='line_1_68' title="bbox 2025 3162 3672 3242; baseline -0.007 -17"><span class='ocrx_word' id='word_1_472' title='bbox 2025 3169 2184 3242; x_wconf 77' lang='lat' dir='ltr'>digni</span> <span class='ocrx_word' id='word_1_473' title='bbox 2219 3169 2531 3234; x_wconf 83' lang='lat' dir='ltr'>habentur,</span> <span class='ocrx_word' id='word_1_474' title='bbox 2563 3167 2814 3222; x_wconf 83' lang='lat' dir='ltr'>maxime</span> <span class='ocrx_word' id='word_1_475' title='bbox 2862 3168 2962 3237; x_wconf 90' lang='lat' dir='ltr'>qui</span> <span class='ocrx_word' id='word_1_476' title='bbox 3010 3165 3277 3220; x_wconf 86' lang='lat' dir='ltr'>laborant</span> <span class='ocrx_word' id='word_1_477' title='bbox 3323 3165 3380 3218; x_wconf 91' lang='lat' dir='ltr'>in</span> <span class='ocrx_word' id='word_1_478' title='bbox 3412 3162 3585 3218; x_wconf 91' lang='lat' dir='ltr'>verbo</span> <span class='ocrx_word' id='word_1_479' title='bbox 3615 3164 3672 3216; x_wconf 91' lang='lat' dir='ltr'>et</span> 
     </span>
    </p>
   </div>
   <div class='ocr_carea' id='block_1_69' title="bbox 1943 3238 3665 3328">
    <p class='ocr_par' dir='ltr' id='par_1_69' title="bbox 1943 3238 3665 3328">
     <span class='ocr_line' id='line_1_69' title="bbox 1943 3238 3665 3328; baseline -0.006 -14"><span class='ocrx_word' id='word_1_480' title='bbox 1943 3238 1986 3304; x_wconf 87' lang='lat' dir='ltr'>C</span> <span class='ocrx_word' id='word_1_481' title='bbox 2024 3238 2288 3313; x_wconf 70' lang='lat' dir='ltr'>doctrina</span> <span class='ocrx_word' id='word_1_482' title='bbox 2317 3258 2365 3328; x_wconf 84' lang='grc' dir='ltr'>(ι</span> <span class='ocrx_word' id='word_1_483' title='bbox 2392 3259 2525 3312; x_wconf 81' lang='lat' dir='ltr'>Tim.</span> <span class='ocrx_word' id='word_1_484' title='bbox 2557 3273 2613 3320; x_wconf 82' lang='grc' dir='ltr'>ν,</span> <span class='ocrx_word' id='word_1_485' title='bbox 2648 3254 2949 3325; x_wconf 79' lang='lat' dir='ltr'>17).»Dicit</span> <span class='ocrx_word' id='word_1_486' title='bbox 2970 3253 3126 3309; x_wconf 92' lang='lat' dir='ltr'>enim</span> <span class='ocrx_word' id='word_1_487' title='bbox 3159 3252 3458 3323; x_wconf 86' lang='lat' dir='ltr'>Scriptura</span> <span class='ocrx_word' id='word_1_488' title='bbox 3485 3250 3665 3306; x_wconf 78' lang='lat' dir='ltr'>:«Non</span> 
     </span>
    </p>
   </div>
   <div class='ocr_carea' id='block_1_70' title="bbox 2029 3336 3668 3413">
    <p class='ocr_par' dir='ltr' id='par_1_70' title="bbox 2029 3336 3668 3413">
     <span class='ocr_line' id='line_1_70' title="bbox 2029 3336 3668 3413; baseline -0.006 -11"><span class='ocrx_word' id='word_1_489' title='bbox 2029 3346 2350 3403; x_wconf 88' lang='lat' dir='ltr'>infrenabis</span> <span class='ocrx_word' id='word_1_490' title='bbox 2383 3364 2447 3402; x_wconf 93' lang='lat' dir='ltr'>os</span> <span class='ocrx_word' id='word_1_491' title='bbox 2475 3345 2604 3401; x_wconf 88' lang='lat' dir='ltr'>bovi</span> <span class='ocrx_word' id='word_1_492' title='bbox 2628 3343 2926 3400; x_wconf 89' lang='lat' dir='ltr'>trituranti</span> <span class='ocrx_word' id='word_1_493' title='bbox 2959 3343 3138 3413; x_wconf 78' lang='lat' dir='ltr'>(Ibz&#39;d.,</span> <span class='ocrx_word' id='word_1_494' title='bbox 3161 3343 3248 3413; x_wconf 88' lang='grc'>18)</span> <span class='ocrx_word' id='word_1_495' title='bbox 3275 3361 3286 3409; x_wconf 90' lang='grc'>;</span> <span class='ocrx_word' id='word_1_496' title='bbox 3326 3365 3350 3388; x_wconf 88' lang='grc'>››</span> <span class='ocrx_word' id='word_1_497' title='bbox 3385 3345 3440 3395; x_wconf 90' lang='lat' dir='ltr'>et</span> <span class='ocrx_word' id='word_1_498' title='bbox 3473 3357 3485 3395; x_wconf 77' lang='grc' dir='ltr'>ε</span> <span class='ocrx_word' id='word_1_499' title='bbox 3522 3360 3550 3389; x_wconf 89' lang='grc'>‹‹</span> <span class='ocrx_word' id='word_1_500' title='bbox 3578 3336 3668 3392; x_wconf 90' lang='lat' dir='ltr'>Di-</span> 
     </span>
    </p>
   </div>
   <div class='ocr_carea' id='block_1_71' title="bbox 2031 3427 3674 3510">
    <p class='ocr_par' dir='ltr' id='par_1_71' title="bbox 2031 3427 3674 3510">
     <span class='ocr_line' id='line_1_71' title="bbox 2031 3427 3674 3510; baseline -0.007 -17"><span class='ocrx_word' id='word_1_501' title='bbox 2031 3453 2183 3510; x_wconf 83' lang='lat' dir='ltr'>gnus</span> <span class='ocrx_word' id='word_1_502' title='bbox 2214 3440 2304 3492; x_wconf 90' lang='lat' dir='ltr'>est</span> <span class='ocrx_word' id='word_1_503' title='bbox 2332 3436 2635 3508; x_wconf 87' lang='lat' dir='ltr'>operarius</span> <span class='ocrx_word' id='word_1_504' title='bbox 2665 3434 2927 3489; x_wconf 87' lang='lat' dir='ltr'>mercede</span> <span class='ocrx_word' id='word_1_505' title='bbox 2950 3450 3056 3488; x_wconf 87' lang='lat' dir='ltr'>sua</span> <span class='ocrx_word' id='word_1_506' title='bbox 3087 3432 3234 3504; x_wconf 79' lang='lat' dir='ltr'>(Luc.</span> <span class='ocrx_word' id='word_1_507' title='bbox 3261 3432 3396 3501; x_wconf 85' lang='lat' dir='ltr'>x,7).</span> <span class='ocrx_word' id='word_1_508' title='bbox 3430 3451 3456 3479; x_wconf 90' lang='grc'>››</span> <span class='ocrx_word' id='word_1_509' title='bbox 3493 3427 3674 3498; x_wconf 88' lang='lat' dir='ltr'>Cujus</span> 
     </span>
    </p>
   </div>
   <div class='ocr_carea' id='block_1_72' title="bbox 2032 3518 3676 3598">
    <p class='ocr_par' dir='ltr' id='par_1_72' title="bbox 2032 3518 3676 3598">
     <span class='ocr_line' id='line_1_72' title="bbox 2032 3518 3676 3598; baseline -0.006 -18"><span class='ocrx_word' id='word_1_510' title='bbox 2032 3525 2295 3598; x_wconf 89' lang='lat' dir='ltr'>Apostoli</span> <span class='ocrx_word' id='word_1_511' title='bbox 2327 3525 2615 3580; x_wconf 85' lang='lat' dir='ltr'>sententia</span> <span class='ocrx_word' id='word_1_512' title='bbox 2647 3524 2718 3578; x_wconf 93' lang='lat' dir='ltr'>de</span> <span class='ocrx_word' id='word_1_513' title='bbox 2737 3521 3108 3578; x_wconf 88' lang='lat' dir='ltr'>mercenariis</span> <span class='ocrx_word' id='word_1_514' title='bbox 3132 3521 3180 3575; x_wconf 91' lang='lat' dir='ltr'>si</span> <span class='ocrx_word' id='word_1_515' title='bbox 3204 3518 3522 3591; x_wconf 90' lang='lat' dir='ltr'>requiritur</span> <span class='ocrx_word' id='word_1_516' title='bbox 3546 3534 3676 3589; x_wconf 64' lang='lat' dir='ltr'>qua:</span> 
     </span>
    </p>
   </div>
   <div class='ocr_carea' id='block_1_73' title="bbox 2035 3605 3673 3686">
    <p class='ocr_par' dir='ltr' id='par_1_73' title="bbox 2035 3605 3673 3686">
     <span class='ocr_line' id='line_1_73' title="bbox 2035 3605 3673 3686; baseline -0.007 -17"><span class='ocrx_word' id='word_1_517' title='bbox 2035 3615 2134 3680; x_wconf 88' lang='lat' dir='ltr'>sit,</span> <span class='ocrx_word' id='word_1_518' title='bbox 2193 3613 2449 3686; x_wconf 86' lang='lat' dir='ltr'>Epistola</span> <span class='ocrx_word' id='word_1_519' title='bbox 2491 3615 2620 3684; x_wconf 87' lang='lat' dir='ltr'>ejus</span> <span class='ocrx_word' id='word_1_520' title='bbox 2670 3614 2742 3667; x_wconf 90' lang='lat' dir='ltr'>ad</span> <span class='ocrx_word' id='word_1_521' title='bbox 2794 3611 3192 3682; x_wconf 86' lang='lat' dir='ltr'>Philippenses</span> <span class='ocrx_word' id='word_1_522' title='bbox 3241 3609 3324 3662; x_wconf 90' lang='lat' dir='ltr'>sic</span> <span class='ocrx_word' id='word_1_523' title='bbox 3379 3605 3673 3662; x_wconf 87' lang='lat' dir='ltr'>ostendit:</span> 
     </span>
    </p>
   </div>
   <div class='ocr_carea' id='block_1_74' title="bbox 2042 3694 3677 3774">
    <p class='ocr_par' dir='ltr' id='par_1_74' title="bbox 2042 3694 3677 3774">
     <span class='ocr_line' id='line_1_74' title="bbox 2042 3694 3677 3774; baseline -0.008 -16"><span class='ocrx_word' id='word_1_524' title='bbox 2042 3702 2319 3769; x_wconf 68' lang='lat' dir='ltr'>«Quidam</span> <span class='ocrx_word' id='word_1_525' title='bbox 2345 3702 2582 3774; x_wconf 89' lang='lat' dir='ltr'>quidem</span> <span class='ocrx_word' id='word_1_526' title='bbox 2607 3699 3132 3773; x_wconf 84' lang='lat' dir='ltr'>propterinvidiam</span> <span class='ocrx_word' id='word_1_527' title='bbox 3155 3701 3210 3752; x_wconf 92' lang='lat' dir='ltr'>et</span> <span class='ocrx_word' id='word_1_528' title='bbox 3225 3694 3677 3756; x_wconf 87' lang='lat' dir='ltr'>contentionem,</span> 
     </span>
    </p>
   </div>
   <div class='ocr_carea' id='block_1_75' title="bbox 2039 3778 3685 3862">
    <p class='ocr_par' dir='ltr' id='par_1_75' title="bbox 2039 3778 3685 3862">
     <span class='ocr_line' id='line_1_75' title="bbox 2039 3778 3685 3862; baseline -0.009 -15"><span class='ocrx_word' id='word_1_529' title='bbox 2039 3791 2278 3862; x_wconf 90' lang='lat' dir='ltr'>quidam</span> <span class='ocrx_word' id='word_1_530' title='bbox 2347 3794 2541 3846; x_wconf 87' lang='lat' dir='ltr'>autem</span> <span class='ocrx_word' id='word_1_531' title='bbox 2573 3794 2629 3844; x_wconf 91' lang='lat' dir='ltr'>et</span> <span class='ocrx_word' id='word_1_532' title='bbox 2659 3788 3119 3860; x_wconf 86' lang='lat' dir='ltr'>propterbonam</span> <span class='ocrx_word' id='word_1_533' title='bbox 3135 3783 3494 3838; x_wconf 86' lang='lat' dir='ltr'>voluntatem</span> <span class='ocrx_word' id='word_1_534' title='bbox 3527 3778 3685 3836; x_wconf 89' lang='lat' dir='ltr'>Chri-</span> 
     </span>
    </p>
   </div>
   <div class='ocr_carea' id='block_1_76' title="bbox 2040 3868 3685 3951">
    <p class='ocr_par' dir='ltr' id='par_1_76' title="bbox 2040 3868 3685 3951">
     <span class='ocr_line' id='line_1_76' title="bbox 2040 3868 3685 3951; baseline -0.007 -17"><span class='ocrx_word' id='word_1_535' title='bbox 2040 3884 2197 3934; x_wconf 89' lang='lat' dir='ltr'>stum</span> <span class='ocrx_word' id='word_1_536' title='bbox 2248 3878 2583 3951; x_wconf 78' lang='lat' dir='ltr'>przedicant,</span> <span class='ocrx_word' id='word_1_537' title='bbox 2641 3876 2880 3947; x_wconf 87' lang='lat' dir='ltr'>quidam</span> <span class='ocrx_word' id='word_1_538' title='bbox 2948 3891 3016 3928; x_wconf 84' lang='lat' dir='ltr'>ex</span> <span class='ocrx_word' id='word_1_539' title='bbox 3081 3871 3383 3937; x_wconf 88' lang='lat' dir='ltr'>charitate,</span> <span class='ocrx_word' id='word_1_540' title='bbox 3435 3868 3685 3925; x_wconf 89' lang='lat' dir='ltr'>scientes</span> 
     </span>
    </p>
   </div>
   <div class='ocr_carea' id='block_1_77' title="bbox 2043 3956 3685 4040">
    <p class='ocr_par' dir='ltr' id='par_1_77' title="bbox 2043 3956 3685 4040">
     <span class='ocr_line' id='line_1_77' title="bbox 2043 3956 3685 4040; baseline -0.007 -18"><span class='ocrx_word' id='word_1_541' title='bbox 2043 3968 2322 4040; x_wconf 87' lang='lat' dir='ltr'>quoniam</span> <span class='ocrx_word' id='word_1_542' title='bbox 2355 3967 2413 4020; x_wconf 92' lang='lat' dir='ltr'>in</span> <span class='ocrx_word' id='word_1_543' title='bbox 2446 3965 2781 4020; x_wconf 85' lang='lat' dir='ltr'>defensione</span> <span class='ocrx_word' id='word_1_544' title='bbox 2811 3961 3106 4034; x_wconf 84' lang='lat' dir='ltr'>Evangelii</span> <span class='ocrx_word' id='word_1_545' title='bbox 3131 3960 3520 4033; x_wconf 88' lang='lat' dir='ltr'>positussum.</span> <span class='ocrx_word' id='word_1_546' title='bbox 3550 3956 3685 4020; x_wconf 87' lang='lat' dir='ltr'>Qui-</span> 
     </span>
    </p>
   </div>
   <div class='ocr_carea' id='block_1_78' title="bbox 2045 4048 3688 4112">
    <p class='ocr_par' dir='ltr' id='par_1_78' title="bbox 2045 4048 3688 4112">
     <span class='ocr_line' id='line_1_78' title="bbox 2045 4048 3688 4112; baseline -0.006 -1"><span class='ocrx_word' id='word_1_547' title='bbox 2045 4058 2179 4112; x_wconf 87' lang='lat' dir='ltr'>dam</span> <span class='ocrx_word' id='word_1_548' title='bbox 2209 4061 2403 4111; x_wconf 89' lang='lat' dir='ltr'>autem</span> <span class='ocrx_word' id='word_1_549' title='bbox 2437 4072 2503 4110; x_wconf 80' lang='lat' dir='ltr'>ex</span> <span class='ocrx_word' id='word_1_550' title='bbox 2533 4055 2901 4109; x_wconf 72' lang='lat' dir='ltr'>contentione</span> <span class='ocrx_word' id='word_1_551' title='bbox 2927 4052 3224 4108; x_wconf 84' lang='lat' dir='ltr'>Christum</span> <span class='ocrx_word' id='word_1_552' title='bbox 3245 4048 3556 4105; x_wconf 88' lang='lat' dir='ltr'>annuntiat</span> <span class='ocrx_word' id='word_1_553' title='bbox 3573 4064 3688 4102; x_wconf 87' lang='lat' dir='ltr'>non</span> 
     </span>
    </p>
   </div>
   <div class='ocr_carea' id='block_1_79' title="bbox 2046 4135 3689 4214">
    <p class='ocr_par' dir='ltr' id='par_1_79' title="bbox 2046 4135 3689 4214">
     <span class='ocr_line' id='line_1_79' title="bbox 2046 4135 3689 4214; baseline -0.007 -13"><span class='ocrx_word' id='word_1_554' title='bbox 2046 4148 2292 4209; x_wconf 91' lang='lat' dir='ltr'>sincere,</span> <span class='ocrx_word' id='word_1_555' title='bbox 2319 4144 2750 4200; x_wconf 82' lang='lat' dir='ltr'>existimantem</span> <span class='ocrx_word' id='word_1_556' title='bbox 2778 4157 3114 4214; x_wconf 89' lang='lat' dir='ltr'>pressuram</span> <span class='ocrx_word' id='word_1_557' title='bbox 3134 4138 3418 4196; x_wconf 88' lang='lat' dir='ltr'>suscitare</span> <span class='ocrx_word' id='word_1_558' title='bbox 3442 4135 3689 4193; x_wconf 92' lang='lat' dir='ltr'>vinculis</span> 
     </span>
    </p>
   </div>
   <div class='ocr_carea' id='block_1_80' title="bbox 2048 4229 3691 4299">
    <p class='ocr_par' dir='ltr' id='par_1_80' title="bbox 2048 4229 3691 4299">
     <span class='ocr_line' id='line_1_80' title="bbox 2048 4229 3691 4299; baseline -0.006 -9"><span class='ocrx_word' id='word_1_559' title='bbox 2048 4234 2218 4290; x_wconf 88' lang='lat' dir='ltr'>meis.</span> <span class='ocrx_word' id='word_1_560' title='bbox 2254 4234 2403 4299; x_wconf 88' lang='lat' dir='ltr'>Quid</span> <span class='ocrx_word' id='word_1_561' title='bbox 2435 4233 2590 4289; x_wconf 92' lang='lat' dir='ltr'>enim</span> <span class='ocrx_word' id='word_1_562' title='bbox 2612 4234 2640 4288; x_wconf 68' lang='grc' dir='ltr'>ἱ)</span> <span class='ocrx_word' id='word_1_563' title='bbox 2671 4234 2811 4288; x_wconf 92' lang='lat' dir='ltr'>dum</span> <span class='ocrx_word' id='word_1_564' title='bbox 2843 4233 3002 4286; x_wconf 89' lang='lat' dir='ltr'>omni</span> <span class='ocrx_word' id='word_1_565' title='bbox 3037 4231 3232 4297; x_wconf 89' lang='lat' dir='ltr'>modo,</span> <span class='ocrx_word' id='word_1_566' title='bbox 3253 4229 3371 4283; x_wconf 90' lang='lat' dir='ltr'>sive</span> <span class='ocrx_word' id='word_1_567' title='bbox 3405 4243 3507 4299; x_wconf 91' lang='lat' dir='ltr'>per</span> <span class='ocrx_word' id='word_1_568' title='bbox 3531 4243 3691 4281; x_wconf 87' lang='lat' dir='ltr'>occa-</span> 
     </span>
    </p>
   </div>
   <div class='ocr_carea' id='block_1_81' title="bbox 2050 4315 3691 4395">
    <p class='ocr_par' dir='ltr' id='par_1_81' title="bbox 2050 4315 3691 4395">
     <span class='ocr_line' id='line_1_81' title="bbox 2050 4315 3691 4395; baseline -0.007 -16"><span class='ocrx_word' id='word_1_569' title='bbox 2050 4325 2297 4392; x_wconf 83' lang='lat' dir='ltr'>sionem,</span> <span class='ocrx_word' id='word_1_570' title='bbox 2331 4324 2451 4379; x_wconf 87' lang='lat' dir='ltr'>sive</span> <span class='ocrx_word' id='word_1_571' title='bbox 2496 4342 2598 4395; x_wconf 92' lang='lat' dir='ltr'>per</span> <span class='ocrx_word' id='word_1_572' title='bbox 2644 4323 2946 4378; x_wconf 79' lang='lat' dir='ltr'>veritatem</span> <span class='ocrx_word' id='word_1_573' title='bbox 2999 4320 3264 4374; x_wconf 86' lang='lat' dir='ltr'>Christus</span> <span class='ocrx_word' id='word_1_574' title='bbox 3291 4315 3691 4380; x_wconf 82' lang='lat' dir='ltr'>unnuntietur,</span> 
     </span>
    </p>
   </div>
   <div class='ocr_carea' id='block_1_82' title="bbox 273 3787 1930 3863">
    <p class='ocr_par' dir='ltr' id='par_1_82' title="bbox 273 3787 1930 3863">
     <span class='ocr_line' id='line_1_82' title="bbox 273 3787 1930 3863; baseline 0.001 -18"><span class='ocrx_word' id='word_1_575' title='bbox 273 3789 494 3846; x_wconf 67' lang='lat' dir='ltr'>Scriba:</span> <span class='ocrx_word' id='word_1_576' title='bbox 525 3793 582 3844; x_wconf 91' lang='lat' dir='ltr'>et</span> <span class='ocrx_word' id='word_1_577' title='bbox 602 3787 898 3843; x_wconf 60' lang='lat' dir='ltr'>Pharisaei.</span> <span class='ocrx_word' id='word_1_578' title='bbox 922 3789 1131 3844; x_wconf 90' lang='lat' dir='ltr'>Omnia</span> <span class='ocrx_word' id='word_1_579' title='bbox 1149 3807 1282 3862; x_wconf 87' lang='lat' dir='ltr'>ergo</span> <span class='ocrx_word' id='word_1_580' title='bbox 1301 3807 1662 3863; x_wconf 82' lang='lat' dir='ltr'>quaecunque</span> <span class='ocrx_word' id='word_1_581' title='bbox 1683 3791 1930 3847; x_wconf 81' lang='lat' dir='ltr'>dixerint</span> 
     </span>
    </p>
   </div>
   <div class='ocr_carea' id='block_1_83' title="bbox 271 3878 1926 3953">
    <p class='ocr_par' dir='ltr' id='par_1_83' title="bbox 271 3878 1926 3953">
     <span class='ocr_line' id='line_1_83' title="bbox 271 3878 1926 3953; baseline -0.001 -18"><span class='ocrx_word' id='word_1_582' title='bbox 271 3879 701 3946; x_wconf 84' lang='lat' dir='ltr'>vobis,servate</span> <span class='ocrx_word' id='word_1_583' title='bbox 722 3882 779 3934; x_wconf 90' lang='lat' dir='ltr'>et</span> <span class='ocrx_word' id='word_1_584' title='bbox 808 3879 974 3933; x_wconf 86' lang='lat' dir='ltr'>facite</span> <span class='ocrx_word' id='word_1_585' title='bbox 1007 3878 1216 3950; x_wconf 81' lang='lat' dir='ltr'>(Matth.</span> <span class='ocrx_word' id='word_1_586' title='bbox 1236 3897 1397 3946; x_wconf 70' lang='grc' dir='ltr'>χχιιι,</span> <span class='ocrx_word' id='word_1_587' title='bbox 1421 3882 1536 3951; x_wconf 82' lang='grc'>2).››</span> <span class='ocrx_word' id='word_1_588' title='bbox 1567 3881 1710 3935; x_wconf 89' lang='lat' dir='ltr'><strong>Ecce</strong></span> <span class='ocrx_word' id='word_1_589' title='bbox 1743 3898 1926 3953; x_wconf 89' lang='lat' dir='ltr'>quan-</span> 
     </span>
    </p>
   </div>
   <div class='ocr_carea' id='block_1_84' title="bbox 269 3965 1926 4039">
    <p class='ocr_par' dir='ltr' id='par_1_84' title="bbox 269 3965 1926 4039">
     <span class='ocr_line' id='line_1_84' title="bbox 269 3965 1926 4039; baseline 0 -16"><span class='ocrx_word' id='word_1_590' title='bbox 269 3972 396 4023; x_wconf 87' lang='lat' dir='ltr'>tam</span> <span class='ocrx_word' id='word_1_591' title='bbox 433 3965 826 4022; x_wconf 89' lang='lat' dir='ltr'>obedientiam</span> <span class='ocrx_word' id='word_1_592' title='bbox 864 3965 990 4022; x_wconf 92' lang='lat' dir='ltr'>vult</span> <span class='ocrx_word' id='word_1_593' title='bbox 1026 3967 1286 4039; x_wconf 90' lang='lat' dir='ltr'>impendi</span> <span class='ocrx_word' id='word_1_594' title='bbox 1328 3969 1704 4024; x_wconf 87' lang='lat' dir='ltr'>mercenariis</span> <span class='ocrx_word' id='word_1_595' title='bbox 1753 3969 1926 4024; x_wconf 90' lang='lat' dir='ltr'>malis</span> 
     </span>
    </p>
   </div>
   <div class='ocr_carea' id='block_1_85' title="bbox 275 4056 1934 4130">
    <p class='ocr_par' dir='ltr' id='par_1_85' title="bbox 275 4056 1934 4130">
     <span class='ocr_line' id='line_1_85' title="bbox 275 4056 1934 4130; baseline -0.001 -17"><span class='ocrx_word' id='word_1_596' title='bbox 275 4058 485 4114; x_wconf 84' lang='lat' dir='ltr'>Pastor</span> <span class='ocrx_word' id='word_1_597' title='bbox 497 4071 731 4111; x_wconf 90' lang='lat' dir='ltr'>summe</span> <span class='ocrx_word' id='word_1_598' title='bbox 741 4056 932 4112; x_wconf 89' lang='lat' dir='ltr'>bonus</span> <span class='ocrx_word' id='word_1_599' title='bbox 947 4060 1012 4112; x_wconf 92' lang='lat' dir='ltr'>ut</span> <span class='ocrx_word' id='word_1_600' title='bbox 1026 4057 1182 4112; x_wconf 90' lang='lat' dir='ltr'>dicta</span> <span class='ocrx_word' id='word_1_601' title='bbox 1193 4073 1394 4112; x_wconf 88' lang='lat' dir='ltr'>eorum</span> <span class='ocrx_word' id='word_1_602' title='bbox 1411 4058 1729 4130; x_wconf 28' lang='lat' dir='ltr'>noanolum</span> <span class='ocrx_word' id='word_1_603' title='bbox 1747 4062 1934 4114; x_wconf 89' lang='lat' dir='ltr'>servet</span> 
     </span>
    </p>
   </div>
   <div class='ocr_carea' id='block_1_86' title="bbox 277 4143 1934 4219">
    <p class='ocr_par' dir='ltr' id='par_1_86' title="bbox 277 4143 1934 4219">
     <span class='ocr_line' id='line_1_86' title="bbox 277 4143 1934 4219; baseline 0.001 -18"><span class='ocrx_word' id='word_1_604' title='bbox 277 4144 538 4218; x_wconf 85' lang='lat' dir='ltr'>populus</span> <span class='ocrx_word' id='word_1_605' title='bbox 561 4143 622 4198; x_wconf 94' lang='lat' dir='ltr'>in</span> <span class='ocrx_word' id='word_1_606' title='bbox 655 4150 870 4216; x_wconf 86' lang='lat' dir='ltr'>mente,</span> <span class='ocrx_word' id='word_1_607' title='bbox 904 4145 1001 4200; x_wconf 91' lang='lat' dir='ltr'>sed</span> <span class='ocrx_word' id='word_1_608' title='bbox 1036 4145 1210 4201; x_wconf 91' lang='lat' dir='ltr'>etiam</span> <span class='ocrx_word' id='word_1_609' title='bbox 1260 4147 1551 4218; x_wconf 89' lang='lat' dir='ltr'>compleat</span> <span class='ocrx_word' id='word_1_610' title='bbox 1581 4165 1770 4219; x_wconf 88' lang='lat' dir='ltr'>opere.</span> <span class='ocrx_word' id='word_1_611' title='bbox 1806 4148 1934 4202; x_wconf 89' lang='lat' dir='ltr'>Mox</span> 
     </span>
    </p>
   </div>
   <div class='ocr_carea' id='block_1_87' title="bbox 279 4234 1931 4307">
    <p class='ocr_par' dir='ltr' id='par_1_87' title="bbox 279 4234 1931 4307">
     <span class='ocr_line' id='line_1_87' title="bbox 279 4234 1931 4307; baseline 0.001 -18"><span class='ocrx_word' id='word_1_612' title='bbox 279 4234 344 4289; x_wconf 90' lang='lat' dir='ltr'>in</span> <span class='ocrx_word' id='word_1_613' title='bbox 374 4250 492 4305; x_wconf 93' lang='lat' dir='ltr'>quo</span> <span class='ocrx_word' id='word_1_614' title='bbox 524 4249 638 4288; x_wconf 90' lang='lat' dir='ltr'>non</span> <span class='ocrx_word' id='word_1_615' title='bbox 672 4234 791 4288; x_wconf 89' lang='lat' dir='ltr'>sint</span> <span class='ocrx_word' id='word_1_616' title='bbox 821 4234 1156 4290; x_wconf 87' lang='lat' dir='ltr'>attendendi</span> <span class='ocrx_word' id='word_1_617' title='bbox 1191 4235 1575 4307; x_wconf 75' lang='lat' dir='ltr'>subjungitzu</span> <span class='ocrx_word' id='word_1_618' title='bbox 1598 4237 1931 4292; x_wconf 87' lang='lat' dir='ltr'>Secundum</span> 
     </span>
    </p>
   </div>
   <div class='ocr_carea' id='block_1_88' title="bbox 281 4323 1934 4395">
    <p class='ocr_par' dir='ltr' id='par_1_88' title="bbox 281 4323 1934 4395">
     <span class='ocr_line' id='line_1_88' title="bbox 281 4323 1934 4395; baseline 0.001 -17"><span class='ocrx_word' id='word_1_619' title='bbox 281 4339 460 4394; x_wconf 84' lang='lat' dir='ltr'>opera</span> <span class='ocrx_word' id='word_1_620' title='bbox 491 4337 696 4377; x_wconf 89' lang='lat' dir='ltr'>eorum</span> <span class='ocrx_word' id='word_1_621' title='bbox 747 4323 925 4378; x_wconf 91' lang='lat' dir='ltr'>nolite</span> <span class='ocrx_word' id='word_1_622' title='bbox 958 4324 1144 4378; x_wconf 86' lang='lat' dir='ltr'>facere</span> <span class='ocrx_word' id='word_1_623' title='bbox 1178 4324 1359 4395; x_wconf 76' lang='lat' dir='ltr'>(Ibid.,</span> <span class='ocrx_word' id='word_1_624' title='bbox 1394 4325 1467 4394; x_wconf 85' lang='lat'>3).</span> <span class='ocrx_word' id='word_1_625' title='bbox 1499 4347 1525 4374; x_wconf 87' lang='grc'><strong>››</strong></span> <span class='ocrx_word' id='word_1_626' title='bbox 1587 4327 1772 4389; x_wconf 86' lang='lat' dir='ltr'>Quare</span> <span class='ocrx_word' id='word_1_627' title='bbox 1804 4325 1934 4391; x_wconf 92' lang='lat' dir='ltr'>hoc,</span> 
     </span>
    </p>
   </div>
   <div class='ocr_carea' id='block_1_89' title="bbox 283 4401 3701 4486">
    <p class='ocr_par' dir='ltr' id='par_1_89' title="bbox 283 4401 3701 4486">
     <span class='ocr_line' id='line_1_89' title="bbox 283 4401 3701 4486; baseline -0.004 -18"><span class='ocrx_word' id='word_1_628' title='bbox 283 4410 767 4468; x_wconf 85' lang='lat' dir='ltr'>Domine?Nonue</span> <span class='ocrx_word' id='word_1_629' title='bbox 800 4414 1123 4485; x_wconf 76' lang='lat' dir='ltr'>praecepisti</span> <span class='ocrx_word' id='word_1_630' title='bbox 1155 4414 1275 4469; x_wconf 87' lang='lat' dir='ltr'>tuis</span> <span class='ocrx_word' id='word_1_631' title='bbox 1307 4415 1506 4469; x_wconf 85' lang='lat' dir='ltr'>omnia</span> <span class='ocrx_word' id='word_1_632' title='bbox 1528 4432 1652 4486; x_wconf 79' lang='lat' dir='ltr'>quae</span> <span class='ocrx_word' id='word_1_633' title='bbox 1689 4415 1942 4470; x_wconf 84' lang='lat' dir='ltr'>dixerint</span> <span class='ocrx_word' id='word_1_634' title='bbox 2049 4418 2106 4468; x_wconf 90' lang='lat' dir='ltr'>et</span> <span class='ocrx_word' id='word_1_635' title='bbox 2136 4414 2192 4467; x_wconf 92' lang='lat' dir='ltr'>in</span> <span class='ocrx_word' id='word_1_636' title='bbox 2224 4413 2334 4468; x_wconf 86' lang='lat' dir='ltr'>hoc</span> <span class='ocrx_word' id='word_1_637' title='bbox 2363 4415 2610 4485; x_wconf 87' lang='lat' dir='ltr'>gaudeo,</span> <span class='ocrx_word' id='word_1_638' title='bbox 2658 4413 2758 4468; x_wconf 90' lang='lat' dir='ltr'>sed</span> <span class='ocrx_word' id='word_1_639' title='bbox 2791 4414 2847 4465; x_wconf 88' lang='lat' dir='ltr'>et</span> <span class='ocrx_word' id='word_1_640' title='bbox 2886 4409 3169 4483; x_wconf 85' lang='lat' dir='ltr'>gaudebo.</span> <span class='ocrx_word' id='word_1_641' title='bbox 3195 4406 3322 4462; x_wconf 92' lang='lat' dir='ltr'>Scio</span> <span class='ocrx_word' id='word_1_642' title='bbox 3371 4404 3526 4459; x_wconf 89' lang='lat' dir='ltr'>enim</span> <span class='ocrx_word' id='word_1_643' title='bbox 3558 4401 3701 4474; x_wconf 88' lang='lat' dir='ltr'>quia</span> 
     </span>
    </p>
   </div>
   <div class='ocr_carea' id='block_1_90' title="bbox 283 4492 3697 4574">
    <p class='ocr_par' dir='ltr' id='par_1_90' title="bbox 283 4492 3697 4574">
     <span class='ocr_line' id='line_1_90' title="bbox 283 4492 3697 4574; baseline -0.005 -13"><span class='ocrx_word' id='word_1_644' title='bbox 283 4517 517 4561; x_wconf 79' lang='lat' dir='ltr'>servare</span> <span class='ocrx_word' id='word_1_645' title='bbox 547 4507 606 4557; x_wconf 88' lang='lat' dir='ltr'>et</span> <span class='ocrx_word' id='word_1_646' title='bbox 661 4502 896 4558; x_wconf 81' lang='lat' dir='ltr'>facere?</span> <span class='ocrx_word' id='word_1_647' title='bbox 950 4504 1217 4574; x_wconf 86' lang='lat' dir='ltr'>Adjecit:</span> <span class='ocrx_word' id='word_1_648' title='bbox 1273 4504 1483 4559; x_wconf 91' lang='lat' dir='ltr'>Dicunt</span> <span class='ocrx_word' id='word_1_649' title='bbox 1530 4505 1686 4560; x_wconf 91' lang='lat' dir='ltr'>enim</span> <span class='ocrx_word' id='word_1_650' title='bbox 1742 4510 1939 4560; x_wconf 91' lang='lat' dir='ltr'>etnon</span> <span class='ocrx_word' id='word_1_651' title='bbox 2052 4503 2161 4557; x_wconf 90' lang='lat' dir='ltr'>hoc</span> <span class='ocrx_word' id='word_1_652' title='bbox 2194 4502 2338 4557; x_wconf 90' lang='lat' dir='ltr'>mihi</span> <span class='ocrx_word' id='word_1_653' title='bbox 2373 4503 2667 4574; x_wconf 87' lang='lat' dir='ltr'>proveniet</span> <span class='ocrx_word' id='word_1_654' title='bbox 2715 4502 2773 4554; x_wconf 92' lang='lat' dir='ltr'>in</span> <span class='ocrx_word' id='word_1_655' title='bbox 2823 4499 3072 4554; x_wconf 87' lang='lat' dir='ltr'>salutem</span> <span class='ocrx_word' id='word_1_656' title='bbox 3122 4497 3292 4568; x_wconf 77' lang='lat' dir='ltr'>(Phil.</span> <span class='ocrx_word' id='word_1_657' title='bbox 3337 4512 3376 4560; x_wconf 78' lang='grc' dir='ltr'>ι,</span> <span class='ocrx_word' id='word_1_658' title='bbox 3413 4493 3519 4562; x_wconf 85' lang='grc'>15).</span> <span class='ocrx_word' id='word_1_659' title='bbox 3557 4514 3584 4540; x_wconf 94' lang='grc'><strong>››</strong></span> <span class='ocrx_word' id='word_1_660' title='bbox 3615 4492 3697 4546; x_wconf 83' lang='lat' dir='ltr'>Ex</span> 
     </span>
    </p>
   </div>
   <div class='ocr_carea' id='block_1_91' title="bbox 287 4585 3701 4676">
    <p class='ocr_par' dir='ltr' id='par_1_91' title="bbox 287 4585 3701 4676">
     <span class='ocr_line' id='line_1_91' title="bbox 287 4585 3701 4676; baseline -0.004 -29"><span class='ocrx_word' id='word_1_661' title='bbox 287 4591 515 4647; x_wconf 83' lang='lat' dir='ltr'>faciunt</span> <span class='ocrx_word' id='word_1_662' title='bbox 539 4591 746 4663; x_wconf 54' lang='lat' dir='ltr'>(Ibat).</span> <span class='ocrx_word' id='word_1_663' title='bbox 784 4614 810 4640; x_wconf 84' lang='lat'><strong>»</strong></span> <span class='ocrx_word' id='word_1_664' title='bbox 841 4594 921 4647; x_wconf 91' lang='lat' dir='ltr'>Ac</span> <span class='ocrx_word' id='word_1_665' title='bbox 971 4591 1019 4648; x_wconf 91' lang='lat' dir='ltr'>si</span> <span class='ocrx_word' id='word_1_666' title='bbox 1069 4593 1288 4648; x_wconf 89' lang='lat' dir='ltr'>diceret</span> <span class='ocrx_word' id='word_1_667' title='bbox 1317 4612 1329 4648; x_wconf 99' lang='lat'>:</span> <span class='ocrx_word' id='word_1_668' title='bbox 1363 4593 1655 4649; x_wconf 87' lang='lat' dir='ltr'>Attendite</span> <span class='ocrx_word' id='word_1_669' title='bbox 1688 4593 1826 4666; x_wconf 90' lang='lat' dir='ltr'>quia</span> <span class='ocrx_word' id='word_1_670' title='bbox 1854 4594 1943 4648; x_wconf 90' lang='lat' dir='ltr'>di-</span> <span class='ocrx_word' id='word_1_671' title='bbox 1976 4610 2022 4676; x_wconf 84' lang='lat' dir='ltr'><strong>D</strong></span> <span class='ocrx_word' id='word_1_672' title='bbox 2054 4609 2169 4663; x_wconf 88' lang='lat' dir='ltr'>qua</span> <span class='ocrx_word' id='word_1_673' title='bbox 2191 4591 2469 4646; x_wconf 89' lang='lat' dir='ltr'>nimirum</span> <span class='ocrx_word' id='word_1_674' title='bbox 2484 4591 2630 4646; x_wconf 88' lang='lat' dir='ltr'>tanti</span> <span class='ocrx_word' id='word_1_675' title='bbox 2653 4588 2908 4646; x_wconf 89' lang='lat' dir='ltr'>doctoris</span> <span class='ocrx_word' id='word_1_676' title='bbox 2930 4585 3221 4676; x_wconf 79' lang='lat' dir='ltr'>sententia</span> <span class='ocrx_word' id='word_1_677' title='bbox 3243 4586 3528 4676; x_wconf 76' lang='lat' dir='ltr'>quantum</span> <span class='ocrx_word' id='word_1_678' title='bbox 3552 4596 3701 4676; x_wconf 82' lang='lat' dir='ltr'>mer-</span> 
     </span>
    </p>
   </div>
   <div class='ocr_carea' id='block_1_92' title="bbox 287 4669 3702 4754">
    <p class='ocr_par' dir='ltr' id='par_1_92' title="bbox 287 4669 3702 4754">
     <span class='ocr_line' id='line_1_92' title="bbox 287 4669 3702 4754; baseline -0.004 -17"><span class='ocrx_word' id='word_1_679' title='bbox 287 4683 451 4746; x_wconf 81' lang='lat' dir='ltr'>cunt,</span> <span class='ocrx_word' id='word_1_680' title='bbox 485 4683 542 4734; x_wconf 85' lang='lat' dir='ltr'>et</span> <span class='ocrx_word' id='word_1_681' title='bbox 575 4678 755 4736; x_wconf 91' lang='lat' dir='ltr'>nolite</span> <span class='ocrx_word' id='word_1_682' title='bbox 789 4681 1090 4736; x_wconf 87' lang='lat' dir='ltr'>attendere</span> <span class='ocrx_word' id='word_1_683' title='bbox 1116 4681 1255 4754; x_wconf 89' lang='lat' dir='ltr'>quia</span> <span class='ocrx_word' id='word_1_684' title='bbox 1287 4699 1402 4736; x_wconf 91' lang='lat' dir='ltr'>non</span> <span class='ocrx_word' id='word_1_685' title='bbox 1426 4681 1651 4738; x_wconf 88' lang='lat' dir='ltr'>faciunt</span> <span class='ocrx_word' id='word_1_686' title='bbox 1683 4684 1835 4754; x_wconf 91' lang='lat' dir='ltr'>quod</span> <span class='ocrx_word' id='word_1_687' title='bbox 1867 4683 1948 4738; x_wconf 91' lang='lat' dir='ltr'>di-</span> <span class='ocrx_word' id='word_1_688' title='bbox 1976 4669 2015 4676; x_wconf 69' lang='grc'><em>’</em></span> <span class='ocrx_word' id='word_1_689' title='bbox 2058 4680 2275 4736; x_wconf 85' lang='lat' dir='ltr'>eenarii</span> <span class='ocrx_word' id='word_1_690' title='bbox 2307 4680 2425 4735; x_wconf 90' lang='lat' dir='ltr'>sint</span> <span class='ocrx_word' id='word_1_691' title='bbox 2452 4677 2761 4734; x_wconf 89' lang='lat' dir='ltr'>necessarii</span> <span class='ocrx_word' id='word_1_692' title='bbox 2794 4677 3140 4732; x_wconf 89' lang='lat' dir='ltr'>edocemur:</span> <span class='ocrx_word' id='word_1_693' title='bbox 3177 4673 3246 4727; x_wconf 93' lang='lat' dir='ltr'>de</span> <span class='ocrx_word' id='word_1_694' title='bbox 3277 4671 3494 4743; x_wconf 90' lang='lat' dir='ltr'>quibus</span> <span class='ocrx_word' id='word_1_695' title='bbox 3525 4669 3702 4725; x_wconf 89' lang='lat' dir='ltr'>etiam</span> 
     </span>
    </p>
   </div>
   <div class='ocr_carea' id='block_1_93' title="bbox 285 4768 1946 4841">
    <p class='ocr_par' dir='ltr' id='par_1_93' title="bbox 285 4768 1946 4841">
     <span class='ocr_line' id='line_1_93' title="bbox 285 4768 1946 4841; baseline 0.001 -15"><span class='ocrx_word' id='word_1_696' title='bbox 285 4773 451 4826; x_wconf 82' lang='lat' dir='ltr'>cunt.</span> <span class='ocrx_word' id='word_1_697' title='bbox 501 4768 608 4823; x_wconf 89' lang='lat' dir='ltr'>Ubi</span> <span class='ocrx_word' id='word_1_698' title='bbox 660 4768 910 4824; x_wconf 86' lang='lat' dir='ltr'>breviter</span> <span class='ocrx_word' id='word_1_699' title='bbox 958 4771 1310 4841; x_wconf 67' lang='lat' dir='ltr'>praamonuit</span> <span class='ocrx_word' id='word_1_700' title='bbox 1367 4771 1693 4827; x_wconf 89' lang='lat' dir='ltr'>doctrinam</span> <span class='ocrx_word' id='word_1_701' title='bbox 1745 4772 1864 4827; x_wconf 89' lang='lat' dir='ltr'>oris</span> <span class='ocrx_word' id='word_1_702' title='bbox 1894 4776 1946 4827; x_wconf 91' lang='lat' dir='ltr'>et</span> 
     </span>
    </p>
   </div>
   <div class='ocr_carea' id='block_1_94' title="bbox 287 4855 1948 4930">
    <p class='ocr_par' dir='ltr' id='par_1_94' title="bbox 287 4855 1948 4930">
     <span class='ocr_line' id='line_1_94' title="bbox 287 4855 1948 4930; baseline 0.001 -16"><span class='ocrx_word' id='word_1_703' title='bbox 287 4855 690 4914; x_wconf 83' lang='lat' dir='ltr'>ministerium</span> <span class='ocrx_word' id='word_1_704' title='bbox 724 4873 925 4913; x_wconf 85' lang='lat' dir='ltr'>eorum</span> <span class='ocrx_word' id='word_1_705' title='bbox 951 4859 1156 4930; x_wconf 90' lang='lat' dir='ltr'>quoda</span> <span class='ocrx_word' id='word_1_706' title='bbox 1179 4859 1295 4915; x_wconf 91' lang='lat' dir='ltr'>Deo</span> <span class='ocrx_word' id='word_1_707' title='bbox 1328 4865 1678 4930; x_wconf 89' lang='lat' dir='ltr'>acceperunt</span> <span class='ocrx_word' id='word_1_708' title='bbox 1709 4861 1779 4916; x_wconf 90' lang='lat' dir='ltr'>ad</span> <span class='ocrx_word' id='word_1_709' title='bbox 1810 4860 1948 4915; x_wconf 88' lang='lat' dir='ltr'>alio-</span> 
     </span>
    </p>
   </div>
   <div class='ocr_carea' id='block_1_95' title="bbox 287 4945 1946 5020">
    <p class='ocr_par' dir='ltr' id='par_1_95' title="bbox 287 4945 1946 5020">
     <span class='ocr_line' id='line_1_95' title="bbox 287 4945 1946 5020; baseline 0.001 -17"><span class='ocrx_word' id='word_1_710' title='bbox 287 4963 428 5003; x_wconf 88' lang='lat' dir='ltr'>rum</span> <span class='ocrx_word' id='word_1_711' title='bbox 458 4945 710 5001; x_wconf 88' lang='lat' dir='ltr'>salutem</span> <span class='ocrx_word' id='word_1_712' title='bbox 737 4945 1147 5002; x_wconf 89' lang='lat' dir='ltr'>honorandum</span> <span class='ocrx_word' id='word_1_713' title='bbox 1181 4952 1236 5003; x_wconf 92' lang='lat' dir='ltr'>et</span> <span class='ocrx_word' id='word_1_714' title='bbox 1268 4947 1794 5020; x_wconf 89' lang='lat' dir='ltr'>suscipiendum,et</span> <span class='ocrx_word' id='word_1_715' title='bbox 1823 4966 1946 5004; x_wconf 83' lang='lat' dir='ltr'>car-</span> 
     </span>
    </p>
   </div>
   <div class='ocr_carea' id='block_1_96' title="bbox 286 5035 1949 5110">
    <p class='ocr_par' dir='ltr' id='par_1_96' title="bbox 286 5035 1949 5110">
     <span class='ocr_line' id='line_1_96' title="bbox 286 5035 1949 5110; baseline 0.001 -17"><span class='ocrx_word' id='word_1_716' title='bbox 286 5035 452 5093; x_wconf 85' lang='lat' dir='ltr'>nalia</span> <span class='ocrx_word' id='word_1_717' title='bbox 481 5051 684 5090; x_wconf 90' lang='lat' dir='ltr'>eorum</span> <span class='ocrx_word' id='word_1_718' title='bbox 715 5051 891 5107; x_wconf 92' lang='lat' dir='ltr'>opera</span> <span class='ocrx_word' id='word_1_719' title='bbox 920 5052 1045 5108; x_wconf 68' lang='lat' dir='ltr'>qua:</span> <span class='ocrx_word' id='word_1_720' title='bbox 1076 5053 1110 5092; x_wconf 90' lang='lat' dir='ltr'>a</span> <span class='ocrx_word' id='word_1_721' title='bbox 1141 5036 1400 5110; x_wconf 88' lang='lat' dir='ltr'>maligno</span> <span class='ocrx_word' id='word_1_722' title='bbox 1433 5037 1654 5093; x_wconf 88' lang='lat' dir='ltr'>habent</span> <span class='ocrx_word' id='word_1_723' title='bbox 1681 5039 1752 5093; x_wconf 90' lang='lat' dir='ltr'>ad</span> <span class='ocrx_word' id='word_1_724' title='bbox 1781 5056 1949 5094; x_wconf 90' lang='lat' dir='ltr'>suam</span> 
     </span>
    </p>
   </div>
   <div class='ocr_carea' id='block_1_97' title="bbox 283 5123 1954 5199">
    <p class='ocr_par' dir='ltr' id='par_1_97' title="bbox 283 5123 1954 5199">
     <span class='ocr_line' id='line_1_97' title="bbox 283 5123 1954 5199; baseline 0.002 -19"><span class='ocrx_word' id='word_1_725' title='bbox 283 5129 524 5180; x_wconf 84' lang='lat' dir='ltr'>tantum</span> <span class='ocrx_word' id='word_1_726' title='bbox 540 5123 927 5196; x_wconf 88' lang='lat' dir='ltr'>perditionem</span> <span class='ocrx_word' id='word_1_727' title='bbox 945 5125 1419 5182; x_wconf 88' lang='lat' dir='ltr'>cavendam.Sivc</span> <span class='ocrx_word' id='word_1_728' title='bbox 1438 5127 1762 5182; x_wconf 88' lang='lat' dir='ltr'>secundum</span> <span class='ocrx_word' id='word_1_729' title='bbox 1779 5143 1954 5199; x_wconf 89' lang='lat' dir='ltr'>opera</span> 
     </span>
    </p>
   </div>
   <div class='ocr_carea' id='block_1_98' title="bbox 286 5212 1957 5281">
    <p class='ocr_par' dir='ltr' id='par_1_98' title="bbox 286 5212 1957 5281">
     <span class='ocr_line' id='line_1_98' title="bbox 286 5212 1957 5281; baseline 0.001 -10"><span class='ocrx_word' id='word_1_730' title='bbox 286 5212 792 5271; x_wconf 88' lang='lat' dir='ltr'>mercenariorum</span> <span class='ocrx_word' id='word_1_731' title='bbox 813 5231 926 5269; x_wconf 93' lang='lat' dir='ltr'>non</span> <span class='ocrx_word' id='word_1_732' title='bbox 942 5215 1133 5270; x_wconf 90' lang='lat' dir='ltr'>sciant</span> <span class='ocrx_word' id='word_1_733' title='bbox 1151 5231 1385 5281; x_wconf 89' lang='lat' dir='ltr'>oves,ne</span> <span class='ocrx_word' id='word_1_734' title='bbox 1398 5214 1666 5280; x_wconf 90' lang='lat' dir='ltr'>,sicutilli</span> <span class='ocrx_word' id='word_1_735' title='bbox 1682 5216 1884 5271; x_wconf 90' lang='lat' dir='ltr'>dicunt</span> <span class='ocrx_word' id='word_1_736' title='bbox 1901 5221 1957 5272; x_wconf 90' lang='lat' dir='ltr'>et</span> 
     </span>
    </p>
   </div>
   <div class='ocr_carea' id='block_1_99' title="bbox 288 5301 1947 5374">
    <p class='ocr_par' dir='ltr' id='par_1_99' title="bbox 288 5301 1947 5374">
     <span class='ocr_line' id='line_1_99' title="bbox 288 5301 1947 5374; baseline -0.001 -14"><span class='ocrx_word' id='word_1_737' title='bbox 288 5319 414 5360; x_wconf 85' lang='lat' dir='ltr'>non</span> <span class='ocrx_word' id='word_1_738' title='bbox 447 5301 782 5370; x_wconf 81' lang='lat' dir='ltr'>faciunt,sic</span> <span class='ocrx_word' id='word_1_739' title='bbox 812 5304 1020 5374; x_wconf 63' lang='lat' dir='ltr'>etipsa</span> <span class='ocrx_word' id='word_1_740' title='bbox 1045 5304 1116 5358; x_wconf 90' lang='lat' dir='ltr'>ab</span> <span class='ocrx_word' id='word_1_741' title='bbox 1131 5303 1214 5359; x_wconf 89' lang='lat' dir='ltr'>eis</span> <span class='ocrx_word' id='word_1_742' title='bbox 1239 5304 1550 5360; x_wconf 89' lang='lat' dir='ltr'>audiantet</span> <span class='ocrx_word' id='word_1_743' title='bbox 1574 5322 1686 5360; x_wconf 89' lang='lat' dir='ltr'>non</span> <span class='ocrx_word' id='word_1_744' title='bbox 1713 5306 1947 5373; x_wconf 89' lang='lat' dir='ltr'>faciant,</span> 
     </span>
    </p>
   </div>
   <div class='ocr_carea' id='block_1_100' title="bbox 2061 4760 3708 4839">
    <p class='ocr_par' dir='ltr' id='par_1_100' title="bbox 2061 4760 3708 4839">
     <span class='ocr_line' id='line_1_100' title="bbox 2061 4760 3708 4839; baseline -0.005 -15"><span class='ocrx_word' id='word_1_745' title='bbox 2061 4785 2178 4824; x_wconf 92' lang='lat' dir='ltr'>non</span> <span class='ocrx_word' id='word_1_746' title='bbox 2211 4769 2439 4824; x_wconf 90' lang='lat' dir='ltr'>sincere</span> <span class='ocrx_word' id='word_1_747' title='bbox 2470 4765 2922 4839; x_wconf 71' lang='lat' dir='ltr'>prmdicantibus</span> <span class='ocrx_word' id='word_1_748' title='bbox 2952 4763 3248 4818; x_wconf 90' lang='lat' dir='ltr'>Christum</span> <span class='ocrx_word' id='word_1_749' title='bbox 3281 4762 3329 4817; x_wconf 89' lang='lat' dir='ltr'>si</span> <span class='ocrx_word' id='word_1_750' title='bbox 3362 4760 3608 4829; x_wconf 64' lang='lat' dir='ltr'>laetatur,</span> <span class='ocrx_word' id='word_1_751' title='bbox 3641 4762 3708 4815; x_wconf 89' lang='lat' dir='ltr'>ut</span> 
     </span>
    </p>
   </div>
   <div class='ocr_carea' id='block_1_101' title="bbox 2061 4850 3709 4924">
    <p class='ocr_par' dir='ltr' id='par_1_101' title="bbox 2061 4850 3709 4924">
     <span class='ocr_line' id='line_1_101' title="bbox 2061 4850 3709 4924; baseline -0.005 -11"><span class='ocrx_word' id='word_1_752' title='bbox 2061 4859 2181 4914; x_wconf 88' lang='lat' dir='ltr'>sive</span> <span class='ocrx_word' id='word_1_753' title='bbox 2217 4857 2458 4924; x_wconf 87' lang='lat' dir='ltr'>invidia,</span> <span class='ocrx_word' id='word_1_754' title='bbox 2491 4856 2609 4912; x_wconf 89' lang='lat' dir='ltr'>sive</span> <span class='ocrx_word' id='word_1_755' title='bbox 2641 4853 2942 4909; x_wconf 91' lang='lat' dir='ltr'>occasione</span> <span class='ocrx_word' id='word_1_756' title='bbox 2971 4851 3337 4924; x_wconf 61' lang='lat' dir='ltr'>praedicetur,</span> <span class='ocrx_word' id='word_1_757' title='bbox 3362 4867 3424 4906; x_wconf 89' lang='lat' dir='ltr'>se</span> <span class='ocrx_word' id='word_1_758' title='bbox 3456 4850 3709 4923; x_wconf 89' lang='lat' dir='ltr'>gaudere</span> 
     </span>
    </p>
   </div>
   <div class='ocr_carea' id='block_1_102' title="bbox 2059 4938 3709 5019">
    <p class='ocr_par' dir='ltr' id='par_1_102' title="bbox 2059 4938 3709 5019">
     <span class='ocr_line' id='line_1_102' title="bbox 2059 4938 3709 5019; baseline -0.005 -17"><span class='ocrx_word' id='word_1_759' title='bbox 2059 4951 2116 5002; x_wconf 91' lang='lat' dir='ltr'>et</span> <span class='ocrx_word' id='word_1_760' title='bbox 2146 4946 2491 5019; x_wconf 88' lang='lat' dir='ltr'>gavisurum</span> <span class='ocrx_word' id='word_1_761' title='bbox 2522 4947 2722 5000; x_wconf 89' lang='lat' dir='ltr'>tantus</span> <span class='ocrx_word' id='word_1_762' title='bbox 2750 4941 3060 5014; x_wconf 88' lang='lat' dir='ltr'>Apostolus</span> <span class='ocrx_word' id='word_1_763' title='bbox 3092 4944 3353 5008; x_wconf 88' lang='lat' dir='ltr'>testetur,</span> <span class='ocrx_word' id='word_1_764' title='bbox 3390 4938 3709 4994; x_wconf 91' lang='lat' dir='ltr'>dummodo</span> 
     </span>
    </p>
   </div>
   <div class='ocr_carea' id='block_1_103' title="bbox 2061 5029 3709 5102">
    <p class='ocr_par' dir='ltr' id='par_1_103' title="bbox 2061 5029 3709 5102">
     <span class='ocr_line' id='line_1_103' title="bbox 2061 5029 3709 5102; baseline -0.006 -12"><span class='ocrx_word' id='word_1_765' title='bbox 2061 5035 2332 5090; x_wconf 88' lang='lat' dir='ltr'>Christus</span> <span class='ocrx_word' id='word_1_766' title='bbox 2385 5033 2784 5090; x_wconf 89' lang='lat' dir='ltr'>annuntietur.</span> <span class='ocrx_word' id='word_1_767' title='bbox 2837 5033 2906 5086; x_wconf 88' lang='lat' dir='ltr'>Et</span> <span class='ocrx_word' id='word_1_768' title='bbox 2961 5029 3094 5102; x_wconf 88' lang='lat' dir='ltr'>quis</span> <span class='ocrx_word' id='word_1_769' title='bbox 3142 5030 3394 5102; x_wconf 88' lang='lat' dir='ltr'>ignorat,</span> <span class='ocrx_word' id='word_1_770' title='bbox 3420 5032 3709 5100; x_wconf 87' lang='lat' dir='ltr'>quantum</span> 
     </span>
    </p>
   </div>
   <div class='ocr_carea' id='block_1_104' title="bbox 2063 5116 3714 5190">
    <p class='ocr_par' dir='ltr' id='par_1_104' title="bbox 2063 5116 3714 5190">
     <span class='ocr_line' id='line_1_104' title="bbox 2063 5116 3714 5190; baseline -0.007 -11"><span class='ocrx_word' id='word_1_771' title='bbox 2063 5126 2285 5180; x_wconf 91' lang='lat' dir='ltr'>crimen</span> <span class='ocrx_word' id='word_1_772' title='bbox 2311 5123 2390 5179; x_wconf 92' lang='lat' dir='ltr'>sit</span> <span class='ocrx_word' id='word_1_773' title='bbox 2412 5121 2672 5178; x_wconf 86' lang='lat' dir='ltr'>invidia?</span> <span class='ocrx_word' id='word_1_774' title='bbox 2703 5123 2843 5176; x_wconf 85' lang='lat' dir='ltr'>Ecce</span> <span class='ocrx_word' id='word_1_775' title='bbox 2867 5120 2912 5176; x_wconf 90' lang='lat' dir='ltr'>si</span> <span class='ocrx_word' id='word_1_776' title='bbox 2936 5119 3026 5174; x_wconf 79' lang='lat' dir='ltr'>vel</span> <span class='ocrx_word' id='word_1_777' title='bbox 3057 5135 3159 5190; x_wconf 89' lang='lat' dir='ltr'>per</span> <span class='ocrx_word' id='word_1_778' title='bbox 3191 5118 3375 5190; x_wconf 85' lang='lat' dir='ltr'>ipsam</span> <span class='ocrx_word' id='word_1_779' title='bbox 3423 5116 3580 5171; x_wconf 87' lang='lat' dir='ltr'>velut</span> <span class='ocrx_word' id='word_1_780' title='bbox 3608 5130 3714 5186; x_wconf 90' lang='lat' dir='ltr'>per</span> 
     </span>
    </p>
   </div>
   <div class='ocr_carea' id='block_1_105' title="bbox 2067 5203 3711 5282">
    <p class='ocr_par' dir='ltr' id='par_1_105' title="bbox 2067 5203 3711 5282">
     <span class='ocr_line' id='line_1_105' title="bbox 2067 5203 3711 5282; baseline -0.008 -13"><span class='ocrx_word' id='word_1_781' title='bbox 2067 5213 2500 5269; x_wconf 86' lang='lat' dir='ltr'>contentionem</span> <span class='ocrx_word' id='word_1_782' title='bbox 2533 5215 2589 5266; x_wconf 89' lang='lat' dir='ltr'>et</span> <span class='ocrx_word' id='word_1_783' title='bbox 2637 5209 3071 5282; x_wconf 85' lang='lat' dir='ltr'>derogationem</span> <span class='ocrx_word' id='word_1_784' title='bbox 3116 5208 3405 5262; x_wconf 89' lang='lat' dir='ltr'>bonorum</span> <span class='ocrx_word' id='word_1_785' title='bbox 3445 5203 3711 5258; x_wconf 90' lang='lat' dir='ltr'>Christus</span> 
     </span>
    </p>
   </div>
   <div class='ocr_carea' id='block_1_106' title="bbox 2069 5293 3715 5374">
    <p class='ocr_par' dir='ltr' id='par_1_106' title="bbox 2069 5293 3715 5374">
     <span class='ocr_line' id='line_1_106' title="bbox 2069 5293 3715 5374; baseline -0.005 -18"><span class='ocrx_word' id='word_1_786' title='bbox 2069 5301 2439 5374; x_wconf 68' lang='lat' dir='ltr'>praedicatur,</span> <span class='ocrx_word' id='word_1_787' title='bbox 2473 5301 2688 5374; x_wconf 90' lang='lat' dir='ltr'>gaudet</span> <span class='ocrx_word' id='word_1_788' title='bbox 2718 5297 3045 5371; x_wconf 87' lang='lat' dir='ltr'>Apostolus.</span> <span class='ocrx_word' id='word_1_789' title='bbox 3081 5296 3308 5358; x_wconf 89' lang='lat' dir='ltr'>Quanta</span> <span class='ocrx_word' id='word_1_790' title='bbox 3352 5293 3559 5348; x_wconf 89' lang='lat' dir='ltr'>deinde</span> <span class='ocrx_word' id='word_1_791' title='bbox 3599 5293 3715 5348; x_wconf 88' lang='lat' dir='ltr'>im-</span> 
     </span>
    </p>
   </div>
   <div class='ocr_carea' id='block_1_107' title="bbox 289 5389 1958 5464">
    <p class='ocr_par' dir='ltr' id='par_1_107' title="bbox 289 5389 1958 5464">
     <span class='ocr_line' id='line_1_107' title="bbox 289 5389 1958 5464; baseline 0.002 -18"><span class='ocrx_word' id='word_1_792' title='bbox 289 5390 442 5464; x_wconf 84' lang='lat' dir='ltr'>quia</span> <span class='ocrx_word' id='word_1_793' title='bbox 469 5389 605 5446; x_wconf 91' lang='lat' dir='ltr'>illos</span> <span class='ocrx_word' id='word_1_794' title='bbox 637 5391 950 5447; x_wconf 83' lang='lat' dir='ltr'>attendunt</span> <span class='ocrx_word' id='word_1_795' title='bbox 980 5393 1171 5448; x_wconf 88' lang='lat' dir='ltr'>dicere</span> <span class='ocrx_word' id='word_1_796' title='bbox 1201 5398 1258 5448; x_wconf 92' lang='lat' dir='ltr'>et</span> <span class='ocrx_word' id='word_1_797' title='bbox 1292 5410 1405 5448; x_wconf 91' lang='lat' dir='ltr'>non</span> <span class='ocrx_word' id='word_1_798' title='bbox 1441 5393 1646 5449; x_wconf 83' lang='lat' dir='ltr'>facere.</span> <span class='ocrx_word' id='word_1_799' title='bbox 1699 5398 1958 5460; x_wconf 83' lang='lat' dir='ltr'>Quorum</span> 
     </span>
    </p>
   </div>
   <div class='ocr_carea' id='block_1_108' title="bbox 285 5479 1961 5553">
    <p class='ocr_par' dir='ltr' id='par_1_108' title="bbox 285 5479 1961 5553">
     <span class='ocr_line' id='line_1_108' title="bbox 285 5479 1961 5553; baseline -0.001 -14"><span class='ocrx_word' id='word_1_800' title='bbox 285 5479 946 5553; x_wconf 86' lang='lat' dir='ltr'>operaquaintentione</span> <span class='ocrx_word' id='word_1_801' title='bbox 967 5481 1130 5550; x_wconf 89' lang='lat' dir='ltr'>ﬁant,</span> <span class='ocrx_word' id='word_1_802' title='bbox 1160 5481 1450 5537; x_wconf 90' lang='lat' dir='ltr'>Dominus</span> <span class='ocrx_word' id='word_1_803' title='bbox 1501 5482 1840 5538; x_wconf 82' lang='lat' dir='ltr'>manifestat</span> <span class='ocrx_word' id='word_1_804' title='bbox 1867 5484 1961 5538; x_wconf 87' lang='lat' dir='ltr'>di-</span> 
     </span>
    </p>
   </div>
   <div class='ocr_carea' id='block_1_109' title="bbox 287 5569 1966 5642">
    <p class='ocr_par' dir='ltr' id='par_1_109' title="bbox 287 5569 1966 5642">
     <span class='ocr_line' id='line_1_109' title="bbox 287 5569 1966 5642; baseline -0.001 -15"><span class='ocrx_word' id='word_1_805' title='bbox 287 5569 680 5628; x_wconf 83' lang='lat' dir='ltr'>cens:0mnia</span> <span class='ocrx_word' id='word_1_806' title='bbox 694 5586 867 5642; x_wconf 87' lang='lat' dir='ltr'>opera</span> <span class='ocrx_word' id='word_1_807' title='bbox 881 5587 990 5628; x_wconf 89' lang='lat' dir='ltr'>sua</span> <span class='ocrx_word' id='word_1_808' title='bbox 1003 5571 1223 5626; x_wconf 87' lang='lat' dir='ltr'>faciunt</span> <span class='ocrx_word' id='word_1_809' title='bbox 1238 5575 1303 5625; x_wconf 90' lang='lat' dir='ltr'>ut</span> <span class='ocrx_word' id='word_1_810' title='bbox 1317 5571 1620 5627; x_wconf 86' lang='lat' dir='ltr'>videantur</span> <span class='ocrx_word' id='word_1_811' title='bbox 1632 5573 1703 5628; x_wconf 90' lang='lat' dir='ltr'>ab</span> <span class='ocrx_word' id='word_1_812' title='bbox 1718 5572 1966 5628; x_wconf 85' lang='lat' dir='ltr'>homini-</span> 
     </span>
    </p>
   </div>
   <div class='ocr_carea' id='block_1_110' title="bbox 283 5659 1967 5733">
    <p class='ocr_par' dir='ltr' id='par_1_110' title="bbox 283 5659 1967 5733">
     <span class='ocr_line' id='line_1_110' title="bbox 283 5659 1967 5733; baseline -0.001 -13"><span class='ocrx_word' id='word_1_813' title='bbox 283 5659 630 5733; x_wconf 65' lang='grc' dir='ltr'>Ῑιαεωαιιὴ.</span> <span class='ocrx_word' id='word_1_814' title='bbox 655 5677 818 5730; x_wconf 73' lang='lat' dir='ltr'>mn,</span> <span class='ocrx_word' id='word_1_815' title='bbox 840 5661 1080 5732; x_wconf 80' lang='lat' dir='ltr'>5).»Ubi</span> <span class='ocrx_word' id='word_1_816' title='bbox 1105 5661 1449 5718; x_wconf 85' lang='lat' dir='ltr'>summatim</span> <span class='ocrx_word' id='word_1_817' title='bbox 1463 5660 1724 5718; x_wconf 72' lang='lat' dir='ltr'>ostendit</span> <span class='ocrx_word' id='word_1_818' title='bbox 1754 5662 1834 5717; x_wconf 68' lang='lat' dir='ltr'>nn</span> <span class='ocrx_word' id='word_1_819' title='bbox 1869 5679 1967 5718; x_wconf 85' lang='lat' dir='ltr'>eos</span> 
     </span>
    </p>
   </div>
   <div class='ocr_carea' id='block_1_111' title="bbox 2071 5383 3717 5464">
    <p class='ocr_par' dir='ltr' id='par_1_111' title="bbox 2071 5383 3717 5464">
     <span class='ocr_line' id='line_1_111' title="bbox 2071 5383 3717 5464; baseline -0.006 -17"><span class='ocrx_word' id='word_1_820' title='bbox 2071 5391 2346 5464; x_wconf 87' lang='lat' dir='ltr'>perfectio</span> <span class='ocrx_word' id='word_1_821' title='bbox 2411 5391 2775 5446; x_wconf 87' lang='lat' dir='ltr'>occasionem</span> <span class='ocrx_word' id='word_1_822' title='bbox 2826 5384 3253 5459; x_wconf 69' lang='lat' dir='ltr'>praedicationis</span> <span class='ocrx_word' id='word_1_823' title='bbox 3304 5383 3556 5454; x_wconf 88' lang='lat' dir='ltr'>arripere</span> <span class='ocrx_word' id='word_1_824' title='bbox 3612 5398 3717 5453; x_wconf 92' lang='lat' dir='ltr'>pro</span> 
     </span>
    </p>
   </div>
   <div class='ocr_carea' id='block_1_112' title="bbox 2073 5471 3717 5551">
    <p class='ocr_par' dir='ltr' id='par_1_112' title="bbox 2073 5471 3717 5551">
     <span class='ocr_line' id='line_1_112' title="bbox 2073 5471 3717 5551; baseline -0.007 -15"><span class='ocrx_word' id='word_1_825' title='bbox 2073 5480 2258 5537; x_wconf 87' lang='lat' dir='ltr'>solius</span> <span class='ocrx_word' id='word_1_826' title='bbox 2289 5481 2548 5551; x_wconf 78' lang='lat' dir='ltr'>corporis</span> <span class='ocrx_word' id='word_1_827' title='bbox 2578 5479 2881 5533; x_wconf 86' lang='lat' dir='ltr'>commodo</span> <span class='ocrx_word' id='word_1_828' title='bbox 2901 5478 2926 5530; x_wconf 65' lang='grc' dir='ltr'><strong><em>Ὺ</em></strong></span> <span class='ocrx_word' id='word_1_829' title='bbox 2956 5476 3018 5529; x_wconf 77' lang='lat' dir='ltr'>Et</span> <span class='ocrx_word' id='word_1_830' title='bbox 3047 5479 3241 5529; x_wconf 89' lang='lat' dir='ltr'>tamen</span> <span class='ocrx_word' id='word_1_831' title='bbox 3274 5473 3491 5546; x_wconf 88' lang='lat' dir='ltr'>gaudet</span> <span class='ocrx_word' id='word_1_832' title='bbox 3509 5471 3717 5526; x_wconf 89' lang='lat' dir='ltr'>nihilo-</span> 
     </span>
    </p>
   </div>
   <div class='ocr_carea' id='block_1_113' title="bbox 2077 5561 3719 5641">
    <p class='ocr_par' dir='ltr' id='par_1_113' title="bbox 2077 5561 3719 5641">
     <span class='ocr_line' id='line_1_113' title="bbox 2077 5561 3719 5641; baseline -0.005 -17"><span class='ocrx_word' id='word_1_833' title='bbox 2077 5570 2273 5624; x_wconf 89' lang='lat' dir='ltr'>minus</span> <span class='ocrx_word' id='word_1_834' title='bbox 2303 5570 2374 5624; x_wconf 91' lang='lat' dir='ltr'>de</span> <span class='ocrx_word' id='word_1_835' title='bbox 2404 5569 2742 5641; x_wconf 72' lang='lat' dir='ltr'>huiusmodi</span> <span class='ocrx_word' id='word_1_836' title='bbox 2775 5564 3183 5638; x_wconf 61' lang='lat' dir='ltr'>praedicatione</span> <span class='ocrx_word' id='word_1_837' title='bbox 3214 5561 3548 5636; x_wconf 90' lang='lat' dir='ltr'>Apostolus.</span> <span class='ocrx_word' id='word_1_838' title='bbox 3573 5562 3719 5632; x_wconf 87' lang='lat' dir='ltr'>Ergo</span> 
     </span>
    </p>
   </div>
   <div class='ocr_carea' id='block_1_114' title="bbox 2080 5649 3722 5731">
    <p class='ocr_par' dir='ltr' id='par_1_114' title="bbox 2080 5649 3722 5731">
     <span class='ocr_line' id='line_1_114' title="bbox 2080 5649 3722 5731; baseline -0.005 -16"><span class='ocrx_word' id='word_1_839' title='bbox 2080 5674 2182 5715; x_wconf 89' lang='lat' dir='ltr'>nec</span> <span class='ocrx_word' id='word_1_840' title='bbox 2208 5664 2442 5731; x_wconf 77' lang='lat' dir='ltr'>propter</span> <span class='ocrx_word' id='word_1_841' title='bbox 2469 5660 2681 5714; x_wconf 88' lang='lat' dir='ltr'>bonam</span> <span class='ocrx_word' id='word_1_842' title='bbox 2714 5654 3185 5730; x_wconf 69' lang='lat' dir='ltr'>praedicationem</span> <span class='ocrx_word' id='word_1_843' title='bbox 3224 5658 3279 5710; x_wconf 93' lang='lat' dir='ltr'>et</span> <span class='ocrx_word' id='word_1_844' title='bbox 3327 5649 3722 5709; x_wconf 83' lang='lat' dir='ltr'>ministerium</span> 
     </span>
    </p>
   </div>
  </div>
