4106 6178
498 326 656 403 1203

1551 336 1965 406 HUMBERTI
2008 336 2075 402 S.
2122 336 2196 401 Β.
2242 334 2313 401 Ε.
2361 334 2850 403 GARDINALIS.

3682 339 3807 408 12M

497 471 880 529 assumantur
898 468 1055 528 mala
1082 488 1275 546 Opera,
1320 489 1423 529 nec
1470 477 1709 546 propter
1758 472 1913 529 mala
1964 488 2140 543 opera
2168 471 2223 539 Α
2252 471 2480 527 ﬁrmius
2512 471 2770 529 retineri.
2804 471 2870 528 Et
2889 471 3059 544 juxta
3085 468 3335 529 litteram
3356 468 3533 544 itaque
3550 488 3718 531 verum
3736 481 3806 533 est

496 564 949 618 contemnantur
1000 565 1214 618 sanctae
1261 562 1691 635 praedicationis
1738 566 1796 619 et
1834 560 2141 617 ministerii

497 649 671 706 bona.
713 650 877 706 Unde
898 668 1135 708 necesse
1162 652 1325 719 est,si
1343 656 1617 724 carpatur
1631 653 1890 724 pendens
1915 652 1985 707 de
2006 667 2143 724 sepe

497 739 702 796 botrus
729 740 888 812 vitis,
918 744 983 796 ut
1011 745 1282 797 caveatur
1309 742 1480 813 spina
1509 741 1685 813 scpis.

1066 848 1297 904 CAPUT
1328 848 1570 903 XXXIX.

496 935 573 991 De
600 934 770 991 malis
795 939 1030 992 scienter
1078 938 1159 991 vel
1206 940 1508 993 nescienter
1553 938 1836 1007 promotis,
1867 940 1916 991 et
1944 935 2009 990 de
2032 935 2137 989 mi-

779 1010 1006 1064 nisterio
1035 1024 1224 1064 eorum
1250 1011 1519 1065 sententia
1545 1008 1852 1064 Paschasiz‘.

568 1097 684 1153 Hos
714 1097 869 1154 enim
900 1100 966 1152 ut
1013 1096 1298 1155 Dominus
1347 1098 1405 1152 in
1441 1097 1695 1153 Ecclesia
1722 1113 1829 1153 sua
1859 1111 2047 1167 usque
2079 1094 2138 1149 in

497 1187 675 1242 ﬁnem
723 1186 919 1243 saeculi
971 1190 1324 1242 monstraret
1372 1187 1619 1253 futuros,
1670 1190 1726 1240 et
1777 1204 1808 1241 a
1839 1184 2139 1257 magistris

496 1274 759 1331 Ecclesia:
789 1274 1124 1346 aliquando,
1162 1280 1223 1329 ut
1252 1278 1354 1330 aut
1399 1278 1850 1346 promoveantur
1898 1277 1997 1329 aut
2030 1272 2137 1328 mi-

494 1363 763 1430 nistrent,
799 1363 1279 1429 dissimulandos,
1309 1364 1522 1419 Juciam
1567 1363 1913 1435 sacrilegum
1949 1362 2136 1417 furem

492 1467 829 1524 promovere
859 1451 1039 1506 voluit
1069 1453 1137 1507 ad
1172 1452 1419 1524 gradum
1452 1451 2136 1524 apostolicum,quamvis

494 1540 567 1596 ab
597 1540 761 1595 initio
809 1540 983 1596 sciret
1024 1541 1163 1613 quid
1212 1546 1365 1597 esset
1412 1541 1470 1596 in
1519 1541 1776 1597 homine.
1824 1542 1916 1596 Sic
1949 1540 2134 1597 sancti

494 1630 739 1703 apostoli
796 1647 830 1685 a
884 1634 969 1685 tot
1024 1629 1285 1686 millibus
1326 1634 1662 1685 sanctorum
1711 1630 2134 1686 coenobitarum

492 1717 741 1775 electum
763 1718 1320 1791 Nicolaum,Epicuri
1347 1720 1413 1776 de
1442 1736 1598 1792 grege
1624 1736 1869 1792 porcum,
1901 1735 2133 1790 promo-

491 1824 622 1864 vere
668 1809 739 1864 ad
790 1808 1161 1864 diaconatum
1208 1810 1532 1864 nescienter
1580 1813 1643 1863 ut
1677 1809 1759 1863 sic
1791 1807 2037 1863 dicatur.
2071 1809 2134 1862 In

494 1897 709 1971 quibus
740 1898 971 1955 duobus
991 1898 1287 1954 evidenter
1303 1888 1790 1971 praefigurabatur
1809 1897 1955 1953 alios
1977 1896 2135 1965 sciri,

494 1986 639 2043 alios
668 1988 904 2056 nesciri,
937 1988 1078 2043 dum
1110 1988 1171 2043 in
1222 1987 1479 2043 Ecclesia
1526 1990 1959 2065 promoventur,
1993 2002 2135 2059 quo-

491 2093 624 2132 rum
653 2080 850 2133 tamen
881 2077 1141 2132 officium
1168 2082 1269 2133 aut
1292 2094 1395 2149 pro
1415 2076 1621 2149 seipsis
1650 2076 2137 2149 approbatur,pro

492 2165 624 2221 aliis
654 2166 887 2222 interim
914 2165 1328 2230 toleratur.Qui
1351 2165 1634 2237 quidquid
1663 2165 1722 2220 in
1756 2165 2137 2221 sacramentis

493 2254 705 2310 divinis
720 2271 822 2326 pro
840 2254 1029 2309 officio
1044 2253 1154 2308 sibi
1169 2254 1384 2308 credito
1408 2253 1640 2308 interim
1657 2256 2135 2325 agunt,sanctum

491 2346 582 2398 est
602 2345 810 2407 totum,
845 2342 999 2396 sicut
1025 2341 1211 2397 Judas
1242 2346 1375 2397 ante
1427 2341 1776 2414 proditionis
1807 2340 2133 2397 conventio-

490 2446 646 2497 nem,
681 2433 737 2484 et
764 2428 1037 2484 Nicolaus
1067 2432 1199 2485 ante
1221 2446 1338 2485 suae
1360 2428 1772 2485 abominabilis
1794 2433 1962 2484 sectae
1977 2430 2135 2484 adin-

488 2519 840 2573 ventionem.
892 2517 1054 2583 Quod
1106 2517 1280 2573 etiam
1338 2535 1406 2573 ex
1461 2517 1658 2573 libello
1708 2517 2007 2573 Paschasii
2057 2522 2134 2573 De

489 2624 729 2680 corpore
756 2606 985 2662 Domini
1020 2606 1396 2679 approbatur,
1430 2606 1529 2662 ubi
1563 2608 1644 2661 sic
1674 2606 1925 2679 legitur:
1980 2607 2135 2661 Licet

489 2713 623 2752 rcus
653 2696 732 2752 sit
774 2696 1064 2763 sacerdos,
1114 2699 1249 2764 etc.,
1297 2713 1514 2751 munus
1563 2712 1680 2751 sua:
1709 2695 2021 2769 largitatis.
2058 2701 2133 2751 De

488 2802 607 2858 qua
635 2785 854 2859 praefati
882 2785 988 2840 viri
1021 2785 1409 2852 sententia,ne
1430 2786 1575 2840 forte
1606 2789 1933 2841 rcstruatur
1962 2784 2132 2841 nobis

487 2874 803 2943 calumnia,
831 2875 969 2946 quia
999 2875 1236 2929 ducitur
1262 2874 1429 2929 hicin
1460 2874 1574 2931 fine
1605 2890 1707 2946 per
1737 2872 2131 2929 ministerium

489 2963 940 3019 criminosorum
954 2963 1080 3018 dari
1103 2963 1396 3036 Scriptum
1419 2962 1988 3036 sanctum,quamvis
2018 2961 2131 3033 ipsi

489 3069 624 3110 eum
656 3069 771 3108 non
802 3051 1073 3121 habeant,
1107 3052 1262 3125 quod
1286 3052 1637 3125 interposuit
1656 3052 1715 3107 in
1734 3052 1922 3125 capite
1944 3055 2130 3106 atten-

493 3143 654 3211 dant,
704 3141 802 3196 ubi
853 3142 937 3196 sic
983 3133 1350 3214 hypothetice
1381 3142 1499 3196 ait:
1531 3140 1687 3197 Nihil
1720 3142 1919 3198 minus
1951 3140 2129 3197 habet

490 3232 600 3287 hoc
630 3230 975 3304 mysterium
1007 3248 1040 3285 a
1072 3231 1276 3302 quovis
1305 3230 1565 3303 indigno,
1599 3230 1646 3285 si
1678 3234 1875 3287 tamen
1910 3233 2137 3303 aposto-

484 3320 607 3376 licae
636 3320 978 3392 propaginis
997 3319 1362 3374 institutione
1380 3320 1735 3375 consecratio
1756 3320 2125 3387 exhibeatur;

487 3409 626 3481 quia
655 3426 768 3463 non
803 3424 870 3462 ex
900 3425 986 3473 eo,
1020 3409 1118 3463 sed
1143 3425 1211 3463 ex
1234 3409 1362 3479 ejus
1384 3407 1620 3463 ofﬁcioa
1646 3426 1878 3464 summo
1902 3409 2130 3481 pontifi-

483 3512 548 3553 ce
578 3497 766 3569 gratia
794 3512 971 3567 quam
1004 3496 1129 3567 ipsa
1160 3497 1385 3551 Veritas
1425 3496 1777 3568 repromisit,
1827 3496 2122 3569 impletur.

483 3585 953 3657 Undeliqueteos
971 3584 1183 3640 habere
1196 3584 1480 3655 Spiritum
1502 3589 1770 3639 sanctum
1795 3585 2122 3642 ministerio

479 3676 636 3748 quod
675 3674 1003 3748 apostolicae
1046 3673 1383 3748 propaginis
1435 3674 1798 3730 institutione
1827 3690 2119 3747 accepere,

478 3781 583 3822 nec
613 3769 808 3821 tamen
839 3763 950 3820 sibi
980 3763 1125 3837 ipsis
1155 3763 1624 3819 haberc.Habent
1651 3763 1807 3819 enim
1838 3763 1908 3818 ad
1941 3764 2120 3818 mini-

475 3855 785 3911 strandum
818 3852 950 3908 aliis
979 3854 1151 3920 bona,
1185 3869 1288 3909 nec
1338 3852 1557 3907 habent
1602 3853 1674 3907 ad
1707 3852 2119 3909 declinandum

476 3942 587 3998 sibi
621 3942 794 3997 mala.
830 3942 1053 3997 [labent
1083 3942 1290 3997 deinde
1322 3942 1393 3997 ad
1426 3942 1571 3996 bene
1603 3942 1979 4010 credendum,
2015 3961 2117 3999 nec

474 4030 691 4086 habent
719 4030 790 4085 ad
822 4030 968 4085 bene
997 4030 1332 4099 vivendum,
1382 4030 1534 4086 sicut
1582 4031 1855 4102 superius
1889 4036 2119 4088 constat

473 4118 705 4174 abunde
736 4121 1150 4187 monstratum,
1182 4124 1239 4174 et
1266 4120 1422 4191 quod
1460 4119 1856 4175 ministerium
1887 4121 2116 4177 hazreti-

471 4222 669 4262 corum
699 4223 815 4263 non
846 4206 923 4261 sit
951 4205 1185 4275 Christi,
1240 4225 1426 4279 neque
1473 4208 1629 4262 enim
1680 4214 1979 4281 acceptum
2027 4215 2116 4266 est

471 4294 838 4351 institutione
867 4295 1195 4369 apostolica:
1226 4297 1588 4369 prapaginis.

1099 4384 1328 4440 CAPUT
1364 4385 1454 4440 XL
1466 4427 1477 4439 .

554 4475 630 4529 De
648 4474 873 4545 furibus
902 4474 1244 4542 Simoniacis,
1280 4478 1331 4529 et
1360 4473 1596 4547 qualiter
1624 4476 1764 4529 ovile
1792 4477 2017 4531 intrent.

2250 561 2623 633 proverbium
2682 560 2973 630 Veritatis,
3026 565 3083 616 et
3129 559 3497 617 nihilominus
3536 579 3705 620 verum
3742 570 3810 623 est

2242 651 2413 722 juxta
2442 650 2826 707 intentionem
2876 650 3145 705 dicentis.
3199 651 3371 706 Fures
3401 650 3660 722 siquidem
3684 659 3730 708 et
3746 652 3807 710 ln-

2250 743 2447 796 trones
2478 740 2632 812 apud
2664 739 2933 815 homines
2966 743 3107 796 sunt
3132 739 3232 812 qui
3263 755 3375 795 non
3403 740 3602 796 intrant
3627 740 3676 796 in
3700 741 3809 799 ovile

2250 845 2353 900 per
2376 829 2593 885 ostium
2626 829 2726 884 sed
2759 827 2995 884 aliunde
3027 828 3382 896 ascendunt;
3413 832 3466 885 et
3500 828 3809 889 nihilominus

2250 918 2407 973 fures
2438 923 2493 973 et
2521 917 2778 973 latrones
2809 923 2948 973 sunt
2979 917 3132 989 apud
3174 916 3356 973 Deum
3396 917 3490 989 qui
3517 933 3620 974 non
3643 917 3812 976 intrant

2249 1005 2307 1062 in
2342 1006 2658 1062 Ecclesiam
2690 1023 2793 1078 per
2822 1006 3140 1073 Christum,
3173 1004 3274 1078 qui
3302 1005 3552 1074 est,sicut
3578 1008 3809 1079 praedicat,

2250 1094 2515 1150 Ecclesiae
2546 1094 2786 1161 ostium,
2815 1096 2919 1150 sed
2950 1094 3187 1150 aliunde
3218 1094 3544 1150 ascendunt.
3574 1094 3633 1150 lli
3659 1095 3813 1167 procul

2250 1184 2427 1239 dubio
2460 1187 2600 1240 sunt
2625 1200 2829 1240 omnes
2860 1183 3137 1252 haeretici,
3168 1183 3352 1239 Judaei
3398 1186 3452 1239 et
3479 1184 3683 1256 pagani.
3726 1184 3809 1256 ipsi

2247 1273 2402 1327 enim
2422 1273 2640 1345 pariter
2658 1291 2771 1329 non
2789 1273 3013 1329 intrant
3034 1271 3092 1327 in
3123 1270 3433 1328 Ecclesiam
3452 1288 3547 1344 per
3560 1271 3810 1338 Christum,

2248 1378 2422 1434 quem
2456 1366 2669 1435 negant
2698 1362 2758 1417 in
2787 1359 3564 1432 carnevenisse.Siquaritur
3582 1360 3809 1433 quomodo

2246 1466 2450 1507 omnes
2480 1451 2732 1507 haeretici
2765 1455 2979 1524 negent
3011 1450 3311 1506 Christum
3341 1449 3397 1504 in
3427 1466 3586 1505 carne
3616 1448 3809 1518 venisse,

2246 1555 2421 1610 quem
2456 1539 2722 1596 nonnulli
2753 1557 2957 1597 eorum
2982 1539 3339 1596 confitentur
3364 1537 3421 1592 in
3452 1538 3809 1603 carnevenisse,

2244 1629 2534 1685 sententia
2563 1629 2751 1686 sancti
2779 1628 3093 1702 Augustini
3125 1628 3182 1683 in
3215 1627 3384 1683 tertio
3413 1626 3579 1698 hujus
3605 1624 3810 1699 opusculi

2243 1715 2391 1772 libro
2424 1717 2717 1790 relegatur
2748 1717 2905 1774 inde.
2928 1718 3095 1773 Nunc
3110 1716 3377 1773 videatur
3392 1716 3655 1788 quomodo
3668 1731 3813 1772 ascen-

2244 1806 2394 1861 dunt
2438 1805 2695 1862 aliunde.
2748 1805 3038 1862 Nimirum
3081 1804 3321 1860 aliunde
3364 1802 3809 1871 ascendunt,verbi

2244 1893 2434 1967 gratia
2461 1895 2681 1961 Ariani,
2697 1896 2798 1967 qui
2831 1896 2915 1950 sic
2929 1910 3316 1968 personarum
3334 1892 3631 1949 trinitatem
3649 1893 3807 1948 discer-

2246 1987 2413 2050 nunt,
2449 1987 2512 2040 ut
2542 1984 2886 2040 substantia:
2918 2000 3151 2057 quoque
3183 1983 3391 2039 divine
3433 1982 3680 2038 unitatem
3701 1980 3804 2036 divi-

2245 2073 2406 2128 dant.
2440 2072 2688 2129 Aliunde
2719 2071 3062 2141 Sahelliani,
3096 2073 3196 2144 qui
3228 2073 3316 2129 sic
3348 2072 3614 2128 unitatem
3654 2069 3807 2126 divina

2244 2161 2585 2218 substantia:
2617 2163 2956 2235 praedicant,
2982 2165 3045 2217 ut
3076 2161 3401 2218 trinitatem
3435 2177 3643 2234 quoque
3666 2174 3811 2232 perso-

2245 2267 2453 2306 narum
2488 2251 2871 2307 confundant.
2903 2250 3166 2323 Longum
3198 2254 3314 2320 est,
3361 2254 3416 2306 et
3461 2266 3623 2323 supra
3647 2246 3813 2321 ingenii

2244 2338 2428 2396 nostri
2460 2338 2979 2412 vires,singu1atim
3006 2338 3373 2412 reliquarum
3387 2339 3651 2394 haamseon
3669 2339 3812 2409 pestes

2243 2428 3161 2501 revolvere.Unde,praetermissis
3187 2426 3346 2497 aliis,
3369 2424 3681 2493 Simoniani,
3705 2438 3813 2496 quos

2243 2522 2440 2573 noster
2468 2517 2643 2591 pugio
2673 2516 2988 2590 specialius
3020 2517 3281 2590 impetit,
3324 2516 3596 2591 quomodo
3635 2512 3813 2569 aliunde

2242 2606 2559 2662 ascendant
2585 2611 3004 2663 monstremus.
3025 2606 3324 2663 Nimirum
3348 2611 3403 2662 et
3422 2605 3813 2678 ipsi,contempto

2240 2695 2388 2751 ostio
2410 2695 2636 2752 Christo
2657 2700 2715 2752 et
2735 2696 2969 2752 ostiario
2984 2695 3172 2769 ipsius
3192 2696 3418 2771 Spiritu
3438 2698 3619 2752 sancto
3635 2690 3816 2748 aliunde

2244 2785 2592 2853 ascendunt,
2634 2786 2777 2841 dum
2824 2803 2931 2842 sua
2980 2786 3257 2858 pecunia,
3284 2785 3437 2842 velut
3479 2782 3635 2840 scalis
3656 2785 3704 2837 et
3725 2796 3814 2835 ma-

2241 2872 2451 2942 chinis,
2511 2874 2888 2931 Dominicum
2944 2875 3259 2948 parietem,
3295 2875 3615 2931 unanimem
3647 2869 3814 2927 scilicet

2240 2960 2440 3034 populi
2472 2962 2573 3019 Dei
2606 2979 2960 3019 consensum
3003 2967 3063 3019 et
3115 2962 3470 3020 soliditatem
3498 2954 3809 3034 expugnaturi

2240 3050 2607 3117 adoriuntur,
2641 3055 2698 3108 et
2726 3068 2862 3107 eum
2892 3056 2996 3107 aut
3052 3053 3339 3125 reptando
3384 3049 3706 3113 transiliunt,
3740 3047 3811 3101 aut

2239 3139 2564 3212 subigendo
2595 3140 2680 3196 vel
2711 3145 2864 3196 certe
2888 3140 3272 3214 impingendo
3306 3143 3637 3214 irrumpunt.
3664 3137 3811 3207 Neque

2164 3213 2208 3282 C
2240 3228 2397 3285 enim
2429 3228 2615 3301 legem
2648 3229 2783 3285 ostii
2806 3213 3054 3286 dicentis
3079 3245 3138 3286 :«
3159 3230 3357 3287 Gratis
3386 3213 3810 3302 accipistis,grstis

2240 3317 2371 3373 date
2401 3319 2607 3390 (Matth.
2639 3336 2694 3385 x,
2726 3319 2800 3391 8),
2838 3340 2866 3368 »
2898 3324 3256 3388 reverentur,
3300 3336 3404 3375 nec
3452 3314 3806 3389 beueplacitum

2237 3406 2459 3462 ostiarii
2489 3406 2922 3479 praestolamur,
2955 3408 3053 3463 sed
3089 3408 3374 3482 praecipiti
3404 3406 3669 3482 prioratus
3692 3399 3809 3473 cupi-

2235 3495 2371 3551 dine
2402 3497 2531 3565 acti,
2565 3496 2788 3569 pariete
2822 3501 3157 3553 transcenso
3190 3498 3280 3553 vel
3312 3498 3553 3553 suffosso
3579 3497 3667 3549 aut
3683 3492 3808 3561 rupto

2233 3601 2365 3640 oves
2398 3584 2638 3657 pessimi
2666 3585 2864 3642 furum
2894 3590 2951 3642 et
2979 3584 3282 3642 latronum
3314 3586 3603 3642 invadunt.
3631 3581 3687 3638 Et
3709 3576 3803 3651 qui-

2232 3674 2361 3729 dem
2396 3674 2833 3730 transcenditur
2864 3676 2933 3731 ab
2989 3673 3106 3731 illis
3156 3675 3354 3748 paries
3384 3673 3544 3731 ovilis
3582 3672 3686 3736 Dei,
3708 3680 3807 3724 cum

2231 3762 2611 3819 szecularihus
2642 3763 3033 3836 potestatibus
3065 3763 3259 3832 abusi,
3313 3762 3613 3838 prevalent
3638 3763 3807 3828 tempo-
3901 3834 3907 3843 ι

2230 3850 2431 3908 raliter
2460 3851 2666 3908 ovibus
2692 3852 2983 3909 dominari
3010 3871 3022 3921 ;
3057 3853 3382 3910 suffoditur
3409 3856 3612 3918 autem,
3638 3846 3718 3903 ubi
3742 3858 3807 3899 ec-

2228 3940 2585 3997 clesiasticas
2634 3958 2915 4015 personas
2959 3942 3353 3998 fundamento
3401 3939 3644 3998 Ecclesia:
3668 3932 3805 3991 coha-

2228 4035 2420 4087 r'entes
2432 4030 2671 4086 extrahu
2682 4036 2745 4085 nt
2758 4036 2814 4086 et
2845 4030 2958 4087 sibi
2983 4030 3311 4087 attrahunt.
3322 4030 3618 4103 Rumpitur
3633 4021 3809 4087 deinde,

2226 4119 2325 4174 ubi
2360 4120 2679 4175 mediocres
2709 4124 2768 4175 et
2797 4118 2979 4175 laicas
3003 4136 3285 4192 personas
3308 4138 3342 4175 a
3371 4118 3631 4176 charitate
3645 4106 3808 4170 Christi

2223 4207 2539 4263 dissociant
2566 4213 2622 4263 et
2651 4207 2762 4263 sibi
2811 4208 3171 4266 consociant.
3228 4216 3271 4265 A
3325 4209 3534 4283 quibus
3561 4209 3612 4262 et
3639 4203 3806 4258 tectum

2223 4295 2532 4366 scinditur,
2564 4298 2661 4353 ubi
2696 4297 3041 4370 praepositos
3093 4298 3364 4355 Ecclesiae
3407 4294 3705 4369 integritate
3740 4282 3806 4342 sui

2222 4384 2398 4440 officii
2432 4385 2881 4458 depopulantur.
2918 4387 3047 4443 Sive
3071 4404 3207 4461 ergo
3240 4383 3653 4461 reptando,sive
3677 4374 3810 4436 sntio-

2221 4473 2455 4541 diendo,
2488 4476 2607 4530 sive
2669 4474 3049 4547 irrumpendo
3105 4474 3165 4530 in
3228 4475 3382 4531 ovile
3436 4473 3660 4540 irruant,
3688 4464 3807 4539 ρθῑεε

536 4562 681 4617 Hinc
714 4563 853 4636 quia
879 4562 1100 4618 dictum
1134 4566 1221 4619 est
1249 4564 1320 4618 de
1345 4564 1717 4619 mercenariis
1748 4563 1899 4619 intra
1919 4564 2110 4621 Eccle-
2137 4582 2187 4649 Β
2220 4565 2475 4636 profecto
2507 4564 2647 4635 quia
2678 4563 2915 4620 aliunde
2939 4580 3117 4637 quam
3148 4581 3253 4637 per
3282 4565 3497 4621 ostium
3523 4553 3805 4649 ascendunt.

466 4650 636 4717 siam,
671 4652 897 4707 dicatur
925 4656 981 4707 et
1010 4652 1080 4707 de
1123 4651 1352 4707 furibus
1398 4656 1559 4707 extra
1591 4651 1923 4707 Ecclesiam.
1957 4653 2107 4718 Quo-

463 4757 594 4795 rum
624 4740 733 4795 hoc
762 4745 851 4795 est
880 4743 1203 4796 maximum
1232 4745 1287 4796 et
1309 4741 1563 4813 primum
1612 4740 1919 4807 indicium,
1953 4743 2107 4814 quod

463 4844 578 4883 non
610 4827 832 4883 intrant
862 4845 963 4900 per
994 4830 1230 4894 ostium,
1258 4831 1356 4885 sed
1386 4829 1619 4885 aliunde
1651 4831 2107 4887 ascenduntPro

471 4933 589 4989 qua
618 4916 1361 4990 ntiquetransgressionect
1380 4919 1836 4992 praesumptione
1864 4921 2029 4976 fures
2056 4925 2112 4976 et

456 5004 714 5060 latrones
743 5021 776 5059 a
795 5004 1040 5062 Domino
1063 5007 1145 5062 sic
1167 5008 1709 5079 pronuntiantur,ut
1739 5009 2106 5080 prazmissum

458 5093 633 5149 etiam
656 5094 1060 5166 juramentum
1089 5096 1161 5151 ob
1196 5097 1301 5151 hoc
1331 5095 1592 5169 legatur:
1631 5120 1651 5147 (ι
1686 5098 1896 5166 Amen,
1930 5115 2102 5154 amen

456 5183 583 5239 dico
609 5183 792 5251 vobis,
828 5184 923 5257 qui
946 5184 1370 5257 nonintratper
1390 5187 1607 5241 ostium
1631 5188 1687 5241 in
1712 5186 1857 5242 ovile
1879 5186 2103 5254 ovium,

456 5272 555 5326 sed
588 5273 852 5328 ascendit
900 5272 1157 5341 aliunde,
1209 5273 1304 5329 illo
1351 5275 1446 5329 fur
1492 5268 1580 5331 est
1628 5275 1774 5331 latro
1799 5277 2001 5345 (Joan.,
2044 5291 2101 5345 x,

457 5360 528 5429 1).
560 5380 587 5407 ι·
625 5362 785 5424 Quod
817 5361 863 5415 si
915 5366 969 5415 et
1000 5363 1222 5435 absque
1268 5364 1604 5434 juramento
1650 5363 1910 5432 dixisset,
1968 5365 2101 5436 quis

452 5445 565 5502 nisi
596 5449 843 5505 mendax
873 5455 929 5505 ct
962 5452 1354 5507 Autichristus
1387 5453 1496 5525 ipsi
1522 5451 1763 5506 Veritati
1786 5456 1842 5507 et
1870 5453 2100 5511 Christo

449 5535 712 5606 loquenti
748 5553 861 5591 non
895 5539 1201 5595 crederet?
1233 5540 1343 5596 Sed
1368 5540 1852 5610 cumjuramento
1885 5542 2098 5600 idcirco

448 5623 671 5681 curavit
700 5625 977 5696 proﬁteri,
1011 5629 1164 5699 quod
1214 5628 1442 5684 volebat
1473 5626 1801 5687 solliicitius
1822 5632 2009 5687 audiri
2040 5638 2095 5690 et

2218 4651 2481 4725 Denique
2502 4657 2604 4708 aut
2627 4652 2939 4708 saeculares
2964 4656 3284 4725 potestates
3306 4654 3488 4726 pretio
3508 4642 3800 4722 expugnant:

2219 4744 2320 4797 aut
2347 4741 2640 4797 inferioris
2689 4741 2915 4797 ordinis
2966 4741 3396 4800 ecclesiasticas
3440 4730 3806 4815 personati.aut

2222 4847 2423 4887 earum
2472 4831 2837 4903 przepositos,
2886 4836 2989 4887 aut
3038 4836 3192 4888 certe
3241 4830 3544 4889 mediocris
3587 4817 3801 4899 potentia:

2218 4919 2418 4976 laicos.
2452 4920 2775 4976 Minoribus
2807 4920 2963 4975 enim
2987 4919 3220 4992 populis
3240 4918 3399 4976 velut
3429 4908 3804 4974 invalidiorihus

2217 5006 2421 5065 ovibus
2450 5010 2521 5063 ad
2555 5007 2988 5064 munimentum
3011 5009 3105 5064 sui
3135 5011 3510 5081 opponuntur
3535 5005 3571 5059 ii
3600 5002 3802 5074 quatuor

2216 5097 2469 5165 ordines,
2486 5101 2552 5152 ut
2581 5096 2889 5153 saeculares
2910 5096 3126 5154 sinteis
3150 5114 3357 5153 murus
3374 5098 3565 5152 contra
3581 5091 3801 5145 incursus

2214 5185 2495 5253 visibiles,
2527 5190 2583 5241 et
2613 5185 2993 5242 ecclesiastici
3032 5191 3252 5243 tectum
3283 5189 3485 5242 contra
3511 5171 3797 5237 invisibiles.

2213 5277 2450 5332 Constat
2463 5290 2598 5347 ergo
2617 5274 2992 5331 Simonianos
3009 5274 3357 5344 latrones,ut
3371 5268 3798 5347 pravaleantovel

2213 5369 2468 5419 mactare
2501 5368 2556 5420 et
2596 5364 2857 5435 perdere,
2890 5364 3244 5420 intrinsecus
3276 5362 3589 5420 obtinuiae
3614 5369 3702 5427 per
3724 5360 3798 5403 ⁸0³

2214 5454 2313 5526 qui
2346 5454 2680 5509 defensores
2702 5452 2954 5508 adhibiti
2987 5459 3125 5509 sunt
3153 5454 3526 5510 extrinsecus.
3556 5441 3695 5502 Unde
3718 5446 3796 5526 περ

2209 5524 2321 5617 ipsi
2354 5543 2479 5597 sine
2511 5541 2732 5599 ultione
2756 5544 3029 5612 evadunt,
3088 5543 3205 5609 ubi,
3258 5541 3414 5598 velut
3451 5533 3694 5594 imbrices
3718 5524 3795 5580 aut

2206 5632 2430 5705 lapides
2461 5631 2709 5686 aedificio
2741 5630 3043 5701 subtracti,
3077 5633 3202 5704 jam
3231 5647 3408 5703 super
3437 5624 3626 5683 faciem
3662 5621 3789 5672 ιειτω
