4086 6180
235 418 394 486 teos
466 506 469 513 λ

824 419 1240 491 ADVERSUS
1286 420 1754 489 SIMONIACOS
1799 419 2010 487 LIBRI
2052 422 2275 489 TRES.
2307 457 2383 473 -
2412 425 2645 490 LIBER
2687 424 3048 494 TERTIUS.

3483 416 3640 491 1206

231 554 480 631 neglecti
511 558 570 613 et
614 552 853 614 inutiles
875 558 1075 630 jacent
1103 560 1265 614 extra
1302 557 1515 614 Christi
1543 557 1876 613 mdiﬁcium.
1908 556 1965 624 Α
1993 558 2220 627 obesse,
2252 560 2353 615 sed
2384 558 2559 616 etiam
2605 561 2904 632 prodesse,
2962 557 3209 618 Domino
3263 556 3639 630 reclamante,

226 647 339 704 Sed
370 649 427 703 et
449 644 562 719 ipsi
592 644 844 719 parietes
881 650 938 703 et
984 649 1202 703 tectum
1252 647 1577 720 perniciose
1606 646 1877 702 videntur

226 740 403 804 stare,
436 738 538 791 aut
567 751 895 807 superesse,
937 736 1137 809 fugato
1192 736 1330 792 inde
1383 736 1642 804 ostiario,
1693 739 1750 792 et
1778 752 1874 791 ex-

222 824 454 883 stinctis
485 824 709 893 ovibus,
743 841 871 897 quae
893 824 1313 897 relinquuntur
1342 824 1650 881 solitudini
1674 832 1730 881 et
1761 825 1876 880 rui-

222 932 335 983 nae,
375 912 579 970 bestiis
610 930 846 987 quoque
876 919 934 970 et
971 914 1298 970 immundis
1328 915 1552 971 avibus.

844 1022 1075 1078 CAPUT
1113 1021 1253 1077 XLI.

222 1111 474 1181 aniliter
501 1108 817 1164 Simoniani
844 1110 1130 1164 imitentur
1155 1110 1348 1166 saeculi
1384 1109 1623 1178 lures,et
1651 1123 1777 1180 quae
1804 1110 1877 1163 sit

500 1196 689 1236 eorum
718 1196 841 1246 vox,
866 1197 1029 1252 quam
1058 1197 1174 1236 non
1204 1181 1440 1236 audiunt
1468 1197 1609 1236 oves.

293 1271 442 1327 Hinc
472 1269 873 1324 consideretur
903 1285 1081 1340 quam
1113 1269 1365 1324 maxime
1389 1272 1671 1341 congruat
1700 1268 1874 1324 latro-

221 1360 378 1417 cinio
409 1357 885 1414 Simoniauorum
917 1358 1072 1429 quod
1121 1357 1267 1413 solet
1299 1357 1421 1413 ﬁeri
1455 1374 1876 1429 nonnunquam

221 1467 258 1506 a
288 1446 486 1505 saeculi
517 1445 867 1502 latronibus.
885 1444 1412 1518 Nempe,violenter
1435 1445 1581 1502 ovile
1602 1446 1875 1518 ingressi,

221 1538 389 1613 prius
406 1535 713 1593 ostiarium
728 1535 1436 1607 aggrediuntur,eumque
1451 1553 1555 1592 nec
1571 1552 1733 1590 mora
1747 1535 1874 1589 suf-

219 1627 420 1683 focant
439 1630 541 1681 aut
562 1623 826 1697 alligant,
861 1627 925 1679 ut
945 1622 1211 1679 securius
1250 1639 1386 1680 oves
1407 1622 1519 1679 sibi
1553 1624 1791 1695 abigant
1821 1626 1878 1678 et

217 1714 661 1789 perdant.Quod
684 1712 845 1768 nefas
868 1713 1207 1785 quotidiano
1232 1714 1628 1785 experimento
1649 1716 1877 1769 constat

216 1803 350 1862 ﬁeri
370 1822 405 1860 a
445 1800 823 1868 Simonianis,
856 1805 913 1858 et
941 1805 1103 1857 tanto
1132 1803 1403 1874 nequius,
1431 1805 1650 1874 quanto
1681 1802 1877 1857 divina

219 1893 451 1968 potiora
477 1895 616 1948 sunt
644 1890 949 1946 humanis.
981 1890 1264 1962 Equidem
1287 1890 1503 1960 ipsi,ut
1532 1890 1731 1963 plebes
1759 1889 1874 1945 dici

217 1982 449 2057 possint
470 1981 648 2036 libere
660 1979 934 2035 devorare
950 1983 1007 2034 et
1018 1980 1281 2051 perdere,
1295 1979 1581 2052 Spiritum
1604 1983 1876 2036 sanctum

221 2073 284 2128 in
310 2071 396 2128 eis
425 2068 591 2144 prius
622 2069 1011 2141 exstinguere,
1046 2072 1148 2124 aut
1179 2068 1442 2124 vinctum
1489 2069 1604 2124 sibi
1638 2072 1879 2125 conten-

222 2163 375 2218 dunt
402 2158 968 2231 mancipare.Nonne
989 2157 1260 2213 videntur
1285 2174 1422 2213 eum
1438 2157 1743 2231 alligatum
1771 2164 1883 2214 tra-

222 2250 385 2320 here,
414 2265 551 2305 cum
593 2248 723 2319 ejus
750 2247 1002 2320 gratiam
1048 2246 1355 2302 conﬁdunt
1376 2263 1439 2303 se
1463 2264 1634 2319 posse
1657 2247 1751 2303 cui
1781 2263 1880 2302 vo-

222 2338 447 2397 luerint
475 2341 760 2409 tanquam
789 2335 1080 2408 captivam
1111 2335 1358 2392 vendere
1383 2336 1412 2390 ‘I
1440 2336 1643 2392 Nonne
1663 2335 1824 2392 velut
1848 2352 1883 2390 a

221 2445 288 2486 se
320 2427 674 2484 exstinctum
706 2424 1033 2497 negligant,
1048 2423 1149 2479 ubi
1181 2440 1286 2480 sua
1320 2425 1564 2496 perﬁdia
1593 2427 1652 2481 in
1677 2424 1882 2481 ovibus

218 2534 374 2591 quas
402 2516 733 2587 viviﬁcabat
760 2513 930 2569 illum
962 2512 1365 2585 exstinguunt.
1388 2512 1691 2587 Exstingui
1723 2514 1881 2570 enim

223 2605 447 2663 dicitur
474 2604 729 2678 Spiritus
758 2606 1164 2671 sanctus,cum
1195 2603 1361 2669 ﬁdes,
1389 2620 1514 2675 quae
1545 2605 1749 2675 utique
1779 2603 1882 2658 do-

221 2712 371 2752 num
405 2692 733 2765 est,cuique
758 2693 883 2765 ipse
914 2690 1207 2764 prasidet,
1240 2707 1478 2748 accessu
1509 2692 1762 2764 perﬁdiae
1789 2709 1883 2747 ex-

234 2781 748 2857 stinguitur.Unde
781 2783 839 2836 et
864 2778 1179 2853 Apostolus
1211 2785 1410 2836 monet
1440 2780 1524 2835 sic
1547 2780 1885 2852 :«Spiritum

238 2872 425 2930 nolite
470 2872 861 2943 exstinguere,
920 2868 1257 2941 prophetiae
1315 2868 1490 2925 nolite
1544 2886 1819 2941 spernere
1845 2869 1891 2940 (ι

242 2963 441 3029 Τένην,
474 2961 584 3029 10).
619 2981 646 3007 ››
681 2958 1074 3029 Exstinguunt
1103 2956 1274 3029 plane
1305 2957 1589 3030 Spiritum
1615 2961 1888 3014 sanctum

238 3051 404 3107 fures
433 3049 531 3105 isti
561 3051 620 3105 in
648 3046 873 3114 ovibus,
915 3046 1013 3101 ubi
1046 3046 1457 3102 communione
1485 3046 1572 3102 vel
1600 3063 1890 3103 consensu

237 3136 568 3211 impietatis
596 3135 880 3191 offensum
904 3134 1171 3189 recedere
1200 3134 1272 3190 ab
1311 3134 1395 3190 eis
1421 3138 1479 3189 et
1510 3134 1706 3206 fugere
1732 3150 1889 3189 com-

237 3225 515 3302 pellunt:
547 3240 660 3296 quo
687 3223 991 3289 exstincto,
1024 3239 1226 3278 omnes
1252 3224 1379 3294 jam
1409 3222 1891 3295 prophetias,hoc

237 3293 335 3375 est
367 3293 598 3371 sanctas
613 3312 942 3384 Scripturas
964 3293 1695 3384 aspernantur.Qua_enim
1728 3328 1891 3367 reve-
1923 3293 1966 3360 (ἶ

238 3402 434 3462 rentia
454 3403 581 3474 jam
603 3400 929 3473 suscipiant
959 3399 1205 3456 aliorum
1231 3400 1689 3472 seuteutias,qui
1720 3400 1897 3455 etiam

240 3494 436 3567 ipsius
467 3491 665 3563 magni
696 3489 996 3561 Prophetas
1028 3494 1084 3545 et
1107 3489 1333 3545 Domini
1355 3489 1772 3562 prophetarum
1799 3489 1900 3545 de-

243 3580 523 3641 cretalem
554 3578 930 3646 sententiam,
962 3595 1100 3651 qua,
1122 3578 1479 3635 institutioni
1511 3582 1902 3635 sacramento-

244 3687 383 3729 rum
413 3684 655 3727 suorum
687 3667 1085 3734 subscribens,
1138 3667 1255 3724 ait:
1290 3689 1318 3717 «
1349 3667 1541 3723 Gratis
1574 3666 1902 3740 accepistis,

246 3761 436 3835 gratis
463 3760 597 3815 date
626 3757 845 3828 (Matth.
880 3774 937 3826 x,
984 3757 1062 3829 8),
1096 3779 1125 3806 »
1175 3760 1299 3813 tam
1352 3755 1728 3829 pertinaciter
1773 3773 1906 3813 con-

249 3848 534 3906 culcant?
559 3846 730 3903 Tales
759 3845 871 3902 etsi
904 3845 1175 3901 videntur
1222 3845 1377 3901 intra
1415 3844 1727 3902 Ecclesiam
1757 3863 1905 3913 esse,

251 3937 395 4012 quia
428 3936 711 3992 nimirum
733 3938 793 3990 et
821 3933 981 3990 fures
1004 3950 1138 3989 cum
1172 3934 1733 4001 furantur,videntur
1756 3934 1912 3989 intra

253 4024 542 4093 ovile.Qui
573 4018 776 4096 utique
808 4023 1006 4079 minus
1064 4022 1614 4091 condemnarentur,
1650 4022 1698 4078 si
1749 4026 1913 4078 extra

256 4110 1024 4174 furarentur.NonneJudrei
1048 4115 1107 4166 et
1129 4111 1340 4183 pagani
1364 4109 1682 4182 aliquando
1706 4110 1912 4165 viden-

256 4210 358 4263 tur
386 4204 545 4259 intra
592 4200 926 4257 materiales
984 4198 1251 4255 Ecclesiae
1301 4198 1597 4270 parietes?
1622 4198 1688 4252 Et
1715 4203 1915 4253 tamen

258 4292 465 4365 quales
497 4288 1296 4357 intrant,tales,exeunt;imo
1329 4289 1555 4359 pejores
1588 4291 1727 4343 sunt
1757 4288 1917 4342 intus

260 4399 331 4439 ex
350 4379 811 4454 praesumptione
823 4395 929 4434 sua
940 4382 997 4434 et
1017 4382 1518 4433 sacramentorum
1542 4375 1758 4447 injuria
1774 4374 1913 4431 alio-

262 4485 516 4541 rumque
545 4466 1209 4531 contaminatione.Quae
1242 4465 1397 4521 enim
1441 4481 1577 4537 pars
1602 4464 1756 4520 ﬁdeli
1783 4481 1919 4520 cum

264 4557 538 4614 inﬁdeli?
568 4558 644 4629 (II
673 4558 796 4611 Cor.
833 4573 908 4624 v1,
940 4557 1052 4627 15,)
1082 4556 1183 4628 qui
1218 4560 1437 4622 tamen,
1472 4554 1730 4627 quandiu
1761 4555 1922 4610 intus

1986 663 2102 702 non
2132 647 2327 705 venire
2340 648 2497 705 fures
2518 649 2634 705 nisi
2657 650 2728 705 ad
2752 650 2954 719 furari,
2983 655 3240 708 mactare
3269 654 3327 707 et
3375 652 3640 723 perdere.

1984 735 2147 792 Unde
2169 737 2269 808 qui
2293 737 2413 793 haec
2434 738 2563 795 sola
2583 739 2640 794 in
2676 756 2740 795 se
2774 739 3013 809 habent,
3045 744 3102 796 et
3132 741 3204 796 ad
3235 740 3357 796 haec
3388 738 3515 797 sola
3543 755 3643 797 ve~

1984 825 2334 897 niunt,quod
2366 828 2585 884 bonum
2618 828 2757 883 dare
2798 826 2999 884 saltem
3041 829 3194 885 bono
3224 829 3463 885 cuilibet
3491 845 3637 901 pos-

1984 920 2143 982 sunt,
2176 915 2291 971 nisi
2320 916 2467 972 forte
2511 917 2923 988 resipiscentes
2973 934 3035 973 se
3069 918 3233 991 prius
3264 917 3638 989 mutaverint,

1983 1013 2038 1061 et
2064 1006 2281 1061 bonum
2311 1006 2465 1076 quod
2499 1004 2630 1060 aliis
2655 1006 2793 1061 dare
2822 1010 3074 1077 possunt
3112 1005 3442 1079 acceperint
3457 1005 3637 1070 ‘IQuo-

1984 1111 2115 1149 rum
2148 1110 2218 1149 ne
2249 1094 2437 1149 dicam
2470 1094 2711 1162 factum,
2737 1095 2837 1150 sed
2862 1096 2992 1167 ipsa
3024 1112 3256 1167 quoque
3296 1111 3405 1150 vox
3432 1110 3638 1153 eorum

1984 1183 2044 1238 in
2074 1186 2303 1238 tantum
2330 1183 2559 1238 funesta
2590 1186 2697 1250 est,
2749 1183 2797 1237 si
2847 1199 2972 1240 eam
3010 1183 3323 1252 audierint,
3356 1200 3471 1239 non
3501 1200 3637 1256 pos-

1984 1273 2103 1327 sint
2134 1288 2248 1327 non
2272 1271 2417 1326 mori
2440 1288 2593 1326 oves.
2612 1271 2892 1342 Denique,
2914 1272 3015 1327 ubi
3041 1287 3170 1327 eam
3196 1272 3510 1342 audierint,
3537 1273 3636 1329 de-

1988 1361 2191 1418 sinunt
2213 1377 2337 1415 esse
2366 1377 2500 1415 oves
2520 1359 2757 1430 Christi,
2790 1360 2918 1431 ipso
2966 1364 3323 1432 protostante
3354 1361 3491 1432 quia
3520 1378 3638 1418 non

1957 1449 2299 1523 .audierunt
2326 1465 2424 1504 eos
2454 1465 2608 1503 oves.
2652 1452 2817 1503 Patet
2847 1464 2980 1520 ergo
3016 1448 3160 1504 tales
3185 1450 3314 1520 jam
3348 1466 3463 1504 non
3493 1449 3636 1505 boni

1986 1537 2235 1612 pastoris
2266 1554 2417 1607 oves,
2441 1554 2567 1609 qua:
2608 1537 2924 1592 audierunt
2978 1537 3152 1592 fures.
3183 1542 3251 1593 Et
3285 1537 3427 1609 quid
3452 1536 3640 1593 sunt?

1986 1629 2474 1700 Raptae,mactatze
2506 1643 2540 1681 a
2570 1626 2799 1681 furibus
2831 1631 2888 1681 et
2926 1626 3184 1698 perditae,
3220 1632 3276 1683 ct
3306 1625 3522 1683 idcirco
3554 1626 3639 1683 nil

1983 1714 2144 1772 aliud
2169 1717 2297 1786 jam
2324 1731 2505 1786 quam
2552 1713 2846 1770 latronum
2907 1714 3176 1771 victimae.
3211 1715 3437 1779 Quibus
3467 1715 3642 1773 malis

1984 1805 2209 1860 miserae
2240 1820 2356 1859 non
2373 1804 2846 1873 succumberent,
2879 1803 2927 1858 si
2952 1820 3155 1859 eorum
3188 1821 3355 1871 voces
3390 1821 3506 1860 uon
3540 1822 3645 1861 au-

1982 1893 2511 1957 dissent.Quamvis
2533 1890 2957 1948 enimlatrones
2973 1894 3297 1964 irrumpere
3317 1891 3641 1965 aliquando

1990 1984 2062 2039 ad
2082 1999 2215 2039 oves
2241 1981 2608 2055 praevaleant,
2643 1998 2759 2035 non
2784 1985 2983 2037 tamen
3008 1986 3259 2054 possunt
3279 1984 3481 2052 furari,
3515 1999 3639 2038 ma-

1988 2077 2142 2128 ctare
2174 2074 2275 2126 aut
2303 2072 2542 2142 perdere
2576 2085 2697 2135 eas,
2712 2068 2825 2124 nisi
2856 2068 3020 2141 prius
3049 2069 3183 2127 illos
3213 2070 3458 2127 audiant
3489 2089 3503 2140 ;
3535 2087 3642 2127 nec

1988 2159 2251 2216 efﬁciunt
2273 2160 2427 2214 fures
2450 2158 2605 2231 quod
2624 2162 2870 2226 tentant,
2898 2159 3159 2230 quandiu
3191 2176 3325 2215 oves
3356 2160 3442 2227 eis
3471 2159 3639 2215 audi-

1989 2253 2115 2303 tum
2148 2264 2325 2303 suum
2344 2263 2460 2301 non
2484 2246 2955 2302 accommodant.
2988 2250 3143 2313 Quas
3170 2248 3327 2305 enim
3360 2264 3530 2305 neces
3560 2248 3644 2303 Si-

1991 2336 2246 2392 moniani
2271 2333 2969 2408 praevalerentcatholicis
2988 2336 3218 2402 inferre,
3238 2338 3289 2392 si
3313 2336 3643 2409 praemoniti

1992 2442 2026 2481 a
2050 2426 2201 2480 bono
2222 2428 2450 2496 pastore
2469 2440 2575 2479 suo
2602 2423 2853 2493 Christo,
2878 2425 3210 2497 refugerent
3230 2443 3327 2481 eos
3360 2431 3646 2498 tanquam

1992 2517 2254 2587 pastores
2311 2511 2533 2583 audire,
2578 2528 2872 2585 suumque
2928 2514 3180 2569 favorem
3212 2519 3268 2569 et
3295 2531 3649 2571 consensum

1995 2601 2209 2658 talibus
2232 2600 2464 2657 furibus
2485 2601 2742 2673 praebere
2763 2602 2790 2655 ?
2817 2601 3209 2665 Quamobrem
3245 2602 3650 2675 multiplicatio

1994 2695 2051 2747 et
2078 2689 2324 2747 audacia
2344 2691 2541 2745 furum
2565 2695 2623 2745 et
2671 2689 2970 2746 latronum
3003 2690 3257 2747 maxime
3289 2693 3553 2764 provenit
3584 2708 3655 2748 ex

1999 2781 2212 2837 misera
2237 2779 2521 2851 patientia
2563 2779 2782 2845 ovium,
2815 2796 2943 2851 quae
2956 2781 3120 2851 justo
3144 2780 3242 2835 Dei
3262 2780 3487 2851 judicio
3519 2796 3650 2853 per-

1998 2873 2160 2935 eunt,
2194 2868 2333 2939 quia
2364 2868 2598 2923 duobus
2628 2868 2865 2923 indiciis
2894 2868 3053 2923 velut
3099 2869 3343 2924 totidem
3396 2869 3650 2927 testibus

1997 2961 2302 3030 praeventas
2335 2960 2393 3012 et
2423 2957 2662 3025 edoctae,
2688 2957 2845 3012 fures
2868 2972 3069 3013 cavere
3100 2961 3201 3013 aut
3232 2957 3531 3031 neglexere
3547 2962 3651 3015 aut

1999 3050 2424 3118 contempsere.
2457 3044 2743 3118 Equidem
2802 3046 2916 3101 duo
2974 3046 3211 3117 indicia,
3243 3047 3460 3119 quibus
3490 3048 3649 3104 fures

2001 3138 2435 3209 cognoscerent,
2461 3134 2586 3189 suis
2618 3134 2810 3190 bonus
2847 3139 3049 3207 pastor
3087 3137 3392 3208 proposuit
3421 3135 3650 3204 ovibus,

2002 3228 2069 3280 ut
2090 3224 2133 3278 si
2162 3223 2305 3279 forte
2327 3239 2512 3278 unum
2535 3221 2660 3278 sine
2681 3223 3040 3279 conscientia
3058 3240 3261 3280 eorum
3279 3228 3337 3280 et
3356 3223 3653 3282 voluntate

2007 3313 2385 3384 contingeret,
2418 3311 2668 3367 alterum
2700 3312 3040 3368 devitarent.
3074 3314 3144 3369 Et
3172 3313 3337 3385 prius
3367 3313 3653 3369 indicium

2007 3404 2204 3458 furum
2236 3405 2291 3456 et
2319 3400 2617 3456 latronum
2648 3402 2998 3473 proponitur
3028 3419 3099 3459 ex
3129 3402 3371 3457 introitu
3402 3402 3462 3457 in
3490 3402 3660 3469 ovile,

2009 3491 2059 3548 si
2090 3507 2205 3546 non
2236 3490 2302 3545 ﬁt
2321 3506 2424 3562 per
2452 3490 2693 3562 ostium,
2729 3492 2830 3547 sed
2880 3490 3135 3547 aliunde.
3167 3490 3435 3547 Alterum
3467 3495 3664 3547 autem

2011 3584 2068 3636 et
2095 3578 2390 3653 incognita
2436 3578 2640 3635 ovibus
2683 3596 2842 3648 voce,
2875 3596 3053 3652 quam
3102 3580 3240 3635 hinc
3309 3596 3546 3636 necesse
3578 3583 3671 3636 est

2013 3686 2138 3740 quae
2160 3668 2237 3724 sit
2264 3668 2515 3724 breviter
2544 3666 2933 3735 iuculcemus,
2966 3668 3108 3739 quia
3156 3669 3227 3723 de
3288 3684 3561 3740 perverso
3586 3667 3672 3722 in-

2013 3758 2192 3814 troitu
2224 3757 2582 3813 sufﬁcienter
2630 3756 2989 3813 inculcatum
3040 3760 3299 3828 putatur.
3331 3757 3494 3811 Sicut
3536 3772 3666 3827 vox,

2014 3846 2177 3903 verbi
2206 3845 2415 3919 gratia,
2437 3845 2785 3900 Arianorum
2817 3849 2907 3901 est
2936 3844 3152 3900 Filium
3184 3844 3473 3899 minorem
3501 3844 3672 3900 Patre

2019 3934 2429 4006 asserere,ipso
2463 3934 2605 3989 Filio
2632 3933 2981 3988 reclamante
2999 3949 3050 3987 ;‹‹
3069 3935 3187 4006 Ego
3208 3936 3264 3989 et
3286 3937 3454 3990 Pater
3485 3948 3673 3990 unum

2020 4041 2228 4081 sumus
2257 4025 2442 4092 (Joan.
2477 4040 2533 4089 x,
2564 4023 2619 4094 7)
2648 4040 2661 4091 ;
2700 4044 2728 4071 ››
2761 4021 2847 4077 sic
2876 4021 3265 4079 nihilominus
3299 4022 3673 4079 Simoniano-

2023 4129 2156 4169 rum
2184 4128 2293 4167 vox
2322 4117 2441 4167 est:
2478 4109 2765 4183 Spiritum
2810 4114 3083 4166 sanctum
3139 4111 3404 4168 venalem
3436 4112 3673 4178 habere,

2025 4202 2377 4259 reclamante
2398 4200 2602 4255 eodem
2625 4201 2796 4271 cujus
2819 4200 3061 4272 spiritus
3083 4206 3172 4257 est
3190 4201 3448 4258 Christo:
3478 4225 3505 4251 α
3532 4201 3677 4257 Gra-

2026 4292 2101 4347 tis
2125 4288 2452 4361 accepistis,
2487 4288 2670 4361 gratis
2703 4290 2834 4344 date
2856 4289 3063 4360 (Matth.
3095 4308 3153 4358 x,
3185 4291 3260 4361 8).
3300 4312 3328 4339 ››
3359 4290 3542 4353 Quam
3571 4306 3675 4344 vo-

2028 4396 2153 4435 cem
2177 4377 2390 4433 Christi
2439 4377 2487 4433 si
2511 4382 2874 4450 cognoscunt
2903 4382 2960 4434 et
3007 4378 3201 4434 sciunt
3248 4380 3376 4448 ejus
3406 4393 3562 4443 oves,
3587 4393 3684 4433 ne-

2030 4483 2192 4525 cesse
2221 4470 2311 4522 est
2342 4470 2635 4538 pastorem
2667 4483 2840 4522 suum
2886 4471 3209 4538 sequantur
3237 4471 3296 4521 et
3322 4482 3436 4521 non
3467 4465 3682 4536 furem,

2031 4556 2133 4629 qui
2162 4553 2367 4628 procul
2397 4554 2574 4611 dubio
2621 4554 2850 4610 alienus
2900 4559 3026 4610 est:
3060 4571 3236 4626 quem
3285 4553 3415 4609 ideo
3446 4569 3559 4608 non
3592 4569 3683 4609 se-

267 4648 562 4712 videntur,
595 4644 865 4716 nunquid
896 4662 1001 4717 pro
1059 4643 1406 4701 Christianis
1457 4643 1799 4699 habentur?
1828 4643 1922 4700 Sic
1954 4666 2001 4729 D
2033 4648 2297 4719 quuntur
2314 4660 2474 4711 oves,
2497 4644 2597 4699 sed
2624 4642 2859 4715 fugiunt
2876 4643 2946 4697 ab
2971 4659 3059 4709 eo,
3094 4642 3234 4714 quia
3259 4659 3370 4697 non
3405 4645 3689 4697 noverunt

267 4734 472 4810 procul
508 4733 685 4789 dubio
708 4733 1033 4790 Simoniani
1068 4734 1209 4789 dum
1248 4733 1519 4789 videntur
1546 4732 1701 4788 intra
1731 4733 1925 4788 Eccle-

270 4825 445 4892 siam,
464 4827 608 4879 tunc
634 4822 823 4895 magis
846 4822 1194 4894 reprobandi
1216 4825 1272 4878 et
1295 4823 1452 4877 fures
1471 4822 1725 4878 habendi
1759 4826 1919 4877 sunt.

272 4913 381 4980 Qui
412 4911 669 4983 denique
698 4915 838 4966 tunc
868 4910 1141 4966 credendi
1198 4915 1339 4967 sunt
1389 4911 1546 4966 fures
1584 4915 1641 4966 et
1669 4909 1927 4967 latrones

273 5018 392 5059 non
422 5016 585 5069 esse,
620 5000 717 5055 ubi
740 4999 1084 5072 probabitur
1103 5015 1317 5073 eosper
1336 4999 1553 5055 ostium
1589 5000 1840 5055 intrasse
1868 5000 1929 5056 in

275 5091 444 5160 ovile,
481 5104 587 5145 nec
637 5087 876 5145 aliunde
925 5089 1281 5145 ascendisse.
1317 5089 1416 5144 Sin
1452 5088 1620 5155 alias,
1654 5105 1757 5143 nec
1788 5087 1931 5161 ipsis

277 5177 559 5252 exceptis,
592 5194 698 5233 nec
712 5176 1074 5249 quibuslibet
1093 5177 1401 5243 haereticis,
1425 5194 1648 5245 omnes,
1684 5181 1934 5233 testante

277 5267 550 5336 Domino,
584 5270 872 5339 quotquot
926 5270 1134 5339 praeter
1181 5267 1398 5322 ostium
1440 5269 1741 5333 venerunt,
1777 5266 1936 5321 fures

280 5361 424 5415 sunt
454 5359 511 5412 et
540 5355 817 5411 latrones.
853 5356 959 5422 Qui
989 5372 1061 5412 ne
1093 5357 1239 5411 forte
1272 5359 1617 5428 putarentur
1648 5356 1706 5409 in
1740 5354 1937 5427 aliquo

281 5444 652 5513 utiles,sicut
671 5445 1034 5514 mercenarii,
1070 5445 1454 5516 subjunctum
1477 5447 1593 5500 est:
1626 5467 1653 5494 «
1681 5444 1793 5499 Fur
1821 5462 1936 5500 non

277 5534 441 5594 venit
468 5533 585 5591 nisi
615 5537 681 5589 ut
712 5533 936 5589 furetur
966 5539 1023 5590 et
1070 5537 1285 5589 mactet
1331 5537 1388 5588 et
1435 5533 1640 5605 perdat
1668 5533 1846 5605 (Joan.
1880 5551 1936 5601 κ,

288 5625 397 5700 10).
433 5646 457 5675 ι
480 5623 594 5680 Ubi
626 5626 764 5680 sunt
791 5639 928 5697 ergo
950 5622 1050 5695 qui
1071 5622 1388 5696 pradicant
1408 5622 1576 5678 bonis
1591 5623 1746 5694 quod
1774 5640 1808 5678 a
1825 5639 1943 5678 ma-

284 5715 360 5773 lis
389 5711 749 5772 Simonianis
807 5716 1155 5786 acceperunt
1210 5712 1432 5770 bonum
1491 5728 1607 5768 non
1636 5710 1827 5768 solum
1860 5712 1943 5768 nil

2037 4751 2236 4793 vocem
2261 4733 2880 4803 alienorum,quorum
2902 4747 2966 4786 os
2998 4730 3257 4803 loquitur
3285 4731 3603 4788 vanitatem
3633 4735 3692 4787 et

2037 4826 2270 4882 dextera
2298 4837 2499 4879 eorum
2528 4821 2762 4876 dextera
2780 4819 3110 4891 iniquitatis
3133 4821 3517 4893 (Psal.cxn1n,
3548 4820 3625 4891 8).
3663 4842 3691 4871 ››

2040 4914 2202 4970 Unde
2234 4927 2404 4967 nemo
2448 4927 2511 4965 se
2554 4906 2771 4981 palpet,
2824 4926 2996 4964 nemo
3031 4909 3140 4966 sibi
3199 4910 3270 4965 ad
3328 4910 3693 4971 excusandas

2040 5001 2447 5059 excusationes
2468 4998 2529 5053 in
2549 4997 2801 5070 peccatis
2826 5002 3104 5070 tanquam
3131 4998 3264 5055 folia
3288 4998 3549 5055 ﬁculneae
3570 4998 3696 5055 suis

2043 5090 2334 5165 pudendis
2358 5086 2886 5159 aptet.Quicunque
2917 5088 3082 5144 audit
3100 5104 3296 5144 vocem
3327 5088 3701 5144 Simoniano—

2044 5196 2176 5235 rum
2199 5176 2558 5234 dicentium:
2596 5196 2623 5223 ‹‹
2656 5175 2782 5230 Non
2816 5176 2889 5231 do
2920 5176 3025 5232 tibi
3068 5178 3450 5250 baptismum,
3480 5192 3595 5230 non
3629 5175 3703 5230 do

2046 5266 2152 5323 tibi
2180 5265 2441 5338 corporis
2470 5268 2527 5319 et
2554 5263 2865 5335 sanguinis
2887 5265 3105 5320 Christi
3123 5267 3704 5330 sacramentum,non

2048 5356 2118 5411 do
2148 5354 2252 5410 tibi
2287 5354 2572 5426 Spiritum
2607 5357 2902 5421 sanctum,
2942 5371 3055 5409 non
3106 5354 3177 5408 do
3227 5352 3332 5407 tibi
3383 5350 3711 5424 quemlibet

2047 5444 2296 5517 gradum
2353 5441 2844 5513 ecclesiasticum,
2894 5459 3001 5497 nec
3034 5442 3179 5498 facio
3237 5440 3708 5513 consecrationes

2048 5532 2549 5599 ecclesiarum,vel
2578 5548 2966 5604 quascunque
2990 5530 3136 5586 alias
3168 5530 3709 5587 administrationes

2049 5621 2382 5678 divinorum
2415 5626 2946 5689 sacramentorum,
2981 5620 3094 5677 nisi
3145 5620 3375 5677 dederis
3407 5620 3552 5676 mihi
3585 5633 3721 5692 pre-

2054 5711 2205 5768 tium
2232 5728 2245 5778 ;
2284 5709 2487 5783 procul
2513 5711 2691 5767 dubio
2728 5727 2842 5767 non
2872 5714 2962 5767 est
2996 5709 3118 5767 ovis
3149 5709 3595 5779 Christi,contra
3622 5723 3725 5763 ou-
