4106 6178
327 340 485 416 1209

918 344 1327 413 ADVERSUS
1371 344 1846 415 SIMONIACOS
1889 345 2097 412 LIBRI
2140 348 2362 414 TRES.
2401 381 2481 398 -
2505 349 2738 415 LIBER
2779 353 3141 420 TERTIUS.

3576 358 3733 428 1210

327 496 525 539 meum
553 479 862 554 gratuito?
906 481 1114 539 Nullus
1145 483 1303 540 enim
1334 484 1392 539 in
1438 483 1603 540 vobis
1647 488 1738 540 est
1785 499 1972 556 usque
2002 497 2058 564 Α
2086 485 2317 542 tardum
2349 485 2471 542 fieri
2497 504 2511 554 ;
2535 486 2942 546 hereticorum
2976 493 3170 547 autem
3204 507 3309 549 nec
3339 509 3441 565 pro
3471 498 3733 570 tempore

331 571 401 627 ad
433 573 760 628 extremum
800 571 1227 640 ministrorum,
1263 590 1377 628 non
1427 573 1554 629 dico
1599 573 1871 630 sacerdos
1919 577 1976 628 et

322 659 536 726 caeteri,
567 660 667 715 sed
701 677 772 716 ne
792 661 1016 732 janitor
1061 661 1319 734 quidem,
1354 667 1412 718 et
1463 663 1562 734 qui
1604 662 1800 734 ignem
1832 678 1970 733 sup-

323 749 488 824 ponit
520 748 691 804 altari
730 750 802 805 ad
853 751 1164 806 cremanda
1215 751 1576 814 holocausta,
1639 750 1739 824 qui
1793 767 1909 806 non
1941 767 1976 806 a

323 854 418 893 me
447 838 776 893 mercedem
809 839 1055 911 accipiat
1074 839 1290 895 laboris
1322 840 1484 896 sui.»
1516 841 1632 895 Hoc
1663 843 1860 896 autem
1892 839 1978 895 di-

325 927 423 994 cit,
448 926 708 982 decimas
731 927 1070 999 significans
1101 929 1366 984 omnium
1400 930 1634 1002 frugum
1669 946 1795 1000 qua:
1843 929 1976 983 olfe-

327 1019 540 1072 runtur
561 1033 594 1070 a
623 1016 875 1088 populis,
911 1033 1058 1089 quas
1091 1019 1342 1090 profecto
1374 1019 1514 1074 dum
1542 1017 1799 1074 latrones
1851 1017 1970 1073 exi-

326 1108 496 1179 gunt,
523 1121 637 1160 non
656 1122 765 1160 sua
781 1105 1108 1178 requirunt.
1134 1107 1356 1179 Quippe
1378 1108 1592 1179 quibus
1617 1106 1844 1162 nullum
1869 1123 1971 1179 pro

326 1193 655 1249 ministerio
687 1194 880 1251 divino
914 1212 1028 1268 quo
1073 1196 1306 1268 penitus
1353 1201 1552 1252 carent
1583 1197 1826 1252 debetur
1873 1191 1978 1251 sti-

326 1282 630 1355 pendium,
693 1285 792 1339 scd
826 1283 1014 1340 solum
1040 1302 1142 1356 pro
1169 1302 1274 1341 suo
1296 1285 1620 1353 latrocinio,
1646 1285 1973 1357 patibulum

325 1371 415 1427 vel
445 1375 772 1428 extremum
805 1373 1184 1446 supplicium.
1209 1374 1317 1438 Qui
1353 1379 1569 1444 tamen,
1603 1373 1746 1445 proh
1771 1373 1973 1429 dolor!

328 1460 630 1516 multoties
661 1461 956 1533 accipiunt
986 1481 1100 1518 non
1134 1462 1326 1519 solum
1359 1465 1514 1536 quod
1552 1463 1768 1519 Christi
1803 1462 1975 1516 mini-

326 1549 470 1606 stris
499 1549 798 1621 reperiunt
827 1551 1194 1623 deputatum,
1227 1553 1328 1608 sed
1361 1553 1602 1624 insuper
1623 1553 1778 1624 quod
1800 1551 1975 1606 inter-

329 1637 576 1704 dictum,
609 1655 744 1694 cum
795 1640 867 1696 a‘d
900 1639 981 1696 nil
1011 1639 1170 1697 aliud
1214 1641 1450 1696 veniant
1480 1646 1536 1696 et
1578 1641 1825 1708 valeant,
1861 1639 1971 1695 nisi

327 1731 396 1782 ut
423 1727 696 1783 furentur
725 1734 782 1784 et
808 1734 1063 1786 mactent
1092 1735 1150 1786 et
1181 1731 1444 1803 perdant.
1497 1732 1567 1786 Et
1598 1730 1731 1803 quis
1763 1745 1975 1785 sanum

331 1815 568 1888 sapiens
599 1821 797 1872 censet
821 1817 1162 1893 hujusmodi
1194 1818 1350 1876 fures
1371 1823 1427 1875 et
1445 1819 1701 1875 latrones
1727 1837 1760 1874 a
1783 1818 1976 1874 catho-

329 1903 463 1960 licis
494 1903 848 1974 tolerandos,
877 1923 1022 1978 quos
1069 1908 1352 1964 Dominus
1391 1913 1587 1964 censet
1617 1909 1700 1963 sic
1750 1907 1977 1980 fugien-

333 1993 460 2060 dos,
495 1998 562 2050 ut
584 1998 974 2052 testetur'non
1012 2013 1141 2053 esse
1187 2013 1321 2053 oves
1370 2014 1497 2068 quae
1545 1996 1634 2052 vel
1687 1997 1981 2053 audierint

330 2081 466 2138 illos
486 2083 514 2136 ?
548 2083 613 2137 Et
639 2099 758 2155 qua
786 2083 974 2142 fronte
1003 2085 1279 2159 praedicat
1307 2087 1441 2158 quis
1463 2085 1856 2141 ministerium
1879 2085 1976 2140 ho-

329 2185 466 2224 rum
495 2168 866 2227 tolerandum
900 2177 955 2228 et
970 2173 1390 2246 recipiendum,
1417 2174 1597 2229 donec
1621 2172 1980 2244 synodaliter

329 2257 722 2330 deponantur,
752 2264 1057 2335 totumque
1078 2264 1235 2334 quod
1255 2278 1458 2318 eorum
1481 2261 1805 2318 ministerio
1836 2262 1978 2318 inte-

327 2346 445 2401 rim
476 2349 541 2402 ﬁt
569 2348 630 2404 in
661 2349 816 2418 ovili,
849 2351 1068 2406 bonum
1099 2368 1228 2408 esse
1257 2357 1312 2408 et
1333 2355 1625 2419 sanctum,
1653 2351 1754 2424 qui
1786 2351 1977 2408 solum

327 2435 590 2506 furandi,
614 2439 999 2496 mactandiet
1014 2441 1293 2512 perdendi
1317 2441 1536 2497 habent
1553 2439 1978 2496 ministerium?

327 2523 389 2581 Si
419 2541 557 2597 ergo
587 2525 809 2583 bonum
839 2532 896 2584 et
924 2534 1195 2585 sanctum
1227 2533 1316 2586 est
1343 2547 1477 2586 oves
1521 2529 1734 2586 Christi
1771 2530 1974 2597 furari,

327 2618 589 2672 mactare
619 2622 676 2671 et
705 2618 965 2688 perdere,
995 2619 1350 2674 sutl'erantur
1379 2618 1538 2674 fures
1593 2623 1651 2674 et
1696 2617 1974 2684 latrones,

329 2703 434 2775 qui
465 2702 545 2758 nil
581 2703 740 2759 aliud
772 2711 989 2762 norunt
1041 2723 1144 2762 nec
1190 2712 1438 2780 possunt
1469 2708 1678 2773 facere,
1729 2707 1976 2762 Domino

332 2796 724 2864 protestante;
757 2795 852 2850 cui
883 2796 933 2852 si
965 2797 1096 2868 quis
1145 2798 1320 2853 audet
1361 2797 1775 2862 contradicere,
1811 2813 1974 2852 asse-

332 2897 469 2937 rens
499 2881 656 2938 fures
686 2887 743 2938 et
768 2883 1024 2941 latrones
1054 2886 1274 2958 aliquid
1301 2885 1463 2942 aliud
1493 2885 1628 2942 boni
1672 2902 1844 2942 nosse
1874 2889 1977 2941 aut

334 2985 508 3043 posse
537 2971 745 3038 facere,
777 2973 1106 3046 disceptare
1129 2975 1303 3032 etiam
1327 2979 1384 3030 et
1415 2975 1472 3028 in
1483 2973 1706 3046 judicio
1737 2977 1974 3030 conten-

335 3058 474 3116 dere
503 3076 636 3116 cum
668 3061 916 3118 Domino
948 3064 1178 3133 audeat,
1210 3068 1285 3132 et,
1321 3063 1371 3119 si
1410 3067 1623 3136 potest,
1652 3079 1787 3118 eum
1811 3079 1974 3118 men-

334 3147 514 3202 titum
558 3159 776 3222 argual.
811 3152 870 3206 Si
901 3157 1096 3208 autem
1131 3170 1300 3209 nemo
1350 3152 1815 3208 Christianorum
1866 3151 1973 3207 hoc

2007 1868 2056 1933 B

2083 591 2188 630 nec
2220 592 2279 631 re
2310 575 2655 647 aliquandiu
2687 577 2930 647 differri,
2963 581 3064 635 sed
3100 597 3234 636 mox
3263 587 3329 637 ut
3372 583 3736 643 innotuerint

2085 665 2228 720 fieri.
2265 665 2426 721 Unde
2467 683 2644 738 super
2674 666 2825 722 male
2846 669 3177 725 viventibus
3199 671 3412 728 Christi
3447 676 3734 732 ministris

2084 753 2370 808 catholica
2399 753 2562 825 plebs
2594 756 2766 811 debet
2798 757 3231 814 Catholicorum
3270 767 3605 832 exspectare
3636 782 3728 838 sy-

2084 842 2324 911 nodum,
2358 859 2461 899 nec
2493 844 2765 915 abjiccre,
2801 847 2986 900 donec
3019 863 3116 902 eos
3148 849 3384 919 abjiciat
3428 855 3733 908 commini-

2084 935 2339 986 strorum
2370 931 2455 986 vel
2482 933 2897 1004 magistrorum
2931 953 3173 991 suorum
3208 939 3538 1010 arbitrium,
3565 943 3736 1012 juxta

2085 1021 2239 1090 quod
2271 1021 2437 1076 docet
2466 1022 2774 1079 Salomon:
2830 1045 2854 1076 α
2887 1024 3074 1093 Oculi,
3123 1026 3413 1098 inquiens,
3447 1024 3734 1088 tui'recta

2082 1107 2333 1176 videant,
2369 1115 2424 1164 et
2453 1111 2744 1182 palpebra:
2774 1116 2886 1167 tua:
2936 1116 3271 1186 praecedant
3316 1133 3557 1187 gressus
3601 1122 3735 1176 tuos

2085 1196 2264 1268 (Prov.
2322 1216 2396 1265 ιν,
2445 1201 2558 1270 25).
2599 1223 2622 1247 ››
2684 1201 2839 1256 Solet
2900 1219 3110 1274 nempe
3171 1205 3397 1258 evenire
3457 1210 3522 1260 ut
3577 1209 3731 1278 quod

2085 1285 2443 1358 imperfectis
2474 1289 2702 1344 videtur
2735 1291 3120 1357 intolerabile,
3159 1292 3430 1364 perfectis
3471 1296 3737 1351 videatur

2086 1375 2402 1445 tolerabile,
2438 1383 2494 1432 et
2523 1396 2552 1432 e
2585 1380 2874 1434 contrario
2907 1381 3177 1451 perfectis
3211 1382 3498 1436 habeatur
3529 1384 3732 1439 intole-

2086 1464 2268 1520 rabile
2301 1467 2452 1537 quod
2480 1467 2834 1539 imperfectis
2867 1468 3183 1524 tolerabile.
3211 1471 3333 1532 Quo
3365 1471 3640 1542 ambiguo
3663 1490 3735 1528 ne

2087 1553 2231 1608 forte
2264 1555 2498 1611 fallatur
2530 1562 2630 1611 aut
2661 1557 3090 1613 scandalizetur
3118 1557 3395 1626 Ecclesia,
3447 1559 3738 1630 patienter

2085 1645 2540 1715 exspectandum
2594 1650 2682 1701 est
2711 1650 2768 1700 et
2829 1647 3143 1718 sapienter,
3207 1647 3391 1703 donec
3438 1648 3735 1720 synodalia

2084 1729 2230 1786 illud
2267 1733 2561 1789 discernat
2593 1739 2648 1790 et
2679 1734 3028 1790 determinet
3073 1736 3382 1791 sententia.
3418 1739 3602 1803 Quam
3635 1737 3736 1809 qui

2085 1826 2284 1876 censet
2312 1823 2765 1894 exspectandam
2797 1827 2852 1878 ct
2883 1823 2940 1876 in
2994 1823 3278 1878 haereticis
3314 1829 3446 1895 post
3490 1826 3736 1881 concilia

2089 1909 2269 1964 semel
2301 1911 2499 1966 habita
2528 1912 2599 1966 de
2631 1911 2768 1980 illis,
2793 1912 2991 1967 nescio
3017 1930 3089 1966 an
3112 1912 3446 1968 Catholicae
3469 1929 3598 1968 vere
3620 1914 3734 1970 dici

2089 2003 2322 2070 posset;
2355 2017 2490 2054 nam
2523 2000 2852 2070 cuicunque
2885 1999 3159 2072 quaelibet
3188 2001 3425 2058 hwresis
3456 2002 3513 2057 in
3542 2003 3734 2059 Eccle-

2089 2087 2177 2142 sia
2205 2087 2434 2146 videtur
2461 2087 2805 2154 tolerabilis,
2840 2089 2994 2144 haud
3041 2089 3216 2145 dubie
3247 2107 3280 2145 a
3307 2090 3593 2148 catholica
3621 2091 3734 2148 ﬁde

2088 2177 2453 2249 naufragavit
2483 2182 2583 2234 aut
2609 2179 2841 2234 excidit.

2683 2285 2915 2340 CAPUT
2946 2284 3133 2340 XLIV.

2086 2374 2368 2444 Exemplis
2390 2374 2686 2444 praposz'tis
2723 2373 3023 2429 ostenditur
3053 2373 3332 2429 haereticos
3379 2390 3480 2428 nec
3525 2373 3596 2428 ad
3640 2375 3736 2428 ho-

2158 2461 2284 2518 ram
2314 2462 2347 2499 a
2371 2444 2652 2500 catholicis
2702 2446 2948 2518 antiquis
2979 2445 3250 2514 lolcralos,
3283 2452 3334 2499 et
3373 2447 3736 2500 mercenaries

2160 2520 2209 2571 to
2220 2515 2440 2572 (aratos.

2158 2622 2436 2694 Nunquid
2459 2626 2718 2693 tempore
2741 2621 3090 2676 Arianorum
3115 2638 3215 2676 seu
3245 2620 3493 2677 aliorum
3517 2622 3734 2678 haereti-

2088 2727 2289 2766 corum
2313 2711 2500 2766 sicubi
2524 2710 2835 2764 Catholicis
2864 2709 3172 2765 haereticus
3194 2709 3438 2781 quilibet
3455 2711 3628 2766 datus
3651 2715 3740 2766 est

2087 2799 2419 2871 episcopus,
2445 2798 2838 2853 ministerium
2864 2798 2991 2869 ejus
3011 2796 3328 2852 toleravere
3348 2802 3448 2852 aut
3469 2803 3738 2854 sanctum

2086 2887 2341 2942 habuere
2363 2885 2652 2953 catholici,
2697 2901 3004 2957 quousque
3035 2885 3392 2958 synodaliter
3422 2887 3737 2959 deponere-

2084 2976 2225 3030 tur?
2246 2975 2404 3040 Quod
2432 2991 2546 3030 non
2580 2975 2763 3029 fuisse
2795 2973 3113 3046 aliquando
3145 2974 3455 3030 toleratam
3488 2976 3738 3033 aCatho--

2085 3063 2214 3120 licis
2246 3081 2380 3119 cum
2412 3081 2480 3119 ex
2514 3063 2714 3118 multis
2745 3062 2961 3118 clareat
2990 3063 3275 3130 historiis,
3322 3067 3448 3119 tum
3498 3081 3567 3120 ex
3617 3065 3741 3120 Tri-

2087 3153 2318 3226 pertita,
2342 3169 2468 3224 qua:
2499 3157 2696 3207 narrat
2728 3168 2939 3223 pueros
2963 3151 3141 3224 pilam
3173 3153 3455 3208 lusoriam
3485 3154 3739 3210 flammis

329 3238 528 3304 audet,
561 3241 837 3296 concedat
875 3259 1110 3299 necesse
1158 3247 1248 3298 est
1304 3241 1644 3312 hujusmodi
1704 3242 1860 3296 fures
1918 3246 1974 3296 et
2005 3234 2047 3300 C
2087 3243 2373 3314 expiasse,
2408 3241 2546 3313 quia
2575 3241 2665 3296 vel
2699 3242 2755 3294 in
2787 3241 2966 3313 pedes
2999 3241 3162 3297 aselli
3193 3259 3308 3312 quo
3342 3242 3648 3298 hmrcticus
3671 3244 3736 3297 il-

325 3327 584 3383 latrones
617 3345 733 3382 non
764 3330 877 3387 nisi
908 3331 1129 3386 malum
1162 3330 1272 3386 sibi
1315 3334 1372 3386 et
1421 3329 1548 3385 aliis
1581 3330 1784 3384 facere.
1819 3332 1970 3396 Qua-

323 3421 567 3490 propter
595 3433 700 3472 cur
728 3423 1010 3490 putantur
1047 3418 1369 3476 Simoniani
1402 3418 1700 3474 multoties
1729 3422 1785 3474 et
1828 3435 1974 3491 pene

324 3504 588 3578 quotidie
612 3508 970 3578 synodaliter
999 3508 1346 3582 deponendi,
1382 3508 1483 3579 qui
1508 3508 1580 3562 ab
1601 3506 1768 3562 initio
1791 3507 1973 3563 semel

325 3594 505 3650 simul
539 3598 596 3650 et
627 3596 1129 3654 irretractabiliter
1162 3598 1235 3654 ab
1265 3596 1661 3668 apostolorum
1692 3596 1972 3669 principi-

327 3683 441 3739 bus
471 3683 632 3740 t‘uere
660 3685 929 3758 depositi,
952 3687 1109 3743 sicut
1139 3690 1195 3743 et
1222 3690 1425 3758 postea
1454 3685 1526 3740 ab
1558 3685 1894 3742 orthodoxis
1917 3689 1974 3742 et

324 3770 633 3829 catholicis
663 3774 936 3832 Patribus
968 3775 1066 3832 alii
1097 3775 1158 3830 in
1188 3776 1314 3847 ipso
1346 3777 1475 3830 ortu
1521 3791 1627 3830 suo
1677 3773 1972 3830 haeretici?

321 3861 616 3934 siquidem
644 3864 872 3934 quoties
901 3880 1134 3937 quoque
1155 3864 1312 3920 mala
1331 3865 1503 3920 arbor
1518 3863 1799 3920 radicitus
1821 3862 1969 3920 evel-

319 3949 484 4017 litur,
518 3948 819 4007 incassum
850 3952 1169 4008 creduntur
1199 3951 1350 4007 rami
1379 3952 1507 4020 ejus
1536 3949 1725 4006 vivere
1754 3956 1858 4006 aut
1885 3951 1971 4004 vi-

315 4038 472 4094 cturi
503 4037 619 4094 nisi
650 4043 708 4095 et
764 4040 878 4112 ipsi
907 4040 1251 4107 avellantur,
1307 4056 1443 4094 cum
1488 4039 1548 4093 in
1603 4055 1720 4094 suae
1765 4039 1972 4095 matris

314 4125 620 4184 evulsione
650 4131 709 4184 et
738 4128 850 4202 ipsi
873 4129 1056 4185 evulsi
1089 4131 1519 4200 computentur.
1553 4127 1644 4182 Sic
1685 4133 1740 4184 et
1771 4129 1967 4198 cujus-

312 4216 460 4272 libet
487 4215 741 4274 haeretici
771 4219 1060 4290 depositio
1089 4223 1371 4290 tanquam
1403 4215 1687 4273 abscissio
1732 4233 1846 4272 non
1879 4221 1970 4272 est

317 4307 382 4362 in
413 4305 668 4379 singulis
700 4307 966 4380 personis
1007 4324 1112 4364 ceu
1141 4307 1202 4362 in
1246 4305 1498 4379 singulis
1546 4305 1727 4362 ramis
1775 4306 1968 4378 requi-

318 4398 526 4464 renda,
560 4395 610 4453 si
650 4399 946 4451 auctorem
995 4396 1282 4452 haereseos
1315 4395 1474 4452 velut
1521 4393 1686 4450 male:
1744 4395 1969 4450 arboris

321 4487 584 4545 radicem
613 4484 848 4558 penitus
881 4483 1149 4541 evulsum
1181 4488 1445 4541 constat:
1480 4483 1636 4556 quod
1670 4483 1972 4540 catholicis

323 4576 598 4651 quamvis
628 4573 780 4631 male
806 4573 1136 4631 viventibus
1167 4578 1390 4630 certum
1448 4578 1538 4630 est
1585 4589 1700 4629 non
1753 4573 1974 4630 contin-

321 4682 484 4742 gere,
529 4680 782 4738 quorum
842 4663 1026 4732 radix,
1087 4663 1341 4720 Ecclesia
1395 4662 1613 4718 scilicet
1663 4662 1970 4730 catholica,

323 4773 445 4814 non
476 4754 807 4812 eradicatur
834 4753 1171 4824 aliquando,
1203 4751 1380 4807 etiam
1411 4766 1546 4806 cum
1578 4749 1847 4806 nonnulli
1879 4767 1970 4806 ra-

321 4861 563 4904 morum
584 4845 713 4916 ejus
733 4860 837 4917 pro
858 4859 978 4899 suae
1001 4840 1324 4898 sterilitatis
1345 4844 1447 4896 aut
1466 4839 1970 4912 incompositionis

317 4938 668 5008 amputatur
698 4933 858 4990 vitio.
891 4931 1000 4996 Qui
1051 4930 1313 5003 quandiu
1345 4947 1378 4985 a
1409 4946 1516 4985 sua
1546 4933 1730 4986 matre
1765 4931 1970 4985 arbore

317 5029 658 5100 portantur,
691 5027 795 5080 aut
818 5020 1221 5086 meliorantur,
1253 5022 1356 5075 aut
1383 5018 1455 5074 ad
1489 5019 1759 5074 umbram
1789 5017 1976 5074 homi-

317 5130 473 5171 num
501 5112 590 5170 vel
619 5113 694 5169 ad
725 5109 1195 5185 repausationem
1225 5107 1420 5164 avium
1450 5107 1759 5164 habentur.
1794 5107 1889 5163 Sic
1920 5112 1976 5164 et

315 5203 466 5261 mali
500 5203 664 5259 bonae
687 5200 982 5260 catholica:
1006 5197 1283 5267 ministri,
1308 5198 1577 5271 quamvis
1599 5197 1752 5254 male
1778 5197 1977 5253 vivant

316 5292 462 5361 sibi,
494 5296 714 5360 tamen,
747 5292 931 5348 donec
980 5289 1330 5344 differuntur
1373 5286 1704 5360 depositum
1751 5287 1844 5354 iri,
1877 5291 1980 5344 aut

318 5381 621 5455 contingit
649 5398 748 5438 eos
778 5378 1095 5445 meliorari,
1118 5381 1219 5434 aut
1237 5380 1390 5434 certe
1411 5377 1708 5450 aliquibus
1738 5377 1974 5434 interim

318 5471 580 5531 conferri
615 5469 882 5528 nonnihil
914 5467 1225 5525 commodi.
1261 5467 1342 5522 Ex
1366 5467 1583 5538 quibus
1633 5469 1808 5524 datur
1852 5468 1975 5523 ani-

319 5561 612 5620 madverti
644 5560 1075 5619 Catholicorum
1120 5555 1272 5613 male
1308 5555 1629 5613 viventium
1661 5559 1976 5631 depositio-

321 5669 467 5712 nem
497 5669 602 5726 pro
634 5656 896 5724 tempore
926 5653 982 5706 et
1012 5665 1072 5705 re
1115 5646 1462 5719 plerumque
1508 5647 1751 5720 differri,
1784 5653 1839 5706 et
1886 5649 1973 5705 in-

2081 3331 2198 3387 lius
2221 3335 2360 3386 tunc
2384 3330 2632 3386 civitatis
2659 3330 2969 3402 episcopus
2995 3331 3344 3399 vectabatur,
3371 3348 3509 3388 casu
3532 3348 3732 3388 excur-

2085 3421 2467 3491 risset.Cujus
2481 3435 2714 3490 quoque
2728 3418 2967 3474 balneas
2984 3419 3067 3474 sic
3081 3419 3452 3476 cxhorruisse
3466 3420 3734 3476 feruntur

2083 3508 2382 3578 Catholici,
2407 3508 2562 3580 quod
2597 3524 2711 3563 non
2734 3506 2925 3563 solum
2947 3524 3082 3562 cum
3116 3507 3235 3575 illo,
3271 3510 3371 3565 sed
3395 3513 3452 3565 et
3482 3510 3608 3566 sine
3635 3509 3734 3566 ilio

2083 3597 2163 3651 ibi
2195 3595 2377 3652 lavari
2409 3599 2801 3661 recusassent,
2845 3596 3191 3667 priusquam
3241 3596 3417 3652 etiam
3449 3597 3576 3653 loca
3605 3598 3733 3670 ipsa

2084 3685 2414 3742 recentibus
2445 3683 2703 3756 lymphis
2721 3683 3075 3755 expiassent.
3097 3687 3280 3750 Quem
3298 3686 3730 3742 Catholicorum

2082 3775 2297 3845 zelum,
2331 3775 2572 3843 bonum,
2607 3772 2920 3827 Catholicis
2944 3772 3220 3827 omnibus
3242 3773 3313 3827 ad
3348 3773 3734 3829 imitationem

2083 3863 2470 3935 propositum,
2509 3877 2578 3915 ne
2601 3861 2736 3931 quis
2767 3864 2932 3931 putet
2961 3861 3020 3914 in
3048 3877 3186 3930 pace
3207 3860 3344 3914 etin
3368 3859 3565 3933 aliqua
3585 3866 3735 3917 tem-

2086 3953 2268 4025 porali
2301 3948 2757 4006 Christianitatis
2789 3947 3050 4019 potentia
3097 3948 3584 4019 demonstratum,
3630 3968 3730 4007 no-

2080 4041 2230 4097 verit
2260 4045 2519 4110 tempore
2567 4036 2914 4092 Arianorum
2961 4037 3380 4108 imperatorum
3411 4042 3467 4094 et
3514 4039 3734 4111 princi-

2083 4147 2226 4203 pum
2256 4129 2366 4184 hoc
2397 4129 2636 4195 factum,
2671 4144 2706 4182 a
2733 4125 2949 4198 quibus
2969 4131 3204 4198 propter
3233 4127 3341 4183 hoc
3371 4127 3501 4200 ipsa
3531 4128 3735 4186 civitas

2083 4220 2219 4275 data
2248 4216 2357 4272 fuit
2386 4215 2603 4288 gladio,
2640 4219 2697 4271 et
2728 4214 3023 4271 trucidata
3054 4217 3310 4272 maxima
3336 4233 3471 4289 pars
3498 4217 3731 4274 civium.

2084 4308 2191 4374 Qui
2224 4310 2444 4379 quanta
2475 4304 2772 4361 alacritate
2809 4304 2880 4360 ad
2913 4309 3159 4361 mortem
3197 4323 3299 4377 pro
3350 4306 3485 4362 ﬁdei
3537 4308 3734 4362 catho-

2082 4397 2206 4452 licae
2240 4395 2601 4452 confessione
2625 4398 3103 4469 properaverant,
3131 4395 3405 4466 quodque
3430 4396 3736 4452 carniﬁces

2085 4486 2248 4559 prius
2279 4485 2615 4540 defecerunt
2633 4483 2984 4557 jugulando,
3021 4499 3198 4555 quam
3220 4482 3410 4539 devoti
3431 4482 3584 4539 cives
3605 4499 3735 4541 esse

2006 4599 2054 4664 Β
2079 4574 2496 4664 jugulantibus
2525 4573 2818 4664 offerendo
2853 4577 2910 4628 et
2941 4571 3574 4664 inge_rendo,-quisq_uis
3595 4588 3735 4627 enu-

2083 4662 2330 4719 cleatius
2361 4678 2534 4718 nosse
2581 4662 2890 4727 desiderat,
2943 4661 3239 4733 praefatam
3289 4659 3594 4716 historiam
3644 4677 3733 4716 re-

2081 4751 2293 4808 volvat.
2329 4750 2413 4807 Ibi
2445 4751 2599 4806 enim
2625 4767 2741 4804 non
2771 4753 3003 4804 tantum
3031 4749 3173 4816 haec,
3198 4749 3296 4804 sed
3320 4752 3376 4804 et
3397 4747 3511 4805 alia
3533 4765 3736 4822 quam-

2085 4839 2342 4914 plurima
2373 4837 2646 4903 ludibria,
2680 4837 2942 4905 verbera,
2977 4835 3236 4908 pericula
3263 4841 3321 4893 et
3350 4838 3586 4894 damna
3622 4840 3734 4894 Ca-

2084 4929 2331 4986 tholicos
2361 4927 2434 4983 ab
2467 4925 2752 4981 haereticis
2793 4942 3101 4998 perpessos
3135 4926 3406 4984 inveniet.
3440 4931 3579 4985 Post
3607 4945 3733 5000 quae

2087 5016 2400 5090 mala,quis
2414 5030 2755 5071 enumerare
2768 5015 3022 5071 sufﬁciet
3037 5032 3069 5088 q
3081 5021 3254 5073 uanta
3268 5019 3598 5074 constantia
3610 5035 3736 5074 cru-

2086 5107 2403 5164 delioribus
2421 5103 2579 5160 omni
2603 5104 2790 5159 bestia
2809 5105 3130 5162 Guandalis
3155 5106 3212 5161 in
3237 5117 3270 5160 Α
3286 5109 3429 5163 frica
3449 5106 3734 5162 catholica

2086 5196 2365 5254 restiterit
2386 5193 2660 5260 Ecclesia,
2675 5193 2851 5250 etiam
2873 5196 2982 5251 sub
3000 5195 3328 5252 innumeris
3349 5200 3407 5250 et
3427 5195 3734 5265 exquisitis

2086 5285 2393 5359 suppliciis
2409 5283 2631 5340 diutius
2646 5283 2833 5338 vivere
2861 5284 3182 5356 compulsa,
3207 5285 3418 5354 vixque
3439 5298 3565 5337 sero
3586 5283 3732 5337 mori

2086 5375 2394 5450 permissa.
2429 5374 2591 5429 Unde
2622 5390 2703 5427 vae
2755 5371 3246 5445 prosperitatibus
3297 5370 3733 5428 Catholicorum

2087 5464 2271 5522 nostri
2295 5463 2594 5536 temporis,
2620 5462 2836 5534 quibus
2858 5461 3192 5518 Christiana
3216 5462 3358 5518 fides
3381 5462 3507 5517 sine
3537 5462 3735 5534 aliqua

2087 5559 2187 5612 aut
2216 5554 2308 5609 vix
2339 5570 2472 5608 cum
2506 5551 2704 5624 aliqua
2734 5552 2825 5608 sui
2859 5568 3219 5623 suarumque
3261 5568 3458 5608 rerum
3499 5553 3734 5624 jactura

2087 5643 2435 5704 subducitur
2451 5645 2506 5700 et
2523 5646 2899 5715 extorquetur
2913 5642 3020 5700 sub
3040 5642 3341 5715 princibu‘s
3362 5641 3736 5701 Christianis-
