4106 6178
510 337 665 401 1218
1543 329 1939 399 APPENDIX
1981 331 2087 398 AD
2129 328 2394 399 OPERA
2433 329 2872 401 HUUBERTL
3690 335 3814 414 un

503 475 721 529 terram
751 486 886 528 cum
917 467 1431 543 exprobationibus
1463 467 1666 525 multis
1689 469 2059 541 projecerint,
2093 472 2150 525 et
2177 470 2232 538 Α
2259 468 2659 528 indiscussum
2690 469 3021 544 relinquitis
3051 469 3206 545 quod
3235 469 3540 546 ignoratis?
3578 474 3674 534 Cur
3712 495 3804 540 rem

505 580 682 636 super
712 560 1059 634 sanguinem
1084 559 1503 632 redemptionis
1535 562 1746 615 nostrae
1779 559 2028 630 pedibus
2051 558 2156 614 im-
2262 576 2438 632 quam
2469 561 2708 618 nescitis
2738 565 2957 618 temere
2987 560 3386 620 confirmatis?

505 652 744 708 mundis
766 649 1130 707 calcaverint.
1151 651 1308 715 Quod
1331 649 1930 704 horrendumfacinus
1955 648 2150 720 ipsum
2329 650 2621 706 Advertite
2651 651 2860 708 saltem
2893 652 3047 724 quod
3079 655 3434 708 accusatores
3458 658 3606 709 voset
3633 657 3808 728 judice:

503 741 801 798 diabolum
835 739 1034 795 debuit
1054 739 1560 795 deterrere.Minus
1583 738 1736 794 enim
1771 743 2154 808 peccaverunt
2259 755 2387 794 esse
2416 738 2475 794 in
2506 740 2711 796 eadem
2743 757 2920 796 causa
2947 757 3064 798 non
3094 739 3506 813 liceat,etquod
3531 746 3643 800 ante
3657 748 3810 817 proba-

500 831 690 887 Judaei
731 828 1235 901 manusimpiasin
1251 830 1453 884 Jesum
1470 829 1768 883 mittentes
1789 827 2152 883 etdeemones
2259 826 2474 883 tionem
2502 829 2793 898 judicium
2821 829 2949 902 lege
2976 845 3093 885 non
3125 829 3246 894 ﬁat,
3290 833 3345 884 et
3390 829 3446 884 in
3497 846 3651 887 causa
3671 838 3811 892 vestra

503 918 1177 991 impellentes,etmilites
1207 916 2149 990 cruciﬁgentes.Perignorantiam
2259 915 2404 972 alios
2456 917 2717 989 iudicare
2765 918 3110 990 permittite,
3161 923 3222 974 et
3269 917 3486 995 Domini
3514 935 3693 993 corpus
3717 929 3811 982 ante

501 1009 655 1065 enim
708 1009 1010 1064 fecerunt:
1060 1008 1105 1063 si
1168 1007 1322 1063 enim
1374 1005 1797 1077 cognovissent,
1845 1021 2147 1076 nunquam

499 1098 815 1153 Dominum
846 1097 1041 1169 gloriae
1075 1096 1498 1150 cruciﬁxissent
1529 1096 1577 1164 (I
1624 1095 1747 1149 Cor.
1800 1111 1861 1157 ιι,
1908 1096 2003 1160 8):
2047 1110 2148 1148 vos

499 1191 693 1242 autem
727 1190 782 1241 et
799 1186 1025 1241 vidistis
1047 1191 1102 1240 et
1119 1184 1758 1249 odistis,et,secundum
1780 1182 2145 1254 prophetam,

497 1277 629 1331 odio
660 1276 974 1330 Dominum
1007 1274 1188 1343 gratis
1219 1272 1646 1327 habuistis.Sed
1685 1275 1832 1334 esto,
1868 1271 1994 1325 luat
2023 1289 2146 1326 ror-

497 1381 609 1436 pus
640 1363 890 1430 Domini,
925 1364 1102 1432 quod,
1141 1378 1273 1415 cum
1305 1362 1474 1431 panis
1505 1365 1677 1425 esset,
1731 1377 1971 1432 azymus
2001 1361 2144 1426 fuit;

497 1453 738 1524 sanguis
769 1453 897 1521 ejus
929 1451 1066 1520 quid
1105 1449 1319 1504 meruit
1351 1455 1414 1504 ut
1443 1451 1836 1504 effunderetur
1869 1454 1924 1504 et
1955 1449 2144 1504 calca-

498 1545 677 1606 retur,
711 1541 800 1594 cui
838 1540 1096 1595 nondum
1129 1539 1446 1595 auctoritas
1471 1543 1664 1594 vestra
1710 1538 2145 1594 condemnatio-

496 1629 589 1683 nis
620 1628 969 1685 sententiam
1001 1629 1207 1684 dedit?

567 1718 678 1773 Sed
714 1717 952 1773 forsitan
984 1734 1098 1772 non
1130 1717 1653 1773 consensistis.Cur
1684 1717 1863 1789 igitur
1892 1715 2144 1772 Michae-

2251 1005 2542 1076 judicium
2577 1008 2966 1063 condemnare
2997 1006 3197 1062 nolite.

2330 1095 2480 1162 Quod
2510 1095 2784 1151 Christum
2811 1098 2874 1150 in
2891 1099 3220 1167 fermentata
3259 1095 3456 1168 pascha
3484 1097 3734 1156 celebrasse
3749 1118 3811 1156 as-

2257 1192 2459 1240 serunt.
2491 1185 2808 1258 Arguimus
2836 1186 2990 1256 quod
3007 1185 3323 1241 Dominum
3370 1189 3495 1241 ante
3516 1188 3810 1258 quartamde-

2256 1271 2468 1328 cimam
2503 1273 2705 1328 lunam
2735 1273 2954 1346 pascha
2983 1279 3185 1330 contra
3212 1273 3394 1346 legem
3431 1275 3634 1342 fecisse,
3674 1277 3743 1333 vel
3766 1278 3806 1333 in

2257 1362 2694 1432 quartadecima
2725 1363 3075 1418 fermentum
3105 1363 3456 1420 comedendo
3483 1363 3690 1421 violasse
3711 1382 3811 1421 con-

2255 1449 2520 1515 tenditis,
2581 1455 2640 1507 et
2686 1451 2769 1507 ic
2814 1455 3309 1525 transgressorem
3353 1451 3508 1523 legis,
3551 1457 3600 1508 et
3629 1453 3810 1511 solvisse

2254 1537 2441 1610 legem
2475 1543 2792 1611 antequam
2823 1540 3186 1612 impleretur,
3220 1540 3475 1597 astruitis
3495 1543 3650 1612 ;quod
3674 1542 3810 1598 Evan-

2254 1627 2471 1700 gelium
2503 1629 2692 1701 prima
2715 1630 2811 1685 die
2841 1645 3199 1703 azymorum,
3233 1631 3388 1702 quod
3417 1630 3609 1686 dicitur
3632 1631 3809 1703 pascha,

2254 1717 2436 1773 fuisse
2465 1722 2970 1787 commemorat,et
2989 1717 3259 1775 Christus
3289 1731 3402 1773 non
3432 1719 3500 1774 ad
3529 1717 3809 1788 solvendam,

493 1807 608 1862 lem
645 1807 1036 1878 patriarcham
1086 1807 1237 1861 inter
1283 1823 1448 1862 sacra
1493 1806 1808 1860 missarum
1859 1805 2146 1860 solemnia
2177 1859 2218 1880 η
2254 1807 2355 1861 sed
2387 1807 2460 1862 ad
2491 1806 2850 1879 implendam
2867 1807 3056 1880 legem
3074 1823 3136 1863 se
3153 1807 3383 1864 venisse
3403 1807 3807 1871 conﬁrmatouod

493 1894 965 1951 commemoratis
984 1895 1012 1950 ?
1029 1895 1142 1950 Cur
1159 1895 1402 1950 Leonem
1423 1895 1777 1950 Acridanum
1801 1894 2139 1966 episcopum

491 1988 550 2040 et
579 1985 836 2040 Nicetam
867 1985 1138 2041 abbatem
1173 1985 1243 2040 de
1272 1985 1476 2040 Studio
1505 1985 1576 2039 de
1619 1984 1910 2056 diptychis
1958 1983 2139 2039 sacris

493 2091 608 2130 non
640 2073 844 2130 deletis
864 2074 1221 2130 ?Curadhuc
1237 2075 1292 2128 in
1309 2074 1592 2130 sacrificio
1615 2077 1815 2130 nostro
1838 2071 2138 2128 Dominico

491 2163 763 2236 sanguini
793 2156 908 2219 ncin
939 2164 1393 2220 communicatis
1412 2164 1440 2217 ?
1468 2165 1579 2220 Sed
1612 2180 1681 2218 ex
1711 2167 1979 2219 contactu
2012 2179 2136 2218 cor-

490 2253 649 2325 poris
669 2252 910 2323 sanguis
942 2253 1188 2308 fortasse
1217 2251 1737 2323 polluitur;legitur
1761 2251 1940 2307 enim:
1973 2251 2134 2314 Quod

487 2340 864 2396 immundum
895 2339 1553 2411 tetigerit,immundum
1577 2339 1828 2395 efﬁcitur
1857 2342 2133 2410 (Levitxx,

485 2430 598 2500 26).
631 2428 739 2483 Sed
773 2444 879 2483 nos
907 2444 1172 2484 seorsum
1193 2445 1402 2501 corpus
1417 2432 1472 2484 et
1503 2445 1768 2485 seorsum
1785 2428 2134 2501 sanguinem

487 2515 1244 2584 sumimus,necintinctum
1267 2533 1476 2588 panem
1490 2519 1690 2573 datum
1718 2517 1994 2587 cuiquam
2020 2515 2134 2572 nisi

484 2605 649 2662 Judze
698 2606 965 2662 traditori
1015 2607 1444 2679 cognoscimus.
1496 2607 1575 2662 De
1624 2624 1862 2679 corpore
1901 2622 2133 2679 quoque

483 2694 697 2752 Christi
729 2699 954 2768 quanta
982 2696 1332 2752 sententiam
1383 2699 1636 2752 vestram
1677 2697 2011 2752 absurditas
2041 2712 2131 2752 se-

483 2787 717 2857 quatur,
765 2784 976 2840 videte.
1035 2785 1093 2840 Si
1143 2785 1298 2841 enim
1346 2803 1558 2858 corpus
1614 2784 1846 2841 Domini
1895 2784 2131 2840 creditis

483 2874 636 2946 quod
668 2891 738 2929 ex
767 2889 966 2946 azymo
997 2891 1147 2946 pane
1177 2876 1613 2943 conficitur,cur
1643 2892 1758 2931 non
1808 2874 2131 2947 recipitur?

480 2979 586 3018 cur
613 2979 730 3018 non
762 2967 829 3017 ut
855 2957 1223 3020 Dominicum
1247 2966 1525 3022 adoretur
1544 2967 1572 3022 ‘I
1594 2982 1698 3022 cur
1717 2981 1789 3021 ne
1817 2966 1919 3022 ﬁat
1948 2965 2128 3021 inter-

481 3049 696 3106 dicitur
712 3050 740 3106 ?
771 3066 878 3106 cur
905 3051 1139 3124 injuriis
1165 3053 1444 3110 lacesitur
1460 3055 1488 3110 ?
1510 3071 1613 3110 cur
1635 3054 2052 3128 imperfectum
2073 3057 2130 3110 et

2172 1859 2220 1924 B

2251 1894 2454 1967 utique
2484 1912 2601 1952 non
2634 1896 2882 1961 fecisset,
2931 1896 2981 1952 si
3028 1900 3345 1969 antequam
3396 1895 3705 1968 impleretur,
3728 1897 3806 1952 fer-

2249 1989 2514 2040 mentum
2558 1985 2916 2041 comedendo
2963 1983 3256 2040 solvisset.
3307 1985 3464 2041 Unde
3516 1985 3806 2055 consequitur

2249 2074 2401 2144 quod
2435 2078 2738 2145 peccatum
2770 2073 3055 2129 Dominus
3086 2069 3313 2143 fecerit,
3345 2077 3402 2129 et
3430 2073 3485 2128 in
3514 2089 3600 2128 ore
3619 2074 3719 2144 ejus
3739 2073 3810 2128 do-

2246 2160 2339 2217 lus
2369 2162 2562 2232 fuerit,
2586 2164 2756 2234 juxta
2787 2162 3139 2220 sententiam
3171 2179 3367 2231 suam,
3399 2167 3459 2220 ut
3485 2166 3802 2234 transgressor

2247 2250 2394 2324 legis
2425 2252 2680 2325 perierit.

2319 2342 2481 2413 Quod
2527 2345 2916 2414 fermentatum
2965 2343 3280 2399 animatum
3324 2341 3517 2397 dicunt.
3567 2338 3809 2412 Arguimus

2245 2432 2398 2502 quod
2431 2432 2846 2488 fermentatum
2879 2445 3090 2504 panem
3132 2431 3462 2488 animatum
3491 2427 3742 2492 asseritis;
3767 2426 3808 2480 in

2245 2535 2362 2591 qua
2390 2520 2680 2575 sententia
2709 2535 2814 2576 nec
2836 2521 3018 2577 Vetus
3046 2520 3242 2589 vobis,
3275 2536 3378 2576 nec
3423 2519 3626 2575 Novum
3667 2517 3810 2572 Testa-

2243 2612 2506 2664 mentum
2536 2609 2860 2678 consentit;
2891 2623 2999 2666 nec
3029 2607 3254 2682 aliquis
3276 2608 3624 2682 physicorum
3650 2617 3809 2661 novum

2241 2698 2350 2753 hoc
2380 2698 2618 2765 animai,
2654 2698 2771 2755 imo
2819 2715 3035 2756 novum
3087 2703 3450 2771 portentum,
3482 2699 3663 2769 praeter
3699 2691 3810 2750 solos

2241 2787 2469 2843 Manich
2478 2803 2612 2856 aaos,
2645 2787 3094 2852 conﬁxit.Quam
3112 2787 3528 2861 i-nopinabilem
3547 2783 3810 2857 opinionem

2239 2875 2390 2932 inter
2409 2876 2659 2933 haereses
2680 2877 3133 2934 Manichaeorum
3165 2883 3374 2934 sancta
3382 2878 3502 2950 jam
3518 2875 3810 2931 dudumoon-

2239 2963 2535 3022 demnavit
2555 2957 2835 3022 Ecclesia.

2308 3055 2459 3123 Quod
2487 3057 2736 3111 animum
2760 3057 2926 3127 panis
2946 3056 3231 3112 Christum
3249 3055 3520 3127 uiviﬁcare
3533 3048 3806 3109 contendant.

481 3138 872 3195 inanimatum
901 3142 1191 3198 vocatur?
1213 3161 1318 3199 cur
1331 3160 1461 3199 cum
1485 3143 1978 3200 sacriﬁcatoribus
2003 3143 2126 3199 suis
2235 3143 2558 3215 Arguimus
2589 3143 2744 3217 quod
2778 3143 3036 3199 animam
3069 3144 3245 3216 panis
3269 3143 3480 3200 Christi
3507 3155 3691 3211 corpus
3707 3135 3807 3190 vivi-

482 3229 554 3284 ab
585 3228 840 3285 ecclesiis
870 3229 1257 3302 pellitur70ur
1286 3233 1706 3290 etfermentum
1739 3233 2127 3305 praeponitur?
2155 3232 2198 3298 C
2238 3232 2413 3288 ficere
2461 3231 2832 3290 contenditis.
2883 3231 3162 3304 Nunquid
3213 3233 3365 3289 duas
3427 3229 3634 3288 animas
3679 3224 3808 3280 habet

480 3335 585 3375 cur
614 3319 865 3374 cultores
894 3321 1024 3390 ejus
1057 3339 1090 3376 a
1121 3322 1530 3378 communione
1569 3322 1978 3395 suspenditié?
2024 3339 2128 3378 cur

480 3407 760 3478 azymitas
816 3409 1079 3463 vocatis?
1136 3409 1412 3482 Nunquid
1462 3411 1666 3466 habuit
1723 3413 1839 3467 duo
1885 3427 2129 3483 corpora

479 3494 798 3550 Christus?
845 3512 1028 3551 unum
1076 3499 1419 3569 perfectum,
1473 3498 1630 3554 aliud
1675 3499 2126 3571 imperfectum;

481 3599 666 3638 unum
690 3583 1606 3652 animatum,aiiudinanimatum
1625 3605 1828 3655 ;unum
1856 3605 2125 3662 azymum

479 3670 638 3727 aliud
669 3671 1296 3740 fermentatum;unum
1319 3675 1742 3747 significans,et
1762 3677 1919 3733 aliud
1944 3677 2125 3750 signi-

477 3761 713 3817 ﬁcatum
733 3761 904 3828 ?0uis
927 3763 1048 3819 haec
1078 3764 1149 3820 de
1181 3781 1418 3836 corpore
1450 3764 1663 3821 Christi
1704 3766 1958 3838 cogitare
1980 3783 2123 3839 prue-

477 3850 678 3919 sumit,
712 3851 822 3906 nisi
856 3853 954 3924 qui
987 3852 1285 3909 Christum
1311 3871 1416 3910 nec
1446 3859 1737 3911 reveretur
1766 3872 1871 3912 nec
1903 3857 2127 3913 credit?

477 3939 591 3994 nisi
625 3940 725 4010 qui
757 3941 1066 3997 manifeste
1096 3942 1511 4015 blasphemat?
1550 3943 1660 4000 nisi
1695 3945 1793 4016 qui
1825 3945 2123 4002 Christum

475 4027 739 4083 scieuset
764 4030 1024 4100 prudens
1055 4030 1411 4104 impugnat?
1450 4033 1620 4096 Quod
1672 4033 1721 4090 si
1763 4051 1975 4105 panem
1993 4052 2123 4108 azy-

477 4131 640 4170 mum
655 4115 777 4171 fieri
792 4133 1004 4188 corpus
1035 4119 1248 4175 Christi
1282 4121 1533 4194 negatis,
1570 4139 1676 4178 cur
1714 4122 2121 4195 imperfectum

476 4203 700 4276 negatis
722 4205 749 4258 ?
778 4205 902 4260 Non
937 4205 1091 4260 enim
1113 4207 1516 4280 imperfectum
1537 4210 1752 4266 Christi
1769 4228 1981 4284 corpus
2011 4215 2120 4280 est,

475 4294 630 4364 quod
647 4291 806 4348 nullo
843 4296 1242 4368 modocorpus
1273 4299 1400 4368 ejus
1436 4300 1571 4354 est?
1598 4300 1712 4355 Cur
1733 4300 1984 4373 denique
2016 4317 2122 4358 nos

473 4378 725 4434 Christia
739 4397 845 4436 nos
859 4381 1228 4438 habetis?cur
1245 4402 1357 4439 non
1373 4385 1784 4444 utidololatras
1797 4389 2122 4444 condemua

474 4466 548 4522 tis
568 4469 596 4522 ?
625 4468 847 4525 idolum
874 4471 1029 4526 enim
1055 4477 1163 4538 est,
1197 4472 1246 4528 si
1272 4475 1441 4545 panis
1474 4492 1712 4548 azymus
1743 4479 2018 4534 adoretur
2056 4484 2123 4534 ut

474 4559 643 4612 Deus.
678 4559 794 4613 Cur
832 4559 982 4616 hanc
1013 4559 1429 4634 impiissimam
1450 4563 1717 4620 haeresim
1750 4566 1982 4637 publice
2004 4585 2117 4624 non

471 4647 782 4704 confutatis
802 4649 946 4705 ?cur
985 4667 1121 4706 cum
1156 4651 1378 4708 czeteris
1418 4652 1702 4709 haereticis
1737 4654 2028 4713 Romanos
2057 4656 2118 4712 in

469 4735 729 4792 Ecclesia
759 4755 873 4793 non
903 4740 1414 4797 anathematizatis
1436 4740 1464 4794 ?
1505 4741 1658 4798 Nihil
1691 4743 1849 4799 enim
1879 4749 1969 4800 est
1998 4761 2118 4800 me-

470 4824 633 4879 dium
661 4841 674 4878 :
703 4830 804 4880 aut
832 4843 1044 4899 corpus
1073 4835 1163 4884 est
1193 4829 1428 4897 Christi,
1467 4835 1524 4886 et
1553 4831 1827 4888 omnibus
1873 4834 2118 4889 adoran-

468 4912 646 4981 dum;
677 4918 779 4968 aut
809 4931 1020 4987 corpus
1051 4918 1181 4987 ejus
1212 4935 1326 4974 non
1358 4924 1466 4985 est,
1501 4924 1558 4975 et
1599 4924 1664 4976 ut
1709 4921 1930 4977 idolum
1980 4939 2116 4978 con-

467 5002 873 5058 temnendum.
907 5005 1016 5060 Sed
1043 5007 1196 5061 unde
1226 5009 1491 5078 probatis
1522 5010 1677 5079 quod
1729 5026 1944 5082 corpus
1989 5013 2118 5084 ejus

467 5106 584 5146 non
616 5091 736 5158 fiat,
767 5108 901 5148 cum
950 5093 1151 5150 nullus
1197 5096 1502 5181 doctorum
1552 5098 1660 5154 hoc
1710 5101 1920 5172 sapiat,
1956 5101 2118 5158 nulla

468 5181 726 5253 synodus
756 5183 1160 5239 contradicat?
1179 5188 1294 5240 Cur
1323 5193 1526 5242 contra
1545 5203 1796 5244 canones
1810 5189 2116 5246 ecclesias-

465 5269 612 5326 ticos
644 5272 987 5329 traditiones
1019 5275 1392 5331 contemnitis
1413 5276 1559 5332 ?Cur
1588 5279 1824 5350 synodis
1859 5281 2014 5350 quod
2043 5280 2114 5335 de

464 5375 701 5430 corpore
731 5361 943 5426 Christi
977 5379 1091 5418 non
1123 5363 1342 5420 habent
1373 5365 1666 5438 apponitis
1686 5366 1878 5432 ?Quid
1914 5384 2115 5440 azymo

461 5446 550 5502 vel
581 5448 859 5507 fermento
889 5469 1024 5508 cum
1057 5470 1295 5526 corpore
1327 5454 1538 5510 Christi
1566 5459 1588 5510 Ρ
1632 5455 1903 5528 Nunquid
1942 5458 2112 5530 panis

465 5537 572 5602 est,
619 5539 683 5591 ut
727 5555 967 5615 azymus
999 5541 1084 5597 sic
1119 5541 1554 5599 fermentatus?
1596 5544 1710 5600 Cur
1754 5561 1868 5601 non
1924 5547 2114 5621 magis

2236 3321 2525 3391 Christus,
2558 3321 2798 3378 alteram
2829 3321 3088 3377 hominis
3127 3325 3189 3377 et
3228 3317 3468 3378 alteram
3512 3314 3697 3391 panis?
3737 3313 3809 3366 aut

2235 3411 2391 3468 sicut
2419 3411 2588 3484 panis
2617 3411 2676 3467 in
2708 3419 2942 3467 carnem
2971 3409 3192 3467 Christi
3225 3414 3502 3476 mutatur,
3539 3407 3616 3464 sic
3661 3402 3808 3460 anima

2235 3501 2406 3572 panis
2426 3501 2485 3556 in
2516 3500 2776 3556 animam
2803 3499 3016 3556 Christi
3047 3498 3455 3555 convertitur?
3495 3511 3561 3553 an
3603 3493 3804 3549 animam

2236 3603 2405 3646 suam
2436 3589 2705 3645 Christus
2736 3587 3001 3657 dimittit,
3036 3591 3092 3644 et
3121 3589 3380 3644 animam
3416 3585 3573 3659 panis
3589 3573 3809 3639 admittit?

2235 3678 2521 3751 nunquid,
2555 3679 2603 3735 si
2637 3678 2805 3751 panis
2834 3677 3034 3734 anima
3057 3673 3266 3744 deerit,
3281 3676 3494 3733 Christi
3520 3687 3700 3745 corpus
3715 3665 3806 3724 ani-

2235 3772 2459 3824 matum
2482 3785 2597 3825 non
2629 3768 2740 3824 erit
2758 3770 2898 3838 [chr
2927 3779 3042 3822 non
3065 3763 3370 3823 advertitis
3384 3764 3806 3838 quod,antequam

2235 3856 2489 3914 offeratis
2518 3873 2674 3925 eum,
2709 3856 3017 3922 ceciditur,
3052 3854 3257 3912 lancea
3300 3855 3629 3927 perforatur,
3673 3865 3700 3904 α
3722 3848 3809 3900 toto

2233 3961 2340 4001 suo
2372 3945 2658 4017 particula
2688 3961 2816 4018 quae
2848 3943 3175 4002 consecrari
3209 3945 3383 4001 debet
3411 3939 3746 3999 abscinditur,
3771 3932 3810 3986 et

2232 4034 2611 4090 detruncatus
2635 4035 2762 4106 jam
2788 4039 2844 4091 et
2873 4033 3248 4090 exanimatus
3278 4035 3351 4090 ad
3375 4033 3553 4089 altare
3573 4019 3812 4116 portatur?

2234 4139 2349 4178 non
2379 4123 2535 4179 enim
2567 4124 2765 4180 anima
2794 4124 2972 4179 dividi
2996 4125 3284 4196 potest,ut
3305 4121 3498 4178 divise:
3526 4121 3693 4194 partes
3708 4110 3816 4168 divi-

2232 4212 2428 4268 siones
2457 4228 2690 4284 quoque
2719 4212 3009 4268 retineant
3049 4212 3281 4268 animas.
3335 4211 3444 4268 Sed
3487 4212 3618 4274 esto,
3665 4201 3815 4276 partes

2231 4301 2406 4356 etiam
2437 4307 2674 4373 prepter
2701 4302 3056 4357 fermentum
3087 4301 3345 4357 habeant
3385 4299 3644 4357 animum.
3683 4284 3810 4353 Quid,

2232 4406 2364 4445 cum
2393 4390 2560 4462 panis
2591 4395 2906 4446 evacuatus
2939 4389 3134 4458 fuerit,
3165 4391 3218 4446 ei
3251 4389 3494 4446 omnino
3520 4383 3812 4442 fermentum

2229 4480 2439 4534 anima)
2470 4478 3000 4550 desierit,nunqnid
3029 4477 3208 4535 etiam
3232 4483 3376 4535 tunc
3406 4476 3592 4534 anima
3618 4485 3708 4526 sua
3725 4477 3814 4519 ma-

2231 4569 2414 4638 nebit,
2447 4572 2507 4624 et
2537 4583 2754 4640 corpus
2781 4567 3013 4624 Domini
3041 4567 3482 4624 viviﬁca‘bitur?
3524 4560 3672 4636 panis
3696 4552 3812 4649 eui-ul

2229 4655 2428 4714 altaris
2460 4660 2613 4712 totus
2641 4656 2701 4712 in
2733 4671 2967 4720 carnem
2999 4656 3212 4714 Christi
3241 4654 3607 4717 convertitur,

2230 4746 2366 4818 quid
2403 4749 2622 4800 naturae
2655 4745 2822 4818 panis
2852 4747 3063 4818 praeter
3089 4745 3350 4818 speciem
3379 4742 3558 4800 solam
3587 4735 3813 4818 τοιξυρηξ.

2226 4816 2591 4890 tur.Curnon
2622 4816 2925 4891 attend-itis
2937 4816 3217 4907 quoniam
3227 4833 3512 4890 Dominus
3525 4824 3663 4901 quod
3674 4816 3811 4880 dedit,

2227 4923 2417 4996 fregit,
2450 4937 2663 4995 corpus
2692 4939 2866 4980 suum
2886 4923 3131 4994 vocavit,
3155 4921 3432 4996 discipuli
3461 4916 3605 4992 quod
3626 4920 3812 5004 accepa-

2226 4995 2364 5068 runt
2393 5013 2894 5069 manducaverunt
2911 5012 2940 5066 ‘?
2963 5012 3242 5086 Nunquid
3277 4995 3473 5068 anima
3499 5018 3690 5077 corpus
3706 4995 3812 5086 dici:

2225 5106 2324 5158 tur
2349 5105 2373 5158 Ρ
2395 5099 2660 5172 nunquid
2686 5100 2976 5174 frangitur
2995 5101 3024 5156 ?
3051 5077 3323 5174 nunquid
3351 5077 3810 5160 eomediturttquod

2227 5189 2603 5264 Evangelium
2635 5187 2796 5246 dedit
2831 5189 2981 5246 hanc
3028 5189 3254 5248 fidem?
3293 5189 3433 5256 Quis
3476 5178 3808 5269 apostolatus!

2225 5261 2423 5336 docuit
2452 5279 2604 5336 hanc
2634 5277 2922 5336 Dominici
2951 5281 3210 5356 corporis
3238 5261 3808 5336 viviﬁcationethP

2224 5369 2512 5442 genianus
2541 5373 2648 5438 est,
2693 5385 2810 5426 non
2858 5369 3178 5426 catholicus
3225 5383 3456 5435 sensus,
3502 5365 3564 5419 nt
3609 5355 3805 5448 etiamin

2224 5439 2431 5514 animae
2462 5459 2524 5513 in
2554 5459 2803 5515 aliorum
2833 5461 3136 5516 transeant
3156 5473 3421 5532 corpora,
3441 5448 3508 5510 et
3532 5457 3625 5526 pro
3655 5439 3805 5499 metm

2222 5547 2506 5621 qualitate
2533 5547 2624 5605 vel
2655 5548 2896 5606 meliora
2925 5549 3244 5606 sortiantur
3269 5546 3361 5604 vel
3386 5539 3667 5602 deteriora.
