4106 6178
314 313 470 379 42η

1208 321 1438 385 FRAﬂ.
1478 318 2082 385 DISPUTATIQNIS
2123 323 2434 385 CONTRA
2481 314 2832 392 GRAECOS.

3562 341 3586 398 1
3599 337 3716 399 218

389 449 538 519 Quod
557 451 752 509 lancea
796 468 990 528 corpus
1021 455 1222 518 Christi
1257 459 1591 528 percutiant.
1636 456 1961 530 Arguimus
1993 456 2046 522 Α
2075 455 2442 515 vulneratum
2476 463 2582 528 est,
2617 477 2750 516 cum
2784 461 2984 517 lancea
3011 462 3166 519 latus
3197 467 3324 536 ejus
3358 471 3718 538 perforatum

317 540 472 611 quod
508 537 712 596 lancea
769 557 980 614 corpus
1029 543 1243 600 Christi
1287 545 1611 617 percutitis,
1634 544 1744 601 hoc
1798 545 1955 601 enim

312 627 585 684 Christus
617 646 732 685 non
753 631 905 700 fecit,
939 630 1047 688 hoc
1073 631 1134 688 in
1158 633 1753 690 commemorationem
1786 651 1958 690 suam

311 717 636 789 discipulos
666 718 854 775 facere
883 736 1258 794 nequaquam
1287 722 1546 779 instituit
1571 740 1583 778 :
1615 745 1643 773 «
1677 723 1954 795 Accipite,

311 805 477 874 dixit,
528 811 586 862 et
642 809 947 876 comedite,
972 832 1000 859 »
1052 827 1166 866 non
1194 810 1458 878 occidite,
1485 811 1575 867 vel
1605 811 1804 867 lancea
1834 828 1958 884 per-

308 896 512 951 cutite.
535 895 805 952 Christus
837 914 942 953 nec
973 898 1233 971 seipsum
1251 899 1484 968 occidit,
1510 916 1613 958 nec
1635 899 1956 972 discipulos

309 984 574 1040 occidere
586 985 790 1056 jussit.
817 985 1052 1054 Milites,
1068 1004 1182 1044 non
1198 988 1790 1060 apostoli,Dominum
1813 990 1958 1044 occi-

308 1074 562 1130 derunt:
617 1071 866 1145 milites,
909 1093 1024 1132 non
1081 1076 1352 1150 apostoli,
1385 1076 1590 1133 lancea-
1628 1076 1784 1134 latus
1827 1078 1956 1149 ejus

310 1163 770 1236 perforaverunt.
793 1169 910 1221 Nec
929 1164 1156 1222 vivebat
1185 1165 1470 1222 Dominus
1516 1166 1669 1221 sicut
1705 1167 1956 1222 fermen-

310 1257 439 1307 tum
470 1257 753 1320 vestrum,
788 1269 920 1308 cum
946 1253 1102 1310 latus
1131 1254 1260 1326 ejus
1292 1255 1653 1326 perforatur;
1681 1255 1787 1311 sed
1810 1272 1958 1312 mor-

309 1347 448 1397 tuus
469 1345 613 1408 erat,
637 1359 728 1410 ne,
761 1343 1032 1398 cruribus
1071 1344 1272 1399 fractis
1322 1343 1638 1409 latronum,
1666 1361 1731 1399 os
1787 1361 1854 1399 ex
1893 1361 1959 1400 eo

313 1449 429 1486 non
478 1431 992 1488 comminueretur.
1027 1433 1301 1500 Quamvis
1352 1431 1556 1489 lancea
1583 1440 1775 1489 vestra
1820 1450 1958 1502 non,

312 1521 466 1577 sicut
477 1520 735 1592 jactatis,
769 1538 960 1594 usque
991 1523 1063 1578 ad
1103 1522 1452 1582 occisionem
1504 1523 1718 1579 Christi
1760 1541 1957 1595 perve-

313 1609 474 1677 niat;
498 1626 601 1664 nec
630 1626 845 1682 corpus
875 1610 1113 1679 Christi,
1140 1612 1241 1667 sed
1274 1611 1466 1669 solum
1499 1628 1712 1684 panem
1753 1629 1958 1684 percu-

313 1697 424 1752 tiat
447 1716 460 1765 ;
487 1700 749 1755 nondum
779 1700 936 1756 enim
966 1704 1054 1756 est
1083 1717 1238 1769 caro,
1263 1701 1366 1757 sed
1397 1718 1582 1773 purus
1605 1701 1958 1774 panis,quod

313 1786 633 1857 lanceatis;
684 1792 742 1843 et
787 1789 1202 1845 fermentatum
1264 1791 1573 1859 viventem,
1643 1795 1960 1864 antequam
1993 1829 2042 1894 Β

316 1875 612 1931 Christum
645 1877 937 1933 viviﬁcare
968 1878 1175 1950 possit,
1209 1879 1493 1935 occiditis.

390 1965 538 2032 Quod
567 1967 627 2021 in
661 1970 811 2022 terra
839 1983 1034 2039 corpus
1065 1967 1270 2023 Christi
1314 1969 1599 2040 sepeliant.
1643 1969 1962 2043 Arguimus

315 2054 470 2126 quod
506 2055 564 2108 in
591 2059 746 2110 terra
783 2072 996 2128 corpus
1033 2055 1262 2111 Domini
1314 2056 1593 2130 sepelitis,
1647 2063 1704 2113 et
1761 2064 1964 2114 contra

314 2143 678 2215 Scripturam
709 2144 1140 2216 corruptionem
1171 2145 1364 2202 videre
1421 2145 1806 2218 compellitis:
1860 2148 1964 2202 Do-

315 2232 516 2287 minus
562 2233 718 2288 enim
768 2251 978 2306 corpus
1022 2251 1197 2291 suum
1241 2236 1540 2292 comedere
1585 2236 1789 2306 jussit,
1849 2254 1961 2292 non

316 2321 598 2394 sepelire;
622 2326 680 2378 et
709 2322 982 2395 discipuli
1010 2325 1408 2393 comederunt,
1442 2341 1554 2380 non
1580 2324 1958 2398 sepelierunt.

315 2410 434 2466 Vos
463 2416 681 2477 autem,
712 2429 826 2467 non
858 2417 1168 2484 sequentes
1189 2413 1502 2485 apostolos,
1524 2415 1581 2470 in
1615 2413 1808 2472 lacum
1838 2432 1962 2472 cor-

318 2500 612 2572 ruptionis
635 2500 956 2572 projicitis;
989 2505 1046 2556 et
1067 2502 1350 2574 Spiritum
1380 2508 1652 2558 sanctum
1703 2505 1803 2575 qui
1862 2521 1965 2577 per

318 2589 664 2661 prophetam
686 2590 865 2646 dixit:
899 2613 927 2642 ‹‹
953 2590 1076 2646 Non
1095 2591 1262 2652 dabis
1283 2597 1553 2650 sanctum
1581 2596 1748 2648 tuum
1773 2593 1967 2650 videre

317 2678 752 2750 corruptionem
785 2679 955 2750 (Psal.
984 2695 1078 2747 xv,
1108 2681 1217 2752 t0),
1253 2703 1282 2730 »
1314 2681 1546 2736 mentiri
1589 2682 1964 2754 compellitis,

319 2767 422 2840 qui
453 2768 884 2840 corruptionem
916 2785 1051 2824 eum
1091 2769 1305 2841 videre,
1365 2773 1654 2842 quantum
1693 2771 1753 2827 in
1803 2774 1966 2830 vobis

323 2860 433 2923 est,
468 2856 676 2914 facitis.

391 2946 544 3016 Quod
571 2947 713 3004 illud
741 2963 867 3002 cum
912 2965 1059 3021 aqua
1114 2948 1298 3004 calida
1354 2953 1594 3005 sumant.
1655 2950 1968 3023 Arguimus

319 3037 477 3108 quod
507 3053 721 3109 corpus
751 3037 982 3093 Domini
1005 3054 1138 3092 cum
1159 3037 1288 3094 cibo
1309 3039 1628 3108 communi,
1650 3039 1706 3094 id
1726 3045 1813 3096 est
1834 3059 1967 3099 cum

315 3142 478 3197 aqua
502 3124 705 3194 calida,
735 3125 972 3182 sumitis
1001 3143 1014 3182 :
1048 3125 1173 3182 Non
1206 3127 1364 3183 enim
1390 3127 1654 3184 Christus
1676 3128 1970 3186 hocinsti-

2068 548 2172 599 est.
2203 545 2478 618 Nunquid
2510 548 2688 604 habet
2709 554 2916 606 natura
2939 555 3004 607 ut
3026 569 3236 625 corpus
3268 556 3395 626 ejus
3418 564 3714 615 mortuum

2068 633 2275 701 caleat,
2305 652 2439 690 cum
2471 635 2528 691 in
2553 654 2618 692 eo
2648 638 2763 692 vita
2796 657 2908 694 non
2947 641 3138 713 fuerit,
3164 659 3297 698 cum
3339 645 3466 715 jam
3525 647 3717 704 vitalis

2067 722 2224 777 calor
2237 726 2696 782 recesserit?Sed
2716 728 2958 784 forsitan
2975 729 3084 785 hoc
3119 732 3489 804 privilegium
3513 735 3720 790 habuit

2067 813 2437 868 Dominicum
2472 830 2704 886 corpus.
2742 817 2902 872 Unde
2948 819 3206 890 probatis
3232 821 3259 875 ?
3311 822 3414 876 Ubi
3475 823 3718 896 legitis?

2068 902 2201 966 Quae
2224 901 2524 973 Scriptura
2545 905 2747 960 docet?
2765 907 2924 970 Quod
2950 908 3327 978 Evangelium
3360 911 3584 967 habet?
3605 917 3721 968 Aut

2067 989 2138 1043 de
2163 989 2462 1062 Scriptura
2492 994 2647 1063 quod
2680 995 2950 1065 profertis
2985 997 3252 1067 probate,
3285 1005 3385 1053 aut
3435 1017 3715 1071 praesum-

2069 1077 2252 1149 ptioni
2283 1079 2466 1134 solitae
2496 1083 2650 1152 quod
2685 1082 2986 1154 Scriptura
3022 1102 3134 1142 non
3170 1085 3344 1141 habet
3384 1091 3676 1145 ascribite.

2140 1167 2290 1235 Quod
2309 1171 2494 1239 pueris
2523 1179 2648 1224 ante
2704 1171 2848 1226 diem
2904 1176 3197 1243 septimum
3243 1176 3573 1247 baptismum
3629 1197 3719 1234 ne-

2065 1258 2530 1329 gent.Arguimns
2563 1260 2717 1329 quod
2750 1277 2926 1331 puero
2958 1278 3158 1318 recens
3192 1268 3327 1319 nato
3356 1265 3714 1337 baptismum

2069 1348 2201 1400 ante
2233 1346 2548 1416 septimum
2574 1347 2727 1402 diem
2762 1349 2988 1420 negatis
3024 1368 3036 1416 ;
3073 1368 3186 1405 non
3219 1352 3374 1407 enim
3435 1354 3718 1411 Dominus

2069 1438 2290 1488 certum
2323 1434 2476 1490 diem
2503 1436 2558 1489 in
2587 1437 2877 1508 baptismo
2901 1438 3225 1504 constituit,
3261 1458 3363 1495 nec
3402 1444 3717 1513 septimum

2069 1523 2223 1578 diem
2239 1523 2425 1594 primo
2440 1524 2553 1579 dici
2577 1526 2894 1597 prroposuit
2914 1544 2926 1594 ;
2944 1527 3042 1582 sed
3063 1527 3409 1600 simpliciter
3428 1535 3482 1585 et
3499 1532 3721 1604 absque

2069 1610 2298 1667 fallacia
2323 1612 2562 1668 mittens
2594 1613 2666 1668 ad
2699 1615 3116 1686 baptizandum
3149 1617 3490 1689 discipulos,
3526 1620 3671 1674 dixit
3699 1639 3712 1676 :

2076 1724 2096 1750 α
2129 1700 2234 1763 Qui
2257 1702 2567 1756 crediderit
2624 1708 2679 1757 et
2738 1705 3066 1775 baptizatus
3116 1706 3310 1774 fuerit,
3358 1708 3556 1764 salvus
3610 1711 3722 1766 erit

2070 1788 2254 1859 (Marc.
2287 1807 2402 1856 xv1,
2433 1791 2540 1858 16).
2565 1791 2838 1862 Nunquid
2862 1791 3017 1847 enim
3042 1793 3321 1850 Dominus
3346 1796 3437 1851 die
3468 1798 3720 1868 septimo

2070 1879 2428 1949 baptizatum
2460 1879 2686 1934 salvum
2721 1882 2906 1936 facere
2938 1887 3148 1952 potest,
3176 1887 3232 1938 et
3254 1883 3441 1954 primo
3476 1902 3590 1940 non
3617 1903 3718 1958 po-

2069 1967 2224 2022 test?
2246 1967 2625 2039 Omnipotens
2650 1969 2806 2023 enim
2821 1974 2909 2024 est
2932 1971 3104 2036 Deus,
3128 1975 3183 2026 et
3205 1972 3402 2027 omnia
3445 1990 3718 2045 quaecun-

2069 2072 2184 2126 que
2212 2056 2395 2112 voluit
2425 2057 2578 2127 fecit,
2605 2061 2662 2112 et
2693 2076 2807 2112 non
2841 2065 2928 2113 est
2958 2059 3058 2130 qui
3091 2060 3276 2131 possit
3301 2061 3572 2117 resistere
3623 2081 3718 2119 vo-

2069 2145 2280 2201 luntati
2312 2164 2449 2201 sure.
2482 2149 2595 2200 Aut
2626 2151 2819 2218 potest
2849 2148 3108 2218 quidem,
3142 2151 3242 2204 sed
3275 2167 3388 2204 non
3410 2151 3534 2206 vult
3563 2155 3717 2224 quod

2071 2239 2279 2308 potest,
2313 2234 2414 2306 qui
2454 2234 2575 2289 vult
2621 2253 2825 2291 omnes
2859 2235 3126 2292 homines
3149 2237 3340 2293 salvos
3374 2239 3518 2309 fieri,
3558 2244 3615 2296 et
3644 2243 3715 2297 ad

2074 2323 2430 2396 agnitionem
2487 2323 2746 2379 veritatis
2803 2324 3037 2379 venire?
3094 2325 3199 2380 Ubi
3245 2328 3436 2382 omnis
3485 2329 3716 2398 dicitur,

2074 2412 2269 2467 nullus
2291 2412 2592 2483 excipitur,
2626 2429 2730 2467 nec
2761 2412 2956 2468 infans
2995 2415 3164 2484 cujus
3215 2419 3302 2468 est
3359 2415 3478 2470 vita
3544 2417 3719 2472 unius

2075 2500 2934 2573 dieisuperterram.Christus
2957 2519 3189 2559 omnem
3245 2503 3544 2560 hominem
3603 2507 3715 2561 sal-

2074 2595 2187 2656 vat,
2210 2607 2309 2646 vos
2341 2591 2639 2646 hominem
2671 2591 3055 2663 curexcipitis
3074 2592 3101 2646 ?
3125 2591 3398 2648 Christus
3421 2594 3716 2651 neminem

2074 2679 2233 2749 ejicit
2257 2680 2430 2747 foras,
2465 2696 2565 2735 vos
2597 2679 2828 2752 longius
2851 2680 3006 2736 hunc
3038 2698 3072 2735 a
3100 2681 3330 2736 Christo
3399 2683 3721 2754 repellitis?

2075 2767 2340 2823 Christus
2371 2767 2531 2822 solus
2555 2769 2828 2840 baptizat,
2870 2786 2971 2824 vos
3000 2785 3215 2840 aquam
3247 2787 3350 2825 cur
3396 2772 3719 2843 prohibetis

2076 2857 2342 2912 Christus
2367 2855 2526 2912 solus
2567 2862 2803 2928 peccata
2858 2857 3120 2924 dimittit,
3180 2875 3282 2914 vos
3338 2865 3575 2932 peccata
3613 2879 3718 2918 cur

2078 2945 2383 3001 retinetis?
2415 2946 2460 2999 si
2495 2947 2696 3001 sordes
2717 2946 3028 3002 exteriores
3050 2947 3350 3004 offendunt
3373 2949 3574 3005 oculos
3596 2968 3719 3007 ves-

2075 3037 2216 3100 tros,
2243 3034 2509 3105 nunquid
2531 3039 2587 3089 et
2607 3033 2904 3090 Christum
2926 3037 3145 3106 putatis
3168 3037 3378 3092 offendi
3410 3038 3437 3091 ?
3455 3039 3503 3093 si
3528 3040 3719 3096 carnis

2080 3122 2516 3177 immunditiam
2548 3127 2736 3178 tactus
2769 3127 2958 3178 vester
2987 3124 3292 3198 ho'rrescit,
3343 3128 3607 3198 nunquid
3666 3134 3722 3184 et

320 3213 461 3282 tuit,
496 3230 596 3270 nec
625 3214 685 3270 in
717 3218 1082 3272 sacramento
1105 3214 1412 3288 sanguinis
1435 3233 1587 3289 aqua
1619 3216 1807 3274 calida
1825 3219 1968 3288 fuit;
2001 3192 2044 3258 Ο
2083 3212 2380 3268 Christum
2411 3213 2629 3286 putatis
2661 3213 3040 3270 horrescere?
3070 3215 3176 3280 Qui
3208 3215 3719 3274 camisinﬁrmita-

323 3301 596 3361 Christus
614 3301 837 3373 vinum,
871 3320 987 3360 non
1035 3320 1272 3375 aquam,
1320 3306 1568 3360 mutavit
1613 3307 1672 3360 in
1732 3308 1972 3380 sangui-

325 3407 488 3458 nem,
520 3407 626 3447 nec
645 3391 805 3447 aliud
836 3391 1080 3463 aliquid,
1114 3381 1518 3464 sed'genimen
1538 3395 1673 3449 vitis
1703 3396 1972 3468 prOpina-

322 3479 407 3534 vit
435 3479 495 3534 in
520 3479 780 3536 calicem.
798 3481 916 3536 Vos
938 3485 1135 3536 autem
1158 3481 1312 3552 quod
1333 3482 1404 3536 ad
1431 3499 1693 3539 mensam
1710 3501 1970 3540 commu-

321 3583 458 3623 nem
480 3585 548 3624 ex
573 3585 682 3624 usu
739 3568 1059 3642 percipitis,
1095 3586 1198 3625 nec
1263 3571 1334 3625 ad
1386 3587 1651 3628 mensam
1711 3572 1970 3630 divinam

321 3655 615 3712 abstinere
645 3658 908 3730 potestis,
940 3661 996 3713 et
1026 3659 1322 3716 ascribitis
1381 3659 1648 3733 religioni
1686 3663 1840 3734 quod
1895 3663 1967 3718 ad

320 3750 697 3817 peccatorum
717 3747 1152 3803 excusationem
1183 3747 1434 3804 habetis.

393 3835 547 3903 Quod
575 3838 906 3908 sanguinem
929 3836 995 3892 de
1024 3836 1237 3892 Christi
1266 3838 1434 3894 latere
1464 3840 1706 3895 calidum
1741 3842 1969 3910 ﬂuxisse

317 3923 522 3980 dicunt.
559 3926 877 3999 Arguimus
900 3927 1056 3999 quod
1087 3927 1435 4000 sanguinem
1459 3929 1530 3984 de
1550 3928 1732 3986 latere
1752 3929 1968 3986 Christi

316 4013 579 4072 calidum
612 4013 852 4070 ﬂuxisse
896 4018 1098 4072 contra
1155 4020 1426 4074 naturam
1486 4021 1543 4072 et
1588 4017 1965 4090 Evangelium

315 4101 514 4159 dicitis
547 4120 561 4159 :
599 4103 740 4159 dicit
758 4103 916 4160 enim
943 4103 1248 4178 Scriptura
1275 4105 1429 4176 quod
1440 4105 1566 4176 jam
1589 4106 1829 4175 obierat,
1839 4109 1966 4178 jam

313 4190 735 4265 exspiraverat,
761 4192 889 4265 jam
920 4196 1191 4252 mortuus
1220 4197 1364 4266 erat,
1384 4211 1520 4252 cum
1567 4210 1780 4268 corpus
1836 4197 1964 4268 ejus

2081 3306 2168 3358 tes
2198 3320 2300 3374 pro
2334 3303 2501 3358 nobis
2521 3303 2823 3368 sustinuit,
2858 3303 3161 3359 infirmum
3192 3303 3490 3359 hominem
3525 3305 3712 3377 magis

2081 3396 2374 3447 sustentat
2398 3408 2576 3463 quam
2607 3391 2821 3460 dejicit.
2856 3393 2961 3457 Qui
2998 3393 3199 3447 sordes
3224 3393 3430 3447 animae
3481 3411 3630 3465 quas
3655 3411 3723 3450 ex

2079 3480 2251 3553 culpa
2282 3480 2696 3542 contraximus,
2728 3480 3119 3545 lavat,sordes
3150 3482 3409 3554 corporis
3437 3499 3585 3554 quas
3617 3501 3718 3539 no-

2081 3569 2436 3642 bisimponit
2467 3571 2782 3626 necessitas
2816 3570 3272 3626 misericorditer
3319 3576 3532 3642 portat.
3584 3573 3711 3628 Non

2077 3660 2233 3716 enim
2266 3660 2552 3716 habemus
2585 3660 2916 3732 pontificem
2949 3660 3047 3730 qui
3079 3677 3194 3714 non
3226 3660 3411 3731 possit
3462 3664 3712 3734 compati

2076 3749 2520 3805 infirmitatibus
2548 3750 2784 3804 nostris.
2818 3749 2929 3804 Vos
2959 3752 3149 3804 autem
3171 3748 3495 3804 homicidas
3515 3766 3719 3807 omnes

2076 3838 2610 3912 incomparabiliter
2632 3838 2881 3907 vincitis,
2915 3837 3015 3908 qui
3065 3842 3371 3907 pereuntes
3419 3839 3490 3893 de
3540 3855 3716 3894 manu

2076 3927 2388 3984 Salvatoris
2412 3926 2704 3992 excutitis,
2734 3930 2791 3980 et
2822 3924 3133 3980 morientes
3154 3925 3226 3980 ad
3276 3925 3454 3980 vitam
3503 3926 3720 3984 intrare

2077 4035 2192 4074 non
2226 4016 2439 4086 sinitis,
2462 4019 2518 4070 et
2545 4015 2605 4069 in
2652 4015 3002 4087 gehennam,
3042 4030 3201 4071 more
3261 4014 3474 4072 Christi
3531 4015 3716 4074 recla-

2078 4111 2300 4175 mante,
2328 4104 2683 4178 demergitis.
