4138 6186
329 293 484 374 ms

1298 306 1758 375 MABILLONII
1800 305 2275 385 DISQUISITIO
2318 304 2420 373 DE
2463 309 2757 375 AZYMO.

3571 312 3727 376 1226

327 455 650 518 summum
679 439 1086 518 pontiﬁcatum
1144 447 1429 518 evectum,
1487 460 1758 518 azymum
1817 446 1974 502 Lati-
2002 446 2058 514 Α
2087 459 2293 500 meone
2322 444 2842 517 Hierosolymitano
2869 448 3147 502 recenset.
3181 444 3395 503 Omitto
3433 446 3545 504 alia
3571 451 3725 505 Grae-

329 532 434 589 nﬁos
463 515 878 589 introduxisse.
912 517 1170 589 Scriptor
1199 517 1375 572 etiam
1407 515 1757 589 anonymus,
1797 533 1972 589 quem

321 588 436 644 vidi
462 587 526 642 in
558 586 920 643 Bibliotheca
947 586 1262 644 Baiberina
1293 590 1446 645 inter
1481 586 1709 644 codices
1740 586 1969 644 Graecos

323 676 491 727 mss.,
525 675 690 714 num.
722 661 812 726 75,
832 659 913 714 ait
933 659 1203 716 Carolum
1236 660 1539 731 Magnum,
1562 677 1696 715 cum
1723 661 1966 716 Romam

361 732 614 802 refectus
646 735 767 802 est,
817 733 1079 802 tempore
1125 732 1335 786 Leonis
1383 731 1559 798 tertii,
1591 731 1693 785 viae
1726 732 1968 787 comites

361 747 614 786 reiectus
659 747 767 796 eet,
817 747 1079 802 tempore
1125 747 1335 786 Leonis
1383 747 1559 798 term,
1591 749 1693 785 Viae
1726 747 1966 787 comites

317 747 595 858 Eabuisse
609 800 831 872 aliquot
852 802 1190 874 monachos,
1215 803 1335 857 Arii
1361 808 1417 856 et
1437 802 1788 874 Apollinaris
1810 819 1966 858 erro-

318 874 486 946 ribus
531 873 795 939 infectos,
830 873 929 945 qui
972 874 1190 946 urbem
1249 873 1501 946 ingressi
1565 879 1968 946 perverterunt

355 943 621 1017 epulum,
655 943 931 1001 docentes
962 945 1247 1017 Spiritum
1289 943 1709 1001 sanctum'non
1757 963 1792 1000 a
1843 945 1966 1017 solo

355 962 621 1017 opuium,
655 962 931 1001 nocentes
963 962 1247 1016 spiritum
1289 962 1560 1001 sanctum
1592 963 1709 1001 non
1757 963 1792 1000 a
1843 962 1965 1001 8010

315 962 502 1097 Batre2
554 1017 657 1072 sed
687 1016 864 1098 etiam
896 1033 927 1071 a
956 1016 1121 1098 filio.
1144 1018 1563 1098 procederenet
1609 1016 1965 1098 oporterein

319 1087 537 1160 azymis
568 1087 918 1156 sacriﬁcare,
953 1087 1034 1143 ita
1065 1090 1130 1143 ut
1149 1087 1364 1160 azyma
1401 1104 1432 1142 e
1463 1087 1706 1143 Francia
1737 1087 1965 1159 prodie-

314 1159 453 1215 rint.
499 1158 630 1214 Haec
662 1158 782 1230 ille,
825 1159 918 1230 cui
967 1165 1292 1215 consonant
1348 1158 1463 1214 alia
1519 1159 1672 1230 apud
1714 1160 1964 1215 Leonem

312 1201 630 1297 Κιῖἑὶίιῖὶέἷ
657 1201 806 1286 iiii-ii
826 1201 1963 1302 Bit‘ati,"Ef"5‘/‘i'_ei"EBqESEBbEET‘GiIi

315 1302 491 1359 etiam
528 1301 868 1374 praedictam
909 1300 1116 1359 Felicis
1157 1300 1432 1359 fabellam
1481 1300 1552 1358 ex
1592 1302 1849 1374 quodam
1881 1301 1966 1357 Si-

2086 533 2288 592 corum
2317 517 2710 592 recentiorum
2752 518 3050 591 ﬁgmenta,
3083 533 3156 574 ne
3197 521 3432 591 tempus
3460 518 3521 575 in
3551 521 3726 592 nugis

2081 587 2366 644 inutiliter
2396 589 2726 660 prodigam.

2149 664 2280 714 Hac
2309 665 2505 741 autem
2538 660 2768 741 scripsi,
2803 665 2866 714 ut
2896 661 3159 741 studium
3191 665 3448 741 tuumnet
3477 660 3723 741 diligen:

2077 730 2219 786 tiam
2249 732 2582 804 excitarem,
2627 730 2778 804 sicut
2809 731 3090 804 scriptum
3123 738 3211 787 est
3242 753 3258 787 :
3294 755 3321 783 «
3362 732 3446 788 Da
3475 730 3723 804 sapienti

2077 803 2466 869 occasionem,
2499 808 2554 857 et
2586 803 2832 857 addetur
2862 803 3234 874 eisapientia
3265 806 3445 874 (Prov.
3480 803 3663 874 ix,.9).
3691 825 3719 854 »

2076 876 2356 947 Caeterum
2409 875 2588 947 Deum
2638 891 2758 938 oro,
2795 878 2863 947 ut
2902 875 3119 930 incerta
3149 881 3204 930 et
3235 875 3463 930 occulta
3492 875 3721 947 sapien-

2076 945 2169 1018 tiae
2201 962 2317 1018 suae
2350 946 2686 1000 manifestat
2715 946 2905 1018 nobis,
2926 947 3165 1018 ﬁdeique
3203 947 3461 1018 idipsum
3517 945 3722 1018 sapere

2073 1015 2134 1070 in
2167 1015 2519 1088 alterutrum
2559 1017 2884 1088 secundum
2913 1015 3117 1073 Jesum
3161 1015 3482 1084 Christum,
3514 1015 3605 1088 ut,
3633 1017 3719 1071 si-

2075 1091 2174 1142 cut
2218 1087 2489 1170 hortatur
2539 1087 2917 1170 Apostolus,3
2962 1112 2989 1138 «
3027 1091 3369 1170 .Expurgate
3399 1087 3720 1170 veteri-fer-

2074 1161 2272 1301 διεὶς]ῐο
2304 1157 2611 1295 epiégemur
2640 1159 2701 1214 in
2733 1158 2950 1230 azymis
2992 1157 3344 1216 sinceritatis
3375 1163 3432 1216 et
3459 1158 3722 1216 veritatis

2188 1245 2267 1284 or.
2301 1245 2353 1283 V.
2453 1270 2465 1283 .
2492 1250 2520 1278 )i

2188 1245 2267 1284 or.
2301 1245 2353 1283 V.
2387 1245 2465 1284 ὅ).
2492 1250 2520 1278 )’

2145 1300 2360 1368 Romae,
2393 1300 2488 1356 die
2519 1301 2584 1355 il
2618 1299 2808 1357 Martii
2838 1301 2997 1357 4673.

1436 1707 2601 1845 DISSEBTATIO

969 1993 1074 2054 ns
1117 1992 1326 2056 PANE
1368 1991 1972 2067 EUGHARISTICO,
2019 1947 2321 2064 Azmo,
2365 1988 2463 2050 AC
2507 1988 3064 2054 FERMENTATO.

1804 2199 2228 2227 ﬂ

201 2467 211 2476 Ι
310 2388 900 2448 DISSERTATIONIS
949 2391 1243 2448 OCCASIO
1293 2392 1384 2448 ET
1430 2389 1961 2449 ARGUMENTUM.
1993 2389 2044 2458 B
2075 2390 2208 2446 nius
2241 2405 2446 2446 omnes
2471 2391 2542 2446 ad
2575 2389 2684 2446 hoc
2706 2389 2902 2463 ipsum
2928 2393 2993 2445 ut
3023 2406 3131 2474 sua
3159 2388 3340 2446 libere
3368 2394 3722 2464 promerent,

381 2483 526 2536 Cum
557 2480 782 2536 edendo
815 2484 956 2537 Acta
978 2484 1318 2538 sanctorum
1350 2485 1684 2538 nostrorum
1718 2480 1960 2537 incidis-

311 2583 438 2626 sem
468 2569 530 2624 in
559 2569 827 2642 quaedam
851 2569 976 2626 loca
999 2585 1104 2642 pro
1126 2586 1461 2643 azymorum
1485 2587 1596 2626 usu
1628 2571 1686 2626 in
1710 2567 1964 2625 Ecclesia

313 2657 541 2726 Latina,
572 2671 660 2725 ea,
693 2673 855 2714 more
886 2673 1038 2726 meo,
1071 2659 1426 2730 quibusdam
1458 2658 1963 2715 observationibus

313 2743 613 2801 illustrare
637 2744 832 2801 visum
863 2747 970 2811 est,
1004 2749 1063 2800 et
1093 2745 1371 2816 conjectis
1401 2745 1618 2817 iisquae
1650 2744 1796 2800 mihi
1818 2759 1964 2816 pene

315 2834 486 2890 obvia
513 2835 673 2889 fuere
702 2834 1068 2906 argumentis
1100 2834 1405 2891 ostendere
1441 2851 1615 2890 usum
1647 2833 1805 2889 hunc
1834 2848 1964 2889 esse

315 2921 711 2994 antiquiorem
735 2938 916 2993 quam
938 2921 1194 2979 Jacobus
1220 2923 1594 2990 Sirmundus,
1617 2922 1713 2978 vix
1739 2920 1962 2978 eximiae

314 3010 1152 3076 eruditionis,existimaverat.
1185 3011 1331 3068 Nota
1350 3017 1438 3067 est
1467 3011 1749 3067 studiosis
1776 3009 1964 3066 omni-

314 3101 434 3156 bus
464 3099 572 3155 viri
603 3098 913 3155 clarissimi
944 3099 1233 3156 sententia
1260 3099 1320 3155 in
1360 3099 1642 3173 singulari
1683 3099 1968 3171 Disquisi-

313 3187 484 3246 tione
513 3187 584 3243 de
613 3203 832 3260 azymo,
866 3187 1146 3244 nimirum
1199 3204 1408 3260 panem
1448 3189 1860 3244 fermentatum
1904 3186 1965 3243 in

314 3275 574 3332 Ecclesia
605 3276 809 3332 Latina
837 3275 1042 3334 multis
1072 3276 1304 3333 s'zerulis
1334 3277 1661 3332 adhibitum
1693 3277 1751 3330 in
1785 3275 1968 3332 missa

313 3365 524 3433 fuisse,
553 3368 611 3420 et
640 3381 863 3438 azyma,
886 3364 1153 3420 Photiani
1176 3363 1483 3422 chismatis
1511 3368 1792 3436 tempore,
1828 3380 1969 3420 non-

316 3453 462 3510 dum
512 3458 764 3526 recepta,
803 3455 904 3510 sed
953 3456 1186 3509 tantum
1244 3453 1435 3510 medio
1492 3451 1592 3509 illo
1641 3453 1967 3522 intervallo,

315 3543 480 3615 quod
511 3541 664 3598 inter
692 3542 952 3598 schisma
999 3541 1188 3598 Photii
1229 3541 1796 3614 pseudopatriarchm
1831 3545 1971 3598 Con-

315 3629 852 3703 stantinopolitani,
884 3631 1224 3703 pontiﬁcatu
1244 3629 1464 3687 Nicolai
1497 3647 1659 3702 papas
1683 3630 1881 3703 primi,
1915 3634 1972 3686 et

316 3719 571 3776 alterum
597 3718 858 3774 schisma
877 3717 1178 3774 Michaelis
1199 3718 1476 3774 Cerularii
1490 3718 1692 3774 itidem
1723 3719 1968 3792 patriar-

316 3807 469 3874 cha,
499 3807 734 3863 sedente
767 3811 950 3863 Leone
980 3822 1132 3878 papa
1159 3822 1334 3873 nono,
1367 3807 1610 3875 effluxit,
1644 3807 1701 3862 id
1733 3813 1823 3863 est
1853 3821 1974 3861 me-

317 3897 420 3953 dio
450 3895 552 3951 illo
580 3899 843 3966 tempore
871 3895 1027 3967 quod
1060 3895 1133 3950 ab
1164 3911 1316 3951 anno
1348 3911 1471 3950 serae
1502 3894 1842 3951 Christianae
1875 3895 1979 3952 867

321 3985 401 4040 ad
425 3983 925 4041 1054intercessit.
949 3982 1092 4038 Mihi
1111 3999 1245 4039 vero
1276 3998 1409 4038 cum
1439 3983 1665 4052 multis,
1687 3989 1815 4038 tum
1827 4001 1978 4056 pra-

319 4073 496 4146 cipue
545 4071 808 4128 Rhabani
839 4071 1208 4137 auctoritate,
1243 4087 1595 4143 persuasum
1621 4077 1748 4128 erat
1778 4089 1983 4144 azyma

318 4163 386 4217 in
412 4162 589 4217 rebus
617 4160 803 4217 sacris
832 4159 1162 4216 obtinuisse
1191 4163 1326 4216 ante
1356 4158 1501 4214 illud
1551 4159 1810 4216 schisma
1838 4161 1983 4217 Pho-

321 4250 589 4318 tianum;
620 4265 727 4306 nec
757 4253 1057 4305 momenta
1081 4247 1383 4305 Sirmundi
1408 4248 1552 4304 adeo
1577 4248 1837 4306 efﬁcacia
1858 4250 1984 4306 visa

324 4341 471 4394 sunt
500 4342 566 4393 ut
595 4336 864 4393 fermenti
895 4336 1081 4394 usum
1099 4336 1416 4409 aliquando
1446 4338 1600 4409 apud
1633 4338 1870 4394 Latinos
1898 4339 1984 4395 vi-

323 4426 532 4498 guisse
565 4426 734 4482 fateri
763 4442 875 4485 nos
906 4430 1198 4499 cogerent.

405 4516 769 4587 Quapropter
823 4515 980 4587 quod
1029 4515 1382 4571 Sirmundus
1431 4518 1746 4589 optaverat,
1789 4519 1856 4571 ut
1885 4514 1988 4588 qui

325 4603 640 4660 sententias
680 4619 800 4659 suis
850 4603 921 4659 de
967 4619 1306 4677 azymorum
1351 4604 1658 4661 recentiori
1698 4621 1809 4660 usu
1872 4621 1988 4661 non

326 4691 756 4760 consentirent,
785 4707 885 4747 eos
917 4691 1125 4748 saltem
1158 4692 1230 4748 ad
1262 4692 1601 4762 praeclaram
1634 4694 1764 4764 ejus
1794 4691 1876 4748 rei
1899 4693 1990 4746 in-

326 4779 784 4852 vestigationem
815 4780 1113 4849 excitaret,
1145 4781 1218 4838 ad
1250 4780 1360 4837 hoc
1393 4781 1588 4853 ipsum
1619 4797 1712 4837 me
1744 4780 1992 4850 contuli,

271 4879 276 4881 ·
331 4872 630 4941 quantum
679 4872 736 4924 et
780 4867 1086 4924 tenuitatis
1135 4884 1276 4924 meis
1328 4867 1599 4934 facultas,
1648 4872 1705 4924 et
1744 4869 2020 4926 brevitas

333 4955 840 5025 Observationum,
872 4963 932 5013 et
948 4956 1030 5012 rei
1052 4956 1371 5013 difﬁcultas
1393 4957 1838 5028 obscuritasque
1868 4975 1996 5030 per-

333 5043 577 5101 misere.
611 5045 756 5100 Nam
773 5045 883 5101 etsi
898 5043 1197 5101 hominem
1214 5045 1515 5101 tantillum
1535 5045 2001 5101 contraSirmun-

2071 2478 2405 2547 invitasset;
2440 2495 2545 2535 nec
2577 2495 2639 2535 se
2670 2478 2743 2535 ab
2765 2480 2893 2550 ejus
2923 2469 3216 2535 sententia
3246 2479 3547 2536 discedere
3577 2480 3726 2537 indi-

2072 2570 2390 2639 gnaturum
2409 2583 2765 2639 quemquam
2788 2567 3013 2640 putavit
3029 2565 3129 2640 qui
3151 2567 3520 2624 meminisset
3548 2568 3736 2624 illum

2071 2671 2176 2728 pro
2227 2655 2512 2729 singulari
2564 2672 2674 2711 sua
2729 2656 3018 2711 modestia
3057 2655 3296 2712 solitum
3341 2655 3534 2713 aliena
3561 2656 3720 2713 haud

2072 2749 2308 2817 gravate
2336 2745 2558 2815 audire,
2587 2748 2662 2813 et,
2698 2745 2745 2800 si
2776 2743 3017 2800 meliora
3047 2745 3173 2800 suis
3214 2749 3607 2818 cognosceret,
3648 2744 3719 2800 li-

2073 2831 2276 2888 benter
2300 2831 2593 2904 amplecti.
2627 2832 2697 2887 Et
2726 2831 2848 2887 hinc
2875 2832 3113 2903 quidem
3155 2848 3285 2888 mea
3319 2833 3390 2888 de
3419 2832 3720 2889 Sirmundi

2075 2923 2288 2988 mente,
2320 2919 2609 2975 modestia
2652 2936 2718 2974 ac
2749 2920 2959 2975 sinceri
2993 2921 3186 2976 studio
3226 2921 3527 2993 persuasio
3573 2924 3720 2990 erat,

2053 3009 2398 3079 eademque
2428 3007 2564 3064 facti
2598 3006 2711 3064 mei
2741 3009 3056 3064 excusatio.

2143 3096 2253 3152 Ubi
2287 3097 2544 3169 primum
2577 3096 3024 3154 Observationes
3055 3113 3215 3154 meas
3246 3099 3406 3170 prelo
3439 3099 3716 3155 commit-

2073 3190 2195 3241 tere
2225 3185 2529 3256 parabam,
2570 3184 2745 3240 simul
2778 3185 2986 3242 certior
3032 3187 3221 3242 factus
3267 3203 3401 3243 sum
3450 3188 3718 3244 eminen-

2072 3275 2375 3330 tissimum
2415 3273 2770 3330 cardinalem
2807 3275 2986 3344 Bona,
3017 3275 3186 3346 cujus
3216 3275 3421 3345 virtus,
3454 3276 3721 3333 doctrina

2076 3368 2135 3421 et
2181 3362 2432 3420 eruditio
2475 3363 2750 3420 omnibus
2789 3366 3092 3436 perspecta
3138 3368 3299 3434 sunt,
3350 3364 3505 3422 idem
3547 3382 3720 3439 argu-

2077 3458 2342 3509 mentum
2373 3455 2726 3525 pertractare
2751 3452 2811 3508 in
2842 3469 3015 3524 opere
3044 3469 3151 3509 suo
3183 3452 3262 3509 De
3293 3454 3467 3510 rebus
3497 3453 3724 3527 liturgi-

2077 3542 2184 3610 cis,
2216 3545 2274 3598 et
2303 3542 2374 3598 ab
2405 3541 2704 3598 Sirmundi
2751 3542 3050 3614 proposito
3091 3542 3389 3598 tantillum
3433 3544 3722 3600 recedere.
3807 3576 3816 3580 -

2078 3631 2154 3688 Ut
2179 3631 2330 3704 ‘opus
2378 3629 2525 3687 illud
2565 3630 2846 3686 eximium
2900 3631 3163 3702 pervenit
3209 3631 3268 3686 in
3300 3648 3511 3687 manus
3543 3647 3724 3708 meas,

2083 3719 2229 3775 illud
2259 3718 2373 3791 legi
2403 3735 2618 3790 magna
2659 3734 2792 3773 cum
2830 3717 3145 3789 voluptate,
3189 3722 3315 3773 tum
3367 3718 3621 3774 maxime
3650 3717 3731 3775 lo-

2085 3824 2220 3863 cum
2243 3808 2313 3863 de
2340 3806 2578 3879 azymis,
2611 3806 2670 3861 in
2705 3822 2817 3877 quo
2845 3808 2968 3862 tota
2998 3821 3092 3860 res
3131 3821 3246 3861 non
3279 3805 3477 3862 minus
3507 3805 3732 3862 sincere

2086 3912 2265 3968 quam
2296 3894 2521 3950 erudite
2551 3893 2891 3965 explicatur.
2925 3892 3194 3964 Ejusloci
3217 3911 3452 3951 summa
3472 3899 3578 3966 est,
3604 3895 3730 3967 jam

2085 3985 2222 4041 inde
2253 3984 2324 4039 ab
2357 3981 2754 4055 apostolorum
2785 3982 3154 4057 temporibus
3185 3985 3258 4040 ad
3285 3983 3546 4041 schisma
3581 3983 3733 4040 Pho-

2086 4073 2337 4138 tianum,
2356 4071 2416 4126 in
2437 4070 2697 4126 Ecclesia
2720 4071 2919 4126 Latina
2937 4071 3340 4142 promiscuum
3359 4073 3541 4130 fuisse
3557 4088 3733 4130 usum

2089 4161 2418 4217 fermentati
2450 4164 2507 4216 et
2536 4159 2721 4233 azymi
2754 4159 2943 4232 panis,
2979 4177 3085 4217 nec
3115 4165 3251 4218 ante
3284 4161 3478 4218 saeculi
3521 4161 3734 4218 decimi

2089 4249 2324 4306 initium
2349 4265 2620 4322 azymum
2660 4248 2786 4322 lege
2818 4249 3115 4306 communi
3147 4267 3213 4306 ac
3243 4250 3500 4323 generali
3544 4250 3735 4305 ubivis

2092 4342 2387 4410 receptum
2419 4339 2574 4410 apud
2601 4339 2849 4395 Latinos.
2875 4341 2998 4405 Qua
3020 4339 3078 4394 in
3101 4355 3162 4394 re
3183 4339 3484 4395 Sirmundi
3503 4341 3736 4394 senten-

2089 4427 2233 4483 tiam
2263 4426 2606 4499 temperavit
2646 4425 3084 4483 illustrissimus
3130 4428 3396 4499 scriptor,
3444 4427 3598 4498 quod
3628 4425 3740 4483 Sir-

2095 4514 2354 4570 mundus
2384 4531 2499 4569 non
2530 4513 2794 4570 videatur
2830 4514 3142 4571 admisisse
3172 4515 3358 4587 azymi
3399 4531 3573 4570 usum
3605 4517 3740 4570 ante

2097 4602 2282 4659 Photii
2307 4603 2642 4669 discidium,
2677 4603 2778 4657 sed
2810 4601 3000 4658 solum
3033 4603 3478 4672 fermentatum;
3519 4607 3577 4658 at
3605 4619 3740 4659 vero

2099 4691 2607 4747 eminentissimus
2662 4690 2976 4746 cardinalis
3037 4694 3353 4764 utrumque
3412 4691 3744 4764 promiscue

2103 4784 2453 4853 usurpatum
2485 4795 2588 4851 pro
2619 4781 2878 4850 tempore
2916 4783 2973 4834 et
3011 4779 3272 4837 locorum
3313 4783 3747 4854 opportunitate

2105 4871 2375 4926 fateatur.
3010 4869 3014 4871 “

2177 4957 2501 5013 Commovit
2557 4956 2677 5010 huic
2726 4958 3018 5014 sententia
3066 4960 3457 5030 quorumdam
3491 4961 3552 5016 in
3599 4959 3751 5016 Urbe

2111 5046 2361 5111 animos,
2394 5045 2476 5100 rei
2517 5043 2769 5100 novitate
2807 5045 2894 5116 (ut
2932 5047 3043 5101 sibi
3086 5048 3367 5116 videatur)
3420 5063 3492 5103 ne
3538 5047 3751 5111 dicam,

338 5133 488 5189 dum
537 5131 643 5188 niti
676 5133 1057 5190 temerarium
1106 5133 1434 5200 videbatur,
1469 5131 1616 5189 mihi
1664 5134 2007 5191 occurrebat
2035 5117 2084 5184 D
2115 5135 2463 5207 indignitate
2515 5133 2812 5204 attonitos,
2857 5135 3026 5206 quasi
3075 5138 3236 5192 nefas
3278 5141 3433 5193 esset
3467 5118 3756 5206 tantisper

338 5219 495 5277 illud
525 5222 686 5293 quod
715 5221 1069 5278 Sirmundus
1091 5222 1218 5294 ipse
1247 5221 1306 5277 in
1331 5221 1423 5277 sui
1446 5221 1884 5278 excusationem
1918 5227 2004 5279 at-

337 5308 484 5366 tulit
511 5309 574 5365 in
607 5309 1050 5382 Disquisitionis
1080 5327 1208 5383 cap.
1239 5311 1276 5365 5
1304 5310 1408 5366 ubi
1440 5311 1510 5366 de
1557 5311 1840 5367 fermento
1870 5312 2008 5368 Mel-

339 5397 578 5454 chiadis
609 5414 676 5454 ac
706 5398 899 5455 Siricii
931 5398 1101 5456 aliter
1130 5404 1305 5470 atque
1339 5399 1624 5455 Baronius
1655 5402 2008 5458 sententiam

338 5486 640 5556 dicturus,
672 5486 892 5544 veritus
923 5505 1041 5545 non
1061 5491 1152 5543 est
1172 5502 1244 5543 ne
1265 5490 1468 5543 contra
1487 5487 1720 5545 Baronii
1751 5495 2009 5548 mentem

333 5579 668 5651 vatumque
703 5575 914 5633 fecisse
951 5576 1270 5643 videretur,
1309 5579 1616 5650 propterea
1644 5577 1801 5654 quod
1834 5573 2009 5639 Baro-

672 5704 942 5792 Parsot.
989 5702 1255 5789 CXLIII,

2117 5223 2383 5279 recedere
2419 5239 2452 5278 a
2501 5222 2798 5277 communi
2856 5224 3244 5279 recentiorum
3300 5223 3592 5295 opinione,
3653 5221 3756 5296 qui

2119 5327 2455 5384 azymorum
2486 5311 2545 5366 in
2575 5311 2781 5366 Latina
2795 5310 3049 5367 Ecclesia
3066 5316 3413 5384 perpetuum
3431 5327 3606 5368 usum
3638 5328 3756 5368 non

2119 5417 2288 5458 secus
2337 5416 2402 5454 ac
2433 5400 2647 5472 dogma
2673 5399 3048 5470 catholicum,
3084 5402 3424 5458 defendunt.
3477 5401 3757 5459 Gliscenti

2119 5487 2486 5561 querelarum
2526 5489 2745 5544 rumori
2778 5489 3006 5544 frenum
3049 5490 3348 5561 imponere
3381 5489 3604 5546 curavit
3633 5505 3759 5546 mo-

2119 5576 2491 5638 destissimus
2522 5577 2857 5650 cardinalis,
2889 5577 3044 5636 edita
3072 5577 3222 5636 hanc
3252 5579 3312 5634 in
3343 5595 3466 5635 rem
3489 5575 3760 5637 admoni-

3365 5705 3443 5776 39
