4086 6180
204 319 361 382 1229

1177 316 1632 383 MABILLONII
1673 314 2148 393 DISQUISITIO
2188 318 2291 384 DE
2334 318 2630 385 AZYMO.

3446 322 3604 386 1230

200 451 341 525 gelii
369 465 502 524 cap.
531 467 627 507 xxx
656 460 827 508 Versu
858 453 945 525 14,
977 468 1094 524 quo
1125 453 1185 509 in
1219 453 1341 509 loco
1379 454 1646 509 Christus
1694 453 1851 509 cruci
1878 454 1935 521 Α
1963 456 2286 548 peregisse;
2320 455 2460 524 et,in
2494 454 2939 512 Commentariis
2961 470 3138 526 super
3155 454 3398 513 Joannis
3418 458 3606 515 Evan-

203 540 416 597 affixus
445 538 661 595 dicitur
688 557 758 597 ea
784 540 898 610 die,
941 557 1067 613 qua
1115 547 1235 598 erat
1281 544 1580 598 Parascere
1610 544 1852 614 Pascha,

199 629 265 686 in
294 645 413 701 qua
439 627 724 683 nimirum
751 628 936 684 Judai
975 630 1306 687 necessaria
1352 631 1757 703 praparabant
1781 630 1853 689 ad

198 716 629 775 comedendum
651 733 870 791 agnum
902 719 1011 775 sub
1039 732 1340 791 vesperam
1372 718 1851 792 subseduentem.

198 808 333 864 Hac
364 807 482 863 fere
512 810 860 879 argumenta
889 811 1047 878 sunt,
1080 809 1296 880 quibus
1326 809 1561 865 adducti
1587 825 1721 864 cum
1745 809 1852 864 La-

196 896 331 963 tini,
366 900 490 952 tum
524 895 726 961 Graci,
755 899 875 951 tam
906 900 1128 953 veteres
1181 914 1357 970 quam
1410 897 1761 954 recentiores
1790 897 1850 951 in

196 984 461 1042 diversas
477 985 695 1041 abeunt
714 985 1188 1042 seutentias.Jam
1214 987 1545 1044 Gracorum
1569 985 1856 1058 antiquio-

198 1091 335 1132 rum
369 1073 738 1130 traditionem
770 1073 1171 1143 consulamus,
1205 1080 1407 1147 postea
1438 1075 1798 1132 Latinorum.

276 1164 338 1220 In
370 1162 577 1236 primis
607 1162 1069 1219 consideratione
1099 1165 1277 1236 digna
1304 1169 1394 1221 est
1420 1163 1666 1236 epistola
1684 1164 1849 1236 Poly-

197 1252 381 1310 cratis
408 1251 790 1324 metropolita
818 1251 1207 1309 Ecclesiarum
1236 1253 1517 1325 Asia,qui
1541 1254 1652 1309 sub
1673 1253 1848 1309 ﬁnem

198 1341 398 1400 saculi
440 1341 701 1410 secundi,
735 1345 931 1397 exorto
981 1342 1226 1398 discidio
1274 1343 1426 1397 inter
1479 1342 1766 1398 Asiaticos
1795 1346 1852 1397 et

197 1431 350 1488 alias
377 1430 557 1486 totius
587 1428 745 1486 orbis
773 1430 1061 1487 Ecclesias
1108 1432 1177 1487 de
1227 1432 1319 1487 die
1364 1430 1696 1487 celebrandi
1740 1436 1847 1487 Pa-

197 1518 441 1582 schatis,
474 1534 584 1573 suo
614 1521 671 1573 et
700 1516 948 1573 aliorum
978 1518 1127 1575 Asia
1169 1519 1573 1592 episCOporum
1614 1519 1848 1575 nomine

196 1609 275 1666 ad
327 1606 616 1664 Victorem
666 1622 876 1679 papam
924 1607 1183 1679 primum
1232 1607 1541 1680 epistolam
1590 1607 1844 1679 scripsit,

195 1697 373 1769 cujus
402 1696 800 1768 fragmentum
821 1695 997 1752 refert
1016 1697 1303 1753 Eusebius
1324 1698 1613 1770 Pamphili
1634 1698 1695 1753 in
1716 1698 1846 1753 His-

1960 544 2199 616 gelium,
2248 545 2481 601 Judaos
2527 545 2589 600 in
2628 544 2760 617 ipso
2798 544 3081 601 Paschate
3111 560 3260 618 opus
3292 546 3605 606 scelestum

1962 633 2167 689 iecisse
2200 634 2497 689 interfecto
2526 633 2687 689 Jesu.

2031 722 2135 778 His
2164 724 2385 779 accedit
2412 722 2775 795 Theophilus
2824 723 3253 781 Alexandrinus
3297 725 3606 798 episcopus

1960 811 2017 865 in
2051 811 2299 883 epistola
2323 812 2394 866 ad
2426 811 2819 867 Theodosium
2852 812 3265 884 imperatorem
3286 815 3354 870 de
3403 818 3606 871 sancto

1961 899 2183 956 Pascha
2226 900 2320 955 his
2375 899 2569 955 verbis
2615 916 2627 953 :
2672 900 2844 955 Aliter
2889 908 3069 955 autem
3114 902 3255 972 quod
3284 905 3333 957 et
3360 902 3609 957 Salvator

1959 992 2141 1045 noster
2189 988 2399 1045 decima
2429 990 2622 1060 quarta
2668 988 2890 1059 quidem
2936 992 3015 1044 est
3060 990 3293 1044 traditus
3323 990 3475 1058 luna,
3510 990 3606 1046 hoc

1960 1086 2036 1132 est
2063 1079 2255 1149 quinta
2281 1080 2397 1148 post
2428 1078 2759 1137 Sabbalum;
2783 1078 2991 1132 decima
3021 1080 3219 1150 quinta
3256 1082 3441 1133 autem
3476 1095 3603 1134 cru-

1957 1166 2176 1236 ciﬁaus,
2208 1166 2298 1220 die
2320 1168 2484 1221 tertia
2511 1169 2833 1232 resurrexit,
2865 1168 2963 1222 hoc
3009 1176 3087 1222 est
3131 1167 3341 1222 decima
3377 1170 3609 1240 septima

1960 1257 2244 1327 luna,qua?
2273 1259 2403 1310 tunc
2429 1257 2491 1310 in
2518 1256 2801 1310 Dominica
2830 1255 2917 1310 die
2941 1256 3162 1312 inventa
3187 1265 3437 1324 cst,szcut
3456 1265 3508 1313 et
3542 1273 3610 1315 ea:

1957 1345 2379 1414 Evangeliorum
2434 1346 2715 1398 notatione
2777 1348 3154 1415 comperimus.
3219 1345 3375 1400 Idem
3441 1346 3611 1401 docet

1956 1434 2365 1501 Theodori-tus,
2407 1433 2726 1505 quastione
2772 1435 2842 1487 24
2888 1428 2949 1487 id
2995 1435 3278 1498 Exodum,
3340 1450 3608 1490 asserens

1955 1522 2272 1593 Christum,
2308 1523 2418 1577 sub
2450 1522 2625 1577 finem
2657 1522 2807 1576 luna
2836 1526 3054 1592 quarta
3085 1522 3343 1590 decima,
3377 1524 3610 1594 quando

1955 1612 2374 1668 immolabatur
2402 1610 2645 1677 Pascha,
2680 1610 2961 1665 traditum
2991 1611 3193 1667 fuisse.
3232 1610 3235 1615 ’

2025 1702 2285 1757 Joannes
2315 1700 2767 1770 Chrysostomus
2797 1699 3063 1772 pluribus
3096 1700 3155 1754 in
3186 1700 3610 1770 locis,maxime

194 1787 362 1844 toria
392 1784 795 1888 ecclesiastica
818 1784 920 1841 lib.
951 1803 985 1841 v
1005 1803 1131 1859 cap.
1154 1787 1242 1843 2.5.
1266 1788 1412 1888 cum
1446 1787 1603 1843 enim
1638 1803 1845 1843 omnes
1884 1823 1930 1888 Β
1961 1790 2021 1845 in
2053 1789 2314 1846 homiliis
2342 1791 2432 1857 81,
2463 1789 2535 1843 82
2562 1794 2618 1844 et
2647 1790 2716 1843 83
2747 1789 2807 1843 in
2838 1788 3413 1861 Matthaum,probat
3442 1789 3611 1845 Chri-

199 1893 306 1949 per
327 1874 528 1931 Asiam
559 1871 825 1929 Ecclesia
858 1878 1067 1945 quarta
1087 1875 1313 1931 decima
1334 1874 1854 1947 luna,quocunque

196 1963 582 2022 hebdomada
613 1961 705 2018 die
726 1962 1295 2032 accidisset,Pascha
1318 1965 1532 2020 festum
1557 1964 1855 2021 celebran-

198 2055 347 2111 dum
376 2070 506 2110 esse
536 2056 862 2121 censerent,
899 2069 1014 2124 quo
1045 2052 1139 2108 die
1171 2054 1577 2126 praescriptum
1611 2058 1734 2110 erat
1752 2054 1854 2110 Ju-

200 2142 342 2201 dais
374 2145 439 2197 ut
467 2156 686 2214 agnum
716 2139 1119 2209 immolarent;
1152 2141 1276 2197 alia
1303 2159 1439 2199 vero
1470 2143 1648 2199 totius
1696 2142 1854 2199 orbis

201 2230 471 2289 Ecclesia
511 2246 628 2286 non
677 2228 791 2285 alio
841 2246 1018 2302 quam
1065 2231 1381 2288 Dominica
1412 2232 1855 2288 resurrectionis

201 2322 318 2389 die,
339 2320 671 2393 Polycrates
700 2334 922 2374 morem
954 2325 1439 2393 suum,tanquam
1471 2338 1505 2376 a
1530 2320 1855 2392 majoribus

201 2410 318 2468 sibi
332 2408 613 2466 traditum
632 2407 1188 2477 defendit,auctores
1204 2410 1504 2466 adducens
1516 2409 1854 2483 Philippum

200 2498 559 2574 apostolum,
589 2497 875 2553 Joannem
908 2498 1349 2571 evangelistam,
1382 2499 1767 2572 Polycarpum
1800 2504 1857 2554 et

200 2590 482 2662 cognatos
528 2584 642 2641 sibi
688 2583 992 2657 episcopos
1042 2591 1299 2657 septem;
1351 2603 1500 2658 quos
1538 2602 1743 2641 omnes
1774 2586 1857 2641 ait

201 2676 429 2734 Pascha
453 2673 798 2739 celebrasse,
819 2681 938 2729 ὃταν
966 2681 992 2729 ὁ
1019 2682 1136 2741 λαὸς
1164 2683 1313 2746 ἦρνυε
1343 2686 1436 2742 τῆν
1466 2683 1644 2745 ζύμην,
1662 2674 1720 2729 id
1743 2678 1852 2742 est,

199 2784 333 2823 cum
356 2764 668 2823 Iudaeorum
706 2761 946 2834 populus
991 2765 1321 2833 fermentum
1360 2764 1638 2835 abjiceret,
1672 2763 1853 2836 signi-

200 2856 391 2913 ﬁcans
440 2867 664 2909 morem
712 2851 989 2908 continuo
1048 2852 1209 2908 ﬂuxu
1253 2870 1287 2909 a
1334 2851 1546 2909 Christi
1592 2851 1855 2925 exemplo

199 2942 600 3001 descendisse.
634 2940 800 2995 Hunc
846 2939 1040 2997 locum
1084 2941 1166 2997 ita
1208 2941 1465 2998 restituit
1503 2942 1592 2996 vir
1629 2941 1853 2997 eximia

200 3030 578 3107 eruditionis,
609 3027 891 3084 Henricus
920 3028 1209 3098 Valesius,
1244 3047 1380 3086 cum
1410 3029 1556 3086 alias
1589 3029 1648 3084 in
1693 3033 1853 3085 textu

199 3122 410 3179 Graco
437 3119 726 3191 legeretur
752 3127 922 3191 ἤρτυε,
950 3126 1192 3190 pararet,
1208 3119 1446 3175 omnino
1468 3122 1669 3174 contra
1688 3118 1856 3190 Poly—
1896 3190 1926 3195 _
1965 3122 2170 3195 probat
2220 3120 2314 3183 his
2361 3119 2552 3175 verbis
2608 3136 2619 3174 :

1965 1883 2122 1935 stum
2148 1877 2320 1951 legali
2346 1877 2459 1932 ritu
2481 1877 2705 1933 Pascha
2737 1877 3066 1949 perfecisse;
3089 1879 3319 1933 Judaos
3347 1881 3612 1946 vero,aut

1964 1966 2171 2023 saltem
2202 1965 2494 2038 principes
2527 1965 2889 2031 Judaorum,
2913 1968 3115 2021 contra
3136 1964 3282 2038 legis
3303 1965 3608 2038 praescrip—

1963 2060 2087 2111 tum
2098 2058 2184 2122 ,ut
2196 2054 2416 2110 scilicet
2436 2054 2631 2109 animo
2645 2070 2751 2109 suo
2764 2053 3060 2109 Christum
3075 2054 3373 2110 occidendi
3387 2055 3608 2111 obtem-

1962 2142 2585 2218 perarent,distulisse.
2611 2143 2748 2213 Ejus
2772 2142 2852 2197 rei
2884 2148 3230 2215 argumenta
3260 2160 3327 2199 ex
3357 2142 3613 2217 Chryso-

1964 2239 2156 2290 stomo
2189 2232 2421 2305 collegit
2448 2232 2761 2303 Gregorius
2788 2230 3268 2303 protosy‘ncellus,
3302 2232 3361 2287 in
3399 2232 3612 2305 Apolo-

1963 2323 2059 2396 gia
2088 2324 2365 2379 adversus
2389 2321 2567 2377 Marci
2596 2320 2873 2392 Ephesini
2897 2320 3235 2392 epistolam;
3270 2321 3410 2377 item
3430 2324 3613 2377 Arcu-

1965 2412 2099 2468 dius
2129 2412 2187 2466 in
2220 2411 2319 2466 lib.
2354 2428 2415 2465 ιιι
2448 2411 2518 2465 de
2547 2408 2936 2474 Eucharistia,
2971 2426 3096 2481 cap.
3131 2411 3183 2477 4,
3215 2409 3315 2482 qui
3346 2410 3405 2465 in
3427 2409 3616 2482 capite

1965 2501 2231 2573 sequ’euti
2255 2500 2435 2555 dubia
2464 2515 2531 2554 ex
2563 2499 2766 2554 eodem
2799 2497 3211 2570 Chrysostomo
3229 2503 3467 2571 sumpta
3497 2497 3616 2555 dis-

1966 2589 2324 2646 solvit.Certe
2344 2588 2588 2644 Photius
2608 2587 2669 2642 in
2691 2586 3059 2642 Bibliotheca
3091 2603 3217 2659 cap.
3254 2587 3356 2642 “6
3377 2587 3616 2643 conﬁte-

1966 2684 2063 2735 tur
2089 2678 2550 2750 Chrysostonum
2582 2676 2641 2729 in
2674 2692 2743 2730 ea
2773 2675 2951 2730 fuisse
2982 2676 3289 2741 sententia,
3313 2674 3614 2730 Christum

1965 2769 2022 2823 in
2052 2772 2349 2841 postrema
2378 2782 2542 2821 coena
2569 2764 2792 2819 Pascha
2824 2764 3007 2835 legale
3037 2780 3317 2819 servasse.

2035 2856 2137 2911 His
2172 2854 2448 2910 omnibus
2505 2852 2863 2924 adjungendi
2921 2855 3060 2908 sunt
3107 2854 3222 2908 duo
3272 2852 3613 2925 patriarcha

1962 2943 2353 3009 Alexandrini,
2388 2959 2639 3014 quorum
2684 2941 2911 3013 primus
2937 2944 3024 2996 est
3052 2940 3321 3014 Cyrillus.
3372 2943 3428 2998 Is
3457 2943 3616 2998 enim

1962 3032 2385 3090 Eucharistiam
2419 3049 2452 3086 ει
2480 3030 2710 3088 Christo
2734 3029 3064 3086 institutam
3096 3034 3231 3101 post
3278 3047 3443 3087 esum
3477 3031 3614 3104 agni

2687 3119 2948 3173 Dominus
2996 3127 3177 3174 autem
3220 3124 3407 3175 noster
3461 3122 3614 3176 Iesus

197 3209 390 3267 cratis
420 3190 673 3264 mentem
718 3190 894 3281 atque
924 3207 1117 3263 Ruﬁni
1149 3207 1705 3279 interpretationem,
1755 3206 1855 3278 qui
1885 3190 1928 3257 Ο
1964 3190 2210 3270 Christus
2237 3210 2526 3281 conjunxit
2574 3210 2630 3262 in
2680 3225 2793 3262 una
2841 3207 2929 3263 die
2976 3225 3179 3279 agnum
3219 3208 3535 3266 Iudaeorum
3563 3216 3616 3265 et

193 3314 410 3356 vocem
441 3297 698 3354 Gracam
723 3296 1011 3369 auferendi
1030 3298 1204 3353 verbo
1227 3296 1496 3352 reddidit.
1531 3296 1649 3352 Hoc
1668 3312 1853 3351 unum

196 3386 613 3445 testimonium
645 3387 913 3443 sufﬁcere
937 3390 1133 3458 posset
1157 3386 1229 3441 ad
1257 3386 1625 3457 probandum
1652 3385 1854 3441 Chris-

196 3481 335 3533 tum
356 3474 546 3549 primo
564 3476 658 3531 die
678 3492 1014 3549 azymorum
1034 3475 1107 3530 ad
1133 3490 1435 3547 vesperam
1458 3474 1681 3529 Pascha
1699 3473 1857 3546 lega-

200 3565 261 3622 le
310 3564 633 3638 explevisse
660 3569 720 3621 et
748 3565 820 3620 ad
860 3564 1264 3636 explicandam
1314 3568 1570 3618 mentem
1613 3563 1859 3619 Joannis

204 3652 598 3728 evangelista,
618 3655 788 3725 cujus
819 3653 1159 3709 auctoritate
1190 3651 1578 3708 Asiaticorum
1602 3651 1860 3721 traditio,

207 3744 287 3799 ab
316 3743 446 3814 ipso
476 3743 633 3797 fonte
662 3744 917 3815 accepta,
950 3742 1322 3814 potissimum
1354 3740 1723 3796 fulciebatur.

278 3831 674 3888 Asiaticorum
694 3846 918 3887 morem
940 3831 1142 3886 eadem
1166 3829 1388 3886 ratione
1419 3831 1626 3903 probat
1646 3834 1862 3886 Anato-

208 3920 334 3977 lius
362 3919 1193 3985 Alexandrinus,Laodicensis
1215 3918 1611 3991 epiSCOpus,in
1633 3919 1865 3974 Canone

1962 3316 2152 3356 verum
2179 3314 2406 3363 manna,
2439 3296 2652 3369 quando
2687 3297 2963 3352 benediail
2989 3313 3187 3369 panem
3215 3305 3266 3353 et
3298 3299 3489 3354 vinum
3528 3298 3617 3354 di-

1963 3406 2090 3445 cens
2116 3406 2133 3443 :
2167 3389 2271 3443 Hoc
2299 3394 2378 3443 est
2395 3403 2589 3459 corpus
2618 3403 2796 3442 meum
2824 3395 2875 3441 et
2902 3388 3127 3456 sanguis
3154 3403 3327 3443 meus.

2037 3477 2197 3533 Alter
2223 3479 2312 3532 est
2338 3475 2633 3532 Protcrius
2665 3474 2859 3548 Cyrilli
2893 3492 3198 3531 successor
3227 3475 3350 3548 qui,
3385 3493 3418 3532 a
3461 3476 3621 3533 Mar-

1968 3568 2136 3624 ciano
2167 3567 2429 3639 Augusto
2458 3565 2853 3637 interrogatus
2904 3564 2972 3620 de
3020 3564 3242 3620 ratione
3289 3563 3622 3621 celebrandi

1972 3653 2298 3720 Paschatis,
2353 3653 2657 3727 respondit
2700 3653 2998 3709 Christum
3070 3653 3381 3708 Dominum
3430 3654 3625 3724 quinta

1969 3745 2140 3820 feria,
2174 3743 2387 3799 decima
2412 3747 2607 3814 quarta
2640 3743 2774 3797 luna
2804 3745 3006 3798 mensis
3031 3745 3203 3813 primi
3227 3743 3283 3797 in
3328 3742 3625 3799 caenaculo

1971 3850 2105 3890 cum
2129 3831 2435 3903 discipulis
2464 3831 2689 3886 Pascha
2717 3830 2977 3902 typicum
3011 3832 3420 3901 manducasse,
3453 3830 3627 3904 paulo

1971 3925 2106 3996 post
2134 3938 2168 3976 a
2192 3921 2223 3976 J
2233 3921 2347 3975 uda
2376 3920 2670 3992 proditore
2690 3919 2836 3974 tradi
2846 3922 3126 3975 tum.Hac
3140 3921 3429 3977 sententia
3448 3921 3635 3977 Theo-

208 4008 504 4077 Paschali,
565 4010 879 4065 ostendens
933 4024 1032 4065 eos
1096 4012 1250 4063 recte
1302 4007 1548 4063 Joannis
1603 4006 1867 4080 exemplo
1976 4007 2369 4084 philii,Cyrilli
2409 4012 2467 4063 et
2505 4006 3346 4079 Protcri,Alcxandrininorum
3377 4010 3631 4083 patriar-

206 4098 443 4156 Pascha
469 4098 761 4154 celebrare
789 4097 1124 4170 quotannis,
1171 4096 1387 4167 quando
1415 4104 1614 4167 quarta
1659 4096 1870 4151 decima
1978 4097 2361 4165 charum,hac
2384 4096 2441 4150 in
2467 4114 2527 4152 re
2540 4112 2607 4152 eo
2630 4096 2873 4169 majoris
2894 4104 2981 4154 est
3001 4100 3461 4171 ponderis,quod
3480 4099 3633 4155 anti-

209 4188 429 4243 lunatio
455 4187 737 4257 adfuisset,
760 4193 813 4242 et
838 4202 1018 4257 agnus
1048 4184 1193 4257 apud
1220 4184 1435 4274 Iudaeos
1466 4185 1870 4274 immolaretur,
1981 4186 2081 4260 qui
2103 4187 2301 4241 Patres
2314 4185 2941 4265 statuendiquotannis
2963 4187 3255 4258 paschalis
3276 4188 3405 4243 festi
3421 4204 3636 4244 omnem

209 4293 328 4334 non
361 4278 758 4347 acquiescentes
786 4276 1103 4331 auctoritati
1129 4273 1508 4346 quorumdam,
1542 4272 1598 4327 id
1617 4280 1693 4328 est
1719 4272 1875 4331 Petri
1983 4292 2174 4331 curam
2233 4274 2615 4330 Alexandrino
2664 4276 2906 4347 episcopo
2959 4276 3303 4348 delegarunt,
3354 4277 3637 4332 referente

215 4383 253 4421 a
278 4366 451 4421 Pauli
476 4380 860 4431 successorum,
896 4364 953 4419 id
998 4368 1077 4419 est
1121 4362 1445 4434 pontiﬁcum
1486 4363 1875 4432 Romanorum,
1984 4363 2190 4421 Leonis
2222 4380 2382 4435 papa
2414 4363 2585 4435 primi
2619 4363 2864 4435 epistola
2886 4365 2956 4419 ad
2976 4365 3639 4434 Marcianum:Quoniam

214 4456 322 4529 qui
352 4470 537 4510 omnes
566 4455 831 4510 Ecclesias
878 4455 939 4509 in
985 4454 1179 4525 quibus
1226 4453 1547 4524 spiritualia
1592 4452 1880 4521 Evangelii
1986 4455 2131 4526 apud
2160 4455 2439 4525 Egyptios
2470 4454 2633 4518 huius
2664 4455 3069 4526 supputationis
3099 4456 3407 4526 antiquitus
3430 4453 3640 4508 tradita

217 4545 444 4601 semina
469 4550 739 4611 severum,
770 4543 1169 4599 solemnitatem
1205 4542 1618 4597 resurrectionis
1661 4541 1883 4597 Domini
1912 4558 1959 4625 D
1990 4544 2273 4599 videbatur
2301 4558 2413 4597 esse
2441 4544 2662 4615 peritia,
2709 4559 2810 4613 per
2852 4558 3016 4613 quam
3060 4544 3155 4611 qui
3202 4544 3363 4596 annis
3404 4542 3643 4613 singulis

223 4634 287 4689 in
333 4632 425 4688 die
466 4635 684 4687 tantum
711 4632 998 4687 Dominica
1041 4631 1308 4686 celebrari
1352 4630 1670 4685 doc-uerunt.
1711 4628 1887 4685 Nulla
1992 4633 2106 4689 dies
2149 4631 2431 4704 pradictze
2476 4631 2835 4685 solemnitatis
2881 4632 3135 4697 eveniret,
3169 4630 3282 4685 sedi
3334 4632 3646 4702 apostolica

222 4736 367 4778 vero
397 4737 576 4776 causa
606 4720 834 4776 videtur
879 4736 983 4774 cur
1027 4719 1266 4775 Asiatici
1319 4723 1622 4790 tantopere
1664 4734 1888 4774 morem
1996 4722 2354 4787 indicaretur,
2375 4727 2435 4774 ut
2460 4718 2621 4789 hujus
2648 4719 2838 4789 scripti
2851 4718 2920 4772 ad
2952 4719 3355 4790 longinquiores
3386 4720 3651 4776 Ecclesias

226 4826 413 4868 suum
444 4809 696 4865 retinere
727 4808 1081 4876 studuerint,
1113 4808 1227 4863 nisi
1254 4808 1408 4879 quod
1441 4807 1736 4863 Christum
1761 4807 1893 4879 ipsa
1992 4810 2265 4884 judicium
2306 4807 2638 4878 generaliter
2678 4816 3042 4877 percurreret.
3081 4807 3198 4862 Hac
3244 4809 3401 4864 enim
3446 4809 3656 4881 peritia

228 4899 330 4955 die
359 4896 516 4953 luna
546 4902 756 4970 quarta
779 4897 1007 4954 decima
1037 4897 1110 4952 ad
1140 4896 1285 4968 legis
1316 4896 1722 4968 prascriptum
1755 4896 1892 4951 Pas-
2002 4898 2168 4955 facile
2189 4897 2375 4954 edocti
2395 4899 2557 4951 erant
2576 4895 2799 4966 quodie
2821 4894 3125 4951 incidisset
3145 4897 3416 4968 paschale
3438 4898 3654 4953 festum

230 4987 350 5044 cha
380 4986 676 5059 peregisse
707 5003 775 5043 ex
805 4986 1128 5057 majoribus
1159 4985 1538 5057 accepissent.
2005 5005 2070 5045 eo
2102 5003 2254 5043 anno
2287 5003 2402 5058 quo
2434 4983 2702 5039 Christus
2724 4988 3048 5039 extremum
3078 4985 3300 5042 Pascha
3321 4985 3655 5042 celebravit.

310 5077 380 5132 In
412 5077 618 5132 eadem
646 5079 914 5132 versatur
954 5074 1244 5131 sententia
1291 5074 1572 5145 Origenes
1622 5074 1895 5130 Tractatu
2076 5077 2157 5132 Ex
2187 5076 2279 5131 his
2311 5072 2427 5130 n'on
2456 5073 2747 5128 immerito
2788 5072 3116 5147 colligimus
3158 5093 3292 5130 cum
3325 5075 3549 5140 Photio,
3596 5074 3658 5130 in

235 5167 314 5222 35
341 5164 403 5220 in
432 5164 916 5233 Matthaum,ubi
946 5162 1241 5219 Christum
1272 5162 1413 5219 luna
1441 5166 1649 5234 quarta
1672 5162 1900 5217 decima
2008 5164 2374 5220 Bibliotheca
2406 5179 2531 5234 cap.
2567 5162 2690 5229 116,
2726 5163 3075 5218 sententiam
3125 5180 3251 5218 esse
3300 5180 3413 5217 non
3466 5161 3660 5217 solum

240 5253 740 5327 comprehensum
772 5253 1045 5309 aJudais
1067 5252 1251 5308 fuisse
1274 5251 1645 5319 tradit,initio
1664 5251 1898 5306 Tracta-
2007 5252 2253 5309 Joannis
2305 5249 2719 5325 Chrysostomi,
2754 5252 2853 5305 sed
2904 5251 3078 5306 etiam
3130 5251 3416 5318 Ecclesia,
3449 5249 3662 5308 saltem

240 5349 442 5413 tus,ac
464 5342 916 5414 proinderatum
935 5341 1142 5399 habuit
1161 5341 1363 5396 eadem
1386 5340 1526 5395 luna
1546 5339 1900 5396 celebratum
2012 5340 2375 5407 Graeanica,
2437 5338 2733 5393 Christum
2780 5342 2911 5393 ante
2952 5338 3259 5409 perfecisse
3309 5346 3507 5409 νόμικον
3557 5355 3662 5398 seu

246 5433 325 5490 ab
357 5432 491 5504 ipso
508 5430 891 5502 Pascha,cum
914 5446 1139 5486 cauam
1159 5427 1494 5501 paschalem
1516 5428 1730 5485 Christi
1747 5434 1904 5484 com-
2013 5430 2342 5503 legitimum
2376 5428 2598 5484 Pascha
2623 5443 2799 5500 quam
2834 5428 3140 5499 mysticam
3172 5427 3507 5485 institueret
3543 5428 3666 5486 Eu-

248 5520 570 5597 prehensio
619 5519 882 5593 proxime
930 5518 1008 5575 sit
1049 5521 1269 5574 secuta.
1301 5514 1449 5573 Hinc
1492 5517 1550 5573 in
1592 5533 1907 5592 progressu
2017 5518 2305 5577 charistia
2336 5517 2773 5590 coenam;quod
2795 5516 2970 5574 etiam
3005 5516 3180 5576 tradit
3207 5515 3406 5577 Victor
3452 5518 3664 5623 Antio;

247 5606 1221 5679 TmtatulaitChriatumJudaioo
1234 5606 1910 5675 morePaschaultimum
2020 5607 2241 5671 ahenus
2272 5605 2332 5665 in
2364 5604 2543 5667 Marci
2573 5620 2699 5682 cap.
2732 5621 2848 5667 xxv.
