4138 6186
1123 331 1580 402 MABILLONII
1611 323 2102 408 'DISQUlSl'l‘IO
2139 329 2248 395 DE
2291 323 2587 400 AZYMO.

3399 318 3559 406 issi

194 475 294 549 ipso
315 471 406 542 die,
433 471 578 531 sicut
602 472 889 546 Superiora
906 472 1114 542 docent,
1133 471 1346 530 Pascha
1373 489 1499 530 cum
1517 469 1801 542 discipulis
1827 466 1885 536 Α
1909 468 2104 524 tutum
2132 466 2365 540 vigebat
2387 472 2472 537 ut,
2506 467 2578 525 ob
2608 466 2982 528 incommoda
3029 469 3295 544 quaedam
3352 490 3556 534 succe-

191 564 532 632 manducavz‘t;
563 566 811 636 sequenti
837 572 1020 620 autem
1047 563 1156 629 die,
1190 563 1286 620 hoc
1314 571 1391 619 est
1415 565 1571 619 sexta
1625 561 1792 632 feria,

187 655 442 723 cmiﬁms
469 661 566 721 est,
600 654 698 710 hoc
726 657 824 722 est,
859 655 996 710 luna
1025 655 1218 727 quinta
1249 653 1476 708 decima.

247 768 527 826 Ambrosio
558 767 812 824 adhaeret
835 769 1197 842 Augustinus
1229 769 1287 824 in
1334 765 1581 840 epistola
1604 766 1673 821 86
1720 764 1792 819 ad

184 858 521 924 Casulauum,
536 859 656 925 ubi,
677 858 960 914 rationem
976 859 1222 914 reddens
1230 857 1436 929 jejunii
1455 856 1607 911 ferias
1626 871 1793 926 quar-

182 953 243 1006 ta
269 952 316 1004 et
339 951 520 1013 sexta,
555 946 770 1002 diserte
800 948 1006 1019 probat
1033 947 1266 1003 Judaaos
1295 947 1366 1002 de
1406 944 1790 1016 comprehen-

181 1039 343 1094 dendo
362 1036 579 1092 Christo
602 1036 913 1092 consilium
933 1037 1135 1092 iniisse
1161 1035 1300 1090 feria
1323 1038 1547 1107 quarta.
1576 1031 1790 1087 Deinde

179 1125 479 1182 intermisso
500 1141 616 1180 uno
637 1125 750 1195 die,
773 1147 799 1175 ‹‹
823 1126 992 1196 cujus
1010 1141 1251 1196 vespera
1271 1123 1548 1178 Dominus
1569 1120 1790 1177 Pascha

177 1231 295 1270 cum
323 1212 613 1285 discipulis
643 1213 1036 1281 manducavit,
1071 1214 1170 1285 qui
1204 1213 1312 1267 fuit
1334 1212 1465 1266 ﬁnis
1490 1211 1616 1279 ejus
1652 1209 1784 1276 diei,

177 1317 328 1377 quem
355 1319 623 1358 vocamus
653 1302 919 1374 quintam
951 1302 1212 1370 Sabbati,
1241 1323 1262 1352 ιο
1302 1299 1582 1356 traditum
1610 1298 1788 1354 fuisse

173 1392 434 1449 Christum
465 1407 531 1446 ea
559 1395 744 1457 nocte,
780 1414 808 1441 «
841 1408 968 1462 qua:
992 1391 1115 1462 jam
1143 1391 1214 1446 ad
1267 1396 1487 1445 sextam
1548 1387 1787 1444 Sahbati

172 1481 486 1555 pertinebat,
523 1502 550 1529 »
581 1484 708 1535 tum
739 1479 974 1537 subdit:
999 1503 1028 1530 «
1053 1479 1153 1535 Hic
1186 1479 1328 1548 dies,
1351 1501 1377 1528 ››
1400 1493 1606 1550 nempe
1627 1481 1788 1533 sexta

169 1569 381 1628 Sabbati
411 1590 437 1618 ‹‹
469 1567 695 1642 primus
729 1585 1064 1640 azymorum
1097 1567 1229 1636 fuit,
1261 1585 1295 1624 a
1341 1583 1583 1640 vespera
1640 1564 1783 1619 inci-

169 1659 335 1731 piens.
363 1656 462 1713 Sed
497 1655 802 1713 Matthaaus
833 1655 1188 1728 evangelista
1226 1656 1491 1728 quintam
1545 1653 1784 1709 Sabbati

169 1748 296 1805 dicit
322 1746 490 1802 fuisse
515 1746 766 1817 primam
798 1745 950 1802 diem
983 1762 1341 1818 azymorum,
1376 1746 1513 1818 quia
1541 1744 1667 1814 ejus
1688 1759 1780 1798 ve-

1904 555 2167 613 dentium
2193 556 2627 614 solemnitatum
2659 557 2916 628 vitanda,
2941 577 3012 618 ne
3033 578 3295 634 unquam
3333 563 3556 623 Pascha

1901 647 2180 713 secundo,
2215 651 2423 718 quarto
2452 651 2550 702 aut
2581 653 2740 705 sexto
2768 649 3149 706 hebdomadas
3179 651 3273 707 die
3297 652 3552 710 celebra-

1903 739 2067 803 rent;
2101 752 2166 791 eo
2197 752 2331 792 vero
2354 753 2505 792 anno
2537 755 2652 809 quo
2681 756 2892 811 passus
2914 744 3001 795 est
3029 740 3317 809 Christus,
3361 742 3551 817 legiti-

1903 841 2066 879 mum
2093 824 2316 879 Pascha
2336 825 2614 881 incidisse
2633 827 2691 882 in
2714 827 2917 883 feriam
2941 832 3186 893 sextam,
3221 847 3284 884 ac
3306 833 3550 903 proinde

1902 911 2252 968 translatum
2284 930 2318 967 a
2346 913 2563 969 Judaais
2591 920 2827 988 propter
2847 923 3286 974 concurrentem
3311 921 3547 979 Sabbati

1900 1001 2055 1057 diem
2086 1007 2446 1074 sequentem.

1969 1098 2081 1153 Alii
2113 1106 2325 1174 negant
2345 1101 2637 1157 Christum
2657 1103 2930 1159 ultimum
2957 1105 3174 1162 Pascha
3193 1105 3362 1180 legali
3387 1125 3546 1166 more

1898 1187 2214 1260 peregisse,
2250 1206 2352 1244 nec
2384 1207 2584 1262 azyma
2619 1207 2723 1247 nec
2754 1192 2867 1248 alia
2908 1194 2964 1247 id
3013 1209 3196 1265 genus
3247 1197 3544 1254 Paschalis

1899 1276 2027 1332 festi
2058 1276 2252 1333 edulia
2297 1279 2644 1350 percepisse.
2700 1280 2884 1343 Quam
2943 1285 3291 1339 sententiam
3351 1291 3547 1343 tuetur

1899 1365 2129 1420 Marcus
2161 1367 2450 1422 Antonius
2482 1369 2552 1423 de
2582 1368 2846 1424 Dominis
2871 1369 2927 1424 in
2952 1370 3052 1425 lib.
3083 1373 3204 1427 vde
3227 1373 3546 1445 Republica

1897 1454 2250 1520 Christiana,
2283 1471 2408 1527 cap.
2442 1457 2477 1509 6
2507 1473 2540 1510 a
2570 1473 2735 1511 num.
2780 1459 2907 1523 258,
2967 1459 3063 1512 ubi
3121 1461 3201 1515 ait
3249 1461 3544 1518 Christum

1897 1541 2080 1612 pridie
2099 1541 2307 1616 vigiliae
2329 1543 2645 1615 paschalis,
2667 1545 2721 1598 id
2748 1550 2837 1600 est
2861 1545 3002 1600 luna
3021 1564 3144 1615 xm,
3169 1565 3541 1609 communem

1895 1647 2118 1686 caenam
2175 1649 2308 1686 cum
2358 1631 2664 1704 discipulis
2736 1635 3086 1708 percepisse,
3146 1641 3202 1692 et
3259 1654 3328 1693 ex
3385 1655 3544 1695 com-

1891 1719 2058 1775 muni
2095 1735 2197 1774 seu
2228 1719 2572 1776 fermentata
2593 1738 2742 1794 pane
2771 1722 3195 1780 Eucharistiam
3218 1726 3290 1782 ab
3311 1727 3438 1800 ipso
3455 1727 3545 1784 in-

167 1852 320 1909 spera
339 1808 606 1907 sequente
652 1835 849 1890 futura
900 1838 1024 1891 erat
1053 1808 1244 1889 "caena
1295 1808 1613 1899 Paschalis,
1671 1849 1786 1904 qua
1818 1831 1865 1896 B
1897 1808 2191 1909 sti-tuin“:-

167 1941 314 1982 caena
333 1923 639 1996 incipiebat
670 1939 938 1996 azymum
961 1928 1016 1978 et
1047 1922 1509 1979 ovisimmolatio
1532 1920 1781 1977 mandu-

164 2010 288 2071 cari.
319 2014 529 2084 Exquo
574 2010 888 2084 colligitur,
947 2011 1160 2084 inquit,
1219 2016 1490 2084 quartam
1545 2009 1784 2067 Sabbati

163 2101 346 2171 fuisse,
359 2100 588 2174 quando
601 2100 682 2156 ait
695 2100 996 2156 Dominus:
1013 2123 1040 2150 «
1056 2101 1229 2156 Scitis
1242 2101 1380 2173 quia
1393 2103 1524 2172 post
1537 2100 1782 2155 biduum

160 2191 364 2248 Pascha
392 2191 487 2246 fiet
508 2189 709 2260 (Matth.
752 2207 906 2254 XXVI,
936 2190 1014 2260 2).
1056 2211 1083 2238 ››
1117 2190 1198 2244 Ex
1255 2189 1347 2245 his
1403 2189 1780 2244 manifestum

159 2286 239 2336 est
264 2279 646 2353 Augustinum
678 2279 735 2334 in
780 2295 848 2334 ea
906 2278 1194 2334 sententia
1247 2277 1428 2333 fuisse
1485 2277 1779 2333 Christum

157 2367 362 2425 Pascha
387 2367 705 2424 celebrasse
736 2385 804 2423 ea
835 2383 1092 2439 vespera,
1127 2384 1246 2439 qua
1268 2388 1295 2416 «
1317 2365 1636 2439 incipiebat
1657 2382 1781 2438 azy-

156 2473 364 2514 mumm
407 2461 464 2513 et
505 2456 628 2512 ovis
674 2455 998 2512 immolatio
1052 2455 1414 2520 manducari,
1467 2455 1780 2526 ipsumque

153 2562 276 2601 cum
304 2543 600 2616 discipulis
622 2542 794 2616 legali
812 2559 971 2598 more
989 2541 1211 2598 Pascha
1235 2541 1623 2597 manducasse
1647 2544 1779 2596 ante

151 2633 506 2690 Eucharistias
538 2631 986 2688 institutionem.

214 2741 386 2814 dique
403 2741 711 2812 perspicua
731 2742 819 2795 est
843 2738 1161 2794 auctoritas
1182 2737 1514 2810 Hieronymi
1529 2737 1586 2793 in
1601 2737 1702 2793 lib.
1723 2755 1780 2792 ιν

149 2828 548 2886 Commentarii
563 2829 620 2883 in
634 2827 967 2883 Matthasum
980 2827 1052 2882 ad
1068 2825 1275 2899 capitis
1287 2843 1416 2880 xxw
1430 2844 1661 2882 versum
1682 2828 1776 2884 l7:

147 2918 390 2974 «Prima
434 2933 792 2991 azymorum,
853 2915 1066 2987 inquit,
1127 2925 1334 2987 quarta
1389 2916 1618 2971 decima
1663 2915 1778 2971 diei

141 3007 356 3063 mensis
380 3005 547 3080 primi
575 3008 684 3075 est,
719 3003 954 3078 quando
972 3021 1159 3076 agnus
1181 3001 1537 3065 immolatur,
1568 3003 1779 3059 etluna

138 3096 477 3171 plenissima
506 3097 614 3164 est,
643 3099 700 3150 et
742 3095 1095 3150 fermentum
1152 3095 1445 3164 abjicitur.
1509 3116 1535 3142 »
1595 3094 1663 3147 Et
1718 3093 1774 3148 in

131 3201 372 3243 versum
399 3185 510 3239 26:
562 3183 936 3256 «Postquam
996 3182 1255 3255 typicum
1313 3182 1535 3242 Pascha
1596 3182 1851 3266 fueratc

128 3273 464 3348 impletum,
499 3275 556 3329 et
611 3273 743 3345 agni
801 3287 1004 3348 carnes
1057 3288 1190 3326 cum
1252 3270 1530 3343 apostolis
1588 3287 1776 3326 come-

126 3365 316 3428 derat,
349 3360 598 3418 assumit
623 3377 833 3434 panem
861 3359 959 3432 qui
989 3360 1277 3415 confortat
1304 3377 1403 3414 cor
1424 3358 1703 3428 hominis,
1724 3362 1782 3414 et

125 3453 202 3511 ad
231 3467 434 3508 verum
466 3449 697 3506 Pascha:
727 3448 1158 3521 transgreditur
1196 3451 1651 3514 sacramentum,
1717 3452 1782 3502 ut

123 3558 242 3614 quo
275 3540 448 3596 modo
481 3538 946 3612 praﬁguratione
977 3539 1106 3608 ejus
1138 3537 1562 3594 Melchisedech
1618 3554 1779 3593 sum-

122 3630 207 3685 mi
238 3629 341 3684 Dei
375 3629 648 3684 sacerdos
679 3643 892 3700 panem
923 3630 980 3682 et
1007 3626 1209 3681 vinum
1243 3625 1494 3682 oti'erens
1547 3627 1778 3691 fecerat,

119 3721 253 3792 ipse
287 3734 519 3791 quoque
550 3717 853 3774 veritatem
902 3715 994 3773 sui
1044 3715 1303 3788 corporis
1362 3719 1419 3770 et
1475 3714 1780 3787 sanguinis

118 3807 216 3866 sui
247 3808 711 3880 repraesentaret.
751 3826 774 3856 ι

195 3914 300 3970 His
330 3930 516 3969 unum
550 3913 700 3968 addo
728 3909 1020 3968 Junilium
1051 3909 1390 3965 Africanum
1439 3910 1780 3982 episcopum

113 4002 342 4061 seculo
374 4007 558 4070 sexto,
591 4002 693 4074 qui
723 3999 1152 4057 Commentario
1187 3999 1245 4053 in
1277 3998 1545 4054 Genesim
1585 4003 1782 4055 conte-

96 4096 312 4148 statur
341 4092 643 4148 Christum
678 4090 1014 4156 Dominum,
1049 4111 1076 4140 «
1107 4091 1238 4160 post
1254 4104 1420 4142 esum
1443 4087 1580 4159 agni
1610 4088 1781 4159 typici

94 4182 399 4254 mysteria
427 4179 599 4238 nobis
630 4180 721 4236 sui
753 4178 1014 4250 corporis
1035 4182 1093 4233 et
1113 4175 1420 4248 sanguinis
1437 4175 1784 4231 celebranda

87 4270 524 4326 denuntiasse.
560 4291 588 4318 »
621 4269 900 4324 Praetereo
933 4265 1198 4321 Rhabaui
1223 4268 1279 4319 et
1306 4262 1555 4319 aliorum
1575 4265 1778 4319 mediae

81 4358 296 4415 aetatis
329 4361 648 4414 auctorum
681 4353 1018 4413 testimonia
1047 4353 1203 4408 idem
1236 4352 1634 4408 sentientium.

164 4478 318 4530 Haec
353 4473 597 4530 tametsi
626 4474 901 4529 constant
931 4469 1084 4542 apud
1143 4468 1504 4539 antiquiores
1556 4472 1777 4538 Patres,

1967 1899 2124 1952 Inter
2152 1896 2255 1952 hos
2283 1896 2536 1952 mediam
2568 1897 2788 1953 invenit
2817 1898 2968 1954 viam
3001 1900 3165 1973 Hugo
3197 1901 3430 1959 Grotius
3480 1903 3541 1961 in

1895 1985 2148 2042 Matthasi
2182 1990 2356 2057 caput
2383 2002 2535 2040 xxvx.
2569 1986 2675 2050 Qui
2708 1987 2937 2043 etiamsi
2961 1990 3297 2060 praedictam
3321 1991 3542 2049 Judaao-

1894 2091 2023 2132 rum
2055 2073 2536 2131 consuetudinem
2564 2075 2634 2130 de
2662 2076 3066 2133 transferendo
3097 2079 3376 2136 Paschate
3407 2097 3538 2154 pro-

1893 2164 2011 2230 bat,
2050 2168 2224 2236 negat
2252 2167 2447 2219 tamen
2477 2161 2594 2219 ullo
2635 2168 2790 2220 certo
2844 2171 3111 2222 constare
3169 2175 3538 2240 argumento,

1891 2252 2043 2307 diem
2070 2253 2280 2308 festum
2301 2269 2637 2325 azymorum
2659 2269 2760 2308 seu
2776 2253 2995 2309 Pascha
3015 2254 3072 2308 in
3091 2254 3293 2312 feriam
3315 2261 3539 2316 sextam

1889 2339 2167 2396 incidisse
2198 2358 2264 2397 eo
2294 2357 2448 2396 anno
2480 2358 2595 2413 quo
2626 2341 2889 2397 Christus
2932 2348 3198 2399 mortuus
3256 2351 3363 2401 est.
3417 2348 3539 2403 Imo

1890 2429 2065 2486 etiam
2093 2431 2142 2485 si
2173 2429 2231 2484 id
2266 2429 2631 2502 contigisset,
2653 2447 2782 2486 eam
2815 2429 3012 2504 legens
3031 2436 3149 2487 tam
3165 2433 3391 2504 justam
3411 2450 3540 2492 esse

1889 2524 1955 2574 ut
1982 2534 2168 2590 neque
2198 2517 2464 2574 Christus
2495 2519 2565 2573 ab
2596 2534 2664 2574 ea
2695 2535 3032 2575 recessurus
3070 2521 3296 2590 fuisset,
3351 2539 3540 2594 neque

1888 2607 2162 2680 discipuli
2183 2607 2382 2680 ipsum
2405 2609 2476 2662 de
2501 2608 2757 2678 parando
2792 2609 3066 2664 Paschate
3096 2615 3229 2666 ante
3253 2611 3407 2666 diem
3430 2612 3540 2668 hac

1889 2697 2303 2753 constitutione
2335 2698 2634 2769 prmﬁxum
2665 2697 3147 2770 interrogassent.
3178 2701 3541 2772 Quapropter

1889 2786 2124 2842 Grotius
2147 2785 2273 2858 ipse
2301 2790 2516 2853 censet,
2545 2785 2928 2857 anticipatum
2962 2803 2995 2842 a
3023 2787 3250 2844 Christo
3291 2789 3535 2858 Pascha,

1887 2892 2002 2930 non
2034 2875 2272 2946 quidem
2305 2883 2478 2944 θυσιμο
2510 2873 2749 2945 plenum
2781 2878 2836 2929 et
2867 2873 3144 2942 solemne,
3196 2879 3349 2948 quod
3411 2894 3537 2934 ma-

1887 2963 2136 3018 ctatione
2163 2962 2299 3035 agni
2329 2967 2386 3018 et
2412 2962 2545 3018 aliis
2603 2961 2813 3018 ritibus
2862 2962 2985 3035 lege
3019 2966 3374 3038 praescriptis
3406 2983 3537 3040 per-

1888 3052 2188 3124 agebatur,
2221 3051 2277 3106 id
2313 3051 2464 3122 quod
2490 3050 2651 3106 nefas
2683 3055 2806 3105 erat
2825 3055 2983 3107 extra
3001 3051 3193 3109 locum
3215 3071 3280 3110 ac
3303 3059 3536 3128 tempus

1889 3141 2299 3206 constitutum,
2345 3140 2445 3195 sed
2479 3148 2865 3211 μνημονεύτικον
2897 3157 2998 3196 seu
3053 3150 3534 3202 commemorato-

1891 3229 2066 3295 rium,
2097 3229 2251 3300 quod
2285 3227 2407 3283 solo
2440 3245 2541 3284 esu
2577 3245 2794 3300 panum
2845 3247 3179 3302 azymorum
3239 3236 3296 3288 et
3351 3231 3535 3290 lactu-

1887 3335 2088 3375 carum
2122 3316 2441 3390 agrestium
2474 3319 2812 3386 constabat;
2847 3319 3018 3391 quale
3050 3321 3222 3376 etiam
3258 3339 3412 3378 nunc
3442 3323 3541 3379 Ju-

1888 3407 1994 3461 dtei
2027 3410 2229 3477 agunt.

1960 3495 2038 3552 De
2067 3493 2244 3550 variis
2265 3494 2425 3550 hisce
2462 3495 2800 3551 Latinorum
2831 3498 3214 3554 recentiorum
3239 3498 3542 3555 sententiis

1883 3583 2171 3656 judicium
2209 3584 2354 3640 ferre
2385 3601 2498 3639 non
2549 3589 2637 3640 est
2667 3584 2846 3657 hujus
2881 3585 3009 3642 loci.
3075 3587 3149 3643 Ut
3199 3605 3321 3643 rem
3384 3589 3541 3644 brevi

1889 3673 2214 3756 expediam,
2247 3673 2363 3729 duo
2396 3673 2540 3728 mihi
2573 3673 2681 3728 hac
2710 3674 2769 3728 in
2805 3675 3193 3730 controversia
3222 3681 3380 3731 certa
3417 3693 3546 3732 esse

1888 3762 2178 3818 videntur.
2214 3761 2429 3824 Unum,
2463 3761 2780 3831 Christum,
2815 3779 2930 3817 non
2985 3763 3382 3832 dimidiatum,
3442 3765 3544 3820 sed

1891 3852 2183 3924 integrum
2217 3868 2283 3905 ac
2315 3849 2576 3906 solemne
2603 3851 2823 3905 Pascha
2852 3849 3195 3922 explevisse,
3230 3851 3350 3906 sive
3398 3851 3544 3908 illud

1891 3941 2313 4012 anticipaverit,
2347 3939 2465 3992 sive
2507 3937 2916 3992 transtulerint
2947 3938 3152 3994 Judaei.
3203 3940 3348 3995 Nam
3409 3956 3545 3996 cum

1891 4028 2166 4100 discipuli
2199 4027 2513 4083 Dominum
2544 4027 2612 4082 de
2643 4027 2902 4098 parando
2925 4027 3546 4103 Paschainterrogave-

1891 4123 2052 4182 runt,
2083 4116 2254 4188 isque
2277 4131 2376 4170 eos
2407 4115 2568 4170 misit
2598 4116 2668 4170 ad
2702 4114 2846 4170 illud
2881 4118 3230 4188 parandum,
3273 4118 3418 4174 nihil
3450 4135 3544 4175 eo-

1890 4223 2023 4260 rum
2055 4203 2294 4276 excepit,
2330 4221 2456 4275 quaa
2485 4203 2576 4258 lex
2607 4205 3022 4275 prescribebat.
3054 4207 3271 4263 Deinde
3307 4209 3546 4264 mittens

1891 4310 1991 4350 eos
2009 4293 2078 4348 ad
2103 4293 2392 4365 hospitem
2418 4293 2475 4346 in
2502 4293 2673 4362 cujus
2696 4293 3010 4351 diversorio
3034 4313 3257 4352 canam
3285 4297 3546 4369 paraturi

1890 4381 2168 4448 erant,eis
2201 4380 2464 4453 suggerit
2487 4380 2609 4436 haec
2631 4383 2806 4437 verba
2836 4381 3052 4455 hospiti
3077 4400 3145 4438 ex
3176 4401 3236 4440 se
3265 4384 3544 4440 dicenda:

1893 4493 1921 4520 ‹‹
1946 4471 2117 4542 Apud
2147 4474 2203 4525 te
2226 4469 2372 4525 facio
2404 4469 2628 4525 Pascha
2657 4487 2790 4525 cum
2825 4471 3131 4543 discipulis
3154 4472 3299 4528 meis
3320 4472 3544 4544 (Matth.

75 4579 219 4620 non
255 4566 472 4618 tamen
503 4561 748 4633 insuper
769 4559 1180 4615 habendisunt
1201 4555 1384 4612 Latini
1408 4558 1778 4624 recentiores,
1815 4570 1860 4634 υ
1890 4577 2039 4624 xxvr,
2071 4559 2178 4628 18).
2216 4580 2244 4607 ››
2277 4558 2437 4620 Quod
2468 4575 2607 4615 sane
2640 4575 2705 4614 eo
2737 4560 2908 4614 modo
2943 4559 3249 4627 intellexit,
3276 4577 3390 4632 quo
3418 4559 3548 4615 vul-

83 4652 206 4726 qui
239 4651 311 4706 in
344 4650 463 4706 hac
492 4649 814 4722 quaestione
838 4646 1180 4720 explicanda
1207 4662 1482 4718 magnam
1538 4645 1786 4718 diligen-

1898 4662 2006 4719 gus
2039 4651 2095 4701 et
2120 4646 2336 4718 hospes
2366 4647 2491 4719 ipse
2522 4646 2923 4702 intellecturus
2955 4653 3096 4702 erat.
3128 4650 3212 4703 Ad
3250 4649 3390 4719 haac,
3415 4665 3550 4704 cum

69 4743 252 4798 tiam
278 4737 813 4812 impenderunt,in
833 4736 1026 4792 varias
1042 4735 1348 4808 opinipnes
1369 4734 1652 4790 distracti.
1675 4733 1786 4789 Alii
1896 4735 2021 4806 ipse
2053 4735 2110 4789 in
2143 4734 2508 4790 ccenaculum
2543 4734 2840 4796 subiisset.
2875 4736 3148 4791 omnibus
3171 4737 3240 4792 de
3273 4754 3431 4794 more
3453 4755 3554 4810 pa-

65 4830 287 4896 enim,
316 4845 479 4900 quos
510 4827 660 4883 inter
690 4825 904 4882 Paulus
925 4823 1261 4897 Brugensis.
1291 4822 1606 4878 Jansenius
1637 4827 1782 4878 Gau-

64 4917 391 4975 davensis
427 4915 760 4988 episcopus,
793 4913 1182 4979 Maldonatus,
1217 4913 1485 4984 Zegerus,
1517 4916 1574 4966 et
1600 4910 1781 4982 aliqui

64 5005 415 5071 nonnulli,
451 5005 750 5060 Christum
772 5003 884 5059 alio
902 5003 1016 5068 die,
1036 5000 1148 5057 alio
1180 5001 1271 5056 die
1301 5001 1528 5056 Iudaeos
1563 5000 1784 5055 Pascha

63 5095 477 5162 celebrasse,
521 5097 804 5166 utrosque
849 5097 1046 5148 tamen
1095 5108 1232 5146 cum
1287 5089 1573 5162 legalibus
1615 5088 1781 5155 cibis,

65 5184 514 5241 contendunt.
551 5183 621 5238 Et
659 5182 719 5237 hi
752 5181 990 5253 quidem
1047 5180 1222 5235 etiam
1268 5178 1324 5233 in
1385 5180 1533 5233 duas
1590 5183 1784 5248 partes

65 5270 865 5344 iividuntur,quibusdam
889 5267 1286 5326 asserentibus
1314 5267 1608 5322 Christum
1633 5266 1780 5321 anti-

67 5365 343 5436 :ipasse
376 5360 722 5434 legitimum
751 5363 1006 5431 tempus.
1042 5357 1171 5412 aliis
1209 5355 1536 5411 dicentibus
1589 5355 1783 5427 ipsum

67 5455 338 5510 itatuta
369 5449 479 5508 die
506 5449 734 5508 Pascha
761 5449 1076 5522 peregisse,
1111 5450 1169 5500 at
1195 5445 1430 5500 Judaeos
1459 5444 1518 5498 in
1541 5461 1786 5516 sequen-

68 5557 202 5599 em
241 5540 443 5596 diem
471 5538 865 5596 transtulisse.
895 5539 1053 5594 Hanc
1083 5551 1217 5590 vero
1249 5533 1420 5590 istius
1452 5533 1784 5590 translatio-

69 5633 164 5690 nis
206 5631 515 5690 afferunt
536 5646 777 5687 causam
802 5648 815 5686 :
850 5627 1128 5702 quoniam
1151 5624 1304 5697 apud
1324 5623 1558 5680 Judmos
1576 5625 1787 5680 consti-

1896 4823 2057 4890 ratis,
2093 4824 2238 4878 dixit
2269 4823 2557 4878 desiderio
2589 4817 2958 4879 desiderasse
2990 4841 3049 4879 se
3084 4847 3110 4874 «
3135 4825 3242 4882 hoc
3275 4827 3503 4883 Pascha
3525 4851 3554 4878 ‹‹

1893 4913 2248 4967 manducare
2279 4927 2412 4966 cum
2447 4909 2754 4981 discipulis
2786 4912 2910 4967 suis
2933 4919 3248 4986 antequam
3302 4921 3554 4972 mortem

1894 5005 2209 5074 pateretur.
2249 5021 2278 5049 «
2310 5000 2426 5054 Hoc
2459 4998 2695 5063 Pascha,
2730 5021 2757 5047 »
2791 4999 2982 5072 inquit
3011 5002 3184 5074 quale
3241 5005 3461 5061 scilicet
3521 5023 3556 5061 a

1893 5089 2196 5160 discipulis
2220 5093 2484 5160 paratum
2517 5087 3012 5158 conspiciebatur,
3077 5109 3187 5148 non
3249 5099 3313 5148 ut
3369 5094 3428 5147 in
3484 5109 3552 5148 eo

1893 5179 2144 5245 sisteret,
2169 5179 2268 5233 sed
2289 5182 2366 5231 ut
2397 5177 2617 5231 umbras
2649 5177 2840 5231 substi
2879 5183 3070 5235 tueret
3105 5181 3424 5236 veritatem.
3489 5180 3550 5234 Id

1891 5267 2157 5338 inquam,
2184 5266 2324 5320 mihi
2360 5271 2582 5320 certum
2616 5270 2672 5320 et
2697 5265 3068 5336 exploratum
3119 5271 3371 5333 videtur,
3429 5267 3551 5322 sive

1893 5356 2117 5411 Pascha
2145 5355 2499 5428 praeverterit
2529 5354 2820 5420 Christus,
2855 5357 2973 5411 sive
2992 5357 3177 5411 Judaei
3197 5357 3338 5412 illud
3363 5361 3554 5412 trans-

1893 5444 2152 5502 tulerint.
2186 5445 2330 5499 Nam
2371 5443 2666 5498 Christum
2729 5444 2931 5499 eodem
2988 5445 3080 5502 die
3138 5463 3255 5518 quo
3313 5447 3549 5502 Judaaos

1887 5550 2091 5590 omnes
2122 5531 2266 5587 illud
2300 5530 2643 5599 celebrasse,
2674 5531 2916 5589 Joannis
2949 5535 3282 5592 testimonio
3311 5541 3555 5607 contra!

1892 5623 2044 5680 rium
2071 5621 2318 5677 videtur.
