4138 6186
490 319 505 324 ·
559 304 713 378 1235
1594 282 1989 376 aerarium
2029 310 2134 375 AD
2176 305 2439 377 opaea
2480 309 2918 381 senseram.
3731 318 3854 391 me

629 447 895 505 Alterum
925 443 1033 512 est,
1066 443 1189 503 sive
1213 442 1478 502 Christus
1494 445 1718 503 Pascha
1736 445 1920 519 legale
1940 461 2197 503 servave-
2231 445 2288 512 Α
2386 446 2457 502 Et
2473 464 2607 504 vero
2637 448 2943 523 utriusque
2962 446 3228 508 Ecclesia
3268 452 3596 511 consuetudo
3640 453 3705 512 ab
3750 457 3855 515 ulte-

559 537 657 606 rit,
690 538 809 593 sive
838 535 982 590 illud
1014 535 1467 607 praetermiserit,
1493 535 1612 591 sive
1633 534 1851 607 azymis
1879 534 1939 590 in
1994 534 2201 590 ultima
2308 535 2433 591 rius
2466 537 2759 595 societatis
2788 538 3128 596 hominibus
3160 541 3532 613 prudentibus
3550 559 3745 617 semper
3767 563 3859 619 pro-

561 644 727 684 ccena
754 642 899 680 usus
930 624 1025 694 sit,
1058 625 1176 680 sive
1209 624 1578 690 abstinuerit,
1602 624 1873 696 antiquos
1891 630 2107 692 tamen,
2143 623 2202 678 id
2309 624 2448 680 bata
2476 632 2584 694 est,
2618 628 2795 683 etiam
2819 633 2952 700 post
2983 629 3296 687 conﬂatum
3345 631 3582 689 schisma
3629 634 3860 692 Michaelis

562 720 650 773 est
678 715 901 786 primos
932 713 1195 768 Ecclesia:
1218 713 1435 779 Patres,
1486 714 1545 767 in
1595 730 1663 769 ea
1719 714 1901 769 fuisse
1960 730 2204 786 persua-
2315 715 2616 782 Cerularii,
2645 716 2745 787 qui
2783 733 2853 773 ea
2906 717 2977 772 de
3006 734 3067 773 re
3096 718 3318 790 primus
3351 720 3565 777 Latinos
3590 722 3643 777 in
3682 739 3862 780 causam

563 804 726 862 sione
756 803 1051 857 Christum
1085 802 1144 859 in
1166 802 1386 873 azymis
1406 802 1628 873 Pascha
1648 802 1792 857 illud
1815 802 2137 858 celebrasse
2152 804 2210 857 et

560 892 986 952 Eucharistiam
1019 895 1151 963 post
1179 908 1345 946 esum
1377 869 1513 964 agni
1544 890 1890 947 instituisse.
1915 893 2049 956 Quae
2080 906 2207 963 per-

566 981 765 1039 suasio
791 982 845 1036 id
878 980 1134 1036 obtinere
1157 980 1345 1051 potuit
1367 997 1400 1034 a
1429 980 1635 1051 primis
1664 979 1925 1036 Ecclesia:
1969 979 2210 1035 rectori-

563 1071 697 1138 bus,
732 1074 796 1125 ut
817 1069 1224 1125 constituenda
1253 1069 1654 1124 ecclesiasticae
1686 1068 2007 1142 disciplinae
2025 1069 2214 1123 forma

567 1176 793 1217 morem
814 1158 1151 1215 induxerint
1171 1157 1596 1212 Eucharistiam
1616 1157 1957 1213 conﬁciendi
1983 1157 2043 1211 in
2066 1173 2215 1228 pane

566 1249 836 1306 fermenti
868 1252 1119 1319 experte,
1156 1247 1311 1317 quod
1344 1245 1604 1301 abfuisse
1637 1263 1671 1301 a
1705 1244 2003 1302 Dominica
2052 1262 2214 1302 omna

566 1354 915 1411 persuasum
946 1336 1258 1391 habebant.

1232 1475 1459 1530 CAPUT
1489 1474 1557 1530 II.

579 1585 793 1655 Exemp
852 1582 1055 1638 Christi
1082 1598 1191 1637 non
1224 1583 1437 1665 imponi
1464 1582 1839 1664 necessitatem
1862 1581 2217 1637 consecrandi

1236 1671 1296 1709 τη
1322 1670 1548 1724 απῃγηιδ.

2315 804 2514 860 traxit.
2548 805 2903 862 Humbertus
2935 807 3265 875 cardinalis,
3292 810 3397 865 etsi
3428 827 3523 881 pro
3571 812 3757 884 ingenii
3798 815 3861 869 sui

2318 894 2536 949 fervore
2561 895 2766 950 durius
2793 895 3006 952 Graecis
3029 897 3372 969 respondere
3392 898 3584 955 solitus
3597 900 3680 966 sit,
3701 900 3862 957 salvam

2316 987 2514 1040 tamen
2529 985 2906 1040 reverentiam
2924 986 3181 1058 corporis
3198 986 3470 1043 Dominici
3485 1011 3509 1039 «
3532 989 3586 1043 in
3598 989 3864 1046 fermentata

2321 1074 2378 1126 et
2403 1070 2463 1125 in
2495 1081 2696 1144 azymo
2731 1094 2758 1121 »
2796 1073 3006 1129 fatetur
3030 1075 3085 1128 in
3112 1075 3481 1146 responsione
3502 1077 3569 1132 ad
3600 1077 3864 1134 Michaelem

2320 1158 2701 1217 Cerularium.
2733 1162 2877 1216 Hinc
2907 1162 3220 1235 Gregorius
3249 1181 3398 1237 papa
3422 1164 3539 1236 VII,
3578 1165 3631 1221 in
3678 1166 3761 1221 lib.
3796 1184 3865 1222 VIII

2322 1248 2641 1321 epistolal.
2673 1273 2694 1299 α
2730 1250 2846 1306 Nos
2885 1267 3041 1321 vero,
3102 1252 3314 1324 inquit,
3372 1270 3620 1326 azymum
3668 1258 3866 1310 nostrum

2322 1337 2758 1411 inexpugnabili
2790 1340 3112 1396 secundum
3141 1340 3453 1398 Dominum
3491 1342 3687 1399 ratione
3724 1343 3869 1399 defen-

2324 1427 2548 1496 dentes,
2580 1427 2841 1499 ipsorum
2871 1429 3288 1486 fermentatum
3336 1447 3439 1487 nec
3492 1433 3867 1504 reprobamus.»

2323 1516 2634 1572 Anselmus
2687 1517 3123 1575 Cantuariensis
3190 1519 3494 1595 episcopus
3544 1538 3577 1577 a
3618 1520 3868 1577 Waleramo

2324 1605 2783 1678 Nuembergensi
2813 1607 3072 1663 antistite
3102 1608 3490 1682 interrogatus
3517 1609 3641 1683 quid
3668 1611 3727 1665 de
3757 1609 3868 1665 Gre-

2325 1711 2526 1752 corum
2557 1695 2840 1751 fermento
2870 1697 3134 1767 sentiret,
3156 1697 3240 1755 ita
3259 1698 3587 1770 respondit:
3618 1720 3642 1749 «
3667 1698 3732 1756 De
3749 1698 3871 1754 sacri-

642 1780 763 1835 Etsi
784 1778 995 1835 Christi
1017 1777 1443 1833 Eucharistiam
1468 1776 1828 1833 instituentis
1849 1792 1986 1833 cum
2005 1774 2217 1833 volun-
2248 1811 2296 1876 B
2326 1784 2477 1849 ﬁcio,
2508 1784 2569 1839 in
2602 1801 2716 1856 quo
2747 1784 2929 1841 emaci
2961 1785 3271 1843 nobiscum
3302 1803 3417 1843 non
3438 1787 3689 1853 sentiunt,
3727 1786 3870 1843 multis

569 1870 841 1943 tas,_tum
872 1867 1204 1940 exemplum
1236 1884 1340 1939 pro
1364 1866 1490 1939 lege
1520 1866 1658 1936 sint,
1692 1863 1977 1921 nonnulla
2021 1869 2216 1920 tamen

571 1957 710 2015 hinc
742 1958 927 2031 excipi
950 1972 1185 2013 necesse
1218 1961 1307 2011 est
1336 1972 1463 2027 quae
1493 1956 1584 2009 vel
1625 1972 1728 2026 pro
1783 1953 2081 2026 temporis,
2130 1952 2219 2010 vel

570 2064 676 2122 pro
703 2063 1087 2121 personarum
1121 2045 1273 2100 inter
1303 2061 1448 2116 quas
1471 2044 1715 2115 degebat
1735 2047 1998 2116 respectu
2020 2043 2217 2098 obser-

570 2137 748 2194 vavit.
783 2137 944 2203 Quod
978 2151 1125 2208 pane
1156 2135 1404 2202 triticeo,
1433 2133 1587 2204 quod
1617 2132 1749 2188 vino
1789 2148 1944 2203 aqua
2000 2135 2219 2201 tempe-

571 2231 719 2293 rato,
754 2226 907 2298 quod
950 2223 1122 2280 certis
1152 2222 1343 2277 verbis
1387 2238 1531 2277 usus
1577 2225 1685 2292 est,
1745 2238 1812 2277 ea
1856 2218 2220 2292 praetermitti

569 2320 726 2374 vetat
758 2314 983 2386 religio,
1014 2312 1318 2384 ipsiusque
1357 2310 1708 2365 sacramenti
1763 2314 1990 2365 natura.
2055 2309 2218 2377 Quod

571 2402 753 2461 semel
784 2408 841 2457 et
869 2402 1108 2473 quidem
1139 2401 1198 2455 in
1229 2398 1529 2465 Paschate,
1570 2399 1726 2469 quod
1785 2402 1915 2469 post
1970 2396 2219 2468 legalem

572 2506 822 2556 coenam,
856 2490 1012 2562 quod
1043 2489 1103 2543 in
1133 2504 1335 2560 azymo
1366 2504 1514 2558 pane
1538 2487 1595 2542 id
1627 2485 1846 2553 fecerit,
1887 2503 1957 2541 ea
2010 2485 2099 2540 vel
2160 2486 2218 2540 in

569 2580 763 2637 medio
792 2578 1011 2647 relicta,
1042 2576 1133 2632 vel
1166 2575 1326 2631 nullo
1359 2575 1530 2630 modo
1552 2575 1609 2630 in
1634 2575 1964 2647 exemplum
1984 2573 2217 2630 trahen-

571 2671 648 2726 da
678 2686 806 2727 esse
829 2666 1029 2725 voluit.
1063 2666 1209 2721 Hinc
1239 2670 1327 2720 est
1356 2664 1510 2736 quod
1539 2665 1685 2720 citra
1713 2663 2002 2720 Dominici
2027 2680 2218 2719 exem-

571 2757 949 2832 pliinjuriam
981 2755 1188 2812 statuit
1217 2754 1490 2824 Ecclesia,
1520 2751 1696 2825 idque
1721 2775 1748 2803 ‹‹
1783 2751 2004 2824 placuit
2035 2751 2217 2824 Spiri-

462 2860 465 2865 '
571 2847 660 2903 tui
689 2852 912 2916 sancto,
947 2868 974 2895 ››
1007 2844 1505 2918 quemadmodum
1535 2843 1704 2898 docet
1747 2840 2111 2914 Augustinus
2158 2839 2219 2895 in

574 2936 819 3008 epistola
848 2936 951 2992 “8
977 2935 1048 2990 ad
1077 2933 1448 3001 Januarium,
1483 2954 1510 2982 ‹‹
1536 2935 1602 2986 ut
1633 2931 1693 2986 in
1742 2929 2020 2986 honorem
2075 2928 2222 2986 tanti

575 3024 839 3099 mysterii
870 3025 929 3080 in
961 3041 1024 3079 os
1055 3022 1367 3078 Christiani
1394 3021 1558 3093 prius
1589 3019 1958 3076 Dominicum
2008 3036 2221 3091 corpus

575 3116 817 3172 intraret
839 3130 1016 3187 quam
1048 3112 1238 3168 caeteri
1268 3110 1400 3166 cibi.
1438 3132 1465 3159 ››
1487 3109 1608 3165 Etsi
1636 3108 1793 3165 enim
1825 3131 1853 3159 «
1886 3107 2167 3164 Salvator.
2188 3129 2217 3156 »

574 3210 641 3263 ut
669 3205 826 3261 idem
857 3206 1098 3261 sanctus
1128 3203 1328 3260 doctor
1357 3198 1529 3272 paulo
1560 3201 1692 3271 post
1733 3197 1952 3266 subdit,
2015 3221 2034 3248 α

566 3291 971 3353 vehementius
991 3289 1428 3347 commendaret
1459 3285 1719 3359 mysterii
1749 3284 2210 3355 illiusgaltitudi-

568 3398 726 3448 nem,
760 3380 1034 3436 ultimum
1066 3378 1172 3433 hoc
1203 3377 1384 3431 voluit
1412 3376 1653 3447 inﬁgere
1682 3375 1958 3434 cordibus
1978 3379 2034 3429 et
2092 3390 2213 3429 me-

566 3468 764 3523 morize
795 3465 1218 3538 discipulorum
1250 3481 1281 3517 a
1304 3464 1515 3534 quibus
1538 3464 1608 3516 ad
1636 3462 1964 3535 passionem
1990 3460 2211 3534 digres-

566 3573 741 3613 surus
768 3562 1041 3624 erat,non
1068 3552 1339 3626 praecepit
1360 3556 1554 3606 tamen
1579 3568 1695 3622 quo
1713 3552 1984 3622 deinceps
2006 3550 2209 3608 ordine

563 3650 913 3714 sumeretur,
947 3647 1010 3699 ut
1041 3639 1321 3714 apostolis
1354 3656 1453 3711 per
1473 3656 1618 3711 quos
1666 3638 1951 3695 Ecclesiae
2009 3640 2207 3713 dispo-

559 3735 782 3792 siturus
813 3737 936 3790 erat
966 3734 1219 3790 servaret
1247 3729 1404 3784 hunc
1433 3726 1647 3783 locum.
1674 3729 1820 3783 Nam
1850 3728 1901 3784 si
1948 3728 2056 3784 hoc
2108 3730 2207 3787 ille

558 3825 885 3882 monuisset
913 3827 978 3879 ut
998 3825 1129 3894 post
1155 3818 1313 3875 cibos
1362 3817 1506 3873 alios
1567 3834 1798 3890 semper
1852 3822 2205 3889 sumeretur,

561 3915 731 3977 credo
763 3913 918 3986 quod
947 3928 1082 3967 eum
1113 3925 1334 3965 morem
1366 3923 1536 3964 nemo
1565 3906 1865 3963 variasset.
1900 3930 1929 3957 »
1963 3909 2072 3964 Sed
2120 3913 2202 3965 ta-

557 4019 714 4072 men,
748 4007 813 4057 ut
841 4002 1043 4057 eodem
1074 4000 1197 4055 loco
1228 3995 1859 4069 monuitAugustinus,
1886 4019 1913 4047 ‹‹
1940 3997 2231 4070 ριιοῦιώίν,

556 4091 630 4148 lis
664 4091 932 4162 quaedam
963 4089 1111 4145 ratio
1137 4087 1460 4157 delectavit,
1489 4090 1553 4141 ut
1584 4102 1697 4141 uno
1740 4086 1833 4141 die
1889 4091 2045 4143 certo
2101 4104 2204 4158 per

555 4196 802 4248 annum,
835 4195 949 4251 quo
978 4178 1171 4250 ipsam
1218 4192 1442 4231 orenam
1504 4175 1783 4231 Dominus
1838 4175 2013 4244 dedit,
2072 4179 2201 4231 tan-

556 4284 735 4341 quam
789 4270 860 4325 ad
910 4266 1293 4339 insigniorem
1360 4264 1996 4331 commemorationem,
2067 4267 2203 4336 post

555 4359 716 4415 cibos
771 4356 966 4413 offerri
1021 4359 1077 4410 et
1133 4352 1316 4426 accipi
1374 4351 1547 4407 liceat
1592 4368 1806 4425 corpus
1857 4356 1914 4407 et
1955 4354 2199 4425 sanguis

551 4448 805 4505 Domini.
842 4469 869 4495 ››

2327 1872 2629 1929 catholicis
2650 1872 3035 1931 rationalibus
3054 1874 3285 1931 videtur
3303 1876 3440 1948 quia
3468 1877 3610 1949 quod
3635 1879 3780 1950 agunt
3791 1892 3870 1932 non

2327 1967 2416 2019 est
2444 1966 2647 2019 contra
2672 1963 2848 2019 ﬁdem
2880 1963 3247 2021 catholicam.
3292 1964 3439 2022 Nam
3485 1970 3540 2021 et
3590 1981 3800 2039 azymum
3833 1968 3874 2020 et

2329 2052 2741 2108 fermentatum
2790 2053 3148 2121 sacrificans,
3195 2070 3408 2127 panem
3464 2053 3742 2120 sacriﬁcat;
3782 2052 3874 2108 Non

2329 2139 2484 2196 enim
2518 2139 2795 2194 differunt
2820 2156 3058 2212 azymus
3097 2144 3155 2196 et
3208 2141 3557 2198 fermentum
3606 2139 3874 2196 substantia-

2326 2227 2481 2294 liter,
2513 2233 2579 2283 ut
2607 2227 2847 2299 quidam
2878 2233 3106 2300 putant.
3142 2251 3165 2279 ιι
3198 2229 3463 2286 Etinfra.
3498 2251 3525 2280 «
3555 2227 3874 2300 Postquamde

2326 2316 2507 2374 veteri
2534 2316 2724 2389 ﬁgura
2752 2318 2824 2373 ad
2857 2334 3065 2373 novam
3096 2319 3406 2375 veritatem
3433 2318 3692 2383 venimus,
3717 2320 3761 2372 et
3787 2332 3872 2387 azy-

2329 2422 2487 2463 mam
2518 2405 2728 2461 Christi
2759 2422 2995 2462 carnem
3022 2407 3411 2475 comedimus,
3432 2425 3543 2465 non
3568 2412 3646 2463 est
3662 2404 3794 2461 nobis
3808 2419 3873 2458 ue-

2328 2495 2577 2551 cessaria
2607 2494 2708 2550 illa
2736 2498 2899 2551 vetus
2930 2495 3119 2567 ﬁgura
3139 2495 3200 2551 in
3230 2512 3407 2568 pane,
3454 2497 3523 2552 de
3573 2512 3671 2567 quo
3708 2507 3875 2550 carnem

2326 2584 2518 2657 ipsam
2543 2583 2904 2639 conﬁcimus.
2937 2584 3399 2656 Apertissimum
3444 2589 3623 2640 tamen
3672 2586 3743 2638 est
3784 2580 3878 2651 quia

2327 2673 2538 2729 melius
2566 2673 2930 2729 sacriﬁcatur
2958 2673 3028 2729 de
3057 2690 3266 2747 azymo
3296 2691 3473 2746 quam
3500 2674 3566 2729 de
3602 2673 3876 2737 fermentata,

2326 2766 2455 2817 tum
2477 2760 2615 2833 quia
2637 2760 2804 2816 valde
2834 2761 3052 2833 aptius,
3081 2766 3138 2817 et
3169 2764 3387 2835 purius
3417 2767 3472 2819 et
3495 2760 3782 2835 diligentius
3821 2756 3876 2822 ﬁt,

2328 2853 2456 2905 tum
2489 2849 2628 2920 quia
2657 2848 2942 2905 Dominus
2974 2848 3083 2905 hoc
3115 2849 3280 2906 fecit.
3316 2873 3346 2901 ››

2398 2940 2525 2994 Non
2557 2938 2753 2994 minus
2782 2937 3007 2993 sincere
3035 2938 3361 2996 Guibertus
3392 2940 3565 2997 abbas
3590 2939 3652 2993 de
3672 2933 3877 3005 Navigan-

2326 3031 2406 3099 to,
2440 3028 2501 3083 in
2532 3028 2633 3082 lib.
2665 3046 2683 3082 ι
2708 3027 2779 3083 de
2809 3027 3001 3084 Gestis
3034 3029 3401 3085 Francorum
3446 3045 3567 3106 cap.
3617 3030 3665 3096 2,
3713 3021 3882 3093 oblique

2328 3116 2587 3172 defendit
2616 3116 2842 3171 Graecos
2873 3117 3028 3188 quod
3070 3132 3139 3172 ex
3169 3117 3429 3189 panibus
3457 3112 3772 3174 fermentatis
3803 3110 3876 3164 Eu-

2099 3213 2214 3269 quo
2247 3177 2288 3243 C
2326 3204 2666 3261 charistiam
2697 3204 3046 3261 conﬁciant:
3078 3204 3434 3263 Nimirumnc
3475 3205 3615 3279 quod
3665 3198 3876 3258 veteribus

2322 3293 2683 3352 caeremoniis
2710 3294 2991 3350 Dominus
3020 3295 3201 3352 ﬁnem
3222 3313 3468 3370 ponens,
3500 3298 3765 3369 postquam
3788 3300 3875 3342 cum

2322 3385 2542 3457 azymis
2571 3400 2788 3456 agnum
2820 3384 3093 3451 comedit,
3126 3386 3200 3441 de
3231 3387 3434 3443 eodem
3464 3400 3620 3458 pane,
3644 3379 3757 3455 quia
3771 3375 3873 3432 alius

2322 3489 2437 3528 non
2465 3473 2665 3529 aderat
2687 3489 2789 3528 nec
2819 3474 3144 3529 secundum
3194 3473 3384 3548 legem
3443 3490 3608 3547 quam
3650 3466 3873 3540 implebat,

2318 3561 2516 3617 induci
2547 3565 2688 3617 tunc
2718 3564 2960 3633 poterat,
2992 3562 3255 3634 corporis
3286 3564 3378 3621 sui
3409 3564 3736 3619 sacramenta
3780 3568 3872 3609 con-

2315 3650 2579 3720 tradidit,
2612 3666 2949 3723 azymorum
2975 3650 3178 3720 illatio,
3209 3669 3342 3725 quae
3362 3656 3499 3709 tunc
3521 3648 3687 3707 adfuit
3704 3639 3877 3701 necessi-

2316 3739 2441 3808 tati,
2478 3757 2592 3795 non
2631 3739 2714 3795 eis
2770 3739 3000 3801 videtur
3055 3740 3129 3795 ad
3183 3740 3611 3799 institutionem
3662 3732 3874 3809 pertinere

2315 3829 2593 3902 mysterii.
2626 3829 2790 3885 Sicut
2819 3828 3090 3885 buccellae
3122 3829 3416 3901 intinctio,
3455 3847 3566 3887 non
3609 3815 3873 3885 sacramenti

2313 3917 2649 3990 peragendi,
2682 3917 2783 3973 sed
2806 3918 2970 3973 Judee
2993 3918 3350 3991 proditionis
3380 3919 3488 3976 fuit
3508 3913 3791 3975 ostensio.»
3806 3910 3875 3962 Ee-

2311 4006 2443 4061 dem
2470 4009 2557 4061 est
2587 4006 2876 4061 sententia
2906 4006 3171 4063 omnium
3198 4008 3617 4082 theologorum,
3669 4016 3775 4059 cum
3814 4010 3874 4051 m-

2310 4094 2567 4151 centium
2595 4098 2722 4151 tum
2744 4094 3141 4166 antiquorum,
3157 4096 3381 4169 quibus
3408 4094 3618 4154 accedit
3638 4084 3873 4148 concilium

2309 4181 2731 4252 Florentinum,
2762 4185 2932 4255 cujus
2962 4184 3311 4260 auctoritate
3363 4186 3600 4260 probata
3646 4184 3722 4238 est
3763 4175 3875 4233 Gre-

2307 4287 2509 4329 corum
2541 4273 2925 4328 consuetudo.
3264 4258 3269 4266 ’

2379 4361 2593 4417 Eodem
2628 4361 2824 4416 animo
2853 4361 3041 4418 affecti
3073 4367 3213 4419 sunt
3243 4364 3429 4421 Graeci
3458 4356 3808 4437 prudentiores
3829 4361 3873 4403 ac

2309 4448 2726 4505 moderatiores
2756 4449 2975 4521 quique
3001 4450 3061 4505 in
3083 4467 3357 4525 azymum
3390 4452 3721 4509 Latinorum.
3746 4438 3874 4497 Thetr

623 4538 781 4593 Idem
814 4538 929 4591 fere
961 4536 1031 4591 de
1060 4532 1280 4607 azymis
1310 4528 1570 4602 contigit.
1604 4530 1750 4596 Quia
1777 4530 1932 4587 enim
1964 4532 2195 4593 Chritus
2224 4543 2271 4608 Ι)
2300 4536 2609 4610 phylactus
2628 4536 2690 4593 in
2707 4537 2966 4595 oratione
2987 4540 3057 4594 ad
3094 4539 3402 4598 Nicolaum
3425 4540 3730 4599 diaconum,
3750 4525 3870 4597 cui”

549 4643 747 4700 azymo
780 4642 927 4698 pane
956 4625 1017 4679 in
1047 4619 1411 4678 Eucharistia
1469 4618 1830 4675 instituenda
1885 4638 2029 4678 usus
2080 4630 2190 4696 est,

544 4731 678 4772 eum
708 4731 931 4771 morem
979 4711 1305 4770 observavit
1354 4708 1557 4763 Latina
1613 4707 1887 4776 Ecclesia,
1946 4728 2059 4768 non
2117 4714 2189 4769 ub

543 4803 791 4876 exempli
826 4804 1253 4865 necessitatem,
1288 4800 1384 4854 sed
1420 4797 1490 4853 ad
1528 4818 1555 4848 ‹‹
1586 4797 1967 4871 insigniorem
2002 4823 2029 4849 ››
2081 4808 2189 4858 Do-

543 4892 743 4947 minici
790 4890 1036 4963 exempli
1092 4913 1120 4940 ‹‹
1164 4886 1870 4945 commemorationem.»
1922 4893 1996 4944 At
2051 4891 2190 4963 quia

541 4980 827 5049 Christus,
861 4998 928 5035 ex
959 4978 1260 5035 occasione
1288 4980 1537 5043 tantum,
1571 4975 1866 5047 paschalis
1899 4978 2028 5034 festi
2058 4997 2188 5052 azy-

543 5087 707 5126 mum
739 5085 951 5144 panem
982 5070 1326 5125 fermentato
1358 5063 1708 5137 praetulerat,
1754 5066 1967 5124 Graecis
1996 5068 2186 5125 visum

542 5163 631 5217 est
649 5177 765 5217 non
797 5159 980 5216 teneri
1004 5174 1066 5214 se
1098 5157 1205 5212 hac
1236 5157 1291 5211 in
1327 5158 1487 5226 parte
1518 5155 1786 5228 exemplo
1816 5156 2047 5226 Christi,
2082 5174 2186 5214 nec

541 5266 698 5306 novae
731 5250 875 5322 legis
906 5249 1232 5304 libertatem
1254 5245 1499 5302 Judaico
1549 5244 1683 5300 ritui
1734 5245 2183 5315 subjiciendam.

537 5338 795 5412 Utraque
825 5339 1185 5395 consuetudo
1213 5334 1491 5409 legitima,
1514 5340 1758 5407 utraque
1775 5333 2061 5408 probabili
2096 5354 2187 5392 ra-

537 5426 1126 5499 tionelulta;tamctsi
1150 5428 1303 5500 pribr
1338 5432 1462 5481 tum
1490 5426 1560 5481 ob
1594 5425 1926 5496 exemplum
1949 5425 2182 5495 Christi,

536 5518 768 5581 tumpb
803 5519 1059 5591 mystcrii
1094 5516 1558 5574 convenientiam
1589 5513 1772 5570 altera
1813 5514 2005 5586 potior
2056 5531 2184 5573 esse

533 5604 782 5663 videtur.

2300 4626 2581 4682 orationis
2614 4626 3008 4699 fragmentum
3038 4632 3231 4685 exstat
3250 4630 3313 4686 in
3335 4629 3437 4686 lib.
3459 4646 3496 4684 v
3515 4626 3664 4684 Juris
3681 4618 3872 4678 Orienta-

2298 4713 2392 4783 lis,
2416 4714 2894 4787 intempestivum
2923 4716 3114 4772 zelum
3148 4733 3417 4786 suorum,
3450 4716 3549 4790 qui
3577 4706 3764 4767 Latinis
3803 4714 3870 4755 VI-

2299 4803 2415 4860 rios
2446 4804 2593 4859 ritus
2624 4822 2659 4860 a
2689 4804 3035 4861 Graecanicis
3076 4805 3501 4880 discrepantes,
3552 4802 3607 4857 in
3658 4796 3735 4853 his
3779 4803 3869 4880 ery-

2299 4908 2529 4949 morum
2560 4910 2737 4949 usum
2768 4893 3188 4966 improperant,
3243 4876 3497 4969 graviter
3536 4876 3867 4962 reprehendit;

2296 4997 2548 5054 eumque
2579 4986 2818 5039 secutus
2849 4983 3176 5041 Demetrius
3196 4985 3585 5042 Chomatenus
3628 4974 3868 5054 θρὶεθορυξ

2296 5049 2704 5143 Bulgarorum.
2737 5072 2969 5128 Graecus
3016 5073 3400 5141 Theatianus,
3450 5073 3509 5127 in
3562 5060 3776 5141 epistola
3817 5049 3865 5107 ad

2295 5159 2629 5215 sacerdotes
2659 5160 2759 5232 qui
2792 5160 2849 5215 in
2884 5162 3180 5218 montanis
3210 5162 3519 5237 degebant,
3541 5157 3618 5214 ait
3653 5154 3864 5222 309m“

2295 5264 2541 5305 caneum
2572 5265 2699 5305 esse
2732 5252 3079 5307 contendere
3128 5268 3273 5308 num
3302 5236 3497 5309 sacra
3541 5236 3781 5317 mysteria
3816 5241 3865 5284 οι

2296 5354 2517 5410 azymo,
2557 5354 2633 5393 an
2690 5353 2758 5393 ex
2810 5338 3155 5396 fermentata
3209 5327 3374 5396 ﬁant.
3436 5335 3572 5395 Mihi
3622 5343 3738 5386 vero
3779 5330 3864 5393 Ρτδ

2294 5426 2516 5482 caeteris
2537 5425 2835 5483 laudanda
2857 5427 3085 5485 videtur
3112 5430 3400 5487 modestia
3425 5416 3691 5483 Barlaami
3713 5412 3863 5508 Ηίῗηξ

2292 5516 2485 5573 censis
2513 5515 2791 5588 episcOpi,
2824 5516 2883 5572 in
2915 5517 3162 5590 epistola
3190 5520 3264 5576 ad
3295 5520 3519 5576 Graecos
3563 5524 3657 5586 pro
3696 5503 3863 5594 unione

2293 5604 2600 5677 utriusque
2630 5604 2914 5675 Ecclesiae,
2947 5607 3217 5680 qui,cum
3239 5625 3417 5669 usum
3446 5595 3860 5670 utriusquepw”
