4138 6186
274 314 429 383 1237

1204 272 1698 392 ’ΜΑΒΠιιοΝιι
1739 314 2212 399 DISOUIBITIO
2254 322 2357 390 ne
2398 327 2696 396 mmo.

3509 321 3670 401 1233

267 456 597 531 probasset,
630 454 753 515 haec
783 457 985 516 addit:
1022 481 1051 512 «
1110 459 1344 517 Latinos
1395 477 1528 516 vero
1589 459 1647 515 in
1678 461 1909 515 tantum
1935 453 1994 527 Α
2092 460 2172 515 Ex
2201 461 2431 531 Graecis,
2464 464 2827 535 Barlaamus,
2860 464 3099 525 ineunte
3146 465 3360 524 saeculo
3390 484 3506 537 xw,
3539 469 3664 542 epi-

269 547 681 619 prudentiares
739 549 988 618 aestimo,
1046 551 1202 623 quod
1262 548 1349 605 illi
1382 548 1620 622 quidem
1671 546 1914 603 minime

266 634 525 692 hostiam
577 636 648 693 de
695 638 1042 695 fermentata
1097 639 1451 711 vituperant,
1507 639 1609 694 sed
1641 636 1915 693 similiter

264 730 638 781 venerantur.
674 748 704 776 »
726 726 987 800 Denique
1016 732 1082 784 ut
1103 728 1248 784 alios
1267 727 1600 799 complures
1621 726 1911 794 omittam,

262 816 580 886 Gregorius
640 816 1105 889 Protosyncellus
1168 817 1227 872 in
1287 817 1564 890 Apologia
1635 817 1913 871 adversus

259 902 575 975 epistolam
609 905 783 961 Marci
816 905 1115 978 Ephesini,
1149 914 1409 978 ἀδιάφορον
1440 924 1540 961 seu
1574 905 1911 960 indifferens

261 992 517 1049 aestimat
536 994 1109 1062 sacrificium,sivein
1128 995 1545 1068 azymo,sivcin
1567 995 1910 1049 fermentata

261 1099 414 1155 pane
444 1083 804 1139 conﬁciatur.

336 1173 418 1227 Ex
446 1172 541 1228 bis
573 1172 899 1245 intelligere
926 1171 1058 1228 licet
1103 1173 1555 1229 controversiam
1608 1173 1677 1227 de
1707 1188 1908 1244 azyma

261 1265 321 1318 ot
352 1262 692 1318 fermentata
714 1279 862 1334 pane
885 1261 1153 1318 sacrificii
1176 1278 1303 1318 esse
1318 1262 1699 1335 quaestionem
1722 1261 1907 1316 histo-

260 1349 369 1405 rici
401 1349 556 1417 facti,
586 1353 906 1422 utrumque
957 1367 1061 1422 pro
1091 1350 1265 1421 varia,
1300 1352 1634 1422 temporum
1666 1366 1731 1405 ac
1760 1349 1910 1405 loca-

260 1456 394 1495 rum
424 1438 886 1495 consideratione
933 1439 1208 1512 usurpari
1238 1439 1309 1494 ab
1342 1439 1596 1495 Ecclesia
1624 1439 1904 1510 potuisse,

260 1528 539 1601 equidem
569 1545 743 1584 suum
775 1527 984 1601 cuique
1003 1527 1261 1585 societati
1286 1544 1506 1584 morem
1531 1529 1904 1597 servandum,

259 1634 371 1674 nec
393 1617 544 1673 inter
570 1634 669 1673 eos
700 1617 800 1690 qui
832 1616 1059 1673 diverso
1082 1632 1231 1689 pane
1252 1621 1500 1673 utuntur
1528 1615 1657 1672 lites
1688 1617 1796 1672 hac
1835 1618 1906 1673 de

258 1724 324 1765 re
354 1708 652 1764 serendas.

332 1797 694 1869 Quapropter
712 1796 1165 1853 immoderatum
1187 1813 1388 1852 eorum
1409 1795 1597 1851 zelum
1620 1796 1768 1851 ferre
1787 1813 1901 1851 non
1933 1828 1983 1894 B

258 1902 505 1960 possum
538 1886 639 1958 qui
668 1886 833 1942 nefas
862 1889 1073 1958 putant
1110 1885 1376 1942 dubitare
1406 1902 1479 1940 an
1510 1884 1767 1941 Ecclesia
1796 1886 1904 1940 La-

259 1977 390 2032 tina
409 1974 591 2032 alium
614 1992 824 2049 panem
848 1974 1182 2031 adhibuerit
1210 1992 1388 2047 quam
1419 1991 1710 2047 azymum,
1737 1974 1907 2046 quasi

260 2068 365 2122 aut
385 2064 715 2121 necessaria
740 2063 867 2137 lege
915 2065 1134 2136 azymis
1175 2063 1407 2119 addicta
1429 2063 1600 2119 fuerit
1620 2063 1690 2118 ab
1716 2062 1902 2131 initio,

259 2159 365 2210 aut
414 2154 549 2210 ﬁdei
585 2154 859 2225 dogmata
888 2152 1174 2224 pertineat
1203 2169 1539 2226 azymorum
1569 2168 1735 2208 usus.
1771 2152 1904 2216 Quae

259 2242 520 2299 sanctior
539 2241 875 2298 constitutio
919 2258 1047 2297 esse
1068 2245 1293 2313 poterat
1323 2258 1499 2313 quam
1525 2259 1652 2313 quae
1674 2242 1745 2297 ab
1769 2258 1906 2313 apo-

258 2330 430 2387 stolis
459 2331 711 2387 dictante
729 2331 948 2404 Spiritu
971 2335 1173 2387 sancto
1204 2330 1356 2386 facta
1375 2330 1905 2399 est,abstinendum
1952 2331 1985 2382 i‘

257 2436 393 2479 esse
424 2437 459 2475 a
487 2420 770 2494 sanguine
790 2424 847 2476 et
876 2419 1159 2476 sufi‘ocato
1180 2420 1208 2474 ?
1228 2421 1297 2476 Et
1326 2423 1520 2475 tamen
1544 2419 1636 2475 lex
1656 2418 1757 2475 illa
1777 2436 1905 2491 quae

200 2534 217 2543 ·
259 2527 371 2583 per
401 2509 589 2565 multa
623 2509 838 2566 saecula
867 2508 925 2565 in
948 2507 1207 2565 Ecclesia
1225 2508 1648 2580 viguit,servari
1667 2509 1905 2564 tandem

258 2599 455 2656 desiit.
479 2598 691 2666 Quidni
713 2598 887 2655 etiam
918 2598 978 2654 in
997 2614 1333 2670 azymorum
1351 2614 1462 2653 usu
1484 2597 1743 2669 idipsum
1770 2613 1905 2652 con-

257 2689 488 2762 tingere
517 2688 706 2760 potuit
725 2688 753 2743 ?
777 2688 939 2753 Quod
971 2688 1019 2743 si
1041 2686 1359 2760 potuit,cur
1379 2703 1445 2742 ea
1466 2686 1535 2741 de
1559 2702 1617 2741 re
1642 2689 1908 2758 quaestio-

258 2794 398 2835 nem
435 2794 664 2834 mavere
694 2795 809 2833 non
842 2775 1029 2832 licet?

909 2963 1139 3022 CAPUT
1171 2964 1266 3020 ΙΙΙ.

372 3077 453 3132 Αη
484 3074 660 3133 Graeci
686 3075 755 3129 ab
784 3073 946 3128 initio
983 3070 1235 3127 Ecclesiae
1264 3073 1526 3142 fermento
1554 3071 1643 3124 usi
1669 3069 1796 3125 sint.

334 3226 460 3283 Etsi
487 3226 659 3293 Beda,
688 3226 749 3280 in
799 3222 1063 3281 Historiae
1097 3238 1217 3278 sua:
1264 3220 1365 3275 lib.
1391 3239 1449 3276 1v
1470 3238 1594 3292 cap.
1617 3220 1666 3275 Ι.
1702 3224 1905 3274 auctor

246 3320 349 3375 est
380 3315 607 3371 Graecos
638 3336 666 3365 «
700 3313 833 3369 fidei
864 3311 1155 3369 contraria
1176 3310 1497 3366 admiscere
1519 3308 1742 3375 solitos,
1770 3310 1900 3363 nta-

249 3424 397 3465 men
428 3404 637 3462 Glaber
674 3402 981 3469 Rodulfus,
1016 3401 1074 3456 in
1123 3399 1223 3455 lib.
1257 3417 1294 3454 v
1339 3416 1464 3471 cap.
1498 3416 1537 3462 1,
1572 3414 1669 3452 eos
1700 3396 1904 3453 laudat

247 3497 366 3553 hoc
398 3494 632 3551 nomine
662 3493 818 3566 quod
875 3490 1031 3564 apud
1061 3506 1160 3546 eos
1193 3511 1221 3541 «
1255 3504 1485 3561 semper
1525 3490 1693 3543 tenor
1722 3485 1903 3543 eccle-

249 3584 537 3642 siasticus
584 3581 924 3638 cautissime
952 3578 1224 3652 viguerit.
1250 3600 1271 3626 ιο
1305 3579 1495 3647 Atque
1526 3579 1591 3631 ut
1622 3575 1904 3648 proclives

252 3672 480 3730 fuerint
526 3672 596 3728 ad
628 3686 777 3727 nova
808 3669 1072 3733 dicenda,
1107 3670 1262 3723 certe
1292 3665 1510 3720 rituum
1535 3681 1772 3720 suorum
1806 3680 1906 3720 eos

252 3779 497 3835 semper
526 3757 1018 3817 retinentissimas
1068 3756 1250 3812 fuisse
1280 3758 1527 3811 constat.
1561 3754 1706 3809 Hinc
1738 3752 1906 3810 nobis

255 3851 454 3927 primo
510 3849 636 3906 loco
666 3846 1085 3920 inquirendum
1142 3847 1231 3900 est
1281 3860 1354 3899 an
1410 3841 1676 3899 fermenti
1708 3859 1905 3910 usum,

257 3958 439 4014 quem
462 3938 683 3996 Latinae
700 3935 966 3993 Ecclesia
986 3937 1148 3990 tanta
1170 3932 1471 3989 molimine
1500 3932 1572 3987 ab
1597 3931 1907 3987 undecimo

253 4029 474 4087 saecula
502 4028 800 4099 imponere
830 4024 1023 4080 conati
1072 4026 1230 4092 sunt,
1265 4022 1337 4076 ab
1369 4018 1495 4075 ortu
1528 4018 1793 4075 Ecclesiae
1824 4022 1907 4074 te-

254 4118 519 4184 nuerint,
542 4134 616 4172 an
636 4132 789 4183 vero,
820 4112 1067 4185 receptis
1090 4110 1404 4183 aliquando
1435 4108 1674 4180 azymis,
1710 4110 1912 4179 postea

254 4208 646 4266 fermentatos
704 4217 886 4276 panes
943 4199 1305 4256 admiserint.
1364 4196 1569 4252 Varias
1610 4196 1718 4251 hac
1749 4196 1819 4250 de
1850 4211 1909 4250 re

254 4300 571 4354 auctorum
604 4291 947 4357 sententias,
994 4294 1123 4344 tum
1171 4304 1295 4344 rem
1351 4287 1541 4358 ipsam
1587 4285 1912 4341 considere-

256 4402 714 4531 mlIlrsiuocentius
744 4486 895 4544 papa
924 4469 1020 4535 ΙΙΙ,
1052 4467 1113 4523 in
1169 4466 1270 4521 lib.
1305 4482 1360 4520 xv
1391 4465 1462 4520 de
1492 4464 1668 4519 Missa
1696 4479 1823 4534 cap.
1858 4463 1910 4529 4,

2023 564 2235 650 scapus
2251 551 2702 623 Hieracensis,in
2720 555 2964 629 epistola
2977 558 3047 613 ad
3073 557 3299 614 Graecos
3321 574 3423 630 pro
3449 559 3666 619 unione

2022 643 2328 712 utriusque
2360 643 2642 712 Ecclesiae,
2675 645 2972 703 existimat
3004 647 3271 702 fermenti
3303 664 3478 703 usum
3509 650 3666 721 apud

2021 727 2247 785 Graecos
2267 731 2347 785 ab
2378 730 2546 788 initio
2592 733 2931 805 invaluisse,
2992 735 3076 789 uti
3139 752 3475 806 azymorum
3508 737 3664 809 apud

2022 817 2279 874 Latinos.
2315 842 2341 869 ‹‹
2374 820 2681 890 Quoniam,
2732 823 2942 894 inquit,
2994 824 3241 894 apostoli
3271 825 3473 880 eadem
3505 826 3663 883 enim

2020 907 2316 963 tradentes
2347 910 2624 981 mysteria
2644 928 2759 966 non
2785 911 3177 981 distinxerunt
3205 912 3325 968 sive
3349 914 3663 972 fermenta~

2018 999 2145 1051 tum
2182 998 2301 1052 sive
2329 1015 2598 1071 azymum
2624 1017 2637 1068 ;
2670 999 2980 1057 Orientalis
3000 1000 3254 1057 Ecclesia
3275 1004 3551 1060 continua
3568 1021 3662 1061 ce-

2018 1085 2105 1156 pit
2142 1086 2577 1157 fermentatum,
2637 1088 3022 1145 Occidentalis
3081 1106 3212 1145 vero
3270 1107 3561 1162 azymum,
3594 1108 3661 1147 eo

2018 1175 2172 1247 quod
2204 1176 2354 1247 gerit
2381 1176 2698 1249 imaginem
2720 1177 3012 1249 puritatis,
3046 1177 3395 1235 sinceritatis
3426 1184 3482 1234 et
3508 1180 3664 1237 veri-

2016 1263 2173 1319 tatis.
2206 1285 2235 1314 »
2268 1264 2482 1319 Eadem
2513 1270 2602 1321 est
2631 1265 2920 1321 sententia
2951 1266 3209 1338 Gregorii
3241 1267 3690 1340 Protosyncelli,

2016 1351 2075 1408 in
2107 1353 2484 1425 responsione
2516 1354 2586 1409 ad
2617 1352 2925 1425 epistolam
2955 1354 3133 1409 Marci
3153 1354 3559 1426 Ephesini,ubi
3581 1356 3665 1413 ait

2016 1440 2242 1498 Graecos
2273 1444 2555 1498 fermento
2586 1443 2657 1497 ab
2687 1442 2921 1501 exordio
2944 1459 3237 1509 usos,eam
3272 1458 3502 1517 semper
3524 1461 3660 1502 con-

2015 1529 2389 1598 suetudinem
2422 1529 2752 1586 retinuisse.

2086 1620 2297 1675 Contra
2326 1635 2460 1674 vero
2490 1618 2783 1674 Cortesius
2812 1619 3002 1674 Brana
3032 1617 3467 1688 Mazaracenus,
3517 1621 3667 1677 Gras-

2016 1722 2217 1762 carum
2246 1706 2575 1762 litterarum
2632 1707 2927 1778 professor
2980 1706 3039 1761 in
3072 1706 3306 1779 publica
3357 1708 3665 1781 gymnasio

2014 1794 2413 1867 Neapolitano,
2448 1795 2507 1850 in
2537 1794 2735 1851 libello
2782 1796 2853 1851 de
2893 1795 3105 1851 Graecae
3133 1800 3191 1851 et
3222 1795 3437 1851 Latinae
3469 1796 3665 1854 missae

2016 1901 2327 1951 consensu,
2391 1885 2556 1940 docet
2613 1901 2747 1940 cum
2812 1885 2967 1954 Soto,
3028 1883 3151 1938 inii
3210 1885 3660 1954 sententiarum,

2015 1977 2327 2044 utramque
2356 1971 2673 2028 Ecclesiam
2704 1972 2872 2028 initio
2904 1972 3366 2028 sacratissimam
3390 1973 3663 2030 Euchari-

2015 2062 2191 2119 stiam
2222 2062 2281 2117 in
2312 2060 2529 2134 azymis
2552 2061 2909 2131 confecisse;
2940 2062 3039 2117 sed
3063 2064 3265 2133 postea
3283 2062 3355 2117 ob
3386 2061 3658 2119 haeresim

2014 2151 2441 2216 Ebionitarum,
2491 2151 2590 2222 qui
2636 2150 2847 2225 legalia
2890 2151 3178 2206 servanda
3206 2167 3334 2207 esse
3363 2150 3658 2220 volebant,

2015 2239 2298 2311 abjecisse
2320 2255 2554 2313 azymos
2576 2255 2759 2310 panes
2783 2257 2796 2307 ;
2822 2242 2950 2294 tum
2972 2238 3179 2293 haeresi
3200 2240 3484 2295 exstincta
3514 2239 3661 2295 Lati-

2016 2347 2154 2386 nam
2184 2329 2428 2385 rediisse
2456 2329 2530 2384 ad
2561 2344 2817 2400 azymos,
2848 2328 3105 2384 Graecam
3133 2343 3267 2383 vero
3299 2327 3360 2382 in
3390 2327 3661 2383 fermenti

2015 2437 2127 2476 usu
2159 2434 2583 2491 perseverasse.
2932 2486 2933 2489 η

2087 2507 2380 2580 Expositis
2411 2510 2715 2562 auctorum
2767 2504 2942 2562 variis
2991 2504 3318 2574 sententiis,
3351 2504 3664 2561 observan-

2016 2599 2159 2654 dum
2187 2600 2277 2651 est
2330 2595 2681 2651 Orientalem
2735 2593 3053 2650 Ecclesiam
3102 2594 3174 2648 ab
3204 2593 3332 2665 ipso
3364 2592 3660 2650 nascentis

2014 2686 2373 2743 Christianae.
2416 2683 2713 2757 religionis
2770 2682 3055 2754 principio
3086 2674 3364 2737 habuisse
3409 2681 3569 2737 ritus
3591 2682 3663 2737 ab

2016 2770 2403 2832 Occidentali'
2427 2774 2712 2829 diversos.
2754 2770 2858 2826 Cui
2890 2769 2973 2825 rei
3030 2773 3375 2841 argumento
3406 2773 3497 2825 est
3532 2774 3663 2824 tum

2016 2862 2410 2921 controversia
2460 2863 2531 2918 de
2578 2859 2883 2925 Paschate,
2916 2875 3043 2931 quae
3093 2857 3247 2914 inter
3274 2857 3561 2914 Asiaticos
3610 2861 3669 2913 et

2013 2955 2310 3011 Victorem
2367 2967 2580 3023 papam
2641 2946 2928 3015 efferbuit,
2986 2951 3114 3001 tum
3172 2946 3659 3019 Irenaeiepiscopi

2017 3039 2428 3115 Lugdunensis
2459 3037 2912 3110 epistola,cujus
2934 3035 3326 3105 fragmentum
3358 3034 3533 3091 refert
3556 3035 3665 3090 Eu-

2017 3132 2214 3189 sebius
2272 3127 2560 3201 Pamphili
2618 3127 2677 3182 in
2709 3125 2975 3182 Historiae
3031 3141 3152 3181 suae
3189 3124 3291 3179 lib.
3321 3142 3375 3192 v,
3409 3140 3536 3196 cap.
3568 3124 3660 3179 24.

1933 3198 1976 3265 C
2013 3221 2228 3279 Scribit
2255 3198 2471 3291 quippe
2494 3217 2554 3272 in
2575 3233 2644 3272 ea
2663 3214 2908 3287 epistola
2930 3216 3183 3270 Irenaaus
3215 3237 3241 3263 «
3277 3213 3514 3269 beatum
3544 3211 3655 3268 Po-

2008 3311 2311 3385 lycarpum
2336 3305 2559 3362 Aniceti
2582 3321 2744 3377 papae
2764 3304 3129 3376 temporibus
3146 3303 3391 3358 Romam
3402 3301 3654 3369 venisse,

2011 3405 2185 3472 atque
2205 3398 2357 3453 inter
2385 3394 2520 3451 illos
2550 3410 2685 3449 cum
2718 3393 2789 3449 de
2819 3392 3119 3461 Paschate,
3151 3395 3279 3448 tum
3310 3390 3381 3446 de
3404 3389 3657 3462 quibus-

2012 3490 2148 3545 dam
2178 3486 2308 3543 aliis
2338 3484 2513 3540 rebus
2572 3482 2864 3538 modicam
2917 3480 3102 3537 fuisse
3152 3477 3608 3536 controversiam
3640 3495 3653 3547 ;

2014 3595 2079 3634 ac
2105 3576 2303 3632 statim
2334 3577 2538 3629 mutuo
2560 3570 2718 3645 pacis
2749 3569 2946 3626 osculo
2970 3584 3097 3625 sese
3113 3567 3464 3641 complexos,
3498 3583 3658 3623 com-

2015 3666 2349 3722 municasse
2405 3661 2515 3717 sibi
2574 3660 2844 3726 invicem,
2893 3662 2950 3714 et
2981 3658 3282 3713 Anicetum
3312 3657 3373 3711 in
3404 3654 3661 3711 Ecclesia

2016 3752 2395 3812 consecrandi
2408 3767 2626 3806 munus
2639 3748 2950 3821 Polycarpo
2967 3746 3209 3803 honoris
3227 3761 3406 3800 causa
3427 3758 3660 3799 conces-

2015 3845 2180 3903 sisse.
2204 3865 2232 3893 »
2264 3841 2386 3896 Etsi
2443 3855 2577 3895 vero
2635 3855 2749 3892 non
2780 3835 3053 3907 exprimit
3092 3836 3343 3888 Irenaeus
3390 3846 3660 3903 quaenam

2018 3932 2190 3989 fuerit
2216 3929 2331 3986 alia
2360 3926 2460 3983 illa
2491 3925 2702 3997 capita,
2762 3924 2821 3979 in
2852 3922 3069 3994 quibus
3124 3921 3401 3991 Anicetus
3432 3936 3466 3975 a
3494 3918 3660 3992 Poly-

2017 4038 2192 4094 carpo
2221 4016 2563 4081 dissidebat,
2596 4013 2941 4084 conjecturae
2970 4015 3169 4066 tamen
3197 4009 3363 4065 locus
3394 4024 3524 4064 esse
3556 4024 3661 4079 pa-

2015 4115 2132 4168 test
2188 4108 2248 4162 in
2300 4104 2393 4160 his
2450 4102 2629 4158 fuisse
2692 4100 3007 4156 discrimen
3064 4097 3234 4172 panis
3263 4096 3661 4164 eucharistici,

2017 4213 2195 4272 quem
2222 4198 2470 4265 utraque
2499 4191 2755 4247 Ecclesia
2784 4190 3078 4246 diversum
3112 4186 3445 4243 adhibebat.

2088 4287 2249 4342 Hanc
2280 4281 2673 4353 conjecturam
2719 4280 2887 4350 juvat
2944 4276 3212 4350 Origenis
3257 4273 3571 4333 auctoritas
3604 4272 3663 4327 in

2019 4374 2277 4434 Matthazi
2308 4375 2484 4444 caput
2512 4387 2607 4425 xvr
2638 4368 2710 4424 ad
2739 4383 2973 4423 versum
3009 4367 3094 4431 16,
3148 4363 3248 4421 ubi
3280 4364 3351 4419 de
3382 4363 3665 4417 fermento

2020 4463 2444 4521 Pharisaeorum
2475 4456 3133 4532 agens,aitfermentum
3156 4469 3271 4508 non
3295 4450 3486 4508 solum
3510 4447 3666 4504 sumi

254 4562 562 4621 existimat
590 4536 880 4616 Graec-os}
914 4559 1227 4630 postquam
1275 4553 1532 4609 tunicam
1565 4551 1798 4607 Domini
1830 4551 1913 4605 in-
1944 4568 1990 4632 Ι)
2020 4571 2124 4627 pro
2156 4550 2440 4617 doctrina,
2474 4548 2575 4604 sed
2605 4547 2781 4602 etiam
2812 4561 2915 4616 pro
2946 4542 3076 4599 aliis
3107 4541 3281 4597 rebus
3312 4536 3524 4632 in
3554 4536 3665 4590 Ve-

255 4650 617 4711 oonsutilem
647 4649 989 4714 diviserunt,
1026 4648 1088 4700 ut
1117 4647 1406 4717 perpetua:
1428 4640 1727 4697 divisionis
1749 4657 1913 4696 scan-

258 4741 471 4799 dalum
500 4739 957 4812 interponerent,
985 4731 1256 4791 sacrificii
1310 4731 1489 4786 ritum
1523 4733 1738 4786 temere
1784 4745 1914 4783 mu-

256 4835 447 4898 tasse,
478 4852 508 4880 »
539 4827 762 4884 scilicet
812 4825 937 4880 loco
996 4838 1335 4895 azymorum
1369 4818 1699 4875 adhibenda
1730 4833 1912 4890 panes

258 4921 670 4977 fermentatos.
696 4914 950 4971 Jacobus
980 4913 1050 4967 de
1090 4911 1369 4975 Vitriaca,
1403 4911 1460 4963 in
1513 4907 1776 4963 Historiae
1810 4906 1915 4962 Oc-

262 5006 582 5066 cidentalis
609 5021 738 5077 cap.
770 5004 863 5071 38,
892 5001 1105 5058 iisdem
1153 5000 1270 5055 fere
1301 4998 1494 5054 verbis
1523 4997 1787 5053 eamdem
1822 5012 1916 5051 ex-

264 5091 1111 5172 ponitsententiam,nimirum
1134 5089 1361 5145 Graecos
1384 5090 1517 5159 post
1529 5085 1918 5141 secessionem

262 5204 303 5243 a
337 5184 559 5241 Latinis
590 5181 869 5239 defecisse
901 5179 972 5235 ab
1004 5195 1116 5235 usu
1154 5192 1512 5250 azymorum,
1546 5198 1573 5225 ‹‹
1606 5191 1678 5229 ne
1710 5174 1920 5228 Roma-

268 5290 488 5332 norum
554 5271 872 5329 Ecclesiam
929 5267 1148 5323 imitari
1203 5267 1558 5322 viderentur.
1594 5285 1622 5312 ››
1676 5263 1797 5325 Quo
1851 5261 1923 5316 de

266 5363 593 5422 schismate
621 5361 957 5432 loquantur,
991 5358 1061 5412 de
1090 5355 1395 5422 Pbotiana,
1428 5371 1499 5409 an
1533 5353 1604 5408 de
1637 5350 1735 5406 illo
1766 5349 1920 5422 quod

267 5471 381 5529 per
396 5449 738 5508 Michaelem
758 5444 1122 5503 Cerularium
1149 5444 1467 5499 conflatum
1490 5446 1600 5509 est,
1626 5445 1824 5496 neuter
1838 5456 1928 5494 ex-

271 5540 479 5616 plicat.
509 5539 671 5595 Hanc
702 5534 1051 5594 sententiam
1082 5532 1333 5606 amplexi
1377 5536 1515 5587 sunt
1546 5530 1809 5604 plerique
1839 5545 1925 5583 re-

275 5630 570 5692 centiores
591 5627 950 5687 Latinorum.

2024 4626 2131 4699 teri
2162 4657 2340 4713 quam
2370 4638 2430 4692 in
2464 4637 2618 4692 Novo
2659 4635 3053 4689 Testamenta.
3090 4631 3239 4684 Tum
3272 4626 3471 4683 subdit
3496 4641 3510 4679 :
3531 4632 3670 4681 Οὕτω

2022 4732 2074 4779 δὲ
2132 4733 2318 4793 μὴποτε
2375 4727 2504 4788 ζύμη
2559 4726 2614 4771 οὺ
2672 4720 3000 4786 προσφόρεται
3056 4717 3133 4764 ἐπι
3181 4717 3237 4764 τὸ
3287 4713 3666 4778 ﬂuctuat-ipim;

2024 4842 2053 4869 ‹‹
2086 4822 2173 4872 An
2207 4833 2322 4871 non
2353 4816 2411 4869 et
2439 4809 2754 4881 aliquando
2785 4808 3137 4862 fermentum
3169 4804 3411 4858 offertur
3448 4801 3558 4858 sub
3590 4799 3673 4857 al-

2023 4911 2148 4963 tare
2166 4907 2194 4961 ?
2226 4927 2253 4954 ››
2288 4901 2407 4958 Etsi
2433 4884 2587 4955 enim
2614 4914 2727 4952 non
2748 4896 2917 4969 plane
2937 4897 3160 4949 certum
3184 4892 3283 4964 sit,
3315 4907 3457 4947 num
3480 4889 3675 4963 potius

2027 4997 2098 5051 de
2130 4994 2284 5049 Novo
2313 4991 2588 5060 loquatur
2634 5002 2809 5053 quam
2841 4984 2913 5039 de
2960 4981 3154 5039 Veteri
3185 4982 3582 5046 Testamento,
3614 4978 3674 5033 in

2028 5101 2143 5156 quo
2174 5076 2506 5137 fermentati
2538 5090 2717 5147 panes
2740 5089 3165 5145 nonnunquam
3191 5068 3678 5156 otl‘erebantur,ex

2031 5155 2266 5227 Levitici
2323 5166 2612 5239 capitibus
2668 5181 2747 5218 vn
2807 5166 2863 5217 et
2891 5179 3061 5230 xxvn,
3121 5165 3317 5216 tamen
3357 5156 3575 5229 potius,
3606 5155 3678 5209 de

2028 5261 2184 5315 Novo
2217 5253 2629 5327 intelligendus
2660 5250 2887 5306 videtur
2915 5268 2983 5306 ex
3012 5266 3080 5305 ea
3111 5248 3263 5320 quod
3291 5261 3434 5300 usus
3456 5243 3533 5298 sit
3562 5258 3678 5297 ver-

2031 5348 2105 5403 bo
2138 5346 2418 5419 temporis
2451 5339 2773 5415 praesentis.
2834 5338 3076 5394 Accedit
3122 5334 3275 5408 quod
3306 5334 3365 5388 in
3401 5332 3678 5387 Tractatu

2033 5436 2251 5493 xxxvin
2278 5433 2618 5490 Mattheeum
2645 5427 2932 5501 imperitis
2956 5423 3253 5482 nonnullis
3275 5420 3683 5493 occurrit,qui-

2036 5529 2150 5587 bus
2182 5527 2241 5581 in
2273 5527 2529 5581 mentem
2561 5518 2753 5576 venire
2782 5520 2999 5591 posset,
3033 5511 3297 5585 exemplo
3326 5511 3541 5568 Christi
3576 5511 3679 5566 Pa-

2040 5616 2182 5673 scha
2204 5616 2234 5672 J
2244 5613 2450 5671 udaico
2470 5626 2630 5666 more
2652 5612 2706 5666 et
2727 5622 3063 5681 azymorum
3094 5603 3249 5660 diem
3271 5601 3683 5660 celebrandum
