4138 6186
382 271 540 372 1239

1414 253 1811 328 APPENDIX
1857 248 1960 319 AD
2005 243 2266 354 arma;
2311 255 2749 348 eumenen.

3620 253 3777 322 1340

380 375 604 479 Quibus
621 400 932 477 respondet
950 417 1018 458 ea
1043 397 1241 458 omnia
1261 412 1374 454 non
1392 397 1520 468 jam
1542 411 1602 450 re
1622 390 1879 466 ipsa,sed
1903 389 2020 462 spi-
2049 388 2109 460 Α
2139 393 2335 452 ticeret
2355 396 2484 468 ejus
2505 395 2975 479 argumentum.J
2981 412 3076 454 am
3105 410 3242 470 ergo
3259 391 3565 468 Philaponi
3587 395 3776 461 etate,

381 498 537 558 ritali
569 511 745 552 sensu
777 491 1095 550 exercenda
1122 505 1268 546 esse.
1302 485 1464 550 Quod
1495 483 1602 539 etsi
1634 482 1704 538 de
1726 485 1848 536 tota
1876 479 2025 536 ritus

381 584 676 664 paschalis
708 579 1110 639 observatione
1142 578 1364 632 dictum
1396 571 1574 629 videri
1599 570 1803 643 possit,
1831 577 2025 624 tamen

383 660 456 735 ad
487 673 904 733 removendum
937 668 1111 724 etiam
1143 679 1478 739 azymorum
1508 677 1683 716 usum
1716 660 2028 716 extenden-

387 769 529 827 dum
559 765 806 822 videtur.
842 761 1000 815 Idem
1033 756 1345 812 dicendum
1378 757 1466 810 est
1497 751 1566 807 de
1596 750 1820 806 Joanne
1850 747 2027 821 Chry-

386 860 666 923 sostomo,
691 851 859 920 cujus
889 845 1220 904 consimilia
1237 844 1410 899 verba
1432 844 1568 897 sunt
1596 840 1656 896 in
1687 837 1929 894 homilia
1958 837 2030 893 de

385 943 715 1019 proditione
737 939 926 995 Judae.

457 1026 1048 1087 Aliudtestimanium
1067 1041 1170 1096 pro
1193 1021 1432 1093 antiquo
1456 1017 1718 1075 fermenti
1739 1033 1848 1073 usu
1875 1013 2027 1086 apud

388 1125 616 1181 Graecas
635 1117 862 1176 desumi
887 1119 1076 1189 potest
1097 1131 1163 1170 ex
1183 1110 1463 1168 Chronico
1488 1108 1595 1164 Ms.
1634 1107 1780 1162 Datii
1812 1104 2029 1160 Media-

385 1209 646 1268 lanensis
693 1206 971 1280 episcapi,
1030 1201 1131 1274 qui
1173 1197 1361 1256 medio
1410 1200 1569 1253 sexta
1630 1192 1839 1251 saeculo
1869 1191 2027 1247 vixit.

388 1303 510 1368 Qua
536 1301 596 1357 in
627 1295 912 1355 Chronico
944 1295 1182 1348 sanctus
1239 1286 1586 1342 Ambrosius
1612 1307 1638 1334 ‹‹
1700 1281 2030 1338 Graecorum

387 1388 704 1447 Ecclesiam
720 1386 778 1439 in
794 1380 1064 1456 plurimis
1079 1376 1286 1434 ofﬁciis
1298 1371 1982 1431 venerabiliterimitatus
2002 1389 2030 1418 »

387 1478 570 1534 fuisse
599 1475 832 1539 dicitur,
867 1494 894 1520 ‹‹
929 1474 984 1525 et
1010 1465 1365 1524 sacriﬁcium
1413 1479 1638 1528 eorum,
1667 1460 1889 1517 scilicet
1919 1458 2032 1515 fer-

389 1567 739 1628 mentatum,
771 1576 905 1616 cum
928 1560 1126 1613 nostra
1149 1570 1348 1626 azyma
1370 1553 1428 1607 in
1451 1548 1844 1608 celeberrimis
1871 1547 2032 1604 festi-

375 1633 687 1718 ‘vitatibus,
747 1647 999 1705 maxime
1049 1645 1110 1700 in
1141 1641 1564 1700 resurrectione
1593 1638 1826 1696 Domini
1858 1637 2033 1693 bene-

2133 480 2193 539 id
2212 487 2300 540 est
2330 486 2440 542 sub
2463 485 2638 543 ﬁnem
2664 485 2858 543 saeculi
2886 480 3046 560 (nam
3063 483 3300 542 Justina
3322 481 3580 540 secundo
3599 480 3782 555 impe-

2135 577 2299 630 rante
2331 575 2645 647 scribebat)
2679 575 2946 632 fermenti
2969 591 3113 631 usus
3133 577 3268 631 ante
3288 571 3634 630 memoriam
3654 587 3779 627 am-

2136 679 2269 718 nem
2303 665 2457 736 apud
2491 665 2717 720 Graecas
2750 663 3091 720 invaluerat.

2209 739 2354 807 Hinc
2385 756 2474 808 est
2503 753 2657 826 quod
2691 753 2879 808 Latini
2910 756 3106 808 exorta
3136 750 3452 807 schismate
3482 747 3784 806 Michaelis

2137 840 2440 908 Cerularii,
2499 859 2632 897 cum
2686 859 2956 914 azymum
3009 856 3221 914 panem
3280 839 3627 897 fermentata
3649 839 3785 910 jure

2137 929 2394 1002 praeferri
2428 947 2598 1003 posse
2647 931 3088 998 contenderent,
3137 945 3442 1001 tnusquam
3481 933 3679 984 tamen
3711 926 3780 999 (si

2138 1018 2282 1073 bene
2315 1019 2579 1087 memini)
2608 1023 2834 1076 Graecos
2863 1019 3134 1076 admissae
3165 1017 3440 1074 novitatis
3473 1014 3782 1074 insimula-

2139 1110 2295 1173 runt,
2328 1109 2494 1180 quasi
2528 1113 2754 1180 recepta
2784 1109 3082 1181 quondam
3111 1124 3312 1180 azyma
3362 1107 3784 1162 fermentatum

2140 1200 2342 1269 postea
2369 1196 2721 1252 induxerint.
2755 1197 2917 1264 Quod
2949 1201 3292 1270 argumenta
3322 1200 3412 1252 est
3453 1195 3693 1252 Latinos
3723 1195 3783 1250 in

2139 1301 2206 1341 ea
2235 1285 2417 1342 fuisse
2446 1286 2844 1358 persuasione,
2864 1287 3193 1342 Graecarum
3225 1285 3576 1341 fermentum
3602 1301 3637 1340 a
3665 1282 3785 1356 pri-

2141 1374 2255 1430 mis
2280 1375 2644 1447 temporibus
2667 1375 3282 1447 abtinuiese.Denique
3295 1374 3651 1430 Humbertue
3668 1390 3786 1429 car-

2142 1463 2376 1530 dinalis,
2409 1463 2468 1519 in
2501 1463 2882 1536 responsione
2912 1463 2981 1520 ad
3013 1462 3298 1530 Nicetam,
3339 1466 3536 1536 aperte
3565 1461 3785 1530 innuit,

2138 1555 2402 1625 tempore
2459 1557 2635 1609 sextae
2693 1553 2920 1626 synodi,
2978 1552 3036 1608 id
3067 1555 3156 1608 est
3213 1551 3324 1607 sub
3373 1551 3548 1608 ﬁnem
3585 1551 3787 1607 saeculi

2143 1639 2530 1713 septimi,quee
2553 1658 2706 1696 anno
2736 1641 2842 1697 680
2873 1640 3075 1698 habita
3105 1644 3212 1710 est,
3247 1639 3472 1696 Graecae
3503 1639 3618 1696 alia
3639 1657 3791 1713 pane

389 1741 624 1800 dixisse.
650 1763 676 1789 »
694 1738 752 1796 Si
770 1753 900 1794 vero
923 1731 1251 1791 fermentati
1271 1730 1437 1804 panis
1460 1746 1604 1786 usus
1626 1728 1780 1802 apud
1801 1727 2030 1784 Graecas
2059 1758 2110 1825 Β
2143 1745 2281 1785 usos
2313 1729 2493 1786 fuisse
2523 1746 2700 1802 quam
2725 1729 2984 1795 Latinas,
3007 1745 3072 1785 ac
3093 1729 3365 1787 Romanae
3387 1728 3541 1783 sedis
3563 1726 3792 1800 legatos

388 1834 657 1902 receptus
704 1831 829 1884 erat
849 1823 1142 1880 Ambrosii
1165 1824 1352 1887 aetate,
1387 1819 1620 1874 credere
1649 1835 1753 1890 par
1781 1821 1870 1872 est
1900 1831 2029 1871 ma-

389 1936 512 1977 rem
530 1919 688 1974 hunc
699 1933 766 1973 ex
781 1911 1060 1988 primaria
1071 1914 1402 1966 Graecarum
1417 1905 1677 1963 Ecclesia
1701 1904 2036 1962 descendis-

391 2006 840 2080 se.Atquoniam
855 2005 923 2059 de
937 1999 1117 2070 hujus
1130 1997 1394 2054 Chronici
1409 1995 1751 2051 auctoritate
1765 1991 2037 2048 dubitant

391 2095 680 2164 nonnulli,
716 2093 930 2168 quibus
989 2086 1428 2161 suppasititium
1476 2088 1533 2140 et
1564 2082 1900 2139 recentioris
1932 2080 2036 2136 aevi

391 2203 520 2244 esse
545 2182 864 2249 videtur,de
885 2197 951 2236 ea
975 2176 1231 2249 amplius
1254 2175 1313 2229 in
1336 2171 1827 2244 consequentibus
1857 2186 2036 2242 agen-

392 2277 555 2332 dum.
591 2271 827 2329 Interim
853 2273 990 2324 nato
1021 2264 1345 2322 Cbronicon
1365 2262 1546 2330 istud,
1566 2262 1672 2316 etsi
1698 2259 2036 2316 recentiaris

391 2365 469 2422 sit
497 2361 773 2424 auctoris,
825 2374 940 2412 non
990 2360 1183 2410 tamen
1217 2353 1494 2408 continua
1534 2349 1849 2420 rejicienda
1909 2363 2038 2404 esse

393 2464 756 2524 quaecunque
777 2448 836 2500 in
859 2461 924 2500 ea
945 2437 1500 2515 leguntur,maxime
1517 2436 1843 2509 singularia
1862 2436 2035 2502 facta,

340 2578 350 2595 .
395 2556 522 2614 quae
547 2555 660 2594 non
683 2535 794 2590 nisi
818 2550 886 2589 ex
905 2529 1335 2602 antiquioribus
1355 2525 1753 2582 monumentis
1776 2525 2039 2599 accipere

393 2628 583 2704 patuit
612 2625 709 2682 ille
740 2623 1072 2696 quicunque
1103 2622 1192 2674 est
1222 2620 1442 2672 auctor.

463 2717 682 2774 Verum
729 2711 1095 2768 luculentum
1143 2710 1232 2762 est
1273 2707 1344 2760 de
1395 2708 1724 2760 Grecorum
1757 2703 2038 2758 fermento

393 2805 638 2866 Joannis
677 2798 984 2873 Philaponi
1016 2794 1420 2854 testimonium
1452 2793 1510 2848 in
1543 2791 1938 2864 disputatione
1969 2791 2040 2845 de

394 2895 700 2959 Paschate,
758 2891 820 2946 in
881 2905 1015 2961 qua,
1078 2889 1142 2942 ut
1189 2885 1317 2956 jam
1375 2881 1513 2952 dixi,
1564 2885 1768 2938 auctor
1797 2881 2042 2952 probare

397 2984 606 3041 nititur
647 2979 943 3036 Christum
991 2977 1052 3031 in
1097 2973 1307 3030 ultima
1353 2972 1526 3027 Coena
1573 2987 1686 3026 non
1719 2969 2044 3026 celebrasse

398 3071 620 3128 Pascha
649 3067 851 3141 legale,
877 3080 1063 3136 neque
1091 3078 1308 3136 agnum
1331 3065 1432 3116 aut
1459 3075 1664 3132 azyma
1695 3058 2040 3126 comedisse,

2145 1835 2367 1875 marem
2384 1834 2558 1874 suum
2582 1818 2784 1875 utendi
2806 1818 3027 1888 azymis
3047 1817 3428 1874 Constantino
3451 1817 3793 1890 imperatori

2145 1908 2521 1980 approbasse.

2215 1996 2317 2053 His
2347 1996 2481 2052 addi
2543 1999 2795 2070 possunt
2852 1999 2909 2053 et
2937 1995 3062 2052 aliis
3095 1996 3460 2067 conjecturae.
3493 1995 3786 2054 Nimirum

2145 2086 2300 2158 quod
2325 2085 2648 2154 Phatius,in
2674 2084 2922 2158 epistola
2946 2083 3307 2157 65,agnascit
3327 2084 3718 2142 differentiam
3738 2091 3798 2142 et

2145 2174 2685 2232 dissimilitudinem
2703 2192 2805 2248 per
2818 2173 3009 2231 varias
3026 2173 3315 2230 Ecclesiae
3329 2182 3379 2230 ιν
3407 2183 3508 2237 ταῖς
3538 2185 3794 2246 μυστικαῖς

2145 2272 2342 2332 θυσίαις,
2376 2287 2405 2315 ‹‹
2439 2264 2498 2321 in
2531 2265 2793 2338 mysticis
2824 2263 3159 2331 sacriﬁciis;
3183 2284 3211 2314 »
3247 2263 3402 2335 quod
3420 2263 3491 2318 de
3512 2281 3666 2336 pane
3685 2265 3797 2321 Eu-

2148 2353 2457 2411 charistico
2489 2354 2662 2410 etiam
2695 2351 2942 2426 intelligi
2981 2356 3193 2424 potest,
3226 2351 3521 2424 siquidem
3548 2357 3794 2410 sanctus

2147 2444 2351 2514 Nicon,
2381 2460 2495 2499 non
2527 2443 2751 2515 integra
2773 2446 2906 2514 post
2938 2441 3212 2498 Photium
3238 2441 3449 2498 seculo
3469 2442 3801 2513 elapsa,re-

2149 2532 2456 2605 prehendit
2485 2535 2772 2587 Armenos
2805 2529 2959 2603 quod
2992 2530 3212 2604 azymis
3261 2533 3565 2587 uterentur
3593 2536 3803 2587 contra

2149 2637 2368 2676 morem
2393 2619 2838 2676 GraecorumAd
2858 2619 2980 2676 haec
3002 2619 3158 2693 quod
3182 2619 3508 2676 Graeciante
3529 2619 3797 2677 echiema

2149 2709 2500 2766 Phatianum
2524 2725 2672 2781 pane
2689 2709 2892 2764 eadem
2910 2709 3083 2765 modo
3103 2708 3602 2777 formato,scilicet
3614 2710 3800 2766 densa

2149 2801 2206 2854 et
2226 2799 2471 2868 integro,
2486 2796 2695 2852 iisdem
2710 2796 2949 2853 omnino
2963 2797 3374 2854 instrumentis
3393 2801 3568 2869 atque
3582 2797 3798 2854 ritibus

2150 2887 2466 2942 utebantur
2485 2885 2544 2940 in
2566 2883 2805 2958 liturgia
2826 2901 2994 2942 sacra
3014 2885 3229 2957 quibus
3249 2885 3425 2942 etiam
3449 2873 3607 2942 nunc
3626 2890 3801 2942 utun-

2150 2979 2268 3043 tur,
2312 2974 2710 3031 Instrumenta
2757 2974 3049 3047 przecipua
3098 2979 3238 3030 sunt
3280 2983 3463 3048 λόγχη,
3495 2983 3682 3044 δίσκος,
3710 2983 3801 3032 ἀσ-

2151 3077 2264 3137 τὴρ,
2302 3081 2427 3136 qua:
2457 3064 2713 3120 Joannes
2745 3063 3193 3136 Chrysastomus
3221 3063 3282 3119 in
3315 3063 3576 3136 Liturgia
3602 3081 3716 3120 sua
3745 3070 3804 3120 et

398 3165 525 3218 tum
566 3128 996 3214 Eucharistiam
1020 3171 1133 3208 non
1177 3168 1245 3207 ex
1265 3166 1466 3222 azyma
1501 3165 1670 3220 pane,
1704 3147 1804 3204 sed
1836 3163 1906 3202 ΘΧ
1935 3148 2042 3203 ὕπ’
2072 3128 2114 3195 C
2152 3153 2476 3210 Germanus
2499 3152 2829 3224 patriarcha
2855 3151 3539 3224 Constantinopolitanae
3560 3152 3621 3209 in
3649 3153 3800 3209 Con-

400 3251 659 3305 mentata
689 3245 1010 3302 confectam
1035 3242 1233 3297 fuisse.
1267 3239 1412 3294 Nam
1463 3236 1762 3309 proposita
1793 3236 1906 3291 sibi
1937 3236 2043 3293 ob-

391 3335 646 3409 jectione
664 3350 864 3390 eorum
883 3331 983 3404 qui
1001 3331 1275 3385 dicebant
1291 3325 1590 3383 Christum
1614 3323 2042 3380 Eucharistiam

399 3422 707 3496 discipulis
732 3419 1050 3492 praebuisse
1074 3418 1262 3490 primo
1295 3415 1389 3470 die
1419 3430 1777 3485 azymorum,
1812 3413 2043 3484 quando

397 3511 620 3568 Pascha
649 3509 1056 3575 immolabant,
1091 3503 1387 3576 simulque
1417 3519 1606 3574 agnus
1629 3502 2046 3558 comedebatur

397 3604 456 3658 et
479 3615 752 3673 azymum
772 3613 907 3653 cum
929 3596 1128 3651 herbis
1149 3592 1706 3663 amaris,respondet
1727 3606 1827 3647 eos
1848 3608 1915 3646 ex
1935 3590 2044 3645 hac

396 3691 524 3764 ipso
572 3688 824 3746 maxime
872 3684 1147 3742 refutari:
1183 3690 1335 3739 Οὐδὲν
1365 3692 1477 3753 γὰρ,
1525 3680 1735 3752 inquit,
1771 3687 1822 3736 ἐν
1850 3690 1918 3751 τῷ
1948 3687 2043 3735 δεί-

393 3796 515 3844 πνῳ,
563 3779 732 3842 γέγονε
778 3778 1015 3834 τοιοῦτον,
1071 3773 1131 3832 ὡς
1175 3772 1272 3831 ⁹ἥδη
1321 3772 1471 3830 εἷπον,
1513 3768 1622 3818 οὐδὲ
1661 3769 1846 3832 ἄζυμον
1893 3770 2042 3834 ἄρτον

394 3870 657 3920 ἀντίτυπον
701 3871 787 3916 τοῦ
838 3866 955 3914 ἰδίου
1005 3864 1228 3926 σώματος
1265 3862 1360 3915 τοῖς
1410 3859 1584 3908 ἑαυτοῦ
1634 3859 1868 3920 μαθηταῖς
1925 3858 2041 3907 ἔδω-

395 3975 480 4008 κεν
509 3959 535 4006 ὁ
563 3959 781 4022 Χριστὸς.
812 3962 1028 4018 Ἐγενετο
1073 3956 1165 4016 γὰρ
1212 3951 1271 3998 ἂν
1319 3952 1400 3997 καὶ
1443 3949 1604 4014 μέχρι,
1638 3950 1742 3998 νῦν.
1780 3950 1840 3996 Εἴ
1883 3947 1932 3996 δὲ
1978 3944 2043 4007 ἦν

396 4047 566 4110 πρώτη
611 4047 708 4093 τῶν
749 4043 946 4104 ἀζύμων
994 4041 1173 4100 ἐκείνη,
1223 4039 1464 4087 ἀδυνατον
1511 4035 1574 4097 ἦν
1622 4039 1838 4101 ζυμοτὴν
1891 4038 2041 4101 ἄρτον

397 4144 559 4202 αὺτοῖς
587 4142 856 4206 εὑρεθῆναι,
890 4132 949 4186 id
982 4135 1088 4198 est,
1123 4153 1149 4180 «
1180 4130 1327 4184 Nam
1369 4127 1514 4183 nihil
1544 4127 1754 4183 harum
1790 4127 1846 4181 in
1880 4144 2043 4184 caena

399 4223 877 4295 contigit,utjam
900 4219 1040 4286 dixi,
1073 4233 1260 4289 neque
1282 4233 1550 4288 azymum
1599 4214 1819 4287 proprii
1841 4231 2040 4288 corpo-

398 4313 480 4369 ris
507 4311 836 4384 antitypum
857 4306 1162 4379 discipulis
1183 4305 1306 4361 suis
1327 4304 1592 4358 Christus
1614 4303 1791 4358 dedit.
1816 4304 1961 4359 Nam
1985 4310 2042 4361 et

397 4401 507 4458 hoc
548 4401 724 4456 etiam
757 4415 912 4454 nunc
944 4397 1125 4452 ﬁerct.
1160 4394 1218 4450 Si
1254 4398 1451 4448 autem
1484 4391 1584 4447 illa
1616 4392 1820 4448 fuisset
1848 4393 2041 4464 prima

2149 3242 2530 3314 templatione
2559 3259 2667 3297 sua
2696 3243 3176 3297 commemorant.
3211 3241 3387 3298 Porro
3416 3258 3484 3297 ex
3543 3258 3611 3298 ea
3643 3241 3802 3315 quod

2151 3333 2223 3388 de
2254 3348 2402 3404 pane
2422 3331 2645 3402 integro
2669 3335 2724 3387 et
2753 3331 2932 3386 denso
2956 3328 3295 3386 coranulam
3318 3329 3578 3386 lanceola
3597 3331 3802 3387 deme-

2149 3421 2293 3476 bant
2324 3421 2382 3475 in
2409 3417 2998 3492 sacriﬁcium,colliga
3020 3433 3200 3491 panes
3218 3419 3290 3474 ab
3315 3418 3460 3492 ipsis
3480 3423 3608 3475 tum
3628 3419 3804 3476 adhi-

2150 3508 2303 3565 bitos
2336 3508 2516 3564 fuisse
2537 3523 2766 3563 crassas
2789 3511 2846 3562 et
2876 3506 3344 3579 inﬂatos,qualee
3363 3507 3425 3562 in
3447 3524 3620 3563 nsum
3646 3524 3806 3564 eam-

2151 3615 2389 3653 munem
2423 3597 2655 3662 cedunt,
2682 3595 2738 3650 id
2771 3599 2859 3651 est
2888 3595 3510 3652 fermentatas.Verum
3543 3595 3636 3652 his
3665 3613 3804 3653 can-

2141 3686 2392 3759 jecturis
2410 3685 2632 3758 potiora
2653 3687 2792 3739 sunt
2813 3687 3162 3756 argumenta
3186 3701 3317 3757 qua:
3339 3701 3408 3740 ex
3425 3684 3798 3757 superiorum

2150 3777 2457 3832 auctarum
2487 3771 2838 3828 testimoniis
2869 3772 3106 3841 adduxi,
3137 3789 3207 3828 ex
3221 3773 3439 3845 quibus
3462 3772 3586 3829 sola
3602 3773 3800 3830 Philo-

2150 3863 2286 3936 poni
2319 3861 2631 3918 auctoritas
2647 3861 2915 3917 sufﬁcere
2934 3861 3166 3917 videtur
3185 3861 3256 3916 ad
3279 3861 3648 3933 probandum
3680 3861 3799 3916 fer-

2151 3956 2414 4008 mentum
2446 3950 2599 4022 apud
2635 3950 2863 4006 Graecas
2895 3948 2966 4005 ab
3003 3949 3168 4006 initio
3199 3947 3487 4018 Ecclesiae,
3520 3953 3620 4005 aut
3642 3953 3801 4006 certe

2149 4057 2327 4114 prope
2357 4040 2428 4095 ab
2456 4039 2641 4106 initio,
2675 4041 2973 4111 receptum
3000 4053 3398 4112 perseverasse
3416 4038 3487 4093 ad
3519 4037 3806 4094 saeculum

2149 4130 2468 4202 septimum
2495 4146 2508 4196 ;
2533 4143 2647 4199 quo
2671 4144 2739 4182 ex
2757 4131 3018 4200 tempore
3043 4131 3268 4184 constat
3289 4143 3594 4200 nunquam
3618 4125 3813 4182 inter-

2150 4219 2398 4275 missum
2435 4217 2634 4273 fuisse.

2219 4309 2322 4363 His
2355 4311 2546 4362 tamen
2566 4321 2892 4377 repugnare
2908 4304 3138 4361 videtur
3158 4304 3322 4361 locus
3347 4305 3504 4378 apud
3523 4307 3804 4361 sanctum

2147 4395 2447 4452 Justinum
2479 4393 2537 4449 in
2571 4393 2814 4465 Dialogo
2844 4409 2981 4448 cum
3000 4393 3326 4465 Tryphane,
3354 4393 3452 4449 ubi
3475 4391 3692 4448 ablatio
3714 4392 3798 4448 si-

397 4490 520 4546 dies
553 4504 909 4562 azymorum,
945 4502 1059 4540 non
1119 4481 1404 4556 patuisset
1445 4481 1696 4553 reperire
1728 4481 2037 4537 fermenta-
2067 4496 2115 4561 Β
2148 4483 2297 4539 mila:
2313 4481 2671 4555 proeisquia
2710 4481 3440 4554 leprapurgabantur,quaa
3488 4481 3810 4537 inferrren-

396 4582 546 4634 tum.
575 4601 601 4626 »
633 4578 712 4633 Ex
733 4575 826 4632 his
849 4572 1151 4646 Philaponi
1181 4569 1371 4627 verbis
1402 4569 1624 4624 clarum
1655 4575 1744 4626 est
1765 4587 1870 4625 suo
1891 4575 2036 4626 tem-

395 4685 532 4740 pore
551 4666 928 4732 Grzecos,non
954 4678 1244 4735 azymum,
1272 4659 1372 4714 sed
1397 4658 1806 4715 fermentatum
1829 4676 2040 4731 panem

395 4757 454 4812 in
488 4773 608 4812 rem
640 4770 869 4810 sacram
927 4750 1290 4816 adhibuisse,
1349 4747 1821 4820 quandoquidem
1854 4749 1955 4816 ait,
1990 4747 2041 4803 ei

393 4845 661 4902 Christus
688 4843 748 4896 in
777 4858 978 4913 azyma
996 4837 1418 4895 Eucharistiam
1442 4835 1747 4908 discipulis
1767 4837 1890 4893 suis
1911 4854 2041 4910 por-

395 4931 784 4999 rexisset,fore
809 4935 874 4986 ut
902 4929 960 4984 id
982 4928 1156 4984 etiam
1188 4932 1315 4982 tum
1357 4927 1414 4980 in
1439 4923 1692 4981 Ecclesia
1735 4926 1914 4981 ﬁeret.
1959 4927 2038 4982 Ex

393 5039 460 5078 ea
501 5036 639 5076 vero
671 5019 827 5091 quod
858 5035 1027 5074 secus
1058 5034 1151 5072 res
1183 5033 1244 5070 se
1271 5015 1530 5082 haberet,
1562 5014 1738 5070 infert
1766 5014 2035 5086 Philopa-

394 5129 505 5168 nus
537 5110 834 5167 Christum
882 5125 996 5163 non
1049 5104 1217 5178 legali
1255 5121 1414 5159 more
1445 5120 1669 5158 omnum
1705 5104 1759 5159 in
1817 5103 2035 5176 azymis

391 5200 704 5274 peregisse.
739 5197 1015 5253 Przrterea
1072 5194 1214 5250 satis
1245 5197 1484 5266 apparet
1539 5191 1840 5264 Philaponi
1872 5209 2034 5248 men-

392 5295 508 5346 tem
543 5307 670 5347 esee
703 5303 1008 5360 nunquam
1034 5285 1090 5340 in
1119 5282 1373 5340 Ecclesia
1393 5282 1589 5337 Graeca
1612 5298 1821 5354 panem
1852 5281 2033 5338 alium

393 5395 568 5451 quam
593 5379 692 5450 qui
721 5382 859 5434 tunc
885 5376 1016 5432 usui
1041 5374 1301 5448 erat,,hac
1324 5376 1411 5428 est
1431 5373 1843 5426 fermentatum
1869 5371 2032 5426 adhi-

392 5468 579 5524 bitum
603 5465 801 5522 fuisse.
828 5467 974 5522 Nam
997 5465 1046 5520 si
1074 5463 1459 5520 mutationem
1483 5458 1796 5530 aliquando
1820 5460 2034 5518 factam

391 5554 578 5630 azymi
608 5555 776 5628 panis
809 5555 865 5610 in
899 5555 1314 5610 fermentatum
1339 5547 1689 5621 agnovisset,
1716 5546 1861 5606 nihil
1895 5565 2033 5607 con-

2147 4577 2266 4629 tata
2287 4575 2460 4640 erat,«
2489 4570 2677 4643 figura
2697 4570 2866 4642 panis
2892 4569 3264 4626 eucharistici
3289 4593 3315 4620 »
3341 4570 3520 4627 fuisse
3561 4569 3808 4644 dicitur,

2147 4669 2294 4727 τύπος
2321 4665 2384 4728 ἦν
2412 4671 2498 4716 τοῦ
2529 4667 2561 4715 ἅ
2590 4682 2678 4715 του
2707 4670 2793 4726 τῆς
2824 4666 3148 4733 εὐχαριστίας.
3179 4657 3397 4716 Verum
3419 4675 3657 4714 necesse
3679 4675 3801 4715 non

2147 4753 2236 4807 est
2266 4754 2330 4804 ut
2360 4747 2548 4822 ﬁgura
2600 4747 2662 4802 in
2692 4747 2966 4804 omnibus
3020 4747 3103 4803 rei
3135 4747 3394 4820 ﬁguratae
3427 4746 3801 4820 respondeat.

2788 4890 3020 4947 CAPUT
3061 4891 3152 4947 IV.

2253 4979 2419 5049 Quali
2451 4995 2594 5050 pane
2622 4982 2851 5034 utantur
2871 4981 3000 5036 aliae
3027 4982 3304 5036 societates
3336 4979 3683 5035 Christiana.

2217 5102 2541 5160 Mascovitze
2555 5107 2610 5158 et
2626 5103 2710 5158 Ru
2722 5103 2972 5172 theni,ut
2989 5104 3047 5159 in
3063 5107 3391 5160 Graecarum
3410 5100 3542 5158 aliis
3556 5101 3800 5171 ritibus,

2142 5193 2226 5250 ita
2255 5193 2600 5249 fermentata
2618 5208 2768 5264 pane
2789 5197 3054 5248 utuntur.
3073 5193 3395 5249 Alexander
3423 5190 3798 5264 Gwagninus

2142 5282 2202 5339 in
2233 5280 2627 5354 Descriptione
2658 5280 2956 5338 Moscaviae
2983 5284 3252 5339 observat
3281 5279 3557 5337 mulieres
3588 5296 3801 5353 prove-

2144 5376 2247 5428 ctae
2277 5371 2484 5442 aetatis,
2517 5373 2570 5424 et
2603 5371 2854 5427 maxime
2886 5372 3094 5430 viduas
3127 5371 3497 5429 sacerdotum
3534 5367 3803 5439 relictas,

2144 5460 2298 5534 apud
2329 5459 2631 5516 Ruthenos
2690 5460 2976 5518 conﬁcere
3018 5478 3230 5536 panem
3262 5458 3557 5526 sacriﬁcii,
3607 5475 3795 5531 quem

2143 5571 2172 5602 «
2205 5549 2494 5622 proskura
2516 5571 2544 5599 »
2575 5553 2806 5607 vacant.
