4116 6188
499 299 660 367 1943

506 436 666 494 mille
697 439 752 492 et
776 433 982 509 viginti
1013 452 1047 492 a
1075 435 1345 509 passione
1374 435 1687 494 Salvatoris
1717 453 1902 492 annos
1940 459 1959 485 α
1996 452 2135 508 prae-

504 529 591 582 ter
617 523 957 581 Michaelem
988 523 1256 581 inventus
1305 525 1381 581 sit
1427 543 1620 592 nemo,
1667 525 1766 598 qui
1797 525 2034 581 Latinos
2065 525 2137 580 ob

505 632 842 688 azymorum
890 631 1063 670 usum
1115 615 1535 686 reprehendere
1585 633 1766 671 ausus
1815 615 1908 679 sit,
1943 605 2142 669 conse-

504 721 690 776 quens
721 708 809 760 est
839 721 936 757 eos
968 719 1069 774 per
1091 707 1276 757 totum
1300 703 1445 758 illud
1477 709 1712 774 tempus
1731 705 1948 774 azymis
1983 719 2138 768 usos,

505 799 605 849 aut
629 794 835 849 saltem
871 792 1039 847 Leoni
1071 793 1152 847 ita
1184 810 1528 863 persuasum
1561 793 1759 849 fuisse.
1782 793 1940 847 Alias
1994 791 2142 846 nihil

503 882 933 953 valeretipsius
984 886 1394 953 argumentum
1448 883 1725 948 adversus
1779 881 2138 936 Michaelem.

501 973 698 1044 Neque
729 971 884 1026 enim
907 970 1214 1026 calumnia:
1247 972 1609 1026 occasionem
1636 972 1889 1042 praebere
1919 969 2139 1041 potuis-

504 1065 591 1116 set
623 1047 766 1115 usus
795 1058 970 1126 ille,si
1004 1059 1264 1113 nondum
1297 1058 1777 1112 exstitisset.Eam
1813 1074 1981 1129 porro
2013 1072 2140 1112 esse

403 1205 410 1212 ,
501 1147 705 1202 Leonis
739 1152 1208 1216 mentem,neque
1241 1146 1308 1200 de
1332 1147 1485 1214 jure,
1512 1146 1610 1200 sed
1659 1146 1729 1199 de
1779 1147 1925 1199 facto
1959 1143 2136 1216 expli-

499 1237 618 1292 cari
651 1253 819 1308 posse
851 1239 1005 1305 patet
1034 1252 1100 1288 ex
1131 1233 1374 1304 epistola
1403 1234 1424 1288 l
1466 1235 1535 1288 ad
1578 1234 1850 1288 eumdem
1900 1233 2139 1287 Michae-

498 1325 702 1392 lem,in
735 1342 850 1395 qua
879 1323 1080 1378 scribit
1113 1339 1316 1377 omnes
1339 1326 1622 1393 quotquot
1647 1323 1716 1376 ab
1743 1321 2013 1376 instituta
2044 1322 2139 1375 Ec-

499 1413 676 1468 clesia
732 1412 999 1467 exstitere
1043 1414 1325 1482 martyres
1386 1411 1538 1493 apud
1599 1410 1854 1477 Latinos,
1895 1410 2132 1481 azymis,

496 1502 554 1556 id
585 1506 673 1556 est.
718 1499 1081 1554 Eucharistia
1122 1499 1179 1554 in
1230 1499 1447 1570 azymis
1497 1504 1852 1566 consecrata,
1903 1499 2134 1571 sagina-

493 1593 584 1644 tos
610 1589 809 1655 fuisse,
856 1591 912 1642 et
960 1587 1132 1659 paulo
1190 1590 1323 1642 ante
1375 1581 1567 1642 innuit
1616 1587 1948 1643 Latinorum
1980 1588 2135 1642 hunc

492 1695 715 1733 morem
765 1694 832 1731 ex
881 1675 1066 1732 sancti
1116 1676 1266 1731 Petri
1317 1675 1684 1732 institutione
1719 1677 2130 1731 descendisse:

492 1790 519 1817 ‹‹
554 1768 934 1838 Quapropter,
965 1765 1176 1836 inquit,
1210 1782 1242 1820 a
1275 1768 1436 1819 tanta
1479 1765 1734 1820 amentia
1774 1766 1896 1835 jam
1929 1765 2133 1836 resipi-

490 1857 654 1922 scite,
707 1860 764 1910 et
813 1855 1042 1910 Latinos
1090 1871 1218 1910 vere
1270 1853 1606 1920 catholicos,
1667 1859 1842 1926 atque
1897 1853 2134 1910 maximi

489 1946 641 2002 Petri
674 1944 988 2002 familiares
1011 1943 1868 2015 discipulos,institutionisque
1901 1945 2027 2014 ejus
2045 1945 2138 2000 de-

487 2036 736 2091 votiores
767 2037 1079 2090 sectatores
1110 2036 1335 2089 cessate
1383 2033 1800 2088 subsannando
1852 2034 2133 2106 azymitas

493 2141 722 2180 vocare.
760 2147 787 2173 ))

558 2241 773 2295 Eadem
805 2237 914 2292 fuit
939 2237 1226 2292 sententia
1255 2238 1560 2293 l-Iumberti
1589 2237 1906 2293 cardinalis
1960 2237 2018 2292 in
2053 2255 2138 2293 re-

485 2329 801 2400 sponsione
835 2327 904 2380 ad
931 2325 1269 2380 Michaelem
1303 2326 1548 2380 dicentis
1581 2326 1900 2392 Ecclesiam
1925 2331 2128 2382 Roma-

486 2433 624 2473 nam
649 2417 720 2470 ad
753 2432 927 2469 suum
959 2429 1147 2484 usque
1177 2417 1410 2486 tempus
1443 2431 1559 2470 non
1592 2431 1853 2470 cessasse
1906 2417 1977 2471 ab
2011 2433 2127 2471 usu

483 2521 842 2578 azymorum,
875 2502 1015 2559 etin
1064 2502 1440 2573 responsione
1490 2504 1561 2558 ad
1606 2503 1887 2571 Nicetam,
1940 2504 2121 2560 tradi-

482 2597 700 2653 tionem
719 2609 847 2650 esse
863 2591 1191 2665 apostolica
1208 2591 1775 2647 sedis.Gonsentiunt
1800 2591 2050 2664 Algerus
2073 2592 2133 2647 in

482 2684 584 2740 lib.
619 2702 679 2751 11,
714 2700 840 2754 cap.
867 2682 1030 2754 3,qui
1066 2697 1300 2736 omnem
1350 2681 1668 2737 Ecclesiam
1718 2686 1924 2752 praeter
1981 2683 2136 2737 Grai-

479 2791 606 2832 cam
629 2792 697 2830 ex
715 2773 1023 2828 traditione
1049 2771 1381 2844 principum
1402 2770 1667 2826 Ecclesiae
1707 2771 1858 2826 Petri
1887 2775 1943 2827 et
1967 2771 2135 2825 Pauli

482 2865 542 2919 in
574 2864 792 2937 azymis
821 2861 1180 2928 celebrasse;
1211 2865 1378 2933 Hugo
1417 2861 1642 2916 Tuscus
1665 2877 1764 2916 seu
1803 2861 2131 2929 Eterianus,

484 2953 584 3024 qui
619 2953 679 3007 in
713 2952 813 3006 lib.
847 2968 887 3005 11
921 2951 991 3005 de
1019 2949 1368 3017 Haeresibus,
1395 2967 1520 3020 cap.
1557 2952 1642 3018 17,
1679 2949 1995 3005 Ecclesiam
2033 2956 2134 3005 La-

482 3042 666 3097 tinam
697 3056 900 3112 azyma
929 3043 1206 3111 perpetuo
1239 3038 1581 3094 immolasse
1614 3058 1625 3104 ;
1662 3043 1718 3093 et
1759 3040 2050 3110 Rupertus
2073 3039 2133 3093 in

482 3131 586 3186 lib.
620 3149 679 3197 11,
714 3131 784 3185 de
814 3128 1031 3184 Divinis
1060 3128 1300 3194 Ofﬁciis,
1352 3145 1480 3198 cap.
1530 3129 1620 3194 22,
1654 3128 1750 3198 qui
1805 3127 2120 3183 Ecclesiam

484 3222 806 3277 Romanam
839 3222 1036 3274 censet
1064 3217 1418 3274 fermentum
1437 3216 1497 3272 in
1521 3217 1806 3272 sacriﬁcio
1821 3234 2124 3290 nunquam

481 3309 841 3366 adhibuisse.

542 3423 822 3495 Ejusdem
850 3420 1184 3477 traditionis
1236 3421 1472 3475 ineunte
1520 3419 1714 3476 seculo
1765 3439 1862 3476 x111
1902 3437 2122 3494 propu-

477 3516 687 3586 gnator
714 3510 823 3564 fuit
853 3509 1221 3564 Innocentius
1255 3509 1408 3580 Papa
1439 3508 1638 3579 III,qui
1673 3509 1745 3563 de
1782 3511 2118 3566 Latinorum

479 3600 696 3674 azymis
729 3615 926 3671 agens,
961 3613 1162 3652 eorum
1196 3600 1542 3668 perpetuum
1579 3613 1753 3650 usum
1781 3598 2042 3652 defendit
2071 3599 2130 3653 in

477 3691 579 3747 lib.
617 3707 689 3760 1v,
721 3689 792 3744 de
819 3689 1173 3759 Missa,lcap.
1211 3688 1244 3740 4
1277 3703 1289 3739 :
1342 3708 1369 3734 «
1407 3685 1493 3739 Ab
1532 3683 1677 3756 ipsis
1727 3703 1882 3758 ergo,
1917 3687 2130 3758 inquit,

478 3780 664 3836 beatis
679 3777 957 3850 apostolis
980 3777 1142 3832 Petro
1167 3779 1223 3830 et
1256 3773 1460 3841 Paulo,
1483 3790 1629 3844 quos
1660 3777 1716 3828 et
1745 3773 1902 3830 vivos
1927 3775 2135 3831 habuit

478 3869 780 3941 (Romana
811 3865 1149 3934 Ecclesia)et
1196 3865 1500 3919 defunctos
1548 3863 1820 3931 custodit,
1853 3864 2010 3919 hunc
2042 3883 2133 3920 sa-

480 3957 685 4013 crificii
739 3955 915 4009 ritum
963 3956 1209 4027 accepit,
1264 3970 1438 4026 quem
1489 3952 1771 4009 hactenus
1814 3947 2138 4010 inviolabili

495 4044 658 4101 cultu
691 4043 953 4098 servavit.
993 4064 1021 4092 »

557 4167 897 4224 Innocentio
927 4184 956 4222 e
987 4166 1234 4237 vestigio
1259 4167 1543 4222 successit
1565 4166 2045 4224 scholasticorum
2071 4187 2142 4228 ae-

481 4276 606 4332 tas,
639 4273 890 4328 quorum
921 4255 1117 4328 opinio
1149 4256 1219 4310 de
1249 4272 1448 4327 azymo
1493 4255 1826 4310 Latinorum
1877 4262 1964 4312 est
2011 4259 2138 4330 ejus

491 4364 669 4404 usum
702 4347 774 4402 ab
805 4345 973 4400 initio
1007 4343 1302 4401 nascentis
1333 4342 1600 4398 Ecclesiae
1627 4343 1933 4416 incmpisse
1958 4352 2138 4419 ;post-

489 4456 558 4495 ea
584 4453 739 4505 vero,
774 4436 1084 4508 ingruente
1124 4434 1532 4489 Ebionazorum
1577 4432 1780 4488 haeresi
1833 4434 1934 4504 qui
1982 4434 2139 4507 lega-

492 4527 571 4583 lia
599 4524 894 4582 observari
929 4527 1190 4596 oportere
1221 4523 1528 4587 docebant,
1551 4525 1904 4593 praeceptum
1955 4524 2138 4581 fuisse

481 4621 550 4672 ut
579 4615 810 4687 rejectis
843 4613 1064 4686 azymis
1100 4613 1512 4668 fermentatum
1545 4611 1951 4666 admitteretur
1975 4617 2130 4680 ;tum

485 4704 789 4760 desinente
819 4701 1291 4770 haeresi,l.atinos
1321 4701 1394 4756 ad
1425 4716 1627 4771 azyma
1641 4700 1834 4755 denuo
1864 4700 2126 4758 rediisse.

485 4793 672 4862 Hujus
702 4791 970 4863 praecepti
1001 4798 1248 4847 Leonem
1293 4805 1504 4862 papam
1554 4787 1652 4842 alii
1698 4788 1899 4844 dicunt
1931 4795 2126 4846 aucto-

481 4896 631 4947 rem,
670 4878 766 4932 alii
801 4895 914 4932 non
948 4884 1265 4946 auctorem,
1299 4878 1398 4934 sed
1433 4881 1637 4933 testem
1689 4883 1981 4946 asserunt,
2032 4879 2126 4934 alii

487 4984 592 5024 nec
620 4970 849 5032 testem,
878 4983 983 5021 nec
1014 4972 1334 5022 auctorem.
1367 4967 1428 5021 In
1479 4964 1685 5038 primis
1740 4971 1828 5021 est
1874 4967 2128 5024 Joannes

481 5058 646 5114 Duns
675 5058 878 5110 Scotus
909 5055 968 5110 in
997 5057 1027 5111 4
1061 5056 1198 5110 dist.
1244 5074 1323 5125 x1,
1373 5059 1578 5131 quaest.
1628 5057 1697 5110 5:
1751 5079 1775 5104 ‹‹
1814 5056 1934 5110 Sub
1979 5073 2130 5128 papa

483 5153 692 5213 Leone,
743 5145 955 5218 inquit,
1022 5145 1131 5200 fuit
1177 5145 1415 5200 haeresis
1465 5160 1701 5200 servans
1750 5142 1938 5216 legem
1994 5162 2126 5202 cum

481 5234 810 5308 Evangelio.
845 5235 910 5290 Et
956 5239 1117 5303 tunc,
1169 5252 1239 5290 ne
1287 5235 1620 5289 viderentur
1670 5233 1853 5287 Latini
1903 5251 2130 5291 servare

479 5324 668 5397 legem
700 5325 1060 5393 Judaaorum,
1095 5322 1872 5397 praeceptumfuitconﬁcere
1894 5324 1953 5379 in
1979 5342 2128 5397 pane

482 5413 968 5469 fermentato.Sed
1005 5415 1381 5486 postquando
1414 5412 1584 5468 rediit
1605 5412 1749 5467 ﬁdes
1775 5415 1830 5466 et
1860 5413 2124 5483 invaluit,

481 5501 574 5558 usi
604 5504 745 5555 sunt
778 5501 958 5556 Latini
989 5521 1138 5576 pane
1186 5521 1408 5577 azymo,
1461 5501 1612 5557 sicut
1660 5501 1843 5573 prius.
1880 5526 1907 5552 »
1961 5505 2120 5560 Idem

473 5590 620 5653 entit
651 5589 900 5646 Richard
915 5608 980 5650 us
1012 5592 1069 5647 in
1101 5593 1374 5652 eumdem
1405 5591 1620 5647 locum.

1537 296 1933 364 APPENDIX
1976 294 2080 362 AD
2124 291 2388 365 OPEBA
2431 298 2867 367 HUMBERTI.

3677 305 3792 370 1244

2326 437 2384 490 In
2417 439 2672 494 seeundo
2719 437 2921 495 ordine
2968 439 3058 496 est
3108 435 3420 496 Alexander
3459 437 3652 497 Alensis
3691 438 3736 497 in
3773 442 3797 499 4

2255 531 2458 597 quiest.
2493 528 2586 594 32,
2620 528 2881 583 membro
2913 529 2967 594 3,
3000 528 3071 584 ad
3102 526 3406 596 ultimum;
3436 545 3654 600 eumque
3675 546 3798 587 secu-

2252 618 2349 670 trs
2379 616 2781 672 Bonaventura
2809 617 3048 672 totidem
3096 618 3320 684 verbis;
3371 622 3422 673 et
3461 623 3666 674 sanctus
3686 619 3798 674 Tho-

2253 721 2379 760 mas
2411 706 2468 760 in
2500 706 2796 777 prolixiori
2829 707 3246 762 commentario
3277 707 3334 761 in
3364 708 3394 761 4
3417 708 3540 762 dist.
3570 713 3796 779 x1,quazst.

2250 791 2304 859 2,
2339 798 2446 848 art.
2479 798 2550 860 2;
2587 795 2688 865 qui
2720 800 2985 850 auctores
3017 800 3220 851 testem
3245 797 3480 850 afferunt
3505 799 3713 851 Leonem
3732 813 3801 867 pa-

2251 899 2386 954 pam
2437 883 2749 953 dicentem,
2808 884 3150 940 imminente
3199 885 3393 939 haeresi
3450 885 3798 954 Ebionitarum,

2249 977 2482 1028 sanctos
2513 974 2709 1028 Patres
2741 973 3026 1045 recepisse
3056 976 3122 1028 ut
3151 973 3486 1028 sacrificium
3523 991 3582 1029 ex
3609 974 3799 1029 fermen-

2249 1066 2369 1116 tato
2403 1062 2785 1118 conficeretur
2815 1063 2886 1116 ad
2919 1067 3173 1134 tempus.

2167 429 2227 506 A‘

2319 1176 2579 1248 Denique
2610 1178 2921 1234 Durandus
2952 1177 3010 1232 in
3043 1180 3073 1232 4
3105 1178 3322 1241 dist.x1,
3343 1181 3534 1249 quaest.
3564 1178 3610 1241 4,
3638 1176 3685 1231 in
3710 1193 3803 1231 cor—

2246 1280 2384 1335 pore
2415 1264 2495 1318 ait
2524 1263 2816 1335 apostolos
2849 1265 2908 1319 in
2942 1264 3236 1336 primitiva
3266 1263 3506 1320 Ecclesia
3533 1280 3680 1319 usum
3710 1279 3803 1334 azy-

2246 1369 2478 1408 morum
2507 1352 2785 1420 tenuisse,
2819 1358 2876 1407 et
2907 1353 2979 1407 ab
3011 1353 3082 1408 iis
3125 1353 3283 1407 hunc
3330 1369 3537 1408 morem
3577 1353 3805 1421 accepisse

2244 1440 2560 1497 Ecclesiam
2577 1439 3675 1497 Romanam.Posteaincrescentehaeresi
3687 1439 3808 1494 Ebio-

2245 1531 2524 1597 nitarum,
2557 1531 2657 1601 qui
2690 1529 2957 1585 dicebant
2980 1531 3155 1586 simul
3191 1548 3324 1587 cum
3346 1529 3628 1602 Evangelio
3649 1526 3808 1599 legalis

2244 1619 2865 1684 observanda,sanctos
2896 1620 3114 1686 Patres,
3150 1636 3226 1674 ne
3257 1619 3336 1676 eis
3369 1618 3664 1674 consentire
3688 1619 3806 1673 vide.

2242 1712 2463 1777 rentur,
2514 1707 2768 1764 voluisse
2813 1710 2883 1763 ad
2933 1714 3166 1780 tempus
3220 1709 3327 1764 hoc
3368 1713 3739 1770 sacramentum
3761 1727 3808 1768 ex

2167 1801 2211 1866 Β
2243 1796 2588 1851 fermentata
2623 1796 2861 1864 conﬁci;
2895 1801 2954 1851 at
3003 1801 3276 1853 cessante
3323 1797 3517 1852 heresi
3558 1797 3805 1854 Ecclesiam

2249 1889 2569 1941 Romanam
2601 1885 2672 1939 ad
2712 1885 3025 1956 pristinum
3077 1885 3327 1940 rediisse
3371 1901 3596 1952 morem,
3638 1885 3806 1942 Graecos

2247 1991 2377 2030 vero
2408 1972 2665 2028 noluisse
2693 1973 2898 2027 redire.
2945 1973 3081 2028 Haec
3112 1974 3182 2028 de
3239 1973 3460 2046 placitis
3506 1973 3807 2030 scholastico-

2247 2080 2376 2118 rum
2405 2066 2690 2128 veterum,
2723 2062 2937 2134 quibus
2965 2063 3321 2119 recentiores
3351 2061 3690 2134 plcrique,alii
3713 2063 3807 2119 aliis

2245 2169 2348 2224 pro
2383 2168 2490 2207 sua
2523 2151 2773 2222 quisque
2805 2154 2982 2217 secta,
3015 2151 3338 2207 adhaerent.
3373 2152 3604 2206 Joannes
3644 2151 3804 2206 Gerson

2245 2240 2305 2295 in
2338 2241 2610 2296 Tractatu
2644 2239 2714 2293 de
2753 2238 3164 2294 communione
3201 2243 3398 2296 censet
3440 2240 3646 2295 Latinos
3671 2256 3806 2311 quon-

2247 2330 2382 2386 dam
2415 2329 2742 2385 sacerdotes
2773 2328 3090 2383 confecisse
3120 2328 3537 2384 Eucharistiam
3555 2329 3605 2383 in
3624 2329 3808 2384 fermen-

2245 2422 2403 2485 tato;
2439 2422 2497 2474 at
2527 2433 2641 2489 quo
2677 2422 2954 2488 tempore,
2991 2433 3176 2489 quave
3215 2417 3525 2485 occasione,
3556 2434 3652 2473 non
3673 2417 3809 2489 expri-

2245 2507 2372 2562 mit.

2315 2622 2504 2677 Aliam
2528 2621 2709 2677 iniere
2738 2621 2888 2676 viam
2921 2621 3186 2677 historici
3232 2623 3464 2695 quidam
3496 2621 3806 2679 recentiores:

2246 2710 2525 2766 nimirum
2556 2709 2840 2766 Martinus
2873 2709 3127 2765 Polonus
3149 2714 3217 2765 et
3236 2711 3669 2783 Platina,quibus
3685 2709 3808 2764 Joan-

2244 2816 2346 2855 nes
2394 2798 2662 2854 Calvinus
2712 2797 3082 2870 astipulatur.
3136 2799 3230 2854 Ex
3280 2800 3373 2855 his
3418 2800 3621 2871 primus
3653 2798 3711 2852 ad
3735 2813 3807 2851 an-

2245 2905 2386 2943 num
2418 2887 2540 2950 132,
2575 2885 2677 2941 ubi
2711 2886 2780 2941 de
2808 2885 3131 2942 Alexandro
3161 2903 3325 2960 papa
3353 2888 3487 2961 agit,
3517 2889 3622 2943 haec
3646 2887 3806 2942 habet:

2249 3000 2276 3027 α
2302 2977 2405 3031 Hic
2436 2976 2607 3031 etiam
2641 2975 2844 3030 statuit
2875 2980 2938 3030 ut
2967 2976 3098 3031 vino
3123 2993 3286 3049 aqua
3311 2978 3678 3033 misceretur...
3705 2978 3808 3030 etut

2244 3065 2458 3122 oblatio
2488 3065 2653 3120 fieret
2699 3081 2767 3120 ex
2813 3081 3012 3137 azymo
3062 3070 3119 3120 et
3167 3067 3238 3121 in
3288 3067 3507 3123 modica
3535 3065 3806 3138 quantitate,

2156 3169 2198 3236 ρ
2243 3156 2479 3211 dicens:
2515 3154 2644 3208 Haec
2673 3153 2889 3209 oblatio
2923 3159 3143 3226 quanto
3174 3156 3390 3227 potior,
3432 3160 3580 3211 tanto
3607 3153 3808 3210 rarior.»

2239 3245 2444 3301 Nescio
2476 3261 2548 3298 an
2579 3260 2646 3298 ex
2677 3243 2880 3298 eodem
2926 3244 3085 3299 fonte
3127 3246 3476 3300 Barlaamus
3520 3240 3808 3300 Hieracensis

2240 3335 2569 3407 episcopus,
2601 3331 2832 3387 Martini
2865 3333 2981 3388 fere
2997 3333 3284 3409 aqualis,
3316 3335 3464 3390 idem
3488 3334 3644 3390 tradit
3666 3333 3712 3386 in
3729 3328 3808 3401 epi-

2241 3423 2389 3480 stola
2418 3424 2488 3478 de
2522 3422 2738 3477 unione
2767 3421 3076 3493 utriusque
3106 3423 3407 3492 Ecclesiae.
3445 3423 3645 3479 Platina
3682 3421 3726 3475 id
3759 3419 3808 3472 ab

2241 3512 2565 3567 Alexandro
2596 3512 2880 3566 statutum
2911 3510 3071 3580 dicit,
3105 3534 3133 3562 «
3169 3517 3244 3568 ut
3276 3513 3549 3568 Ebionitis
3591 3507 3810 3565 haereticis

2241 3600 2638 3656 calumniandi
2670 3599 2894 3654 occasio
2925 3599 3390 3657 auferretur.»Et
3417 3600 3658 3657 Calvinus
3682 3598 3726 3651 in
3747 3595 3810 3651 In-

2242 3689 2617 3746 stitutionum
2648 3687 2808 3743 lib.1v
2833 3706 2844 3742 :
2879 3689 3382 3757 «Fermentatum,
3401 3684 3804 3762 inquit,etvulga-

2243 3784 2368 3834 tum
2399 3795 2610 3850 panem
2642 3777 2822 3832 fuisse
2853 3782 2986 3832 ante
3013 3782 3261 3850 tempus
3305 3778 3598 3837 Alexandri
3626 3770 3807 3831 Romani

2245 3867 2497 3941 episcopi
2529 3871 2768 3922 narrant
2788 3866 3066 3936 historiae,
3111 3869 3219 3939 qui
3253 3869 3478 3941 primus
3506 3880 3677 3939 azyma
3701 3873 3808 3934 pane

2245 3958 2564 4014 delectatus
2595 3959 2702 4011 est.
2735 3958 2859 4022 Qua
2885 3955 2943 4011 id
2986 3956 3237 4025 ratione,
3290 3976 3403 4014 non
3445 3958 3612 4024 video,
3655 3951 3810 4009 nisiut

2247 4046 2432 4119 plebis
2463 4045 2663 4102 oculos
2695 4060 2840 4100 novo
2871 4045 3202 4118 spectaculo
3228 4048 3288 4102 in
3312 4046 3716 4102 admirationem
3729 4043 3816 4092 tra-

2246 4137 2410 4192 heret
2438 4134 2625 4206 magis
2663 4150 2840 4205 quam
2893 4138 2958 4188 ut
2987 4135 3220 4190 animos
3269 4137 3451 4207 proba
3496 4131 3729 4204 religione
3752 4126 3814 4179 in-

2249 4229 2516 4281 strueret.
2556 4247 2574 4271 ››
2612 4223 2813 4279 Eidem
2844 4223 3142 4278 sententiae
3176 4225 3405 4280 accedit
3429 4220 3681 4279 Radulfus
3703 4219 3816 4269 Tun-

2247 4313 2476 4388 grensis
2504 4313 2574 4367 de
2603 4328 2893 4367 canonum
2925 4311 3318 4379 observantia,
3353 4330 3476 4385 cap.
3513 4312 3593 4366 23.

2319 4441 2462 4494 Tam
2481 4430 2808 4509 pugnantes
2825 4435 3133 4493 hominum
3156 4437 3479 4493 sententias
3495 4431 3723 4491 retulisse
3735 4426 3819 4483 huc

2168 4541 2212 4605 D
2245 4528 2452 4584 saltem
2478 4526 2714 4598 juverit,
2750 4529 2811 4580 ut
2842 4524 3400 4597 intelligantomnes
3422 4518 3818 4599 quamintricata

2242 4619 2318 4672 sit
2347 4614 2742 4672 controversia
2773 4615 2842 4669 de
2870 4630 3092 4686 azymo,
3143 4616 3384 4686 quantis
3415 4611 3724 4685 ambagibus
3744 4605 3810 4659 in-

2237 4705 2471 4774 voluta;
2507 4709 2632 4759 tum
2665 4705 2950 4774 quantum
2983 4702 3237 4770 intersit,
3272 4721 3389 4759 non
3420 4721 3485 4759 ex
3513 4700 3662 4756 trivio
3683 4694 3813 4750 falsa-

2238 4813 2367 4850 rum
2410 4793 2814 4859 traditionum,
2845 4794 2946 4845 aut
2977 4807 3044 4846 ex
3076 4792 3468 4864 supposititiis
3517 4784 3811 4849 auctoribus,

2238 4885 2336 4941 sed
2366 4901 2431 4940 ex
2464 4882 2702 4955 optimis
2735 4880 3101 4952 antiquitatis
3133 4881 3528 4938 monumentis
3546 4891 3718 4934 eruere
3747 4885 3819 4924 ve-

2238 4974 2492 5028 ritatem.
2528 4973 2711 5037 Quam
2741 4969 2894 5024 viam
2927 4970 3265 5042 quicunque
3322 4989 3436 5028 non
3467 4964 3739 5024 tenuerunt
3776 4956 3818 5009 in

2241 5062 2484 5132 supinos
2510 5063 2566 5115 et
2593 5059 2856 5131 insignes
2888 5074 3113 5114 errores
3144 5043 3371 5132 delapsi
3402 5061 3549 5114 sunt.
3571 5056 3727 5111 .Etate
3750 5060 3818 5099 ve-

2238 5155 2429 5206 terum
2455 5149 2940 5204 scholasticorum
2964 5148 3522 5204 circumferebantur
3538 5140 3708 5199 nescio
3723 5145 3816 5207 qua

2242 5239 2461 5312 scripta
2509 5255 2610 5294 seu
2678 5237 2907 5291 decreta
2954 5237 3161 5294 Leonis
3213 5241 3271 5293 et
3298 5233 3613 5298 Alexandri,
3664 5219 3819 5315 spuria

2233 5333 2404 5397 certe,
2439 5328 2540 5382 sed
2575 5325 2837 5381 nondum
2869 5329 3015 5381 notae
3049 5327 3353 5395 falsitatis;
3401 5325 3601 5397 quibus
3634 5314 3815 5373 adducti

2236 5422 2502 5474 auctores
2533 5415 3084 5488 superiores,varias
3114 5417 3185 5472 de
3211 5432 3414 5488 azymo
3437 5407 3726 5471 sententias
3750 5402 3818 5454 ιε’

2233 5509 2508 5562 nuerunt.
2543 5506 2760 5560 Forsan
2791 5504 2966 5560 etiam
3015 5505 3116 5578 qui
3165 5505 3359 5562 dixere
3407 5500 3680 5561 occasione
3721 5490 3809 5578 hae:

2232 5595 2378 5652 resis
2435 5593 2720 5650 Ebionicae
2773 5597 3024 5650 cautum-
3072 5594 3251 5674 fuisse
3311 5611 3376 5651 ut
3432 5587 3720 5650 cessaretur
3764 5570 3815 5632 Ib
