4138 6186
302 313 458 382 1345

1275 302 1726 382 MABILLONlI
1769 311 2246 393 DISQUISITIO
2287 310 2390 376 DE
2433 313 2730 379 AZYMO.

3547 327 3700 390 1246

306 467 529 524 azymo,
562 451 678 510 huc
721 451 947 510 inducti
1006 457 1146 512 sunt
1174 453 1518 510 auctoritate
1578 455 1763 510 sancti
1813 454 1945 525 Epi-
1975 453 2030 518 Α
2062 451 2119 504 in
2152 449 2411 505 Caesarea
2459 448 2832 519 Bibliotheca,
2876 451 3125 509 habetur
3182 456 3477 515 canticum
3538 460 3698 518 istud

304 542 682 616 phanii.Cum
713 544 869 600 enim
900 545 1056 616 apud
1078 543 1469 616 Epiphanium
1503 543 1758 615 legerent
1777 542 1946 598 Ebio-

306 647 464 688 meos
513 633 727 688 erroris
789 636 1040 703 notatos,
1066 634 1221 704 quod
1255 632 1530 704 mysteria
1577 632 1851 687 offerrent
1883 647 1951 685 ex

307 737 512 793 azyma
527 724 584 776 et
599 738 753 792 aqua
774 721 920 789 sola,
937 726 1292 793 putaverunt
1311 738 1645 794 azymorum
1681 737 1854 776 usum
1886 737 1952 775 ea

309 810 615 866 occasione
636 811 916 880 rejectum
952 811 1022 866 ab
1055 810 1310 866 Ecclesia
1341 811 1540 865 fuisse.
1576 811 1642 864 Et
1674 810 1811 880 quia
1832 825 1956 881 per-

310 915 556 956 suasum
586 899 880 955 habebant
908 916 1132 956 morem
1163 899 1600 973 utendiazymis
1621 899 1774 971 apud
1799 897 1954 954 Lati-

312 1004 421 1042 nos
453 1003 486 1042 a
518 985 730 1042 Christi
773 987 1036 1059 exemplo
1093 988 1484 1054 descendisse,
1518 987 1668 1042 hanc
1705 988 1953 1042 demum

309 1076 664 1132 invenerunt
693 1075 1068 1131 conciliandae
1100 1076 1464 1132 difficultatis
1521 1076 1698 1140 viam,
1732 1080 1798 1130 ut
1826 1091 1954 1144 azy-

312 1180 482 1222 mum
511 1168 746 1236 propter
763 1164 1064 1221 Ebionmos
1119 1165 1192 1220 ab
1250 1165 1502 1221 Ecclesia
1543 1165 1820 1235 rejectum
1854 1179 1956 1218 seu

313 1254 720 1310 intermissum
746 1253 1038 1322 dicerent;
1072 1259 1275 1325 postea
1301 1270 1436 1310 vero
1465 1258 1729 1310 cessante
1750 1253 1955 1308 haeresi

312 1343 590 1417 praedicta
619 1342 1203 1399 restitutum.Verum
1235 1344 1305 1398 de
1325 1343 1648 1415 Epiphanio
1671 1347 1891 1415 postea.

952 1486 1187 1542 CAPUT
1225 1485 1320 1542 VI.

489 1593 746 1662 Quasdam
774 1595 1087 1649 testimonia
1103 1593 1289 1650 dubiae
1318 1592 1446 1664 ﬁdei
1471 1609 1570 1664 pro
1601 1608 1793 1664 azyma

761 1666 1085 1721 Latinorum
1113 1666 1519 1737 expenduntur.

2057 555 2189 594 cum
2225 539 2333 594 hoc
2365 539 2572 594 titulo:
2609 563 2637 590 «
2670 541 2933 611 Hymnus
2965 560 3139 614 quem
3174 550 3414 603 sanctus
3454 552 3699 607 Ambro-

2059 628 2183 682 sius
2215 632 2270 682 et
2296 633 2534 682 sanctus
2566 630 2929 700 Augustinus
2955 631 3203 688 invicem
3227 636 3631 696 condiderunt.
3670 665 3697 692 »

2061 717 2221 781 Quod
2241 721 2306 771 ut
2338 734 2541 788 parum
2566 724 2784 773 certum
2821 720 3057 786 sit,hinc
3089 727 3285 778 tamen
3319 733 3562 798 apparet
3583 747 3705 801 per-

2062 805 2392 862 suasionem
2426 808 2495 861 de
2539 808 2875 864 auc-toribus
2920 810 3090 866 istius
3143 815 3349 869 cantici
3410 835 3524 872 non
3573 836 3702 876 esse

2063 896 2378 950 admodum
2412 912 2620 949 novam
2653 900 2707 950 et
2738 903 3046 963 recentem,
3073 901 3169 955 sed
3206 906 3305 957 aut
3336 904 3521 975 ipsius
3551 909 3699 964 Datii

2063 987 2344 1054 tempore,
2378 988 2478 1038 aut
2509 984 2678 1055 paulo
2709 991 2840 1056 post
2864 993 3174 1058 receptam.

2135 1073 2447 1127 Menardus
2481 1078 2677 1128 noster
2697 1073 2754 1127 in
2779 1075 2930 1130 notis
2954 1078 3022 1130 ad
3047 1077 3261 1134 librum
3303 1081 3704 1140 Sacramento-

2065 1178 2218 1227 rum,
2257 1161 2356 1215 ubi
2398 1163 2467 1216 de
2517 1161 2625 1217 hoc
2674 1165 2897 1218 cantico
2954 1165 3090 1236 agit,
3149 1168 3377 1225 duobus
3444 1177 3708 1229 movetur

2067 1249 2430 1320 argumentis
2463 1251 2532 1304 ad
2582 1250 2905 1307 Chronicon
2956 1253 3111 1308 istud
3148 1256 3307 1312 Datio
3357 1259 3707 1317 subtrahen-

2067 1339 2232 1406 dum,
2267 1354 2474 1410 nempe
2503 1344 2559 1394 et
2601 1341 2756 1410 quod
2803 1343 3114 1411 Augustini
3175 1347 3474 1404 conversio
3530 1349 3588 1404 in
3643 1369 3708 1406 eo

2067 1427 2350 1482 Chronico
2383 1426 2551 1484 aliter
2599 1446 2776 1500 quam
2826 1448 2858 1483 a
2907 1431 3171 1487 Possidio
3202 1441 3258 1488 et
3313 1437 3384 1490 ab
3442 1436 3568 1508 ipso
3591 1440 3710 1494 Au-

2069 1517 2306 1588 gustino
2349 1517 2648 1585 referatur,
2675 1524 2729 1572 et
2759 1521 2912 1590 quod
2945 1520 3270 1578 Chronicon
3319 1541 3353 1578 a
3384 1525 3543 1581 nullo
3577 1545 3711 1583 auc-

2068 1608 2192 1660 tore
2226 1605 2468 1661 citatum
2501 1606 2745 1678 legatur.
2773 1608 2987 1664 Verum
3040 1615 3103 1665 ut
3147 1611 3310 1683 prius
3357 1613 3438 1669 ita
3469 1615 3566 1684 sit,
3597 1634 3712 1673 non

2073 1710 2203 1748 raro
2231 1698 2498 1750 auctores
2535 1697 2710 1750 etiam
2747 1698 2998 1767 aequales
3032 1699 3089 1754 in
3119 1702 3294 1756 unius
3333 1704 3715 1778 ejusdemque

390 1792 454 1847 In
486 1792 644 1846 omni
668 1791 1082 1860 controversia,
1117 1796 1182 1846 ut
1208 1808 1345 1847 vera
1393 1808 1426 1846 θ,
1475 1789 1658 1858 falsis,
1694 1789 1778 1844 sic
1808 1792 1965 1844 certa
1997 1823 2045 1888 B
2076 1783 2209 1837 facti
2235 1784 2570 1838 narratione
2606 1785 2956 1857 discrepant.
2983 1789 3277 1845 Posterius
3321 1792 3455 1847 inde
3503 1795 3714 1850 refelli-

323 1880 396 1936 ab
455 1880 696 1935 incertis
753 1884 810 1935 et
867 1881 1062 1936 dubiis
1120 1896 1417 1936 secernere
1439 1880 1624 1950 juvat.
1689 1878 1829 1933 Hinc
1882 1882 1970 1933 est

317 1968 474 2039 quod
505 1967 703 2023 minus
719 1969 920 2039 peritis
944 1985 1167 2024 morem
1198 1985 1405 2041 gerens
1429 1968 1529 2040 qui
1571 1968 1642 2023 ad
1666 1967 1787 2022 haec
1809 1970 1967 2022 trac-

316 2057 500 2112 tanda
529 2057 704 2113 rudes
735 2062 791 2112 et
837 2058 1113 2129 imparati
1145 2059 1450 2124 accedunt,
1485 2057 1594 2112 hoc
1644 2055 1770 2111 loco
1811 2072 1966 2111 seor-

321 2146 437 2202 sim
466 2144 697 2201 institui
727 2163 897 2219 agere
927 2147 996 2201 de
1028 2145 1328 2201 nonnullis
1371 2145 1722 2202 testimoniis
1744 2149 1844 2200 aut
1865 2144 1969 2200 fal-

323 2234 406 2290 sis
439 2237 540 2290 aut
569 2235 766 2290 dubiis
790 2253 916 2306 quae
938 2253 1042 2307 pro
1077 2253 1275 2308 azymo
1308 2234 1501 2291 afferri
1528 2239 1897 2306 possunt,ne,
1922 2234 1970 2289 si

326 2341 396 2380 ea
425 2323 640 2380 tacitus
671 2325 1115 2396 praetermisero,
1148 2325 1250 2380 fiat
1297 2329 1362 2379 ut
1410 2323 1628 2379 incauti
1658 2322 1745 2379 vel
1777 2322 1972 2378 dubiis

329 2413 466 2486 pius
495 2429 662 2485 aequo
715 2414 890 2469 ﬁdem
936 2413 1270 2480 adhibeant,
1303 2413 1391 2469 vel
1443 2412 1608 2468 falsis
1655 2413 1880 2468 seducti
1911 2411 1971 2466 in

333 2517 590 2558 errorem
613 2501 906 2558 labantur.

400 2589 466 2646 In
501 2591 698 2646 dubiis
749 2591 1003 2662 primum
1052 2591 1303 2646 occurrit
1331 2590 1653 2646 Chronicon
1679 2591 1831 2661 quod
1864 2590 1972 2645 sub

328 2679 566 2734 nomine
601 2679 749 2734 Datii
779 2679 1229 2735 Mediolanensis
1258 2678 1514 2751 epis00pi
1544 2679 1603 2733 in
1623 2678 1978 2734 bibliotheca

327 2767 596 2838 ejusdem
621 2767 883 2824 Ecclesiae
911 2773 1386 2839 asservatur;quo
1431 2768 1488 2822 in
1529 2767 1812 2822 Chronico
1854 2767 1976 2824 haec

329 2855 403 2911 de
437 2860 638 2913 sancto
660 2857 1285 2930 Ambrosioleguntur:
1306 2879 1333 2908 ‹‹
1362 2858 1610 2912 Sanctus
1633 2857 1976 2912 Ambrosius

330 2943 664 3000 Graecorum
696 2944 1013 3000 Ecclesiam
1045 2945 1103 2999 in
1145 2943 1415 3017 plurimis
1446 2943 1654 2998 ofﬁciis
1682 2943 1977 2997 venerabi-

325 3030 463 3088 liter
488 3032 757 3089 imitatus
790 3039 897 3100 est,
930 3033 1029 3105 qui
1061 3036 1115 3089 et
1145 3032 1498 3089 sacriﬁcium
1529 3031 1979 3097 eorum,scilicet

330 3120 769 3191 fermentatum,
803 3140 938 3178 cum
979 3127 1182 3178 nostro
1215 3139 1415 3193 azymo
1474 3121 1532 3175 in
1582 3120 1975 3176 celeberrimis

2074 1872 2352 1940 tur,quod
2377 1871 2695 1927 Chronicon
2719 1875 2873 1928 istud
2901 1877 3009 1930 sub
3052 1879 3286 1934 nomine
3310 1882 3713 1939 Datiicitatum

2075 1959 2364 2026 videatur,
2385 1964 2510 2014 tum
2537 1962 2690 2032 apud
2733 1961 2975 2018 Paulum
3021 1965 3330 2022 diaconum
3358 1967 3417 2023 in
3454 1970 3717 2027 Historia:

2078 2047 2346 2102 Misccllae
2374 2049 2520 2104 libro
2543 2054 2790 2116 xvr,tum
2821 2053 2973 2123 apud
3007 2053 3308 2126 vulgatum
3340 2059 3716 2116 Anastasium

2079 2137 2150 2191 de
2182 2137 2370 2192 Gestis
2419 2139 2785 2209 pontificium
2832 2141 2890 2194 in
2937 2141 3174 2198 Silverio
3223 2161 3393 2216 papa,
3441 2149 3540 2203 ubi
3572 2153 3718 2205 tem-

2079 2241 2216 2296 pore
2237 2225 2416 2296 hujus
2439 2227 2731 2298 pontiﬁcis
2749 2229 2931 2285 fames
2963 2230 3172 2302 ingens
3211 2235 3467 2291 saeviisse
3500 2255 3720 2294 memo-

2080 2319 2242 2369 ratur
2273 2338 2300 2363 «
2334 2332 2401 2370 ex
2430 2315 2707 2372 relatione
2727 2318 2875 2372 Datii
2899 2318 3152 2392 episcopi
3187 2323 3657 2382 Mediolanensis.
3692 2352 3720 2378 »

2081 2403 2214 2466 Quze
2246 2420 2337 2458 res
2361 2407 2405 2458 si
2431 2405 2485 2459 in
2511 2406 2782 2477 praedicto
2806 2407 3089 2463 Chronico
3141 2409 3387 2482 legatur,
3421 2414 3720 2471 fatendum

2082 2495 2170 2547 est
2199 2497 2299 2547 aut
2328 2494 2561 2549 Datium
2596 2497 2722 2565 ejus
2765 2513 2892 2552 esse
2950 2502 3266 2567 auctorem,
3302 2507 3401 2556 aut
3437 2508 3588 2559 certe
3619 2504 3726 2559 ali-

2085 2598 2258 2652 quem
2292 2582 2472 2638 alium
2505 2584 2680 2640 Paulo
2730 2584 2998 2654 Diacono,
3032 2589 3089 2641 id
3140 2594 3245 2654 est,
3279 2596 3478 2648 octavo
3514 2593 3726 2651 saeculo

2084 2671 2469 2741 superiorem,
2501 2674 2745 2743 ejusque
2776 2676 3214 2745 persuasionem
3262 2678 3442 2734 fuisse
3490 2698 3725 2753 azymo-

2086 2776 2214 2813 rum
2249 2777 2422 2815 usum
2455 2779 2572 2815 awo
2604 2763 2891 2818 Ambrosii
2924 2765 3183 2835 viguisse
3211 2769 3362 2839 apud
3390 2769 3640 2826 Latinos.

2156 2849 2402 2903 Demum
2435 2850 2661 2904 etiamsi
2693 2851 3016 2906 Chronicon
3063 2853 3218 2909 istud
3271 2856 3373 2910 aevi
3421 2858 3498 2913 sit
3527 2876 3725 2915 recen-

2085 2936 2271 3003 tioris,
2305 2955 2416 2992 non
2446 2942 2642 2993 tamen
2679 2940 2953 2995 continuo
3006 2946 3403 3015 respuendum
3437 2953 3525 3004 est
3557 2950 3726 3020 quid-

2085 3027 2225 3096 quid
2249 3025 2306 3080 in
2341 3027 2440 3082 illo
2473 3029 2827 3097 continetur,
2859 3041 2984 3085 tum
3021 3033 3157 3103 quia
3198 3040 3421 3103 auctor,
3456 3038 3728 3109 quisquis

2084 3115 2321 3170 tandem
2354 3117 2448 3171 ille
2482 3118 2575 3184 sit,
2611 3118 2667 3172 id
2710 3135 2777 3173 ex
2809 3119 3096 3175 veteribus
3147 3126 3545 3181 monumentis
3579 3128 3728 3183 acci-

331 3209 770 3279 festivitatibus,
806 3211 1056 3267 maxime
1085 3211 1143 3265 in
1169 3208 1589 3266 resurrectione
1619 3209 1851 3264 Domini
1882 3209 1977 3264 be-
2005 3195 2047 3262 C
2086 3221 2220 3276 pere
2248 3205 2590 3276 potuit,tum
2621 3207 2756 3279 quia
2789 3209 2897 3264 hoc
2929 3209 3121 3281 ipsum
3157 3214 3311 3283 quod
3343 3214 3413 3269 de
3445 3232 3645 3288 azymo
3669 3217 3727 3272 in

328 3297 656 3355 nedicebat.
693 3321 721 3350 »
755 3301 815 3356 Si
839 3301 910 3355 de
939 3301 1119 3370 hujus
1167 3297 1435 3354 Chronici
1477 3298 1817 3353 auctoritate
1848 3314 1978 3352 con-

327 3388 906 3452 staret,luculentum
929 3389 1280 3444 haberemus
1314 3385 1717 3443 testimonium
1751 3387 1821 3441 ad
1848 3402 1976 3454 pro-

327 3476 593 3533 bandum
640 3478 909 3534 Latinam
941 3477 1257 3533 Ecclesiam
1305 3480 1568 3548 tempore
1601 3475 1883 3530 Ambrosii
1918 3475 1976 3530 in

329 3581 535 3636 azymo
567 3583 959 3624 consecrasse.
991 3569 1062 3622 At
1085 3567 1191 3622 viri
1241 3565 1393 3622 docti
1444 3564 1709 3620 nonnulli
1736 3565 1976 3622 Chroni-

330 3672 442 3712 con
485 3655 644 3712 istud
694 3657 986 3712 recentius
1041 3673 1168 3712 esse
1225 3659 1451 3728 putant.
1486 3654 1648 3710 Datio
1706 3654 1976 3726 episcopo

331 3743 457 3817 qui,
488 3743 699 3816 Vigilio
759 3763 910 3818 papa
959 3745 1216 3814 sedente,
1249 3744 1355 3799 hoc
1404 3747 1492 3800 est
1532 3748 1664 3798 ante
1715 3744 1975 3798 medium

330 3832 613 3890 saeculum
645 3839 896 3902 sextum,
930 3833 1420 3890 Mediolanensem
1452 3832 1770 3888 Ecclesiam
1816 3848 1976 3904 rege-

328 3922 711 3980 bat.Causam
741 3940 847 3980 cur
871 3925 1027 3980 istud
1061 3923 1384 3979 Chronicon
1416 3923 1579 3977 Datio
1613 3921 1976 3992 adjudicare-

328 4015 429 4068 tur
454 4011 658 4068 sedulo
689 4010 988 4084 inquisivi,
1012 4017 1138 4066 tum
1164 4011 1398 4082 scriptis
1447 4011 1518 4065 ad
1567 4011 1788 4066 amicos
1817 4009 1976 4064 litte-

331 4100 435 4169 ris,
497 4104 622 4156 tum
680 4101 858 4174 petito
917 4103 1045 4173 ejus
1101 4099 1362 4171 exemplo
1439 4115 1507 4154 ex
1558 4098 1976 4182 Me'diolaneusi

331 4188 712 4256 Bibliotheca,
769 4194 834 4246 ut
888 4190 1133 4247 lectione
1203 4187 1469 4244 Chronici
1537 4187 1619 4243 rei
1677 4187 1975 4242 veritatem

331 4279 618 4351 expiscari
649 4296 904 4352 possem.
935 4280 1151 4335 Verum
1182 4276 1326 4332 nihil
1361 4275 1516 4331 aliud
1549 4291 1618 4331 ea
1637 4276 1708 4330 de
1740 4291 1799 4330 re
1834 4276 1977 4330 mihi

329 4367 543 4424 rescire
573 4366 740 4424 licuit
768 4373 976 4441 praeter
1003 4385 1070 4424 ea
1118 4384 1244 4439 quae
1277 4383 1408 4422 mox
1451 4366 1760 4430 adducam,
1789 4380 1977 4436 neque

331 4456 618 4513 hactenus
665 4457 998 4530 exemplum
1061 4455 1380 4529 expetitum
1435 4453 1713 4525 accipere.
1749 4454 1871 4517 Quo
1913 4455 1979 4509 fit

331 4549 398 4601 ut
420 4545 492 4602 de
534 4545 715 4616 hujus
755 4545 1022 4602 Chronici
1070 4544 1414 4602 auctoritate
1471 4541 1616 4597 mihi
1665 4547 1818 4599 certo
1847 4559 1977 4615 pro-
2009 4561 2056 4625 D

329 4633 602 4691 nuntiare
634 4652 750 4692 non
780 4635 970 4692 liceat.

399 4722 554 4779 Illud
604 4723 664 4780 in
715 4724 924 4796 primis
972 4727 1311 4796 suspectum
1367 4721 1556 4778 reddit
1623 4718 1770 4793 opus
1820 4721 1974 4776 istud

326 4829 446 4885 quo
476 4812 654 4870 refert
673 4814 960 4870 Antonius
999 4812 1348 4869 Possevinus
1411 4812 1480 4866 de
1527 4810 1635 4866 hoc
1665 4809 1974 4877 Chronico,

325 4923 358 4950 ‹‹
392 4901 450 4956 in
474 4918 591 4973 quo
626 4902 848 4959 scilicet
887 4904 967 4959 ait
1002 4903 1284 4974 scriptum
1327 4905 1553 4956 exstare
1593 4899 1886 4955 canticum
1917 4901 1980 4954 Te

321 4991 502 5046 Deum
526 4991 818 5047 laudamus
861 5010 894 5049 a
923 4992 1141 5049 sanctis
1189 4988 1494 5044 Ambrosio
1544 4993 1600 5043 et
1647 4987 1976 5061 Augustino

323 5079 534 5138 statim
567 5097 600 5136 a
621 5080 915 5154 baptismo
946 5083 1209 5154 ejusdem
1235 5077 1891 5152 Augustinialternatim
1924 5081 1981 5133 et

322 5184 398 5224 ex
425 5171 690 5242 tempore
733 5174 1036 5227 cantatum
1081 5169 1282 5236 fuisse,
1329 5171 1504 5241 atque
1551 5166 1686 5221 inde
1725 5167 1796 5221 ab
1847 5167 1976 5221 uni-

319 5270 497 5314 versa
523 5257 779 5315 Ecclesia
813 5259 1167 5332 frequentari
1201 5256 1463 5330 cmpisse.
1497 5275 1526 5306 »
1559 5255 1692 5319 Quae
1720 5271 1812 5309 res
1835 5271 1978 5310 non-

322 5345 510 5402 nullis
528 5352 818 5420 suspecta,
852 5365 924 5404 ne
955 5350 1144 5405 dicam
1187 5345 1355 5414 falsa,
1386 5345 1569 5401 videri
1601 5344 1789 5416 possit
1819 5347 1876 5399 et
1904 5345 1974 5400 ab

321 5435 638 5497 recentiori
668 5439 923 5510 quodam
966 5443 1203 5496 auctore
1245 5436 1500 5491 inventa.
1536 5437 1884 5507 Quanquam
1917 5434 1976 5489 in

324 5541 442 5581 ms.
473 5524 624 5582 libro
662 5528 1052 5598 Psalmorum,
1085 5544 1262 5601 quem
1317 5524 1559 5581 Carolus
1606 5525 1855 5597 Magnus
1904 5525 1974 5580 ad

318 5615 649 5678 Adrianum
672 5635 884 5692 papam
913 5621 1093 5692 misit,
1126 5619 1296 5691 cujus
1329 5615 1759 5688 autographum
1787 5617 1978 5676 exstat

2088 3310 2152 3348 eo
2194 3294 2407 3365 legitur
2452 3313 2519 3350 ex
2569 3298 2751 3352 missa
2796 3299 3182 3355 Ambrosiana
3239 3303 3469 3373 pondus
3519 3305 3731 3362 habere

2041 3412 2058 3416 ~-
2085 3382 2403 3438 videtur.ln
2427 3384 2534 3438 hac
2566 3386 2721 3442 enim
2758 3386 2854 3442 ubi
2891 3389 2962 3443 de
2991 3389 3282 3445 oblatione
3315 3393 3482 3463 panis
3516 3394 3727 3466 agitur,

2087 3472 2334 3527 orationi
2361 3475 2732 3544 praemittitur
2761 3475 2871 3532 hoc
2915 3476 3122 3533 titulus
3173 3481 3326 3551 apud
3367 3483 3729 3540 Paruelium:

2088 3584 2115 3611 «
2145 3562 2368 3617 Oblatio
2402 3564 2570 3633 panis
2603 3565 2787 3636 azymi
2837 3584 2968 3621 cum
3018 3572 3246 3638 patena.
3281 3593 3306 3620 »
3336 3575 3505 3627 Porro
3538 3574 3731 3629 missae

2087 3649 2287 3722 hujus,
2321 3669 2447 3724 qua:
2466 3653 2851 3709 Ambrosiana
2880 3656 3114 3722 dicitur,
3142 3663 3434 3714 auctorem
3471 3663 3735 3732 agnoscit

2087 3744 2355 3796 sanctum
2392 3740 3149 3798 Ambrosium.Walat'ridus
3177 3745 3420 3800 Strabus
3443 3745 3500 3800 in
3524 3745 3623 3801 lib.
3651 3748 3730 3803 De

2087 3829 2262 3883 rebus
2292 3825 2721 3895 ecclesiasticis,
2755 3845 2881 3899 cap.
2915 3833 3012 3884 22:
3050 3852 3077 3879 ‹‹
3117 3832 3486 3902 Ambrosius,
3512 3835 3727 3907 inquit,

2086 3915 2536 3972 Mediolanensis
2565 3916 2894 3986 episcopus,
2925 3921 3043 3973 tam
3067 3919 3260 3976 missae
3295 3939 3468 3994 quam
3506 3928 3734 3982 caetero-

2087 4022 2214 4060 rum
2235 4003 2680 4075 dispositionem
2705 4005 3030 4062 officiorum
3073 4025 3190 4064 sua:
3233 4011 3497 4069 Ecclesiae
3520 4019 3578 4069 et
3598 4014 3732 4071 aliis

2087 4093 2402 4165 Liguribus
2425 4092 2733 4161 ordinavit,
2756 4111 2880 4166 quae
2905 4101 2962 4151 et
2999 4114 3189 4170 usque
3225 4099 3396 4156 hodie
3426 4101 3485 4157 in
3520 4104 3734 4160 Medio-

2086 4181 2312 4238 lanensi
2359 4185 2632 4236 tenentur
2688 4183 2959 4240 Ecclesia.
3022 4210 3050 4236 «
3113 4188 3310 4261 Neque
3378 4208 3513 4247 vero
3563 4193 3733 4249 facile

2087 4272 2400 4328 dicendum
2432 4275 2520 4326 est
2565 4271 2802 4329 titulum
2843 4277 3185 4346 praedictum
3236 4296 3269 4332 a
3312 4281 3732 4338 recentioribus

2086 4361 2372 4417 insertum
2405 4361 2606 4429 fuisse,
2639 4362 2753 4418 nisi
2775 4363 2831 4418 id
2865 4366 3144 4435 probetur
3166 4367 3391 4424 idoneis
3423 4385 3732 4441 argumen-

2085 4450 2183 4506 tis.

2161 4539 2315 4594 Inter
2344 4539 2718 4611 supposititia
2748 4557 2850 4611 pro
2895 4558 3095 4613 azymo
3123 4543 3456 4600 testimonia
3486 4563 3730 4603 censen-

2090 4629 2232 4684 dum
2263 4632 2352 4684 est
2374 4630 2764 4701 fragmentum
2800 4629 3055 4701 epistolae
3079 4633 3188 4686 sub
3213 4633 3447 4690 nomine
3471 4635 3733 4709 Gregorii

2087 4719 2487 4790 papae,partim
2522 4721 2774 4772 asancto
2812 4718 3036 4774 Thema
3074 4722 3361 4793 Aquinate
3389 4724 3636 4782 relatum
3671 4726 3754 4782 in‘

2087 4808 2341 4862 Summae
2367 4824 2427 4860 ιιι
2459 4810 2643 4876 parte,
2665 4807 2853 4862 iusius
2875 4824 3006 4862 vero
3038 4810 3095 4865 in
3121 4812 3385 4882 ejusdem
3409 4823 3612 4872 catena
3632 4833 3729 4872 su-

2086 4914 2188 4968 per
2209 4895 2548 4951 Matthzeum
2572 4895 2662 4949 his
2687 4895 2876 4950 verbis
2903 4915 2914 4952 :
2942 4921 2968 4948 ‹‹
2999 4899 3313 4974 Gregorius
3344 4905 3403 4960 in
3441 4906 3725 4979 chistro.

2087 4986 2240 5041 Solet
2273 4989 2467 5039 autem
2515 4983 2831 5040 nonnullos
2883 5003 3114 5045 movere
3165 4996 3318 5064 quod
3365 4995 3424 5050 in
3474 4995 3731 5051 Ecclesia

2087 5073 2354 5131 nonnulli
2403 5074 2655 5128 offerunt
2698 5091 2880 5145 panes
2914 5094 3168 5152 azymos,
3199 5082 3296 5138 alii
3330 5084 3725 5139 fermentatos.

2089 5164 2342 5221 Ecclesia
2385 5179 2640 5234 namque
2693 5164 2956 5221 Romana
3019 5171 3183 5225 offert
3241 5189 3472 5244 azymos
3524 5190 3725 5244 panes,

2087 5258 2388 5326 propterea
2437 5253 2589 5324 quod
2640 5253 2924 5310 Dominus
2962 5258 3088 5313 sine
3157 5260 3276 5314 ulla
3321 5261 3729 5320 commistione

2088 5343 2345 5414 suscepit
2387 5360 2640 5399 carnem.
2680 5342 2816 5399 Aliae
2857 5363 2989 5401 vero
3030 5348 3294 5404 Ecclesia
3337 5351 3586 5408 offerunt
3615 5353 3726 5408 fer-

2086 5435 2372 5501 mentum,
2403 5449 2505 5504 pro
2538 5448 2602 5486 eo
2635 5433 2787 5503 quod
2819 5433 3076 5491 Verbum
3122 5437 3309 5495 Patris
3334 5439 3607 5497 indutum
3638 5445 3729 5498 est

2087 5537 2343 5588 carnem,
2375 5525 2430 5576 et
2461 5526 2548 5578 est
2569 5539 2739 5578 verus
2769 5523 2922 5579 Deus
2949 5528 3004 5581 et
3049 5518 3221 5585 verus
3268 5529 3464 5586 homo.
3497 5531 3643 5587 Nam
3670 5535 3728 5586 et

2087 5613 2437 5671 fermentum
2487 5612 2900 5673 commiscetur
2950 5615 3170 5675 farinae.
3215 5620 3326 5680 Sed
3377 5623 3720 5680 tamentam
