4138 6186
421 315 575 379 ηδτ

1453 309 1851 374 APPENDIX
1893 308 1996 372 an
2039 305 2302 374 OPEBA
2327 272 2786 376 humanam.

3621 311 3766 379 μιν

420 467 690 526 azymum
721 465 900 526 quam
931 449 1344 506 fermentatum
1377 446 1522 503 dum
1540 445 1855 514 sumimus,
1876 459 2062 499 unum
2089 441 2149 514 Α
2175 443 2269 518 plo
2290 445 2528 503 Sancta
2553 445 2780 519 Sophiaa
2811 461 2976 519 sacra
3004 461 3075 504 ex
3111 444 3747 520 praseripto’Latinorum

419 559 632 616 corpus
652 540 881 599 Domini
902 539 1215 595 Salvatoris
1251 537 1432 594 nostri
1471 535 1777 592 efﬁcimur.
1805 556 1834 584 »
1864 534 2063 604 Neque

421 632 576 688 enim
598 632 718 687 haec
757 630 931 686 verba
969 627 1342 700 reperiuntur
1377 625 1436 682 in
1479 625 1744 697 Registro
1787 623 1905 679 sive
1930 623 2066 679 Gre-

419 721 563 794 gorii
623 736 786 793 papae
844 718 1040 794 primi,
1091 717 1208 772 sive
1254 714 1512 787 Gregorii
1573 713 1824 785 septimi.
1863 713 2065 768 Exstat

423 809 660 881 quidem
693 809 846 880 apud
872 806 1213 880 Gregorium
1237 805 1917 878 primum,cognomento
1941 802 2059 856 Ma-

417 915 621 970 gnum,
641 887 890 970 epistola
916 897 1205 968 quaedam,
1241 893 1519 949 nimirum
1549 893 1642 958 64,
1665 892 1766 946 lib.
1789 908 1888 957 v11,
1909 890 2060 945 indi-

416 986 625 1042 ctionis
649 987 936 1051 secundae,
961 1001 1077 1056 qua
1116 985 1172 1039 in
1195 983 1442 1056 epistola
1477 980 1886 1037 sanctissimus
1917 996 2058 1051 pon-

417 1075 553 1130 tifex
575 1074 695 1147 agit
717 1075 787 1130 de
809 1074 982 1130 variis
1005 1073 1216 1128 ritibus
1255 1071 1518 1128 Ecclesia:
1536 1087 1690 1132 ,cum
1715 1069 1905 1124 Grecae
1933 1073 2057 1123 tum

417 1164 713 1231 Romanae;
766 1169 824 1218 at
869 1181 939 1219 ne
980 1163 1221 1218 verbum
1253 1161 1490 1233 quidem
1523 1160 1593 1213 de
1645 1174 1866 1230 azymo.
1903 1159 2060 1222 Qua-

416 1256 650 1325 propter
689 1269 758 1308 ex
802 1252 1076 1324 praedicto
1125 1253 1453 1323 fragmento
1502 1247 1646 1303 nihil
1696 1245 1835 1302 certi
1880 1245 2057 1304 confi-

415 1358 542 1398 cere
574 1359 908 1413 possumus.
1155 1401 1161 1407 κ

483 1429 654 1486 Aliud
673 1431 938 1500 ejusdem
961 1428 1191 1500 generis
1213 1429 1627 1499 argumentum
1653 1422 1821 1480 nobis
1843 1439 2056 1494 suppe-

415 1519 561 1574 ditat
573 1516 817 1588 epistola
828 1517 1090 1587 quaedam
1107 1516 1314 1571 Isidori
1333 1513 1694 1587 Hispalensis
1710 1513 1965 1585 episcopi
1983 1512 2058 1567 ad

413 1608 760 1664 Redemtum
809 1605 1310 1670 archidiaconum,
1337 1605 1396 1659 in
1427 1621 1544 1675 qua
1591 1602 1711 1658 haec
1761 1601 1936 1658 verba
1975 1600 2056 1656 le-

414 1699 670 1770 guntur:
705 1718 732 1745 «
764 1694 1075 1750 lnnotuisti
1134 1693 1304 1750 nobis
1353 1693 1413 1747 in
1464 1691 1660 1747 animo
1701 1690 1805 1746 tibi
1838 1689 2058 1745 versari

415 1784 781 1858 scrupulum,
805 1784 958 1857 quod
989 1783 1300 1838 Orientalis
1333 1781 1549 1838 Christi
1581 1779 1839 1836 Ecclesia
1858 1795 1926 1834 ex
1948 1777 2057 1832 fer-

415 1879 673 1932 mentato
700 1890 868 1947 pane,
903 1870 1288 1928 Occidentalis
1319 1887 1386 1926 ex
1422 1885 1623 1943 azymo
1674 1865 2057 1924 sacratissimi

414 1964 673 2038 corporis
702 1966 1137 2020 sacramentum
1177 1961 1460 2018 conﬁcere
1489 1959 1811 2023 consuevit,
1839 1960 1896 2012 et
1920 1953 2058 2027 quia

413 2055 525 2128 ipsi
549 2052 870 2111 Orientales
902 2051 1135 2107 Latinos
1157 2067 1335 2122 super
1371 2049 1480 2104 hoc
1500 2047 1919 2119 reprehendere
1939 2060 2056 2099 non

411 2149 703 2201 verentur.
742 2163 769 2192 »
802 2143 954 2196 Tum
984 2145 1185 2196 auctor
1216 2141 1488 2195 Romanae
1535 2136 1802 2193 Ecclesiae
1833 2149 2055 2190 morem

415 2234 739 2307 approbare
769 2234 826 2286 et
863 2230 1193 2286 Graecorum
1236 2227 1481 2298 objectis
1525 2226 1860 2282 satisfacere
1889 2239 2057 2278 cona-

412 2328 528 2379 tur.
561 2320 734 2393 Atqui
757 2319 879 2374 haec
901 2316 1148 2388 epistola
1179 2316 1387 2371 merito
1408 2319 1680 2386 suspecta
1701 2313 1951 2379 videtur,
1983 2325 2056 2365 ne

413 2411 604 2466 dicam
632 2407 853 2479 spuria.
889 2404 1006 2459 Etsi
1041 2404 1198 2459 enim
1246 2403 1508 2458 Isidorus
1539 2399 1902 2473 Hispalensis
1933 2399 2054 2470 epi-

413 2513 626 2574 scopus
659 2494 1006 2550 Redemtum
1039 2491 1517 2546 archidiaconum
1548 2488 1840 2554 habuerit,
1858 2491 2054 2543 tamen

413 2587 472 2642 in
505 2603 572 2658 ea
601 2581 868 2657 epistola,
902 2581 1056 2637 sicut
1103 2580 1280 2636 etiam
1334 2580 1392 2635 in
1449 2577 1816 2652 praecedenti,
1868 2575 2056 2632 multa

411 2679 552 2733 sunt
574 2691 701 2748 quae
724 2671 1078 2745 persuadent
1097 2673 1494 2726 commentum
1515 2685 1644 2724 esse
1666 2667 2053 2724 recentiorum

410 2769 763 2836 temporum.
813 2759 988 2816 Nulla
1052 2759 1209 2816 enim
1269 2759 1355 2830 (ut
1402 2762 1607 2814 caetera
1661 2755 2052 2826 dissimulem)

410 2851 732 2911 Orientales
761 2849 914 2905 inter
954 2853 1010 2904 et
1051 2847 1455 2904 Occidentales
1506 2844 1897 2902 controversia
1945 2844 2054 2898 fuit

409 2943 479 2998 de
501 2957 700 3013 azymo
731 2943 864 2994 ante
888 2937 1164 2994 saeculum
1192 2955 1269 3004 x1,
1298 2941 1363 2992 ut
1394 2940 1622 2992 constat
1641 2931 2051 2990 testimonioin

406 3029 614 3104 primis
647 3025 852 3083 Leonis
885 3043 1045 3099 papae
1079 3025 1236 3091 noni,
1282 3026 1379 3097 qui
1434 3023 1775 3080 Michaelem
1824 3019 2052 3079 Cerula-

409 3120 561 3176 rium
596 3134 809 3174 novum
836 3116 1175 3172 Latinorum
1216 3116 1287 3170 ob
1320 3132 1523 3188 azyma
1569 3114 2050 3170 calumniatorem

2173 535 2515 603 celebrasse,
2543 535 2755 593 Graecis
2773 535 3049 592 omnibus
3070 535 3307 591 modum
3329 533 3578 592 sacriﬁcii
3593 535 3749 592 Latini

2171 624 2667 682 collaudantibus.
2711 633 2787 683 Ἑν
2822 637 2891 698 τῷ
2929 635 3046 697 νάῳ,
3085 624 3294 697 inquit,
3323 635 3406 693 τῆς
3438 633 3578 696 ’Δγίας
3612 633 3752 698 topia;

2168 725 2237 786 τῷ
2299 724 2404 787 Θόῷ
2468 723 2788 789 χαρίζμένους
2851 723 3082 788 ἑορτάσαι
3143 725 3412 780 Δατινικῶς,
3473 721 3754 771 immitto-rev

2171 813 2301 862 ὅλων
2353 815 2451 876 τῷν
2503 813 2755 872 Ἑλλήνων
2813 812 2995 877 τρόπον
3051 813 3138 861 τὸν
3195 811 3356 866 θυσίας
3410 814 3652 871 Δατινιιῆς.
3701 805 3752 860 Id

2171 896 2366 950 forsan
2397 892 2596 950 hausit
2615 892 2873 950 Hilarion
2905 909 2973 948 ex
2998 891 3234 964 vulgato
3265 891 3556 948 Anastasio
3585 893 3670 963 qui
3685 892 3754 948 ita

2170 983 2228 1038 in
2255 983 2559 1055 Agathone
2591 999 2742 1054 papa
2771 981 3066 1054 loquitur:
3104 1004 3130 1031 ‹‹
3163 981 3346 1037 Tanta
3391 986 3571 1036 autem
3599 981 3754 1053 gratia

2168 1071 2364 1128 divina
2379 1070 2805 1144 Omnipotentis
2827 1085 3104 1126 concessa
3123 1073 3212 1126 est
3251 1069 3445 1125 missis
3481 1069 3622 1125 sedis
3640 1083 3754 1141 apo-

2168 1159 2382 1218 stolica;
2414 1165 2480 1216 ut
2508 1161 2580 1216 ad
2600 1159 2857 1216 lmtitiam
2881 1159 3080 1232 populi
3107 1157 3193 1215 vel
3215 1157 3396 1214 sancti
3417 1156 3646 1227 concilii,
3673 1158 3754 1230 qui

2167 1250 2228 1305 in
2260 1250 2420 1322 regia
2448 1250 2590 1305 urbe
2619 1252 2809 1315 erant,
2828 1249 3087 1304 Joannes
3135 1247 3437 1320 episcopus
3465 1246 3766 1303 Portuensis'

2170 1339 2468 1395 Dominico
2492 1339 2585 1394 die
2605 1341 2941 1394 octavarum
2977 1336 3210 1393 Pascha:
3251 1336 3312 1391 in
3342 1335 3575 1392 ecclesia
3598 1336 3758 1392 Beata

2168 1428 2397 1501 Sophim
2430 1429 2643 1484 missas
2691 1425 2955 1499 publicas
3004 1426 3204 1482 Latine
3251 1425 3556 1481 celebraret
3593 1440 3755 1480 coram

2168 1517 2428 1588 principe
2475 1520 2532 1572 et
2578 1515 2930 1588 patriarcha,
2965 1519 3030 1570 ut
3080 1530 3284 1571 omnes
3339 1512 3669 1569 unanimiter
3709 1513 3757 1569 in

2166 1607 2370 1662 laudes
2392 1611 2448 1661 et
2464 1605 2738 1662 victorias
2760 1603 3161 1676 piissimorum
3191 1603 3596 1675 imperatorum
3615 1617 3672 1657 eo
3685 1601 3760 1658 die

2174 1693 2392 1751 Latinis
2419 1693 2661 1750 vocibus
2683 1691 3093 1749 acclamarent.
3112 1715 3138 1742 »
3158 1693 3241 1748 Ex
3262 1691 3474 1764 quibus
3503 1689 3672 1746 verbis
3689 1690 3758 1745 in~

2089 1817 2136 1882 B
2164 1781 2485 1882 telligimus
2517 1783 2759 1838 missam
2792 1780 3103 1881 ablegatis
3135 1781 3350 1882 Latino.
3364 1795 3520 1836 more
3546 1777 3758 1834 celebra-

2169 1877 2287 1928 tam
2319 1871 2542 1938 fuisse;
2577 1888 2650 1927 an
2697 1887 2830 1926 vero
2874 1870 2934 1926 in
2988 1870 3208 1943 azymis
3252 1869 3388 1925 inde
3417 1885 3530 1924 non
3553 1869 3756 1924 constat.

2166 1966 2298 2018 Haec
2328 1961 2398 2017 de
2425 1960 2620 2016 dubiis
2651 1963 2709 2016 et
2739 1959 2903 2016 falsis
2933 1958 3322 2032 argumentis.

2796 2101 3025 2158 CAPUT
3062 2100 3183 2156 VII.

2163 2212 2552 2283 Proponuntur
2592 2211 2920 2282 conjecturae
2963 2211 3013 2264 et
3061 2211 3392 2283 argumenta
3434 2207 3762 2283 quaedampw

2404 2283 2628 2353 antiquo
2659 2279 2763 2336 usu
2794 2296 3114 2353 azymorum
3142 2279 3295 2351 apud
3325 2279 3557 2335 Latinos.

2234 2412 2384 2463 Ante
2408 2404 2605 2462 omnia
2625 2403 3115 2461 considerandum
3137 2408 3226 2460 est
3247 2403 3545 2460 silentium
3564 2403 3763 2458 Patrum

2165 2496 2503 2552 Latinorum
2535 2493 2724 2548 Photii
2767 2496 2933 2548 aetate
2976 2493 3375 2564 superiorum,
3405 2492 3502 2564 qui
3530 2487 3764 2547 Euchari-

2163 2585 2337 2642 stiam
2387 2583 2624 2640 ineunte
2669 2597 2912 2654 vespera
2960 2598 3304 2654 azymorum
3359 2599 3424 2638 ac
3470 2580 3686 2654 proinde
3717 2573 3772 2632 in'

2163 2675 2404 2748 azymis,
2427 2671 2759 2728 institutam
2800 2671 3028 2726 docent.
3063 2670 3169 2737 Qui
3217 2687 3359 2727 cum
3409 2671 3548 2726 facto
3586 2665 3763 2724 Christi

2163 2761 2395 2820 Domini
2421 2761 2822 2816 inhaerendum
2843 2776 2971 2816 esse
2995 2758 3054 2814 in
3093 2759 3271 2816 istius
3294 2757 3628 2816 sacramenti
3654 2771 3763 2812 con-

2161 2853 2410 2910 fectione
2440 2849 2656 2915 dicant,
2691 2852 2867 2921 atque
2899 2847 2959 2904 in
3007 2849 3313 2907 nonnullis
3359 2849 3577 2914 ritibus,
3607 2844 3763 2903 sicubi

2162 2940 2394 2999 obvenit
2425 2938 2691 3005 mutatio,
2724 2937 2978 2993 rationes
3027 2938 3191 2994 facta
3229 2936 3569 2995 mutationis
3603 2933 3763 3006 inqui-

2163 3034 2313 3099 rant,
2348 3028 2571 3086 nullam
2603 3031 2799 3083 tamen
2829 3027 2901 3083 de
2931 3030 3157 3084 mutato
3187 3044 3396 3101 azymo
3426 3024 3762 3100 quaestionem

2163 3123 2414 3178 movent.
2457 3118 2551 3174 Sic
2581 3134 2651 3173 ex
2677 3115 2948 3173 Patribus
2995 3117 3434 3189 antiquioribus
3478 3113 3766 3187 complures

411 3213 543 3283 post
573 3207 731 3264 mille
762 3211 818 3262 et
835 3205 1037 3279 viginti
1070 3222 1104 3260 a
1123 3204 1336 3261 Christi
1367 3186 1638 3276 passione
1669 3220 1853 3259 annos
1882 3203 2054 3259 exsti-
2083 3186 2126 3253 C
2164 3207 2410 3266 sollicite
2447 3221 2689 3262 causam
2711 3205 2993 3277 indagant
3015 3221 3120 3260 cur
3139 3186 3172 3260 ξι
3186 3206 3416 3277 jejunis
3444 3186 3766 3261 Eucharistia

410 3299 551 3356 tisse
582 3298 855 3353 afﬁrmat.

482 3387 636 3441 Inter
665 3385 846 3440 dubia
868 3383 1006 3438 item
1031 3385 1378 3454 argumenta
1400 3397 1502 3452 pro
1525 3397 1732 3452 azymu
1761 3378 2049 3435 recenseri

407 3475 582 3532 debet
611 3473 667 3528 id
691 3471 844 3544 quod
868 3470 1224 3526 Humbertus
1247 3468 1557 3524 cardinalis
1596 3468 1655 3523 in
1675 3467 2051 3541 responsione

409 3564 478 3621 ad
497 3563 758 3619 Nicetam
804 3560 1169 3615 Pectoratum
1214 3558 1391 3612 refert
1427 3573 1495 3612 ex
1519 3557 1873 3629 quibusdam
1905 3557 2050 3614 actis

410 3657 583 3711 sextae
617 3649 846 3726 synodi,
870 3648 928 3704 in
951 3647 1170 3721 quibus
1201 3644 1741 3718 legebaturlegatos
1773 3645 2048 3718 apostoli-

409 3759 506 3800 cos
535 3745 768 3814 peraeta
815 3739 1036 3813 synodo
1077 3755 1110 3794 a
1160 3734 1540 3793 Constantino
1581 3735 1928 3808 imperatore
1959 3735 2048 3791 in-

407 3834 751 3903 terrogatos,
792 3826 1046 3901 qualiter
1097 3826 1360 3881 Romana
1400 3823 1659 3880 Ecclesia
1708 3823 1778 3880 de
1826 3825 2048 3880 sacriﬁ-

407 3920 496 3975 cio
527 3918 785 3990 corporis
807 3922 862 3973 et
886 3915 1192 3989 sanguinis
1217 3914 1445 3970 Domini
1470 3913 1653 3969 nostri
1669 3917 1805 3969 Jesu
1832 3913 2048 3971 Christi

407 4007 671 4064 ordinem
691 4010 934 4072 teneret,
957 4006 1108 4060 inter
1145 4003 1260 4059 alia
1301 4003 1700 4075 respondisse:
1729 4025 1757 4053 «
1789 4002 2051 4060 oblatio-

407 4111 541 4152 nem
588 4110 713 4166 quze
765 4093 824 4148 in
873 4092 1228 4148 sacriﬁcium
1269 4090 1472 4148 altaris
1516 4092 1776 4157 offertur,
1826 4091 2049 4150 nullam

407 4181 876 4241 commistionem
908 4186 1009 4237 aut
1055 4181 1485 4253 corruptionem
1524 4181 1793 4236 fermenti
1835 4181 2050 4238 habere

413 4273 642 4339 debere,
678 4271 779 4328 sed
813 4270 1019 4326 debere
1066 4285 1194 4326 esse
1252 4269 1556 4336 mundam,
1581 4271 1751 4340 juxta
1797 4271 1950 4342 quod
1989 4271 2051 4328 in

406 4361 595 4416 Gestis
626 4358 1331 4432 pontiﬁcalibuslegimus
1365 4373 1494 4414 esse
1514 4361 1822 4414 statutum.
1851 4383 1872 4412 ι
1900 4365 2048 4417 Tum

409 4448 611 4506 suddit
630 4449 1018 4504 Humbertus:
1042 4469 1069 4497 «
1089 4451 1248 4502 Tunc
1269 4445 1489 4519 placuit
1511 4447 1778 4518 piissimo
1802 4449 2050 4522 principi

2162 3293 2534 3370 percipiatur,
2552 3309 2686 3348 cum
2709 3291 2780 3347 ab
2825 3291 3066 3348 cosnatis
3088 3293 3376 3364 apostolis
3397 3296 3648 3366 percepta
3671 3289 3761 3354 sit;

2160 3384 2360 3441 nullus
2385 3399 2516 3440 vero
2561 3381 2808 3454 inquirit
2853 3397 2960 3438 our
2987 3381 3242 3438 Ecclesia
3297 3383 3554 3456 neglecto
3599 3393 3765 3452 azyma

2160 3473 2479 3548 praetulerit
2509 3472 2945 3528 fermentatum.
2978 3471 3140 3536 Quod
3190 3489 3338 3529 sane
3363 3473 3413 3529 si
3445 3469 3764 3543 contigisset,

2159 3579 2275 3618 non
2306 3559 2583 3618 omissuri
2630 3559 2812 3616 fuisse
2859 3559 3132 3615 videntur
3178 3576 3425 3629 omnes;
3455 3575 3581 3617 cum
3610 3555 3763 3629 magis

2158 3651 2231 3708 ad
2262 3667 2385 3707 rem
2416 3647 2766 3706 sacramenti
2795 3648 3034 3704 accedat
3066 3648 3426 3706 fermentum
3459 3663 3624 3722 quam
3644 3646 3766 3718 jeju«

2157 3741 2323 3798 nium
2356 3742 2457 3796 aut
2483 3737 2728 3794 coenatio
2762 3736 3158 3810 percipientis.

2229 3830 2396 3886 Dices
2454 3826 2724 3883 Patribus
2767 3825 3024 3898 antiquis
3063 3826 3122 3881 id
3172 3825 3360 3883 fuisse
3415 3815 3762 3901 exploratum,

2157 3917 2381 3976 scilicet
2416 3915 2734 3983 Christum,
2779 3918 3010 3971 tantum
3048 3931 3120 3972 ex
3148 3917 3457 3973 occasione
3486 3921 3540 3972 et
3566 3916 3766 3988 propter

2158 4023 2380 4064 morem
2403 4004 2885 4080 gentis,azymum
2907 4005 2980 4060 ad
2999 4004 3430 4062 Eucharistiam
3443 4002 3762 4064 adhibuisse,

2157 4099 2427 4169 ideoque,
2458 4099 2516 4152 et
2547 4094 2596 4151 si
2627 4094 2975 4151 fermentato
3007 4110 3156 4166 pane
3177 4094 3270 4150 usi
3294 4095 3436 4162 sint,
3469 4111 3580 4150 non
3608 4091 3766 4146 visum

2158 4187 2342 4243 fuisse
2408 4183 2806 4242 necessarium
2873 4182 3168 4254 inquirere
3243 4183 3412 4240 facta
3462 4175 3768 4240 mutationis

2159 4291 2399 4332 causam
2430 4290 2558 4346 qua:
2597 4271 2872 4328 omnibus
2902 4275 3103 4344 aperta
3132 4275 3278 4328 erat.
3552 4279 3559 4292 '

2231 4365 2317 4419 Ad
2366 4345 2476 4419 hoc
2525 4377 2739 4434 repono
2803 4359 2979 4416 etiam
3024 4360 3350 4434 Christum,
3401 4365 3462 4418 et
3507 4345 3772 4418 occasione

2158 4457 2390 4510 tantum
2414 4455 2475 4508 et
2502 4450 2574 4508 ob
2608 4465 2831 4505 morem
2860 4449 3197 4518 Judaicum,
3223 4466 3444 4522 aquam
3477 4451 3534 4506 in
3562 4446 3770 4505 calicem

407 4538 788 4596 Constantino
809 4537 932 4594 haec
950 4536 1186 4592 traditio
1212 4535 1537 4608 apostolicae
1559 4535 1774 4592 sedis.»
1789 4536 1905 4594 Hoc
1925 4538 2052 4610 qui-
2085 4558 2129 4623 ι)
2160 4540 2574 4598 immiscuisse.
2601 4539 2768 4605 Nam,
2793 4541 2861 4593 ut
2903 4538 3158 4594 Jacobus
3197 4555 3231 4594 a
3256 4540 3516 4596 Vitriaco
3541 4533 3774 4618 observat

408 4628 542 4683 dem
562 4627 967 4683 testimonium
986 4625 1245 4682 validum
1282 4629 1437 4680 esset
1463 4625 1536 4680 ad
1562 4625 1929 4698 probandum
1952 4645 2050 4683 an-

407 4715 638 4787 tiquum
654 4731 828 4771 usum
851 4730 1188 4788 azymorum
1234 4714 1384 4785 apud
1426 4713 1663 4770 Latinos
1701 4719 1833 4771 ante
1869 4733 2050 4788 syno-

407 4804 548 4859 dum
571 4810 816 4870 sextam,
840 4804 977 4860 side
1007 4804 1218 4860 horum
1259 4808 1538 4859 Actorum
1559 4803 1798 4860 veritate
1819 4811 2049 4862 consta-

409 4891 736 4949 ret.Verum
759 4897 1034 4964 suspecta
1056 4891 1323 4948 videntur
1353 4891 1475 4946 hmo
1511 4892 1653 4946 Acta
1674 4895 1799 4947 tum
1823 4893 1960 4965 quia
1992 4894 2052 4950 in

406 4979 659 5052 vulgatis
690 4985 860 5035 sextae
890 4981 1094 5052 synodi
1144 4979 1304 5036 Actis
1354 4978 1517 5034 nulla
1543 4981 1672 5050 ejus
1718 4980 1800 5038 rei
1834 4983 2052 5040 mentio

409 5068 719 5144 reperitur,
749 5072 877 5124 tum
909 5070 1047 5141 quia
1095 5069 1154 5124 in
1195 5068 1387 5124 Gestis
1438 5069 1875 5140 pontiﬁcalibus
1907 5071 2052 5128 nihil

409 5161 482 5214 de
503 5176 703 5234 azymo
731 5175 764 5214 a
810 5157 1088 5214 Silvestro
1141 5173 1289 5230 papa
1339 5161 1627 5213 statutum
1677 5158 1912 5231 legitur,
1949 5161 2050 5217 sed

410 5253 637 5305 tantum
669 5249 741 5306 de
770 5247 948 5303 linteo
979 5247 1134 5321 quod
1166 5246 1387 5302 liueum
1421 5262 1548 5302 esse
1581 5249 1871 5320 praeepit.

479 5336 898 5393 Verumtamen
925 5335 1180 5393 Hilarion
1213 5335 1560 5402 monachus,
1593 5335 1653 5390 in
1693 5337 1954 5394 oratione
1981 5340 2053 5397 de

413 5441 561 5498 pane
591 5425 922 5481 Graecorum
954 5426 1199 5499 mystico
1239 5431 1296 5481 et
1332 5424 1671 5480 Latinorum
1703 5441 1926 5499 azymo,
1959 5427 2052 5486 his

409 5513 567 5570 Actis
581 5513 848 5569 nonnihil
863 5515 1224 5572 auctoritatis
1239 5513 1548 5570 conciliare
1559 5513 1948 5582 videtur,cum
1973 5519 2056 5575 ait

435 5607 897 5679 egatos,peracta
909 5604 1272 5679 synodo,Deo
1285 5602 1502 5678 gratias
1531 5606 1784 5672 acturos,
1814 5603 1872 5660 in
1904 5609 2056 5665 tem-

2158 4629 2498 4699 inHistorize
2521 4625 2907 4684 Occidentalis
2951 4643 3078 4699 cap.
3115 4628 3206 4693 38,
3232 4647 3260 4677 «
3293 4628 3430 4684 vino
3458 4643 3600 4701 puro
3627 4611 3772 4680 nemo

2157 4721 2344 4777 utitur
2379 4717 2442 4774 in
2483 4717 2748 4790 partibus
2781 4715 2919 4772 illis.
2953 4737 2980 4766 υ
3013 4721 3070 4771 et
3097 4719 3294 4773 tamen
3335 4717 3551 4774 veteres
3579 4703 3804 4773 Patres,"

2161 4809 2484 4883 Cyprianus
2504 4806 2563 4862 in
2586 4804 2791 4878 primis
2825 4805 2886 4860 in
2925 4803 3176 4877 epistola
3199 4806 3271 4861 ad
3300 4805 3606 4870 Caecilium,
3629 4799 3814 4876 tanta‘f

2161 4915 2295 4956 cum
2319 4897 2596 4970 religione
2611 4893 3021 4950 admistionem
3039 4901 3204 4966 aqua:
3223 4895 3282 4951 in
3307 4895 3544 4952 calicem
3566 4891 3785 4948 tuentur

2160 4985 2426 5060 exemplo
2449 4983 2792 5050 Servatoris,
2813 4987 2882 5039 ut
2917 4999 3088 5040 secus
3131 4983 3462 5041 factitantes
3498 4997 3598 5056 pro
3617 4973 3773 5035 hisre-

2161 5077 2294 5134 ticis
2314 5073 2651 5132 habuerint.
2671 5072 2730 5128 Si
2769 5088 2904 5145 ergo
2944 5073 3208 5146 antiquis
3228 5073 3350 5130 illis
3371 5072 3632 5130 Patribus
3661 5077 3772 5139 per-

2163 5181 2404 5222 suasum
2427 5163 2638 5236 fuit(ut
2677 5165 2828 5217 certe
2856 5165 3089 5218 constat
3126 5164 3281 5236 apud
3323 5162 3478 5234 illas)
3505 5157 3770 5215 Christum

2162 5255 2221 5310 in
2245 5252 2608 5310 instituenda
2627 5249 2992 5308 Eucharistia
3011 5267 3186 5308 usum
3223 5252 3444 5326 azymis
3461 5247 3650 5314 fuisse,
3671 5255 3770 5297 non

2159 5342 2327 5400 video
2367 5360 2490 5411 cur,
2515 5341 2564 5398 si
2603 5339 2775 5397 aliter
2801 5340 2864 5396 id
2898 5345 3020 5397 tum
3065 5340 3296 5399 fecisset
3331 5337 3601 5403 Ecclesia,
3623 5344 3772 5390 nemo

2161 5433 2293 5504 ejus
2325 5432 2404 5489 rei
2436 5447 2676 5488 causam
2707 5434 2807 5486 aut
2828 5430 3170 5502 inquisisset
3197 5435 3298 5488 aut
3326 5426 3694 5503 exposuisset.

2232 5521 2424 5578 Afﬁne
2442 5519 2579 5578 huic
2594 5524 3008 5591 argumentum
3021 5525 3110 5577 est
3121 5521 3276 5594 quod
3288 5521 3466 5577 iidem
3481 5515 3562 5574 illi
3574 5514 3768 5574 Patres.
3815 5583 3820 5590 1

2161 5611 2336 5685 quiin
2356 5609 2564 5685 pri-mis
2575 5607 2842 5666 Ecclesia:
2858 5608 3089 5668 seculis
3118 5609 3458 5680 ﬂoruerunt,
3472 5597 3801 5675 cumam"
