  <div class='ocr_page' id='page_1' title='image "/cluster/home/n/w/nwhite01/storage/ocr_20150623/143/hvd.32044054760038/632.png"; bbox 0 0 4138 6186; ppageno 0'>
   <div class='ocr_carea' id='block_1_1' title="bbox 697 299 726 308">
    <p class='ocr_par' dir='ltr' id='par_1_1' title="bbox 697 299 726 308">
     <span class='ocr_line' id='line_1_1' title="bbox 697 299 726 308; baseline 0 0"><span class='ocrx_word' id='word_1_1' title='bbox 697 299 726 308; x_wconf 51' lang='grc' dir='ltr'><strong>η.</strong></span> 
     </span>
    </p>
   </div>
   <div class='ocr_carea' id='block_1_2' title="bbox 359 311 546 378">
    <p class='ocr_par' dir='ltr' id='par_1_2' title="bbox 359 311 546 378">
     <span class='ocr_line' id='line_1_2' title="bbox 359 311 546 378; baseline 0.011 -2"><span class='ocrx_word' id='word_1_2' title='bbox 359 363 364 367; x_wconf 64' lang='grc' dir='ltr'>ς</span> <span class='ocrx_word' id='word_1_3' title='bbox 389 311 546 378; x_wconf 62' lang='grc'><strong>1349</strong></span> 
     </span>
    </p>
   </div>
   <div class='ocr_carea' id='block_1_3' title="bbox 1355 319 2818 402">
    <p class='ocr_par' dir='ltr' id='par_1_3' title="bbox 1355 319 2818 402">
     <span class='ocr_line' id='line_1_3' title="bbox 1355 319 2818 402; baseline 0.01 -17"><span class='ocrx_word' id='word_1_4' title='bbox 1355 319 1814 389; x_wconf 81' lang='lat' dir='ltr'><strong>MABILLONII</strong></span> <span class='ocrx_word' id='word_1_5' title='bbox 1857 321 2333 402; x_wconf 84' lang='lat' dir='ltr'><strong>DISQUISITIO</strong></span> <span class='ocrx_word' id='word_1_6' title='bbox 2376 331 2478 394; x_wconf 89' lang='lat' dir='ltr'><strong>DE</strong></span> <span class='ocrx_word' id='word_1_7' title='bbox 2524 332 2818 399; x_wconf 82' lang='lat' dir='ltr'><strong>AZYMO.</strong></span> 
     </span>
    </p>
   </div>
   <div class='ocr_carea' id='block_1_4' title="bbox 3630 353 3786 416">
    <p class='ocr_par' dir='ltr' id='par_1_4' title="bbox 3630 353 3786 416">
     <span class='ocr_line' id='line_1_4' title="bbox 3630 353 3786 416; baseline 0.026 -3"><span class='ocrx_word' id='word_1_8' title='bbox 3630 353 3786 416; x_wconf 74' lang='grc'><strong>1250</strong></span> 
     </span>
    </p>
   </div>
   <div class='ocr_carea' id='block_1_5' title="bbox 389 448 3784 543">
    <p class='ocr_par' dir='ltr' id='par_1_5' title="bbox 389 448 3784 543">
     <span class='ocr_line' id='line_1_5' title="bbox 389 448 3784 543; baseline 0.011 -39"><span class='ocrx_word' id='word_1_9' title='bbox 389 448 2036 536; x_wconf 81' lang='lat' dir='ltr'><strong>depauesacriﬁcii,ejusquecompositionemdescribunt</strong></span> <span class='ocrx_word' id='word_1_10' title='bbox 2062 459 2121 527; x_wconf 82' lang='grc' dir='ltr'><strong>Α</strong></span> <span class='ocrx_word' id='word_1_11' title='bbox 2150 460 2336 520; x_wconf 88' lang='lat' dir='ltr'><strong>uisset</strong></span> <span class='ocrx_word' id='word_1_12' title='bbox 2389 466 2638 523; x_wconf 78' lang='lat' dir='ltr'><strong>mutatio</strong></span> <span class='ocrx_word' id='word_1_13' title='bbox 2690 467 2750 524; x_wconf 91' lang='lat' dir='ltr'><strong>in</strong></span> <span class='ocrx_word' id='word_1_14' title='bbox 2802 486 2950 543; x_wconf 91' lang='lat' dir='ltr'><strong>pane</strong></span> <span class='ocrx_word' id='word_1_15' title='bbox 3005 473 3411 534; x_wconf 87' lang='lat' dir='ltr'><strong>eucharistico.</strong></span> <span class='ocrx_word' id='word_1_16' title='bbox 3454 483 3596 538; x_wconf 86' lang='lat' dir='ltr'><strong>Cum</strong></span> <span class='ocrx_word' id='word_1_17' title='bbox 3628 485 3784 542; x_wconf 91' lang='lat' dir='ltr'><strong>enim</strong></span> 
     </span>
    </p>
   </div>
   <div class='ocr_carea' id='block_1_6' title="bbox 391 533 2037 624">
    <p class='ocr_par' dir='ltr' id='par_1_6' title="bbox 391 533 2037 624">
     <span class='ocr_line' id='line_1_6' title="bbox 391 533 2037 624; baseline 0.007 -28"><span class='ocrx_word' id='word_1_18' title='bbox 391 533 688 610; x_wconf 86' lang='lat' dir='ltr'><strong>nusquam</strong></span> <span class='ocrx_word' id='word_1_19' title='bbox 739 540 1008 598; x_wconf 87' lang='lat' dir='ltr'><strong>fermenti</strong></span> <span class='ocrx_word' id='word_1_20' title='bbox 1040 543 1256 599; x_wconf 90' lang='lat' dir='ltr'><strong>faciant</strong></span> <span class='ocrx_word' id='word_1_21' title='bbox 1289 545 1668 604; x_wconf 79' lang='lat' dir='ltr'><strong>mentionem.</strong></span> <span class='ocrx_word' id='word_1_22' title='bbox 1701 548 1782 605; x_wconf 90' lang='lat' dir='ltr'><strong>Ex</strong></span> <span class='ocrx_word' id='word_1_23' title='bbox 1811 550 1904 607; x_wconf 92' lang='lat' dir='ltr'><strong>his</strong></span> <span class='ocrx_word' id='word_1_24' title='bbox 1936 550 2037 624; x_wconf 82' lang='lat' dir='ltr'><strong>Cy-</strong></span> 
     </span>
    </p>
   </div>
   <div class='ocr_carea' id='block_1_7' title="bbox 393 627 2034 709">
    <p class='ocr_par' dir='ltr' id='par_1_7' title="bbox 393 627 2034 709">
     <span class='ocr_line' id='line_1_7' title="bbox 393 627 2034 709; baseline 0.009 -27"><span class='ocrx_word' id='word_1_25' title='bbox 393 627 642 701; x_wconf 90' lang='lat' dir='ltr'><strong>prianus</strong></span> <span class='ocrx_word' id='word_1_26' title='bbox 681 629 737 684; x_wconf 93' lang='lat' dir='ltr'><strong>in</strong></span> <span class='ocrx_word' id='word_1_27' title='bbox 761 629 1008 702; x_wconf 90' lang='lat' dir='ltr'><strong>epistola</strong></span> <span class='ocrx_word' id='word_1_28' title='bbox 1033 633 1104 688; x_wconf 91' lang='lat' dir='ltr'><strong>ad</strong></span> <span class='ocrx_word' id='word_1_29' title='bbox 1127 633 1438 704; x_wconf 60' lang='lat' dir='ltr'><strong>Otacilium,</strong></span> <span class='ocrx_word' id='word_1_30' title='bbox 1463 639 1520 692; x_wconf 92' lang='lat' dir='ltr'><strong>et</strong></span> <span class='ocrx_word' id='word_1_31' title='bbox 1542 641 1673 709; x_wconf 90' lang='lat' dir='ltr'><strong>post</strong></span> <span class='ocrx_word' id='word_1_32' title='bbox 1693 654 1828 695; x_wconf 92' lang='lat' dir='ltr'><strong>eum</strong></span> <span class='ocrx_word' id='word_1_33' title='bbox 1852 639 2034 696; x_wconf 85' lang='lat' dir='ltr'><strong>Isido-</strong></span> 
     </span>
    </p>
   </div>
   <div class='ocr_carea' id='block_1_8' title="bbox 387 717 2034 794">
    <p class='ocr_par' dir='ltr' id='par_1_8' title="bbox 387 717 2034 794">
     <span class='ocr_line' id='line_1_8' title="bbox 387 717 2034 794; baseline 0.006 -18"><span class='ocrx_word' id='word_1_34' title='bbox 387 733 490 776; x_wconf 86' lang='lat' dir='ltr'><strong>rus</strong></span> <span class='ocrx_word' id='word_1_35' title='bbox 523 717 887 790; x_wconf 85' lang='lat' dir='ltr'><strong>Hispalensis</strong></span> <span class='ocrx_word' id='word_1_36' title='bbox 916 720 1225 794; x_wconf 89' lang='lat' dir='ltr'><strong>episcopus</strong></span> <span class='ocrx_word' id='word_1_37' title='bbox 1258 723 1316 778; x_wconf 93' lang='lat' dir='ltr'><strong>in</strong></span> <span class='ocrx_word' id='word_1_38' title='bbox 1350 723 1452 780; x_wconf 89' lang='lat' dir='ltr'><strong>lib.</strong></span> <span class='ocrx_word' id='word_1_39' title='bbox 1475 741 1494 780; x_wconf 94' lang='grc' dir='ltr'><strong>ι</strong></span> <span class='ocrx_word' id='word_1_40' title='bbox 1515 725 1586 782; x_wconf 92' lang='lat' dir='ltr'><strong>de</strong></span> <span class='ocrx_word' id='word_1_41' title='bbox 1608 726 1828 785; x_wconf 84' lang='lat' dir='ltr'><strong>Ofﬁciis</strong></span> <span class='ocrx_word' id='word_1_42' title='bbox 1853 728 2034 785; x_wconf 91' lang='lat' dir='ltr'><strong>eccle-</strong></span> 
     </span>
    </p>
   </div>
   <div class='ocr_carea' id='block_1_9' title="bbox 388 804 2035 882">
    <p class='ocr_par' dir='ltr' id='par_1_9' title="bbox 388 804 2035 882">
     <span class='ocr_line' id='line_1_9' title="bbox 388 804 2035 882; baseline 0.007 -20"><span class='ocrx_word' id='word_1_43' title='bbox 388 804 666 873; x_wconf 89' lang='lat' dir='ltr'><strong>siasticis,</strong></span> <span class='ocrx_word' id='word_1_44' title='bbox 700 823 826 879; x_wconf 91' lang='lat' dir='ltr'><strong>cap.</strong></span> <span class='ocrx_word' id='word_1_45' title='bbox 864 809 948 876; x_wconf 86' lang='grc'><strong>18,</strong></span> <span class='ocrx_word' id='word_1_46' title='bbox 980 809 1241 882; x_wconf 83' lang='lat' dir='ltr'><strong>loquitur</strong></span> <span class='ocrx_word' id='word_1_47' title='bbox 1273 812 1332 867; x_wconf 94' lang='lat' dir='ltr'><strong>in</strong></span> <span class='ocrx_word' id='word_1_48' title='bbox 1379 813 1535 870; x_wconf 91' lang='lat' dir='ltr'><strong>hunc</strong></span> <span class='ocrx_word' id='word_1_49' title='bbox 1568 816 1844 873; x_wconf 91' lang='lat' dir='ltr'><strong>modum:</strong></span> <span class='ocrx_word' id='word_1_50' title='bbox 1880 841 1907 868; x_wconf 93' lang='grc'><strong>‹‹</strong></span> <span class='ocrx_word' id='word_1_51' title='bbox 1941 819 2035 874; x_wconf 92' lang='lat' dir='ltr'><strong>Sic</strong></span> 
     </span>
    </p>
   </div>
   <div class='ocr_carea' id='block_1_10' title="bbox 383 895 2039 980">
    <p class='ocr_par' dir='ltr' id='par_1_10' title="bbox 383 895 2039 980">
     <span class='ocr_line' id='line_1_10' title="bbox 383 895 2039 980; baseline 0.009 -31"><span class='ocrx_word' id='word_1_52' title='bbox 383 910 521 950; x_wconf 89' lang='lat' dir='ltr'><strong>vero</strong></span> <span class='ocrx_word' id='word_1_53' title='bbox 552 895 705 950; x_wconf 91' lang='lat' dir='ltr'><strong>calix</strong></span> <span class='ocrx_word' id='word_1_54' title='bbox 751 896 983 952; x_wconf 88' lang='lat' dir='ltr'>Domini</span> <span class='ocrx_word' id='word_1_55' title='bbox 1034 901 1216 956; x_wconf 86' lang='lat' dir='ltr'><strong>nostri</strong></span> <span class='ocrx_word' id='word_1_56' title='bbox 1265 902 1402 958; x_wconf 91' lang='lat' dir='ltr'><strong>Jesu</strong></span> <span class='ocrx_word' id='word_1_57' title='bbox 1453 903 1666 961; x_wconf 88' lang='lat' dir='ltr'><strong>Christi</strong></span> <span class='ocrx_word' id='word_1_58' title='bbox 1699 923 1814 962; x_wconf 91' lang='lat' dir='ltr'><strong>non</strong></span> <span class='ocrx_word' id='word_1_59' title='bbox 1846 911 2039 980; x_wconf 86' lang='lat' dir='ltr'><strong>potest</strong></span> 
     </span>
    </p>
   </div>
   <div class='ocr_carea' id='block_1_11' title="bbox 385 984 2034 1067">
    <p class='ocr_par' dir='ltr' id='par_1_11' title="bbox 385 984 2034 1067">
     <span class='ocr_line' id='line_1_11' title="bbox 385 984 2034 1067; baseline 0.007 -27"><span class='ocrx_word' id='word_1_60' title='bbox 385 999 517 1040; x_wconf 89' lang='lat' dir='ltr'><strong>esse</strong></span> <span class='ocrx_word' id='word_1_61' title='bbox 540 1000 697 1056; x_wconf 89' lang='lat' dir='ltr'><strong>aqua</strong></span> <span class='ocrx_word' id='word_1_62' title='bbox 713 984 856 1056; x_wconf 91' lang='lat' dir='ltr'><strong>sola,</strong></span> <span class='ocrx_word' id='word_1_63' title='bbox 875 992 977 1042; x_wconf 91' lang='lat' dir='ltr'><strong>aut</strong></span> <span class='ocrx_word' id='word_1_64' title='bbox 992 988 1192 1046; x_wconf 89' lang='lat' dir='ltr'><strong>vinum</strong></span> <span class='ocrx_word' id='word_1_65' title='bbox 1213 990 1428 1062; x_wconf 90' lang='lat' dir='ltr'><strong>solum,</strong></span> <span class='ocrx_word' id='word_1_66' title='bbox 1449 992 1560 1049; x_wconf 87' lang='lat' dir='ltr'>nisi</span> <span class='ocrx_word' id='word_1_67' title='bbox 1584 998 1900 1067; x_wconf 90' lang='lat' dir='ltr'><strong>utrumque</strong></span> <span class='ocrx_word' id='word_1_68' title='bbox 1922 996 2034 1053; x_wconf 89' lang='lat' dir='ltr'>sibi</span> 
     </span>
    </p>
   </div>
   <div class='ocr_carea' id='block_1_12' title="bbox 387 1073 2036 1155">
    <p class='ocr_par' dir='ltr' id='par_1_12' title="bbox 387 1073 2036 1155">
     <span class='ocr_line' id='line_1_12' title="bbox 387 1073 2036 1155; baseline 0.008 -28"><span class='ocrx_word' id='word_1_69' title='bbox 387 1073 724 1140; x_wconf 81' lang='lat' dir='ltr'><strong>misceatur,</strong></span> <span class='ocrx_word' id='word_1_70' title='bbox 748 1077 1041 1146; x_wconf 89' lang='lat' dir='ltr'><strong>quomodo</strong></span> <span class='ocrx_word' id='word_1_71' title='bbox 1066 1095 1168 1134; x_wconf 94' lang='lat' dir='ltr'><strong>nec</strong></span> <span class='ocrx_word' id='word_1_72' title='bbox 1189 1095 1401 1151; x_wconf 91' lang='lat' dir='ltr'><strong>corpus</strong></span> <span class='ocrx_word' id='word_1_73' title='bbox 1423 1081 1653 1137; x_wconf 88' lang='lat' dir='ltr'><strong>Domini</strong></span> <span class='ocrx_word' id='word_1_74' title='bbox 1686 1087 1879 1155; x_wconf 87' lang='lat' dir='ltr'><strong>potest</strong></span> <span class='ocrx_word' id='word_1_75' title='bbox 1907 1102 2036 1141; x_wconf 90' lang='lat' dir='ltr'><strong>esse</strong></span> 
     </span>
    </p>
   </div>
   <div class='ocr_carea' id='block_1_13' title="bbox 386 1161 2033 1242">
    <p class='ocr_par' dir='ltr' id='par_1_13' title="bbox 386 1161 2033 1242">
     <span class='ocr_line' id='line_1_13' title="bbox 386 1161 2033 1242; baseline 0.007 -24"><span class='ocrx_word' id='word_1_76' title='bbox 386 1161 585 1218; x_wconf 83' lang='lat' dir='ltr'><strong>simila</strong></span> <span class='ocrx_word' id='word_1_77' title='bbox 604 1161 748 1230; x_wconf 91' lang='lat' dir='ltr'><strong>sola,</strong></span> <span class='ocrx_word' id='word_1_78' title='bbox 769 1167 871 1218; x_wconf 88' lang='lat' dir='ltr'><strong>aut</strong></span> <span class='ocrx_word' id='word_1_79' title='bbox 889 1181 1043 1236; x_wconf 90' lang='lat' dir='ltr'><strong>aqua</strong></span> <span class='ocrx_word' id='word_1_80' title='bbox 1064 1167 1210 1234; x_wconf 90' lang='lat' dir='ltr'><strong>sola,</strong></span> <span class='ocrx_word' id='word_1_81' title='bbox 1231 1167 1344 1223; x_wconf 90' lang='lat' dir='ltr'><strong>nisi</strong></span> <span class='ocrx_word' id='word_1_82' title='bbox 1369 1172 1686 1242; x_wconf 91' lang='lat' dir='ltr'><strong>utrumque</strong></span> <span class='ocrx_word' id='word_1_83' title='bbox 1707 1173 2033 1229; x_wconf 91' lang='lat' dir='ltr'><strong>adunatum</strong></span> 
     </span>
    </p>
   </div>
   <div class='ocr_carea' id='block_1_14' title="bbox 385 1250 2034 1332">
    <p class='ocr_par' dir='ltr' id='par_1_14' title="bbox 385 1250 2034 1332">
     <span class='ocr_line' id='line_1_14' title="bbox 385 1250 2034 1332; baseline 0.007 -26"><span class='ocrx_word' id='word_1_84' title='bbox 385 1250 978 1324; x_wconf 84' lang='lat' dir='ltr'><strong>fueritetcopulatum</strong></span> <span class='ocrx_word' id='word_1_85' title='bbox 993 1256 1162 1326; x_wconf 90' lang='lat' dir='ltr'><strong>panis</strong></span> <span class='ocrx_word' id='word_1_86' title='bbox 1176 1255 1351 1313; x_wconf 92' lang='lat' dir='ltr'><strong>unius</strong></span> <span class='ocrx_word' id='word_1_87' title='bbox 1363 1274 1641 1332; x_wconf 91' lang='lat' dir='ltr'><strong>compage</strong></span> <span class='ocrx_word' id='word_1_88' title='bbox 1654 1259 2034 1318; x_wconf 86' lang='lat' dir='ltr'><strong>solidatum.»</strong></span> 
     </span>
    </p>
   </div>
   <div class='ocr_carea' id='block_1_15' title="bbox 387 1340 2034 1419">
    <p class='ocr_par' dir='ltr' id='par_1_15' title="bbox 387 1340 2034 1419">
     <span class='ocr_line' id='line_1_15' title="bbox 387 1340 2034 1419; baseline 0.007 -24"><span class='ocrx_word' id='word_1_89' title='bbox 387 1340 606 1396; x_wconf 87' lang='lat' dir='ltr'><strong>Eadem</strong></span> <span class='ocrx_word' id='word_1_90' title='bbox 636 1341 814 1397; x_wconf 88' lang='lat' dir='ltr'><strong>verba</strong></span> <span class='ocrx_word' id='word_1_91' title='bbox 842 1346 1051 1414; x_wconf 75' lang='lat' dir='ltr'><strong>praeter</strong></span> <span class='ocrx_word' id='word_1_92' title='bbox 1073 1344 1365 1402; x_wconf 90' lang='lat' dir='ltr'><strong>Isidorum</strong></span> <span class='ocrx_word' id='word_1_93' title='bbox 1392 1348 1599 1419; x_wconf 82' lang='lat' dir='ltr'><strong>repetit</strong></span> <span class='ocrx_word' id='word_1_94' title='bbox 1622 1349 1950 1406; x_wconf 88' lang='lat' dir='ltr'><strong>Amalarius</strong></span> <span class='ocrx_word' id='word_1_95' title='bbox 1976 1350 2034 1406; x_wconf 91' lang='lat' dir='ltr'><strong>in</strong></span> 
     </span>
    </p>
   </div>
   <div class='ocr_carea' id='block_1_16' title="bbox 388 1429 2035 1508">
    <p class='ocr_par' dir='ltr' id='par_1_16' title="bbox 388 1429 2035 1508">
     <span class='ocr_line' id='line_1_16' title="bbox 388 1429 2035 1508; baseline 0.007 -24"><span class='ocrx_word' id='word_1_96' title='bbox 388 1429 492 1485; x_wconf 85' lang='lat' dir='ltr'><strong>lib.</strong></span> <span class='ocrx_word' id='word_1_97' title='bbox 525 1445 590 1484; x_wconf 92' lang='grc' dir='ltr'><strong>ιιι</strong></span> <span class='ocrx_word' id='word_1_98' title='bbox 621 1430 692 1486; x_wconf 93' lang='lat' dir='ltr'><strong>de</strong></span> <span class='ocrx_word' id='word_1_99' title='bbox 721 1430 942 1487; x_wconf 82' lang='lat' dir='ltr'><strong>Ofﬁciis</strong></span> <span class='ocrx_word' id='word_1_100' title='bbox 973 1432 1406 1504; x_wconf 88' lang='lat' dir='ltr'><strong>ecclesiasticis,</strong></span> <span class='ocrx_word' id='word_1_101' title='bbox 1436 1452 1562 1508; x_wconf 90' lang='lat' dir='ltr'><strong>cap.</strong></span> <span class='ocrx_word' id='word_1_102' title='bbox 1597 1438 1684 1494; x_wconf 83' lang='lat'><strong>19.</strong></span> <span class='ocrx_word' id='word_1_103' title='bbox 1720 1439 1870 1495; x_wconf 90' lang='lat' dir='ltr'><strong>Sane</strong></span> <span class='ocrx_word' id='word_1_104' title='bbox 1900 1456 2035 1496; x_wconf 91' lang='lat' dir='ltr'><strong>cum</strong></span> 
     </span>
    </p>
   </div>
   <div class='ocr_carea' id='block_1_17' title="bbox 385 1517 2035 1600">
    <p class='ocr_par' dir='ltr' id='par_1_17' title="bbox 385 1517 2035 1600">
     <span class='ocr_line' id='line_1_17' title="bbox 385 1517 2035 1600; baseline 0.005 -25"><span class='ocrx_word' id='word_1_105' title='bbox 385 1517 711 1591; x_wconf 75' lang='lat' dir='ltr'><strong>Cyprianus</strong></span> <span class='ocrx_word' id='word_1_106' title='bbox 742 1519 852 1576; x_wconf 93' lang='lat' dir='ltr'><strong>hoc</strong></span> <span class='ocrx_word' id='word_1_107' title='bbox 880 1520 1007 1577; x_wconf 92' lang='lat' dir='ltr'><strong>loco</strong></span> <span class='ocrx_word' id='word_1_108' title='bbox 1038 1525 1174 1595; x_wconf 88' lang='lat' dir='ltr'><strong>agat</strong></span> <span class='ocrx_word' id='word_1_109' title='bbox 1192 1523 1262 1578; x_wconf 94' lang='lat' dir='ltr'><strong>de</strong></span> <span class='ocrx_word' id='word_1_110' title='bbox 1283 1525 1704 1596; x_wconf 88' lang='lat' dir='ltr'><strong>compositione</strong></span> <span class='ocrx_word' id='word_1_111' title='bbox 1725 1527 1894 1600; x_wconf 90' lang='lat' dir='ltr'><strong>panis</strong></span> <span class='ocrx_word' id='word_1_112' title='bbox 1921 1529 2035 1584; x_wconf 82' lang='lat' dir='ltr'><strong>Eu-</strong></span> 
     </span>
    </p>
   </div>
   <div class='ocr_carea' id='block_1_18' title="bbox 389 1605 2036 1686">
    <p class='ocr_par' dir='ltr' id='par_1_18' title="bbox 389 1605 2036 1686">
     <span class='ocr_line' id='line_1_18' title="bbox 389 1605 2036 1686; baseline 0.005 -24"><span class='ocrx_word' id='word_1_113' title='bbox 389 1605 958 1681; x_wconf 87' lang='lat' dir='ltr'><strong>charistici,ejusque</strong></span> <span class='ocrx_word' id='word_1_114' title='bbox 976 1615 1171 1682; x_wconf 90' lang='lat' dir='ltr'><strong>partes</strong></span> <span class='ocrx_word' id='word_1_115' title='bbox 1193 1611 1464 1669; x_wconf 88' lang='lat' dir='ltr'><strong>distincte</strong></span> <span class='ocrx_word' id='word_1_116' title='bbox 1475 1613 1740 1686; x_wconf 91' lang='lat' dir='ltr'><strong>explicet,</strong></span> <span class='ocrx_word' id='word_1_117' title='bbox 1757 1633 1870 1672; x_wconf 91' lang='lat' dir='ltr'><strong>non</strong></span> <span class='ocrx_word' id='word_1_118' title='bbox 1894 1617 2036 1673; x_wconf 86' lang='lat' dir='ltr'><strong>omi-</strong></span> 
     </span>
    </p>
   </div>
   <div class='ocr_carea' id='block_1_19' title="bbox 387 1694 2034 1777">
    <p class='ocr_par' dir='ltr' id='par_1_19' title="bbox 387 1694 2034 1777">
     <span class='ocr_line' id='line_1_19' title="bbox 387 1694 2034 1777; baseline 0.006 -26"><span class='ocrx_word' id='word_1_119' title='bbox 387 1694 562 1752; x_wconf 81' lang='lat' dir='ltr'><strong>sisset</strong></span> <span class='ocrx_word' id='word_1_120' title='bbox 592 1695 968 1766; x_wconf 87' lang='lat' dir='ltr'><strong>fermentum,</strong></span> <span class='ocrx_word' id='word_1_121' title='bbox 1001 1699 1050 1753; x_wconf 90' lang='lat' dir='ltr'><strong>si</strong></span> <span class='ocrx_word' id='word_1_122' title='bbox 1080 1699 1250 1770; x_wconf 90' lang='lat' dir='ltr'><strong>panis</strong></span> <span class='ocrx_word' id='word_1_123' title='bbox 1283 1717 1521 1774; x_wconf 84' lang='lat' dir='ltr'><strong>azymus</strong></span> <span class='ocrx_word' id='word_1_124' title='bbox 1553 1719 1660 1759; x_wconf 90' lang='lat' dir='ltr'><strong>suo</strong></span> <span class='ocrx_word' id='word_1_125' title='bbox 1686 1707 1945 1777; x_wconf 91' lang='lat' dir='ltr'><strong>tempore</strong></span> <span class='ocrx_word' id='word_1_126' title='bbox 1974 1705 2034 1761; x_wconf 91' lang='lat' dir='ltr'><strong>in</strong></span> 
     </span>
    </p>
   </div>
   <div class='ocr_carea' id='block_1_20' title="bbox 386 1785 907 1842">
    <p class='ocr_par' dir='ltr' id='par_1_20' title="bbox 386 1785 907 1842">
     <span class='ocr_line' id='line_1_20' title="bbox 386 1785 907 1842; baseline 0.004 -2"><span class='ocrx_word' id='word_1_127' title='bbox 386 1801 502 1840; x_wconf 91' lang='lat' dir='ltr'><strong>usu</strong></span> <span class='ocrx_word' id='word_1_128' title='bbox 531 1801 647 1840; x_wconf 89' lang='lat' dir='ltr'><strong>non</strong></span> <span class='ocrx_word' id='word_1_129' title='bbox 679 1785 907 1842; x_wconf 85' lang='lat' dir='ltr'><strong>fuisset.</strong></span> 
     </span>
    </p>
   </div>
   <div class='ocr_carea' id='block_1_21' title="bbox 455 1891 2031 1971">
    <p class='ocr_par' dir='ltr' id='par_1_21' title="bbox 455 1891 2031 1971">
     <span class='ocr_line' id='line_1_21' title="bbox 455 1891 2031 1971; baseline 0.005 -23"><span class='ocrx_word' id='word_1_130' title='bbox 455 1894 549 1961; x_wconf 88' lang='lat' dir='ltr'><strong>At,</strong></span> <span class='ocrx_word' id='word_1_131' title='bbox 583 1891 802 1965; x_wconf 90' lang='lat' dir='ltr'><strong>inquis,</strong></span> <span class='ocrx_word' id='word_1_132' title='bbox 838 1893 982 1949; x_wconf 88' lang='lat' dir='ltr'><strong>satis</strong></span> <span class='ocrx_word' id='word_1_133' title='bbox 1037 1895 1391 1953; x_wconf 89' lang='lat' dir='ltr'><strong>fermentum</strong></span> <span class='ocrx_word' id='word_1_134' title='bbox 1440 1898 1712 1971; x_wconf 87' lang='lat' dir='ltr'><strong>exprimit</strong></span> <span class='ocrx_word' id='word_1_135' title='bbox 1757 1917 1891 1956; x_wconf 91' lang='lat' dir='ltr'><strong>cum</strong></span> <span class='ocrx_word' id='word_1_136' title='bbox 1933 1900 2031 1970; x_wconf 88' lang='lat' dir='ltr'><strong>ait,</strong></span> 
     </span>
    </p>
   </div>
   <div class='ocr_carea' id='block_1_22' title="bbox 387 1981 2038 2056">
    <p class='ocr_par' dir='ltr' id='par_1_22' title="bbox 387 1981 2038 2056">
     <span class='ocr_line' id='line_1_22' title="bbox 387 1981 2038 2056; baseline 0.007 -21"><span class='ocrx_word' id='word_1_137' title='bbox 387 1995 600 2054; x_wconf 89' lang='lat' dir='ltr'><strong>corpus</strong></span> <span class='ocrx_word' id='word_1_138' title='bbox 630 1981 862 2037; x_wconf 90' lang='lat' dir='ltr'><strong>Domini</strong></span> <span class='ocrx_word' id='word_1_139' title='bbox 894 1998 1023 2038; x_wconf 88' lang='lat' dir='ltr'><strong>esse</strong></span> <span class='ocrx_word' id='word_1_140' title='bbox 1061 2000 1174 2039; x_wconf 92' lang='lat' dir='ltr'><strong>non</strong></span> <span class='ocrx_word' id='word_1_141' title='bbox 1209 2001 1381 2056; x_wconf 91' lang='lat' dir='ltr'><strong>posse</strong></span> <span class='ocrx_word' id='word_1_142' title='bbox 1429 1986 1688 2042; x_wconf 87' lang='lat' dir='ltr'><strong>similam</strong></span> <span class='ocrx_word' id='word_1_143' title='bbox 1719 1987 1903 2045; x_wconf 87' lang='lat' dir='ltr'><strong>solam</strong></span> <span class='ocrx_word' id='word_1_144' title='bbox 1936 1994 2038 2046; x_wconf 91' lang='lat' dir='ltr'><strong>aut</strong></span> 
     </span>
    </p>
   </div>
   <div class='ocr_carea' id='block_1_23' title="bbox 387 2069 2037 2150">
    <p class='ocr_par' dir='ltr' id='par_1_23' title="bbox 387 2069 2037 2150">
     <span class='ocr_line' id='line_1_23' title="bbox 387 2069 2037 2150; baseline 0.005 -26"><span class='ocrx_word' id='word_1_145' title='bbox 387 2085 604 2142; x_wconf 90' lang='lat' dir='ltr'><strong>aquam</strong></span> <span class='ocrx_word' id='word_1_146' title='bbox 635 2069 841 2138; x_wconf 87' lang='lat' dir='ltr'><strong>solam,</strong></span> <span class='ocrx_word' id='word_1_147' title='bbox 879 2093 906 2121; x_wconf 88' lang='lat'><strong>«</strong></span> <span class='ocrx_word' id='word_1_148' title='bbox 939 2072 1051 2127; x_wconf 89' lang='lat' dir='ltr'><strong>nisi</strong></span> <span class='ocrx_word' id='word_1_149' title='bbox 1087 2077 1400 2150; x_wconf 85' lang='lat' dir='ltr'><strong>utrumque</strong></span> <span class='ocrx_word' id='word_1_150' title='bbox 1431 2076 1754 2133; x_wconf 90' lang='lat' dir='ltr'><strong>adunatum</strong></span> <span class='ocrx_word' id='word_1_151' title='bbox 1787 2077 1961 2134; x_wconf 88' lang='lat' dir='ltr'><strong>fuerit</strong></span> <span class='ocrx_word' id='word_1_152' title='bbox 1981 2081 2037 2134; x_wconf 90' lang='lat' dir='ltr'><strong>et</strong></span> 
     </span>
    </p>
   </div>
   <div class='ocr_carea' id='block_1_24' title="bbox 387 2157 2035 2235">
    <p class='ocr_par' dir='ltr' id='par_1_24' title="bbox 387 2157 2035 2235">
     <span class='ocr_line' id='line_1_24' title="bbox 387 2157 2035 2235; baseline 0.006 -22"><span class='ocrx_word' id='word_1_153' title='bbox 387 2157 997 2232; x_wconf 88' lang='lat' dir='ltr'><strong>copulatum,etpanis</strong></span> <span class='ocrx_word' id='word_1_154' title='bbox 1010 2160 1188 2216; x_wconf 91' lang='lat' dir='ltr'><strong>unius</strong></span> <span class='ocrx_word' id='word_1_155' title='bbox 1200 2178 1480 2235; x_wconf 90' lang='lat' dir='ltr'><strong>compage</strong></span> <span class='ocrx_word' id='word_1_156' title='bbox 1492 2163 2035 2231; x_wconf 84' lang='lat' dir='ltr'><strong>solidatum.»Quod</strong></span> 
     </span>
    </p>
   </div>
   <div class='ocr_carea' id='block_1_25' title="bbox 388 2246 1963 2320">
    <p class='ocr_par' dir='ltr' id='par_1_25' title="bbox 388 2246 1963 2320">
     <span class='ocr_line' id='line_1_25' title="bbox 388 2246 1963 2320; baseline 0.006 -18"><span class='ocrx_word' id='word_1_157' title='bbox 388 2247 545 2303; x_wconf 90' lang='lat' dir='ltr'><strong>enim</strong></span> <span class='ocrx_word' id='word_1_158' title='bbox 579 2246 836 2320; x_wconf 89' lang='lat' dir='ltr'><strong>copulat,</strong></span> <span class='ocrx_word' id='word_1_159' title='bbox 869 2249 1088 2304; x_wconf 92' lang='lat' dir='ltr'><strong>adunat</strong></span> <span class='ocrx_word' id='word_1_160' title='bbox 1117 2253 1174 2305; x_wconf 90' lang='lat' dir='ltr'><strong>et</strong></span> <span class='ocrx_word' id='word_1_161' title='bbox 1203 2249 1436 2319; x_wconf 88' lang='lat' dir='ltr'><strong>solidat,</strong></span> <span class='ocrx_word' id='word_1_162' title='bbox 1469 2253 1823 2310; x_wconf 83' lang='lat' dir='ltr'><strong>fermentum</strong></span> <span class='ocrx_word' id='word_1_163' title='bbox 1855 2261 1963 2311; x_wconf 91' lang='lat' dir='ltr'><strong>est.</strong></span> 
     </span>
    </p>
   </div>
   <div class='ocr_carea' id='block_1_26' title="bbox 457 2362 2034 2442">
    <p class='ocr_par' dir='ltr' id='par_1_26' title="bbox 457 2362 2034 2442">
     <span class='ocr_line' id='line_1_26' title="bbox 457 2362 2034 2442; baseline 0.008 -27"><span class='ocrx_word' id='word_1_164' title='bbox 457 2362 674 2419; x_wconf 84' lang='lat' dir='ltr'><strong>Verum</strong></span> <span class='ocrx_word' id='word_1_165' title='bbox 693 2363 831 2420; x_wconf 91' lang='lat' dir='ltr'><strong>huic</strong></span> <span class='ocrx_word' id='word_1_166' title='bbox 852 2365 1218 2437; x_wconf 88' lang='lat' dir='ltr'><strong>responsioni</strong></span> <span class='ocrx_word' id='word_1_167' title='bbox 1239 2367 1434 2423; x_wconf 86' lang='lat' dir='ltr'><strong>obviat</strong></span> <span class='ocrx_word' id='word_1_168' title='bbox 1452 2370 1892 2442; x_wconf 91' lang='lat' dir='ltr'><strong>Augustinusin</strong></span> <span class='ocrx_word' id='word_1_169' title='bbox 1913 2388 2034 2428; x_wconf 89' lang='lat' dir='ltr'><strong>ser-</strong></span> 
     </span>
    </p>
   </div>
   <div class='ocr_carea' id='block_1_27' title="bbox 388 2453 2036 2532">
    <p class='ocr_par' dir='ltr' id='par_1_27' title="bbox 388 2453 2036 2532">
     <span class='ocr_line' id='line_1_27' title="bbox 388 2453 2036 2532; baseline 0.007 -26"><span class='ocrx_word' id='word_1_170' title='bbox 388 2467 564 2507; x_wconf 91' lang='lat' dir='ltr'><strong>mone</strong></span> <span class='ocrx_word' id='word_1_171' title='bbox 592 2453 660 2507; x_wconf 86' lang='lat'><strong>83</strong></span> <span class='ocrx_word' id='word_1_172' title='bbox 683 2454 754 2508; x_wconf 91' lang='lat' dir='ltr'><strong>de</strong></span> <span class='ocrx_word' id='word_1_173' title='bbox 777 2454 1044 2522; x_wconf 87' lang='lat' dir='ltr'><strong>diversis,</strong></span> <span class='ocrx_word' id='word_1_174' title='bbox 1070 2454 1169 2510; x_wconf 88' lang='lat' dir='ltr'><strong>ubi</strong></span> <span class='ocrx_word' id='word_1_175' title='bbox 1190 2471 1392 2512; x_wconf 88' lang='lat' dir='ltr'><strong>recens</strong></span> <span class='ocrx_word' id='word_1_176' title='bbox 1413 2457 1722 2529; x_wconf 89' lang='lat' dir='ltr'><strong>baptizatis</strong></span> <span class='ocrx_word' id='word_1_177' title='bbox 1743 2475 2036 2532; x_wconf 87' lang='lat' dir='ltr'><strong>exponens</strong></span> 
     </span>
    </p>
   </div>
   <div class='ocr_carea' id='block_1_28' title="bbox 388 2541 2036 2621">
    <p class='ocr_par' dir='ltr' id='par_1_28' title="bbox 388 2541 2036 2621">
     <span class='ocr_line' id='line_1_28' title="bbox 388 2541 2036 2621; baseline 0.006 -25"><span class='ocrx_word' id='word_1_178' title='bbox 388 2556 604 2597; x_wconf 77' lang='lat' dir='ltr'><strong>mensa:</strong></span> <span class='ocrx_word' id='word_1_179' title='bbox 636 2541 947 2597; x_wconf 84' lang='lat' dir='ltr'><strong>Dominicae</strong></span> <span class='ocrx_word' id='word_1_180' title='bbox 979 2548 1434 2611; x_wconf 85' lang='lat' dir='ltr'><strong>sacramentum,</strong></span> <span class='ocrx_word' id='word_1_181' title='bbox 1457 2550 1516 2602; x_wconf 91' lang='lat' dir='ltr'><strong>et</strong></span> <span class='ocrx_word' id='word_1_182' title='bbox 1537 2546 1770 2620; x_wconf 90' lang='lat' dir='ltr'><strong>singula</strong></span> <span class='ocrx_word' id='word_1_183' title='bbox 1791 2564 2036 2621; x_wconf 59' lang='lat' dir='ltr'><strong>quaeque</strong></span> 
     </span>
    </p>
   </div>
   <div class='ocr_carea' id='block_1_29' title="bbox 387 2631 2036 2699">
    <p class='ocr_par' dir='ltr' id='par_1_29' title="bbox 387 2631 2036 2699">
     <span class='ocr_line' id='line_1_29' title="bbox 387 2631 2036 2699; baseline 0.005 -13"><span class='ocrx_word' id='word_1_184' title='bbox 387 2631 705 2687; x_wconf 90' lang='lat' dir='ltr'><strong>traducens</strong></span> <span class='ocrx_word' id='word_1_185' title='bbox 737 2631 808 2687; x_wconf 89' lang='lat' dir='ltr'><strong>ad</strong></span> <span class='ocrx_word' id='word_1_186' title='bbox 842 2649 1055 2699; x_wconf 90' lang='lat' dir='ltr'><strong>mores,</strong></span> <span class='ocrx_word' id='word_1_187' title='bbox 1088 2651 1205 2690; x_wconf 91' lang='lat' dir='ltr'><strong>non</strong></span> <span class='ocrx_word' id='word_1_188' title='bbox 1236 2634 1428 2690; x_wconf 88' lang='lat' dir='ltr'><strong>solum</strong></span> <span class='ocrx_word' id='word_1_189' title='bbox 1462 2636 1731 2692; x_wconf 88' lang='lat' dir='ltr'><strong>fermenti</strong></span> <span class='ocrx_word' id='word_1_190' title='bbox 1763 2653 1877 2692; x_wconf 90' lang='lat' dir='ltr'><strong>non</strong></span> <span class='ocrx_word' id='word_1_191' title='bbox 1909 2654 2036 2694; x_wconf 91' lang='lat' dir='ltr'><strong>me-</strong></span> 
     </span>
    </p>
   </div>
   <div class='ocr_carea' id='block_1_30' title="bbox 387 2719 2036 2796">
    <p class='ocr_par' dir='ltr' id='par_1_30' title="bbox 387 2719 2036 2796">
     <span class='ocr_line' id='line_1_30' title="bbox 387 2719 2036 2796; baseline 0.004 -21"><span class='ocrx_word' id='word_1_192' title='bbox 387 2719 583 2788; x_wconf 92' lang='lat' dir='ltr'><strong>minit,</strong></span> <span class='ocrx_word' id='word_1_193' title='bbox 619 2720 720 2775; x_wconf 91' lang='lat' dir='ltr'><strong>sed</strong></span> <span class='ocrx_word' id='word_1_194' title='bbox 751 2721 926 2776; x_wconf 88' lang='lat' dir='ltr'><strong>etiam</strong></span> <span class='ocrx_word' id='word_1_195' title='bbox 958 2739 1276 2794; x_wconf 88' lang='lat' dir='ltr'><strong>granorum</strong></span> <span class='ocrx_word' id='word_1_196' title='bbox 1299 2739 1401 2779; x_wconf 91' lang='lat' dir='ltr'><strong>seu</strong></span> <span class='ocrx_word' id='word_1_197' title='bbox 1424 2723 1659 2795; x_wconf 90' lang='lat' dir='ltr'><strong>pollinis</strong></span> <span class='ocrx_word' id='word_1_198' title='bbox 1680 2726 2036 2796; x_wconf 84' lang='lat' dir='ltr'><strong>conjunctio-</strong></span> 
     </span>
    </p>
   </div>
   <div class='ocr_carea' id='block_1_31' title="bbox 388 2809 2038 2884">
    <p class='ocr_par' dir='ltr' id='par_1_31' title="bbox 388 2809 2038 2884">
     <span class='ocr_line' id='line_1_31' title="bbox 388 2809 2038 2884; baseline 0.004 -21"><span class='ocrx_word' id='word_1_199' title='bbox 388 2824 525 2864; x_wconf 91' lang='lat' dir='ltr'><strong>nem</strong></span> <span class='ocrx_word' id='word_1_200' title='bbox 556 2813 615 2864; x_wconf 91' lang='lat' dir='ltr'><strong>et</strong></span> <span class='ocrx_word' id='word_1_201' title='bbox 635 2809 1064 2880; x_wconf 89' lang='lat' dir='ltr'><strong>copulationem</strong></span> <span class='ocrx_word' id='word_1_202' title='bbox 1088 2827 1202 2866; x_wconf 91' lang='lat' dir='ltr'><strong>non</strong></span> <span class='ocrx_word' id='word_1_203' title='bbox 1225 2810 1340 2868; x_wconf 89' lang='lat' dir='ltr'><strong>nisi</strong></span> <span class='ocrx_word' id='word_1_204' title='bbox 1363 2828 1465 2883; x_wconf 88' lang='lat' dir='ltr'><strong>per</strong></span> <span class='ocrx_word' id='word_1_205' title='bbox 1484 2829 1701 2884; x_wconf 91' lang='lat' dir='ltr'><strong>aquam</strong></span> <span class='ocrx_word' id='word_1_206' title='bbox 1724 2814 1848 2870; x_wconf 90' lang='lat' dir='ltr'><strong>ﬁeri</strong></span> <span class='ocrx_word' id='word_1_207' title='bbox 1870 2815 2038 2872; x_wconf 83' lang='lat' dir='ltr'><strong>docet</strong></span> 
     </span>
    </p>
   </div>
   <div class='ocr_carea' id='block_1_32' title="bbox 387 2897 2034 2975">
    <p class='ocr_par' dir='ltr' id='par_1_32' title="bbox 387 2897 2034 2975">
     <span class='ocr_line' id='line_1_32' title="bbox 387 2897 2034 2975; baseline 0.004 -22"><span class='ocrx_word' id='word_1_208' title='bbox 387 2897 483 2953; x_wconf 91' lang='lat' dir='ltr'><strong>his</strong></span> <span class='ocrx_word' id='word_1_209' title='bbox 511 2897 742 2952; x_wconf 88' lang='lat' dir='ltr'><strong>verbis:</strong></span> <span class='ocrx_word' id='word_1_210' title='bbox 778 2921 804 2947; x_wconf 90' lang='grc'><strong>‹‹</strong></span> <span class='ocrx_word' id='word_1_211' title='bbox 840 2897 1225 2954; x_wconf 84' lang='lat' dir='ltr'><strong>Commendat</strong></span> <span class='ocrx_word' id='word_1_212' title='bbox 1263 2901 1428 2956; x_wconf 85' lang='lat' dir='ltr'><strong>vobis</strong></span> <span class='ocrx_word' id='word_1_213' title='bbox 1460 2902 1517 2956; x_wconf 92' lang='lat' dir='ltr'><strong>in</strong></span> <span class='ocrx_word' id='word_1_214' title='bbox 1551 2902 1663 2958; x_wconf 89' lang='lat' dir='ltr'><strong>isto</strong></span> <span class='ocrx_word' id='word_1_215' title='bbox 1694 2920 1844 2974; x_wconf 90' lang='lat' dir='ltr'><strong>pane</strong></span> <span class='ocrx_word' id='word_1_216' title='bbox 1887 2921 2034 2975; x_wconf 90' lang='lat' dir='ltr'><strong>quo-</strong></span> 
     </span>
    </p>
   </div>
   <div class='ocr_carea' id='block_1_33' title="bbox 387 2986 2035 3063">
    <p class='ocr_par' dir='ltr' id='par_1_33' title="bbox 387 2986 2035 3063">
     <span class='ocr_line' id='line_1_33' title="bbox 387 2986 2035 3063; baseline 0.005 -22"><span class='ocrx_word' id='word_1_217' title='bbox 387 2987 705 3042; x_wconf 93' lang='lat' dir='ltr'><strong>dammodo</strong></span> <span class='ocrx_word' id='word_1_218' title='bbox 724 2986 1008 3042; x_wconf 90' lang='lat' dir='ltr'><strong>unitatem</strong></span> <span class='ocrx_word' id='word_1_219' title='bbox 1027 3005 1242 3044; x_wconf 87' lang='lat' dir='ltr'><strong>amare.</strong></span> <span class='ocrx_word' id='word_1_220' title='bbox 1267 2989 1542 3060; x_wconf 89' lang='lat' dir='ltr'><strong>Nunquid</strong></span> <span class='ocrx_word' id='word_1_221' title='bbox 1567 2991 1724 3046; x_wconf 89' lang='lat' dir='ltr'><strong>enim</strong></span> <span class='ocrx_word' id='word_1_222' title='bbox 1747 2993 1918 3063; x_wconf 90' lang='lat' dir='ltr'><strong>panis</strong></span> <span class='ocrx_word' id='word_1_223' title='bbox 1941 2993 2035 3049; x_wconf 89' lang='lat' dir='ltr'><strong>ille</strong></span> 
     </span>
    </p>
   </div>
   <div class='ocr_carea' id='block_1_34' title="bbox 389 3075 2035 3152">
    <p class='ocr_par' dir='ltr' id='par_1_34' title="bbox 389 3075 2035 3152">
     <span class='ocr_line' id='line_1_34' title="bbox 389 3075 2035 3152; baseline 0.004 -22"><span class='ocrx_word' id='word_1_224' title='bbox 389 3075 462 3130; x_wconf 90' lang='lat' dir='ltr'><strong>de</strong></span> <span class='ocrx_word' id='word_1_225' title='bbox 493 3091 610 3131; x_wconf 90' lang='lat' dir='ltr'><strong>uno</strong></span> <span class='ocrx_word' id='word_1_226' title='bbox 640 3091 822 3149; x_wconf 90' lang='lat' dir='ltr'><strong>grano</strong></span> <span class='ocrx_word' id='word_1_227' title='bbox 850 3076 1038 3132; x_wconf 86' lang='lat' dir='ltr'><strong>factus</strong></span> <span class='ocrx_word' id='word_1_228' title='bbox 1068 3077 1198 3132; x_wconf 82' lang='lat' dir='ltr'><strong>est?</strong></span> <span class='ocrx_word' id='word_1_229' title='bbox 1228 3078 1430 3152; x_wconf 85' lang='lat' dir='ltr'><strong>Nonne</strong></span> <span class='ocrx_word' id='word_1_230' title='bbox 1452 3078 1637 3135; x_wconf 89' lang='lat' dir='ltr'><strong>multa</strong></span> <span class='ocrx_word' id='word_1_231' title='bbox 1666 3085 1834 3136; x_wconf 90' lang='lat' dir='ltr'><strong>erant</strong></span> <span class='ocrx_word' id='word_1_232' title='bbox 1858 3081 2035 3138; x_wconf 88' lang='lat' dir='ltr'><strong>tritici</strong></span> 
     </span>
    </p>
   </div>
   <div class='ocr_carea' id='block_1_35' title="bbox 393 3163 2107 3264">
    <p class='ocr_par' dir='ltr' id='par_1_35' title="bbox 393 3163 2107 3264">
     <span class='ocr_line' id='line_1_35' title="bbox 393 3163 2107 3264; baseline 0.006 -46"><span class='ocrx_word' id='word_1_233' title='bbox 393 3179 574 3236; x_wconf 86' lang='lat' dir='ltr'><strong>grana</strong></span> <span class='ocrx_word' id='word_1_234' title='bbox 591 3163 618 3219; x_wconf 68' lang='grc' dir='ltr'><strong>’ἶ</strong></span> <span class='ocrx_word' id='word_1_235' title='bbox 646 3165 756 3220; x_wconf 91' lang='lat' dir='ltr'><strong>Sed</strong></span> <span class='ocrx_word' id='word_1_236' title='bbox 789 3167 1199 3264; x_wconf 79' lang='lat' dir='ltr'><strong>antequamad</strong></span> <span class='ocrx_word' id='word_1_237' title='bbox 1223 3183 1433 3238; x_wconf 91' lang='lat' dir='ltr'><strong>panem</strong></span> <span class='ocrx_word' id='word_1_238' title='bbox 1454 3167 1738 3235; x_wconf 88' lang='lat' dir='ltr'><strong>venirent,</strong></span> <span class='ocrx_word' id='word_1_239' title='bbox 1764 3175 2034 3242; x_wconf 90' lang='lat' dir='ltr'><strong>separata</strong></span> <span class='ocrx_word' id='word_1_240' title='bbox 2064 3197 2107 3264; x_wconf 63' lang='grc' dir='ltr'>ο</span> 
     </span>
    </p>
   </div>
   <div class='ocr_carea' id='block_1_36' title="bbox 393 3256 2032 3331">
    <p class='ocr_par' dir='ltr' id='par_1_36' title="bbox 393 3256 2032 3331">
     <span class='ocr_line' id='line_1_36' title="bbox 393 3256 2032 3331; baseline 0.003 -20"><span class='ocrx_word' id='word_1_241' title='bbox 393 3256 595 3321; x_wconf 90' lang='lat' dir='ltr'><strong>erant;</strong></span> <span class='ocrx_word' id='word_1_242' title='bbox 628 3270 731 3325; x_wconf 90' lang='lat' dir='ltr'><strong>per</strong></span> <span class='ocrx_word' id='word_1_243' title='bbox 760 3270 973 3326; x_wconf 90' lang='lat' dir='ltr'><strong>aquam</strong></span> <span class='ocrx_word' id='word_1_244' title='bbox 1021 3256 1334 3325; x_wconf 85' lang='lat' dir='ltr'><strong>conjuncta</strong></span> <span class='ocrx_word' id='word_1_245' title='bbox 1379 3260 1539 3324; x_wconf 92' lang='lat' dir='ltr'><strong>sunt,</strong></span> <span class='ocrx_word' id='word_1_246' title='bbox 1571 3261 1628 3313; x_wconf 89' lang='lat' dir='ltr'><strong>et</strong></span> <span class='ocrx_word' id='word_1_247' title='bbox 1663 3262 1798 3330; x_wconf 88' lang='lat' dir='ltr'><strong>post</strong></span> <span class='ocrx_word' id='word_1_248' title='bbox 1826 3275 2032 3331; x_wconf 89' lang='lat' dir='ltr'><strong>quam-</strong></span> 
     </span>
    </p>
   </div>
   <div class='ocr_carea' id='block_1_37' title="bbox 390 3341 2040 3418">
    <p class='ocr_par' dir='ltr' id='par_1_37' title="bbox 390 3341 2040 3418">
     <span class='ocr_line' id='line_1_37' title="bbox 390 3341 2040 3418; baseline 0.005 -22"><span class='ocrx_word' id='word_1_249' title='bbox 390 3341 526 3397; x_wconf 88' lang='lat' dir='ltr'><strong>dam</strong></span> <span class='ocrx_word' id='word_1_250' title='bbox 559 3343 991 3415; x_wconf 88' lang='lat' dir='ltr'><strong>contritionem.</strong></span> <span class='ocrx_word' id='word_1_251' title='bbox 1024 3343 1147 3398; x_wconf 89' lang='lat' dir='ltr'><strong>Nisi</strong></span> <span class='ocrx_word' id='word_1_252' title='bbox 1178 3345 1335 3400; x_wconf 91' lang='lat' dir='ltr'><strong>enim</strong></span> <span class='ocrx_word' id='word_1_253' title='bbox 1386 3344 1640 3402; x_wconf 79' lang='lat' dir='ltr'><strong>moletur</strong></span> <span class='ocrx_word' id='word_1_254' title='bbox 1669 3347 1952 3418; x_wconf 88' lang='lat' dir='ltr'><strong>triticum,</strong></span> <span class='ocrx_word' id='word_1_255' title='bbox 1982 3353 2040 3405; x_wconf 90' lang='lat' dir='ltr'><strong>et</strong></span> 
     </span>
    </p>
   </div>
   <div class='ocr_carea' id='block_1_38' title="bbox 387 3433 2038 3505">
    <p class='ocr_par' dir='ltr' id='par_1_38' title="bbox 387 3433 2038 3505">
     <span class='ocr_line' id='line_1_38' title="bbox 387 3433 2038 3505; baseline 0.005 -19"><span class='ocrx_word' id='word_1_256' title='bbox 387 3447 493 3504; x_wconf 90' lang='lat' dir='ltr'><strong>per</strong></span> <span class='ocrx_word' id='word_1_257' title='bbox 522 3447 736 3503; x_wconf 89' lang='lat' dir='ltr'><strong>aquam</strong></span> <span class='ocrx_word' id='word_1_258' title='bbox 761 3436 1204 3505; x_wconf 87' lang='lat' dir='ltr'><strong>conspergatur,</strong></span> <span class='ocrx_word' id='word_1_259' title='bbox 1229 3433 1298 3488; x_wconf 89' lang='lat' dir='ltr'><strong>ad</strong></span> <span class='ocrx_word' id='word_1_260' title='bbox 1323 3433 1494 3489; x_wconf 89' lang='lat' dir='ltr'><strong>istam</strong></span> <span class='ocrx_word' id='word_1_261' title='bbox 1521 3434 1768 3491; x_wconf 87' lang='lat' dir='ltr'><strong>formam</strong></span> <span class='ocrx_word' id='word_1_262' title='bbox 1797 3436 2038 3494; x_wconf 91' lang='lat' dir='ltr'><strong>minime</strong></span> 
     </span>
    </p>
   </div>
   <div class='ocr_carea' id='block_1_39' title="bbox 385 3518 2035 3596">
    <p class='ocr_par' dir='ltr' id='par_1_39' title="bbox 385 3518 2035 3596">
     <span class='ocr_line' id='line_1_39' title="bbox 385 3518 2035 3596; baseline 0.004 -21"><span class='ocrx_word' id='word_1_263' title='bbox 385 3518 545 3576; x_wconf 88' lang='lat' dir='ltr'><strong>venit</strong></span> <span class='ocrx_word' id='word_1_264' title='bbox 577 3536 706 3593; x_wconf 59' lang='lat' dir='ltr'><strong>quae</strong></span> <span class='ocrx_word' id='word_1_265' title='bbox 737 3519 904 3592; x_wconf 90' lang='lat' dir='ltr'><strong>panis</strong></span> <span class='ocrx_word' id='word_1_266' title='bbox 935 3525 1194 3576; x_wconf 88' lang='lat' dir='ltr'><strong>vocatur.</strong></span> <span class='ocrx_word' id='word_1_267' title='bbox 1216 3521 1307 3576; x_wconf 91' lang='lat' dir='ltr'><strong>Sic</strong></span> <span class='ocrx_word' id='word_1_268' title='bbox 1329 3525 1386 3578; x_wconf 92' lang='lat' dir='ltr'><strong>et</strong></span> <span class='ocrx_word' id='word_1_269' title='bbox 1412 3539 1513 3577; x_wconf 90' lang='lat' dir='ltr'><strong>vos</strong></span> <span class='ocrx_word' id='word_1_270' title='bbox 1541 3524 1902 3596; x_wconf 84' lang='lat' dir='ltr'><strong>antejejunii</strong></span> <span class='ocrx_word' id='word_1_271' title='bbox 1927 3525 2035 3582; x_wconf 90' lang='lat' dir='ltr'><strong>hu-</strong></span> 
     </span>
    </p>
   </div>
   <div class='ocr_carea' id='block_1_40' title="bbox 387 3607 2036 3683">
    <p class='ocr_par' dir='ltr' id='par_1_40' title="bbox 387 3607 2036 3683">
     <span class='ocr_line' id='line_1_40' title="bbox 387 3607 2036 3683; baseline 0.003 -18"><span class='ocrx_word' id='word_1_272' title='bbox 387 3607 774 3665; x_wconf 90' lang='lat' dir='ltr'><strong>miliationem</strong></span> <span class='ocrx_word' id='word_1_273' title='bbox 827 3607 1133 3665; x_wconf 84' lang='lat' dir='ltr'><strong>exorcismi</strong></span> <span class='ocrx_word' id='word_1_274' title='bbox 1181 3615 1545 3666; x_wconf 89' lang='lat' dir='ltr'><strong>sacramento</strong></span> <span class='ocrx_word' id='word_1_275' title='bbox 1578 3612 1747 3683; x_wconf 90' lang='lat' dir='ltr'><strong>quasi</strong></span> <span class='ocrx_word' id='word_1_276' title='bbox 1779 3611 2036 3670; x_wconf 86' lang='lat' dir='ltr'><strong>moleba-</strong></span> 
     </span>
    </p>
   </div>
   <div class='ocr_carea' id='block_1_41' title="bbox 388 3697 2036 3774">
    <p class='ocr_par' dir='ltr' id='par_1_41' title="bbox 388 3697 2036 3774">
     <span class='ocr_line' id='line_1_41' title="bbox 388 3697 2036 3774; baseline 0.004 -22"><span class='ocrx_word' id='word_1_277' title='bbox 388 3697 557 3752; x_wconf 91' lang='lat' dir='ltr'><strong>mini.</strong></span> <span class='ocrx_word' id='word_1_278' title='bbox 588 3697 848 3753; x_wconf 89' lang='lat' dir='ltr'><strong>Accessit</strong></span> <span class='ocrx_word' id='word_1_279' title='bbox 876 3698 1208 3770; x_wconf 89' lang='lat' dir='ltr'><strong>baptismus</strong></span> <span class='ocrx_word' id='word_1_280' title='bbox 1229 3703 1286 3755; x_wconf 91' lang='lat' dir='ltr'><strong>et</strong></span> <span class='ocrx_word' id='word_1_281' title='bbox 1317 3716 1504 3771; x_wconf 91' lang='lat' dir='ltr'><strong>aqua;</strong></span> <span class='ocrx_word' id='word_1_282' title='bbox 1539 3700 1706 3773; x_wconf 89' lang='lat' dir='ltr'><strong>quasi</strong></span> <span class='ocrx_word' id='word_1_283' title='bbox 1739 3704 2036 3774; x_wconf 89' lang='lat' dir='ltr'><strong>conspersi</strong></span> 
     </span>
    </p>
   </div>
   <div class='ocr_carea' id='block_1_42' title="bbox 387 3787 2039 3859">
    <p class='ocr_par' dir='ltr' id='par_1_42' title="bbox 387 3787 2039 3859">
     <span class='ocr_line' id='line_1_42' title="bbox 387 3787 2039 3859; baseline 0.002 -15"><span class='ocrx_word' id='word_1_284' title='bbox 387 3787 554 3852; x_wconf 85' lang='lat' dir='ltr'><strong>estis,</strong></span> <span class='ocrx_word' id='word_1_285' title='bbox 578 3792 642 3842; x_wconf 88' lang='lat' dir='ltr'><strong>ut</strong></span> <span class='ocrx_word' id='word_1_286' title='bbox 663 3787 734 3842; x_wconf 92' lang='lat' dir='ltr'><strong>ad</strong></span> <span class='ocrx_word' id='word_1_287' title='bbox 755 3787 1001 3842; x_wconf 85' lang='lat' dir='ltr'><strong>formam</strong></span> <span class='ocrx_word' id='word_1_288' title='bbox 1025 3789 1193 3859; x_wconf 90' lang='lat' dir='ltr'><strong>panis</strong></span> <span class='ocrx_word' id='word_1_289' title='bbox 1216 3789 1508 3844; x_wconf 83' lang='lat' dir='ltr'><strong>veniretis.</strong></span> <span class='ocrx_word' id='word_1_290' title='bbox 1530 3789 1640 3845; x_wconf 92' lang='lat' dir='ltr'><strong>Sed</strong></span> <span class='ocrx_word' id='word_1_291' title='bbox 1666 3792 1923 3847; x_wconf 84' lang='lat' dir='ltr'><strong>nondum</strong></span> <span class='ocrx_word' id='word_1_292' title='bbox 1949 3796 2039 3849; x_wconf 89' lang='lat' dir='ltr'><strong>est</strong></span> 
     </span>
    </p>
   </div>
   <div class='ocr_carea' id='block_1_43' title="bbox 388 3873 2038 3952">
    <p class='ocr_par' dir='ltr' id='par_1_43' title="bbox 388 3873 2038 3952">
     <span class='ocr_line' id='line_1_43' title="bbox 388 3873 2038 3952; baseline 0.002 -20"><span class='ocrx_word' id='word_1_293' title='bbox 388 3873 558 3949; x_wconf 87' lang='lat' dir='ltr'><strong>panis</strong></span> <span class='ocrx_word' id='word_1_294' title='bbox 590 3875 716 3932; x_wconf 87' lang='lat' dir='ltr'><strong>sine</strong></span> <span class='ocrx_word' id='word_1_295' title='bbox 746 3875 899 3949; x_wconf 83' lang='lat' dir='ltr'><strong>igne.</strong></span> <span class='ocrx_word' id='word_1_296' title='bbox 932 3876 1092 3940; x_wconf 87' lang='lat' dir='ltr'><strong>Quod</strong></span> <span class='ocrx_word' id='word_1_297' title='bbox 1125 3893 1261 3949; x_wconf 91' lang='lat' dir='ltr'><strong>ergo</strong></span> <span class='ocrx_word' id='word_1_298' title='bbox 1284 3877 1575 3950; x_wconf 88' lang='lat' dir='ltr'><strong>signiﬁcat</strong></span> <span class='ocrx_word' id='word_1_299' title='bbox 1604 3879 1779 3952; x_wconf 85' lang='lat' dir='ltr'><strong>ignis,</strong></span> <span class='ocrx_word' id='word_1_300' title='bbox 1812 3879 1922 3935; x_wconf 92' lang='lat' dir='ltr'><strong>hoc</strong></span> <span class='ocrx_word' id='word_1_301' title='bbox 1948 3885 2038 3936; x_wconf 91' lang='lat' dir='ltr'><strong>est</strong></span> 
     </span>
    </p>
   </div>
   <div class='ocr_carea' id='block_1_44' title="bbox 371 3951 2036 4040">
    <p class='ocr_par' dir='ltr' id='par_1_44' title="bbox 371 3951 2036 4040">
     <span class='ocr_line' id='line_1_44' title="bbox 371 3951 2036 4040; baseline 0.002 -19"><span class='ocrx_word' id='word_1_302' title='bbox 371 3951 670 4021; x_wconf 80' lang='lat' dir='ltr'><strong>chrisma.</strong></span> <span class='ocrx_word' id='word_1_303' title='bbox 698 3987 726 4015; x_wconf 85' lang='lat'>»</span> <span class='ocrx_word' id='word_1_304' title='bbox 756 3965 1122 4038; x_wconf 85' lang='lat' dir='ltr'><strong>Augustinus</strong></span> <span class='ocrx_word' id='word_1_305' title='bbox 1153 3965 1244 4021; x_wconf 90' lang='lat' dir='ltr'><strong>his</strong></span> <span class='ocrx_word' id='word_1_306' title='bbox 1272 3965 1519 4040; x_wconf 86' lang='lat' dir='ltr'><strong>aliisque</strong></span> <span class='ocrx_word' id='word_1_307' title='bbox 1547 3967 1737 4023; x_wconf 89' lang='lat' dir='ltr'><strong>verbis</strong></span> <span class='ocrx_word' id='word_1_308' title='bbox 1768 3976 2036 4024; x_wconf 84' lang='lat' dir='ltr'><strong>accurate</strong></span> 
     </span>
    </p>
   </div>
   <div class='ocr_carea' id='block_1_45' title="bbox 387 4049 2035 4126">
    <p class='ocr_par' dir='ltr' id='par_1_45' title="bbox 387 4049 2035 4126">
     <span class='ocr_line' id='line_1_45' title="bbox 387 4049 2035 4126; baseline 0.002 -17"><span class='ocrx_word' id='word_1_309' title='bbox 387 4053 628 4125; x_wconf 90' lang='lat' dir='ltr'><strong>singula</strong></span> <span class='ocrx_word' id='word_1_310' title='bbox 658 4053 1007 4125; x_wconf 82' lang='lat' dir='ltr'><strong>distinguit;</strong></span> <span class='ocrx_word' id='word_1_311' title='bbox 1059 4049 1376 4126; x_wconf 78' lang='lat' dir='ltr'><strong>granorum</strong></span> <span class='ocrx_word' id='word_1_312' title='bbox 1436 4054 1864 4126; x_wconf 88' lang='lat' dir='ltr'><strong>contritionem,</strong></span> <span class='ocrx_word' id='word_1_313' title='bbox 1899 4073 2035 4112; x_wconf 92' lang='lat' dir='ltr'><strong>con-</strong></span> 
     </span>
    </p>
   </div>
   <div class='ocr_carea' id='block_1_46' title="bbox 386 4142 2037 4216">
    <p class='ocr_par' dir='ltr' id='par_1_46' title="bbox 386 4142 2037 4216">
     <span class='ocr_line' id='line_1_46' title="bbox 386 4142 2037 4216; baseline 0.002 -18"><span class='ocrx_word' id='word_1_314' title='bbox 386 4142 752 4216; x_wconf 87' lang='lat' dir='ltr'><strong>spersionem</strong></span> <span class='ocrx_word' id='word_1_315' title='bbox 786 4147 842 4198; x_wconf 92' lang='lat' dir='ltr'><strong>et</strong></span> <span class='ocrx_word' id='word_1_316' title='bbox 871 4142 1342 4214; x_wconf 89' lang='lat' dir='ltr'><strong>conjunctionem</strong></span> <span class='ocrx_word' id='word_1_317' title='bbox 1371 4159 1473 4214; x_wconf 90' lang='lat' dir='ltr'><strong>per</strong></span> <span class='ocrx_word' id='word_1_318' title='bbox 1499 4159 1714 4215; x_wconf 91' lang='lat' dir='ltr'><strong>aquam</strong></span> <span class='ocrx_word' id='word_1_319' title='bbox 1738 4143 1948 4214; x_wconf 89' lang='lat' dir='ltr'><strong>solam,</strong></span> <span class='ocrx_word' id='word_1_320' title='bbox 1979 4149 2037 4201; x_wconf 92' lang='lat' dir='ltr'><strong>et</strong></span> 
     </span>
    </p>
   </div>
   <div class='ocr_carea' id='block_1_47' title="bbox 384 4231 2036 4289">
    <p class='ocr_par' dir='ltr' id='par_1_47' title="bbox 384 4231 2036 4289">
     <span class='ocr_line' id='line_1_47' title="bbox 384 4231 2036 4289; baseline 0.002 -3"><span class='ocrx_word' id='word_1_321' title='bbox 384 4231 730 4287; x_wconf 91' lang='lat' dir='ltr'><strong>coctionem.</strong></span> <span class='ocrx_word' id='word_1_322' title='bbox 752 4231 949 4287; x_wconf 89' lang='lat' dir='ltr'><strong>Altum</strong></span> <span class='ocrx_word' id='word_1_323' title='bbox 969 4232 1040 4286; x_wconf 93' lang='lat' dir='ltr'><strong>de</strong></span> <span class='ocrx_word' id='word_1_324' title='bbox 1061 4231 1344 4287; x_wconf 87' lang='lat' dir='ltr'><strong>fermento</strong></span> <span class='ocrx_word' id='word_1_325' title='bbox 1361 4231 1661 4287; x_wconf 91' lang='lat' dir='ltr'><strong>silentium</strong></span> <span class='ocrx_word' id='word_1_326' title='bbox 1679 4232 1822 4288; x_wconf 90' lang='lat' dir='ltr'><strong>satis</strong></span> <span class='ocrx_word' id='word_1_327' title='bbox 1842 4232 2036 4289; x_wconf 88' lang='lat' dir='ltr'><strong>innuit</strong></span> 
     </span>
    </p>
   </div>
   <div class='ocr_carea' id='block_1_48' title="bbox 382 4317 2033 4392">
    <p class='ocr_par' dir='ltr' id='par_1_48' title="bbox 382 4317 2033 4392">
     <span class='ocr_line' id='line_1_48' title="bbox 382 4317 2033 4392; baseline 0.003 -19"><span class='ocrx_word' id='word_1_328' title='bbox 382 4317 534 4376; x_wconf 91' lang='lat' dir='ltr'><strong>illud</strong></span> <span class='ocrx_word' id='word_1_329' title='bbox 561 4337 626 4375; x_wconf 93' lang='lat' dir='ltr'><strong>eo</strong></span> <span class='ocrx_word' id='word_1_330' title='bbox 659 4327 916 4392; x_wconf 88' lang='lat' dir='ltr'><strong>tempore</strong></span> <span class='ocrx_word' id='word_1_331' title='bbox 947 4318 1294 4375; x_wconf 91' lang='lat' dir='ltr'><strong>inusitatum</strong></span> <span class='ocrx_word' id='word_1_332' title='bbox 1338 4319 1542 4376; x_wconf 90' lang='lat' dir='ltr'><strong>fuisse.</strong></span> <span class='ocrx_word' id='word_1_333' title='bbox 1571 4321 1730 4376; x_wconf 89' lang='lat' dir='ltr'><strong>Adde</strong></span> <span class='ocrx_word' id='word_1_334' title='bbox 1763 4326 2033 4378; x_wconf 90' lang='lat' dir='ltr'><strong>sanctum</strong></span> 
     </span>
    </p>
   </div>
   <div class='ocr_carea' id='block_1_49' title="bbox 383 4407 2034 4482">
    <p class='ocr_par' dir='ltr' id='par_1_49' title="bbox 383 4407 2034 4482">
     <span class='ocr_line' id='line_1_49' title="bbox 383 4407 2034 4482; baseline 0.002 -18"><span class='ocrx_word' id='word_1_335' title='bbox 383 4409 683 4464; x_wconf 90' lang='lat' dir='ltr'><strong>doctorem</strong></span> <span class='ocrx_word' id='word_1_336' title='bbox 716 4409 800 4463; x_wconf 92' lang='lat' dir='ltr'><strong>uti</strong></span> <span class='ocrx_word' id='word_1_337' title='bbox 828 4407 1112 4464; x_wconf 87' lang='lat' dir='ltr'><strong>vocabulo</strong></span> <span class='ocrx_word' id='word_1_338' title='bbox 1149 4411 1444 4481; x_wconf 75' lang='lat' dir='ltr'><strong>conspersi,</strong></span> <span class='ocrx_word' id='word_1_339' title='bbox 1478 4426 1592 4482; x_wconf 91' lang='lat' dir='ltr'><strong>quo</strong></span> <span class='ocrx_word' id='word_1_340' title='bbox 1623 4426 1881 4468; x_wconf 88' lang='lat' dir='ltr'><strong>massam</strong></span> <span class='ocrx_word' id='word_1_341' title='bbox 1907 4411 2034 4468; x_wconf 90' lang='lat' dir='ltr'><strong>sine</strong></span> 
     </span>
    </p>
   </div>
   <div class='ocr_carea' id='block_1_50' title="bbox 385 4495 2034 4572">
    <p class='ocr_par' dir='ltr' id='par_1_50' title="bbox 385 4495 2034 4572">
     <span class='ocr_line' id='line_1_50' title="bbox 385 4495 2034 4572; baseline 0.003 -20"><span class='ocrx_word' id='word_1_342' title='bbox 385 4496 661 4553; x_wconf 88' lang='lat' dir='ltr'><strong>fermenti</strong></span> <span class='ocrx_word' id='word_1_343' title='bbox 681 4495 1029 4552; x_wconf 87' lang='lat' dir='ltr'><strong>admistione</strong></span> <span class='ocrx_word' id='word_1_344' title='bbox 1052 4514 1205 4568; x_wconf 91' lang='lat' dir='ltr'><strong>aqua</strong></span> <span class='ocrx_word' id='word_1_345' title='bbox 1223 4496 1684 4570; x_wconf 89' lang='lat' dir='ltr'><strong>conglutinatam</strong></span> <span class='ocrx_word' id='word_1_346' title='bbox 1716 4498 2034 4572; x_wconf 89' lang='lat' dir='ltr'><strong>signiﬁcari</strong></span> 
     </span>
    </p>
   </div>
   <div class='ocr_carea' id='block_1_51' title="bbox 381 4584 1462 4655">
    <p class='ocr_par' dir='ltr' id='par_1_51' title="bbox 381 4584 1462 4655">
     <span class='ocr_line' id='line_1_51' title="bbox 381 4584 1462 4655; baseline 0.001 -16"><span class='ocrx_word' id='word_1_347' title='bbox 381 4588 636 4655; x_wconf 90' lang='lat' dir='ltr'><strong>constat,</strong></span> <span class='ocrx_word' id='word_1_348' title='bbox 668 4589 734 4639; x_wconf 90' lang='lat' dir='ltr'><strong>ut</strong></span> <span class='ocrx_word' id='word_1_349' title='bbox 763 4584 1007 4640; x_wconf 90' lang='lat' dir='ltr'><strong>inferius</strong></span> <span class='ocrx_word' id='word_1_350' title='bbox 1030 4586 1462 4642; x_wconf 90' lang='lat' dir='ltr'><strong>demonstrabo.</strong></span> 
     </span>
    </p>
   </div>
   <div class='ocr_carea' id='block_1_52' title="bbox 458 4699 2030 4776">
    <p class='ocr_par' dir='ltr' id='par_1_52' title="bbox 458 4699 2030 4776">
     <span class='ocr_line' id='line_1_52' title="bbox 458 4699 2030 4776; baseline 0.003 -21"><span class='ocrx_word' id='word_1_351' title='bbox 458 4699 669 4772; x_wconf 86' lang='lat' dir='ltr'><strong>Eodem</strong></span> <span class='ocrx_word' id='word_1_352' title='bbox 704 4701 877 4756; x_wconf 92' lang='lat' dir='ltr'><strong>modo</strong></span> <span class='ocrx_word' id='word_1_353' title='bbox 908 4699 1008 4756; x_wconf 91' lang='lat' dir='ltr'><strong>alii</strong></span> <span class='ocrx_word' id='word_1_354' title='bbox 1057 4701 1258 4758; x_wconf 89' lang='lat' dir='ltr'><strong>Patres</strong></span> <span class='ocrx_word' id='word_1_355' title='bbox 1287 4700 1612 4774; x_wconf 90' lang='lat' dir='ltr'><strong>loquuntur</strong></span> <span class='ocrx_word' id='word_1_356' title='bbox 1640 4703 1711 4758; x_wconf 93' lang='lat' dir='ltr'><strong>de</strong></span> <span class='ocrx_word' id='word_1_357' title='bbox 1742 4704 2030 4776; x_wconf 88' lang='lat' dir='ltr'><strong>composi-</strong></span> 
     </span>
    </p>
   </div>
   <div class='ocr_carea' id='block_1_53' title="bbox 383 4786 2032 4862">
    <p class='ocr_par' dir='ltr' id='par_1_53' title="bbox 383 4786 2032 4862">
     <span class='ocr_line' id='line_1_53' title="bbox 383 4786 2032 4862; baseline 0.004 -19"><span class='ocrx_word' id='word_1_358' title='bbox 383 4786 542 4844; x_wconf 85' lang='lat' dir='ltr'><strong>tione</strong></span> <span class='ocrx_word' id='word_1_359' title='bbox 597 4789 769 4862; x_wconf 89' lang='lat' dir='ltr'><strong>panis</strong></span> <span class='ocrx_word' id='word_1_360' title='bbox 825 4789 1219 4856; x_wconf 91' lang='lat' dir='ltr'><strong>eucharistici,</strong></span> <span class='ocrx_word' id='word_1_361' title='bbox 1274 4807 1422 4862; x_wconf 92' lang='lat' dir='ltr'><strong>quos</strong></span> <span class='ocrx_word' id='word_1_362' title='bbox 1477 4790 1629 4846; x_wconf 90' lang='lat' dir='ltr'><strong>inter</strong></span> <span class='ocrx_word' id='word_1_363' title='bbox 1669 4791 2032 4849; x_wconf 89' lang='lat' dir='ltr'><strong>Gaudentius</strong></span> 
     </span>
    </p>
   </div>
   <div class='ocr_carea' id='block_1_54' title="bbox 380 4876 2032 4950">
    <p class='ocr_par' dir='ltr' id='par_1_54' title="bbox 380 4876 2032 4950">
     <span class='ocr_line' id='line_1_54' title="bbox 380 4876 2032 4950; baseline 0.004 -18"><span class='ocrx_word' id='word_1_364' title='bbox 380 4876 700 4934; x_wconf 74' lang='lat' dir='ltr'><strong>Brixiensis</strong></span> <span class='ocrx_word' id='word_1_365' title='bbox 730 4878 1039 4950; x_wconf 89' lang='lat' dir='ltr'><strong>episcopus</strong></span> <span class='ocrx_word' id='word_1_366' title='bbox 1067 4879 1128 4934; x_wconf 90' lang='lat' dir='ltr'><strong>in</strong></span> <span class='ocrx_word' id='word_1_367' title='bbox 1159 4879 1430 4935; x_wconf 89' lang='lat' dir='ltr'><strong>Tractatu</strong></span> <span class='ocrx_word' id='word_1_368' title='bbox 1451 4880 1577 4936; x_wconf 83' lang='lat' dir='ltr'><strong>2de</strong></span> <span class='ocrx_word' id='word_1_369' title='bbox 1607 4880 1906 4949; x_wconf 89' lang='lat' dir='ltr'><strong>Pascbate,</strong></span> <span class='ocrx_word' id='word_1_370' title='bbox 1937 4898 2032 4938; x_wconf 91' lang='lat' dir='ltr'><strong>ve-</strong></span> 
     </span>
    </p>
   </div>
   <div class='ocr_carea' id='block_1_55' title="bbox 382 4965 2035 5040">
    <p class='ocr_par' dir='ltr' id='par_1_55' title="bbox 382 4965 2035 5040">
     <span class='ocr_line' id='line_1_55' title="bbox 382 4965 2035 5040; baseline 0.004 -20"><span class='ocrx_word' id='word_1_371' title='bbox 382 4965 667 5023; x_wconf 87' lang='lat' dir='ltr'><strong>nerabilis</strong></span> <span class='ocrx_word' id='word_1_372' title='bbox 693 4966 850 5023; x_wconf 86' lang='lat' dir='ltr'><strong>Beda</strong></span> <span class='ocrx_word' id='word_1_373' title='bbox 880 4967 938 5022; x_wconf 91' lang='lat' dir='ltr'><strong>in</strong></span> <span class='ocrx_word' id='word_1_374' title='bbox 961 4967 1123 5022; x_wconf 75' lang='lat' dir='ltr'><strong>Lucae</strong></span> <span class='ocrx_word' id='word_1_375' title='bbox 1145 4984 1272 5040; x_wconf 87' lang='lat' dir='ltr'><strong>cap.</strong></span> <span class='ocrx_word' id='word_1_376' title='bbox 1300 4985 1440 5035; x_wconf 83' lang='lat' dir='ltr'><strong>xxu,</strong></span> <span class='ocrx_word' id='word_1_377' title='bbox 1467 4970 1525 5023; x_wconf 92' lang='lat' dir='ltr'><strong>et</strong></span> <span class='ocrx_word' id='word_1_378' title='bbox 1543 4967 1666 5035; x_wconf 89' lang='lat' dir='ltr'><strong>alii,</strong></span> <span class='ocrx_word' id='word_1_379' title='bbox 1689 4967 1852 5025; x_wconf 88' lang='lat' dir='ltr'><strong>nulla</strong></span> <span class='ocrx_word' id='word_1_380' title='bbox 1882 4970 2035 5026; x_wconf 89' lang='lat' dir='ltr'><strong>facta</strong></span> 
     </span>
    </p>
   </div>
   <div class='ocr_carea' id='block_1_56' title="bbox 383 5053 997 5110">
    <p class='ocr_par' dir='ltr' id='par_1_56' title="bbox 383 5053 997 5110">
     <span class='ocr_line' id='line_1_56' title="bbox 383 5053 997 5110; baseline -0.002 0"><span class='ocrx_word' id='word_1_381' title='bbox 383 5053 685 5110; x_wconf 88' lang='lat' dir='ltr'><strong>mentione</strong></span> <span class='ocrx_word' id='word_1_382' title='bbox 706 5054 997 5110; x_wconf 88' lang='lat' dir='ltr'><strong>fermenti.</strong></span> 
     </span>
    </p>
   </div>
   <div class='ocr_carea' id='block_1_57' title="bbox 455 5160 2032 5237">
    <p class='ocr_par' dir='ltr' id='par_1_57' title="bbox 455 5160 2032 5237">
     <span class='ocr_line' id='line_1_57' title="bbox 455 5160 2032 5237; baseline 0.001 -19"><span class='ocrx_word' id='word_1_383' title='bbox 455 5161 734 5218; x_wconf 61' lang='lat' dir='ltr'><strong>Praeterea</strong></span> <span class='ocrx_word' id='word_1_384' title='bbox 749 5160 912 5218; x_wconf 90' lang='lat' dir='ltr'><strong>nulla</strong></span> <span class='ocrx_word' id='word_1_385' title='bbox 928 5161 1039 5229; x_wconf 84' lang='lat' dir='ltr'><strong>lex,</strong></span> <span class='ocrx_word' id='word_1_386' title='bbox 1057 5161 1285 5218; x_wconf 88' lang='lat' dir='ltr'><strong>nullum</strong></span> <span class='ocrx_word' id='word_1_387' title='bbox 1300 5163 1622 5228; x_wconf 91' lang='lat' dir='ltr'><strong>decretum,</strong></span> <span class='ocrx_word' id='word_1_388' title='bbox 1639 5161 1868 5218; x_wconf 89' lang='lat' dir='ltr'><strong>nullum</strong></span> <span class='ocrx_word' id='word_1_389' title='bbox 1884 5162 2032 5237; x_wconf 86' lang='lat' dir='ltr'><strong>legis</strong></span> 
     </span>
    </p>
   </div>
   <div class='ocr_carea' id='block_1_58' title="bbox 381 5249 2030 5323">
    <p class='ocr_par' dir='ltr' id='par_1_58' title="bbox 381 5249 2030 5323">
     <span class='ocr_line' id='line_1_58' title="bbox 381 5249 2030 5323; baseline 0.001 -17"><span class='ocrx_word' id='word_1_390' title='bbox 381 5251 487 5306; x_wconf 86' lang='lat' dir='ltr'><strong>aut</strong></span> <span class='ocrx_word' id='word_1_391' title='bbox 514 5249 730 5306; x_wconf 89' lang='lat' dir='ltr'><strong>decreti</strong></span> <span class='ocrx_word' id='word_1_392' title='bbox 758 5251 1069 5323; x_wconf 85' lang='lat' dir='ltr'><strong>vestigium</strong></span> <span class='ocrx_word' id='word_1_393' title='bbox 1103 5254 1290 5307; x_wconf 85' lang='lat' dir='ltr'><strong>exstat</strong></span> <span class='ocrx_word' id='word_1_394' title='bbox 1337 5250 1492 5323; x_wconf 91' lang='lat' dir='ltr'><strong>apud</strong></span> <span class='ocrx_word' id='word_1_395' title='bbox 1524 5254 1747 5306; x_wconf 88' lang='lat' dir='ltr'><strong>veteres</strong></span> <span class='ocrx_word' id='word_1_396' title='bbox 1783 5251 1855 5306; x_wconf 93' lang='lat' dir='ltr'><strong>de</strong></span> <span class='ocrx_word' id='word_1_397' title='bbox 1887 5252 2030 5308; x_wconf 90' lang='lat' dir='ltr'><strong>reci-</strong></span> 
     </span>
    </p>
   </div>
   <div class='ocr_carea' id='block_1_59' title="bbox 378 5337 2030 5411">
    <p class='ocr_par' dir='ltr' id='par_1_59' title="bbox 378 5337 2030 5411">
     <span class='ocr_line' id='line_1_59' title="bbox 378 5337 2030 5411; baseline 0.001 -17"><span class='ocrx_word' id='word_1_398' title='bbox 378 5337 592 5411; x_wconf 87' lang='lat' dir='ltr'><strong>piendo</strong></span> <span class='ocrx_word' id='word_1_399' title='bbox 623 5337 682 5393; x_wconf 92' lang='lat' dir='ltr'><strong>in</strong></span> <span class='ocrx_word' id='word_1_400' title='bbox 714 5337 969 5395; x_wconf 79' lang='lat' dir='ltr'><strong>Ecclesia</strong></span> <span class='ocrx_word' id='word_1_401' title='bbox 997 5355 1225 5411; x_wconf 83' lang='lat' dir='ltr'><strong>axymo,</strong></span> <span class='ocrx_word' id='word_1_402' title='bbox 1258 5355 1449 5411; x_wconf 90' lang='lat' dir='ltr'><strong>neque</strong></span> <span class='ocrx_word' id='word_1_403' title='bbox 1489 5339 1560 5395; x_wconf 91' lang='lat' dir='ltr'><strong>de</strong></span> <span class='ocrx_word' id='word_1_404' title='bbox 1607 5339 1890 5396; x_wconf 90' lang='lat' dir='ltr'><strong>mutando</strong></span> <span class='ocrx_word' id='word_1_405' title='bbox 1921 5339 2030 5395; x_wconf 90' lang='lat' dir='ltr'><strong>fer-</strong></span> 
     </span>
    </p>
   </div>
   <div class='ocr_carea' id='block_1_60' title="bbox 377 5427 2032 5502">
    <p class='ocr_par' dir='ltr' id='par_1_60' title="bbox 377 5427 2032 5502">
     <span class='ocr_line' id='line_1_60' title="bbox 377 5427 2032 5502; baseline -0.001 -16"><span class='ocrx_word' id='word_1_406' title='bbox 377 5431 604 5496; x_wconf 88' lang='lat' dir='ltr'><strong>mento,</strong></span> <span class='ocrx_word' id='word_1_407' title='bbox 638 5443 744 5484; x_wconf 90' lang='lat' dir='ltr'><strong>nec</strong></span> <span class='ocrx_word' id='word_1_408' title='bbox 773 5429 845 5485; x_wconf 89' lang='lat' dir='ltr'><strong>de</strong></span> <span class='ocrx_word' id='word_1_409' title='bbox 873 5427 1278 5484; x_wconf 86' lang='lat' dir='ltr'><strong>transferendo</strong></span> <span class='ocrx_word' id='word_1_410' title='bbox 1299 5427 1487 5501; x_wconf 81' lang='lat' dir='ltr'><strong>azymi</strong></span> <span class='ocrx_word' id='word_1_411' title='bbox 1516 5431 1573 5484; x_wconf 92' lang='lat' dir='ltr'><strong>et</strong></span> <span class='ocrx_word' id='word_1_412' title='bbox 1601 5427 1873 5484; x_wconf 86' lang='lat' dir='ltr'><strong>fermenti</strong></span> <span class='ocrx_word' id='word_1_413' title='bbox 1905 5445 2032 5502; x_wconf 85' lang='lat' dir='ltr'><strong>pro-</strong></span> 
     </span>
    </p>
   </div>
   <div class='ocr_carea' id='block_1_61' title="bbox 381 5517 2032 5591">
    <p class='ocr_par' dir='ltr' id='par_1_61' title="bbox 381 5517 2032 5591">
     <span class='ocr_line' id='line_1_61' title="bbox 381 5517 2032 5591; baseline 0 -17"><span class='ocrx_word' id='word_1_414' title='bbox 381 5517 610 5590; x_wconf 78' lang='lat' dir='ltr'><strong>miscuo</strong></span> <span class='ocrx_word' id='word_1_415' title='bbox 641 5533 754 5576; x_wconf 84' lang='lat' dir='ltr'><strong>usu</strong></span> <span class='ocrx_word' id='word_1_416' title='bbox 785 5518 845 5574; x_wconf 89' lang='lat' dir='ltr'><strong>in</strong></span> <span class='ocrx_word' id='word_1_417' title='bbox 865 5518 1052 5591; x_wconf 79' lang='lat' dir='ltr'><strong>azymi</strong></span> <span class='ocrx_word' id='word_1_418' title='bbox 1073 5533 1447 5574; x_wconf 90' lang='lat' dir='ltr'><strong>communem</strong></span> <span class='ocrx_word' id='word_1_419' title='bbox 1471 5517 1651 5585; x_wconf 80' lang='lat' dir='ltr'><strong>ritum</strong></span> <span class='ocrx_word' id='word_1_420' title='bbox 1675 5531 1689 5572; x_wconf 90' lang='lat'><strong>:</strong></span> <span class='ocrx_word' id='word_1_421' title='bbox 1713 5517 1869 5590; x_wconf 91' lang='lat' dir='ltr'><strong>quod</strong></span> <span class='ocrx_word' id='word_1_422' title='bbox 1893 5533 2032 5574; x_wconf 88' lang='lat' dir='ltr'><strong>sane</strong></span> 
     </span>
    </p>
   </div>
   <div class='ocr_carea' id='block_1_62' title="bbox 381 5605 2032 5684">
    <p class='ocr_par' dir='ltr' id='par_1_62' title="bbox 381 5605 2032 5684">
     <span class='ocr_line' id='line_1_62' title="bbox 381 5605 2032 5684; baseline 0.001 -14"><span class='ocrx_word' id='word_1_423' title='bbox 381 5606 602 5670; x_wconf 81' lang='lat' dir='ltr'><strong>mirum</strong></span> <span class='ocrx_word' id='word_1_424' title='bbox 634 5610 809 5682; x_wconf 73' lang='lat' dir='ltr'><strong>esset,</strong></span> <span class='ocrx_word' id='word_1_425' title='bbox 838 5607 890 5667; x_wconf 87' lang='lat' dir='ltr'><strong>si</strong></span> <span class='ocrx_word' id='word_1_426' title='bbox 919 5605 1236 5684; x_wconf 77' lang='lat' dir='ltr'><strong>aliquando</strong></span> <span class='ocrx_word' id='word_1_427' title='bbox 1265 5605 1328 5666; x_wconf 88' lang='lat' dir='ltr'><strong>in</strong></span> <span class='ocrx_word' id='word_1_428' title='bbox 1347 5605 1606 5669; x_wconf 75' lang='lat' dir='ltr'><strong>Ecclesia</strong></span> <span class='ocrx_word' id='word_1_429' title='bbox 1623 5605 1832 5670; x_wconf 72' lang='lat' dir='ltr'><strong>Latina</strong></span> <span class='ocrx_word' id='word_1_430' title='bbox 1855 5607 2032 5671; x_wconf 66' lang='lat' dir='ltr'><strong>obve-</strong></span> 
     </span>
    </p>
   </div>
   <div class='ocr_carea' id='block_1_63' title="bbox 2145 552 3784 641">
    <p class='ocr_par' dir='ltr' id='par_1_63' title="bbox 2145 552 3784 641">
     <span class='ocr_line' id='line_1_63' title="bbox 2145 552 3784 641; baseline 0.015 -35"><span class='ocrx_word' id='word_1_431' title='bbox 2145 552 2331 608; x_wconf 91' lang='lat' dir='ltr'><strong>sancti</strong></span> <span class='ocrx_word' id='word_1_432' title='bbox 2364 553 2560 611; x_wconf 88' lang='lat' dir='ltr'><strong>Patres</strong></span> <span class='ocrx_word' id='word_1_433' title='bbox 2583 564 2700 613; x_wconf 87' lang='lat' dir='ltr'><strong>tam</strong></span> <span class='ocrx_word' id='word_1_434' title='bbox 2728 557 2961 616; x_wconf 91' lang='lat' dir='ltr'><strong>solliciti</strong></span> <span class='ocrx_word' id='word_1_435' title='bbox 2987 561 3201 618; x_wconf 83' lang='lat' dir='ltr'><strong>fuerint</strong></span> <span class='ocrx_word' id='word_1_436' title='bbox 3221 565 3292 620; x_wconf 91' lang='lat' dir='ltr'><strong>de</strong></span> <span class='ocrx_word' id='word_1_437' title='bbox 3323 566 3394 622; x_wconf 92' lang='lat' dir='ltr'><strong>iis</strong></span> <span class='ocrx_word' id='word_1_438' title='bbox 3420 585 3547 641; x_wconf 68' lang='lat' dir='ltr'><strong>quae</strong></span> <span class='ocrx_word' id='word_1_439' title='bbox 3579 573 3649 628; x_wconf 94' lang='lat' dir='ltr'><strong>ad</strong></span> <span class='ocrx_word' id='word_1_440' title='bbox 3681 592 3784 629; x_wconf 90' lang='lat' dir='ltr'><strong>au-</strong></span> 
     </span>
    </p>
   </div>
   <div class='ocr_carea' id='block_1_64' title="bbox 2143 642 3783 732">
    <p class='ocr_par' dir='ltr' id='par_1_64' title="bbox 2143 642 3783 732">
     <span class='ocr_line' id='line_1_64' title="bbox 2143 642 3783 732; baseline 0.016 -39"><span class='ocrx_word' id='word_1_441' title='bbox 2143 642 2554 711; x_wconf 87' lang='lat' dir='ltr'><strong>gustissimum</strong></span> <span class='ocrx_word' id='word_1_442' title='bbox 2588 646 2965 704; x_wconf 63' lang='lat' dir='ltr'><strong>Eucharistia</strong></span> <span class='ocrx_word' id='word_1_443' title='bbox 2997 659 3427 711; x_wconf 89' lang='lat' dir='ltr'><strong>sacramentum</strong></span> <span class='ocrx_word' id='word_1_444' title='bbox 3457 662 3783 732; x_wconf 90' lang='lat' dir='ltr'><strong>pertinent;</strong></span> 
     </span>
    </p>
   </div>
   <div class='ocr_carea' id='block_1_65' title="bbox 2144 732 3786 812">
    <p class='ocr_par' dir='ltr' id='par_1_65' title="bbox 2144 732 3786 812">
     <span class='ocr_line' id='line_1_65' title="bbox 2144 732 3786 812; baseline 0.015 -29"><span class='ocrx_word' id='word_1_445' title='bbox 2144 744 2277 784; x_wconf 90' lang='lat' dir='ltr'><strong>cum</strong></span> <span class='ocrx_word' id='word_1_446' title='bbox 2300 734 2384 787; x_wconf 93' lang='lat' dir='ltr'><strong>tot</strong></span> <span class='ocrx_word' id='word_1_447' title='bbox 2415 732 2644 790; x_wconf 89' lang='lat' dir='ltr'><strong>decreta</strong></span> <span class='ocrx_word' id='word_1_448' title='bbox 2675 738 3035 794; x_wconf 89' lang='lat' dir='ltr'><strong>condiderint</strong></span> <span class='ocrx_word' id='word_1_449' title='bbox 3067 742 3138 796; x_wconf 92' lang='lat' dir='ltr'><strong>de</strong></span> <span class='ocrx_word' id='word_1_450' title='bbox 3169 742 3473 812; x_wconf 76' lang='lat' dir='ltr'><strong>altaribus,</strong></span> <span class='ocrx_word' id='word_1_451' title='bbox 3507 753 3626 805; x_wconf 91' lang='lat' dir='ltr'><strong>tam</strong></span> <span class='ocrx_word' id='word_1_452' title='bbox 3654 753 3786 809; x_wconf 86' lang='lat' dir='ltr'><strong>ﬁxis</strong></span> 
     </span>
    </p>
   </div>
   <div class='ocr_carea' id='block_1_66' title="bbox 2144 822 3784 906">
    <p class='ocr_par' dir='ltr' id='par_1_66' title="bbox 2144 822 3784 906">
     <span class='ocr_line' id='line_1_66' title="bbox 2144 822 3784 906; baseline 0.015 -34"><span class='ocrx_word' id='word_1_453' title='bbox 2144 834 2321 890; x_wconf 90' lang='lat' dir='ltr'><strong>quam</strong></span> <span class='ocrx_word' id='word_1_454' title='bbox 2355 822 2692 890; x_wconf 90' lang='lat' dir='ltr'><strong>mobilibus,</strong></span> <span class='ocrx_word' id='word_1_455' title='bbox 2726 826 2797 882; x_wconf 92' lang='lat' dir='ltr'><strong>de</strong></span> <span class='ocrx_word' id='word_1_456' title='bbox 2827 827 2980 883; x_wconf 89' lang='lat' dir='ltr'><strong>vasis</strong></span> <span class='ocrx_word' id='word_1_457' title='bbox 3012 832 3252 886; x_wconf 85' lang='lat' dir='ltr'><strong>sacratis</strong></span> <span class='ocrx_word' id='word_1_458' title='bbox 3285 834 3471 906; x_wconf 90' lang='lat' dir='ltr'><strong>deque</strong></span> <span class='ocrx_word' id='word_1_459' title='bbox 3499 837 3694 895; x_wconf 89' lang='lat' dir='ltr'><strong>linteis</strong></span> <span class='ocrx_word' id='word_1_460' title='bbox 3728 840 3784 895; x_wconf 92' lang='lat' dir='ltr'><strong>in</strong></span> 
     </span>
    </p>
   </div>
   <div class='ocr_carea' id='block_1_67' title="bbox 2145 907 3788 1001">
    <p class='ocr_par' dir='ltr' id='par_1_67' title="bbox 2145 907 3788 1001">
     <span class='ocr_line' id='line_1_67' title="bbox 2145 907 3788 1001; baseline 0.015 -40"><span class='ocrx_word' id='word_1_461' title='bbox 2145 907 2429 965; x_wconf 90' lang='lat' dir='ltr'><strong>sacriﬁcio</strong></span> <span class='ocrx_word' id='word_1_462' title='bbox 2479 911 2738 980; x_wconf 85' lang='lat' dir='ltr'><strong>usitatis,</strong></span> <span class='ocrx_word' id='word_1_463' title='bbox 2771 916 2842 970; x_wconf 91' lang='lat' dir='ltr'><strong>de</strong></span> <span class='ocrx_word' id='word_1_464' title='bbox 2872 917 3239 975; x_wconf 89' lang='lat' dir='ltr'><strong>Eucharistia</strong></span> <span class='ocrx_word' id='word_1_465' title='bbox 3280 922 3370 992; x_wconf 90' lang='lat' dir='ltr'><strong>pie</strong></span> <span class='ocrx_word' id='word_1_466' title='bbox 3422 941 3488 979; x_wconf 92' lang='lat' dir='ltr'><strong>ac</strong></span> <span class='ocrx_word' id='word_1_467' title='bbox 3521 927 3788 1001; x_wconf 90' lang='lat' dir='ltr'><strong>religiose</strong></span> 
     </span>
    </p>
   </div>
   <div class='ocr_carea' id='block_1_68' title="bbox 2145 997 3783 1087">
    <p class='ocr_par' dir='ltr' id='par_1_68' title="bbox 2145 997 3783 1087">
     <span class='ocr_line' id='line_1_68' title="bbox 2145 997 3783 1087; baseline 0.015 -38"><span class='ocrx_word' id='word_1_468' title='bbox 2145 1000 2269 1051; x_wconf 87' lang='lat' dir='ltr'><strong>tum</strong></span> <span class='ocrx_word' id='word_1_469' title='bbox 2290 997 2686 1068; x_wconf 86' lang='lat' dir='ltr'><strong>conﬁcienda;</strong></span> <span class='ocrx_word' id='word_1_470' title='bbox 2715 1007 2841 1058; x_wconf 92' lang='lat' dir='ltr'><strong>tum</strong></span> <span class='ocrx_word' id='word_1_471' title='bbox 2860 1005 3230 1077; x_wconf 88' lang='lat' dir='ltr'><strong>porrigenda,</strong></span> <span class='ocrx_word' id='word_1_472' title='bbox 3248 1013 3371 1064; x_wconf 91' lang='lat' dir='ltr'><strong>tum</strong></span> <span class='ocrx_word' id='word_1_473' title='bbox 3393 997 3783 1087; x_wconf 70' lang='lat' dir='ltr'><strong>percipienda,</strong></span> 
     </span>
    </p>
   </div>
   <div class='ocr_carea' id='block_1_69' title="bbox 2143 1087 3790 1160">
    <p class='ocr_par' dir='ltr' id='par_1_69' title="bbox 2143 1087 3790 1160">
     <span class='ocr_line' id='line_1_69' title="bbox 2143 1087 3790 1160; baseline 0.015 -23"><span class='ocrx_word' id='word_1_474' title='bbox 2143 1087 2268 1138; x_wconf 88' lang='lat' dir='ltr'><strong>tum</strong></span> <span class='ocrx_word' id='word_1_475' title='bbox 2285 1088 2638 1143; x_wconf 90' lang='lat' dir='ltr'><strong>asservanda</strong></span> <span class='ocrx_word' id='word_1_476' title='bbox 2659 1105 2793 1145; x_wconf 91' lang='lat' dir='ltr'><strong>cum</strong></span> <span class='ocrx_word' id='word_1_477' title='bbox 2811 1096 2895 1146; x_wconf 91' lang='lat' dir='ltr'><strong>tot</strong></span> <span class='ocrx_word' id='word_1_478' title='bbox 2913 1095 3148 1149; x_wconf 88' lang='lat' dir='ltr'><strong>statutis</strong></span> <span class='ocrx_word' id='word_1_479' title='bbox 3165 1097 3522 1155; x_wconf 89' lang='lat' dir='ltr'><strong>decreverint</strong></span> <span class='ocrx_word' id='word_1_480' title='bbox 3544 1105 3790 1160; x_wconf 84' lang='lat' dir='ltr'><strong>retinen-</strong></span> 
     </span>
    </p>
   </div>
   <div class='ocr_carea' id='block_1_70' title="bbox 2143 1171 3789 1250">
    <p class='ocr_par' dir='ltr' id='par_1_70' title="bbox 2143 1171 3789 1250">
     <span class='ocr_line' id='line_1_70' title="bbox 2143 1171 3789 1250; baseline 0.014 -24"><span class='ocrx_word' id='word_1_481' title='bbox 2143 1171 2279 1227; x_wconf 90' lang='lat' dir='ltr'><strong>dam</strong></span> <span class='ocrx_word' id='word_1_482' title='bbox 2296 1190 2460 1244; x_wconf 67' lang='lat' dir='ltr'><strong>aque</strong></span> <span class='ocrx_word' id='word_1_483' title='bbox 2478 1176 2890 1234; x_wconf 91' lang='lat' dir='ltr'><strong>admistionem</strong></span> <span class='ocrx_word' id='word_1_484' title='bbox 2913 1180 2973 1234; x_wconf 90' lang='lat' dir='ltr'><strong>in</strong></span> <span class='ocrx_word' id='word_1_485' title='bbox 2992 1181 3252 1250; x_wconf 90' lang='lat' dir='ltr'><strong>calicem,</strong></span> <span class='ocrx_word' id='word_1_486' title='bbox 3279 1187 3612 1246; x_wconf 89' lang='lat' dir='ltr'><strong>mirandum</strong></span> <span class='ocrx_word' id='word_1_487' title='bbox 3635 1199 3789 1249; x_wconf 89' lang='lat' dir='ltr'><strong>certe</strong></span> 
     </span>
    </p>
   </div>
   <div class='ocr_carea' id='block_1_71' title="bbox 2146 1260 3787 1340">
    <p class='ocr_par' dir='ltr' id='par_1_71' title="bbox 2146 1260 3787 1340">
     <span class='ocr_line' id='line_1_71' title="bbox 2146 1260 3787 1340; baseline 0.014 -27"><span class='ocrx_word' id='word_1_488' title='bbox 2146 1260 2318 1315; x_wconf 91' lang='lat' dir='ltr'><strong>fuerit</strong></span> <span class='ocrx_word' id='word_1_489' title='bbox 2347 1262 2395 1316; x_wconf 93' lang='lat' dir='ltr'><strong>si</strong></span> <span class='ocrx_word' id='word_1_490' title='bbox 2429 1263 2614 1318; x_wconf 90' lang='lat' dir='ltr'><strong>Latini</strong></span> <span class='ocrx_word' id='word_1_491' title='bbox 2665 1265 2982 1337; x_wconf 88' lang='lat' dir='ltr'><strong>aliquando</strong></span> <span class='ocrx_word' id='word_1_492' title='bbox 3025 1270 3248 1340; x_wconf 88' lang='lat' dir='ltr'><strong>abjecto</strong></span> <span class='ocrx_word' id='word_1_493' title='bbox 3280 1274 3564 1332; x_wconf 90' lang='lat' dir='ltr'><strong>fermento</strong></span> <span class='ocrx_word' id='word_1_494' title='bbox 3597 1281 3787 1336; x_wconf 87' lang='lat' dir='ltr'><strong>admi—</strong></span> 
     </span>
    </p>
   </div>
   <div class='ocr_carea' id='block_1_72' title="bbox 2147 1350 3789 1427">
    <p class='ocr_par' dir='ltr' id='par_1_72' title="bbox 2147 1350 3789 1427">
     <span class='ocr_line' id='line_1_72' title="bbox 2147 1350 3789 1427; baseline 0.013 -23"><span class='ocrx_word' id='word_1_495' title='bbox 2147 1350 2327 1405; x_wconf 89' lang='lat' dir='ltr'><strong>serint</strong></span> <span class='ocrx_word' id='word_1_496' title='bbox 2357 1367 2647 1423; x_wconf 83' lang='lat' dir='ltr'><strong>azymum,</strong></span> <span class='ocrx_word' id='word_1_497' title='bbox 2683 1353 2741 1408; x_wconf 91' lang='lat' dir='ltr'><strong>id</strong></span> <span class='ocrx_word' id='word_1_498' title='bbox 2773 1357 3072 1412; x_wconf 92' lang='lat' dir='ltr'><strong>communi</strong></span> <span class='ocrx_word' id='word_1_499' title='bbox 3107 1375 3394 1417; x_wconf 90' lang='lat' dir='ltr'><strong>consensu</strong></span> <span class='ocrx_word' id='word_1_500' title='bbox 3421 1365 3638 1423; x_wconf 90' lang='lat' dir='ltr'><strong>factum</strong></span> <span class='ocrx_word' id='word_1_501' title='bbox 3663 1371 3789 1427; x_wconf 91' lang='lat' dir='ltr'><strong>sine</strong></span> 
     </span>
    </p>
   </div>
   <div class='ocr_carea' id='block_1_73' title="bbox 2145 1436 3607 1510">
    <p class='ocr_par' dir='ltr' id='par_1_73' title="bbox 2145 1436 3607 1510">
     <span class='ocr_line' id='line_1_73' title="bbox 2145 1436 3607 1510; baseline 0.013 -19"><span class='ocrx_word' id='word_1_502' title='bbox 2145 1436 2270 1510; x_wconf 89' lang='lat' dir='ltr'><strong>lege</strong></span> <span class='ocrx_word' id='word_1_503' title='bbox 2301 1437 2500 1506; x_wconf 91' lang='lat' dir='ltr'><strong>fuisse,</strong></span> <span class='ocrx_word' id='word_1_504' title='bbox 2537 1441 2769 1497; x_wconf 90' lang='lat' dir='ltr'><strong>nemine</strong></span> <span class='ocrx_word' id='word_1_505' title='bbox 2803 1445 3156 1503; x_wconf 88' lang='lat' dir='ltr'><strong>reclamante</strong></span> <span class='ocrx_word' id='word_1_506' title='bbox 3180 1455 3283 1504; x_wconf 91' lang='lat' dir='ltr'><strong>aut</strong></span> <span class='ocrx_word' id='word_1_507' title='bbox 3307 1451 3607 1510; x_wconf 89' lang='lat' dir='ltr'><strong>referente.</strong></span> 
     </span>
    </p>
   </div>
   <div class='ocr_carea' id='block_1_74' title="bbox 2212 1553 3790 1642">
    <p class='ocr_par' dir='ltr' id='par_1_74' title="bbox 2212 1553 3790 1642">
     <span class='ocr_line' id='line_1_74' title="bbox 2212 1553 3790 1642; baseline 0.013 -34"><span class='ocrx_word' id='word_1_508' title='bbox 2212 1553 2297 1608; x_wconf 92' lang='lat' dir='ltr'><strong>Ad</strong></span> <span class='ocrx_word' id='word_1_509' title='bbox 2330 1554 2486 1610; x_wconf 88' lang='lat' dir='ltr'><strong>hunc</strong></span> <span class='ocrx_word' id='word_1_510' title='bbox 2513 1556 2707 1612; x_wconf 92' lang='lat' dir='ltr'><strong>locum</strong></span> <span class='ocrx_word' id='word_1_511' title='bbox 2742 1575 3008 1615; x_wconf 91' lang='lat' dir='ltr'><strong>revocare</strong></span> <span class='ocrx_word' id='word_1_512' title='bbox 3029 1561 3199 1629; x_wconf 85' lang='lat' dir='ltr'><strong>juvat</strong></span> <span class='ocrx_word' id='word_1_513' title='bbox 3227 1563 3283 1618; x_wconf 92' lang='lat' dir='ltr'><strong>id</strong></span> <span class='ocrx_word' id='word_1_514' title='bbox 3331 1567 3484 1637; x_wconf 91' lang='lat' dir='ltr'><strong>quod</strong></span> <span class='ocrx_word' id='word_1_515' title='bbox 3519 1572 3790 1642; x_wconf 86' lang='lat' dir='ltr'><strong>superius</strong></span> 
     </span>
    </p>
   </div>
   <div class='ocr_carea' id='block_1_75' title="bbox 2144 1642 3790 1726">
    <p class='ocr_par' dir='ltr' id='par_1_75' title="bbox 2144 1642 3790 1726">
     <span class='ocr_line' id='line_1_75' title="bbox 2144 1642 3790 1726; baseline 0.012 -28"><span class='ocrx_word' id='word_1_516' title='bbox 2144 1642 2442 1699; x_wconf 87' lang='lat' dir='ltr'><strong>observavi</strong></span> <span class='ocrx_word' id='word_1_517' title='bbox 2475 1661 2543 1700; x_wconf 93' lang='lat' dir='ltr'><strong>ex</strong></span> <span class='ocrx_word' id='word_1_518' title='bbox 2575 1647 2755 1703; x_wconf 89' lang='lat' dir='ltr'><strong>missa</strong></span> <span class='ocrx_word' id='word_1_519' title='bbox 2783 1649 3194 1720; x_wconf 89' lang='lat' dir='ltr'><strong>Ambrosiana,</strong></span> <span class='ocrx_word' id='word_1_520' title='bbox 3246 1651 3305 1707; x_wconf 92' lang='lat' dir='ltr'><strong>in</strong></span> <span class='ocrx_word' id='word_1_521' title='bbox 3357 1671 3476 1726; x_wconf 88' lang='lat' dir='ltr'><strong>qua</strong></span> <span class='ocrx_word' id='word_1_522' title='bbox 3514 1680 3543 1707; x_wconf 90' lang='grc'><strong>‹‹</strong></span> <span class='ocrx_word' id='word_1_523' title='bbox 3576 1659 3790 1717; x_wconf 88' lang='lat' dir='ltr'><strong>oblatio</strong></span> 
     </span>
    </p>
   </div>
   <div class='ocr_carea' id='block_1_76' title="bbox 2144 1732 3788 1813">
    <p class='ocr_par' dir='ltr' id='par_1_76' title="bbox 2144 1732 3788 1813">
     <span class='ocr_line' id='line_1_76' title="bbox 2144 1732 3788 1813; baseline 0.007 -25"><span class='ocrx_word' id='word_1_524' title='bbox 2144 1732 2316 1804; x_wconf 90' lang='lat' dir='ltr'><strong>panis</strong></span> <span class='ocrx_word' id='word_1_525' title='bbox 2345 1735 2530 1806; x_wconf 82' lang='lat' dir='ltr'><strong>azymi</strong></span> <span class='ocrx_word' id='word_1_526' title='bbox 2561 1751 2697 1790; x_wconf 92' lang='lat' dir='ltr'><strong>cum</strong></span> <span class='ocrx_word' id='word_1_527' title='bbox 2729 1741 2940 1808; x_wconf 86' lang='lat' dir='ltr'><strong>patena</strong></span> <span class='ocrx_word' id='word_1_528' title='bbox 2997 1739 3261 1796; x_wconf 87' lang='lat' dir='ltr'><strong>facienda</strong></span> <span class='ocrx_word' id='word_1_529' title='bbox 3309 1745 3723 1813; x_wconf 73' lang='lat' dir='ltr'><strong>przescribitur.</strong></span> <span class='ocrx_word' id='word_1_530' title='bbox 3759 1772 3788 1799; x_wconf 87' lang='grc'><strong>››</strong></span> 
     </span>
    </p>
   </div>
   <div class='ocr_carea' id='block_1_77' title="bbox 2065 1819 3788 1909">
    <p class='ocr_par' dir='ltr' id='par_1_77' title="bbox 2065 1819 3788 1909">
     <span class='ocr_line' id='line_1_77' title="bbox 2065 1819 3788 1909; baseline 0.012 -36"><span class='ocrx_word' id='word_1_531' title='bbox 2065 1830 2114 1896; x_wconf 84' lang='grc' dir='ltr'>Β</span> <span class='ocrx_word' id='word_1_532' title='bbox 2147 1819 2437 1876; x_wconf 89' lang='lat' dir='ltr'><strong>Pamelius</strong></span> <span class='ocrx_word' id='word_1_533' title='bbox 2469 1823 2684 1894; x_wconf 90' lang='lat' dir='ltr'><strong>quippe</strong></span> <span class='ocrx_word' id='word_1_534' title='bbox 2715 1823 2836 1880; x_wconf 77' lang='lat' dir='ltr'><strong>haec</strong></span> <span class='ocrx_word' id='word_1_535' title='bbox 2862 1826 3036 1882; x_wconf 88' lang='lat' dir='ltr'><strong>verba</strong></span> <span class='ocrx_word' id='word_1_536' title='bbox 3066 1827 3206 1900; x_wconf 90' lang='lat' dir='ltr'><strong>legit</strong></span> <span class='ocrx_word' id='word_1_537' title='bbox 3228 1830 3287 1884; x_wconf 92' lang='lat' dir='ltr'><strong>in</strong></span> <span class='ocrx_word' id='word_1_538' title='bbox 3310 1833 3506 1888; x_wconf 90' lang='lat' dir='ltr'><strong>codice</strong></span> <span class='ocrx_word' id='word_1_539' title='bbox 3537 1852 3645 1892; x_wconf 91' lang='lat' dir='ltr'><strong>ms.</strong></span> <span class='ocrx_word' id='word_1_540' title='bbox 3673 1854 3788 1909; x_wconf 92' lang='lat' dir='ltr'><strong>quo</strong></span> 
     </span>
    </p>
   </div>
   <div class='ocr_carea' id='block_1_78' title="bbox 2147 1911 3787 1998">
    <p class='ocr_par' dir='ltr' id='par_1_78' title="bbox 2147 1911 3787 1998">
     <span class='ocr_line' id='line_1_78' title="bbox 2147 1911 3787 1998; baseline 0.012 -34"><span class='ocrx_word' id='word_1_541' title='bbox 2147 1926 2291 1966; x_wconf 89' lang='lat' dir='ltr'><strong>usus</strong></span> <span class='ocrx_word' id='word_1_542' title='bbox 2320 1915 2408 1965; x_wconf 91' lang='lat' dir='ltr'><strong>est</strong></span> <span class='ocrx_word' id='word_1_543' title='bbox 2430 1911 2489 1965; x_wconf 93' lang='lat' dir='ltr'><strong>in</strong></span> <span class='ocrx_word' id='word_1_544' title='bbox 2521 1911 2773 1967; x_wconf 88' lang='lat' dir='ltr'><strong>editione</strong></span> <span class='ocrx_word' id='word_1_545' title='bbox 2800 1913 2970 1970; x_wconf 86' lang='lat' dir='ltr'><strong>istius</strong></span> <span class='ocrx_word' id='word_1_546' title='bbox 3002 1915 3213 1984; x_wconf 74' lang='lat' dir='ltr'><strong>Missae,</strong></span> <span class='ocrx_word' id='word_1_547' title='bbox 3249 1935 3375 1990; x_wconf 74' lang='lat' dir='ltr'><strong>quae</strong></span> <span class='ocrx_word' id='word_1_548' title='bbox 3423 1921 3495 1977; x_wconf 90' lang='lat' dir='ltr'><strong>ab</strong></span> <span class='ocrx_word' id='word_1_549' title='bbox 3526 1925 3787 1998; x_wconf 90' lang='lat' dir='ltr'><strong>antiquis</strong></span> 
     </span>
    </p>
   </div>
   <div class='ocr_carea' id='block_1_79' title="bbox 2145 1998 3788 2070">
    <p class='ocr_par' dir='ltr' id='par_1_79' title="bbox 2145 1998 3788 2070">
     <span class='ocr_line' id='line_1_79' title="bbox 2145 1998 3788 2070; baseline 0.011 -17"><span class='ocrx_word' id='word_1_550' title='bbox 2145 1998 2454 2054; x_wconf 90' lang='lat' dir='ltr'><strong>Ambrosio</strong></span> <span class='ocrx_word' id='word_1_551' title='bbox 2483 1999 2801 2070; x_wconf 88' lang='lat' dir='ltr'><strong>tribuitur;</strong></span> <span class='ocrx_word' id='word_1_552' title='bbox 2862 2019 2965 2058; x_wconf 92' lang='lat' dir='ltr'><strong>nec</strong></span> <span class='ocrx_word' id='word_1_553' title='bbox 3021 2004 3190 2061; x_wconf 87' lang='lat' dir='ltr'><strong>facile</strong></span> <span class='ocrx_word' id='word_1_554' title='bbox 3247 2008 3592 2068; x_wconf 89' lang='lat' dir='ltr'><strong>crediderim</strong></span> <span class='ocrx_word' id='word_1_555' title='bbox 3625 2030 3788 2070; x_wconf 91' lang='lat' dir='ltr'><strong>men-</strong></span> 
     </span>
    </p>
   </div>
   <div class='ocr_carea' id='block_1_80' title="bbox 2145 2086 3787 2171">
    <p class='ocr_par' dir='ltr' id='par_1_80' title="bbox 2145 2086 3787 2171">
     <span class='ocr_line' id='line_1_80' title="bbox 2145 2086 3787 2171; baseline 0.011 -30"><span class='ocrx_word' id='word_1_556' title='bbox 2145 2086 2362 2143; x_wconf 87' lang='lat' dir='ltr'><strong>tionem</strong></span> <span class='ocrx_word' id='word_1_557' title='bbox 2394 2089 2579 2161; x_wconf 83' lang='lat' dir='ltr'><strong>azymi</strong></span> <span class='ocrx_word' id='word_1_558' title='bbox 2603 2107 2636 2144; x_wconf 89' lang='lat' dir='ltr'><strong>a</strong></span> <span class='ocrx_word' id='word_1_559' title='bbox 2659 2091 3080 2148; x_wconf 83' lang='lat' dir='ltr'><strong>recentioribus</strong></span> <span class='ocrx_word' id='word_1_560' title='bbox 3102 2095 3410 2166; x_wconf 84' lang='lat' dir='ltr'><strong>adjectam,</strong></span> <span class='ocrx_word' id='word_1_561' title='bbox 3444 2100 3658 2171; x_wconf 89' lang='lat' dir='ltr'><strong>quibus</strong></span> <span class='ocrx_word' id='word_1_562' title='bbox 3677 2103 3787 2158; x_wconf 93' lang='lat' dir='ltr'><strong>du-</strong></span> 
     </span>
    </p>
   </div>
   <div class='ocr_carea' id='block_1_81' title="bbox 2142 2176 3786 2262">
    <p class='ocr_par' dir='ltr' id='par_1_81' title="bbox 2142 2176 3786 2262">
     <span class='ocr_line' id='line_1_81' title="bbox 2142 2176 3786 2262; baseline 0.011 -32"><span class='ocrx_word' id='word_1_563' title='bbox 2142 2176 2349 2232; x_wconf 89' lang='lat' dir='ltr'><strong>bitatio</strong></span> <span class='ocrx_word' id='word_1_564' title='bbox 2382 2177 2453 2232; x_wconf 91' lang='lat' dir='ltr'><strong>de</strong></span> <span class='ocrx_word' id='word_1_565' title='bbox 2482 2177 2774 2234; x_wconf 80' lang='lat' dir='ltr'><strong>offerendo</strong></span> <span class='ocrx_word' id='word_1_566' title='bbox 2804 2196 3003 2252; x_wconf 86' lang='lat' dir='ltr'><strong>azymo</strong></span> <span class='ocrx_word' id='word_1_567' title='bbox 3051 2182 3212 2237; x_wconf 89' lang='lat' dir='ltr'><strong>nulla</strong></span> <span class='ocrx_word' id='word_1_568' title='bbox 3257 2185 3510 2242; x_wconf 90' lang='lat' dir='ltr'><strong>suboriri</strong></span> <span class='ocrx_word' id='word_1_569' title='bbox 3542 2194 3786 2262; x_wconf 87' lang='lat' dir='ltr'><strong>poterat.</strong></span> 
     </span>
    </p>
   </div>
   <div class='ocr_carea' id='block_1_82' title="bbox 2219 2293 3788 2373">
    <p class='ocr_par' dir='ltr' id='par_1_82' title="bbox 2219 2293 3788 2373">
     <span class='ocr_line' id='line_1_82' title="bbox 2219 2293 3788 2373; baseline 0.012 -27"><span class='ocrx_word' id='word_1_570' title='bbox 2219 2293 2466 2363; x_wconf 84' lang='lat' dir='ltr'><strong>Insuper</strong></span> <span class='ocrx_word' id='word_1_571' title='bbox 2489 2299 2842 2365; x_wconf 90' lang='lat' dir='ltr'><strong>argumenta</strong></span> <span class='ocrx_word' id='word_1_572' title='bbox 2872 2313 2998 2367; x_wconf 70' lang='lat' dir='ltr'><strong>quae</strong></span> <span class='ocrx_word' id='word_1_573' title='bbox 3028 2297 3274 2356; x_wconf 90' lang='lat' dir='ltr'><strong>inferius</strong></span> <span class='ocrx_word' id='word_1_574' title='bbox 3305 2319 3408 2373; x_wconf 89' lang='lat' dir='ltr'><strong>pro</strong></span> <span class='ocrx_word' id='word_1_575' title='bbox 3438 2306 3788 2365; x_wconf 83' lang='lat' dir='ltr'><strong>stabilienda</strong></span> 
     </span>
    </p>
   </div>
   <div class='ocr_carea' id='block_1_83' title="bbox 2145 2384 3785 2455">
    <p class='ocr_par' dir='ltr' id='par_1_83' title="bbox 2145 2384 3785 2455">
     <span class='ocr_line' id='line_1_83' title="bbox 2145 2384 3785 2455; baseline 0.011 -20"><span class='ocrx_word' id='word_1_576' title='bbox 2145 2398 2480 2453; x_wconf 85' lang='lat' dir='ltr'><strong>azymorum</strong></span> <span class='ocrx_word' id='word_1_577' title='bbox 2514 2384 2957 2455; x_wconf 22' lang='lat' dir='ltr'><strong>communilusu</strong></span> <span class='ocrx_word' id='word_1_578' title='bbox 2989 2390 3119 2441; x_wconf 90' lang='lat' dir='ltr'><strong>ante</strong></span> <span class='ocrx_word' id='word_1_579' title='bbox 3151 2388 3411 2446; x_wconf 89' lang='lat' dir='ltr'><strong>schisma</strong></span> <span class='ocrx_word' id='word_1_580' title='bbox 3436 2392 3785 2453; x_wconf 88' lang='lat' dir='ltr'><strong>Photianum</strong></span> 
     </span>
    </p>
   </div>
   <div class='ocr_carea' id='block_1_84' title="bbox 2145 2471 3790 2556">
    <p class='ocr_par' dir='ltr' id='par_1_84' title="bbox 2145 2471 3790 2556">
     <span class='ocr_line' id='line_1_84' title="bbox 2145 2471 3790 2556; baseline 0.008 -29"><span class='ocrx_word' id='word_1_581' title='bbox 2145 2471 2530 2538; x_wconf 87' lang='lat' dir='ltr'><strong>adducentur,</strong></span> <span class='ocrx_word' id='word_1_582' title='bbox 2565 2471 2678 2526; x_wconf 89' lang='lat' dir='ltr'><strong>huc</strong></span> <span class='ocrx_word' id='word_1_583' title='bbox 2706 2481 3029 2530; x_wconf 90' lang='lat' dir='ltr'><strong>recurrunt.</strong></span> <span class='ocrx_word' id='word_1_584' title='bbox 3057 2474 3165 2538; x_wconf 89' lang='lat' dir='ltr'><strong>Qui</strong></span> <span class='ocrx_word' id='word_1_585' title='bbox 3189 2477 3345 2534; x_wconf 91' lang='lat' dir='ltr'><strong>enim</strong></span> <span class='ocrx_word' id='word_1_586' title='bbox 3369 2496 3637 2552; x_wconf 81' lang='lat' dir='ltr'><strong>azymum</strong></span> <span class='ocrx_word' id='word_1_587' title='bbox 3663 2502 3790 2556; x_wconf 87' lang='lat' dir='ltr'><strong>pro-</strong></span> 
     </span>
    </p>
   </div>
   <div class='ocr_carea' id='block_1_85' title="bbox 2145 2559 3789 2630">
    <p class='ocr_par' dir='ltr' id='par_1_85' title="bbox 2145 2559 3789 2630">
     <span class='ocr_line' id='line_1_85' title="bbox 2145 2559 3789 2630; baseline 0.009 -15"><span class='ocrx_word' id='word_1_588' title='bbox 2145 2560 2288 2615; x_wconf 91' lang='lat' dir='ltr'><strong>baut</strong></span> <span class='ocrx_word' id='word_1_589' title='bbox 2317 2565 2584 2616; x_wconf 89' lang='lat' dir='ltr'><strong>auctores</strong></span> <span class='ocrx_word' id='word_1_590' title='bbox 2617 2559 2720 2628; x_wconf 91' lang='lat' dir='ltr'><strong>illi,</strong></span> <span class='ocrx_word' id='word_1_591' title='bbox 2756 2562 2813 2616; x_wconf 91' lang='lat' dir='ltr'><strong>id</strong></span> <span class='ocrx_word' id='word_1_592' title='bbox 2846 2567 2980 2618; x_wconf 91' lang='lat' dir='ltr'><strong>ante</strong></span> <span class='ocrx_word' id='word_1_593' title='bbox 3025 2580 3260 2622; x_wconf 91' lang='lat' dir='ltr'><strong>omnem</strong></span> <span class='ocrx_word' id='word_1_594' title='bbox 3293 2571 3635 2628; x_wconf 89' lang='lat' dir='ltr'><strong>memoriam</strong></span> <span class='ocrx_word' id='word_1_595' title='bbox 3666 2574 3789 2630; x_wconf 84' lang='lat' dir='ltr'><strong>usi-</strong></span> 
     </span>
    </p>
   </div>
   <div class='ocr_carea' id='block_1_86' title="bbox 2145 2649 2702 2704">
    <p class='ocr_par' dir='ltr' id='par_1_86' title="bbox 2145 2649 2702 2704">
     <span class='ocr_line' id='line_1_86' title="bbox 2145 2649 2702 2704; baseline 0.002 -2"><span class='ocrx_word' id='word_1_596' title='bbox 2145 2652 2332 2704; x_wconf 89' lang='lat' dir='ltr'><strong>tatum</strong></span> <span class='ocrx_word' id='word_1_597' title='bbox 2366 2649 2702 2704; x_wconf 91' lang='lat' dir='ltr'><strong>ostendunt.</strong></span> 
     </span>
    </p>
   </div>
   <div class='ocr_carea' id='block_1_87' title="bbox 2759 2791 3177 2849">
    <p class='ocr_par' dir='ltr' id='par_1_87' title="bbox 2759 2791 3177 2849">
     <span class='ocr_line' id='line_1_87' title="bbox 2759 2791 3177 2849; baseline 0.002 -2"><span class='ocrx_word' id='word_1_598' title='bbox 2759 2791 2992 2848; x_wconf 89' lang='lat' dir='ltr'><strong>CAPUT</strong></span> <span class='ocrx_word' id='word_1_599' title='bbox 3033 2793 3177 2849; x_wconf 87' lang='lat' dir='ltr'>VIII.</span> 
     </span>
    </p>
   </div>
   <div class='ocr_carea' id='block_1_88' title="bbox 2145 2898 3786 2982">
    <p class='ocr_par' dir='ltr' id='par_1_88' title="bbox 2145 2898 3786 2982">
     <span class='ocr_line' id='line_1_88' title="bbox 2145 2898 3786 2982; baseline 0.006 -28"><span class='ocrx_word' id='word_1_600' title='bbox 2145 2899 2280 2982; x_wconf 51' lang='lat' dir='ltr'><strong>Alia;</strong></span> <span class='ocrx_word' id='word_1_601' title='bbox 2303 2898 2655 2982; x_wconf 59' lang='grc' dir='ltr'><strong>⁸ρινοὸςιρίθηςξδ</strong></span> <span class='ocrx_word' id='word_1_602' title='bbox 2675 2913 2744 2951; x_wconf 75' lang='lat' dir='ltr'><strong>ex</strong></span> <span class='ocrx_word' id='word_1_603' title='bbox 2762 2899 2942 2968; x_wconf 83' lang='lat' dir='ltr'><strong>forma</strong></span> <span class='ocrx_word' id='word_1_604' title='bbox 2966 2906 3017 2982; x_wconf 69' lang='lat' dir='ltr'><strong>et</strong></span> <span class='ocrx_word' id='word_1_605' title='bbox 3034 2899 3786 2982; x_wconf 27' lang='lat' dir='ltr'><strong>comlitimzibus‘bestiarum,</strong></span> 
     </span>
    </p>
   </div>
   <div class='ocr_carea' id='block_1_89' title="bbox 2216 2969 3791 3039">
    <p class='ocr_par' dir='ltr' id='par_1_89' title="bbox 2216 2969 3791 3039">
     <span class='ocr_line' id='line_1_89' title="bbox 2216 2969 3791 3039; baseline 0.009 -16"><span class='ocrx_word' id='word_1_606' title='bbox 2216 2970 2312 3023; x_wconf 81' lang='lat' dir='ltr'><strong>ubi</strong></span> <span class='ocrx_word' id='word_1_607' title='bbox 2337 2969 2685 3039; x_wconf 70' lang='lat' dir='ltr'><strong>explicantur</strong></span> <span class='ocrx_word' id='word_1_608' title='bbox 2713 2985 2943 3024; x_wconf 78' lang='lat' dir='ltr'><strong>canones</strong></span> <span class='ocrx_word' id='word_1_609' title='bbox 2964 2969 3088 3034; x_wconf 86' lang='lat' dir='ltr'><strong>duo,</strong></span> <span class='ocrx_word' id='word_1_610' title='bbox 3122 2988 3264 3027; x_wconf 84' lang='lat' dir='ltr'><strong>unus</strong></span> <span class='ocrx_word' id='word_1_611' title='bbox 3292 2977 3516 3032; x_wconf 78' lang='lat' dir='ltr'><strong>concilii</strong></span> <span class='ocrx_word' id='word_1_612' title='bbox 3561 2969 3791 3037; x_wconf 70' lang='lat' dir='ltr'><strong>secundi</strong></span> 
     </span>
    </p>
   </div>
   <div class='ocr_carea' id='block_1_90' title="bbox 2217 3040 3146 3105">
    <p class='ocr_par' dir='ltr' id='par_1_90' title="bbox 2217 3040 3146 3105">
     <span class='ocr_line' id='line_1_90' title="bbox 2217 3040 3146 3105; baseline 0.001 -10"><span class='ocrx_word' id='word_1_613' title='bbox 2217 3040 2558 3105; x_wconf 74' lang='lat' dir='ltr'><strong>Turonensis,</strong></span> <span class='ocrx_word' id='word_1_614' title='bbox 2591 3040 2731 3094; x_wconf 77' lang='lat' dir='ltr'><strong>alter</strong></span> <span class='ocrx_word' id='word_1_615' title='bbox 2765 3041 3015 3096; x_wconf 80' lang='lat' dir='ltr'><strong>Toletani</strong></span> <span class='ocrx_word' id='word_1_616' title='bbox 3032 3058 3146 3096; x_wconf 78' lang='lat' dir='ltr'><strong>xvr.</strong></span> 
     </span>
    </p>
   </div>
   <div class='ocr_carea' id='block_1_91' title="bbox 2215 3163 3786 3232">
    <p class='ocr_par' dir='ltr' id='par_1_91' title="bbox 2215 3163 3786 3232">
     <span class='ocr_line' id='line_1_91' title="bbox 2215 3163 3786 3232; baseline 0.007 -11"><span class='ocrx_word' id='word_1_617' title='bbox 2215 3163 2454 3221; x_wconf 89' lang='lat' dir='ltr'><strong>Oblatas</strong></span> <span class='ocrx_word' id='word_1_618' title='bbox 2476 3180 2577 3220; x_wconf 89' lang='lat' dir='ltr'><strong>seu</strong></span> <span class='ocrx_word' id='word_1_619' title='bbox 2593 3163 2814 3220; x_wconf 90' lang='lat' dir='ltr'><strong>hostias</strong></span> <span class='ocrx_word' id='word_1_620' title='bbox 2827 3165 3088 3221; x_wconf 90' lang='lat' dir='ltr'><strong>minutas</strong></span> <span class='ocrx_word' id='word_1_621' title='bbox 3109 3183 3173 3222; x_wconf 91' lang='lat' dir='ltr'><strong>ac</strong></span> <span class='ocrx_word' id='word_1_622' title='bbox 3188 3170 3392 3226; x_wconf 91' lang='lat' dir='ltr'><strong>tenues</strong></span> <span class='ocrx_word' id='word_1_623' title='bbox 3405 3172 3615 3229; x_wconf 71' lang='lat' dir='ltr'><strong>saeculo</strong></span> <span class='ocrx_word' id='word_1_624' title='bbox 3634 3191 3786 3232; x_wconf 89' lang='lat' dir='ltr'><strong>nono</strong></span> 
     </span>
    </p>
   </div>
   <div class='ocr_carea' id='block_1_92' title="bbox 2147 3252 3789 3334">
    <p class='ocr_par' dir='ltr' id='par_1_92' title="bbox 2147 3252 3789 3334">
     <span class='ocr_line' id='line_1_92' title="bbox 2147 3252 3789 3334; baseline 0.008 -26"><span class='ocrx_word' id='word_1_625' title='bbox 2147 3254 2347 3320; x_wconf 89' lang='lat' dir='ltr'><strong>fuisse,</strong></span> <span class='ocrx_word' id='word_1_626' title='bbox 2379 3252 2584 3324; x_wconf 78' lang='lat' dir='ltr'><strong>quales</strong></span> <span class='ocrx_word' id='word_1_627' title='bbox 2617 3253 2731 3309; x_wconf 86' lang='lat' dir='ltr'><strong>fere</strong></span> <span class='ocrx_word' id='word_1_628' title='bbox 2763 3253 2934 3309; x_wconf 90' lang='lat' dir='ltr'><strong>modo</strong></span> <span class='ocrx_word' id='word_1_629' title='bbox 2967 3255 3336 3322; x_wconf 89' lang='lat' dir='ltr'><strong>adhibemus,</strong></span> <span class='ocrx_word' id='word_1_630' title='bbox 3360 3258 3496 3316; x_wconf 92' lang='lat' dir='ltr'><strong>hinc</strong></span> <span class='ocrx_word' id='word_1_631' title='bbox 3526 3267 3703 3334; x_wconf 91' lang='lat' dir='ltr'><strong>patet,</strong></span> <span class='ocrx_word' id='word_1_632' title='bbox 3732 3269 3789 3321; x_wconf 93' lang='lat' dir='ltr'><strong>et</strong></span> 
     </span>
    </p>
   </div>
   <div class='ocr_carea' id='block_1_93' title="bbox 2147 3339 3786 3415">
    <p class='ocr_par' dir='ltr' id='par_1_93' title="bbox 2147 3339 3786 3415">
     <span class='ocr_line' id='line_1_93' title="bbox 2147 3339 3786 3415; baseline 0.008 -18"><span class='ocrx_word' id='word_1_633' title='bbox 2147 3343 2300 3415; x_wconf 91' lang='lat' dir='ltr'><strong>quod</strong></span> <span class='ocrx_word' id='word_1_634' title='bbox 2334 3341 2531 3396; x_wconf 60' lang='lat' dir='ltr'><strong>rotula</strong></span> <span class='ocrx_word' id='word_1_635' title='bbox 2563 3339 2934 3413; x_wconf 89' lang='lat' dir='ltr'><strong>appellantur</strong></span> <span class='ocrx_word' id='word_1_636' title='bbox 2962 3345 3118 3415; x_wconf 90' lang='lat' dir='ltr'><strong>apud</strong></span> <span class='ocrx_word' id='word_1_637' title='bbox 3172 3347 3399 3402; x_wconf 90' lang='lat' dir='ltr'><strong>Isonem</strong></span> <span class='ocrx_word' id='word_1_638' title='bbox 3431 3351 3786 3410; x_wconf 89' lang='lat' dir='ltr'><strong>monachum</strong></span> 
     </span>
    </p>
   </div>
   <div class='ocr_carea' id='block_1_94' title="bbox 2146 3428 3787 3503">
    <p class='ocr_par' dir='ltr' id='par_1_94' title="bbox 2146 3428 3787 3503">
     <span class='ocr_line' id='line_1_94' title="bbox 2146 3428 3787 3503; baseline 0.006 -17"><span class='ocrx_word' id='word_1_639' title='bbox 2146 3428 2726 3496; x_wconf 88' lang='lat' dir='ltr'><strong>Sancti-Gallensem,</strong></span> <span class='ocrx_word' id='word_1_640' title='bbox 2761 3434 2818 3486; x_wconf 93' lang='lat' dir='ltr'><strong>et</strong></span> <span class='ocrx_word' id='word_1_641' title='bbox 2846 3432 2999 3503; x_wconf 89' lang='lat' dir='ltr'><strong>quod</strong></span> <span class='ocrx_word' id='word_1_642' title='bbox 3033 3431 3188 3488; x_wconf 76' lang='lat' dir='ltr'><strong>intra</strong></span> <span class='ocrx_word' id='word_1_643' title='bbox 3235 3434 3452 3492; x_wconf 87' lang='lat' dir='ltr'><strong>ferrum</strong></span> <span class='ocrx_word' id='word_1_644' title='bbox 3491 3437 3787 3496; x_wconf 83' lang='lat' dir='ltr'><strong>characte-</strong></span> 
     </span>
    </p>
   </div>
   <div class='ocr_carea' id='block_1_95' title="bbox 2147 3518 3788 3599">
    <p class='ocr_par' dir='ltr' id='par_1_95' title="bbox 2147 3518 3788 3599">
     <span class='ocr_line' id='line_1_95' title="bbox 2147 3518 3788 3599; baseline 0.007 -25"><span class='ocrx_word' id='word_1_645' title='bbox 2147 3523 2340 3575; x_wconf 90' lang='lat' dir='ltr'><strong>ratum</strong></span> <span class='ocrx_word' id='word_1_646' title='bbox 2375 3518 2850 3574; x_wconf 81' lang='lat' dir='ltr'><strong>conficiebantur.</strong></span> <span class='ocrx_word' id='word_1_647' title='bbox 2905 3519 3162 3576; x_wconf 91' lang='lat' dir='ltr'><strong>Modicas</strong></span> <span class='ocrx_word' id='word_1_648' title='bbox 3208 3539 3340 3579; x_wconf 90' lang='lat' dir='ltr'><strong>vero</strong></span> <span class='ocrx_word' id='word_1_649' title='bbox 3391 3531 3564 3599; x_wconf 92' lang='lat' dir='ltr'><strong>atque</strong></span> <span class='ocrx_word' id='word_1_650' title='bbox 3611 3528 3788 3586; x_wconf 84' lang='lat' dir='ltr'><strong>exiles</strong></span> 
     </span>
    </p>
   </div>
   <div class='ocr_carea' id='block_1_96' title="bbox 2145 3607 3787 3684">
    <p class='ocr_par' dir='ltr' id='par_1_96' title="bbox 2145 3607 3787 3684">
     <span class='ocr_line' id='line_1_96' title="bbox 2145 3607 3787 3684; baseline 0.007 -21"><span class='ocrx_word' id='word_1_651' title='bbox 2145 3607 2315 3682; x_wconf 91' lang='lat' dir='ltr'><strong>longe</strong></span> <span class='ocrx_word' id='word_1_652' title='bbox 2345 3612 2478 3663; x_wconf 89' lang='lat' dir='ltr'><strong>ante</strong></span> <span class='ocrx_word' id='word_1_653' title='bbox 2508 3607 2663 3662; x_wconf 87' lang='lat' dir='ltr'><strong>istud</strong></span> <span class='ocrx_word' id='word_1_654' title='bbox 2698 3611 2932 3680; x_wconf 87' lang='lat' dir='ltr'><strong>tempus</strong></span> <span class='ocrx_word' id='word_1_655' title='bbox 2966 3608 3145 3665; x_wconf 86' lang='lat' dir='ltr'><strong>fuisse</strong></span> <span class='ocrx_word' id='word_1_656' title='bbox 3177 3611 3384 3684; x_wconf 91' lang='lat' dir='ltr'><strong>colligo</strong></span> <span class='ocrx_word' id='word_1_657' title='bbox 3413 3618 3540 3670; x_wconf 91' lang='lat' dir='ltr'><strong>tum</strong></span> <span class='ocrx_word' id='word_1_658' title='bbox 3562 3631 3630 3672; x_wconf 84' lang='lat' dir='ltr'><strong>ex</strong></span> <span class='ocrx_word' id='word_1_659' title='bbox 3651 3635 3787 3675; x_wconf 91' lang='lat' dir='ltr'><strong>con-</strong></span> 
     </span>
    </p>
   </div>
   <div class='ocr_carea' id='block_1_97' title="bbox 2147 3696 3788 3777">
    <p class='ocr_par' dir='ltr' id='par_1_97' title="bbox 2147 3696 3788 3777">
     <span class='ocr_line' id='line_1_97' title="bbox 2147 3696 3788 3777; baseline 0.005 -24"><span class='ocrx_word' id='word_1_660' title='bbox 2147 3697 2278 3753; x_wconf 91' lang='lat' dir='ltr'><strong>cilio</strong></span> <span class='ocrx_word' id='word_1_661' title='bbox 2307 3696 2585 3753; x_wconf 88' lang='lat' dir='ltr'><strong>Toletano</strong></span> <span class='ocrx_word' id='word_1_662' title='bbox 2613 3713 2729 3763; x_wconf 82' lang='lat' dir='ltr'><strong>XVI,</strong></span> <span class='ocrx_word' id='word_1_663' title='bbox 2762 3701 2888 3751; x_wconf 90' lang='lat' dir='ltr'><strong>tum</strong></span> <span class='ocrx_word' id='word_1_664' title='bbox 2948 3715 3016 3752; x_wconf 88' lang='lat' dir='ltr'><strong>ex</strong></span> <span class='ocrx_word' id='word_1_665' title='bbox 3073 3699 3277 3771; x_wconf 80' lang='lat' dir='ltr'><strong>figuris</strong></span> <span class='ocrx_word' id='word_1_666' title='bbox 3308 3703 3628 3767; x_wconf 84' lang='lat' dir='ltr'><strong>nonnullis,</strong></span> <span class='ocrx_word' id='word_1_667' title='bbox 3661 3723 3788 3777; x_wconf 65' lang='lat' dir='ltr'><strong>quas</strong></span> 
     </span>
    </p>
   </div>
   <div class='ocr_carea' id='block_1_98' title="bbox 2145 3784 3788 3860">
    <p class='ocr_par' dir='ltr' id='par_1_98' title="bbox 2145 3784 3788 3860">
     <span class='ocr_line' id='line_1_98' title="bbox 2145 3784 3788 3860; baseline 0.005 -20"><span class='ocrx_word' id='word_1_668' title='bbox 2145 3788 2203 3841; x_wconf 92' lang='lat' dir='ltr'><strong>in</strong></span> <span class='ocrx_word' id='word_1_669' title='bbox 2226 3785 2484 3857; x_wconf 91' lang='lat' dir='ltr'><strong>antiquis</strong></span> <span class='ocrx_word' id='word_1_670' title='bbox 2502 3784 2959 3839; x_wconf 91' lang='lat' dir='ltr'><strong>numismatibus</strong></span> <span class='ocrx_word' id='word_1_671' title='bbox 2982 3785 3267 3842; x_wconf 90' lang='lat' dir='ltr'><strong>hactenus</strong></span> <span class='ocrx_word' id='word_1_672' title='bbox 3284 3796 3620 3860; x_wconf 87' lang='lat' dir='ltr'><strong>supersunt.</strong></span> <span class='ocrx_word' id='word_1_673' title='bbox 3645 3793 3788 3848; x_wconf 88' lang='lat' dir='ltr'><strong>Tres</strong></span> 
     </span>
    </p>
   </div>
   <div class='ocr_carea' id='block_1_99' title="bbox 2146 3871 3788 3948">
    <p class='ocr_par' dir='ltr' id='par_1_99' title="bbox 2146 3871 3788 3948">
     <span class='ocr_line' id='line_1_99' title="bbox 2146 3871 3788 3948; baseline 0.004 -20"><span class='ocrx_word' id='word_1_674' title='bbox 2146 3875 2312 3929; x_wconf 89' lang='lat' dir='ltr'><strong>nobis</strong></span> <span class='ocrx_word' id='word_1_675' title='bbox 2343 3873 2574 3928; x_wconf 82' lang='lat' dir='ltr'><strong>exhibet</strong></span> <span class='ocrx_word' id='word_1_676' title='bbox 2596 3871 2876 3927; x_wconf 89' lang='lat' dir='ltr'><strong>Claudius</strong></span> <span class='ocrx_word' id='word_1_677' title='bbox 2899 3873 3259 3940; x_wconf 90' lang='lat' dir='ltr'><strong>Boterovius,</strong></span> <span class='ocrx_word' id='word_1_678' title='bbox 3285 3876 3356 3930; x_wconf 92' lang='lat' dir='ltr'><strong>de</strong></span> <span class='ocrx_word' id='word_1_679' title='bbox 3379 3877 3678 3948; x_wconf 89' lang='lat' dir='ltr'><strong>republica</strong></span> <span class='ocrx_word' id='word_1_680' title='bbox 3700 3879 3788 3936; x_wconf 91' lang='lat' dir='ltr'><strong>lit-</strong></span> 
     </span>
    </p>
   </div>
   <div class='ocr_carea' id='block_1_100' title="bbox 2144 3960 3786 4026">
    <p class='ocr_par' dir='ltr' id='par_1_100' title="bbox 2144 3960 3786 4026">
     <span class='ocr_line' id='line_1_100' title="bbox 2144 3960 3786 4026; baseline 0.004 -9"><span class='ocrx_word' id='word_1_681' title='bbox 2144 3962 2360 4017; x_wconf 86' lang='lat' dir='ltr'><strong>teraria</strong></span> <span class='ocrx_word' id='word_1_682' title='bbox 2391 3962 2535 4015; x_wconf 92' lang='lat' dir='ltr'><strong>bene</strong></span> <span class='ocrx_word' id='word_1_683' title='bbox 2565 3961 2833 4026; x_wconf 86' lang='lat' dir='ltr'><strong>meritus,</strong></span> <span class='ocrx_word' id='word_1_684' title='bbox 2887 3961 2946 4014; x_wconf 89' lang='lat' dir='ltr'><strong>in</strong></span> <span class='ocrx_word' id='word_1_685' title='bbox 3008 3960 3356 4019; x_wconf 90' lang='lat' dir='ltr'><strong>collectaneo</strong></span> <span class='ocrx_word' id='word_1_686' title='bbox 3389 3970 3645 4022; x_wconf 88' lang='lat' dir='ltr'><strong>veterum</strong></span> <span class='ocrx_word' id='word_1_687' title='bbox 3679 3986 3786 4024; x_wconf 88' lang='lat' dir='ltr'><strong>nu-</strong></span> 
     </span>
    </p>
   </div>
   <div class='ocr_carea' id='block_1_101' title="bbox 2144 4048 3787 4114">
    <p class='ocr_par' dir='ltr' id='par_1_101' title="bbox 2144 4048 3787 4114">
     <span class='ocr_line' id='line_1_101' title="bbox 2144 4048 3787 4114; baseline 0.005 -9"><span class='ocrx_word' id='word_1_688' title='bbox 2144 4050 2485 4105; x_wconf 90' lang='lat' dir='ltr'><strong>mismatum</strong></span> <span class='ocrx_word' id='word_1_689' title='bbox 2498 4048 3082 4114; x_wconf 88' lang='lat' dir='ltr'><strong>Francorum,omnes</strong></span> <span class='ocrx_word' id='word_1_690' title='bbox 3094 4050 3417 4108; x_wconf 88' lang='lat' dir='ltr'><strong>Chariberti</strong></span> <span class='ocrx_word' id='word_1_691' title='bbox 3434 4055 3787 4114; x_wconf 86' lang='lat' dir='ltr'><strong>Francorum</strong></span> 
     </span>
    </p>
   </div>
   <div class='ocr_carea' id='block_1_102' title="bbox 2143 4137 3784 4211">
    <p class='ocr_par' dir='ltr' id='par_1_102' title="bbox 2143 4137 3784 4211">
     <span class='ocr_line' id='line_1_102' title="bbox 2143 4137 3784 4211; baseline 0.007 -19"><span class='ocrx_word' id='word_1_692' title='bbox 2143 4139 2317 4211; x_wconf 86' lang='lat' dir='ltr'><strong>regis,</strong></span> <span class='ocrx_word' id='word_1_693' title='bbox 2356 4137 2455 4210; x_wconf 89' lang='lat' dir='ltr'><strong>qui</strong></span> <span class='ocrx_word' id='word_1_694' title='bbox 2487 4152 2729 4209; x_wconf 88' lang='lat' dir='ltr'><strong>regnare</strong></span> <span class='ocrx_word' id='word_1_695' title='bbox 2777 4137 2951 4208; x_wconf 77' lang='lat' dir='ltr'><strong>cmpit</strong></span> <span class='ocrx_word' id='word_1_696' title='bbox 2997 4156 3149 4194; x_wconf 89' lang='lat' dir='ltr'><strong>anno</strong></span> <span class='ocrx_word' id='word_1_697' title='bbox 3195 4143 3296 4196; x_wconf 88' lang='grc'><strong>561</strong></span> <span class='ocrx_word' id='word_1_698' title='bbox 3353 4145 3412 4198; x_wconf 93' lang='lat' dir='ltr'><strong>in</strong></span> <span class='ocrx_word' id='word_1_699' title='bbox 3452 4162 3637 4201; x_wconf 90' lang='lat' dir='ltr'><strong>annos</strong></span> <span class='ocrx_word' id='word_1_700' title='bbox 3665 4163 3784 4203; x_wconf 89' lang='lat' dir='ltr'><strong>sex.</strong></span> 
     </span>
    </p>
   </div>
   <div class='ocr_carea' id='block_1_103' title="bbox 2143 4225 3788 4304">
    <p class='ocr_par' dir='ltr' id='par_1_103' title="bbox 2143 4225 3788 4304">
     <span class='ocr_line' id='line_1_103' title="bbox 2143 4225 3788 4304; baseline 0.005 -21"><span class='ocrx_word' id='word_1_701' title='bbox 2143 4227 2338 4284; x_wconf 89' lang='lat' dir='ltr'><strong>Prima</strong></span> <span class='ocrx_word' id='word_1_702' title='bbox 2369 4227 2556 4298; x_wconf 88' lang='lat' dir='ltr'><strong>ﬁgura</strong></span> <span class='ocrx_word' id='word_1_703' title='bbox 2587 4229 2774 4281; x_wconf 87' lang='lat' dir='ltr'><strong>exstat</strong></span> <span class='ocrx_word' id='word_1_704' title='bbox 2804 4225 2861 4279; x_wconf 91' lang='lat' dir='ltr'><strong>in</strong></span> <span class='ocrx_word' id='word_1_705' title='bbox 2893 4243 3024 4297; x_wconf 85' lang='lat' dir='ltr'><strong>pag.</strong></span> <span class='ocrx_word' id='word_1_706' title='bbox 3055 4229 3178 4295; x_wconf 68' lang='grc'><strong>247,</strong></span> <span class='ocrx_word' id='word_1_707' title='bbox 3225 4230 3321 4285; x_wconf 92' lang='lat' dir='ltr'><strong>ubi</strong></span> <span class='ocrx_word' id='word_1_708' title='bbox 3353 4233 3613 4304; x_wconf 89' lang='lat' dir='ltr'><strong>pingitur</strong></span> <span class='ocrx_word' id='word_1_709' title='bbox 3641 4235 3788 4292; x_wconf 90' lang='lat' dir='ltr'><strong>calix</strong></span> 
     </span>
    </p>
   </div>
   <div class='ocr_carea' id='block_1_104' title="bbox 2143 4313 3784 4393">
    <p class='ocr_par' dir='ltr' id='par_1_104' title="bbox 2143 4313 3784 4393">
     <span class='ocr_line' id='line_1_104' title="bbox 2143 4313 3784 4393; baseline 0.004 -21"><span class='ocrx_word' id='word_1_710' title='bbox 2143 4321 2384 4373; x_wconf 88' lang='lat' dir='ltr'><strong>ansatus</strong></span> <span class='ocrx_word' id='word_1_711' title='bbox 2415 4315 2473 4369; x_wconf 92' lang='lat' dir='ltr'><strong>in</strong></span> <span class='ocrx_word' id='word_1_712' title='bbox 2504 4313 2720 4369; x_wconf 67' lang='lat' dir='ltr'><strong>lunulm</strong></span> <span class='ocrx_word' id='word_1_713' title='bbox 2755 4331 2972 4370; x_wconf 91' lang='lat' dir='ltr'><strong>cornua</strong></span> <span class='ocrx_word' id='word_1_714' title='bbox 2993 4315 3107 4371; x_wconf 90' lang='lat' dir='ltr'><strong>duo</strong></span> <span class='ocrx_word' id='word_1_715' title='bbox 3129 4318 3418 4387; x_wconf 90' lang='lat' dir='ltr'><strong>eminens,</strong></span> <span class='ocrx_word' id='word_1_716' title='bbox 3441 4321 3500 4375; x_wconf 92' lang='lat' dir='ltr'><strong>in</strong></span> <span class='ocrx_word' id='word_1_717' title='bbox 3533 4338 3784 4393; x_wconf 89' lang='lat' dir='ltr'><strong>quorum</strong></span> 
     </span>
    </p>
   </div>
   <div class='ocr_carea' id='block_1_105' title="bbox 2143 4403 3787 4481">
    <p class='ocr_par' dir='ltr' id='par_1_105' title="bbox 2143 4403 3787 4481">
     <span class='ocr_line' id='line_1_105' title="bbox 2143 4403 3787 4481; baseline 0.003 -19"><span class='ocrx_word' id='word_1_718' title='bbox 2143 4406 2335 4462; x_wconf 91' lang='lat' dir='ltr'><strong>medio</strong></span> <span class='ocrx_word' id='word_1_719' title='bbox 2366 4409 2608 4477; x_wconf 88' lang='lat' dir='ltr'><strong>apparet</strong></span> <span class='ocrx_word' id='word_1_720' title='bbox 2637 4403 2881 4476; x_wconf 86' lang='lat' dir='ltr'><strong>exiguus</strong></span> <span class='ocrx_word' id='word_1_721' title='bbox 2911 4404 3167 4461; x_wconf 89' lang='lat' dir='ltr'><strong>circulus</strong></span> <span class='ocrx_word' id='word_1_722' title='bbox 3189 4407 3260 4460; x_wconf 92' lang='lat' dir='ltr'><strong>ad</strong></span> <span class='ocrx_word' id='word_1_723' title='bbox 3285 4407 3535 4464; x_wconf 91' lang='lat' dir='ltr'><strong>hostiam</strong></span> <span class='ocrx_word' id='word_1_724' title='bbox 3570 4411 3657 4481; x_wconf 89' lang='lat' dir='ltr'><strong>(ut</strong></span> <span class='ocrx_word' id='word_1_725' title='bbox 3684 4411 3787 4468; x_wconf 84' lang='lat' dir='ltr'><strong>Bo-</strong></span> 
     </span>
    </p>
   </div>
   <div class='ocr_carea' id='block_1_106' title="bbox 2141 4493 3786 4569">
    <p class='ocr_par' dir='ltr' id='par_1_106' title="bbox 2141 4493 3786 4569">
     <span class='ocr_line' id='line_1_106' title="bbox 2141 4493 3786 4569; baseline 0.004 -19"><span class='ocrx_word' id='word_1_726' title='bbox 2141 4495 2358 4551; x_wconf 89' lang='lat' dir='ltr'><strong>terovio</strong></span> <span class='ocrx_word' id='word_1_727' title='bbox 2386 4493 2577 4549; x_wconf 89' lang='lat' dir='ltr'><strong>visum</strong></span> <span class='ocrx_word' id='word_1_728' title='bbox 2608 4494 2718 4564; x_wconf 90' lang='lat' dir='ltr'><strong>est)</strong></span> <span class='ocrx_word' id='word_1_729' title='bbox 2746 4493 3192 4565; x_wconf 78' lang='lat' dir='ltr'><strong>designandum,</strong></span> <span class='ocrx_word' id='word_1_730' title='bbox 3215 4497 3442 4566; x_wconf 87' lang='lat' dir='ltr'><strong>adjecta</strong></span> <span class='ocrx_word' id='word_1_731' title='bbox 3470 4513 3574 4569; x_wconf 92' lang='lat' dir='ltr'><strong>per</strong></span> <span class='ocrx_word' id='word_1_732' title='bbox 3602 4499 3786 4556; x_wconf 88' lang='lat' dir='ltr'><strong>circu-</strong></span> 
     </span>
    </p>
   </div>
   <div class='ocr_carea' id='block_1_107' title="bbox 2060 4560 3783 4654">
    <p class='ocr_par' dir='ltr' id='par_1_107' title="bbox 2060 4560 3783 4654">
     <span class='ocr_line' id='line_1_107' title="bbox 2060 4560 3783 4654; baseline 0.003 -15"><span class='ocrx_word' id='word_1_733' title='bbox 2060 4560 2109 4626; x_wconf 83' lang='lat' dir='ltr'><strong>D</strong></span> <span class='ocrx_word' id='word_1_734' title='bbox 2140 4583 2263 4640; x_wconf 89' lang='lat' dir='ltr'><strong>lum</strong></span> <span class='ocrx_word' id='word_1_735' title='bbox 2287 4583 2397 4638; x_wconf 91' lang='lat' dir='ltr'><strong>hac</strong></span> <span class='ocrx_word' id='word_1_736' title='bbox 2419 4560 2818 4654; x_wconf 87' lang='lat' dir='ltr'><strong>inscriptione,</strong></span> <span class='ocrx_word' id='word_1_737' title='bbox 2842 4560 3188 4647; x_wconf 62' lang='lat' dir='ltr'><strong>Guvaletano,</strong></span> <span class='ocrx_word' id='word_1_738' title='bbox 3210 4560 3308 4654; x_wconf 77' lang='lat' dir='ltr'><strong>qui</strong></span> <span class='ocrx_word' id='word_1_739' title='bbox 3333 4560 3498 4641; x_wconf 75' lang='lat' dir='ltr'><strong>locus</strong></span> <span class='ocrx_word' id='word_1_740' title='bbox 3520 4591 3607 4643; x_wconf 90' lang='lat' dir='ltr'><strong>est</strong></span> <span class='ocrx_word' id='word_1_741' title='bbox 3631 4604 3783 4644; x_wconf 71' lang='lat' dir='ltr'><strong>custe</strong></span> 
     </span>
    </p>
   </div>
   <div class='ocr_carea' id='block_1_108' title="bbox 2142 4669 3785 4745">
    <p class='ocr_par' dir='ltr' id='par_1_108' title="bbox 2142 4669 3785 4745">
     <span class='ocr_line' id='line_1_108' title="bbox 2142 4669 3785 4745; baseline 0.002 -16"><span class='ocrx_word' id='word_1_742' title='bbox 2142 4677 2387 4729; x_wconf 65' lang='lat' dir='ltr'><strong>moneta:</strong></span> <span class='ocrx_word' id='word_1_743' title='bbox 2415 4689 2429 4739; x_wconf 92' lang='lat'><strong>;</strong></span> <span class='ocrx_word' id='word_1_744' title='bbox 2462 4687 2530 4726; x_wconf 91' lang='lat' dir='ltr'><strong>ex</strong></span> <span class='ocrx_word' id='word_1_745' title='bbox 2563 4669 2676 4726; x_wconf 91' lang='lat' dir='ltr'><strong>alia</strong></span> <span class='ocrx_word' id='word_1_746' title='bbox 2714 4685 2848 4724; x_wconf 91' lang='lat' dir='ltr'><strong>vero</strong></span> <span class='ocrx_word' id='word_1_747' title='bbox 2892 4674 3057 4741; x_wconf 91' lang='lat' dir='ltr'><strong>parte</strong></span> <span class='ocrx_word' id='word_1_748' title='bbox 3095 4671 3318 4743; x_wconf 84' lang='lat' dir='ltr'><strong>effigies</strong></span> <span class='ocrx_word' id='word_1_749' title='bbox 3351 4673 3506 4745; x_wconf 90' lang='lat' dir='ltr'><strong>regis</strong></span> <span class='ocrx_word' id='word_1_750' title='bbox 3537 4674 3664 4730; x_wconf 90' lang='lat' dir='ltr'><strong>sine</strong></span> <span class='ocrx_word' id='word_1_751' title='bbox 3691 4675 3785 4732; x_wconf 91' lang='lat' dir='ltr'><strong>in-</strong></span> 
     </span>
    </p>
   </div>
   <div class='ocr_carea' id='block_1_109' title="bbox 2141 4762 2476 4835">
    <p class='ocr_par' dir='ltr' id='par_1_109' title="bbox 2141 4762 2476 4835">
     <span class='ocr_line' id='line_1_109' title="bbox 2141 4762 2476 4835; baseline -0.018 -15"><span class='ocrx_word' id='word_1_752' title='bbox 2141 4762 2476 4835; x_wconf 87' lang='lat' dir='ltr'><strong>scriptione.</strong></span> 
     </span>
    </p>
   </div>
   <div class='ocr_carea' id='block_1_110' title="bbox 2212 4862 3785 4944">
    <p class='ocr_par' dir='ltr' id='par_1_110' title="bbox 2212 4862 3785 4944">
     <span class='ocr_line' id='line_1_110' title="bbox 2212 4862 3785 4944; baseline -0.003 -20"><span class='ocrx_word' id='word_1_753' title='bbox 2212 4867 2512 4923; x_wconf 89' lang='lat' dir='ltr'><strong>Habentur</strong></span> <span class='ocrx_word' id='word_1_754' title='bbox 2541 4862 2666 4918; x_wconf 72' lang='lat' dir='ltr'><strong>aliaa</strong></span> <span class='ocrx_word' id='word_1_755' title='bbox 2701 4863 2826 4918; x_wconf 66' lang='lat' dir='ltr'><strong>duae</strong></span> <span class='ocrx_word' id='word_1_756' title='bbox 2861 4862 2922 4918; x_wconf 92' lang='lat' dir='ltr'><strong>in</strong></span> <span class='ocrx_word' id='word_1_757' title='bbox 2953 4880 3085 4936; x_wconf 87' lang='lat' dir='ltr'><strong>pag.</strong></span> <span class='ocrx_word' id='word_1_758' title='bbox 3134 4867 3259 4936; x_wconf 85' lang='lat'><strong>252,</strong></span> <span class='ocrx_word' id='word_1_759' title='bbox 3310 4885 3562 4941; x_wconf 91' lang='lat' dir='ltr'><strong>quarum</strong></span> <span class='ocrx_word' id='word_1_760' title='bbox 3595 4871 3785 4944; x_wconf 71' lang='lat' dir='ltr'><strong>prima</strong></span> 
     </span>
    </p>
   </div>
   <div class='ocr_carea' id='block_1_111' title="bbox 2141 4951 3784 5028">
    <p class='ocr_par' dir='ltr' id='par_1_111' title="bbox 2141 4951 3784 5028">
     <span class='ocr_line' id='line_1_111' title="bbox 2141 4951 3784 5028; baseline 0.002 -14"><span class='ocrx_word' id='word_1_761' title='bbox 2141 4953 2427 5028; x_wconf 88' lang='lat' dir='ltr'><strong>superiori</strong></span> <span class='ocrx_word' id='word_1_762' title='bbox 2457 4951 2695 5007; x_wconf 89' lang='lat' dir='ltr'><strong>omnino</strong></span> <span class='ocrx_word' id='word_1_763' title='bbox 2740 4951 2952 5008; x_wconf 90' lang='lat' dir='ltr'><strong>similis</strong></span> <span class='ocrx_word' id='word_1_764' title='bbox 2997 4958 3122 5022; x_wconf 92' lang='lat' dir='ltr'><strong>est;</strong></span> <span class='ocrx_word' id='word_1_765' title='bbox 3173 4956 3352 5012; x_wconf 85' lang='lat' dir='ltr'><strong>altera</strong></span> <span class='ocrx_word' id='word_1_766' title='bbox 3381 4963 3500 5014; x_wconf 90' lang='lat' dir='ltr'><strong>tres</strong></span> <span class='ocrx_word' id='word_1_767' title='bbox 3535 4961 3784 5017; x_wconf 90' lang='lat' dir='ltr'><strong>circulos</strong></span> 
     </span>
    </p>
   </div>
   <div class='ocr_carea' id='block_1_112' title="bbox 2141 5041 3782 5119">
    <p class='ocr_par' dir='ltr' id='par_1_112' title="bbox 2141 5041 3782 5119">
     <span class='ocr_line' id='line_1_112' title="bbox 2141 5041 3782 5119; baseline 0.002 -18"><span class='ocrx_word' id='word_1_768' title='bbox 2141 5063 2290 5119; x_wconf 92' lang='lat' dir='ltr'><strong>quos</strong></span> <span class='ocrx_word' id='word_1_769' title='bbox 2322 5041 2657 5099; x_wconf 85' lang='lat' dir='ltr'><strong>Boterovius</strong></span> <span class='ocrx_word' id='word_1_770' title='bbox 2687 5041 2890 5096; x_wconf 89' lang='lat' dir='ltr'><strong>itidem</strong></span> <span class='ocrx_word' id='word_1_771' title='bbox 2940 5041 3164 5100; x_wconf 89' lang='lat' dir='ltr'><strong>hostias</strong></span> <span class='ocrx_word' id='word_1_772' title='bbox 3212 5062 3340 5102; x_wconf 91' lang='lat' dir='ltr'><strong>esse</strong></span> <span class='ocrx_word' id='word_1_773' title='bbox 3386 5053 3574 5118; x_wconf 90' lang='lat' dir='ltr'><strong>putat,</strong></span> <span class='ocrx_word' id='word_1_774' title='bbox 3613 5050 3782 5106; x_wconf 89' lang='lat' dir='ltr'><strong>nobis</strong></span> 
     </span>
    </p>
   </div>
   <div class='ocr_carea' id='block_1_113' title="bbox 2140 5129 3782 5210">
    <p class='ocr_par' dir='ltr' id='par_1_113' title="bbox 2140 5129 3782 5210">
     <span class='ocr_line' id='line_1_113' title="bbox 2140 5129 3782 5210; baseline 0.002 -19"><span class='ocrx_word' id='word_1_775' title='bbox 2140 5134 2371 5191; x_wconf 88' lang='lat' dir='ltr'><strong>exhibet</strong></span> <span class='ocrx_word' id='word_1_776' title='bbox 2401 5147 2535 5188; x_wconf 89' lang='lat' dir='ltr'><strong>cum</strong></span> <span class='ocrx_word' id='word_1_777' title='bbox 2566 5130 2769 5186; x_wconf 91' lang='lat' dir='ltr'><strong>eadem</strong></span> <span class='ocrx_word' id='word_1_778' title='bbox 2815 5129 3214 5204; x_wconf 86' lang='lat' dir='ltr'><strong>inscriptione,</strong></span> <span class='ocrx_word' id='word_1_779' title='bbox 3263 5136 3582 5206; x_wconf 85' lang='lat' dir='ltr'><strong>eademque</strong></span> <span class='ocrx_word' id='word_1_780' title='bbox 3630 5137 3782 5210; x_wconf 88' lang='lat' dir='ltr'><strong>regis</strong></span> 
     </span>
    </p>
   </div>
   <div class='ocr_carea' id='block_1_114' title="bbox 2140 5218 3566 5296">
    <p class='ocr_par' dir='ltr' id='par_1_114' title="bbox 2140 5218 3566 5296">
     <span class='ocr_line' id='line_1_114' title="bbox 2140 5218 3566 5296; baseline -0.001 -17"><span class='ocrx_word' id='word_1_781' title='bbox 2140 5222 2353 5296; x_wconf 89' lang='lat' dir='ltr'><strong>efﬁgie,</strong></span> <span class='ocrx_word' id='word_1_782' title='bbox 2386 5225 2446 5276; x_wconf 90' lang='lat' dir='ltr'><strong>at</strong></span> <span class='ocrx_word' id='word_1_783' title='bbox 2475 5219 2600 5275; x_wconf 89' lang='lat' dir='ltr'><strong>sine</strong></span> <span class='ocrx_word' id='word_1_784' title='bbox 2632 5218 2889 5274; x_wconf 88' lang='lat' dir='ltr'><strong>nominis</strong></span> <span class='ocrx_word' id='word_1_785' title='bbox 2921 5222 3322 5294; x_wconf 89' lang='lat' dir='ltr'><strong>designatione</strong></span> <span class='ocrx_word' id='word_1_786' title='bbox 3343 5239 3566 5280; x_wconf 89' lang='lat' dir='ltr'><strong>omnes.</strong></span> 
     </span>
    </p>
   </div>
   <div class='ocr_carea' id='block_1_115' title="bbox 2212 5334 3778 5411">
    <p class='ocr_par' dir='ltr' id='par_1_115' title="bbox 2212 5334 3778 5411">
     <span class='ocr_line' id='line_1_115' title="bbox 2212 5334 3778 5411; baseline 0.003 -18"><span class='ocrx_word' id='word_1_787' title='bbox 2212 5337 2288 5393; x_wconf 92' lang='lat' dir='ltr'><strong>Ut</strong></span> <span class='ocrx_word' id='word_1_788' title='bbox 2318 5341 2511 5392; x_wconf 90' lang='lat' dir='ltr'><strong>autem</strong></span> <span class='ocrx_word' id='word_1_789' title='bbox 2544 5334 2881 5390; x_wconf 91' lang='lat' dir='ltr'><strong>Boterovius</strong></span> <span class='ocrx_word' id='word_1_790' title='bbox 2907 5351 3005 5390; x_wconf 90' lang='lat' dir='ltr'><strong>eas</strong></span> <span class='ocrx_word' id='word_1_791' title='bbox 3028 5335 3367 5393; x_wconf 87' lang='lat' dir='ltr'><strong>Cbariberto</strong></span> <span class='ocrx_word' id='word_1_792' title='bbox 3390 5337 3509 5411; x_wconf 91' lang='lat' dir='ltr'><strong>regi</strong></span> <span class='ocrx_word' id='word_1_793' title='bbox 3540 5339 3778 5409; x_wconf 90' lang='lat' dir='ltr'><strong>tribuat,</strong></span> 
     </span>
    </p>
   </div>
   <div class='ocr_carea' id='block_1_116' title="bbox 2141 5422 3782 5501">
    <p class='ocr_par' dir='ltr' id='par_1_116' title="bbox 2141 5422 3782 5501">
     <span class='ocr_line' id='line_1_116' title="bbox 2141 5422 3782 5501; baseline 0.002 -20"><span class='ocrx_word' id='word_1_794' title='bbox 2141 5426 2370 5482; x_wconf 89' lang='lat' dir='ltr'><strong>duobus</strong></span> <span class='ocrx_word' id='word_1_795' title='bbox 2385 5427 2648 5479; x_wconf 90' lang='lat' dir='ltr'><strong>movetur</strong></span> <span class='ocrx_word' id='word_1_796' title='bbox 2663 5422 3313 5493; x_wconf 89' lang='lat' dir='ltr'><strong>argumentis.Primum</strong></span> <span class='ocrx_word' id='word_1_797' title='bbox 3337 5431 3424 5481; x_wconf 90' lang='lat' dir='ltr'><strong>est</strong></span> <span class='ocrx_word' id='word_1_798' title='bbox 3446 5427 3597 5498; x_wconf 90' lang='lat' dir='ltr'><strong>quod</strong></span> <span class='ocrx_word' id='word_1_799' title='bbox 3614 5429 3782 5501; x_wconf 86' lang='lat' dir='ltr'><strong>plura</strong></span> 
     </span>
    </p>
   </div>
   <div class='ocr_carea' id='block_1_117' title="bbox 2141 5511 3778 5589">
    <p class='ocr_par' dir='ltr' id='par_1_117' title="bbox 2141 5511 3778 5589">
     <span class='ocr_line' id='line_1_117' title="bbox 2141 5511 3778 5589; baseline 0 -17"><span class='ocrx_word' id='word_1_800' title='bbox 2141 5516 2255 5573; x_wconf 91' lang='lat' dir='ltr'><strong>alia</strong></span> <span class='ocrx_word' id='word_1_801' title='bbox 2285 5514 2646 5569; x_wconf 87' lang='lat' dir='ltr'><strong>numismata</strong></span> <span class='ocrx_word' id='word_1_802' title='bbox 2674 5511 2745 5566; x_wconf 88' lang='lat' dir='ltr'><strong>ab</strong></span> <span class='ocrx_word' id='word_1_803' title='bbox 2779 5511 2907 5584; x_wconf 90' lang='lat' dir='ltr'><strong>ipso</strong></span> <span class='ocrx_word' id='word_1_804' title='bbox 2939 5513 3196 5568; x_wconf 80' lang='lat' dir='ltr'><strong>exhibita</strong></span> <span class='ocrx_word' id='word_1_805' title='bbox 3215 5531 3283 5570; x_wconf 89' lang='lat' dir='ltr'><strong>ex</strong></span> <span class='ocrx_word' id='word_1_806' title='bbox 3304 5533 3421 5572; x_wconf 89' lang='lat' dir='ltr'><strong>una</strong></span> <span class='ocrx_word' id='word_1_807' title='bbox 3443 5524 3604 5589; x_wconf 89' lang='lat' dir='ltr'><strong>parte</strong></span> <span class='ocrx_word' id='word_1_808' title='bbox 3635 5535 3778 5589; x_wconf 64' lang='lat' dir='ltr'><strong>prae-</strong></span> 
     </span>
    </p>
   </div>
   <div class='ocr_carea' id='block_1_118' title="bbox 2141 5601 3781 5684">
    <p class='ocr_par' dir='ltr' id='par_1_118' title="bbox 2141 5601 3781 5684">
     <span class='ocr_line' id='line_1_118' title="bbox 2141 5601 3781 5684; baseline 0.001 -18"><span class='ocrx_word' id='word_1_809' title='bbox 2141 5606 2335 5666; x_wconf 85' lang='lat' dir='ltr'><strong>ferunt</strong></span> <span class='ocrx_word' id='word_1_810' title='bbox 2361 5601 2602 5664; x_wconf 82' lang='lat' dir='ltr'><strong>calicem</strong></span> <span class='ocrx_word' id='word_1_811' title='bbox 2635 5605 2909 5660; x_wconf 83' lang='lat' dir='ltr'><strong>ansatum</strong></span> <span class='ocrx_word' id='word_1_812' title='bbox 2939 5617 3074 5662; x_wconf 84' lang='lat' dir='ltr'><strong>eum</strong></span> <span class='ocrx_word' id='word_1_813' title='bbox 3114 5619 3284 5664; x_wconf 87' lang='lat' dir='ltr'><strong>cruce</strong></span> <span class='ocrx_word' id='word_1_814' title='bbox 3329 5606 3697 5684; x_wconf 85' lang='lat' dir='ltr'><strong>superposita</strong></span> <span class='ocrx_word' id='word_1_815' title='bbox 3723 5609 3781 5668; x_wconf 85' lang='lat' dir='ltr'><strong>et</strong></span> 
     </span>
    </p>
   </div>
  </div>
