4138 6186
482 297 638 366 1251

1521 291 1917 357 APPENDIX
1964 293 2069 356 AD
2113 292 2374 357 OPERA
2418 292 2858 359 HUMBERTI.

3672 300 3789 367 1252

487 432 890 507 designatione
910 427 1022 484 loci
1056 428 1154 487 ubi
1186 444 1326 484 cusa
1354 431 1444 484 est
1472 432 1724 494 moneta,
1756 428 2126 483 Banm’aciaco
2158 434 2207 499 Α
2240 428 2606 486 Eucharistia
2646 428 2704 483 in
2748 427 3029 484 calicibus
3075 426 3385 501 aliquando
3426 428 3498 486 sit
3537 439 3795 491 asservata.

484 523 726 591 scilicet,
758 520 857 592 qui
889 518 1053 574 locus
1084 518 1285 573 itidem
1308 516 1366 571 in
1388 517 1577 571 tribus
1599 516 1730 571 aliis
1754 517 1878 587 jam
1913 532 2126 571 memo-

485 612 647 679 ratis,
679 610 870 665 tribus
900 608 1181 662 duntaxat
1210 606 1503 677 prioribus
1524 604 1735 659 litteris
1761 603 2123 676 exprimitur,

484 718 602 757 una
632 715 765 754 cum
797 696 971 753 verbo
1006 694 1339 751 Gavaletano
1362 712 1374 761 ;
1403 711 1471 750 ex
1492 692 1607 749 alia
1628 709 1760 748 vero
1787 696 1949 764 parte
1971 691 2125 763 regis

482 787 736 863 efﬁgiem
767 786 1142 857 repraesentat
1171 800 1303 838 cum
1333 782 1443 837 hac
1474 780 1887 853 inscriptione:
1926 780 2123 835 Chari-

482 877 665 932 bcrlus
698 891 816 931 rex.
850 873 1109 927 Alterum
1141 875 1554 943 argumentum
1599 875 1705 935 est,
1738 869 1893 941 quod
1924 868 2124 924 Chari-

478 966 643 1022 berto
675 966 950 1036 regnante
982 964 1154 1031 atque
1186 964 1423 1017 curante
1446 958 1803 1015 celebratum
1826 961 1915 1012 est
1936 957 2125 1013 conci-

477 1052 621 1109 lium
657 1052 981 1109 secundum
1036 1050 1374 1105 Turonense
1407 1066 1557 1103 anno
1586 1050 1712 1114 566,
1746 1064 1861 1118 quo
1895 1046 1951 1100 in
1986 1062 2122 1101 con-

477 1140 611 1197 cilio
645 1141 866 1207 Patres,
900 1155 1122 1215 canone
1143 1139 1194 1203 3,
1221 1142 1475 1193 statuere
1503 1160 1529 1186 ‹‹
1559 1141 1623 1191 ut
1654 1153 1862 1207 corpus
1890 1133 2123 1189 Domini

475 1230 537 1286 in
568 1228 737 1286 altari
770 1246 883 1283 non
914 1227 973 1282 in
1015 1226 1359 1299 imaginario
1400 1225 1622 1291 ordine,
1656 1225 1755 1279 sed
1790 1224 1900 1279 sub
1931 1221 2121 1277 crucis

474 1318 644 1374 titulo
694 1318 1093 1388 componatur.
1131 1337 1158 1363 ››
1212 1316 1333 1379 Quo
1384 1331 1450 1368 ex
1497 1312 1622 1368 loco
1661 1313 1749 1366 vir
1778 1311 2119 1383 antiquaria:

476 1407 559 1462 rei
590 1404 1063 1462 studiosissimus
1107 1401 1327 1473 colligit
1373 1402 1707 1455 Chariberto
1740 1400 2027 1472 placuisse
2058 1404 2122 1453 ut

472 1495 534 1549 in
567 1493 911 1548 memoriam
948 1491 1128 1561 hujus
1162 1490 1361 1545 statuti
1398 1507 1458 1544 se
1499 1494 1845 1561 procurante
1877 1489 2116 1556 conditi,

474 1586 721 1637 moneta:
748 1580 918 1653 regiae
948 1579 1125 1635 calice
1146 1583 1348 1634 ansato
1372 1596 1506 1634 cum
1530 1578 1737 1633 hostiis
1763 1577 2120 1649 insigniren-

471 1674 588 1736 tur,
622 1686 688 1725 eo
720 1669 942 1726 scilicet
965 1669 1136 1725 modo
1164 1686 1278 1740 quo
1308 1667 1735 1724 Eucharistiam
1758 1668 1815 1721 in
1840 1666 2120 1721 calicibus

472 1758 693 1814 ansatis
726 1759 799 1814 ab
829 1775 895 1814 eo
917 1762 1177 1829 tempore
1199 1761 1554 1814 asservatam
1578 1757 1758 1812 fuisse
1785 1755 2119 1811 Boterovius

472 1848 716 1921 probare
744 1848 1017 1903 intendit.
1054 1848 1188 1911 Qum
1210 1847 1409 1903 omnia
1434 1847 1480 1901 si
1498 1851 1653 1901 certa
1673 1846 1812 1914 sint,
1838 1846 1970 1900 inde
1994 1862 2048 1916 pl
2066 1860 2122 1899 ο-
2150 1814 2199 1879 Β

404 1960 410 1971 ·
469 1936 662 1993 habile
710 1937 997 1993 habemus
1056 1940 1473 2009 argumentum
1537 1934 1762 1989 oblatas
1824 1932 2035 1989 saeculo
2062 1949 2120 1987 v1

469 2028 675 2081 tenues
707 2042 773 2080 ac
803 2024 1086 2089 modicas,
1120 2024 1323 2096 quales
1357 2025 1471 2080 fere
1507 2024 1677 2079 modo
1711 2023 2019 2089 habemus,
2054 2038 2119 2077 ac

470 2114 712 2185 proinde
743 2114 1183 2170 infermentatas
1214 2114 1412 2167 fuisse.

538 2221 776 2286 Verum,
812 2225 875 2275 ut
904 2220 1013 2275 hac
1045 2221 1115 2274 de
1142 2236 1201 2274 re
1232 2220 1419 2274 dicam
1467 2219 1621 2289 quod
1652 2218 1859 2283 sentio,
1893 2220 2115 2272 certum

470 2308 613 2363 mihi
636 2308 864 2363 videtur
885 2309 1074 2379 primo
1096 2308 1330 2378 quidem
1358 2306 1565 2362 calices
1587 2307 1915 2377 antiquitus
1935 2306 2115 2360 fuisse

469 2400 729 2460 ansatos,
762 2400 827 2449 ut
867 2395 1068 2449 multis
1096 2396 1303 2466 probat
1332 2395 1692 2465 Boterovius,
1712 2380 1939 2450 tum'ex
1968 2398 2114 2449 Ana-

469 2483 650 2538 stasio
680 2482 918 2555 vulgato
962 2484 1019 2537 in
1071 2483 1261 2539 Gestis
1315 2483 1658 2555 pontificum
1691 2484 2109 2550 Romanorum,

470 2577 598 2626 tum
630 2587 699 2627 ex
729 2571 877 2626 aliis.
929 2571 1033 2634 Qui
1095 2588 1223 2627 mos
1278 2572 1410 2626 inde
1457 2572 1646 2627 forsan
1684 2570 2113 2644 promanaverit

472 2661 626 2732 quod
659 2661 824 2729 calix,
858 2678 972 2733 quo
1006 2660 1273 2716 Christus
1306 2661 1588 2716 Dominus
1618 2660 1679 2714 in
1710 2658 1918 2714 ultima
1948 2676 2112 2714 omna

469 2766 615 2805 usus
643 2754 750 2817 est,
783 2755 1008 2805 ansatus
1041 2750 1220 2805 fuisse
1262 2750 1601 2822 perhibetur
1629 2749 1783 2821 apud
1819 2749 2109 2804 Adamna-

467 2854 611 2893 num
642 2838 932 2895 Hiiensem
968 2838 1319 2894 monachum
1352 2839 1409 2893 in
1434 2837 1535 2893 lib.
1568 2843 1683 2893 1Ue
1706 2838 1847 2893 locis
1869 2838 2106 2905 sanctis,

466 2941 593 2998 cap.
626 2929 679 2982 8.
713 2927 926 2982 Locum
958 2927 1072 2983 huc
1104 2926 1392 2983 ascribam
1425 2928 1484 2982 in
1537 2927 1785 3001 gratiam
1814 2928 2109 2983 studioso-

465 3029 636 3070 rum:
671 3036 699 3065 ‹‹
732 3014 1068 3071 Interillam
1093 3033 1324 3088 quoque
1349 3015 1773 3088 Golgothanam
1806 3015 2108 3071 basilicam

469 3107 527 3159 et
554 3105 922 3177 martyrium,
972 3106 1240 3177 quaedam
1291 3106 1443 3161 inest
1486 3106 1713 3173 exedra,
1763 3105 1822 3159 in
1872 3121 1987 3176 qua
2022 3107 2111 3159 est

2237 517 2382 572 Nam
2415 520 2517 573 aut
2546 516 2605 572 in
2638 516 2942 586 turricula,
2972 522 3077 574 aut
3103 517 3164 573 in
3187 517 3449 576 columba
3468 524 3709 592 argentea
3730 538 3800 579 ra-

2236 605 2372 677 poni
2402 605 2647 662 solebat.
2711 605 2985 680 Legimus
3034 606 3270 679 quidem
3324 608 3471 681 apud
3518 608 3803 682 Gregorium

2236 695 2635 751 Turonensem
2668 693 3008 767 episcopum
3054 696 3113 751 in
3154 695 3254 752 lib.
3285 714 3303 751 1
3333 697 3402 753 de
3429 695 3606 753 Gloria
3631 704 3805 772 marty-

2234 800 2390 854 rum,
2420 801 2548 856 cap.
2588 786 2676 851 47,
2740 784 2979 840 calicem
3040 783 3435 857 crystallinum
3492 786 3585 857 qui
3634 787 3810 845 fractus

2234 871 2442 943 fuerat,
2462 871 2692 928 diaconi
2710 872 2970 929 oratione
2992 877 3402 944 restauratum,
3417 873 3580 944 jussu
3598 874 3807 949 episcopi

2231 976 2549 1033 suspensum
2565 978 2730 1033 super
2748 962 2926 1017 altare
2945 961 3148 1030 fuisse,
3166 962 3405 1033 ejusque
3425 961 3501 1018 rei
3520 962 3808 1020 memoriam

2232 1066 2426 1105 annua
2474 1050 2782 1105 festivitate
2824 1049 3142 1122 quotannis
3189 1048 3548 1107 celebratam.
3593 1054 3671 1105 An
3705 1067 3808 1107 vero

2231 1138 2599 1194 Eucharistia
2627 1139 2686 1211 in
2717 1155 2784 1195 eo
2826 1142 3244 1208 asservaretur,
3274 1156 3389 1195 non
3418 1138 3608 1211 liquet.
3636 1138 3813 1196 Clarior

2229 1231 2318 1283 est
2348 1226 2509 1284 locus
2530 1226 2590 1283 in
2615 1227 2805 1284 Gestis
2827 1226 3086 1301 Gregorii
3106 1244 3267 1300 papa:
3287 1228 3441 1283 tertii
3459 1227 3552 1301 qui
3575 1249 3600 1278 «
3617 1227 3810 1284 calicem

2230 1332 2416 1371 unum
2453 1319 2795 1387 argenteum
2824 1316 2926 1388 qui
2947 1317 3178 1388 pendet,
3214 1340 3241 1366 ››
3272 1315 3463 1389 inquit
3490 1318 3688 1385 auctor,
3718 1339 3741 1367 ι(
3764 1316 3810 1371 in

2230 1404 2431 1476 apside
2463 1404 2722 1472 oratorii,
2745 1426 2773 1455 »
2808 1404 3037 1461 dedisse
3060 1405 3424 1477 perhibetur,
3446 1422 3555 1461 non
3575 1404 3747 1471 alium,
3766 1408 3815 1459 ut

2228 1492 2479 1559 videtur,
2511 1494 2583 1549 ad
2617 1510 2813 1561 usum,
2848 1510 3023 1565 quam
3055 1495 3127 1550 ad
3160 1493 3607 1551 sacratissimum
3632 1493 3809 1551 Eucha-

2230 1580 2457 1637 ristiam
2488 1582 2967 1638 consecrandam.

2406 1770 2731 1841 Explicatur
2758 1785 2931 1825 canon
2957 1770 2991 1825 3
3020 1770 3242 1826 concilii
3273 1788 3315 1825 II
3351 1773 3673 1828 Turonensis.

2301 1922 2368 1977 Et
2397 1922 2871 1994 quandoquidem
2923 1921 3036 1977 huc
3081 1922 3315 1978 devenit
3361 1924 3558 1991 oratio,
3598 1924 3809 1997 quaedam

2228 2009 2534 2066 observare
2559 2011 2729 2081 juvat
2758 2011 2830 2065 ad
2870 2009 3416 2083 interpretationem
3447 2011 3668 2069 canonis
3691 2011 3806 2067 tertii

2227 2098 2455 2154 concilii
2485 2100 2865 2167 Turonensis,
2912 2116 3028 2172 quo
3076 2099 3434 2173 praecipitur,
3488 2124 3515 2152 «
3562 2106 3622 2156 ut
3646 2118 3810 2173 corpus

2226 2186 2457 2243 Domini
2488 2188 2547 2243 in
2579 2188 2767 2256 altari,
2814 2204 2929 2243 non
2976 2188 3329 2261 imaginario
3378 2190 3590 2258 ordine,
3620 2190 3705 2245 sed
3728 2190 3810 2245 sub

2226 2278 2414 2331 crucis
2445 2276 2614 2332 titulo
2662 2280 3063 2349 componatur.
3118 2301 3145 2326 ››
3194 2279 3397 2335 Canon
3454 2279 3557 2335 iste
3605 2278 3811 2335 eruditos

2223 2364 2378 2420 viros
2391 2366 2747 2436 jamdudum
2768 2370 3003 2437 torquet
3019 2371 3332 2439 versatque
3350 2368 3408 2423 in
3428 2367 3605 2424 varias
3631 2371 3809 2439 partes;

2223 2454 2293 2509 de
2314 2458 2510 2525 quout
2526 2452 2796 2509 nonnihil
2815 2452 3003 2509 dicam
3016 2496 3029 2521 ,
3046 2455 3376 2511 notandum
3394 2460 3480 2513 est
3496 2456 3552 2511 in
3568 2452 3813 2511 nonnullis

2222 2543 2524 2598 codicibus
2582 2543 2789 2599 abesse
2835 2544 3284 2615 praepositiones
3317 2568 3345 2595 ‹‹
3388 2545 3446 2599 in
3481 2567 3507 2593 ››
3536 2548 3588 2601 et
3615 2543 3812 2599 «sub.»

2219 2630 2863 2702 Deindeimaginarium
2880 2631 3145 2699 ordinem
3160 2648 3301 2688 eum
3326 2649 3453 2689 esse
3474 2633 3567 2706 qui
3592 2628 3811 2705 imagini-

2219 2721 2330 2775 bus
2343 2719 2526 2775 sacris
2542 2719 3240 2792 vulgotribuebatur.0uo
3254 2722 3317 2777 in
3335 2738 3509 2779 sensu
3531 2744 3558 2773 «
3579 2721 3812 2793 imagina-

2218 2808 2303 2864 ria
2333 2808 2560 2880 pictura
2592 2829 2621 2856 »
2652 2807 2867 2863 dicitur
2892 2809 3047 2881 apud
3076 2811 3464 2867 Anastasium
3499 2810 3555 2866 in
3596 2807 3811 2865 versione

2220 2897 2463 2953 secundi
2493 2895 2722 2952 concilii
2753 2897 2988 2952 Nicaani.

2287 3004 2416 3059 Jam
2450 3004 2509 3058 in
2541 3003 2649 3059 hoc
2674 3018 2892 3060 canone
2923 3004 3273 3077 explicando
3309 3007 3545 3063 diversae
3574 3009 3695 3062 sunt
3712 3019 3811 3060 sen-

2217 3093 2415 3149 tentias
2444 3097 2582 3149 tres.
2617 3093 2810 3149 Prima
2838 3092 3095 3149 Severini
3126 3094 3280 3150 Binii
3330 3096 3575 3152 dicentis
3614 3095 3708 3150 hoc
3731 3093 3810 3147 de-

469 3191 617 3247 calix
649 3193 896 3262 Domini,
931 3209 1105 3265 quem
1131 3210 1163 3247 a
1193 3209 1255 3248 se
1276 3193 1649 3249 benedictum
1674 3192 1907 3266 propria
1929 3209 2104 3247 manu
2139 3180 2181 3247 C
2219 3187 2374 3238 creto
2405 3181 2699 3254 prohiberi
2750 3205 2777 3231 ‹‹
2812 3199 2884 3238 ne
2931 3199 3148 3255 corpus
3195 3184 3434 3240 Domini
3480 3184 3623 3240 inter
3655 3196 3809 3238 sacras

462 3279 526 3336 in
557 3298 718 3337 omne
751 3281 937 3353 pridie
967 3298 1143 3352 quam
1195 3287 1508 3353 pateretur,
1548 3283 1671 3353 ipse
1702 3282 1939 3338 conviva
1970 3297 2104 3352 apo-

464 3368 630 3442 stolis
682 3370 925 3423 tradidit
955 3369 1417 3437 convivantibus,
1461 3370 1559 3442 qui
1618 3376 1927 3442 argenteus
1958 3369 2108 3424 calix

462 3440 696 3511 sextarii
720 3456 925 3511 Gallici
950 3472 1286 3512 mensuram
1311 3440 1555 3527 habens,
1580 3440 1843 3529 duasque
1865 3458 2105 3514 ansulas

460 3543 519 3598 in
543 3561 605 3599 se
627 3560 695 3599 ex
716 3548 964 3616 utraque
986 3548 1149 3616 parte
1171 3544 1518 3602 altrinsecus
1544 3547 1846 3602 continens
1870 3564 2103 3618 compo-

461 3631 625 3689 sitas.
659 3654 687 3684 »
721 3632 851 3688 Haec
875 3633 1255 3689 Adamnanus
1287 3638 1419 3689 ante
1461 3651 1646 3689 annos
1680 3636 1794 3690 fere
1826 3634 1983 3691 mille
2015 3652 2104 3691 re-

406 3777 418 3793 .
457 3720 593 3777 tulit
621 3737 689 3777 ex
721 3721 1053 3777 narratione
1100 3720 1314 3777 Arculﬁ
1374 3722 1654 3779 Gallicani
1686 3724 1967 3796 episcopi,
2001 3726 2102 3797 qui

457 3810 697 3869 calicem
728 3811 906 3867 istum
939 3816 1335 3884 conspexerat.

528 3918 795 3974 Secundo
826 3923 1049 3974 certum
1101 3918 1245 3974 mihi
1285 3919 1513 3975 videtur
1542 3921 1899 3977 numismata
1931 3939 1965 3977 a
1996 3923 2101 3977 Bo-

456 4006 675 4064 terovio
704 4006 961 4062 exhibita
988 4024 1117 4063 vere
1156 4024 1283 4064 esse
1336 4008 1656 4065 Chariberti
1709 4011 1881 4084 regis,
1916 4028 2104 4083 quan-

458 4092 775 4165 doquidem
800 4093 916 4149 alia
935 4094 1104 4166 plura
1127 4097 1393 4166 ejusdem
1412 4098 1642 4170 generis
1664 4100 1850 4171 ipsius
1869 4101 2104 4158 nomine

459 4183 694 4255 signata
718 4181 1011 4241 videntur.
2012 4198 2017 4203 '

530 4289 723 4345 Tertio
751 4306 915 4362 aeque
946 4289 1311 4363 exploratum
1344 4297 1505 4363 puto,
1538 4294 1598 4349 in
1629 4294 1749 4351 illis
1781 4297 2105 4354 numisma-

456 4378 616 4433 tibus
647 4395 845 4436 revera
873 4379 1082 4436 calices
1112 4385 1351 4435 ansatos
1396 4384 1819 4454 repraesentari,
1854 4389 2103 4443 maxime

458 4466 597 4538 quia
625 4467 887 4540 plerique
918 4469 1154 4542 signum
1186 4471 1373 4525 crucis
1406 4474 1839 4543 superpositum
1864 4475 2097 4544 habent,

457 4559 516 4611 et
537 4574 691 4613 unus
714 4558 950 4630 quidem
978 4575 1112 4614 cum
1135 4565 1637 4632 monogrammate
1657 4562 1872 4619 Christi
1893 4566 2101 4636 adjun-
2132 4547 2179 4611 D

459 4650 572 4707 cto.

529 4736 744 4799 Quarto
776 4753 1123 4807 persuasum
1155 4738 1332 4793 etiam
1367 4738 1509 4793 mihi
1535 4744 1641 4807 est,
1677 4758 1957 4799 canonem
1988 4747 2102 4800 ter-

456 4821 605 4877 tium
637 4824 865 4879 concilii
896 4827 1253 4883 Turonensis
1276 4829 1345 4884 de
1367 4832 1719 4886 asservanda
1741 4832 2105 4891 Eucharistia

459 4910 957 4983 interpretandum
992 4932 1139 4971 esse.

534 5020 609 5073 At
638 5034 772 5073 vero
805 5036 922 5075 non
951 5021 1030 5076 ita
1061 5028 1430 5094 perspectum
1455 5025 1640 5082 habeo
1662 5045 1735 5082 an
1759 5004 1988 5084 minimi
2019 5031 2103 5087 illi

461 5105 685 5174 circuli,
721 5106 822 5179 qui
868 5108 1148 5166 calicibus
1196 5113 1414 5167 ansatis
1456 5121 1952 5188 superponuntur,
1986 5119 2105 5175 sint

459 5210 605 5250 verm
638 5195 863 5253 oblatze.
899 5198 1021 5254 Non
1057 5200 1210 5271 quod
1246 5201 1303 5254 id
1335 5201 1480 5256 mihi
1505 5205 1740 5261 omnino
1763 5207 1878 5262 veri
1910 5207 2105 5264 simile

461 5300 575 5339 non
606 5284 891 5356 videatur,
925 5289 1025 5343 sed
1049 5289 1201 5360 quod
1227 5290 1467 5346 artiﬁcis
1490 5292 1778 5365 imperitia
1796 5312 1910 5351 non
1934 5296 2105 5369 plane

460 5387 585 5427 rem
618 5374 802 5430 oculis
834 5376 1121 5434 exhibeat.
1155 5378 1351 5450 Neque
1400 5380 1556 5436 enim
1588 5384 1822 5439 animus
1852 5389 1941 5440 est
1971 5385 2104 5458 plus

461 5459 736 5533 ponderis
766 5463 901 5519 dare
946 5466 1305 5539 argumentis
1335 5486 1511 5541 quam
1559 5487 1627 5526 ea
1655 5488 1769 5542 pra:
1801 5490 1862 5529 se
1893 5474 2101 5532 ferant.

533 5564 751 5633 Deinde
781 5572 1079 5633 nonnullis
1109 5574 1287 5636 etiam
1317 5576 1562 5639 dubium
1602 5577 1783 5641 videri
1812 5584 2001 5660 possit
2028 5602 2105 5647 en

2214 3270 2503 3345 imagines
2533 3288 2711 3343 super
2733 3271 2899 3326 altari
2923 3271 3060 3344 poni
3082 3272 3313 3339 solitas,
3339 3274 3441 3330 sed
3466 3272 3647 3347 potius
3672 3268 3810 3327 collo-

2215 3366 2378 3417 cetur
2398 3361 2507 3415 sub
2524 3359 2652 3432 ipsa
2668 3376 2857 3429 cruce,
2880 3376 3005 3432 quae
3026 3361 3085 3415 in
3109 3362 3443 3419 meditullio
3460 3363 3634 3435 ipsius
3653 3358 3810 3416 altaris

2214 3450 2350 3522 poni
2375 3449 2690 3505 consuevit.
2720 3470 2747 3499 »
2773 3448 2970 3505 Altera
2991 3455 3081 3505 est
3097 3450 3306 3507 Jacobi
3331 3451 3622 3508 Sirmundi
3643 3450 3693 3505 in
3711 3462 3808 3518 cap.

2215 3539 2247 3592 4
2278 3538 2722 3610 Disquisitionis
2745 3539 2816 3594 de
2839 3555 3059 3609 azymo,
3084 3541 3387 3596 censentis
3410 3539 3553 3595 nihil
3573 3537 3713 3595 aliud
3728 3535 3810 3590 hoc

2213 3643 2432 3682 canone
2465 3644 2638 3699 quam
2678 3650 2698 3677 «
2735 3631 2799 3683 ut
2829 3626 2997 3699 panis
3027 3627 3089 3683 in
3140 3645 3359 3701 corpus
3390 3629 3613 3686 Domini
3655 3638 3809 3682 conse-

2212 3716 2487 3783 crandus,
2542 3732 2658 3770 non
2713 3715 2879 3771 aliter
2925 3733 3029 3788 pro
3074 3716 3367 3789 cujusque
3417 3716 3643 3791 arbitrio
3668 3726 3807 3786 quam

2211 3804 2503 3875 impressa
2529 3819 2700 3859 cruce
2748 3805 3049 3860 formetur.
3086 3827 3113 3854 »
3144 3806 3346 3863 Tertia
3376 3810 3466 3863 est
3492 3806 3594 3861 viri
3632 3799 3809 3859 doctis-

2213 3890 2368 3957 simi,
2403 3890 2501 3963 qui
2534 3890 2829 3947 existimat
2885 3891 3041 3947 hunc
3092 3908 3382 3949 canonem
3413 3887 3808 3964 intelligendum

2211 3995 2340 4036 esse
2370 3980 2441 4035 de
2472 3981 2875 4053 componenda
2902 3979 3192 4036 oblatione
3222 3997 3360 4037 cum
3393 3982 3567 4038 calice
3596 3985 3808 4049 tempore

2212 4067 2483 4126 sacriﬁcii
2515 4084 2544 4123 e
2576 4068 2811 4142 regione
2848 4067 3037 4125 crucis
3090 4069 3148 4125 in
3209 4071 3408 4127 medio
3439 4070 3601 4127 altari
3628 4064 3807 4140 posite.

2212 4174 2327 4213 non
2357 4174 2491 4213 vero
2523 4157 2595 4213 ad
2628 4159 2925 4214 dexteram
2959 4161 3061 4213 aut
3103 4158 3175 4213 ad
3224 4158 3532 4215 sinistram
3562 4173 3592 4214 e
3618 4153 3809 4228 regione

2209 4246 2559 4319 imaginum.

2283 4352 2394 4408 Sed
2420 4356 2482 4407 ut
2511 4351 2762 4424 ingenue
2794 4355 3049 4408 mentem
3082 4370 3273 4410 meam
3318 4353 3595 4427 aperiam,
3624 4348 3813 4405 videtur

2212 4458 2393 4497 canon
2429 4440 2524 4495 ille
2584 4458 2774 4513 neque
2832 4440 2904 4497 de
2960 4442 3387 4515 compositione
3439 4442 3603 4517 panis
3639 4435 3813 4496 eucha-

2298 4528 2418 4595 tici,
2469 4544 2657 4600 neque
2705 4528 2775 4583 de
2823 4528 3022 4585 ordine
3066 4547 3241 4601 quem
3289 4535 3549 4605 tempore
3585 4519 3813 4586 sacriﬁcii

2212 4617 2425 4674 oblatio
2444 4621 2638 4672 tenere
2655 4617 2846 4685 debet,
2862 4616 3133 4689 explicari
3150 4634 3341 4691 posse.
3362 4620 3655 4691 Nusquam
3667 4612 3812 4675 enim.

2214 4706 2261 4763 si
2293 4723 2406 4763 non
2440 4705 2625 4774 fallor,
2659 4706 3036 4762 Eucharistiaa
3070 4724 3279 4763 nomen
3305 4709 3462 4781 apud
3482 4712 3704 4771 veteres,
3723 4695 3814 4757 nisi

2214 4812 2318 4867 pro
2337 4795 2531 4851 hostia
2546 4800 2885 4851 consecrata
2896 4800 3233 4867 usurpatur.
3247 4797 3319 4852 Et
3330 4797 3646 4868 antiquitus
3657 4790 3815 4849 oblata

2214 4882 2482 4939 sacriﬁcii
2512 4887 2795 4954 tempore,
2816 4899 2932 4938 non
2963 4884 3165 4939 ordine
3190 4890 3344 4941 recto
3366 4901 3398 4940 e
3415 4885 3639 4956 regione
3658 4875 3814 4937 crucis

2212 4971 2485 5043 componi
2515 4964 2759 5039 solebat,
2793 4971 2895 5027 sed
2940 4972 3009 5027 ad
3042 4972 3345 5029 sinistram
3385 4977 3604 5045 partem
3630 4965 3816 5031 calicis,

2214 5076 2318 5116 seu
2352 5059 2545 5131 potius
2577 5057 2725 5114 calix
2756 5082 2784 5111 «
2817 5059 2890 5114 ad
2921 5060 3223 5116 dexterum
3255 5060 3412 5117 latus
3442 5059 3657 5126 oblata,
3677 5048 3817 5127 quasi

2214 5148 2561 5221 sanguinem
2582 5147 2817 5204 Domini
2839 5153 3247 5221 suscepturus,
3267 5166 3448 5222 quam
3468 5149 3540 5205 de
3557 5147 3719 5203 latere
3737 5146 3820 5196 Do-

2215 5238 2427 5293 minico
2451 5236 2797 5309 proﬂuxisse
2819 5238 3171 5306 credimus,»
3195 5243 3259 5294 ut
3274 5256 3345 5295 ex
3364 5238 3574 5295 Ordine
3593 5235 3817 5291 Romano

2215 5326 2416 5382 scribit
2446 5324 2817 5398 Micrologus,
2866 5330 2924 5381 et
2964 5344 3099 5383 cum
3142 5344 3208 5384 eo
3254 5328 3510 5384 Joannes
3546 5324 3816 5397 episcopus

2212 5413 2668 5471 Αδνίηοαῑεῑιείεο
2722 5416 3084 5489 Quapropter
3132 5416 3548 5490 praeferendam
3585 5408 3814 5493 existimo

2213 5503 2565 5561 sententiam
2584 5503 2838 5578 primam
2863 5522 2877 5573 ;
2903 5505 2961 5561 in
2983 5522 3099 5579 qua
3118 5510 3312 5564 tamen
3333 5501 3590 5578 scrupnli
3608 5496 3816 5576 quidam

2214 5591 2363 5657 mihi
2392 5596 2618 5656 restant
2646 5609 2795 5679 quos
2821 5592 2917 5665 hic
2947 5593 3239 5659 discutere
3263 5593 3533 5657 conabor.
