4138 6186
293 339 450 403 1253

1267 336 1721 400 MABILLONII
1767 337 2241 410 DISQUISITIO
2284 339 2384 400 DE
2429 338 2724 402 AZYMO.

3542 341 3696 405 1254

369 473 506 528 Duae
539 474 679 527 sunt
699 468 1075 526 difﬁcultates
1109 486 1234 541 quae
1260 470 1415 526 hunc
1437 488 1719 528 canonem
1753 471 1942 544 primo
1972 480 2025 546 Α
2056 471 2257 526 minici
2287 473 2546 543 corporis
2594 472 2936 539 habebatur,
2973 495 2999 522 »
3040 473 3249 530 tulisse
3293 476 3507 532 dicitur
3539 499 3567 527 «
3625 478 3696 533 ad

300 561 400 617 illo
439 560 612 616 modo
634 558 982 630 explicatum
1011 558 1334 630 implicant.
1371 561 1706 633 Prima,quo
1737 561 1942 616 inloco

299 651 630 722 prostarent
679 653 816 702 tunc
872 648 1152 718 temporis
1192 647 1478 719 imagines
1524 649 1582 703 in
1627 649 1941 715 Ecclesiis;

300 737 486 793 altera
515 753 631 808 quo
655 735 766 790 ritu
793 735 1155 791 Eucharistia
1195 759 1221 787 ‹‹
1269 738 1380 792 sub
1421 739 1611 794 crucis
1663 738 1830 794 titulo
1885 738 1943 792 in

300 826 467 883 altari
504 848 533 874 »
564 829 1028 896 componeretur.

373 915 461 969 Ad
514 915 786 986 primam,
847 914 1194 969 crediderim
1246 915 1382 969 totis
1442 916 1641 970 decem
1679 916 1944 972 Ecclesia:

301 1003 533 1060 saeculis
565 1003 852 1074 imagines
886 1019 1080 1058 sacras
1104 1004 1220 1058 aris
1253 1021 1368 1058 non
1402 1003 1580 1060 fuisse
1612 1005 1944 1077 impositas.

301 1095 578 1149 Testatur
600 1096 706 1146 Leo
739 1108 888 1162 papa
921 1097 1164 1163 quartus
1197 1093 1254 1147 in
1288 1093 1527 1149 homilia
1558 1095 1812 1164 quadam
1856 1095 1947 1150 his

300 1181 521 1238 verbis:
559 1205 584 1230 «
610 1181 797 1252 Super
821 1181 1002 1236 altare
1024 1181 1166 1235 nihil
1193 1185 1462 1252 ponatur,
1486 1183 1599 1239 nisi
1650 1201 1835 1256 capsae
1895 1191 1950 1239 et

303 1270 583 1342 reliquiae,
613 1274 714 1324 aut
747 1271 888 1324 forte
944 1275 1195 1341 quatuor
1245 1271 1576 1342 Evangelia,
1624 1278 1680 1327 et
1738 1273 1953 1327 buxida

303 1377 437 1417 cum
471 1375 711 1432 corpore
734 1359 964 1414 Domini
996 1360 1067 1414 ad
1086 1359 1360 1414 viaticum
1410 1361 1698 1428 infirmis;
1748 1368 1952 1417 cratera

305 1449 364 1504 in
390 1449 570 1504 nitido
603 1448 726 1503 loco
757 1449 1197 1503 recondantur»:
1235 1449 1448 1504 Eadem
1507 1451 1682 1505 verba
1747 1452 1953 1522 repetit

307 1537 618 1594 Ratherius
631 1536 983 1592 Veronensis
1000 1538 1310 1608 episcopus
1327 1537 1380 1591 in
1403 1539 1678 1610 synodica
1691 1540 1953 1594 oratione

308 1629 378 1684 ad
414 1627 781 1700 presbyteros
812 1644 969 1683 suos.
1023 1626 1219 1682 Flores
1255 1631 1449 1683 tamen
1493 1628 1666 1682 etiam
1700 1652 1726 1677 ‹‹
1779 1646 1956 1700 super

306 1716 548 1772 altare»
600 1717 822 1788 positos
868 1716 1073 1788 probat
1125 1715 1442 1771 Venantius
1491 1718 1841 1773 Fortunatus
1896 1719 1953 1772 in

306 1806 541 1876 lib.vm,
574 1806 830 1860 carmine
859 1811 912 1860 8.
943 1807 1010 1859 Et
1040 1822 1182 1861 crux
1232 1823 1410 1878 super
1465 1806 1644 1862 altare
1703 1809 1955 1880 pendere

306 1895 550 1960 solebat,
601 1899 745 1950 teste
803 1895 1075 1966 Gregorio
1126 1895 1474 1961 Turonensi,
1527 1902 1730 1967 przeter
1787 1898 1953 1954 alios.

308 1984 429 2039 Etsi
462 1999 595 2037 vero
623 1983 1083 2054 scrinia,quibus
1107 1988 1441 2038 sanctorum
1470 1984 1722 2056 reliquiae
1781 1987 1959 2042 inclu-

310 2075 384 2129 du
396 2073 886 2144 ntur,imaginum
901 2073 1022 2127 loco
1041 2072 1239 2128 haberi
1259 2072 1506 2144 possint,
1524 2079 1751 2129 constat
1765 2081 1957 2130 tamen

310 2161 592 2233 reliquias
621 2177 837 2228 sacras,
865 2177 928 2214 ac
961 2161 1200 2231 proinde
1231 2159 1567 2231 reliquiaria
1612 2163 1757 2233 ipsa,
1784 2181 1962 2236 super

309 2251 490 2306 altare
524 2250 714 2320 posita
742 2249 834 2303 vix
865 2249 1044 2303 fuisse
1088 2254 1221 2304 ante
1261 2249 1538 2304 smeulum
1580 2267 1823 2318 nonum,
1875 2254 1958 2307 uti

310 2339 455 2394 alias
471 2338 864 2393 demonstravi
897 2337 954 2391 in
989 2338 1324 2408 praefatione
1353 2338 1547 2393 saeculi
1577 2343 1819 2395 secundi
1857 2348 1956 2396 Be-

313 2427 614 2483 nedictini.
648 2428 727 2481 Ex
787 2427 1003 2498 quibus
1061 2425 1409 2497 intelligitur
1465 2432 1725 2499 tempore
1776 2431 1960 2486 habiti

311 2517 542 2573 concilii
575 2515 1240 2588 'I‘uronensisimagines
1266 2516 1322 2568 in
1355 2514 1636 2572 altaribus
1687 2535 1798 2573 non
1868 2519 1962 2575 ha-

313 2604 1006 2676 buisselocum.Ubiergo
1029 2605 1056 2659 ?
1089 2603 1304 2676 inquis.
1341 2608 1505 2660 Certe
1536 2605 1594 2660 in
1623 2606 1959 2674 batisteriis,

312 2695 376 2749 in
408 2693 847 2750 secretariisseu
871 2693 1158 2748 sacristiis
1190 2699 1359 2764 (quas
1408 2700 1727 2766 vocamus),
1749 2696 1805 2751 in
1833 2716 1964 2770 por-

313 2783 550 2852 ticibus,
584 2781 991 2860 innparietibus
1023 2787 1079 2836 et
1101 2781 1486 2853 ,laquearibus
1535 2784 1758 2856 templi.
1823 2787 1970 2841 Ima-

316 2872 485 2944 gines
513 2872 570 2926 in
603 2870 943 2942 baptisterio
975 2869 1282 2926 collocatas
1313 2888 1347 2925 a
1377 2872 1581 2927 Severo
1605 2873 1783 2929 fuisse
1800 2876 1968 2931 docet

317 2964 561 3016 sanctus
585 2958 865 3014 Paulinus
887 2959 1197 3030 episcopus
1230 2960 1288 3013 in
1310 2959 1558 3031 epistola
1586 2962 1651 3015 12
1671 2963 1741 3016 ad
1770 2963 1964 3034 ipsum

316 3048 556 3121 scripta.
590 3052 854 3103 Statuam
909 3047 1120 3102 (lhristi
1162 3047 1414 3116 Domini,
1465 3065 1591 3119 quae
1643 3067 1676 3104 a
1723 3051 1966 3109 muliere

317 3137 626 3210 sanguinis
646 3137 927 3209 profluvio
959 3136 1200 3192 liberata
1219 3141 1409 3192 erecta
1439 3138 1645 3204 fuerat,
1674 3156 1708 3194 a
1736 3141 1965 3212 gentili-

319 3230 438 3282 bus
469 3225 1022 3291 mutilatamﬁdeles
1057 3227 1113 3281 in
1153 3227 1518 3283 diaconicum
1566 3244 1669 3283 seu
1719 3235 1965 3286 secreta-
1999 3215 2041 3280 C

317 3315 479 3370 rium
508 3314 758 3370 basilicae
794 3315 1140 3380 intulerunt,
1198 3321 1624 3386 competentem
1665 3317 1717 3372 ei
1766 3336 1966 3376 curam

316 3408 494 3476 atque
510 3405 940 3460 observantiam
963 3404 1742 3478 deferentes.Philos;orgius
1766 3414 1966 3464 auctor

313 3495 380 3551 in
406 3494 666 3549 Historiae
697 3493 923 3562 lib..vn,
948 3495 1017 3548 de
1039 3493 1308 3548 Iconibus
1340 3494 1521 3549 sacris
1555 3495 1612 3550 in
1637 3497 1956 3567 porticibus

314 3582 1089 3655 etinlaquearibusdepictis
1108 3583 1413 3639 autaftixis
1439 3601 1451 3651 ;
1482 3585 1649 3640 testis
1684 3591 1772 3641 est
1803 3587 1957 3644 idem

317 3671 603 3727 Paulinus
635 3671 692 3726 in
725 3671 1083 3744 praelaudata
1106 3671 1387 3743 epistola;
1424 3672 1586 3728 testis
1619 3675 1755 3731 item
1797 3693 1967 3733 vene-

318 3759 528 3815 rabilis
557 3759 894 3814 Bedainlib.
933 3761 1035 3814 [de
1059 3760 1188 3815 Vita
1220 3761 1458 3832 Biscopi
1493 3763 1722 3819 abbatis
1749 3766 1967 3834 sui,ubi

319 3847 403 3905 ait
419 3847 730 3920 Biscopum
762 3849 946 3904 Roma
964 3849 1241 3904 detulisse
1272 3874 1299 3899 «
1333 3849 1593 3922 picturas
1642 3853 1968 3926 imaginum

321 3943 841 4008 sanctarum,quas
855 3939 925 3993 ad
959 3939 1283 3992 ornandam
1307 3939 1612 3995 ecclesiam
1637 3943 1794 3997 Beati
1819 3943 1966 3999 Petri

320 4025 570 4099 apostoli
595 4031 1015 4092 construxerat,
1043 4027 1355 4098 imaginem
1372 4027 1635 4084 videlicet
1665 4030 1842 4086 beatae
1866 4032 1968 4088 Dei

313 4114 617 4188 genitricis
639 4114 1038 4182 Mariae,simul
1068 4115 1387 4170 duodecim
1420 4117 1966 4192 apostolorum;qui

307 4204 421 4258 bus
455 4204 711 4258 mediam
743 4205 1005 4274 ejusdem
1028 4202 1281 4258 ecclesia:
1315 4204 1689 4271 testudinem,
1733 4208 1906 4264 ducto
1933 4227 1964 4264 a

311 4291 532 4364 pariete
564 4293 636 4347 ad
665 4293 944 4363 parietem
975 4290 1257 4358 tabulato,
1297 4291 1692 4365 praecingeret.
1723 4319 1749 4343 ››
1775 4296 1834 4350 Si
1870 4315 1967 4352 au-

307 4385 429 4436 tem
462 4381 798 4452 reliquiaria
830 4389 973 4454 (quae
1004 4382 1298 4453 vocamus)
1330 4381 1656 4454 imaginum
1687 4383 1810 4440 loco
1833 4403 1964 4442 cen-

311 4475 573 4537 seantur,
609 4471 729 4526 haec
760 4472 1224 4526 recondebantur
1245 4486 1310 4525 eo
1342 4475 1602 4542 tempore
1629 4473 1842 4529 subtus
1866 4479 1967 4530 aut

308 4559 464 4614 intra
495 4560 690 4630 ipsum
725 4560 932 4616 altare:
958 4561 1125 4631 cujus
1150 4560 1229 4614 rei
1284 4565 1629 4632 argumenta
1689 4562 1858 4618 retuli
1898 4564 1954 4620 in
1997 4579 2040 4643 Ῐ)

308 4648 649 4719 praefatione
666 4648 862 4703 saaculi
883 4649 1300 4719 secundi.Ergo
1329 4655 1393 4703 ut
1423 4649 1494 4703 ad
1527 4665 1765 4706 sensum
1789 4669 1962 4708 cano-

309 4735 407 4791 nis
438 4740 710 4804 revertar,
736 4754 869 4792 cum
893 4737 1201 4808 prohibent
1232 4737 1428 4793 Patres
1488 4753 1558 4793 ne
1597 4739 1963 4796 Eucharistia

312 4845 342 4875 α
376 4825 434 4879 in
467 4825 815 4898 imaginario
838 4826 1040 4881 ordine
1069 4848 1092 4868 η
1120 4831 1605 4896 ponatur,eorum
1665 4831 1959 4887 sententia

311 4929 445 4968 esse
466 4914 786 4979 videtur,ut
805 4932 877 4970 ne
911 4915 968 4968 in
991 4914 1370 4985 baptisteriis,
1403 4916 1577 4970 autin
1605 4919 1954 4988 secretariis,

313 5007 419 5057 aut
435 5003 688 5074 denique
718 5005 827 5059 sub
856 5002 1554 5075 altari,proutnonnnulis
1575 5003 1632 5058 in
1665 5004 1807 5060 locis
1841 5007 1963 5061 ﬁeri

308 5096 717 5161 consueverat,
750 5109 883 5148 cum
928 5092 1283 5163 imaginibus
1316 5093 1496 5148 sacris
1541 5101 1964 5152 asservaretur-

308 5180 451 5244 Quae
473 5198 609 5253 pars
631 5197 854 5254 negans
880 5187 970 5238 est
997 5181 1538 5253 canonisprazdicti.

382 5268 811 5326 Eucharistiam
831 5271 1123 5342 siquidem
1175 5269 1488 5340 aliquando
1529 5273 1584 5326 in
1632 5274 1960 5330 secretariis

306 5360 603 5413 servatam
625 5357 804 5414 fuisse
823 5358 1015 5430 colligi
1041 5362 1230 5429 potest
1251 5373 1317 5411 ex
1337 5358 1611 5430 Gregorio
1633 5361 1957 5418 Turonensi

307 5445 586 5518 episcopo
617 5446 675 5500 in
707 5446 848 5502 1ib.I
879 5448 948 5502 de
969 5446 1164 5500 Gloria
1192 5448 1538 5517 martyrum,
1563 5465 1687 5520 cap.
1710 5451 1800 5517 86,
1860 5451 1968 5506 ubi‘

309 5534 597 5592 diaconus
618 5535 1512 5610 quidamimpurus,adventante
1533 5537 1800 5594 sacrificii
1817 5545 1957 5595 tem-

305 5641 474 5709 pore,
503 5630 841 5703 «acceptam
873 5631 1118 5701 turrem,
1153 5623 1213 5683 in
1261 5641 1376 5702 qua
1410 5625 1807 5689 ministerium
1845 5629 1955 5692 Do-

1987 1859 2034 1923 B

2056 561 2294 626 ostium,
2329 577 2477 632 squo
2509 561 2730 617 scilicet
2776 579 2843 617 ex
2890 564 3200 619 secretario
3257 563 3317 618 in
3365 565 3698 622 interiorem

2053 650 2377 713 basilicam,
2404 667 2504 705 seu
2524 651 2595 705 ad
2620 651 2809 706 locum
2829 651 3028 706 altaris
3045 654 3239 708 aditus
3260 659 3399 717 erat,
3437 679 3465 703 ‹·
3482 656 3702 727 ingres-

2055 755 2273 809 susque
2296 739 2582 809 templum
2617 745 2682 794 ut
2710 757 2836 794 eam
2863 741 3031 795 altari
3063 745 3703 816 superponeret,elapsa

2054 827 2124 880 de
2147 843 2322 880 manu
2356 828 2503 896 ejus,
2539 828 2905 882 ferebaturin
2939 834 3266 896 aera.»Quo
3297 832 3452 886 enim
3486 850 3553 888 ex
3576 834 3698 889 loco

2060 916 2510 970 «ministerium
2545 918 2805 988 corporis
2841 918 3118 972 Dominici
3177 943 3202 968 ››
3257 921 3532 978 detulisse
3589 925 3700 978 dici

2057 1008 2266 1075 potest,
2293 1004 2403 1059 nisi
2436 1022 2502 1060 ex
2528 1004 2837 1060 secretario
2860 1008 2886 1060 ?
2907 1007 3005 1077 qui
3031 1007 3192 1062 locus
3218 1008 3272 1062 in
3297 1012 3704 1080 exedra(desti-

2060 1110 2196 1148 nam
2229 1094 2513 1148 vocabant
2545 1094 2812 1148 nonnulli
2843 1095 2855 1160 )
2889 1095 3138 1150 basilicae
3181 1099 3447 1152 exteriori
3504 1099 3702 1157 innixa

2057 1181 2485 1244 continebatur,
2519 1184 2586 1236 ad
2623 1184 2886 1237 dextram
2922 1184 3144 1239 scilicet
3197 1192 3417 1256 partem
3478 1189 3700 1259 altaris,

2059 1273 2308 1324 testante
2340 1270 2580 1325 Paulino
2611 1271 2668 1324 in
2706 1272 3003 1342 przecitata
3033 1274 3278 1343 epistola
3299 1277 3367 1330 ad
3401 1278 3700 1346 Severum,

2061 1358 2159 1413 ubi
2195 1357 2452 1428 loquitur
2477 1382 2503 1407 »
2531 1359 2601 1414 de
2623 1361 2950 1415 secretariis
2972 1362 3385 1432 duobusjuxta
3406 1367 3698 1436 apsidemn

2060 1445 2246 1512 (locus
2277 1445 2474 1500 altaris
2505 1451 2645 1515 erat)
2679 1449 2974 1518 utrimque
3002 1449 3236 1520 positis;
3274 1452 3559 1523 refertque
3582 1473 3703 1512 ver-

2062 1551 2163 1588 sus
2183 1523 2510 1590 indicantes
2536 1558 2562 1584 ‹‹
2579 1536 2769 1590 oflicia
2788 1536 3173 1606 singulorum.
3199 1561 3226 1586 »
3244 1539 3311 1593 Et
3343 1540 3611 1610 quidemu
3632 1544 3703 1598 ad

2061 1624 2322 1678 dextram
2346 1646 2372 1673 »
2399 1623 2458 1678 hi
2488 1627 2678 1679 erant:

2127 1757 2219 1828 Hic
2241 1757 2387 1828 locus
2418 1762 2497 1807 est
2516 1758 2833 1828 _veneran_da
2856 1773 3025 1820 penus
3047 1775 3150 1828 qua
3171 1761 3435 1828 conditur,
3459 1767 3510 1813 et
3538 1779 3646 1828 qua

2188 1821 2453 1869 Promitur
2482 1821 2621 1869 alma
2642 1822 2775 1870 sacri
2800 1835 2991 1884 pompa
3019 1823 3318 1872 ministerii.

2067 1945 2152 1998 Ad
2186 1943 2664 2000 sinistramerant
2703 1944 2836 1998 libri
2887 1945 3037 1999 sacri
3097 1963 3229 2002 cum
3274 1947 3386 2002 alio
3431 1950 3705 2020 disticho,

2070 2050 2405 2104 quanquam
2430 2051 2544 2087 non
2570 2034 3129 2089 immeritodubitari
3151 2040 3337 2108 potest
3359 2055 3430 2092 an
3464 2039 3710 2096 bislocis

2071 2143 2096 2170 ‹‹
2131 2121 2521 2174 ministerium
2556 2121 2810 2192 corporis
2843 2123 3128 2178 Dominici
3153 2147 3177 2171 ››
3211 2141 3313 2195 pro
3346 2126 3712 2183 Eucharistia

2070 2209 2221 2262 sumi
2257 2210 2484 2275 debeat,
2517 2227 2649 2264 cum
2685 2211 2880 2281 potius
2912 2212 2980 2265 de
3011 2229 3177 2266 sacra
3231 2213 3587 2284 supellectile
3639 2218 3710 2271 ad

2071 2299 2421 2352 sarriticium
2457 2299 2732 2370 deputata
2762 2299 3202 2371 intelligendum
3236 2302 3516 2358 videatur.
3551 2304 3712 2366 Quod

2071 2387 2246 2442 etiam
2283 2387 2393 2442 dici
2436 2393 2621 2458 potest
2645 2389 2713 2442 de
2742 2413 2759 2435 ‹‹
2807 2389 2951 2441 turri
2989 2411 3013 2435 ››
3077 2388 3282 2443 Felicis
3339 2391 3716 2448 Bituricensis

2071 2476 2349 2548 episcopi,
2386 2493 2560 2546 quam
2585 2475 2780 2531 laudat
2811 2477 3161 2531 Fortunatus
3193 2477 3250 2530 in
3282 2476 3381 2532 lib.
3449 2496 3530 2544 ιιι,
3589 2497 3716 2536 car-

2075 2567 2230 2619 mine
2263 2569 2348 2619 23.
2386 2565 2697 2619 Dubitandi
2722 2566 2866 2620 ratio
2899 2565 3113 2637 petitur
3132 2567 3410 2621 exeodem
3443 2569 3718 2640 Gregorio

2074 2657 2131 2708 in
2163 2654 2263 2708 lib.
2303 2673 2338 2708 ιι
2366 2655 2436 2708 de
2479 2654 2674 2712 Gloria
2724 2661 3069 2725 martyrum,
3131 2671 3256 2725 cap.
3301 2658 3354 2722 8,
3409 2659 3578 2726 cujus
3622 2659 3717 2714 hic

2077 2743 2282 2797 titulus
2310 2761 2320 2798 :
2363 2747 2468 2796 «De
2500 2743 2738 2798 interitu
2771 2760 2970 2798 eorum
3003 2743 3102 2813 qui
3130 2742 3521 2800 ministerium
3562 2747 3716 2802 basi-

2074 2832 2199 2886 licae
2232 2836 2696 2903 exportaveruut.
2727 2854 2753 2880 ››
2786 2831 2891 2885 Ubi
2926 2831 3299 2885 «ministerii»
3338 2833 3574 2889 nomine
3625 2835 3718 2890 in-

2075 2921 2286 2993 telligit
2317 2945 2342 2969 ‹‹
2382 2926 2650 2992 patenum
2700 2925 2756 2975 et
2797 2936 3016 2988 urcem,
3081 2920 3180 2991 qui
3235 2937 3385 2976 anax
3428 2921 3715 2992 dicitur,»

2077 3011 2420 3082 iuquit,qua:
2435 3028 2466 3064 a
2484 3009 2718 3064 nefariis
2737 3009 3089 3080 quibusdam
3104 3009 3722 3081 prmdonibussublata

2078 3099 2296 3153 scribit.
2361 3100 2427 3153 Et
2474 3116 2678 3154 versus
2739 3097 3031 3151 Fortunati
3071 3098 3141 3152 de
3189 3097 3365 3153 calice
3411 3117 3549 3154 auro
3589 3117 3721 3155 con-

2080 3190 2267 3239 stante
2290 3189 2439 3239 recte
2472 3183 2742 3256 explicari
2766 3188 3033 3255 possunt,
3065 3201 3197 3239 cum
3231 3185 3312 3239 ita
3335 3186 3566 3242 canitin
3593 3192 3721 3242 car-

2083 3282 2237 3337 mine
2260 3283 2330 3337 de
2363 3287 2521 3337 turre
2552 3281 2756 3337 Felicis
2787 3282 3064 3354 episc0pi.

2141 3426 2253 3483 Qua
2275 3425 2419 3490 bene
2440 3424 2627 3490 juncta
2655 3425 2860 3479 deeeut,
2882 3424 3071 3490 sacrati
3102 3428 3161 3490 u_t
3181 3427 3419 3487 corporis
3442 3427 3596 3490 Agni.

2202 3488 2540 3550 Margaritum
2574 3488 2764 3550 ingens
2785 3502 2946 3535 aurea
2963 3487 3105 3535 dona
3126 3487 3319 3536 ferant.

2139 3551 2342 3600 Cedant
2371 3550 2711 3612 elirysolitliis
2733 3550 3170 3600 Salomoniavasa
3189 3551 3431 3600 metallis.

2205 3615 2320 3676 Ipsa
2340 3613 2546 3676 placere
2568 3615 2732 3674 magis
2753 3627 2836 3661 ars
2853 3613 2980 3662 facit
3008 3617 3164 3674 atque
3196 3614 3344 3662 ﬁdes.

2148 3765 2410 3836 Denique
2440 3763 2497 3818 in
2524 3780 2631 3818 ms.
2669 3768 3176 3818 Sacramentorum
3210 3763 3380 3829 libro,
3405 3764 3504 3834 qui
3540 3763 3594 3817 in
3633 3766 3724 3819 Bi-

2077 3854 2367 3910 bliotheca
2398 3853 2593 3907 Sancti
2610 3851 2948 3905 Theodorici
2987 3866 3162 3920 prope
3210 3851 3422 3905 Remos
3462 3867 3721 3908 asserva-

2077 3947 2191 4009 tur,
2226 3939 2502 3996 chrismal
2535 3941 2711 4009 (quod
2752 3937 3049 4008 corporale
3083 3942 3381 4004 vocamus)
3405 3962 3430 3986 ‹‹
3459 3939 3720 3996 ministe-

2079 4031 2230 4085 rium
2262 4027 2519 4100 corporis
2551 4026 2762 4080 Christi
2796 4025 3061 4096 gerulum
3098 4048 3123 4074 ››
3157 4025 3486 4097 appellatur
3513 4027 3572 4083 in
3600 4046 3722 4086 ora-

2077 4119 2252 4184 tione,
2288 4117 2483 4188 quain
2517 4131 2689 4170 usum
2722 4132 2955 4170 sacrum
2981 4114 3361 4171 benedicitur.
3391 4122 3468 4171 Ex
3499 4119 3718 4189 quibus

2077 4206 2342 4262 dubitare
2367 4204 2518 4269 licet,
2544 4208 2607 4258 ut
2629 4205 2755 4274 jam
2786 4205 2924 4270 dixi,
2957 4222 3030 4259 an
3063 4204 3361 4260 Paulinus.
3409 4207 3720 4278 Gregorius

2075 4300 2132 4350 et
2161 4295 2512 4349 Fortunatus
2552 4293 2610 4346 in
2662 4293 2951 4364 praedictis
3011 4293 3153 4349 locis
3214 4294 3285 4348 de
3355 4295 3722 4351 Eucharistia

2076 4383 2410 4455 loquantur.
2435 4387 2557 4437 Non
2580 4383 3001 4436 desunttamen
3021 4383 3173 4452 apud
3208 4387 3426 4436 veteres
3458 4383 3556 4453 qui
3587 4385 3720 4438 Gre-

2075 4472 2220 4543 gorii
2251 4471 2443 4525 locum
2476 4472 2546 4525 de
2603 4470 2966 4525 Eucharistia
3011 4471 3320 4541 explicent.
3367 4472 3427 4524 In
3488 4470 3579 4526 his
3631 4475 3721 4527 est

2073 4560 2444 4615 sanctusOdo
2458 4560 2638 4614 abbas
2651 4559 3049 4613 Cluniacensis
3065 4561 3120 4612 in
3137 4558 3634 4613 Collationumdib
3650 4577 3713 4627 ιι,

2073 4666 2199 4721 cap.
2235 4651 2320 4714 32,
2351 4649 2447 4703 ubi
2470 4649 2591 4720 agit
2620 4649 2690 4702 de
2721 4648 2925 4701 infami
2959 4648 3054 4701 illo
3087 4647 3330 4716 diacono
3363 4648 3516 4718 apud
3576 4648 3713 4702 Gre-

2071 4739 2300 4809 gorium
2321 4741 2662 4800 memorato,
2691 4760 2717 4784 «
2748 4737 2845 4807 qui
2879 4737 3018 4789 dum
3051 4751 3286 4807 capsam
3311 4752 3443 4790 cum
3476 4753 3715 4809 corpore

2072 4827 2298 4882 Domini
2321 4825 2664 4892 deferret,de
2687 4825 2960 4879 manibus
2991 4823 3370 4896 elapsaest,et
3401 4843 3502 4898 per
3524 4843 3716 4882 aerem

2071 4934 2246 4988 super
2276 4915 2454 4970 altare
2477 4931 2725 4969 reversa.
2767 4938 2791 4961 ιι
2815 4915 2896 4969 Ad
2929 4914 3068 4980 hzec,
3096 4915 3151 4968 in
3177 4915 3498 4983 chrismali,
3556 4917 3711 4988 quod

2072 5026 2098 5052 «
2125 5002 2512 5056 ministerium
2538 5001 2795 5071 corporis
2827 5000 3035 5055 Christi
3057 5002 3324 5072 gerulum
3362 5026 3383 5053 ι)
3439 5004 3712 5074 superius

2070 5091 2303 5156 dicitur,
2335 5087 2694 5143 Eucharistia
2723 5091 3082 5156 servabatur,
3131 5095 3192 5144 ut
3233 5091 3440 5162 colligo
3481 5109 3547 5145 ex
3583 5091 3712 5144 Gla-

2070 5180 2157 5234 bri
2178 5178 2403 5234 Rodulti
2429 5177 2720 5248 lib.v,cap.
2743 5179 2791 5232 1.
2823 5179 3072 5234 [bienim
3094 5195 3272 5250 agens
3295 5180 3364 5233 de
3388 5177 3709 5244 chrismali,

2069 5293 2098 5319 «
2132 5270 2283 5341 quod
2317 5285 2349 5321 a
2381 5267 2734 5338 quibusdam
2783 5267 3110 5338 Corporalis
3161 5266 3507 5338 appellatur,
3547 5289 3572 5313 ››
3631 5267 3714 5322 ait

2067 5358 2253 5413 multa
2283 5375 2383 5430 per
2413 5357 2566 5411 istud
2603 5356 2856 5422 remedia
2887 5356 3170 5428 praestari,
3197 5378 3224 5406 «
3250 5355 3296 5410 si
3331 5355 3476 5410 ﬁdes
3505 5360 3704 5427 peten-

2067 5450 2215 5504 tium
2239 5448 2449 5518 exigat.
2483 5450 2630 5502 Nam
2661 5450 2863 5501 contra
2896 5444 3182 5513 incendia,
3235 5443 3442 5516 inquit,
3493 5447 3708 5519 saepius

2067 5538 2371 5603 elevatum,
2395 5541 2495 5591 aut
2515 5536 2904 5610 extinguendo
2945 5532 3322 5606 compescuit,
3357 5539 3459 5589 aut
3506 5542 3713 5593 retror-

2067 5643 2200 5688 sum
2234 5611 2611 5704 pepulit,'aut
2639 5627 2698 5686 in
2731 5631 2955 5707 partem
2986 5623 3231 5685 alteram
3249 5624 3501 5687 retorsit.
3526 5626 3712 5695 nTum
