4116 6188
518 240 676 302 1255

1534 229 1931 296 ΑΡΡΕΝΒῙΧ
1984 230 2087 295 AD
2132 228 2394 297 OPERA
2437 231 2872 297 HUMBERTI.

3687 229 3806 306 me

517 388 638 428 rem
661 373 885 442 gestam
910 368 1083 425 refert
1108 369 1166 424 in
1189 369 1542 424 monasterio
1596 367 1938 424 Reomaensi
1968 390 1996 416 ‹‹
2027 370 2170 422 tem-
2197 368 2252 435 Α
2280 383 2585 440 nunquam
2617 366 2792 423 etiam
2813 364 3048 438 lapillis,
3081 381 3251 437 quem
3271 370 3414 421 certe
3467 369 3670 425 modum
3706 389 3808 442 pre.

517 475 657 532 pore
702 457 1050 513 venerabilis
1107 455 1385 512 Willelmi
1437 456 1666 512 abbatis
1699 478 1726 505 ››
1780 455 1888 510 sub
1923 454 2160 510 initium

513 547 780 604 videlicet
809 546 1004 602 saeculi
1033 564 1111 615 x1,
1137 562 1489 618 nempecutn
1520 544 1884 600 «incendium
1920 544 2165 599 circum-

509 637 768 710 jacentis
781 635 1119 692 monasterii
1145 634 1862 706 ndepopularetur,fratres
1894 633 2160 703 ejusdem

518 727 628 783 loci
675 749 703 776 ‹‹
766 723 1114 795 accipientes
1158 722 1469 778 chrismale
1511 726 1681 778 conto
1739 722 2158 794 impositum,»

517 815 772 872 elevasse
801 813 944 868 illud
980 836 1006 863 «
1037 817 1240 868 contra
1270 811 1525 868 incendii
1565 812 1835 867 ﬂammas
1883 812 2007 866 dire
2057 811 2158 866 ﬂa-

514 910 772 978 grantes.
806 901 1017 958 Statim
1045 918 1198 967 vero,
1249 900 1460 971 inquit,
1489 900 1645 956 idem
1695 900 1846 972 ignis
1905 901 1966 955 in
2032 917 2160 956 sese

513 990 1127 1064 retorquens,minime
1141 989 1395 1060 amplius
1412 1005 1588 1062 quam
1604 989 1895 1044 invaserat
1906 988 2159 1060 arripere

512 1081 710 1138 valuit.
725 1080 904 1135 «Tum
927 1078 1128 1134 subdit
1148 1078 1206 1133 id
1231 1079 1386 1149 quod
1409 1077 1479 1132 ad
1504 1077 1867 1149 propositum
1892 1081 2156 1134 nostrum

514 1168 885 1226 facit.«Panis
913 1172 1109 1223 tamen
1166 1166 1265 1222 ille
1314 1165 1652 1222 Dominicus
1699 1183 1843 1221 aura
1894 1167 2070 1222 ﬂante
2125 1184 2160 1222 ει

513 1257 747 1316 contulo
779 1253 1174 1328 elapsus,p1us
1208 1254 1403 1309 minus
1429 1254 1661 1309 duobus
1716 1253 1982 1310 miliariis
2025 1270 2156 1310 avo-

511 1346 654 1402 lavit
678 1360 866 1416 usque
889 1344 962 1399 ad
991 1341 1190 1398 villam
1223 1341 1314 1397 cui
1345 1341 1615 1414 Tivalgas
1653 1342 2016 1421 vocabulum.
2047 1348 2155 1410 est,

512 1434 712 1506 ibique
733 1447 911 1503 super
937 1431 1177 1486 domum
1201 1431 1510 1501 cujusdam
1544 1431 1784 1487 veniens
1834 1432 2002 1488 sedit.
2035 1433 2158 1497 Quo

509 1520 957 1595 proaecutus,ad
982 1518 1402 1576 monasterium
1427 1519 1738 1592 dignanter
1752 1524 1841 1576 est
1856 1519 2102 1576 delatus.
2131 1543 2152 1570 ιι

510 1610 658 1666 Hinc
689 1612 848 1682 patet
879 1607 1303 1664 Eucharistiam
1324 1608 1384 1663 in
1405 1607 1707 1664 cbrismali
1739 1625 1842 1664 seu
1873 1608 2157 1682 corporali

480 1734 493 1748 ο
510 1699 610 1756 illo
633 1698 811 1771 (quod
827 1697 898 1753 ad
929 1696 1266 1752 «sinistrum
1289 1713 1469 1752 cornu
1485 1697 1688 1753 altaris
1702 1714 1933 1771 semper
1939 1700 2156 1770 jacere,

510 1792 577 1844 ut
606 1789 677 1844 ad
714 1803 956 1842 manum
988 1786 1174 1858 possit
1202 1802 1331 1842 esse
1360 1791 1562 1842 contra
1591 1786 1912 1858 periculum
1945 1787 2157 1862 ignis,»

510 1876 693 1934 tradit
723 1875 1031 1933 Udalricus
1060 1874 1118 1929 in
1147 1875 1642 1932 Consuetudinem
1685 1875 2158 1934 Cluniacensium

510 1967 612 2023 lib.
648 1983 857 2038 n,cap.
880 1966 972 2034 30)
999 1964 1294 2036 aliquibus
1348 1964 1555 2022 saltem
1613 1965 1674 2020 in
1732 1965 1876 2022 locis
1935 1967 2156 2023 Eucha-

513 2056 741 2112 ristiam
773 2055 1085 2127 repositam
1121 2052 1321 2109 fuisse.
1381 2053 1569 2116 Quare
1610 2053 1756 2110 nihil
1799 2059 1956 2110 vetat
1993 2057 2154 2128 quin,

514 2144 862 2200 «ministerii
895 2142 1181 2198 Dominici
1205 2143 1464 2213 corporis
1500 2165 1527 2192 »
1560 2143 1819 2209 nomine,
1862 2144 2158 2217 intelliga-

514 2251 649 2289 mus
675 2230 1104 2304 supellectilem
1125 2234 1182 2285 et
1209 2246 1348 2285 vasa
1367 2246 1553 2297 sacra,
1598 2231 1657 2285 in
1717 2231 1933 2303 quibus
1981 2235 2156 2289 etiam

513 2319 880 2377 Eucharistia
921 2318 1280 2384 servabatur,
1324 2317 1412 2372 vel
1471 2318 1531 2373 in
1570 2320 1902 2388 secretario,
1952 2321 2038 2378 vel
2096 2323 2156 2378 in

515 2405 970 2480 baptisterio,vel
1002 2422 1178 2478 super
1215 2407 1394 2462 altare
1417 2407 1563 2462 «sub
1593 2407 1765 2465 titulo
1797 2410 2008 2466 crucis.
2030 2434 2058 2461 »

584 2497 709 2553 Non
742 2501 938 2552 tamen
952 2494 1444 2567 praetermittenda
1468 2502 1557 2552 est
1586 2495 1700 2553 alia
1715 2497 1894 2570 hujus
1915 2500 2157 2556 canonis

515 2587 710 2652 lectio,
742 2585 840 2640 ubi
865 2601 967 2657 pro
987 2607 1014 2634 ‹‹
1048 2583 1108 2638 in
1135 2584 1483 2656 imaginario
1534 2586 1759 2654 ordine,
1803 2609 1830 2636 »
1857 2589 2154 2658 scribitur,

517 2678 619 2732 «in
650 2675 922 2743 armario,
943 2674 1030 2730 vel
1062 2674 1118 2729 in
1148 2673 1494 2747 imaginario
1525 2676 2094 2733 ordine.Armarium
2126 2700 2152 2730 η

515 2765 886 2840 glossematis
915 2764 1036 2819 vice
1067 2763 1332 2818 additum
1374 2763 1663 2830 existimo,
1709 2783 1826 2821 non
1876 2769 1942 2822 ad
2004 2767 2158 2824 desi-

517 2855 752 2927 gnanda
782 2851 1160 2908 tabernacula
1190 2856 1390 2907 nostra
1421 2853 1871 2920 recentiora,sed
1889 2857 1959 2911 ad
1983 2857 2160 2928 expli-

517 2943 821 2999 candum<<
856 2939 1269 3012 imaginarium
1309 2941 1645 2996 ordinem.»
1688 2944 1831 2998 Nam
1875 2944 2159 3017 imagines

517 3033 588 3089 ad
623 3031 869 3104 parietes
892 3029 1174 3085 altaribus
1194 3030 1524 3100 adjacentes
1554 3034 1804 3104 appendi
1837 3037 1893 3088 et
1922 3034 2157 3107 depingi

517 3102 803 3187 solebant,
836 3118 1034 3190 ibique
1061 3119 1133 3173 ad
1162 3118 1318 3174 latus
1334 3102 1746 3192 Evangeliiﬁseu
1771 3122 1838 3176 ad
1863 3102 2158 3196 aquilona-
2187 3102 2229 3168 (ἶ

517 3227 637 3267 rem
655 3215 878 3282 partem
901 3208 1268 3262 habebantur
1283 3209 1635 3280 quibusdam
1652 3211 1710 3264 in
1729 3210 1869 3267 locis
1883 3213 2156 3281 armaria,

517 3300 577 3354 in
593 3299 808 3370 quibus
820 3296 1258 3351 sanctissimum
1281 3302 1717 3352 sacramentum
1737 3301 2160 3356 recondebatur

521 3390 587 3441 Et
617 3384 852 3456 quidem
886 3399 1012 3438 mos
1051 3382 1162 3438 iste
1204 3382 1486 3439 hactenus
1545 3392 1876 3457 perseverat
1913 3388 1973 3442 in
2033 3389 2160 3460 qui-

519 3473 768 3530 busdam
801 3469 1080 3534 ecclesiis,
1115 3475 1258 3541 puta
1278 3475 1471 3526 Romae
1532 3474 1592 3528 in
1645 3474 1890 3530 ecclesia
1935 3477 2158 3533 Sancta;

518 3561 721 3620 Crucis
745 3560 805 3615 in
831 3557 1275 3625 Hierusalem,in
1305 3558 1617 3615 Gallicanis
1652 3563 2041 3633 nonnullis,ut
2062 3571 2162 3622 Pa-

517 3650 747 3710 ronaein
771 3648 1086 3722 parochiali
1117 3649 1361 3704 ecclesia
1382 3649 1831 3708 SanctiJoannis
1863 3655 2155 3726 Baptistae,

517 3746 574 3798 et
603 3747 736 3796 ante
772 3756 958 3794 annos
985 3739 1184 3794 decem
1215 3737 1274 3793 in
1323 3738 1565 3794 basilica
1621 3740 1936 3808 Furseana,
1987 3749 2160 3816 atque

517 3831 578 3886 in
610 3828 860 3901 Belgicis
883 3827 1198 3901 plerisque.
1233 3831 1398 3882 Hunc
1421 3845 1594 3884 usum
1619 3828 1898 3900 abrogare
1935 3831 2162 3888 videtur

517 3934 705 3973 canon
735 3916 1112 3982 Turonensis,
1137 3915 1550 3971 deﬁnientibus
1599 3917 1890 3985 Patribus,
1941 3923 2006 3974 ut
2048 3925 2158 3976 Eu-

517 4003 797 4062 charistia
832 4020 1010 4074 super
1052 4003 1233 4059 altare
1290 4010 1736 4076 componeretur
1793 4009 1951 4064 «sub
1991 4009 2160 4068 titulo

519 4107 732 4149 CI‘UCIS.
762 4113 790 4141 ))
1301 4163 1310 4168 ⁸
2016 4163 2019 4166 ί

587 4185 721 4235 Haec
752 4183 841 4235 est
867 4178 982 4235 alia
1014 4167 1332 4236 difﬁcultas
1385 4197 1510 4252 quae
1550 4183 1721 4238 modo
1778 4167 2164 4242 examinanda

515 4273 624 4336 est,
652 4285 766 4342 quo
798 4272 962 4341 pacto
993 4267 1218 4324 scilicet
1245 4285 1395 4340 saepe
1424 4269 1617 4325 dietus
1651 4287 1835 4326 canon
1869 4275 2166 4346 prmeipiat

517 4364 584 4414 ut
604 4381 632 4409 ‹‹
659 4358 1098 4414 Eucharistiain
1130 4356 1297 4412 altari
1329 4357 1438 4413 sub
1485 4357 1652 4413 titulo
1700 4362 1888 4417 crucis
1926 4378 2162 4433 compo-

2275 456 2528 512 seribere
2549 457 2782 511 videtur
2809 454 3121 511 concilium
3162 455 3500 512 Turonense.
3531 459 3638 512 Non
3667 461 3808 518 tamen

2271 545 2488 600 recedit
2511 562 2546 600 a
2574 549 2772 599 mente
2802 541 3032 600 concilii
3063 559 3186 598 mos
3224 542 3491 598 hactenus
3533 545 3736 601 usitatus
3767 548 3809 605 in

2272 633 2576 690 nonnullis
2607 631 2962 698 ecclesiis,in
2987 631 3198 703 quibus
3223 649 3252 687 e
3283 630 3468 703 stipite
3485 633 3648 688 crucis
3687 651 3810 708 super

2267 722 2448 778 altare
2478 722 2538 778 in
2561 721 2747 778 altum
2770 721 2838 778 de
2851 721 2976 776 fixae
2999 719 3338 792 producitur
3354 719 3743 777 instrumentum
3764 725 3811 779 ad

2269 811 2529 866 medium
2549 808 2748 866 altaris
2767 813 3100 881 porrectum
3145 813 3198 863 et
3247 808 3608 875 incurvatum,
3644 826 3698 865 ex
3727 827 3805 883 quo

2269 900 2468 956 divina
2497 898 2862 954 Eucharistia
2891 899 2950 954 in
2973 897 3205 953 vasculo
3235 897 3464 969 pendet.

2342 993 2474 1044 Haec
2503 992 2643 1044 sunt
2663 1003 2790 1058 quae
2822 1004 2926 1059 pro
2949 985 3332 1058 intelligentia
3359 985 3590 1056 praedicti
3635 988 3812 1045 canonis

2269 1077 2416 1133 mihi
2437 1080 2719 1133 venerunt
2745 1075 2804 1130 in
2829 1079 3107 1142 mentem,
3129 1073 3322 1129 nescio
3352 1089 3422 1129 an
3442 1073 3685 1130 studiosis
3716 1092 3812 1131 non-

2269 1165 2416 1222 nihil
2451 1166 2755 1240 profutura
2775 1163 3070 1236 quaedicta
3100 1167 3240 1218 sunt
3258 1161 3543 1219 occasione
3566 1161 3813 1220 hostiarum

2270 1271 2419 1328 quas
2442 1255 2718 1311 exhibent
2745 1257 2970 1310 veteres
3002 1257 3270 1311 monetae.

2481 1389 2804 1462 Explicatur
2831 1402 3009 1444 canon
3037 1386 3071 1443 6
3099 1385 3323 1443 concilii
3349 1400 3441 1442 xvr
3469 1383 3690 1441 Toletani.

2339 1522 2508 1580 Aliud
2565 1523 2980 1595 argumentum
3037 1536 3142 1592 pro
3201 1518 3379 1575 veteri
3413 1533 3519 1575 usu
3561 1533 3814 1591 azymorum

2268 1613 2424 1685 apud
2457 1611 2690 1667 Latinos
2713 1610 2850 1666 inde
2871 1608 3128 1666 sumitur
3153 1608 3314 1681 quod
3333 1606 3546 1681 antiqui
3565 1611 3723 1664 Patres
3744 1606 3811 1664 Ec-

2269 1700 2456 1758 clesia;
2505 1700 2715 1755 Latinae
2761 1699 3080 1756 utebantur
3113 1713 3268 1770 pane
3309 1697 3556 1754 studiose
3609 1695 3813 1763 confecto,

2267 1789 2514 1846 candido
2533 1805 2713 1861 supra
2741 1803 3145 1855 communem,
3181 1787 3432 1843 rotundo
3461 1802 3522 1844 ac
3554 1779 3703 1852 tenui,
3737 1800 3813 1841 non

2265 1878 2455 1951 spisso
2477 1893 2666 1949 neque
2686 1877 2892 1934 denso.
2913 1878 3049 1942 Quae
3076 1892 3288 1932 omnes
3320 1875 3491 1932 simul
3539 1873 3813 1930 conditiones

2267 1983 2469 2040 azymo
2505 1968 2642 2040 pani
2669 1966 2860 2040 magis
2890 1967 3192 2039 quadrant
3218 1981 3392 2039 quam
3420 1965 3727 2028 fermentata,
3742 1961 3807 2034 qui

2265 2056 2507 2113 inﬂatus
2537 2073 2604 2112 ac
2643 2057 2864 2112 densus
2907 2071 3038 2112 esse
3091 2053 3266 2111 solet.
3323 2055 3492 2111 Porro
3536 2052 3628 2108 has
3673 2065 3812 2107 omnes

2266 2145 2636 2202 eucharistici
2658 2145 2825 2218 panis
2846 2143 3325 2200 circumstantias
3354 2142 3519 2215 exigit
3535 2137 3717 2197 concilii
3749 2152 3812 2194 ni

2265 2234 2524 2291 Toletani
2548 2250 2734 2290 canon
2765 2237 2986 2301 sextus,
3017 2233 3078 2288 in
3128 2249 3254 2305 quo
3296 2234 3505 2299 Patres,
3537 2225 3812 2303 reprehensis

2267 2323 2668 2380 sacerdotibus
2689 2321 2992 2379 nonnullis
3012 2321 3112 2394 qui
3133 2338 3350 2394 panem
3365 2343 3391 2372 ‹‹
3409 2319 3595 2376 usibus
3612 2318 3709 2374 suis
3723 2331 3815 2388 pra-

2266 2417 2538 2485 paratum
2572 2433 2602 2464 »
2660 2411 2722 2467 in
2757 2411 3112 2468 sacriﬁcium
3165 2411 3531 2475 adhibebant,
3579 2408 3813 2463 decernunt

2267 2525 2297 2553 «
2321 2517 2530 2574 panem
2553 2517 2666 2557 non
2691 2500 2804 2556 nisi
2825 2500 3121 2572 integrum
3145 2504 3210 2556 et
3227 2500 3492 2566 nitidum,
3515 2497 3666 2570 quis:
3682 2490 3814 2549 studio

2266 2590 2441 2647 fuerit
2461 2593 2840 2662 praeparatus,
2872 2605 3062 2660 neque
3078 2589 3304 2662 grande
3325 2587 3551 2660 aliquid,
3579 2583 3662 2641 sed
3685 2580 3812 2637 modi-

2266 2697 2394 2735 cam
2418 2682 2648 2734 tantum
2672 2677 2926 2734 oblatam
2955 2699 2984 2727 »
3019 2693 3122 2749 pro
3141 2676 3328 2734 veteri
3348 2672 3711 2732 consuetudine
3726 2669 3812 2724 clie-

2267 2765 2684 2824 rendam'esse.
2735 2766 2794 2820 Si
2845 2781 2981 2838 ergo
3034 2765 3288 2836 probare
3337 2769 3560 2838 potuero
3599 2771 3812 2830 pauonem

2268 2858 2449 2912 istum
2468 2871 2583 2910 non
2606 2856 2676 2910 de
2693 2854 3368 2920 fermentato,utJacobo
3385 2850 3662 2909 Sirmundo
3677 2847 3810 2902 visum

2267 2951 2376 3012 est,
2402 2945 2503 3000 sed
2515 2944 2586 2998 de
2610 2958 2810 3015 azymo
2835 2959 2983 3014 pane
3004 2940 3262 3016 intelligi
3288 2944 3552 3014 oportere,
3579 2951 3714 2992 nemo
3736 2946 3812 2988 non

2267 3033 2544 3089 concedet
2573 3031 2782 3087 saeculo
2815 3030 3086 3103 septimo,
3137 3048 3258 3102 quo
3311 3031 3587 3086 desinente
3621 3023 3810 3080 habitum

2267 3127 2358 3178 est
2385 3119 2696 3176 concilium
2719 3135 2845 3175 eam
2867 3120 3047 3175 fuisse
3084 3118 3553 3192 Hispaniensium
3595 3112 3810 3185 episcopo-

2268 3227 2397 3266 rum
2422 3208 2885 3282 persuasionem,
2929 3208 3192 3263 Latinam
3255 3205 3550 3263 Ecclesium
3579 3197 3811 3270 nunquam

2268 3299 2447 3354 alium
2467 3313 2680 3371 panem
2711 3313 2888 3368 quam
2924 3312 3175 3368 azynum
3215 3296 3274 3352 in
3300 3313 3418 3352 rem
3463 3307 3658 3350 sacram
3683 3282 3813 3343 admi-

2269 3387 2438 3443 sisse.
2957 3429 2964 3433 _

2340 3478 2595 3548 Agevero
2623 3475 2749 3546 jam
2775 3473 3078 3530 videamus
3105 3490 3180 3530 an
3218 3475 3290 3530 de
3321 3473 3430 3529 alio
3475 3485 3605 3545 pane
3622 3479 3754 3539 quam
3768 3457 3816 3514 de

2269 3581 2471 3636 azymo
2495 3563 2681 3635 possit
2700 3562 2975 3635 explicari
3008 3579 3198 3619 canon
3232 3565 3362 3629 iste,
3403 3577 3564 3634 quem
3602 3549 3812 3624 integrum

2268 3653 2362 3708 hic
2384 3651 2734 3723 praemittere
2756 3651 2942 3722 juvat.
2965 3652 3048 3706 Ad
3089 3657 3411 3708 conventus
3444 3646 3608 3706 nostri
3639 3637 3813 3715 agnitio-

2268 3758 2403 3797 nem
2432 3739 2688 3796 delatum
2711 3745 2800 3795 est
2820 3740 2974 3812 quod
2995 3740 3056 3795 in
3105 3740 3460 3812 quibusdam
3492 3731 3812 3806 Hispaniarum

2267 3829 2534 3903 partibus
2555 3827 2796 3900 quidam
2813 3829 3181 3884 sacerdotum
3206 3846 3322 3886 non
3353 3843 3524 3901 panes
3557 3813 3815 3903 mundoscl

2269 3917 2465 3976 studio
2497 3898 2848 3989 praeparatos
2881 3934 3058 3989 supra
3088 3898 3586 3974 mensam—Domini
3601 3913 3648 3965 in
3661 3898 3817 3996 sacrifi-

2270 4007 2357 4064 cio
2388 4006 2653 4072 offerant,
2684 4006 2784 4061 sed
2817 4006 2888 4062 de
2919 4005 3173 4078 panibus
3198 4006 3325 4062 suis
3347 4003 3541 4061 usibus
3563 3991 3818 4073 praeparatis

2269 4095 2595 4152 crustulam
2627 4094 2687 4149 in
2720 4095 3136 4152 rotunditatem
3155 4096 3440 4164 auferant,
3463 4100 3675 4159 eamque
3697 4089 3822 4147 ευρθῖ

2271 4185 2454 4240 altare
2474 4200 2609 4240 cum
2628 4182 2763 4239 vino
2793 4187 2850 4238 et
2869 4199 3022 4256 aqua
3033 4199 3137 4255 pro
3159 4200 3327 4240 sacro
3349 4179 3602 4237 libamine
3623 4165 3816 4256 offerant-

2271 4274 2429 4338 Quod
2457 4273 2675 4329 factum
2694 4255 3069 4345 nequaquam
3091 4272 3150 4328 in
3170 4289 3349 4329 sacras
3361 4261 3682 4326 auctoritatis
3694 4255 3820 4311 histo'

2272 4363 2360 4418 ria
2373 4367 2603 4435 gestum
2620 4361 3017 4434 perpenditur.
3036 4361 3199 4417 Unde
3216 4361 3274 4417 id
3291 4351 3657 4416 unanimitatis
3667 4345 3817 4435 nostra

517 4452 710 4503 natur.
746 4470 774 4497 »
805 4446 1033 4502 Titulus
1047 4446 1238 4502 crucis
1259 4445 1550 4518 significat
1571 4462 1797 4502 crucem
1822 4449 2010 4520 ipsam
2035 4429 2161 4523 quae
2192 4465 2238 4530 ι)
2270 4429 2484 4524 delegit
2501 4429 2819 4506 conventus
2849 4453 2916 4506 ut
2930 4466 3044 4504 non
3075 4448 3222 4506 alter
3251 4450 3415 4522 panis
3460 4446 3514 4501 in
3560 4435 3699 4496 altari
3739 4429 3821 4486 DO'

519 4553 696 4609 super
722 4536 903 4592 altare
935 4536 1184 4607 pendere
1200 4535 1441 4602 solebat,
1476 4538 1722 4590 testante
1743 4538 2016 4609 Gregorio
2034 4540 2160 4610 jam
2193 4527 2225 4530 —
2273 4539 2418 4595 mini
2439 4537 2784 4594 sacerdotali
2814 4537 3216 4595 benedictione
3238 4529 3658 4595 sanctiﬁcandus
3678 4527 3823 4610 proptr

518 4624 754 4680 laudato
789 4622 1023 4682 inlib.n
1046 4625 1118 4680 de
1151 4621 1448 4679 miraculis
1498 4622 1683 4678 sancti
1739 4624 1979 4691 Juliani,
2034 4643 2160 4699 cap.

521 4713 626 4767 43:
663 4737 689 4763 «
725 4713 1040 4780 Pendebat,
1082 4714 1292 4785 inquit,
1334 4727 1510 4784 super
1560 4712 1755 4784 ipsum
1796 4713 1979 4770 altare
2025 4729 2167 4772 crux

521 4799 870 4873 holochrysa
894 4793 1142 4874 eleganti
1165 4818 1336 4873 opere
1355 4801 1525 4857 facta.
1563 4825 1584 4851 ιι
1635 4806 1702 4857 At
1744 4818 1858 4874 quo
1916 4805 1973 4860 in
2020 4804 2166 4875 loco,

523 4906 710 4962 quove
758 4891 930 4944 modo
972 4907 1114 4944 crux
1159 4906 1336 4961 super
1383 4888 1580 4945 altare
1621 4892 1919 4962 penderet,
1977 4894 2168 4949 adhuc

523 4979 843 5034 obscurum
876 4983 983 5034 est.
1031 4977 1312 5042 Quocirca
1369 4994 1554 5049 operae
1613 4980 1862 5050 pretium
1905 4985 1994 5036 est
2023 4981 2169 5037 scire

524 5069 676 5141 apud
702 5067 976 5140 antiquos
1008 5082 1228 5122 morem
1253 5065 1434 5121 fuisse
1451 5073 1514 5121 ut
1534 5083 1712 5138 super
1729 5067 1936 5124 altaria
1967 5076 2170 5126 sancta

526 5157 889 5230 erigerentur
905 5156 1250 5225 ciboria,seu
1264 5154 1835 5227 turriculae,quatuor
1856 5159 2167 5215 minimum

523 5245 814 5303 columnis
836 5246 1068 5314 innixae,
1101 5263 1226 5319 quae
1258 5244 1604 5299 transversis
1635 5245 1692 5298 in
1717 5245 1974 5302 medium
1997 5247 2168 5305 lineis

526 5335 792 5391 adunatze
824 5337 1195 5392 sustinebant
1216 5350 1446 5390 crucem
1479 5332 1682 5388 altaris
1713 5335 1905 5391 medio
1927 5353 2169 5408 respon-

526 5421 762 5479 dentem
788 5442 802 5494 ;
833 5441 903 5480 ex
931 5441 1048 5499 qua
1064 5424 1352 5499 pendebat
1373 5421 1740 5478 Eucharistia
1761 5440 1947 5495 sacra,
1975 5443 2173 5484 vascu-

527 5509 604 5573 lis
633 5527 736 5570 seu
766 5511 1056 5573 columbis
1099 5513 1387 5591 argenteis
1437 5510 1701 5590 aureisve
1729 5511 1975 5588 inclusa,
2018 5533 2168 5578 non-

2274 4633 2466 4697 natur,
2499 4627 2612 4683 nisi
2642 4627 2867 4700 integer
2885 4632 2942 4682 et
2971 4626 3214 4694 nitidus,
3239 4627 3341 4698 qui
3380 4641 3444 4681 ex
3489 4615 3658 4677 studio
3698 4601 3822 4700 fueril

2273 4695 2635 4790 praparatus
2660 4732 2672 4771 :
2698 4695 2888 4788 neque
2907 4716 3126 4789 grande
3145 4695 3389 4788 aliquid,
3409 4711 3503 4769 sed
3526 4695 3824 4790 modice“?

2275 4774 2964 4871 tum‘oblata,secundu‘m
2978 4805 3134 4878 quod
3147 4774 3527 4861 ecclesiastica
3545 4774 3821 4850 consuetudo

2279 4897 2552 4950 retentat.
2579 4914 2608 4942 »
3749 4954 3759 4969 .

2346 4981 2556 5039 Omnia
2582 4980 2922 5053 praejudicia
2951 4981 3178 5055 exigere
3190 4982 3470 5045 videntur,
3501 4976 3720 5055 utcanon

2278 5044 2601 5143 explicetur
2621 5044 2871 5142 devpane
2900 5044 3331 5128 inferinentato.
3363 5044 3542 5124 Primo
3569 5051 3698 5143 quod
3720 5044 3822 5143 V6}?

2279 5130 2372 5216 res
2387 5130 2845 5215 Mozarabesseu
2865 5158 3038 5216 Gothi
3087 5161 3146 5218 in
3196 5155 3482 5232 Hispaniis
3516 5161 3632 5206 cum

2278 5249 2392 5305 bus
2420 5249 2695 5321 degentes
2718 5248 2894 5320 (quod
2931 5216 3123 5306 etiam
3155 5250 3224 5305 de
3271 5216 3638 5323 sbperioribus

2279 5313 2545 5408 ejusdem
2579 5313 2741 5408 regni
2754 5313 2978 5395 incolis
2999 5313 3648 5409 dicendum),abiantiqu°
3660 5313 3817 5409 "3"“?

2279 5402 2341 5482 in
2363 5402 3006 5483 sacriﬁcio'utebantur.
3032 5427 3247 5484 Deinde
3273 5402 3420 5497 quod
3447 5418 3664 5507 centqu

2283 5518 2418 5596 post
2459 5513 2776 5576 concilium
2832 5514 3179 5580 Toletanum
3231 5489 3365 5576 cum
3400 5506 3520 5574 alii!
3550 5489 3731 5560 Ῑιδιίηίθ
3769 5489 3814 5539 ³⁸
