4138 6186
299 343 454 405 1257

1267 341 1728 410 MABILLONII
1771 343 2240 422 DISQUISITIO
2287 347 2387 414 DE
2429 353 2724 419 AZYMO.

3537 360 3698 428 1258

295 494 498 552 azyma
527 477 968 547 conveniebant,
1000 481 1063 535 ut
1087 484 1292 552 postea
1321 481 1755 539 demonstrabo.
1787 483 1942 538 Prm-
1971 486 2026 552 Α
2058 502 2268 558 panem
2301 489 2618 545 candidum
2651 507 2767 563 pra:
2797 492 3240 563 communi,non
3268 509 3694 566 repugno,nam

294 573 452 626 terea
479 568 634 640 quod
661 584 732 624 ex
781 567 1063 640 opusculo
1109 568 1406 625 Eldefonsi
1451 571 1709 644 episcopi
1757 573 1941 643 perfe-

293 662 454 715 ctum
487 658 586 727 sit,
617 657 889 714 eumdem
922 674 1095 714 usum
1127 676 1279 714 anno
1317 661 1423 714 845
1470 660 1726 733 viguisse
1783 662 1939 733 apud

295 748 602 821 Hispanos.

361 841 432 893 At
464 854 580 893 non
611 837 809 893 minus
830 837 1023 893 favent
1041 837 1216 893 verba
1235 837 1363 910 ipsa
1383 837 1706 894 concilii.ln
1731 839 1936 911 primis

288 926 582 999 siquidem
614 926 782 998 panis
821 926 1266 995 eucharisticus,
1319 930 1385 981 ut
1427 926 1764 998 patet,alius
1811 931 1936 983 tum

289 1017 360 1072 ab
391 1033 458 1072 eo
490 1031 619 1071 esse
648 1015 897 1070 debebat
926 1015 1027 1085 qui
1076 1015 1282 1070 usibus
1332 1032 1544 1071 mensa:
1602 1016 1932 1072 communis

289 1108 529 1178 paratus
559 1107 701 1171 erat,
735 1101 908 1169 alius,
942 1102 1205 1174 inquam,
1254 1104 1326 1158 ab
1365 1103 1731 1170 usitato.Qua
1756 1105 1936 1177 igitur

287 1195 513 1250 ratione
542 1192 896 1249 Sirmundus
925 1190 1102 1246 infert
1131 1208 1198 1247 ex
1226 1191 1552 1259 Ambrosio,
1587 1193 1687 1264 qui
1719 1210 1930 1265 panem

287 1282 744 1340 eucharisticum
776 1282 1038 1336 usitatum
1067 1286 1392 1345 vocat,eum
1411 1281 1594 1337 fuisse
1619 1282 1932 1337 fermenta-

287 1377 416 1428 tum
455 1371 659 1428 eadem
707 1385 940 1442 quoque
982 1385 1088 1442 ego
1121 1369 1319 1425 infero
1366 1369 1564 1425 Patres
1621 1369 1932 1426 Toletanos

289 1462 589 1518 censuisse
602 1475 813 1531 panem
836 1475 1067 1514 sacrum
1089 1457 1270 1513 alium
1294 1475 1420 1514 esse
1443 1463 1707 1530 oportere
1729 1461 1800 1514 ab
1821 1459 1935 1515 usi-

288 1553 432 1618 tato,
463 1550 522 1604 id
553 1553 642 1605 est
690 1565 724 1604 a
772 1548 1140 1603 fermentato.
1190 1547 1582 1618 Expendenda
1627 1553 1766 1603 sunt
1812 1548 1929 1604 Sir-

286 1639 496 1694 mundi
523 1637 718 1702 verba,
761 1636 861 1708 qui
909 1634 1088 1690 relato
1134 1635 1425 1691 Ambrosii
1471 1635 1804 1692 testimonio
1864 1653 1933 1692 ex

283 1728 388 1784 lib.
423 1746 498 1796 Iv,
532 1728 602 1783 de
633 1724 1027 1782 Sacramentis
1059 1741 1186 1796 cap.
1221 1726 1270 1787 4,
1315 1725 1414 1780 ubi
1466 1725 1714 1782 dicitur:
1771 1747 1798 1777 α
1843 1728 1930 1782 Tu

284 1817 432 1872 forte
461 1816 641 1871 dicis:
676 1815 839 1870 Meus
885 1811 1053 1885 panis
1102 1817 1188 1868 est
1235 1813 1509 1881 usitatus,
1561 1819 1692 1884 etc.,
1727 1837 1754 1863 »
1810 1815 1931 1870 haec

283 1906 605 1964 subinfert:
643 1925 672 1953 ‹‹
700 1903 920 1974 Nempe
951 1901 1050 1973 qui
1082 1903 1363 1957 usitatum
1398 1903 1738 1975 mensisque
1786 1920 1929 1976 quo-

277 1995 522 2052 tidianis
545 1997 894 2066 usurpatum
915 2007 1128 2064 panem
1157 1991 1318 2060 dicit,
1341 2008 1610 2065 azymum
1641 1993 1798 2048 haud
1822 1994 1931 2048 du-

281 2087 448 2141 bium
479 2101 594 2140 non
627 2083 938 2156 significat.
979 2103 1006 2129 »
1037 2081 1208 2154 Ergo,
1240 2097 1308 2136 ex
1354 2081 1654 2137 Sirmundi
1711 2087 1927 2152 mente,

281 2175 388 2247 qui
432 2174 716 2230 usitatum
768 2171 1105 2242 mensisque
1162 2170 1519 2242 quotidianis
1578 2178 1926 2244 usurpatum

281 2280 496 2336 panem
529 2280 561 2319 a
590 2261 872 2318 sacriﬁcio
903 2259 1264 2316 exclundunt
1295 2276 1360 2314 ac
1393 2265 1689 2316 removent
1722 2261 1922 2318 Patres

279 2352 547 2409 Toletani
579 2367 847 2423 azymum
879 2349 1036 2404 haud
1071 2347 1245 2403 dubie
1277 2347 1629 2420 signiﬁcant.

352 2442 550 2514 Neque
580 2437 1006 2512 argumentatio
1039 2438 1096 2492 in
1130 2454 1223 2492 me
1254 2437 1438 2509 regeri
1471 2442 1680 2510 potest,
1733 2439 1832 2510 qui
1865 2439 1925 2493 in

278 2549 348 2588 eo
407 2528 700 2586 Ambrosii
748 2527 872 2583 loco
920 2527 1204 2582 usitatum
1256 2542 1464 2598 panem
1525 2542 1635 2582 non
1677 2544 1779 2598 pro
1813 2528 1924 2582 fer-

276 2624 539 2677 mentato
569 2620 919 2689 usurpatum
951 2616 1254 2671 contendo.
1289 2615 1432 2670 Nem
1465 2614 1514 2670 si
1545 2619 1836 2671 constaret
1857 2633 1923 2673 eo

275 2712 339 2766 in
371 2709 496 2766 loco
529 2707 620 2780 agi
653 2705 724 2761 de
754 2704 972 2776 duplici
1006 2720 1154 2776 pane
1187 2702 1493 2770 materiali,
1537 2721 1652 2760 uno
1685 2705 1920 2774 usitato,

272 2799 457 2856 altero
485 2797 683 2853 minus
713 2793 1035 2858 communi,
1056 2793 1334 2848 usitatum
1367 2810 1576 2864 panem
1597 2810 1797 2866 azymo
1819 2813 1920 2868 op-

273 2889 415 2963 poni
445 2886 596 2944 ultro
629 2884 1026 2942 concederem.
1059 2886 1134 2936 At
1162 2898 1294 2937 vero
1326 2882 1420 2937 hic
1468 2883 1722 2939 usitatus
1754 2885 1921 2956 panis

274 2995 395 3035 non
428 2977 563 3050 pani
597 2975 792 3029 minus
823 2972 1062 3041 usitato,
1096 2972 1196 3026 sed
1228 2971 1360 3043 pani
1395 2973 1816 3040 consecrato,id
1834 2978 1921 3029 est

273 3066 505 3139 corpori
533 3063 745 3120 Christi
778 3061 1183 3134 opponitur,ac
1215 3060 1457 3132 proinde
1480 3078 1593 3116 non
1614 3061 1762 3117 valet
1784 3079 1916 3118 con-

275 3155 504 3228 paratio
535 3155 591 3209 in
623 3151 912 3209 sententia
944 3167 1074 3206 mea
1103 3168 1115 3218 ;
1148 3149 1298 3206 valet
1328 3153 1523 3205 autem
1552 3151 1606 3204 in
1630 3151 1918 3207 sententia

2051 579 2111 630 et
2160 575 2268 632 hoc
2297 577 2491 648 potius
2539 596 2738 650 azymo
2786 581 3054 638 convenit
3100 598 3277 654 quam
3328 583 3690 641 fermentata.

2051 663 2352 721 Udalricus
2382 666 2440 720 in
2474 666 2648 723 lib.m
2679 668 3180 726 Consuetudinum
3215 671 3689 730 Cluniacensium

2048 769 2174 824 cap.
2213 755 2296 820 13,
2327 771 2505 826 agens
2536 757 2607 812 de
2637 758 2992 814 confectione
3013 760 3339 816 hostiarum
3367 762 3692 818 secundum

2047 858 2269 897 morem
2301 846 2638 900 monasterii
2675 847 2799 902 sui:
2837 871 2862 896 ‹‹
2903 848 3690 921 Conspergunt,inquit,cum

2045 946 2199 1001 aqua
2231 932 2606 1004 frigida,quia
2637 935 2769 990 inde
2795 937 2944 991 ﬁunt
2974 935 3172 992 hostiae
3196 937 3702 1010 candidiores,qui~

2046 1019 2194 1075 ritus
2226 1022 2440 1076 servari
2470 1040 2585 1078 non
2620 1029 2814 1094 potest
2845 1025 2903 1080 in
2937 1042 3085 1096 pane
3115 1028 3562 1096 lermentato,ad
3595 1043 3691 1082 cu-

2036 1109 2138 1178 jus
2168 1110 2586 1165 confectionem
2625 1129 2780 1182 aqua
2809 1113 2998 1168 calida
3027 1114 3352 1170 necessaria
3384 1118 3489 1170 est.
3516 1114 3689 1170 Panis

2044 1197 2333 1266 ejusmodi
2367 1198 2534 1253 nitidi
2570 1201 2839 1256 meminit
2865 1203 3020 1257 Beda
3048 1203 3309 1258 Historia;
3341 1203 3439 1258 lib.
3472 1220 3534 1267 ιι,
3558 1219 3684 1274 cap.

2039 1286 2094 1339 5.
2128 1285 2272 1340 Nam
2305 1286 2528 1342 Seberti
2561 1287 2874 1344 Christiani
2907 1291 3059 1360 regis
3101 1290 3476 1346 orientalium
3507 1291 3686 1346 Saxo-

2042 1390 2184 1428 num
2235 1374 2336 1430 ﬁlii
2379 1379 2495 1431 tres
2527 1376 2865 1445 idololatrae,
2899 1395 3032 1433 cum
3054 1379 3316 1434 viderent
3345 1379 3684 1450 pontiﬁcem

2041 1462 2324 1518 Mellitum
2356 1463 2662 1520 celebratis
2683 1465 2742 1519 in
2765 1465 3021 1521 Ecclesia
3042 1467 3355 1522 Missarum
3378 1466 3687 1522 solemniis

2040 1551 2468 1609 Eucharistiam
2491 1553 2704 1626 populo
2727 1555 2884 1623 dare,
2901 1555 3172 1610 dicebant
3191 1556 3263 1610 ad
3286 1571 3421 1611 eum
3439 1556 3691 1612 barbara

2041 1639 2530 1713 inﬂatisuperbia:
2558 1666 2585 1692 »
2608 1642 2795 1706 Quare
2822 1661 2936 1700 non
2959 1648 3015 1700 et
3029 1645 3198 1700 nobis
3211 1644 3460 1717 porrigis
3475 1659 3688 1717 panem

2041 1730 2498 1801 nitidum,quem
2519 1737 2578 1787 et
2598 1733 2747 1804 patri
2771 1737 2967 1789 nostro
2991 1734 3143 1789 Saba
3165 1734 3424 1788 dabas?»
3452 1734 3559 1788 Ubi
3584 1751 3688 1805 pa-

2039 1834 2173 1874 nem
2205 1819 2457 1874 nitidum
2486 1837 2622 1876 eum
2651 1825 2858 1877 vocant
2887 1822 2987 1892 qui
3010 1826 3217 1894 praeter
3237 1836 3458 1877 morem
3484 1821 3687 1875 candi-
3713 1823 3718 1828 ’

2042 1909 2152 1963 dus
2185 1911 2326 1964 erat.
2359 1909 2484 1964 Non
2524 1914 2720 1965 tamen
2755 1927 2820 1966 eo
2854 1915 3078 1981 spectat
3119 1910 3301 1966 oratio
3333 1925 3484 1976 mea,
3517 1909 3687 1980 quasi

2039 1998 2286 2067 probare
2315 1997 2488 2052 velim
2515 1998 2623 2053 hoc
2654 1999 2892 2053 nomine
2923 1999 3139 2070 ubique
3177 1998 3424 2070 intelligi
3473 2014 3686 2070 panem

2038 2084 2709 2142 infermentatum.Certe
2741 2087 3152 2143 fermentatum
3185 2103 3251 2142 eo
3282 2086 3562 2142 vocabulo
3585 2087 3684 2142 de-

2039 2175 2335 2245 signatum
2368 2174 2494 2247 lego
2525 2176 2583 2229 in
2617 2176 2946 2231 Annalibus
2979 2176 3342 2232 Fudensibus
3365 2177 3437 2230 ad
3461 2191 3684 2232 annum

2037 2266 2162 2320 870.
2193 2263 2409 2318 Verum
2443 2281 2576 2319 cum
2606 2264 2868 2319 Toletani
2899 2265 3096 2320 Patres
3127 2287 3154 2314 «
3188 2264 3437 2320 nitidum
3467 2279 3681 2336 panem

2036 2359 2330 2424 opponant
2381 2353 2616 2420 usitato,
2652 2353 3016 2425 intelligendi
3069 2358 3208 2409 sunt
3237 2353 3308 2409 de
3360 2369 3508 2425 pane
3550 2370 3681 2425 azy-

2035 2459 2152 2510 mo,
2187 2441 2286 2513 qui
2345 2443 2685 2497 fermentato
2734 2459 2832 2497 seu
2880 2443 3096 2497 usitato
3145 2442 3316 2514 longe
3375 2441 3680 2497 candidior

2034 2534 2141 2586 est.

2102 2619 2294 2676 Tertio
2324 2619 2666 2691 praecipiunt
2707 2623 2907 2676 Patres
2954 2625 3018 2674 ut
3062 2620 3231 2692 panis
3283 2619 3556 2674 sacrificii
3606 2619 3684 2676 sit

2036 2732 2064 2761 ‹‹
2095 2709 2289 2765 studio
2322 2714 2697 2781 praeparatus.
2750 2730 2777 2757 ››
2831 2708 3189 2764 Theodolfus
3241 2707 3683 2764 Aurelianensis

2030 2798 2338 2870 episcopus
2367 2797 2426 2852 in
2451 2797 2799 2868 Capitularis
2849 2801 2958 2852 art.
2992 2801 3062 2851 5:
3123 2819 3148 2844 ‹‹
3204 2800 3410 2862 Panes,
3464 2795 3682 2868 inquit,

2033 2904 2180 2960 quos
2211 2887 2328 2942 Deo
2359 2887 2416 2940 in
2449 2885 2799 2941 sacrificium
2833 2885 3077 2951 offertis,
3112 2888 3213 2940 aut
3246 2902 3279 2939 a
3307 2884 3470 2940 vobis
3509 2885 3680 2956 ipsis,

2029 2980 2132 3032 aut
2159 2994 2193 3030 a
2223 2974 2432 3031 vestris
2465 2974 2660 3045 pueris
2691 2991 2888 3030 coram
2917 2973 3082 3028 vobis
3112 2973 3293 3028 nitide
3323 2990 3386 3029 ac
3414 2973 3680 3029 studiose

2028 3066 2191 3121 ﬁant.
2228 3087 2253 3114 ››
2287 3066 2410 3130 Qua
2439 3063 2716 3136 religione
2748 3064 3138 3118 formarentur
3163 3079 3342 3134 panes
3374 3062 3446 3117 ad
3499 3078 3677 3118 usum

2029 3153 2297 3210 sacriﬁcii
2328 3153 2482 3223 apud
2507 3151 2822 3208 monachos
2853 3151 3473 3217 Cluniacenses,docet
3505 3149 3678 3206 Udal-

269 3221 578 3300 Sirmundi
609 3242 761 3297 hunc
788 3240 847 3294 in
878 3239 1157 3302 locum,et
1179 3238 1238 3293 in
1263 3256 1392 3294 mea
1419 3257 1522 3312 pro
1539 3257 1760 3295 canone
1781 3257 1916 3296 con-
1953 3221 1996 3288 (ἶ
2031 3243 2187 3298 ricus
2217 3242 2277 3296 in
2308 3241 2410 3296 lib.
2445 3259 2526 3307 ιιι,
2559 3240 3090 3312 cap.13.Siquidem
3124 3241 3520 3294 «frumentum
3543 3255 3679 3311 gra-

272 3329 399 3389 cilii
431 3330 710 3399 Toletani,
739 3345 874 3384 cum
905 3327 1213 3399 utrobique
1244 3329 1412 3400 panis
1443 3329 1695 3385 usitatus
1723 3345 1922 3401 azyma

275 3418 494 3491 opponi
519 3418 888 3472 concedatur.

349 3507 616 3563 Secundo
648 3506 845 3562 Patres
865 3505 1128 3562 Toletani
1153 3511 1407 3578 arguunt
1429 3507 1761 3563 sacerdotes
1793 3507 1921 3564 illos

269 3595 623 3668 Hispanicos
655 3596 809 3669 quod
842 3618 869 3644 ‹‹
904 3612 1019 3651 non
1051 3612 1232 3666 panes
1282 3596 1533 3651 mundos
1561 3618 1587 3645 »
1623 3597 1917 3666 offerrent,

272 3690 404 3741 tum
436 3685 782 3758 praecipiunt
812 3687 875 3739 ut
903 3683 1106 3756 «panis
1133 3683 1354 3738 nitidus
1386 3707 1413 3732 ››
1446 3685 1920 3742 olferatur.Panis

273 3775 558 3841 mundus,
585 3778 757 3846 prout
778 3772 1094 3845 opponitur
1115 3771 1510 3838 usitato,alius
1537 3773 1784 3846 intelligi
1805 3792 1920 3831 non

269 3867 468 3936 potest
517 3879 692 3935 quam
725 3862 896 3935 panis
924 3877 1128 3932 expers
1169 3860 1457 3930 fermenti,
1487 3863 1642 3932 quod
1687 3879 1926 3937 corrup-

269 3953 456 4009 tionis
485 3953 754 4008 etfectum
787 3968 852 4006 ac
883 3949 1215 4023 symbolum
1237 3953 1349 4004 est.
1373 3953 1545 4006 Recte
1561 3949 1716 4008 hunc
1748 3953 1806 4008 in
1839 3953 1922 4009 lo-

269 4058 413 4098 cum
444 4041 804 4097 Humbertus
833 4037 1145 4095 cardinalis
1179 4037 1237 4092 in
1272 4039 1653 4110 responsione
1693 4043 1764 4096 ad
1818 4042 1924 4096 Mi-

270 4130 544 4187 chaelem
565 4129 926 4186 Cerularium
952 4146 964 4184 :
997 4151 1016 4176 α
1047 4127 1208 4183 Sicut
1230 4128 1521 4182 sententia
1541 4127 1696 4201 vulgi
1719 4134 1925 4199 exstat,

265 4220 545 4276 fermenti
577 4219 737 4291 origo
768 4218 862 4286 sit,
897 4233 1028 4272 cum
1058 4221 1161 4272 aut
1191 4233 1402 4287 spuma
1455 4215 1624 4271 multi
1681 4233 1787 4272 seu
1823 4219 1929 4274 faex

271 4309 594 4380 cujusdam
619 4306 848 4364 rusticze
877 4305 1288 4378 potionis,quae
1320 4305 1476 4377 apud
1509 4304 1703 4362 Gallos
1736 4308 1922 4366 cervi-

271 4397 370 4454 sia
399 4398 645 4466 dicitur;
677 4395 763 4452 vel
794 4400 948 4451 certe
969 4396 1072 4465 jus
1101 4393 1294 4450 elixati
1325 4393 1527 4450 hordei
1559 4398 1660 4450 aut
1703 4396 1928 4464 ciceris,

271 4485 404 4544 sive
433 4486 521 4542 lac
561 4485 822 4541 ﬁculneae
851 4483 941 4539 vel
973 4500 1247 4556 pecorum
1279 4488 1638 4555 corruptum,
1671 4484 1935 4556 injicitur

2034 3331 2216 3388 natim
2245 3329 2492 3386 electum
2529 3351 2556 3378 ››
2588 3345 2800 3401 magna
2831 3345 2964 3384 cum
2987 3329 3309 3384 reverentia
3330 3345 3365 3383 a
3384 3327 3674 3384 monacho

2032 3420 2180 3477 albis
2211 3419 2415 3474 induto
2437 3419 2509 3474 ad
2532 3417 2874 3473 fariniarum
2892 3417 3148 3473 delatum
3178 3417 3676 3474 molebatur-Tum

2031 3511 2283 3566 cribrata
2313 3507 2490 3563 simili
2523 3507 2637 3562 ritu
2672 3507 2877 3573 farina,
2913 3530 2939 3556 «
2993 3523 3130 3562 eum
3183 3524 3338 3578 aqua
3395 3507 3607 3580 frigida
3639 3527 3670 3556 »

2033 3598 2545 3671 conspergebatur.
2583 3596 2796 3652 Deinde
2835 3596 3255 3652 ferramentum
3287 3597 3346 3650 in
3405 3612 3520 3666 quo
3580 3611 3676 3650 co-

2034 3688 2278 3760 quendaa
2333 3689 2500 3742 erant
2549 3684 2748 3740 hostia:
2798 3686 3031 3739 tenebat
3080 3700 3414 3749 conversus,
3465 3699 3680 3738 manus

2034 3776 2341 3833 chirotecis
2374 3775 2610 3830 indutas
2640 3773 3085 3843 habens.Longe
3109 3776 3239 3826 ante
3261 3771 3676 3826 Cluniacenses

2033 3866 2242 3922 hostire
2273 3888 2300 3913 «
2331 3880 2463 3918 cum
2492 3862 2666 3918 laude
2688 3860 3024 3932 psalmodiae
3045 3882 3071 3908 »
3102 3859 3505 3914 formebantur
3526 3858 3684 3930 apud

2040 3953 2483 4026 Andaginenses
2514 3967 2613 4005 seu
2649 3949 2893 4004 coenobii
2925 3947 3111 4004 sancti
3143 3947 3419 4003 Hucherti
3469 3947 3524 4002 in
3576 3952 3686 4002 Ar-

2039 4045 2277 4099 duenna
2308 4039 2649 4105 monachos,
2686 4039 2770 4092 uti
2802 4037 3014 4109 legitur
3035 4037 3093 4091 in
3119 4036 3266 4092 libro
3291 4037 3362 4092 de
3389 4035 3686 4092 Miraculis

2039 4131 2230 4188 sancti
2260 4128 2538 4184 Hucberti
2583 4127 2945 4199 Tungrensis
2993 4126 3250 4200 episc0pi
3303 4144 3428 4199 cap.
3479 4128 3534 4195 8,
3588 4125 3690 4182 ubi

2039 4219 2311 4277 monachi
2327 4232 2540 4290 «panes
2555 4216 2678 4272 suis
2697 4216 2972 4273 manibus
2995 4233 3128 4272 cum
3153 4216 3325 4273 laude
3348 4215 3690 4289 psalmodia

2043 4310 2323 4365 formatos
2346 4305 2744 4362 accumbentin
2781 4305 2966 4360 Odoni
2999 4306 3196 4362 comiti
3229 4323 3382 4361 anno
3399 4305 3494 4360 844
3527 4305 3695 4359 obtu-

2041 4399 2180 4455 lisse
2211 4395 2801 4470 perhibentur.Erant
2830 4394 2917 4450 hee
2949 4395 3190 4467 eulogia}
3223 4411 3327 4450 seu
3358 4393 3562 4449 hostiae
3589 4393 3692 4447 be-

2043 4487 2440 4557 nedictze,qua3
2472 4483 2722 4557 singulis
2753 4483 2960 4540 diebus
2992 4489 3124 4539 ante
3156 4498 3499 4538 communes
3530 4480 3692 4535 cibos

282 4591 621 4648 conspersae
656 4574 879 4631 farinae.
913 4574 1058 4628 Cum
1089 4588 1225 4644 ergo
1255 4588 1484 4643 spuma,
1507 4571 1632 4640 laax,
1656 4573 1932 4631 elixatum
1968 4594 2014 4658 ι)
2047 4575 2349 4634 monachis
2383 4591 2497 4630 non
2529 4572 2979 4628 communicatis
3009 4572 3067 4627 in
3118 4571 3421 4626 reiectorio
3467 4568 3689 4640 praebe-

271 4665 651 4738 leguminum
674 4668 730 4720 et
750 4662 839 4719 lac
855 4662 1000 4718 ﬁcus
1021 4659 1108 4717 vel
1130 4677 1404 4732 pecorum
1425 4666 1764 4732 corruptum
1783 4665 1936 4736 apud

270 4753 551 4811 homines
580 4755 1004 4824 computantur
1042 4749 1192 4805 inter
1219 4749 1478 4817 sordida,
1536 4755 1764 4807 constat
1817 4753 1928 4808 fer-

273 4847 554 4899 mentum
607 4842 881 4898 sordibus
914 4856 1029 4896 non
1078 4854 1272 4895 carere
1319 4855 1421 4910 per
1467 4839 1683 4895 omnia.
1738 4841 1933 4898 Massa

274 4935 481 4989 autem
513 4931 847 5003 cuicunque
877 4930 1226 4985 fermentum
1259 4926 1517 4996 injicitur
1565 4945 1803 4986 necesse
1847 4934 1938 4986 est

277 5020 880 5094 corrumpatur,sicut
897 5018 980 5075 ait
1000 5015 1474 5089 sapientissimus
1495 5016 1742 5074 Paulus:
1768 5041 1797 5068 «
1822 5019 1937 5074 Mo-

281 5111 489 5166 dicum
521 5111 876 5165 fermentum
905 5110 1090 5162 totam
1123 5121 1381 5161 massam
1414 5106 1740 5178 corrumpit
1784 5106 1933 5175 (Gal.

279 5217 342 5267 v,
375 5200 455 5272 9).
488 5221 518 5251 ››
554 5199 772 5255 Eodem
803 5196 993 5253 tendit
1021 5194 1268 5267 Algerus
1299 5194 1360 5249 in
1394 5193 1496 5262 lib,
1521 5211 1562 5248 ιι
1615 5196 1688 5250 de
1734 5195 1936 5253 Sacra-

287 5291 492 5344 mento
524 5303 652 5359 cap.
677 5286 766 5342 40.
799 5289 944 5341 Cum
966 5299 1102 5356 ergo
1133 5287 1334 5338 Patres
1364 5281 1627 5338 Toletani
1660 5283 1731 5338 ad
1764 5284 1939 5340 sacri-

284 5375 494 5432 ficium
519 5376 762 5448 exigunt
803 5390 1014 5446 panem
1065 5396 1093 5422 ‹‹
1135 5371 1424 5428 mundum
1475 5388 1540 5428 ac
1588 5371 1863 5444 nitidum,
1908 5396 1938 5424 ››

285 5465 474 5537 (quod
496 5465 653 5521 idem
686 5464 795 5520 hoc
816 5463 940 5520 loco
971 5463 1166 5519 forsan
1188 5477 1316 5518 esse
1334 5460 1628 5518 videbitur
1645 5467 1937 5519 secretum

277 5553 494 5615 volunt
520 5555 594 5612 ab
621 5553 785 5612 omni
817 5553 989 5610 sorde
1018 5555 1074 5608 et
1101 5550 1387 5608 fermento
1418 5553 1828 5625 corruptionis.

315 5699 320 5704 .
357 5644 424 5731 _Si
452 5648 649 5705 tamen
682 5667 712 5699 «
744 5643 915 5739 nitidi
948 5664 977 5695 »
1008 5641 1180 5717 panis
1210 5639 1463 5720 intelligi
1491 5646 1661 5718 putes
1681 5642 1792 5704 hoc
1811 5642 1940 5711 1000

612 5773 883 5861 Panum;
931 5768 1196 5855 CXLIII,

2049 4669 2286 4733 bantur,
2319 4669 2382 4718 ut
2412 4667 2570 4735 patet
2598 4666 2725 4716 tum
2757 4678 2825 4716 ex
2855 4660 3048 4715 libello
3080 4659 3534 4731 supplici,quem
3568 4672 3694 4711 mo-

2038 4753 2207 4810 nachi
2243 4751 2559 4807 Fuldenses
2591 4748 2792 4805 Carolo
2826 4749 3034 4820 Magno
3065 4750 3465 4820 porrexerunt,
3494 4745 3553 4800 in
3581 4759 3698 4816 quo

2047 4843 2412 4915 eulogiarum
2444 4837 2875 4910 perceptionem
2903 4842 3111 4892 vocant
3142 4860 3169 4886 ‹‹
3221 4832 3703 4891 communicatio-

2048 4949 2181 4988 nem
2218 4929 2383 4986 fracti
2414 4927 2582 4998 panis
2609 4944 2622 4994 ;
2645 4949 2672 4976 »
2699 4932 2821 4980 tum
2857 4943 2923 4982 ex
2970 4927 3188 4999 synodo
3235 4921 3701 4998 Aquisgranensi

2050 5021 2186 5078 anni
2219 5019 2346 5089 8t7,
2370 5022 2496 5072 tum
2529 5032 2596 5071 ex
2628 5015 2893 5071 Udalrico
2927 5016 2984 5070 in
3015 5015 3116 5071 lib.
3153 5032 3346 5087 iI,cap.
3382 5011 3705 5084 38.0uippe

2045 5109 2308 5182 eulogize,
2342 5123 2445 5162 seu
2478 5103 2646 5176 panis
2669 5104 3030 5172 benedictus,
3057 5121 3125 5160 ex
3146 5105 3350 5160 eodem
3383 5111 3521 5157 tunc
3548 5112 3699 5170 pane

2046 5199 2265 5255 ﬁebant
2294 5211 2408 5268 quo
2451 5192 2698 5248 materia
2745 5194 3038 5262 sacriﬁcii,
3070 5209 3279 5265 nempe
3328 5208 3396 5246 ex
3453 5184 3700 5258 reliquis

2045 5286 2254 5343 hostiis
2283 5301 2398 5340 non
2425 5281 2802 5352 consecratis,
2835 5299 2981 5353 quas
3013 5279 3284 5338 monachi
3323 5278 3393 5334 ad
3446 5275 3699 5332 missam

2046 5374 2368 5432 offerebant
2400 5387 2628 5428 omnes.

2119 5463 2179 5518 Id
2211 5477 2398 5534 genus
2429 5459 2657 5528 oblatis,
2691 5475 2795 5516 seu
2827 5459 3010 5526 obiice,
3047 5475 3160 5514 non
3194 5474 3324 5513 raro
3373 5455 3550 5512 etiam
3605 5454 3706 5512 ﬁe-

2050 5552 2192 5608 bant
2222 5551 2294 5604 ad
2327 5566 2501 5605 usum
2533 5566 2906 5620 communem
2939 5551 3186 5604 testante
3220 5545 3486 5602 Udalrico
3516 5545 3574 5599 in
3597 5543 3700 5600 lib.

2053 5639 2332 5720 i,cap.50,
2362 5637 2466 5699 ubi
2494 5638 2575 5698 ait
2598 5655 2647 5700 ις(
2675 5639 2738 5699 In
2761 5637 3258 5718 Quinquagesima
3277 5634 3463 5697 solere
3487 5631 3708 5720 apponi

3301 5764 3382 5836 40

3301 5835 3382 5854 uti.
