4138 6186
306 371 454 436 1261

1280 382 1731 453 MABIELONII
1777 381 2252 459 DISQUISITIO
2298 385 2397 452 DE
2444 389 2737 456 AZYMO.

3551 373 3704 466 1262

308 511 909 611 Latinam-Ecclesia!!!
941 516 1011 572 ad
1044 516 1102 572 id
1125 517 1330 575 saltem
1357 535 1542 592 usque
1561 524 1793 593 tempus
1819 539 1948 595 azy-
1977 522 2033 589 Α
2062 525 2398 595 sepulcrum
2430 529 2678 598 aperuit,
2726 532 3041 601 antequam
3091 546 3347 603 praesens
3395 536 3702 611 episcopus

307 602 420 658 mis
452 602 854 660 abstinuisse?

372 691 492 748 Hoc
521 692 848 749 Acbilleum
881 700 970 750 est
991 695 1290 752 Sirmundi
1311 703 1950 773 argumentum,exquo

301 781 350 837 si
381 781 691 837 conﬁcitur
717 781 776 837 id
809 784 963 855 quod
996 783 1265 854 intendit,
1297 787 1502 842 eadem
1551 803 1656 860 ego
1716 805 1950 861 quoque

300 871 524 926 ratione
555 872 861 928 conficiam
893 873 1058 930 initio
1089 876 1289 931 saeculi
1338 893 1415 930 x11
1463 876 1638 932 etiam
1693 879 1944 946 Latinos,

298 958 506 1016 saltem
535 959 594 1015 in
626 960 830 1030 Gallia,
865 964 1080 1035 azymis
1111 964 1611 1021 abstinuisse.Hoc
1635 983 1945 1040 argumen-

296 1055 423 1105 tum
457 1049 678 1106 deduco
702 1066 770 1105 ex
791 1051 1036 1124 epistola
1057 1053 1121 1107 44
1145 1053 1466 1109 Hildeberti
1491 1055 1946 1114 Cenomanensis

297 1139 554 1211 episcopi
589 1140 660 1195 ad
691 1140 1192 1212 Andegavensem,
1235 1142 1293 1196 in
1344 1159 1460 1213 qua
1507 1145 1709 1199 scribit
1759 1163 1819 1202 se
1872 1147 1943 1202 ad

297 1229 640 1302 przedictum
655 1229 997 1302 episcopum
1014 1230 1306 1285 remittere
1320 1233 1680 1287 sacerdotem
1698 1232 1941 1291 latorem

297 1319 681 1393 epistolae,qui
698 1342 724 1369 «
745 1319 777 1373 d
791 1335 887 1374 um
919 1319 1104 1375 sacris
1121 1319 1404 1375 altaribus
1427 1320 1868 1379 mimstraturus
1882 1324 1940 1379 in

296 1409 407 1465 hoc
436 1411 824 1481 praeparatum
849 1413 1060 1479 penem
1083 1425 1199 1464 non
1222 1408 1619 1476 invenerat,de
1640 1412 1937 1466 communi

295 1514 444 1571 pane
475 1496 764 1553 obtulerat
793 1497 1168 1552 sacrificium.
1202 1499 1325 1563 Qua
1353 1498 1412 1552 in
1446 1515 1569 1566 re,»
1602 1500 1794 1571 inquit
1816 1499 1940 1555 Hil-

296 1588 588 1653 debertus,
623 1608 650 1635 ‹‹
681 1585 815 1640 licet
845 1585 1038 1657 potius
1071 1587 1432 1642 consuetudo
1463 1603 1639 1658 quam
1673 1588 1816 1643 fides
1837 1588 1940 1644 im-

290 1679 720 1750 pugnetur,nos
740 1678 936 1731 tamen
960 1673 1305 1730 nonnullam
1329 1675 1388 1730 in
1409 1691 1474 1730 eo
1498 1675 1729 1748 culpam
1757 1681 1940 1733 atten-

290 1765 510 1834 dimus,
561 1764 911 1820 arbitrantes
959 1763 1193 1836 gravius
1237 1762 1597 1835 puniendum
1661 1782 1789 1821 esse
1844 1783 1936 1822 ec-

2064 612 2372 669 ministerii
2405 615 2496 670 sui
2531 617 2711 672 fretus
2744 619 3375 692 auctoritate,ejusdem
3393 640 3705 698 congrega-

2062 702 2238 758 tionis
2269 704 2548 760 fratribus
2579 706 2687 761 hoc
2727 707 3056 765 faciendum
3087 710 3364 781 injunxit.
3414 713 3573 770 Idem
3613 718 3705 771 ta-

2061 807 2194 846 men
2243 793 2573 865 epis‘copus,
2623 797 3032 852 venerabiliter
3078 802 3181 854 eas’
3227 818 3558 870 assumens,
3613 820 3705 858 sa-

2060 896 2154 934 cro
2187 883 2409 954 corpori
2443 884 3054 958 apposuit,ipsumque
3081 905 3292 960 corpus
3319 908 3450 946 cum
3469 909 3707 948 summa

2058 969 2294 1026 cantula
2324 973 2662 1028 obvolutum
2696 974 2754 1028 in
2783 975 2982 1032 lectica
3032 977 3347 1034 honoriﬁce
3397 997 3699 1036 commen-

2056 1058 2438 1114 davit.»Hunc
2463 1061 2656 1116 locum
2689 1064 2878 1119 fusius
2900 1065 3091 1134 retuli,
3125 1070 3250 1122 tum
3282 1069 3420 1139 quia
3449 1069 3699 1141 insignis

2055 1151 2144 1203 est
2175 1149 2230 1202 in
2258 1154 2602 1223 praesentem
2635 1153 3094 1221 materiam,tum
3127 1161 3191 1210 ut
3219 1157 3495 1212 haberem
3528 1174 3697 1213 occa-

2055 1237 2277 1292 sionem
2309 1238 2652 1294 observandi
2708 1241 2763 1294 id
2805 1243 2960 1312 quod
2995 1245 3081 1298 Iso
3115 1244 3416 1316 ignorasse
3445 1247 3692 1317 videtur,

2054 1342 2262 1397 nempe
2294 1342 2511 1382 morem
2539 1328 2718 1384 fuisse
2740 1329 3054 1400 aliquando
3077 1337 3142 1386 ut
3173 1350 3305 1388 cum
3331 1335 3586 1390 defuncti
3608 1353 3695 1391 sa-

2052 1415 2302 1470 cerdotis
2331 1433 2569 1488 corpore
2589 1417 2794 1473 oblatae
2820 1436 2936 1474 una
2957 1437 3089 1475 cum
3113 1421 3244 1477 aliis
3265 1440 3693 1495 nonnunquam

2051 1504 2461 1561 instrumentis
2501 1506 2882 1578 vestibusquc
2948 1509 3407 1566 sacerdotalibus
3465 1512 3693 1568 tumulo

2047 1596 2625 1666 eomponerenturJd
2643 1595 2849 1668 colligo
2862 1614 2929 1652 ex
2942 1615 3230 1670 anonymo
3243 1600 3495 1671 quodam
3509 1617 3698 1672 aequa-

2046 1681 2086 1737 li
2118 1683 2176 1736 in
2208 1682 2373 1739 lib.1v
2394 1684 2472 1738 De
2501 1684 2636 1740 Vita
2652 1685 3022 1742 S.Guthberti
3056 1688 3549 1746 Lindisfarnensis
3570 1691 3691 1763 epi-

2049 1771 2243 1843 scopi;
2279 1773 2447 1843 cujus
2479 1773 2751 1845 anonymi
2785 1774 2906 1829 haec
2936 1776 3112 1831 verba
3143 1781 3281 1831 sunt
3311 1777 3370 1832 in
3402 1778 3550 1833 libro
3583 1797 3641 1835 1v
3674 1797 3687 1835 :

290 1853 844 1961 clesize‘srcandaluni
861 1851 1677 1961 quamdelictum.»?u'i‘d1hop
1698 1855 1934 1961 tandem
1968 1897 2015 1961 Β
2053 1885 2072 1909 ει
2108 1861 2154 1914 Α
2186 1861 2596 1961 navigantibus
2630 1862 2689 1961 in
2725 1863 2981 1920 insulam
3005 1870 3265 1921 nostram
3289 1867 3537 1935 delatus,
3570 1871 3690 1924 toto

290 1948 400 2012 est,
433 1949 498 1999 ut
521 1943 823 1999 Sirmundi
852 1942 1044 1999 verbis
1076 1945 1227 2011 utar,
1282 1942 1435 2014 quod
1475 1942 1844 1999 Hildebertus
1876 1945 1935 2000 in

287 2034 398 2090 hoc
419 2033 716 2089 sacerdote
738 2030 1223 2104 reprehendit?An
1245 2032 1398 2103 quod
1423 2047 1691 2101 azymum
1724 2049 1933 2104 panem

289 2141 405 2180 non
440 2121 884 2179 consecrasset?
914 2120 1155 2176 minime
1185 2120 1468 2193 gentium.
1511 2121 1632 2184 Quo
1662 2136 1798 2192 ergo
1831 2138 1933 2176 no-

287 2214 447 2268 mine
471 2229 606 2268 eum
637 2209 1245 2284 reprehendit?nempe
1275 2209 1430 2280 quod
1475 2225 1590 2264 non
1626 2230 1654 2258 «
1683 2209 1754 2264 de
1785 2224 1933 2280 pane

286 2303 358 2359 ad
390 2303 500 2358 hoc
530 2304 875 2374 praeparato,
901 2322 928 2349 ››
944 2301 1042 2355 sed
1061 2322 1088 2348 ‹‹
1108 2300 1179 2354 de
1207 2298 1507 2354 communi
1533 2319 1560 2347 ››
1579 2298 1931 2353 sacrificium

285 2391 597 2458 obtulerat,
626 2407 761 2447 eum
793 2391 863 2445 ad
891 2389 1130 2444 modum
1157 2405 1272 2460 quo
1306 2388 1506 2443 Patres
1549 2386 1808 2442 Toletani
1842 2403 1929 2443 re-

283 2481 659 2553 prehendunt
685 2480 1014 2536 sacerdotes
1042 2477 1407 2549 Hispanicos,
1459 2476 1614 2547 quod
1665 2476 1735 2531 de
1767 2499 1795 2526 «
1829 2493 1930 2548 pa-

282 2571 461 2626 nibus
495 2593 524 2620 »
555 2587 670 2625 non
692 2593 718 2620 «
735 2568 930 2624 studio
951 2565 1522 2640 praeparatismitidis
1544 2581 1608 2620 ac
1632 2564 1924 2631 mundis,»

282 2661 385 2716 sed
412 2660 484 2716 de
511 2684 530 2708 α
550 2660 802 2732 panibus
820 2657 944 2713 suis
957 2656 1164 2712 usibus
1180 2653 1518 2728 praeparatis
1540 2653 1926 2709 noblationem

282 2749 558 2805 facerent.
616 2747 906 2803 Concedat
952 2760 1088 2816 ergo
1134 2744 1489 2800 Sirmundus
1536 2759 1773 2798 necesse
1841 2745 1930 2797 est

281 2843 387 2896 aut
416 2853 696 2893 canonem
728 2833 954 2892 concilii
979 2832 1239 2889 Toletani
1261 2833 1332 2888 de
1353 2849 1500 2904 pane
1523 2849 1723 2904 azymo
1746 2831 1928 2886 inter-

281 2927 633 3002 pretandum
667 2940 816 2991 esse,
849 2924 1001 2979 sicut
1039 2921 1348 2996 epistolam
1379 2920 1716 2988 Hildeberti,
1751 2924 1852 2974 aut
1878 2919 1926 2974 si

280 3017 627 3091 praedictum
660 3030 943 3070 canonem
975 3012 1045 3067 de
1077 3012 1423 3066 fermentato
1453 3025 1602 3081 pane
1641 3008 1928 3080 explicare

279 3110 508 3180 pergat,
535 3119 896 3176 consequens
940 3104 1029 3157 est
1074 3101 1222 3156 ratio
1274 3095 1336 3154 ut
1385 3099 1560 3154 etiam
1612 3096 1928 3153 l-lildeberti

281 3194 596 3267 epistolam
627 3193 694 3249 de
718 3193 999 3248 fermento
1031 3189 1470 3260 intelligendam
1494 3204 1620 3243 esse
1652 3187 1924 3242 fateatur.

2046 1965 2286 2021 corpore
2318 1950 2528 2019 lavato,
2562 1951 2748 2024 capite
2774 1953 3009 2009 sudario
3059 1954 3438 2024 circumdato,
3491 1958 3689 2012 oblatis

2043 2056 2210 2110 super
2247 2043 2498 2095 sanctum
2544 2044 2729 2112 pectus
2772 2045 2982 2113 positis,
3035 2043 3688 2102 vestimentlsacerdm

2043 2127 2184 2183 talia
2214 2128 2477 2198 indutus,
2512 2129 2570 2185 in
2604 2130 2833 2185 obviam
2873 2132 3087 2186 Christi
3121 2133 3531 2190 calceamentis
3564 2135 3688 2192 suis

2043 2218 2400 2289 praeparatis,
2435 2219 2494 2273 in
2545 2219 2792 2274 sindone
2839 2224 3033 2275 cerata
3097 2225 3369 2291 curatus;
3426 2223 3686 2279 animam

2041 2304 2264 2361 habens
2314 2323 2448 2361 cum
2477 2307 2708 2363 Christo
2749 2309 3120 2379 gaudentem,
3173 2327 3384 2382 corpus
3423 2311 3686 2367 incorru-

2041 2393 2260 2465 ptibile,
2294 2395 2663 2465 requiescens
2692 2400 2748 2450 et
2777 2399 2946 2468 quasi
2978 2399 3274 2454 dormiens
3304 2399 3364 2454 in
3413 2400 3683 2472 sepulcro

2038 2481 2267 2555 lapideo
2297 2483 2717 2540 honorabiliter
2737 2486 2794 2540 in
2827 2485 3070 2542 basilica
3098 2488 3684 2559 deposuerunt.»Haec

2039 2573 2301 2644 apposite
2331 2590 2678 2646 anonymus,
2713 2575 2882 2645 cujus
2925 2576 3104 2631 verba
3133 2576 3228 2630 hic
3260 2575 3457 2644 relata,
3499 2577 3683 2633 Vene-

2038 2661 2206 2714 rabili
2227 2663 2389 2716 Bedae
2406 2678 2708 2734 perperam
2724 2663 3418 2736 tribuitAmalarius;quze
3433 2665 3685 2721 maxime

2039 2749 2335 2804 illustrant
2347 2751 2706 2821 superiorem
2729 2751 3228 2806 Isonislocum.Ad
3244 2753 3365 2808 haec
3387 2754 3476 2807 Iso
3500 2768 3681 2825 agens

2038 2839 2110 2892 de
2135 2837 2250 2893 alia
2279 2838 2465 2893 sancti
2496 2839 2759 2893 Othmari
2784 2839 3163 2895 translatione
3193 2846 3326 2912 post
3357 2841 3677 2898 triennium

2039 2927 2210 2994 facta,
2241 2927 2360 2981 hac
2392 2927 2462 2982 de
2491 2927 2699 2982 iisdem
2748 2927 2958 2982 oblatis
3000 2929 3202 2983 scribit
3231 2929 3290 2984 in
3312 2929 3415 2985 lib.
3452 2947 3514 2996 ιι,
3551 2947 3678 3003 cap.

2039 3017 2122 3070 1εα
2160 3015 2295 3071 Illas
2322 3032 2555 3087 quoque
2587 3015 2997 3088 oblatas,quas
3027 3018 3362 3074 narratione
3395 3020 3680 3091 superiori

2038 3105 2095 3158 in
2128 3105 2256 3176 ejus
2284 3104 2512 3160 tumulo
2547 3105 2856 3161 retulimus
2891 3106 3070 3161 fuisse
3102 3111 3382 3179 repertas,
3438 3113 3679 3163 catenus

2034 3193 2401 3265 incorruptae
2451 3197 2627 3264 atque
2674 3195 3029 3250 omnimodis
3086 3195 3297 3251 illaesas
3329 3198 3678 3268 perdurasse

277 3265 446 3350 Quod
479 3299 610 3338 cum
642 3297 830 3354 neque
861 3279 1216 3334 Sirmundus
1245 3279 1390 3350 ipse,
1423 3293 1529 3333 nec
1560 3276 1749 3347 quivis
1771 3274 1924 3330 alius
1955 3265 1997 3332 C
2038 3282 2304 3349 miratur,
2340 3285 2397 3336 et
2427 3283 2713 3352 quasdam
2745 3299 2810 3337 ex
2840 3283 2924 3338 eis
2956 3283 3242 3339 involutas
3283 3265 3444 3340 sacro
3476 3285 3678 3341 itidem

276 3373 447 3429 fateri
503 3371 708 3444 possit,
770 3386 957 3441 neque
1015 3369 1190 3423 etiam
1267 3384 1334 3422 ex
1409 3365 1634 3422 concilii
1696 3364 1923 3420 Toleta-

274 3463 337 3518 ni
363 3462 556 3517 verbis
606 3460 931 3527 conﬁcitur,
983 3458 1395 3514 fermentatum
1449 3472 1660 3528 panem
1707 3455 1764 3508 in
1811 3471 1922 3509 usu

268 3558 404 3607 tum
435 3550 744 3617 fuisse,sed
772 3549 965 3621 potius
995 3546 1584 3619 azymumﬂactenns
1613 3544 1683 3598 de
1705 3559 1925 3599 canone

265 3640 575 3696 Toletano.

346 3729 648 3786 Postremo
681 3726 849 3801 panis
877 3725 1161 3782 sacriﬁcio
1195 3725 1529 3796 deputatus,
1571 3739 1745 3794 quem
1776 3722 1922 3777 inte-

267 3835 449 3892 grum
482 3835 608 3874 esse
640 3815 1027 3890 oportebat,in
1052 3815 1288 3870 modum
1312 3830 1533 3869 coronae
1563 3811 1925 3884 compositus

265 3912 428 3976 erat;
460 3924 577 3962 non
613 3907 880 3978 decerpto
915 3904 1100 3959 frusto
1156 3919 1258 3975 per
1304 3903 1546 3957 modum
1579 3900 1828 3971 corollae,
1861 3905 1925 3954 ut

266 3998 433 4070 apud
466 3997 694 4053 Graecos
721 4013 734 4063 ;
760 3995 859 4050 sed
881 3993 1033 4050 facta
1053 3993 1280 4064 integra
1301 3990 1649 4061 oblata,quze
1674 3989 1926 4044 rotunda

266 4091 421 4143 erat.
453 4087 587 4151 Quae
617 4081 1058 4139 circumstantia
1087 4081 1136 4136 si
1167 4097 1300 4135 cum
1331 4078 1620 4150 praedictis
1650 4078 1926 4132 omnibus

268 4175 456 4231 simul
470 4170 1174 4246 compareturoblatarum
1190 4173 1520 4224 nostrarum
1538 4169 1924 4222 recentiorum

266 4267 528 4320 formam
563 4279 710 4335 pene
740 4262 813 4317 ob
844 4259 1042 4317 oculos
1073 4261 1469 4330 repraesentat.
1513 4256 1680 4327 Atqui
1711 4259 1925 4328 Grego-

266 4353 406 4410 rius
439 4353 686 4425 Magnus
717 4350 1007 4422 loquendo
1041 4349 1110 4404 de
1140 4364 1288 4420 pane
1309 4345 1645 4410 sacrificii,«
1679 4343 1926 4400 oblatio-

267 4459 424 4498 num
457 4444 906 4497 coronas»vocat
927 4440 985 4493 in
1005 4438 1152 4493 libro
1196 4454 1252 4491 ιχ
1276 4435 1651 4508 Dialogorum
1673 4451 1799 4506 cap.
1831 4434 1921 4488 55.

263 4532 347 4588 Et
380 4533 468 4586 Iso
499 4530 697 4586 Sancti
720 4527 1008 4584 Gallensis
1033 4525 1356 4582 monachus
1377 4524 1435 4578 in
1457 4523 1559 4578 lib.
1581 4540 1618 4588 Ι,
1649 4524 1723 4578 De
1753 4523 1927 4578 mira-

265 4619 429 4677 culis
460 4621 645 4676 sancti
678 4618 941 4674 Othmari
993 4633 1120 4688 cap.
1171 4616 1225 4682 3,
1279 4630 1457 4687 agens
1508 4613 1578 4667 de
1607 4611 1926 4668 elevations
1955 4639 2002 4702 Β

265 4710 539 4782 corporis
569 4709 835 4780 ejusdem
879 4705 1088 4773 sancti,
1137 4721 1262 4775 quae
1295 4718 1448 4758 anno
1493 4703 1597 4760 8111i
1645 4703 1797 4757 facta
1839 4707 1928 4757 est

265 4803 414 4872 post
443 4815 628 4854 annos
650 4802 886 4853 centum
909 4800 964 4851 et
981 4795 1242 4866 quinque
1264 4792 1336 4846 ab
1368 4792 1495 4862 ejus
1527 4790 1687 4846 obitu
1716 4807 1728 4846 :
1763 4791 1928 4846 «Sub

265 4889 489 4960 capite,
523 4887 737 4959 inquit,
766 4890 823 4941 et
852 4885 1004 4941 circa
1034 4887 1235 4955 pectus
1264 4881 1370 4936 viri
1403 4879 1504 4936 Dei
1527 4881 1791 4952 quaedam
1825 4896 1923 4951 pa-

269 4979 372 5033 nis
399 4976 605 5032 rotulze
631 4993 758 5048 quae
808 4973 979 5046 vulgo
1027 4971 1231 5027 oblata:
1282 4969 1579 5038 dicuntur,
1627 4971 1709 5024 ita
1737 4967 1928 5024 illaesa:

269 5072 458 5138 atque
490 5067 562 5121 ab
592 5065 751 5122 omni
785 5063 1154 5135 corruptione
1185 5065 1472 5115 extraneae
1495 5059 1565 5112 ab
1599 5059 1798 5112 eodem
1817 5057 1928 5129 epi-

265 5173 457 5228 scopo
471 5155 920 5212 inveniebantur
934 5151 1066 5208 utin
1083 5149 1240 5206 nulla
1254 5149 1490 5204 omnino
1505 5152 1667 5220 parte
1680 5146 1927 5202 colorem

261 5245 366 5301 vel
389 5245 645 5318 speciem
674 5243 765 5299 sui
787 5237 1560 5310 amittentes,aspicientium
1584 5235 1870 5291 oculisinf
1871 5253 1931 5291 ra

264 5335 542 5408 spatium
573 5333 760 5406 ipsius
792 5329 1168 5388 hebdomadis
1195 5329 1532 5382 viderentur
1560 5342 1687 5381 esse
1705 5325 1928 5381 confec-

260 5428 374 5480 tae.
407 5425 532 5488 Quo
562 5439 694 5479 vero
726 5420 951 5489 ordine,
984 5434 1168 5490 quove
1198 5420 1458 5488 tempore
1489 5432 1554 5471 eo
1584 5415 1695 5470 loci
1733 5429 1928 5487 perve-

259 5513 497 5581 nerint,
531 5512 700 5568 nobis
728 5510 966 5583 quidem
996 5505 1503 5576 incognitum,Deo
1526 5508 1722 5561 autem
1748 5504 1934 5559 mani-

258 5603 520 5660 festum.
553 5601 672 5657 Hoc
700 5604 898 5656 tamen
930 5611 1134 5653 omnes
1163 5611 1265 5667 pro
1310 5597 1465 5648 certo
1505 5593 1726 5649 scimus
1774 5593 1930 5664 quod

263 5708 390 5783 per
417 5691 663 5774 triginta
687 5689 947 5774 quinque
977 5701 1161 5749 annos
1201 5681 1403 5745 nullus
1434 5681 1773 5748 mortalium
1802 5683 1931 5758 ejus

2035 3369 2260 3442 corpori
2290 3371 2672 3442 superposuit
2698 3389 2710 3439 ;
2742 3371 2885 3426 alias
2914 3388 3048 3427 vero
3096 3372 3303 3444 pyxide
3333 3373 3674 3442 recondens,

2035 3459 2471 3531 superventuris
2502 3460 2868 3531 temporibus
2881 3478 2982 3532 pro
3010 3461 3340 3516 sanctitatis
3373 3463 3498 3531 ejus
3519 3462 3678 3521 testi-

2034 3549 2229 3604 monio
2259 3549 2587 3604 conservari
2618 3551 2910 3621 przecepit.
2949 3573 2976 3598 »
3000 3552 3078 3605 Ex
3105 3550 3198 3606 his
3229 3552 3459 3606 duobus
3490 3551 3676 3607 Isonis

2033 3637 2194 3704 locis,
2228 3643 2292 3693 ut
2318 3655 2386 3693 ex
2416 3638 2691 3710 Gregorio
2739 3643 2943 3710 Magno
2991 3643 3047 3694 et
3097 3656 3165 3695 ex
3216 3657 3434 3694 canone
3461 3643 3495 3693 6
3528 3657 3677 3711 saepe

2033 3727 2169 3781 dicti
2199 3727 2427 3782 concilii
2449 3726 2710 3782 Toletani
2746 3728 3356 3799 intelligimus,tenues
3378 3744 3442 3781 ac
3475 3732 3675 3781 rotun-

2034 3816 2138 3870 das
2169 3839 2195 3866 «
2219 3816 2572 3870 rotularum»
2592 3816 2651 3868 in
2667 3831 2888 3870 morem
2904 3816 3082 3870 fuisse
3095 3815 3321 3870 oblatas
3339 3818 3471 3870 ante
3492 3831 3677 3871 annos

2036 3904 2216 3970 mille,
2251 3905 2391 3960 adeo
2426 3908 2488 3958 ut
2518 3905 2712 3958 forsan
2748 3920 2860 3958 non
2897 3903 3038 3959 satis
3070 3904 3434 3958 considerate
3454 3903 3678 3959 ordinis

2034 3993 2278 4047 Romani
2301 3991 2591 4062 expositor
2602 4008 2668 4046 ve
2681 3996 2770 4047 tus
2785 3993 2939 4064 apud
2955 3993 3347 4048 Cassandrum
3366 3992 3498 4064 plus
3512 4009 3678 4065 aequo

2037 4080 2411 4136 invebaturin
2439 4081 2684 4136 formam
2707 4080 3034 4137 oblatarum
3060 4082 3679 4154 tenuissimarumqua:

2035 4187 2140 4225 suo
2157 4174 2412 4241 tempore
2426 4171 2495 4224 ad
2510 4169 2827 4241 imaginem
2843 4187 3220 4226 nummorum
3236 4172 3478 4226 redacta:
3491 4174 3679 4242 erant,

2035 4276 2182 4330 quas
2212 4274 2314 4330 per
2343 4262 2743 4329 contemptum
2779 4280 2807 4308 «
2829 4259 3110 4314 minutias
3144 4259 3678 4314 nummulariorum
3717 4317 3720 4320 ,

2036 4345 2682 4418 oblatarumnappellat,
2699 4371 2726 4396 «
2753 4347 3026 4420 indignas
3047 4348 3216 4419 panis
3241 4346 3518 4402 vocabulo
3535 4368 3562 4394 »
3578 4363 3680 4417 pro

2035 4453 2144 4491 sua
2167 4436 2470 4505 tenuitate,
2512 4439 2570 4490 et
2624 4453 2658 4490 a
2707 4436 2898 4507 prisca
2944 4437 3208 4492 Ecclesiae
3257 4434 3679 4491 consuetudine

2036 4525 2285 4580 maxime
2335 4524 2616 4580 diversas.
2640 4525 2996 4586 Crediderim
3049 4530 3199 4580 certe
3243 4524 3464 4595 priscas
3513 4522 3678 4578 obla-

2035 4614 2223 4669 tiones
2256 4630 2369 4668 non
2403 4618 2520 4668 tam
2555 4613 2736 4668 fuisse
2767 4618 2972 4668 tenues
3007 4630 3184 4684 quam
3216 4617 3446 4666 nostras
3481 4627 3676 4666 recen-

2039 4703 2234 4770 tiores,
2269 4703 2367 4757 sed
2401 4701 2570 4773 paulo
2604 4703 2917 4757 crassiores
2941 4702 3127 4756 instar
3156 4699 3679 4772 nebularum,quas

2040 4791 2344 4848 Udalricus
2382 4791 2463 4844 ait
2510 4791 2580 4844 ad
2631 4807 2802 4845 usum
2858 4807 3229 4846 communem
3282 4789 3404 4845 fieri
3436 4789 3676 4858 solitas;

2038 4881 2270 4936 tametsi
2297 4895 2458 4950 aequo
2471 4895 2535 4932 ac
2555 4879 2928 4934 nostraeintra
2945 4880 3160 4934 ferrum
3183 4879 3680 4935 characteractum

2040 4969 2461 5040 coquebantur,
2496 4970 2559 5021 ut
2589 4966 2646 5020 in
2681 4968 3023 5038 praemonitu
3047 4969 3116 5024 ad
3142 4968 3490 5040 opusculum
3513 4968 3678 5023 Elde-

2039 5058 2414 5130 fonsi_fusius
2443 5055 3062 5128 explicabo.Quidquid
3095 5059 3171 5114 sit
3195 5075 3295 5126 ;ex
3315 5058 3387 5112 iis
3415 5075 3539 5129 qua
3562 5061 3682 5110 toto

2040 5146 2150 5202 hoc
2181 5147 2370 5217 capite
2402 5144 2712 5216 disputavi,
2763 5163 2878 5200 non
2927 5148 3172 5202 obscure
3221 5147 3292 5217 (si
3343 5163 3457 5200 non
3495 5143 3681 5215 fallor)

2041 5235 2370 5301 conﬁcitur,
2406 5237 2537 5288 ante
2570 5250 2753 5289 annos
2802 5235 2960 5290 mille
3009 5252 3275 5306 azymum
3320 5235 3379 5287 in
3429 5231 3686 5288 Ecclesia

2043 5323 2248 5378 Latina
2278 5322 2585 5388 usitatum,
2617 5339 2862 5394 eamque
2893 5325 3334 5394 persuasionem
3367 5321 3548 5377 fuisse
3579 5321 3683 5377 Pa-

2040 5417 2196 5468 trum
2225 5411 2971 5483 Toletanorum,nunquam
3003 5417 3363 5482 etnusquam
3395 5411 3548 5483 apud
3575 5415 3684 5467 La-

2040 5502 2197 5557 tinos
2231 5500 2587 5555 contrarium
2620 5518 2792 5557 usum
2823 5501 3132 5557 exstitisse.

2111 5594 2206 5659 At,
2256 5589 2474 5660 inquis,
2534 5589 2656 5645 haec
2701 5591 3047 5662 conjecturae
3095 5594 3250 5646 sunt.
3297 5589 3452 5663 Nego
3491 5605 3684 5646 meras

2042 5695 2170 5742 esse
2200 5678 2582 5754 conjecturas.
2614 5678 2761 5739 Nam
2793 5696 2920 5740 meo
2945 5679 3180 5756 quidem
3215 5679 3440 5754 judicio
3478 5678 3684 5760 synodi
