4138 6186
347 321 505 391 1265

1317 327 1776 396 MABlLLONlI
1821 326 2294 404 DISQUISlTIO
2337 332 2441 396 DE
2484 334 2780 400 AZYMO.

3593 324 3751 394 4:268

348 461 554 521 hostiis
583 460 829 520 formari
875 461 978 522 tali
1027 463 1198 522 modo
1254 470 1320 522 ut
1371 466 1560 538 major
1600 467 1678 523 sit
1718 465 1930 522 media.
1965 487 1994 515 »
2025 466 2079 532 Α
2108 469 2208 523 sed
2242 468 2834 542 pleric‘quealtomana
2848 467 3108 528 Ecclesia
3128 467 3367 544 profecti
3390 469 3573 538 erant,
3599 483 3748 541 quos

345 557 566 609 Auctor
592 551 704 609 iste
731 553 838 610 etsi
870 554 929 609 in
979 570 1041 610 re
1090 571 1205 611 non
1239 556 1569 612 necessaria
1617 555 1997 611 revelationes

347 642 644 712 adhibeat,
679 647 877 700 tamen
917 644 1047 716 ejus
1094 645 1377 717 temporis
1425 649 1514 700 est
1561 646 1717 717 quod
1769 645 2000 717 prafert

344 731 753 804 inscriptio,ut
784 737 982 805 postea
1008 733 1197 790 dicam
1220 733 1278 790 in
1301 734 1740 806 praemonitione
1771 735 1843 790 ad
1873 734 1995 789 edi-

342 820 566 878 tionem
615 821 744 892 ejus
791 823 1078 895 opusculi,
1111 824 1264 896 quod
1297 823 1430 879 huic
1479 823 1677 880 libello
1708 823 1997 895 subjicere

343 910 539 966 visum
571 915 678 967 est.
712 911 857 967 Tota
885 928 1019 968 vero
1050 914 1178 984 ejus
1210 912 1481 969 revelatio
1505 929 1570 968 eo
1602 917 1844 985 spectat,
1879 929 1994 967 non

344 1003 411 1056 ut
441 1016 713 1073 azymum
745 1016 954 1072 panem
985 1018 1113 1058 esse
1159 1006 1446 1075 oportere,
1479 1007 1579 1057 aut
1616 1003 1988 1074 coquendum

342 1105 472 1145 esse
503 1088 660 1145 intra
688 1090 908 1145 ferrum
938 1091 1199 1157 deﬁniat,
1235 1092 1335 1147 sed
1396 1095 1461 1146 ut
1498 1092 1750 1163 pondus,
1784 1091 1994 1148 inscri-

342 1177 575 1251 ptiones
606 1182 663 1234 et
705 1195 1018 1236 numerum
1073 1179 1422 1246 hostiarum,
1457 1197 1582 1252 quae
1626 1181 1685 1236 in
1735 1180 1996 1252 qualibet

344 1267 658 1324 festivitate
697 1268 1001 1323 offerenda:
1020 1273 1205 1338 erant,
1240 1269 1446 1342 majori
1485 1286 1617 1325 cum
1651 1271 1995 1326 auctoritate

343 1356 661 1429 praecipiat.
686 1357 823 1413 Erat
868 1357 1068 1429 igitur,
1105 1363 1168 1414 ut
1207 1375 1275 1414 ex
1321 1358 1430 1413 hoc
1475 1364 1709 1415 auctore
1757 1360 1996 1414 manife-

345 1450 502 1500 stum
516 1446 784 1517 est,apud
800 1446 1088 1518 Hispanos
1101 1447 1353 1503 usitatus
1366 1448 1534 1518 panis
1551 1448 1996 1504 infcrmentatus

342 1533 552 1590 seculo
573 1551 749 1600 nono,
773 1535 942 1608 isque
984 1535 1138 1592 intra
1174 1536 1393 1592 ferrum
1430 1537 1806 1609 coquebatur.
1853 1537 1993 1592 Hinc

341 1623 516 1678 etiam
531 1627 690 1695 patet
729 1623 1432 1696 Alcuinuminpraecitata
1465 1625 1710 1698 epistola
1730 1625 1889 1696 loqui
1922 1626 1992 1682 de

340 1727 488 1784 pane
517 1729 740 1784 azymo,
767 1730 800 1768 a
830 1730 944 1786 quo
975 1713 1157 1770 salem
1190 1731 1484 1770 removere
1521 1716 1710 1785 jubet,
1739 1730 1992 1787 eumque

340 1803 468 1856 tum
503 1801 684 1857 fuisse
708 1818 929 1858 morem
954 1803 1227 1858 Romanae
1251 1807 1307 1858 et
1332 1802 1678 1859 universalis
1698 1802 1986 1860 Ecclesiae.

411 1889 478 1944 Et
498 1893 651 1944 certe
674 1889 1030 1960 Mozarabes,
1045 1890 1102 1946 id
1121 1895 1210 1947 est
1228 1891 1467 1963 Hispani
1495 1895 1549 1947 et
1569 1891 1826 1947 Africani
1848 1897 1989 1946 Ara-

339 1977 514 2033 bibus
545 1977 812 2049 permisti
846 1978 1023 2050 (quod
1070 1978 1244 2035 etiam
1298 1979 1609 2036 dicendum
1669 1981 1738 2035 de
1785 1979 1990 2036 Gothis

339 2066 771 2139 antiquioribus
789 2067 848 2122 in
872 2067 1151 2140 Hispania
1168 2068 1558 2140 degentibus),
1582 2070 1815 2124 tametsi
1840 2069 1990 2125 ritus

335 2155 662 2228 peculiares
688 2156 1001 2224 habebant,
1037 2156 1425 2214 nihilominus
1477 2181 1503 2207 ‹‹
1553 2157 1990 2214 constituebant

336 2251 773 2301 sacramentum
788 2245 990 2302 altaris
1001 2246 1070 2301 de
1083 2263 1234 2318 pane
1259 2263 1656 2319 azymo,quem
1666 2248 1918 2303 admodu
1931 2264 1987 2302 m

336 2334 438 2389 alii
475 2333 687 2402 Latini,
715 2357 742 2382 »
766 2339 830 2389 ut
850 2333 1101 2390 Jacobus
1126 2353 1159 2391 a
1196 2335 1451 2391 Vitriaco
1475 2337 1653 2391 tradit
1703 2337 1759 2391 in
1801 2335 1987 2391 Histo-

335 2423 434 2478 ria:
449 2422 839 2479 Occidentalis
870 2441 996 2494 cap.
1019 2425 1108 2493 81,
1138 2425 1235 2479 ubi
1268 2425 1423 2480 hunc
1455 2424 1632 2480 ritum
1659 2425 1986 2497 apudipsos

335 2517 580 2568 eatenus
595 2529 998 2585 perseverasse
1015 2513 1172 2569 dicit.
1194 2513 1300 2579 Qui
1314 2519 1514 2570 auctor
1530 2515 1760 2570 tametsi
1776 2514 1986 2570 saeculo

335 2601 976 2670 duntaxatxmvixerit,
1000 2603 1336 2674 ejustamen
1366 2603 1684 2658 auctoritas
1705 2603 1811 2658 hac
1837 2604 1893 2658 in
1928 2620 1988 2660 re

340 2691 672 2763 spernenda
704 2708 819 2746 non
853 2691 1221 2757 est,maxime
1251 2709 1384 2747 cum
1409 2692 1699 2748 Eldefonsi
1731 2693 1987 2748 testimo-

333 2779 435 2836 nio
453 2779 700 2852 aliisque
719 2779 1011 2835 fulciatur.
1036 2780 1182 2834 Cum
1207 2780 1361 2834 enim
1381 2781 1716 2836 Mozarabes
1741 2781 1984 2852 Hispani

332 2869 549 2924 ritibus
571 2868 695 2924 suis
718 2870 797 2924 ita
815 2885 1046 2940 semper
1066 2869 1245 2924 additi
1271 2870 1485 2925 fuerint
1522 2876 1586 2924 ut
1616 2887 1748 2924 cum
1773 2869 1984 2926 saeculo

330 2962 628 3031 x1,agente
661 2975 763 3030 per
810 2959 1031 3032 legatos
1079 2958 1352 3031 Gregorio
1406 2975 1554 3031 papa
1603 2960 1726 3027 VII,
1761 2960 1986 3014 favente

330 3047 650 3103 Aldefonso
673 3047 1093 3120 rege,ofﬁcium
1118 3064 1291 3102 suum
1319 3047 1779 3103 ecclesiasticum
1805 3046 1983 3103 Galli-

332 3152 485 3191 cano
506 3139 828 3192 Romanove
867 3139 1097 3191 mutare
1137 3135 1650 3208 compellerentur,
1691 3154 1804 3191 non
1838 3154 1984 3192 con-

2108 557 2330 614 scilicet
2377 558 2722 616 Profuturus
2770 559 3142 617 Bracarensis
3206 559 3452 618 antistes
3482 558 3746 616 Ecclesiae

2107 663 2225 703 suae
2257 649 2708 721 praescripserat,
2739 653 2986 706 testante
3025 649 3268 706 concilio
3315 649 3504 722 primo
3537 649 3751 703 Braca-

2105 737 2282 803 rensi,
2304 738 2459 808 quod
2481 755 2635 794 anno
2667 739 2774 795 563
2813 739 3169 796 celebratum
3213 743 3322 806 est,
3355 739 3414 793 in
3435 752 3655 793 canone
3682 738 3746 791 4:

2107 847 2133 875 ‹‹
2167 827 2309 881 Item
2335 826 2552 898 placuit
2592 832 2654 882 ut
2683 829 2884 884 eodem
2926 829 3128 884 ordine
3159 828 3351 885 missae
3383 826 3751 882 celebrentur

2106 915 2176 971 ab
2235 916 2531 984 omnibus,
2585 934 2759 988 quem
2818 919 3186 986 Profuturus,
3223 918 3517 989 quondam
3569 915 3748 986 hujus

2105 1004 2563 1076 metropolitanae
2585 1005 2855 1062 Ecclesiae
2877 1007 3289 1081 episcOpus,ab
3316 1007 3446 1078 ipsa
3467 1004 3748 1077 apostoli-

2104 1109 2181 1148 0&3
2204 1093 2360 1149 sedis
2384 1095 2726 1151 auctoritate
2757 1096 3016 1168 suscepit
3061 1097 3368 1168 scriptum.
3405 1117 3432 1144 »
3465 1098 3595 1149 Haec
3626 1093 3750 1148 obi-

2103 1185 2192 1236 ter
2222 1183 2292 1238 de
2314 1183 2427 1239 ritu
2450 1185 3002 1257 Mozarabum,quos
3029 1202 3229 1258 azymo
3248 1200 3396 1257 pane
3417 1187 3549 1240 ante
3571 1198 3748 1239 saecu-

2103 1269 2224 1326 lum
2262 1289 2482 1327 nonum
2516 1290 2654 1329 usos
2687 1274 2866 1331 fuisse
2898 1275 3184 1331 hactenus
3209 1273 3458 1331 ostendi.

2179 1361 2335 1416 Idem
2369 1363 2546 1417 etiam
2578 1363 2649 1418 de
2694 1363 2993 1419 Britannia
3043 1362 3236 1419 insula
3283 1366 3459 1434 patet,
3505 1365 3630 1415 tum
3675 1376 3744 1415 ex

2102 1449 2333 1505 Alcuini
2358 1451 2601 1523 epistola
2615 1453 2742 1523 jam
2765 1451 3072 1524 relata,qui
3096 1452 3251 1507 hunc
3273 1467 3494 1506 morem
3517 1449 3746 1504 univer-

2102 1539 2242 1594 salis
2273 1539 2539 1596 Ecolesize
2589 1558 2694 1597 suo
2741 1546 3002 1613 tempore
3033 1541 3214 1597 fuisse
3243 1540 3404 1606 dicit,
3427 1543 3556 1593 tum
3585 1553 3653 1592 ex
3681 1534 3746 1590 li-

2101 1627 2250 1684 bello
2282 1630 2352 1684 de
2373 1629 2668 1685 Miraculis
2692 1630 2877 1685 sancti
2897 1628 3484 1702 Wandregesili,cap.
3515 1625 3744 1692 ultimo,

2103 1734 2374 1788 superius
2393 1719 2519 1788 jam
2543 1718 2924 1787 delibato,ubi
2948 1719 3143 1790 agitur
3165 1719 3234 1775 de
3256 1718 3511 1789 quadam
3527 1715 3746 1770 femina

2101 1808 2516 1872 transmarina,
2541 1806 2597 1861 id
2621 1811 2708 1862 est
2728 1806 3074 1878 Anglicana,
3100 1824 3224 1879 qua:
3247 1823 3281 1860 a
3319 1810 3518 1860 sancto
3551 1807 3741 1858 Wan-

2101 1895 2385 1968 dregesilo
2404 1900 2626 1963 sanata,
2653 1912 2786 1950 cum
2813 1896 2872 1950 in
2909 1894 3107 1967 vigilia
3145 1893 3472 1950 Nativitatis
3512 1889 3740 1947 Domini

2101 1983 2328 2040 sodales
2349 2001 2485 2040 suas
2509 1983 2988 2040 sanctimoniales
3019 1983 3267 2040 feminas
3291 1981 3587 2054 rogitaret,
3617 2002 3644 2029 «
3679 1982 3744 2034 ut

2100 2071 2324 2128 oblatas
2357 2090 2505 2144 quas
2536 2072 2806 2128 oblatura
2853 2073 3102 2128 Domino
3151 2073 3210 2127 in
3261 2070 3584 2126 crastinum
3619 2070 3745 2123 erat

2099 2161 2702 2234 formarent,ignique,
2723 2161 2814 2215 cui
2840 2161 3308 2232 appropinquare
3331 2175 3444 2214 non
3469 2157 3739 2222 audebat,

2097 2248 2508 2320 decoquerent,
2543 2253 2600 2304 et
2651 2248 2894 2304 minime
2953 2247 3319 2319 impetraret;
3367 2245 3613 2302 accessit
3669 2242 3739 2299 ad

2095 2337 2316 2409 ignem,
2349 2338 2615 2409 ferroque
2647 2353 2760 2408 quo
2794 2336 3196 2408 imprimenda:
3245 2351 3309 2390 ac
3350 2334 3742 2405 decoquendae

2096 2431 2261 2481 erant
2283 2426 2492 2482 oblatae
2510 2430 2760 2498 arrepto,
2788 2442 2922 2481 mox
2953 2425 3109 2480 nervi
3133 2425 3260 2495 ejus
3284 2439 3498 2478 manus
3529 2423 3741 2476 dextras

2096 2515 2374 2571 contracti
2391 2520 2618 2584 sunt;ac
2631 2514 2981 2570 oblatorium
2995 2514 3150 2585 quod
3165 2515 3369 2585 sponte
3381 2513 3738 2583 susceperat,

2094 2603 2274 2660 invita
2302 2605 2354 2658 vi
2387 2609 2591 2676 agente
2621 2603 2834 2667 divina,
2871 2603 3127 2658 retinuit.
3167 2625 3192 2650 »
3225 2602 3284 2656 Id
3318 2600 3562 2672 contigit
3587 2616 3740 2655 anno

2097 2695 2221 2748 891.
2249 2693 2328 2748 Ex
2358 2693 2452 2747 his
2483 2697 2642 2764 patet
2689 2691 2914 2747 oblatas
2956 2697 3077 2746 tum
3113 2695 3305 2746 coctas
3354 2689 3536 2745 fuisse
3587 2688 3741 2742 intra

2097 2781 2446 2836 oblatorium
2495 2797 2598 2836 seu
2650 2781 3068 2835 ferramentum
3117 2779 3581 2834 characteratum
3631 2776 3738 2847 (sic

2095 2870 2236 2925 illud
2270 2873 2433 2925 vocat
2462 2868 2768 2924 Udalricus
2789 2869 2848 2923 in
2869 2868 3065 2934 lib.1u,
3096 2885 3221 2939 cap.
3257 2868 3369 2939 43),
3401 2883 3467 2922 ac
3497 2864 3738 2938 proinde

2096 2957 2364 3016 fermenti
2395 2962 2657 3030 expertes
2689 2957 2890 3013 fuisse.
2922 2958 3120 3028 Neque
3148 2957 3305 3013 enim
3341 2972 3600 3028 unquam
3633 2954 3740 3010 fer-

2095 3053 2358 3104 mentum
2391 3046 2703 3104 adhibctur
2728 3047 2787 3100 in
2834 3045 3087 3118 panibus
3125 3045 3242 3101 illis
3291 3045 3392 3117 qui
3423 3045 3531 3099 hoc
3563 3043 3737 3099 modo

2095 3138 2440 3193 formantur.
2475 3136 2545 3190 Et
2575 3134 2810 3205 quidem
2842 3135 2935 3189 hic
2983 3151 3110 3190 mos
3155 3133 3408 3189 usitatus
3456 3138 3584 3188 tum
3614 3135 3738 3187 erat

331 3224 648 3293 senserint,
705 3225 819 3281 nisi
878 3242 971 3281 res
1029 3224 1220 3281 duello
1279 3225 1674 3292 dirimeretur,
1731 3230 1981 3280 testante
2013 3210 2055 3276 C
2095 3242 2209 3280 non
2238 3224 2429 3279 solum
2461 3223 2519 3277 in
2552 3221 2758 3288 Gallia,
2793 3223 2891 3276 ubi
2947 3222 3001 3277 id
3034 3222 3252 3277 factum
3284 3225 3392 3287 est,
3425 3221 3526 3276 sed
3557 3219 3734 3274 etiam

328 3313 619 3369 Ruderico
649 3313 1194 3383 Toletano,credere
1224 3331 1328 3386 par
1343 3319 1432 3370 est
1454 3330 1788 3386 azymorum
1823 3315 1980 3369 hunc

327 3418 509 3458 usum
533 3402 604 3456 ab
627 3403 964 3460 auctoribus
980 3402 1201 3458 rituum
1228 3403 1728 3458 Mozarabicorum
1748 3403 1982 3458 descen-

327 3490 906 3564 disse,eumdemque
921 3492 1074 3564 apud
1097 3491 1313 3547 Gothos
1336 3492 1592 3564 viguisse
1611 3496 1744 3546 ante
1767 3492 1978 3546 adven-

323 3582 458 3634 tum
490 3581 747 3634 Arabum
779 3597 882 3636 seu
931 3581 1267 3636 Maurorum
1316 3581 1374 3635 in
1409 3580 1750 3652 Hispaniam
1780 3599 1791 3648 ;
1826 3581 1981 3635 unde

326 3672 391 3724 et
421 3667 728 3724 Gothicum
761 3668 1016 3724 officium
1050 3670 1270 3724 dictum
1295 3673 1401 3724 est.

411 3757 628 3812 Horum
660 3761 957 3813 auctorem
988 3757 1210 3813 rituum
1261 3757 1547 3813 Isidorum
1580 3756 1981 3829 Hispalenscm

330 3846 678 3919 episcopum
705 3848 1020 3920 praeferunt
1067 3846 1207 3902 editi
1256 3846 1411 3914 libri,
1447 3851 1834 3918 asseruntque
1867 3847 1984 3902 fere

329 3934 635 4007 Hispanici
659 3935 972 4008 scriptores
996 3935 1366 4001 recentiores,
1383 3936 1598 4006 quibus
1631 3935 1986 4007 suffragatur

331 4023 738 4080 Guitmundus
761 4024 817 4079 in
853 4024 952 4079 lib.
987 4041 1051 4078 In
1074 4025 1354 4080 adversus
1386 4023 1823 4096 Berengarium.
1862 4047 1888 4071 »
1923 4025 1982 4078 In

330 4113 590 4185 quodam
614 4112 835 4168 Missali
859 4113 1136 4185 Hispano,
1166 4112 1379 4184 inquit,
1414 4112 1570 4182 quod
1614 4113 1820 4166 dicunt
1852 4129 1984 4167 san-

333 4206 498 4258 ctum
520 4202 772 4257 dictasse
805 4203 1115 4270 Isidorum,
1149 4205 1328 4269 etc.,»
1362 4205 1418 4255 et
1466 4200 1634 4272 longe
1667 4205 1799 4255 ante
1827 4201 1986 4255 Guit~

334 4291 630 4346 mundum
648 4291 975 4363 Elipandus
993 4291 1310 4346 Toletanus
1330 4290 1637 4361 episcopus
1661 4289 1716 4343 in
1740 4289 1988 4361 epistola

336 4380 414 4436 ad
444 4379 725 4435 Albinum
758 4397 859 4436 seu
904 4380 1238 4445 Alcuinum,
1291 4379 1608 4450 quamdam
1641 4379 1987 4448 orationem,

335 4469 400 4522 in
433 4467 630 4540 vigilia
652 4468 882 4524 Paschaa
896 4467 1023 4522 cani
1043 4467 1295 4538 solitam,
1321 4467 1489 4522 beato
1511 4467 1736 4522 Isidoro
1758 4467 1986 4522 tribuit.

2090 3315 2149 3369 in
2209 3313 2474 3386 partibus
2528 3311 2944 3367 transmarinis
3001 3327 3104 3365 seu
3164 3309 3526 3382 Anglicanis,
3581 3307 3735 3362 unde

2090 3402 2302 3458 mulier
2320 3401 2438 3456 haec
2457 3417 2656 3456 recens
2680 3401 3010 3456 advenerat.
3045 3403 3123 3455 De
3157 3415 3305 3472 pane
3341 3415 3541 3472 azymo
3571 3397 3736 3453 intel-

2087 3492 2362 3566 ligendus
2379 3490 2605 3545 videtur
2651 3490 2938 3562 Egbertus
2976 3488 3187 3544 saeculo
3223 3505 3276 3543 vn
3308 3506 3323 3542 ι
3355 3486 3735 3543 Eboracensis

2091 3577 3015 3653 episcopus,Alcuinipraeceptor,
3048 3578 3148 3650 qui
3201 3576 3260 3632 in
3321 3576 3737 3648 Exceptionum

2093 3687 2332 3726 suarum
2363 3685 2490 3740 cap.
2533 3669 2602 3722 98
2637 3669 2835 3723 laudat
2881 3669 3202 3739 probatque
3246 3681 3528 3721 canonem
3561 3682 3737 3736 quem

2091 3764 2256 3816 vocat
2287 3763 2625 3813 sanctorum
2658 3757 2713 3811 in
2766 3757 2888 3811 haec
2937 3757 3148 3810 verba:
3183 3778 3210 3804 ‹‹
3265 3754 3609 3809 Sacerdotes
3641 3753 3738 3808 Dei

2093 3848 2402 3920 diligenter
2435 3849 2748 3917 procurent
2802 3847 2864 3898 ut
2911 3843 3082 3913 panis
3139 3844 3199 3896 et
3242 3842 3444 3895 vinum
3478 3845 3536 3895 et
3567 3857 3739 3912 aqua,

2094 3938 2219 3994 sine
2242 3935 2456 4008 quibus
2475 3946 2844 4004 nequaquam
2872 3930 3063 3985 missae
3085 3929 3475 3997 celebrantur,
3511 3945 3659 4000 pura
3687 3932 3745 3984 et

2095 4025 2317 4081 munda
2349 4025 2510 4078 ﬁant.
2550 4045 2569 4068 υ
2609 4019 2714 4075 Ubi
2769 4019 2936 4090 panis
2995 4019 3125 4091 puri
3181 4019 3416 4075 nomine
3472 4035 3741 4090 azymum

2095 4112 2339 4184 intelligi
2392 4115 2553 4183 puto.
2598 4110 2761 4164 Certe
2820 4112 3087 4164 auctores
3137 4124 3429 4164 canonum
3487 4108 3589 4180 qui
3633 4109 3744 4164 sub

2096 4201 2358 4273 Eadgaro
2373 4215 2505 4271 rege
2522 4215 2676 4254 anno
2691 4198 2942 4268 967(quo
2957 4202 3218 4269 tempore
3238 4214 3577 4269 azymorum
3600 4214 3745 4253 usus

2095 4290 2347 4363 vigebat)
2379 4287 2598 4343 conditi
2649 4292 2805 4354 sunt,
2864 4304 2978 4343 non
3026 4286 3138 4342 alio
3194 4286 3474 4342 vocabulo
3531 4302 3742 4357 panem

2099 4396 2367 4453 azymum
2390 4376 2685 4449 explicant
2725 4392 2948 4432 canone
2993 4377 3156 4430 30:«
3209 4375 3498 4430 Docemus
3545 4373 3742 4440 etiam,
3790 4391 3792 4393 ‘

2099 4475 2163 4525 ut
2193 4486 2264 4524 ne
2293 4468 2382 4522 vel
2413 4482 2674 4538 unquam
2709 4467 2986 4522 sacerdos
3016 4466 3158 4520 adeo
3197 4463 3545 4519 temerarius
3575 4461 3653 4517 sit
3683 4467 3747 4518 ut

336 4556 555 4612 Verum
589 4556 744 4612 idem
771 4556 1092 4628 Elipandus
1132 4557 1191 4610 in
1239 4555 1638 4627 superioribus
1675 4556 1987 4612 Toletanos
2022 4581 2067 4644 Ι)
2100 4560 2343 4614 missam
2373 4557 2643 4623 celebret,
2679 4556 2790 4610 nisi
2841 4554 3039 4609 omnia
3090 4553 3302 4644 habeat
3349 4551 3420 4606 ad
3469 4550 3744 4644 Euchari-

337 4647 578 4700 sanctos
609 4644 808 4698 Patres
841 4643 1105 4716 agnoscit
1136 4643 1450 4700 missarum
1492 4644 1986 4700 Mozarabicarum

337 4737 631 4790 auctores.
667 4733 770 4798 Qui
824 4733 946 4789 sint
989 4731 1071 4786 illi
1123 4732 1319 4788 Patres
1379 4732 1665 4800 Toletani,
1697 4733 1988 4806 explicant

335 4820 756 4891 Hispaniarum
789 4820 1067 4893 episcopi,
1103 4824 1203 4876 aut
1242 4820 1387 4876 forte
1419 4820 1739 4893 Elipandus
1772 4821 1897 4892 ipse
1927 4822 1985 4877 in

337 4907 540 4964 libello
564 4924 736 4980 quem
771 4909 1076 4966 confutant
1123 4911 1322 4965 Patres
1370 4909 1599 4965 concilii
1653 4910 1993 4966 Francofur-

339 4997 547 5068 tensis,
581 4998 640 5052 in
674 4997 796 5053 ιιωο
823 5000 1034 5054 verba:
1070 5021 1097 5050 ‹‹
1130 4999 1273 5054 Item
1321 4999 1777 5071 praedecessores
1809 5000 1992 5055 nostri

340 5087 663 5160 Eugenius,
722 5087 1114 5154 Hildefonsus,
1165 5087 1456 5155 Julianus,
1507 5087 1796 5143 Toletanze
1839 5090 1994 5143 sedis

343 5175 662 5244 antistites,
695 5176 753 5230 in
786 5176 910 5232 suis
936 5177 1311 5248 dogmatibus
1335 5177 1414 5232 ita
1445 5177 1787 5231 dixeruntin
1814 5177 1996 5232 missa

343 5265 416 5320 de
446 5264 623 5319 Cwna
653 5264 909 5331 Domini,
949 5289 967 5313 ιι
1007 5270 1116 5320 etc.
1151 5266 1228 5320 Ex
1259 5265 1476 5336 quibus
1509 5264 1857 5336 intelligitur
1880 5283 1993 5320 non

345 5353 666 5422 unum,sed
691 5353 910 5425 plures,
944 5353 1156 5410 horum
1192 5353 1413 5409 rituum
1438 5360 1493 5409 et
1517 5354 1843 5410 officiorum
1867 5372 1999 5411 con-

349 5442 569 5498 ditores
593 5447 672 5498 :et
692 5444 930 5515 quidem
953 5443 1244 5499 Isidorum
1279 5442 1761 5515 ampliﬁcatorem
1795 5443 1996 5500 fuisse.

349 5531 526 5588 Porro
547 5531 597 5587 si
625 5531 996 5590 Bracarensis
1029 5532 1366 5605 metropolis
1387 5534 1620 5589 eosdem
1645 5534 1792 5589 ritus
1814 5551 2003 5590 serva-

350 5623 454 5680 bat
479 5627 660 5696 atque
679 5624 977 5695 Toletana,
1025 5623 1173 5680 ritus
1217 5623 1314 5679 isti
1348 5641 1462 5679 non
1502 5624 1739 5695 quidem
1772 5641 1998 5694 omnes,

2099 4647 2269 4704 stiam
2323 4645 2691 4718 pertinentia,
2741 4643 2958 4698 scilicet
3009 4640 3360 4697 oblationem
3410 4655 3640 4710 puram,
3672 4638 3748 4693 vi-

2096 4753 2238 4792 num
2274 4750 2485 4807 purum
2519 4738 2575 4788 et
2605 4749 2818 4803 aquam
2855 4747 3081 4802 puram.
3125 4751 3153 4778 ››
3183 4733 3313 4784 Haec
3343 4729 3415 4783 de
3442 4725 3671 4799 Anglia.

2170 4824 2450 4880 Eamdem
2476 4821 2848 4876 traditionem
2873 4819 3080 4874 saltem
3121 4834 3226 4889 pro
3256 4817 3572 4874 Germania
3591 4831 3747 4873 com-

2101 4915 2310 4988 probat
2332 4912 2611 4967 Habanus
2628 4908 3010 4980 Moguntinus
3036 4907 3532 4980 archiepiscopus,
3559 4906 3752 4963 Alcui-

2103 5004 2160 5058 ni
2186 4998 2536 5073 discipulus,
2571 4998 2670 5069 qui
2710 4997 2945 5052 biennio
2969 5000 3103 5052 ante
3124 4996 3398 5052 Photium
3433 4997 3747 5062 iutrusum,

2104 5093 2214 5147 hoc
2245 5095 2334 5146 est
2367 5105 2519 5143 anno
2559 5087 2664 5141 8116
2700 5103 2730 5140 e
2755 5085 2898 5140 vivis
2935 5085 3202 5141 excessit.
3238 5086 3291 5140 Is
3320 5085 3477 5140 enim
3507 5085 3566 5138 in
3597 5084 3699 5137 lib.
3733 5101 3749 5137 ι

2106 5181 2186 5235 De
2217 5175 2626 5234 ecclesiasticis
2676 5174 2906 5240 ofﬁciis,
2938 5190 3064 5246 cap.
3099 5176 3188 5241 31,
3238 5173 3494 5229 declarat
3543 5186 3752 5242 panem

2107 5268 2375 5325 sacriﬁcii
2409 5281 2676 5336 azymum
2724 5279 2852 5318 esse
2910 5269 3194 5335 oportere.
3248 5263 3512 5331 Namque
3572 5259 3753 5314 relato

2107 5355 2346 5413 Levitici
2391 5355 2516 5409 loco
2559 5352 2655 5425 qui
2697 5369 2906 5423 panem
2945 5351 3157 5407 veteris
3179 5349 3450 5406 sacriﬁcii
3483 5347 3609 5403 sine
3642 5347 3754 5402 fer-

2109 5450 2304 5500 mento
2335 5459 2462 5499 esse
2495 5441 2775 5514 praecipit,
2808 5445 2864 5496 et
2892 5440 3105 5496 Christi
3146 5438 3432 5511 exemplo,
3465 5440 3563 5510 qui
3597 5439 3752 5509 ejus-

2112 5534 2264 5589 modi
2301 5549 2508 5604 panem
2545 5533 2601 5586 in
2647 5547 2809 5585 coma
2855 5529 3146 5596 adhibuit,
3173 5527 3255 5584 sic
3303 5527 3514 5584 infert:
3545 5549 3572 5577 ‹‹
3606 5527 3756 5598 Ergo

2111 5639 2320 5696 panem
2351 5609 2827 5678 infermentatum
2875 5624 2931 5675 et
2987 5619 3185 5674 vinum
3236 5634 3389 5690 aqua
3418 5617 3662 5673 mistum
3696 5615 3756 5670 in
