4116 6188
398 270 555 350 1267

1434 283 1828 352 APPENDIX
1872 281 1973 350 AD
2017 279 2278 352 OPEltA
2325 279 2760 352 HUMBEB’I‘I.

3641 273 3798 345 1268

404 425 840 482 sacramentum
875 423 1132 498 corporis
1151 430 1206 482 et
1222 425 1525 500 sanguinis
1546 424 1762 482 Christi
1782 425 2039 480 sanctiﬁ-
2069 424 2122 490 Α
2155 423 2215 478 in
2247 425 2422 494 caput
2449 440 2484 480 v
2505 422 2774 494 Epistolas
2796 420 2996 494 primae
3018 417 3092 477 ad
3112 414 3464 488 Corinthios,
3494 431 3630 474 cum
3657 415 3798 473 scri-

405 516 522 572 cari
554 519 796 586 oportet.
828 537 856 565 »
893 517 979 571 Ita
1001 515 1317 570 Rhabanus
1364 516 1423 570 in
1475 515 1640 570 libris
1686 531 1817 570 cum
1850 514 2042 580 editis,

403 608 533 661 tum
558 604 995 675 manuscriptis,
1020 607 1084 658 ut
1119 604 1292 659 ﬁdem
1309 603 1528 659 faciunt
1549 601 1903 674 exemplaria
1925 603 2042 657 duo

403 692 771 748 Bibliotheca:
805 693 958 764 regis
998 692 1508 757 Cbristianissimi,
1558 709 1806 764 quorum
1859 709 2044 747 unum

406 786 496 838 est
516 799 802 838 annorum
837 782 953 836 fere
989 787 1413 847 sexcentarum,
1454 780 1702 836 alterum
1742 781 2044 852 octingen-

403 875 618 929 torum.
649 872 818 926 Porro
851 871 956 925 hoc
989 870 1318 926 testimonio
1350 869 1704 928 luculentius
1727 868 1953 923 nullum
1985 868 2046 923 in

404 965 750 1034 praesentem
791 961 1242 1015 controversiam
1293 960 1479 1015 afferri
1513 963 1721 1031 potest.
1754 959 1877 1014 Duo
1910 961 2049 1012 sunt

402 1051 465 1106 in
497 1051 798 1123 preemisso
829 1050 1183 1117 testimonio,
1210 1050 1355 1103 ratio
1388 1048 1607 1104 scilicet
1628 1052 1683 1103 et
1704 1047 2040 1103 auctoritas.

403 1139 646 1195 Ratione
669 1155 1004 1210 azymorum
1028 1138 1370 1193 necessitate
1391 1138 1635 1208 probare
1647 1137 1872 1191 videtur
1899 1135 2048 1190 Rha—

404 1228 596 1283 banus
627 1247 639 1294 ;
675 1230 803 1298 ejus
833 1245 965 1282 vero
997 1226 1307 1281 auctoritas
1339 1227 1410 1280 de
1457 1227 1573 1280 ritu
1619 1225 1711 1280 sui
1763 1223 2046 1295 temporis

407 1301 813 1372 testimonium
845 1314 1324 1370 reddit.Rbabani
1348 1314 1629 1368 rationem
1663 1312 1806 1367 nihil
1830 1329 2044 1379 moror;

407 1422 526 1460 una
556 1404 700 1458 mihi
721 1402 938 1459 sufﬁcit
957 1403 1274 1458 auctoritas
1306 1419 1374 1456 ex
1403 1418 1519 1473 qua
1540 1401 1837 1456 evidenter
1867 1402 2047 1456 conﬁ-

406 1493 560 1548 citur
583 1492 773 1562 qualis
805 1509 871 1546 eo
922 1496 1182 1563 tempore
1227 1491 1402 1547 fuerit
1450 1491 1617 1562 panis
1665 1491 1954 1560 sacriﬁcii,
1989 1491 2045 1545 id

407 1585 498 1638 est
530 1581 998 1635 infermentatus.

478 1670 676 1740 Neque
699 1668 809 1723 dici
827 1673 1017 1740 potest
1039 1668 1301 1725 Rhabani
1325 1669 1726 1725 testimonium
1748 1668 1937 1725 valere
1965 1686 2052 1725 so-

409 1757 533 1813 lum
559 1775 661 1828 pro
674 1757 1002 1824 Germania,
1037 1757 1095 1812 in
1123 1775 1240 1829 qua
1262 1762 1528 1830 receptus
1553 1762 1676 1813 erat
1697 1775 1762 1813 eo
1792 1761 2052 1830 tempore

410 1863 747 1920 azymorum
771 1863 933 1901 usus.
968 1847 1286 1902 Rhabanus
1307 1847 1598 1918 siquidem
1629 1846 1687 1901 in
1721 1846 2054 1917 praefatione

410 1935 582 1994 istius
599 1935 789 2008 operis
811 1935 1116 2008 pollicetur
1137 1940 1405 1990 acturum
1424 1953 1520 1991 seu
1545 1935 1624 1990 De
1646 1935 1835 1990 ofﬁcio
1860 1933 2052 1990 missa}

410 2026 737 2082 secundum
770 2042 991 2080 morem
1024 2027 1295 2080 Romanae
1318 2024 1604 2080 Ecclesiae.
1641 2047 1667 2072 »
1700 2025 1766 2079 Et
1796 2024 1854 2078 in
1875 2023 1976 2078 lib.
2011 2041 2050 2091 1,

413 2132 540 2188 cap.
572 2117 661 2180 33,
695 2115 892 2170 relatis
951 2115 1226 2170 omnibus
1278 2114 1359 2171 rei
1405 2131 1580 2169 sacrae
1629 2113 1861 2180 ritibus,
1896 2116 2054 2184 post-

413 2221 591 2277 quam
610 2206 681 2259 dc
699 2221 1033 2275 azymorum
1060 2221 1170 2259 usu
1194 2208 1390 2274 egerat
1411 2204 1529 2258 hac
1551 2203 1750 2259 subdit
1775 2221 1787 2258 :
1817 2224 1844 2253 α
1869 2203 2054 2258 Istum

414 2310 550 2365 ergo
573 2293 836 2348 ordinem
863 2293 934 2346 ab
957 2292 1234 2362 apostolis
1256 2296 1312 2346 et
1333 2291 1665 2362 apostolicis
1703 2291 1843 2346 viris
1875 2291 2054 2346 tradi-

412 2385 542 2436 tum
566 2383 828 2435 Romana
845 2384 1002 2434 tenet
1021 2380 1297 2446 Ecclesia,
1323 2385 1379 2435 et
1419 2397 1520 2451 per
1562 2384 1750 2435 totum
1783 2395 1928 2450 pene
1958 2381 2058 2435 0c-

417 2470 708 2526 cidentem
733 2486 936 2528 omnes
951 2470 1219 2524 Ecclesiae
1237 2471 1503 2526 eamdem
1526 2470 1902 2525 traditionem
1934 2487 2054 2525 ser-

411 2563 569 2622 vant.
597 2581 626 2607 »
642 2559 721 2614 Ex
738 2557 953 2629 quibus
971 2558 1349 2614 manifestum
1373 2575 1500 2615 esse
1522 2563 1662 2630 puto
1685 2575 1917 2630 azymos
1940 2575 2056 2614 non

413 2651 644 2708 tantum
675 2647 735 2702 in
765 2645 1092 2713 Germania,
1125 2648 1224 2703 sed
1276 2647 1450 2702 etiam
1482 2669 1510 2696 ‹‹
1561 2647 1623 2702 in
1659 2647 1915 2703 Ecclesia
1945 2649 2058 2703 Ro-

417 2753 593 2794 mana
613 2741 668 2792 et
689 2753 791 2808 per
818 2739 1007 2791 totum
1030 2752 1174 2808 pene
1204 2735 1618 2792 Occidentem»
1653 2735 1712 2791 in
1735 2753 1846 2792 usu
1878 2736 2058 2792 fuisse

419 2843 572 2882 anno
601 2826 726 2892 819,
759 2825 913 2896 quod
939 2826 1095 2880 istud
1120 2841 1268 2896 opus
1290 2825 1589 2881 conditum
1613 2828 1720 2892 est,
1755 2841 1943 2896 neque
1974 2843 2058 2881 re-

418 2931 554 2970 cens
586 2914 767 2969 fuisse
797 2914 1122 2980 inventum,
1166 2915 1263 2969 sed
1301 2915 1358 2970 id
1397 2933 1418 2963 ι
1470 2915 1542 2970 ab
1591 2914 1869 2987 apostolis
1899 2919 1957 2971 et
1985 2916 2058 2971 ab

419 3003 755 3076 apostolicis
783 3003 922 3058 viris
951 3025 980 3054 »
1015 3004 1302 3059 creditum
1344 3020 1738 3073 permanasse.

485 3093 619 3148 Jam
653 3093 724 3148 de
755 3109 1088 3164 azymorum
1124 3109 1233 3148 usu
1253 3097 1386 3148 ante
1407 3093 1686 3148 saaculum
1719 3109 1938 3148 nonum
1970 3110 2057 3149 re-

2155 512 2240 569 bit
2270 511 2423 568 ﬁlios
2449 512 2626 567 Israel
2674 528 2937 584 egressos
2977 511 3048 566 de
3094 510 3334 582 Egypto
3379 523 3495 562 non
3523 505 3808 562 detulisse

2155 602 2289 657 inde
2319 624 2347 650 «
2372 601 2780 657 fermentatam
2805 601 3072 666 farinam,
3108 599 3208 655 sed
3235 597 3651 652 tantummodo
3673 612 3809 652 con-

2156 707 2439 762 spersam.
2490 712 2518 739 ››
2570 691 2637 744 Et
2681 691 2940 744 Joannes
2990 687 3316 744 Genuensis
3365 685 3426 740 in
3469 683 3805 740 catholico:

2157 801 2186 830 «
2216 779 2563 850 Conspersio
2585 780 2985 850 esttarinaper
3005 793 3214 849 aquam
3243 775 3654 848 conglutinata
3680 775 3813 831 sine

2156 867 2459 922 fermento.
2485 888 2512 917 ››
2547 867 2810 938 Denique
2832 869 2965 920 ante
2986 865 3093 920 hos
3115 864 3262 920 duos
3284 862 3600 936 Gregorius
3620 862 3809 916 Turo-

2155 956 2354 1011 nensis
2398 955 2707 1026 episcopus
2764 954 2824 1008 in
2877 953 2978 1008 lib.
3012 971 3031 1008 1
3079 953 3158 1008 De
3211 950 3399 1023 gloria
3449 955 3805 1023 martyrum,

2156 1061 2282 1116 cap.
2318 1046 2417 1100 16:
2451 1066 2479 1094 «
2514 1043 2720 1098 Mulier
2758 1059 3071 1114 conspersa
3118 1039 3424 1097 Dominica
3471 1038 3566 1094 die
3616 1039 3812 1094 farina

2157 1151 2368 1206 panem
2401 1133 2690 1202 formavit,
2711 1149 2885 1204 quem
2905 1131 3227 1204 segregatis
3250 1129 3454 1202 prunis
3476 1129 3675 1185 cinere
3697 1130 3808 1184 fer-

2158 1223 2316 1278 venti
2344 1222 2596 1278 contexit
2635 1221 3099 1293 decoquendum.
3131 1239 3157 1270 ο
3211 1220 3272 1274 Id
3321 1218 3598 1291 placenta:
3631 1218 3812 1274 infer-

2159 1314 2429 1366 mentataa
2450 1327 2656 1383 genus,
2691 1308 2858 1382 quale
2887 1327 2920 1363 a
2951 1309 3172 1364 Latinis
3204 1308 3263 1362 in
3317 1307 3678 1363 sacriﬁcium
3706 1307 3809 1363 ad-

2158 1399 2346 1454 hiberi
2379 1399 2523 1454 falso
2555 1397 2948 1454 calumniatus
2979 1401 3068 1453 est
3098 1395 3345 1452 Michael
3377 1395 3739 1452 Cerularius.

2229 1494 2456 1561 Agmcn
2487 1487 2718 1543 claudet
2739 1485 3093 1551 Amalarius,
3127 1485 3230 1556 qui
3281 1485 3340 1540 in
3372 1483 3473 1540 lib.
3509 1502 3576 1540 III
3611 1486 3690 1540 De
3720 1500 3819 1540 ec-

2159 1577 2505 1633 clesiasticis
2534 1576 2762 1644 ofﬁciis,
2799 1593 2924 1647 cap.
2964 1576 3056 1643 24,
3107 1573 3290 1630 relato
3339 1574 3610 1646 Cvpriani
3665 1573 3820 1640 loco,

2161 1691 2186 1716 ‹‹
2223 1670 2289 1721 ut
2315 1665 2375 1720 in
2406 1665 2688 1720 sacriﬁcio
2720 1665 2912 1720 missae
2945 1664 3149 1719 eadem
3180 1679 3311 1736 quae
3332 1663 3621 1718 Dominus
3655 1661 3817 1729 fecit,

2161 1759 2217 1811 et
2247 1755 2358 1827 ipsi
2377 1754 2682 1823 faciamus,
2719 1777 2746 1803 ››
2778 1754 2900 1809 hzec
2941 1753 3176 1809 subdit:
3212 1775 3240 1803 ‹‹
3275 1752 3552 1818 Quamvis
3584 1751 3697 1807 hoc
3723 1750 3822 1807 ille

2162 1845 2232 1899 de
2264 1843 2671 1899 commistione
2712 1841 2832 1897 vini
2878 1847 2935 1898 et
2974 1858 3135 1913 aqua;
3167 1841 3580 1908 conclusisset,
3609 1844 3818 1896 tamen

2163 1933 2234 1988 de
2265 1936 2386 1988 tota
2416 1931 2786 1987 institutione
2816 1930 3123 1986 Dominica
3141 1929 3468 2003 intelligere
3490 1945 3818 2002 possumus

2163 2020 2605 2092 adimplendum
2634 2037 2647 2074 :
2681 2019 2741 2074 in
2772 2037 2888 2092 quo
2911 2036 3086 2076 suum
3113 2019 3460 2075 mandatum
3491 2023 3583 2074 est
3601 2022 3658 2073 et
3677 2034 3815 2089 apo-

2163 2109 2448 2166 stolorum
2504 2109 2850 2164 observatio.
2885 2131 2913 2158 »
2966 2109 3096 2164 Haec
3141 2107 3266 2164 sine
3296 2108 3474 2186 dubio
3526 2107 3820 2163 intellexit

2163 2198 2498 2254 Amalarius
2547 2215 2662 2254 non
2711 2199 2782 2253 de
2830 2202 3091 2269 tempore
3148 2197 3310 2253 factae
3359 2214 3559 2264 omnes,
3593 2214 3713 2252 non
3743 2197 3817 2251 de

2164 2304 2328 2344 coena
2350 2287 2652 2360 praamissa
2673 2291 2805 2343 ante
2834 2286 3213 2343 Eucharistiaa
3230 2285 3818 2352 institutionem,non

2167 2379 2420 2449 denique
2448 2378 2517 2432 de
2567 2393 2670 2432 esu
2700 2376 2856 2448 agni,
2892 2377 2993 2432 sed
3025 2376 3096 2431 de
3126 2393 3277 2448 pane
3307 2375 3605 2441 sacriﬁcii,
3643 2391 3823 2447 quem

2166 2467 2432 2536 ejusdem
2455 2466 2683 2539 generis
2709 2469 2884 2536 atque
2916 2481 3051 2520 cum
3101 2481 3216 2536 quo
3264 2463 3535 2520 Christus
3579 2480 3730 2519 usus
3764 2464 3825 2519 in

2167 2573 2330 2611 coena
2358 2559 2448 2611 est
2477 2555 2875 2610 adhibendum
2908 2569 3037 2610 esse
3067 2553 3350 2622 censet,id
3378 2556 3468 2609 est
3502 2553 3826 2609 intermen-

2167 2647 2358 2699 tatum
2369 2687 2381 2698 .

2237 2736 2370 2787 Haec
2399 2736 2747 2805 argumenta
2776 2748 2904 2803 quae
2937 2734 3058 2786 toto
3088 2729 3357 2802 presenti
3382 2728 3568 2802 capite
3600 2730 3825 2786 adduxi

2169 2822 2238 2876 ad
2273 2820 2641 2892 probandum
2681 2818 3013 2894 generalem
3064 2835 3403 2892 azymorum
3447 2835 3622 2875 usum
3663 2821 3822 2892 apud

2170 2910 2428 2975 Latinos,
2461 2926 2665 2965 omnes
2694 2910 2954 2965 veritatis
3001 2925 3280 2966 numeros
3309 2908 3522 2964 habere
3555 2908 3706 2963 mihi
3735 2909 3822 2963 vi-

2169 2999 2383 3054 dentur
2405 3017 2418 3067 ;
2440 3002 2564 3054 tum
2584 2999 2724 3070 quia
2743 2999 3056 3071 desumpta
3083 3001 3224 3053 sunt
3243 2997 3316 3053 ab
3339 2997 3687 3054 auctoribus
3710 2997 3824 3053 ﬁde

2171 3087 2384 3160 dignis,
2415 3092 2482 3143 ut
2512 3092 2642 3160 pote
2673 3087 2860 3142 doctis
2885 3091 2943 3143 et
2972 3086 3239 3158 ejusdem
3273 3085 3458 3142 aetatis
3482 3104 3496 3154 ;
3518 3090 3648 3142 tum
3683 3087 3826 3158 quia

418 3187 704 3256 cepto,res
727 3183 1038 3238 constatde
1069 3183 1364 3254 Hispania,
1399 3181 1631 3255 Anglia,
1663 3183 1975 3239 Germania
2004 3187 2060 3238 et
2089 3165 2132 3234 C
2172 3175 2665 3249 clara,perspicua
2685 3181 2861 3248 atque
2890 3175 3223 3232 necessaria
3248 3175 3523 3231 videntur
3554 3175 3627 3230 ad
3661 3177 3824 3231 evin-

418 3273 681 3329 Romana
725 3271 985 3327 Ecclesia
1037 3272 1340 3344 speciatim
1390 3277 1445 3327 et
1490 3272 1808 3328 universim
1839 3273 1911 3328 de
1939 3275 2058 3328 toto

420 3377 569 3433 pene
600 3361 940 3426 Occidente;
975 3365 1244 3430 superest
1275 3363 1336 3414 ut
1365 3360 1422 3414 id
1455 3360 1630 3415 etiam
1663 3359 2062 3433 singularibus

421 3448 784 3520 argumentis
806 3448 1045 3518 probem
1067 3448 1137 3503 de
1159 3447 1363 3516 Gallia,
1383 3449 1614 3503 tametsi
1638 3465 1763 3519 quae
1791 3449 2062 3520 superius

419 3541 545 3592 tum
565 3552 634 3590 ex
653 3534 1055 3601 Alcuino,tum
1079 3552 1146 3593 ex
1169 3537 1318 3590 facto
1363 3536 1626 3591 mulieris
1643 3536 1977 3609 Anglicanas
1999 3537 2060 3593 in

419 3623 603 3682 Gallia
624 3623 949 3680 constituta:
974 3623 1144 3679 retuli
1162 3624 1233 3678 ad
1251 3624 1309 3677 id
1331 3624 1714 3679 evincendum
1738 3625 2056 3680 sufﬁciunt.

418 3715 610 3771 Unum
629 3717 1038 3787 argumentum
1057 3713 1197 3768 mihi
1219 3731 1283 3768 su
1295 3712 1555 3784 ppeditat
1568 3713 1914 3769 Paschasius
1928 3715 2060 3769 Rat-

416 3804 619 3860 bertus
642 3804 822 3860 abbas
843 3803 1228 3868 Corbciensis,
1245 3801 1508 3857 Rhabani
1533 3802 1795 3873 aequalis.
1813 3805 1865 3858 Is
1888 3803 1948 3858 in
1981 3803 2056 3858 li-

413 3894 519 3949 bro
539 3895 618 3949 De
635 3910 873 3965 corpore
893 3896 948 3948 et
979 3893 1268 3965 sanguine
1315 3891 1564 3960 Domini,
1597 3909 1724 3964 cap.
1755 3894 1842 3961 20,
1876 3892 2055 3948 sacri-

413 3982 530 4036 ﬁcii
589 3987 781 4053 partes
829 3981 1076 4053 explicat
1129 3983 1419 4052 reiertque
1483 3982 1554 4036 ad
1623 3982 2055 4053 componendos

414 4085 607 4125 mores
635 4069 695 4124 in
728 4070 883 4125 hunc
914 4071 1173 4125 modum.
1205 4092 1231 4120 ‹‹
1267 4075 1400 4125 Ilaec
1430 4069 1608 4142 igitur
1629 4071 1962 4141 conspersio
1985 4072 2055 4126 de

412 4157 616 4214 multis
646 4159 858 4231 granis
874 4158 1009 4213 fecit
1041 4176 1222 4214 unum
1256 4175 1488 4230 corpus,
1521 4175 1752 4231 corpus,
1787 4160 2051 4232 inquam,

411 4246 763 4303 sinceritatis
795 4251 851 4303 et
880 4246 1159 4314 veritatis,
1193 4247 1241 4302 si
1274 4251 1470 4301 tamen
1511 4263 1720 4302 sumus
1754 4248 1960 4320 azymi,
1992 4248 2050 4304 id

410 4341 502 4392 est
531 4337 753 4409 absque
783 4337 1068 4392 fermento
1100 4333 1340 4390 malitiae
1371 4340 1426 4390 et
1457 4335 1747 4407 nequitia,
1783 4340 1848 4391 ut
1877 4335 2050 4407 digne

407 4443 618 4500 panem
651 4427 721 4482 de
755 4425 864 4481 hac
907 4442 1061 4496 aqua
1112 4440 1493 4495 conspersum
1553 4425 1811 4496 accipere
1857 4426 2047 4497 possi-

407 4532 660 4573 mus.....
687 4515 924 4584 Idcirco,
951 4515 1192 4580 ohomo,
1211 4518 1383 4570 'serva
1410 4514 1883 4585 conspersionem
1910 4530 2048 4586 gra-
2079 4535 2127 4600 Ι)

404 4604 517 4672 tiae,
554 4604 694 4676 quia
723 4604 858 4660 licet
901 4603 1159 4659 triticum
1178 4602 1279 4670 sis,
1313 4602 1427 4657 nisi
1458 4603 1721 4658 doctrina
1751 4606 1807 4657 et
1836 4602 2048 4658 virtute

406 4694 659 4765 Spiritus
692 4693 877 4750 sancti
908 4694 978 4748 ad
1021 4693 1171 4748 hanc
1195 4691 1477 4747 unitatem
1495 4695 1552 4746 et
1573 4690 2044 4763 conspersionem

405 4782 585 4838 fueris
603 4783 748 4838 bene
770 4783 828 4836 in
852 4782 1100 4837 farinam
1124 4785 1460 4837 attenuatus
1489 4797 1501 4847 ;
1530 4780 1740 4835 deinde
1770 4796 2043 4851 consper-

402 4887 506 4926 sus
531 4870 740 4942 gratia,
760 4875 817 4925 et
838 4871 969 4941 igne
1011 4870 1313 4926 charitatis
1353 4874 1644 4938 excoctus,
1678 4886 1795 4925 non
1826 4868 2043 4940 poteris

402 4960 474 5016 ad
490 4959 843 5015 soliditatem
867 4959 999 5013 ﬁdei
1026 4959 1374 5014 ﬁrmari.»ln
1398 4959 1489 5014 his
1508 4960 1831 5015 notandum
1855 4958 2041 5030 primo

398 5053 487 5106 est
508 5064 722 5122 panem
743 5048 1198 5104 eucharisticum
1225 5049 1414 5104 vocari
1439 5071 1466 5099 «
1492 5048 1984 5120 conspersionem,
2011 5070 2039 5098 »

398 5145 454 5196 et
483 5163 510 5191 «
536 5155 749 5212 panem
767 5155 919 5210 aqua
941 5154 1379 5210 conspersum.»
1405 5137 1619 5194 Deinde
1642 5137 2039 5193 enumerando

396 5235 591 5303 partes
623 5229 839 5302 quibus
872 5229 1040 5301 panis
1073 5228 1180 5284 iste
1222 5232 1470 5298 constat,
1505 5225 1862 5282 mentionem
1914 5225 2038 5282 ﬁeri

395 5325 624 5375 tantum
657 5318 875 5387 farinae,
909 5335 1072 5390 aquae
1122 5321 1180 5372 ct
1227 5315 1529 5386 coctionis,
1580 5314 1812 5371 excluso
1861 5314 2036 5371 etiam

395 5409 783 5464 fermento.Et
815 5412 968 5463 certe
1021 5406 1322 5473 vocabula,
1385 5429 1412 5455 ‹‹
1447 5404 1780 5476 conspersio
1809 5409 1865 5459 et
1894 5421 2037 5463 con-

396 5514 720 5570 spersum,»
760 5514 1015 5552 massam
1042 5497 1236 5553 farina:
1259 5499 1547 5568 expertem
1575 5493 1838 5550 fermenti
1860 5494 2038 5567 signi-

395 5589 590 5645 ﬁcant.
625 5586 815 5642 Testis
847 5591 934 5643 est
960 5587 1161 5644 Haimo
1179 5582 1686 5644 Halsbertadcnsis
1725 5583 2033 5659 cpiscopus

2172 3266 2423 3320 cendum
2456 3266 2513 3320 id
2547 3266 2700 3338 quod
2724 3266 2981 3320 intendo.
3006 3264 3065 3320 Si
3094 3281 3225 3320 vero
3256 3281 3325 3320 ex
3357 3263 3452 3320 his
3485 3264 3826 3336 generalem

2173 3355 2327 3426 apud
2361 3355 2594 3410 Latinos
2624 3371 2962 3426 azymorum
2997 3370 3172 3409 usum
3216 3357 3350 3409 ante
3381 3353 3647 3409 schisma
3678 3354 3826 3410 Pho-

2170 3443 2395 3499 tianum
2428 3443 2659 3516 probari
2691 3443 3060 3511 concedatur,
3095 3443 3331 3498 concedi
3375 3443 3553 3498 etiam
3589 3460 3828 3500 necesse

2171 3534 2543 3588 esteumdem
2569 3548 2742 3587 usum
2765 3535 2893 3587 tum
2913 3531 3200 3586 creditum
3219 3529 3401 3586 fuisse
3420 3531 3829 3586 necessarium

2171 3621 2242 3676 ab
2276 3621 2554 3693 apostolis
2584 3620 2991 3694 apostolicisve
3019 3619 3158 3676 viris
3191 3620 3559 3693 profectum;
3595 3637 3664 3675 ac
3697 3637 3825 3693 pro-

2167 3711 2302 3766 inde
2335 3715 2630 3783 receptum
2663 3713 2798 3765 ante
2827 3725 3061 3765 omnem
3092 3706 3586 3765 hominumillius
3601 3713 3821 3783 tempo-

2168 3800 2248 3855 ris
2278 3800 2647 3854 memoriam.
2692 3799 2899 3854 Przeter
2947 3814 3016 3854 ea
3065 3798 3115 3854 si
3163 3799 3368 3853 eadem
3426 3797 3539 3852 fuit
3579 3797 3817 3854 Patrum

2165 3889 2573 3944 Toletanorum
2600 3887 2903 3961 persuasio
2945 3886 3156 3943 saeculo
3207 3886 3459 3959 septimo
3488 3886 3819 3954 desinente,

2166 3979 2468 4035 fatendum
2499 3982 2588 4033 est
2617 3995 2840 4034 morem
2879 3977 3037 4032 hunc
3072 3980 3174 4032 aut
3199 3977 3273 4032 ab
3304 3975 3470 4048 ipsis,
3502 3981 3608 4031 aut
3633 3993 3813 4050 prope

2164 4068 2235 4124 ab
2252 4067 2811 4141 ipsisapostolorum
2829 4066 3190 4139 temporibus
3223 4067 3293 4122 ad
3307 4070 3657 4138 eatempora
3679 4083 3812 4138 pro-

2165 4156 2575 4228 manasse,nisi
2597 4155 2740 4211 talia
2763 4155 3134 4228 proferantur
3158 4156 3216 4210 in
3239 4155 3604 4210 contrarium
3636 4171 3810 4228 argu-

2163 4250 2359 4301 menta
2389 4262 2514 4317 qua:
2565 4245 2832 4300 fermenti
2879 4261 3056 4300 usum
3103 4243 3418 4316 aliquando
3463 4243 3523 4298 in
3555 4243 3812 4300 Ecclesia

2162 4335 2367 4390 Latina
2395 4333 2650 4406 viguisse
2681 4333 2988 4390 manifeste
3018 4351 3086 4390 ac
3107 4332 3432 4390 necessarie
3474 4333 3807 4389 conﬁciant.

2812 4475 3042 4530 CAPUT
3082 4476 3148 4530 X.

2244 4582 2638 4655 Esvpenduntur
2666 4587 2990 4708 argumznia
3014 4598 3115 4654 pro
3144 4599 3247 4638 usu
3273 4583 3540 4654 fermenti
3569 4583 3716 4655 apud

2899 4671 2930 4708 a
2961 4670 3097 4708 mos.

2899 4670 3097 4710 αιιηοδ.

2224 4780 2486 4836 Primum
2520 4797 2589 4835 ex
2617 4796 2682 4835 eo
2715 4779 2971 4835 sumitur
3002 4779 3158 4852 quod
3193 4778 3567 4836 Eucharistia
3595 4779 3799 4852 primis

2153 4873 2328 4942 atque
2357 4868 2530 4924 etiam
2548 4868 3042 4940 subsequentibus
3064 4867 3331 4925 Ecclesiae
3353 4867 3588 4925 saeculis
3611 4885 3680 4924 ex
3699 4885 3799 4942 po-

2151 4959 2273 5032 puli
2307 4958 2701 5014 oblationibus
2725 4958 3178 5014 consecrabatur
3199 4958 3352 5031 apud
3386 4959 3796 5015 Latinos.Nam

2150 5050 2371 5104 certum
2400 5045 2580 5102 videri
2605 5044 2888 5118 populum
2917 5062 3032 5102 non
3057 5062 3288 5119 azymos
3311 5047 3626 5118 panes,sed
3649 5063 3798 5102 com-

2151 5153 2360 5192 munes
2392 5139 2448 5192 et
2477 5135 2810 5203 usitatos,id
2842 5138 2933 5191 est
2963 5135 3248 5192 fermento
3280 5135 3353 5191 de
3382 5151 3547 5192 more
3576 5139 3792 5208 tempe-

2149 5231 2328 5295 ratos,
2356 5224 2662 5281 obtulisse.

2217 5315 2304 5370 Ad
2339 5314 2477 5387 quid
2509 5316 2663 5369 vetat
2691 5311 2916 5382 ﬁdeles,
2947 5330 3016 5369 ex
3062 5313 3398 5387 praescripto
3442 5312 3712 5370 Ecclesiae
3739 5315 3791 5368 et

2147 5403 2567 5461 consuetudine
2581 5402 3172 5471 docente,confecisse
3193 5409 3366 5475 atque
3385 5403 3675 5460 obtulisse
3693 5419 3786 5475 pa-

2147 5511 2250 5551 nes
2282 5492 2766 5550 infermentatos?
2804 5497 2951 5548 Sane
2998 5491 3056 5548 id
3103 5493 3321 5550 factum
3370 5491 3787 5566 posterioribus

2145 5583 2626 5656 saeculis,quibus
2644 5599 2980 5654 azymorum
3010 5600 3156 5643 usus
3185 5586 3340 5641 certo
3370 5583 3621 5656 vigebat,
3654 5598 3784 5656 pro-
