4138 6186
307 308 460 380 1269

1272 310 1732 379 MABILLONII
1775 310 2254 389 DISQUISITIO
2299 313 2401 382 DE
2446 315 2743 385 AZYMO.

3551 313 3712 389 {270

302 443 406 504 bat
433 443 767 520 exemplum
793 444 952 506 illius
999 445 1226 504 femina:
1281 447 1612 520 Anglicanas
1671 447 1944 520 superius
1971 447 2020 516 Α
2056 447 2213 506 tibus
2245 467 2311 507 ac
2333 453 2527 509 studio
2547 456 2906 526 praeparatus
2926 469 3054 513 esse
3075 453 3341 525 debebat,
3375 455 3513 514 hinc
3540 457 3713 534 facilg

303 541 661 602 memoratas,
695 553 819 609 quae
848 536 908 593 in
939 536 1217 594 oblatorio
1248 554 1349 594 seu
1374 538 1721 593 ferramento
1752 538 1952 593 chara-

303 630 522 683 cterato
546 642 793 697 coquere
815 626 997 681 voluit
1017 626 1240 682 oblatas
1259 627 1722 692 infermentatas,
1752 650 1779 676 ‹‹
1806 643 1952 698 quas

301 714 570 771 oblatura
601 714 845 770 Domino
875 715 935 770 in
975 716 1297 771 crastinum
1339 720 1480 771 erat.
1518 739 1544 765 ››
1578 717 1642 770 Et
1693 717 1948 771 Armori-

301 821 457 861 cana
476 803 753 859 mulieres
776 804 1290 860 communicatum
1303 804 1588 860 hactenus
1609 821 1777 860 suam
1802 823 1952 876 qua:-

302 909 413 966 que
431 891 686 947 oblatam
706 908 968 964 azymam
991 893 1242 946 offerunt
1265 895 1406 946 teste
1428 891 1761 946 Sirmundo.
1787 891 1946 954 Quod

301 980 551 1054 singulis
573 980 779 1035 diebus
802 980 1122 1035 actitabant
1142 980 1551 1036 Cluniacenses
1570 996 1637 1034 ex
1658 979 1947 1050 Udalrico,

299 1070 402 1126 lib.
440 1088 501 1138 ιι,
535 1087 660 1141 cap.
686 1069 773 1123 30.
810 1068 1073 1123 Priscum
1117 1068 1283 1123 illum
1316 1069 1591 1124 olferendi
1634 1086 1852 1124 morem
1888 1069 1946 1123 in

299 1158 662 1215 solemnibus
694 1158 875 1213 sacris
906 1157 1077 1213 hodie
1108 1174 1340 1229 quoque
1361 1163 1735 1228 reprmsentat
1765 1159 1950 1228 major

300 1247 555 1304 Ecclesia
582 1246 1054 1311 Mediolanensis,
1081 1264 1206 1318 quae
1229 1246 1374 1301 ritus
1400 1246 1720 1318 peculiares
1751 1247 1945 1302 hacte-

299 1354 411 1392 nus
444 1336 654 1392 retinet
686 1353 799 1390 non
832 1336 1028 1391 minus
1060 1335 1407 1407 antiquitate
1442 1354 1616 1406 quam
1678 1335 1949 1406 religiosa

301 1443 513 1498 pompa
537 1424 818 1497 insignes.
843 1427 903 1480 In
927 1441 993 1480 ea
1010 1424 1301 1496 siquidem
1326 1425 1431 1479 viri
1455 1426 1812 1496 totidemque
1832 1443 1949 1479 ma-

298 1519 477 1571 tronae
510 1519 788 1588 provecta:
819 1514 1004 1569 aetatis
1028 1513 1336 1586 (Veglones
1355 1518 1410 1570 et
1441 1513 1814 1586 Veglonissas
1846 1532 1945 1586 ap-

297 1603 539 1677 pellant)
557 1604 627 1658 ab
659 1602 1097 1675 archiepiscopo
1130 1603 1407 1670 instituti,
1442 1603 1712 1658 sacriﬁcii
1765 1608 1944 1658 mate-

297 1694 445 1749 riam
476 1693 679 1748 oﬁ‘erre
710 1691 897 1748 solent
929 1691 1038 1747 hoc
1070 1692 1260 1748 modo.
1311 1692 1635 1748 Oblationis
1686 1697 1947 1766 tempore

294 1782 550 1838 instante
563 1782 887 1854 procedunt
897 1779 1185 1854 Veglones
1199 1782 1233 1836 d
1245 1799 1313 1837 uo
1327 1781 1456 1837 aliis
1472 1782 1942 1850 succedentibus,
1975 1823 2022 1889 Β

295 1870 537 1943 antiquo
569 1887 730 1926 more
761 1869 972 1936 induti,
1007 1870 1332 1925 deferentes
1361 1871 1587 1926 hostias
1617 1875 1734 1926 tres
1763 1876 1819 1926 et
1849 1889 1945 1926 va-

296 1960 523 2016 sculum
547 1959 694 2029 vini;
721 1976 847 2031 quae
865 1958 1111 2014 chorum
1136 1958 1379 2032 ingressi
1403 1961 1708 2028 sacerdoti,
1732 1964 1944 2032 myste-

295 2049 382 2103 ria
413 2047 748 2116 celebranti,
781 2048 1052 2104 oil‘erunt.
1079 2049 1237 2103 Idem
1262 2053 1541 2121 praestant
1590 2047 1944 2120 Veglonissa:

293 2137 435 2192 item
466 2137 592 2192 dua:
625 2154 757 2191 cum
787 2137 964 2192 veteri
1000 2141 1403 2192 matronarum
1453 2141 1756 2208 apparatu,
1816 2136 1946 2192 aliis

291 2225 731 2291 comitantibus,
764 2229 924 2280 extra
956 2225 1115 2280 chori
1172 2223 1457 2280 cancellos
1519 2225 1942 2293 consistentes;

292 2315 395 2370 ubi
429 2315 695 2370 eamdem
737 2313 1092 2370 oblationem
1152 2315 1224 2368 ab
1286 2314 1368 2369 eis
1413 2313 1620 2386 accipit
1677 2315 1947 2369 sacerdos

292 2404 538 2459 missam
569 2400 889 2480 celebrans,
914 2406 1016 2459 aut
1046 2407 1198 2458 certe
1222 2403 1705 2475 archipresbyter,
1731 2403 1776 2458 si
1804 2420 1944 2475 pon-

289 2493 434 2548 tifex
465 2493 644 2549 sacris
687 2497 979 2565 operetur.
1038 2492 1106 2548 Hi
1163 2492 1362 2547 decem
1420 2492 1525 2546 viri
1587 2492 1947 2563 totidemque

290 2587 572 2638 matronae
587 2585 768 2636 totam
784 2582 1075 2636 civitatem
1093 2584 1532 2653 repraesentant,
1547 2585 1604 2637 et
1622 2582 1947 2652 funguntur

291 2670 484 2727 ofﬁcio
515 2672 670 2744 quod
702 2670 841 2726 olim
872 2672 976 2725 toti
1000 2669 1213 2742 populo
1236 2670 1630 2738 incumbebat,
1651 2670 1949 2742 utlegitur

289 2760 354 2815 in
380 2758 1196 2826 CzeremonialiAmbrosiano,
1219 2760 1372 2831 quod
1406 2759 1744 2814 Fredericus
1766 2759 1948 2815 cardi-

289 2846 445 2903 nalis
467 2849 828 2903 Borromaaus
851 2851 906 2901 et
919 2847 1370 2903 Mediolanensis
1388 2848 1856 2921 archiepisc0pus
1881 2865 1948 2902 ex

290 2937 552 3008 antiquis
581 2937 710 3007 ejus
735 2935 1002 2991 Ecclesiae
1032 2936 1244 2991 ritibus
1276 2936 1546 2992 adornari
1581 2937 1822 2991 curavit.
1856 2938 1948 2991 At-

290 3025 393 3098 qui
419 3025 709 3096 ejusmodi
739 3025 966 3092 hostiaa,
1002 3042 1150 3096 quas
1177 3041 1244 3079 ex
1273 3029 1501 3080 vetusto
1534 3025 1645 3078 ritu
1696 3026 1946 3080 oﬁ‘eruut

291 3113 779 3181 Mediolanenses,
804 3113 1073 3168 fermenti
1097 3118 1359 3185 expertes
1382 3117 1538 3167 sunt.
1573 3113 1782 3178 Quidni
1809 3129 1943 3184 ergo

2061 540 2394 613 contingere
2423 543 2611 614 potuit
2644 548 2708 598 ut
2735 543 2947 601 divites
2980 545 3207 600 incuria
3237 546 3484 618 parandi
3546 547 3712 618 ejus-

2062 629 2218 683 modi
2250 632 2417 701 panis
2437 648 2551 686 non
2573 631 2855 688 haberent
2877 633 3191 705 aliquando
3215 651 3390 706 quem
3415 635 3707 706 offerrent,

2059 720 2673 792 communicarentque
2698 736 2764 775 ex
2787 737 2934 792 pane
2957 738 3131 792 quem
3156 739 3440 794 pauperes
3462 723 3712 780 obtulis-

2063 811 2209 862 sent.
2246 809 2460 864 Eadem
2495 809 2615 863 haec
2638 809 2938 881 responsio
2965 809 3115 864 valet
3137 811 3207 864 ad
3232 809 3424 866 locum
3456 813 3712 869 auctoris

2060 895 2286 964 incerti,
2323 915 2389 952 ex
2421 915 2686 953 sermone
2718 897 2816 969 qui
2847 900 2953 953 215
2985 904 3328 954 numeratur
3349 899 3497 956 inter
3515 903 3712 974 Augu-

2058 984 2346 1054 stitianos,
2375 986 2472 1040 ubi
2504 987 2584 1041 ait
2611 1004 2621 1042 :
2659 1011 2684 1036 «
2721 986 3060 1044 Oblationes
3093 1005 3220 1060 qua:
3253 988 3313 1043 in
3347 989 3553 1046 altario
3575 1007 3713 1046 con-

2057 1081 2424 1130 secrarentur
2457 1077 2675 1130 oﬁ‘erte.
2712 1076 3066 1131 Erubescere
3125 1077 3296 1133 debet
3351 1078 3526 1134 homo
3583 1079 3714 1136 ido-

2057 1178 2222 1229 neus,
2259 1163 2305 1216 si
2338 1164 2409 1218 de
2439 1163 2625 1218 aliena
2655 1164 2945 1220 oblatione
2976 1167 3512 1225 communicaverit.
3538 1189 3567 1219 »

2129 1253 2488 1323 Quapropter
2514 1253 2943 1307 observandum
2978 1259 3066 1309 est
3095 1254 3354 1327 integras
3382 1257 3711 1314 hostiarum

2059 1338 2362 1403 formulas,
2396 1338 2598 1410 quales
2629 1340 2846 1394 scilicet
2874 1341 2933 1395 in
2966 1343 3115 1397 ferro
3147 1343 3546 1400 characterato
3607 1363 3708 1419 pro

2058 1426 2318 1498 quinque
2349 1443 2515 1482 sexve
2550 1427 2756 1483 hostiis
2790 1428 3300 1500 imprimebantur,
3334 1449 3448 1487 non
3491 1450 3618 1488 raro
3677 1452 3710 1490 a

2058 1515 2308 1587 singulis
2342 1515 2601 1571 ﬁdelium
2626 1516 2849 1571 oblatas
2881 1517 3099 1586 fuisse;
3133 1535 3259 1591 quae
3293 1537 3406 1574 non
3466 1521 3708 1593 singula:

2059 1622 2159 1677 pro
2192 1605 2441 1677 singulis
2471 1606 3118 1675 communicandorum,
3154 1609 3254 1663 sed
3304 1625 3407 1679 pro
3466 1627 3709 1666 numero

2056 1709 2257 1749 eorum
2291 1695 2525 1767 integrae
2548 1695 2723 1751 etiam
2747 1713 3171 1767 nonnunquam
3197 1699 3707 1755 consecrabantur.

2057 1783 2117 1837 Id
2150 1781 2417 1855 colligere
2449 1783 2594 1839 mihi
2625 1783 2824 1839 videor
2852 1788 2980 1839 tum
3024 1802 3092 1840 ex
3152 1786 3368 1842 Ordine
3424 1788 3706 1857 Romano,

2057 1875 2182 1926 tum
2213 1887 2280 1926 ex
2311 1872 2628 1928 Humberto
2647 1872 2951 1941 cardinali,
2979 1878 3106 1928 tum
3131 1891 3198 1930 ex
3225 1891 3386 1930 more
3411 1877 3623 1933 usitato
3647 1878 3706 1933 in

2055 1961 2488 2016 consecratione
2521 1963 2955 2034 episcoporum,
2991 1964 3359 2019 sacerdotum
3410 1982 3475 2020 ac
3534 1966 3706 2038 virgi-

2058 2067 2219 2104 num.
2257 2051 2319 2104 In
2350 2051 2563 2106 Ordine
2594 2051 2810 2124 quippe
2841 2055 3100 2108 Romano
3133 2052 3469 2124 praecipitur
3505 2058 3570 2109 ut
3615 2072 3706 2111 ar-
3747 2093 3751 2098 ι

2057 2138 2438 2194 ehidiaconus
2469 2139 2759 2210 accipiens
2791 2139 3036 2206 oblatas,
3067 2158 3212 2212 quas
3244 2141 3463 2196 scilicet
3503 2143 3704 2199 ﬁdeles

2056 2227 2410 2296 obtulerant,
2436 2252 2462 2277 ‹‹
2489 2232 2680 2283 tantas
2704 2245 2878 2300 super
2900 2229 3080 2285 altare
3112 2235 3290 2301 ponat
3322 2234 3550 2301 quantas
3573 2250 3706 2304 pos-

2057 2321 2197 2373 sunt
2229 2316 2444 2389 populo
2476 2317 2762 2372 sufﬁcere.
2801 2339 2827 2365 ››
2860 2319 3009 2373 Tum
3045 2319 3196 2374 facta
3253 2321 3705 2388 consecratione,

2057 2405 2156 2460 ubi
2189 2410 2424 2477 tempus
2456 2405 2888 2460 communionis
2921 2406 3120 2471 instat,
3155 2428 3182 2456 ‹‹
3218 2401 3709 2480 αροιγὶὴῖραῐιᾶῃῒ,

2057 2494 2223 2550 sinus
2238 2493 2604 2549 saeculorum
2632 2493 3039 2549 archidiacono
3060 2495 3129 2549 ad
3154 2495 3453 2565 ponendas
3471 2496 3710 2552 oblatio-

2058 2577 2216 2638 nes‘»
2242 2601 2388 2654 quas
2411 2583 2617 2638 deinde
2650 2606 2675 2632 ‹‹
2699 2583 2990 2655 frangant,
3021 2605 3046 2629 υ
3068 2587 3130 2638 ut
3151 2601 3259 2638 sua
3288 2585 3496 2656 cuique
3517 2587 3706 2658 portio

2057 2689 2123 2728 ex
2139 2673 2382 2745 integris
2409 2672 2732 2728 hostiarum
2751 2672 3019 2728 formulis
3032 2672 3338 2728 habeatur.
3366 2674 3497 2729 Ideo
3511 2679 3706 2730 autem

2055 2763 2115 2816 in
2149 2761 2400 2817 sacculis
2422 2762 2878 2833 franguntur,nc
2910 2761 3072 2816 micas
3105 2778 3206 2816 seu
3239 2762 3535 2833 particula:
3557 2763 3708 2818 inter

2058 2851 2445 2922 frangendum
2467 2851 2524 2904 in
2540 2855 2753 2904 terram
2771 2850 2940 2904 autin
2956 2850 3148 2905 locum
3185 2850 3384 2906 minus
3407 2852 3708 2908 decentem

2057 2939 2406 2994 deciderent.
2433 2939 2692 3010 Idipsum
2720 2943 2915 3010 aperte
2948 2938 3202 2994 declarat
3229 2941 3588 2996 Humbertus
3648 2942 3706 2996 in

2058 3028 2455 3100 Responsione
2477 3028 2546 3082 ad
2574 3026 2913 3082 Michaelem
2941 3045 2952 3081 :
2993 3051 3012 3076 ιι
3049 3029 3299 3096 Tenues,
3326 3029 3708 3100 inquit,obla-

2055 3121 2149 3173 tas
2180 3135 2248 3172 ex
2274 3116 2488 3183 simila,
2511 3117 2771 3189 integras
2792 3119 2848 3171 et
2874 3134 3069 3188 sanas,
3089 3118 3270 3174 sacris
3297 3118 3580 3173 altaribus
3601 3136 3707 3175 nos

286 3207 416 3259 tam
470 3201 633 3258 facile
657 3207 1110 3275 promptumque
1150 3202 1261 3258 fuit
1319 3202 1575 3273 antiquis
1605 3201 1952 3258 Christianis
1985 3193 2025 3258 C
2065 3222 2298 3278 quoque
2323 3205 2793 3276 superponiinus,
2818 3209 2874 3260 et
2895 3205 3038 3276 ipsis
3060 3211 3191 3277 post
3209 3206 3705 3263 consecrationem

287 3292 497 3349 oﬂ'erre
519 3310 696 3365 panes
723 3309 975 3365 azymos,
992 3309 1139 3364 quos
1162 3291 1247 3348 vel
1277 3292 1383 3364 ipsi
1414 3300 1733 3364 parassent,
1757 3291 1843 3346 vel
1867 3292 1938 3346 ab

286 3381 420 3438 aliis
453 3385 686 3454 paratos
717 3381 1124 3453 accepissent?
1155 3381 1320 3435 Certe
1354 3381 1519 3452 longe
1564 3385 1695 3435 ante
1745 3380 1938 3434 conci-

285 3469 439 3526 lium
470 3488 565 3525 xvx
599 3470 946 3526 Toletanum
972 3469 1142 3542 panis
1165 3469 1435 3523 sacriﬁcii
1459 3491 1486 3518 «
1509 3468 1700 3524 studio
1725 3485 1942 3540 praepa-

286 3563 454 3616 ratus
489 3582 516 3609 ››
546 3575 675 3615 esse
707 3559 972 3629 debebat,
1007 3560 1064 3613 id
1098 3563 1186 3614 est
1207 3558 1318 3630 piis
1353 3558 1706 3629 quibusdam
1730 3557 1939 3613 ritibus

286 3655 346 3705 et
377 3648 758 3705 casremoniis.
790 3647 1001 3713 Quidni
1032 3663 1167 3719 ergo
1191 3663 1428 3719 azymus
1456 3646 1660 3702 conﬁci
1694 3651 1936 3718 poterat,

285 3740 336 3796 si
369 3739 427 3794 id
461 3740 634 3795 modo
666 3738 941 3810 poscebat
969 3753 1097 3792 mos
1127 3739 1183 3792 et
1231 3736 1590 3792 consuetudo
1647 3735 1936 3805 Ecclesiae,

286 3845 427 3885 cum
454 3828 757 3883 videamus
790 3827 847 3882 id
879 3829 1080 3882 nostra
1109 3829 1274 3881 aetate
1305 3829 1457 3881 recte
1486 3824 1611 3880 ﬁeri
1644 3825 1716 3879 ab
1747 3825 1940 3898 operis

287 3917 478 3990 pretio
511 3915 816 3972 conductis
837 3916 864 3970 ‘?

358 4006 476 4060 Nec
507 4006 700 4060 obstat
729 4004 882 4075 quod
913 4003 1234 4076 Cyprianus
1264 4003 1322 4056 in
1354 4001 1500 4057 libro
1533 4003 1611 4058 De
1656 4018 1828 4074 Opere
1885 4007 1942 4057 et

282 4094 677 4166 eleemosynis
717 4093 954 4148 divitem
1014 4092 1314 4162 feminam,
1375 4109 1502 4162 qua:
1563 4092 1936 4159 sacriﬁcium,

283 4184 342 4238 id
375 4187 466 4238 est
495 4181 751 4237 hostiam
785 4199 900 4237 non
933 4181 1244 4246 obtulerat,
1277 4180 1529 4252 graviter
1558 4179 1818 4252 increpat
1848 4180 1940 4236 his

281 4271 515 4326 verbis:
549 4293 576 4319 ‹‹
614 4269 891 4342 Locuples
915 4273 971 4325 et
999 4269 1159 4324 dives
1183 4286 1264 4336 es,
1299 4273 1355 4323 et
1386 4268 1755 4324 Dominicum
1798 4269 1943 4324 cele-

284 4360 459 4416 brare
488 4363 543 4414 te
574 4359 783 4427 credis,
819 4376 944 4431 quae
977 4358 1037 4413 in
1069 4357 1438 4414 Dominicum
1471 4358 1596 4413 sine
1653 4358 1939 4414 sacriﬁcio

280 4447 448 4504 venis
465 4467 477 4516 ;
494 4465 620 4520 quae
634 4452 860 4520 partem
892 4448 962 4502 de
999 4447 1284 4502 sacriﬁcio
1309 4447 1461 4518 quod
1483 4463 1704 4518 pauper
1729 4447 1940 4501 obtulit

285 4537 526 4593 sumis?
564 4560 584 4586 υ
619 4537 759 4603 Hoc,
793 4536 1058 4608 inquam,
1091 4534 1237 4590 nihil
1269 4535 1498 4603 obstat;
1531 4540 1633 4590 aut
1657 4535 1810 4590 enim
1869 4537 1939 4591 de

284 4625 586 4683 oblatione
617 4642 745 4696 quae
778 4624 952 4680 ﬁebat
982 4625 1052 4678 ad
1086 4623 1413 4679 convivium
1446 4624 1784 4679 institutum
1809 4629 1940 4697 post

283 4713 670 4771 Eucharistiaa
684 4713 1111 4786 perceptionem
1133 4712 1578 4784 intelligendum
1601 4717 1939 4786 est(agapas

284 4803 635 4877 appellant),
668 4806 768 4858 aut
798 4802 845 4857 si
879 4803 948 4858 de
979 4819 1127 4873 pane
1169 4801 1577 4871 eucharistico,
1637 4803 1693 4858 id
1753 4804 1940 4876 magis

286 4909 396 4966 pro
430 4907 579 4964 pane
610 4890 872 4946 studiose
901 4891 1158 4946 confecto
1190 4907 1291 4946 seu
1323 4907 1522 4961 azymo
1546 4892 1715 4961 juvat
1762 4909 1938 4963 quam

285 4998 397 5054 pro
425 4980 726 5037 communi
757 4997 824 5035 ac
855 4980 1219 5035 fermentato.
1253 4979 1399 5034 Nam
1421 4981 1469 5034 si
1491 4980 1660 5050 panis
1680 4998 1940 5036 commu-

285 5071 386 5126 nis
419 5075 476 5124 et
504 5069 756 5126 usitatus
779 5069 839 5124 in
861 5086 985 5124 rem
1009 5085 1235 5124 sacram
1271 5068 1572 5124 adhibitus
1605 5069 1827 5137 fuisset,
1851 5071 1942 5125 vix

286 5158 522 5231 concipi
554 5163 747 5230 potest
776 5158 1232 5214 commissurum
1267 5156 1448 5212 fuisse
1492 5175 1846 5230 quemquam
1879 5164 1944 5213 ut

287 5250 364 5306 ad
397 5263 664 5304 mensam
693 5249 927 5304 Domini
959 5249 1007 5304 si
1062 5263 1133 5302 ne
1164 5247 1456 5302 oblatione
1489 5264 1595 5302 sua
1626 5248 1938 5303 accederet.

291 5336 488 5395 Facile
521 5337 734 5410 quippe
764 5341 820 5392 et
850 5337 1084 5393 obvium
1125 5339 1268 5402 erat,
1302 5339 1402 5390 aut
1442 5352 1649 5408 panem
1682 5353 1942 5392 commu-

291 5443 432 5484 nem
463 5428 779 5499 integrum,
799 5428 899 5499 qui
923 5442 1224 5497 nunquam
1247 5424 1305 5479 in
1329 5426 1552 5480 rudibus
1581 5426 1822 5482 divitum
1848 5428 1943 5482 de-

294 5521 408 5587 est,
443 5533 516 5571 au
549 5521 700 5571 certe
732 5517 1014 5572 frustrum
1038 5532 1106 5571 ex
1127 5530 1191 5569 eo
1215 5514 1474 5586 accipere
1492 5514 1549 5569 in
1570 5515 1942 5584 oblationem,

292 5611 373 5665 At
394 5605 534 5678 quia
555 5606 724 5679 panis
739 5605 1166 5663 eucharisticus
1189 5601 1480 5676 religiosis
1502 5606 1854 5676 quibusdam
1879 5608 1946 5662 ri-

2049 3295 2247 3350 fractis
2279 3310 2412 3348 cum
2445 3293 2658 3365 populo
2690 3294 3214 3349 communicamur.
3254 3319 3275 3346 υ
3327 3295 3586 3367 Denique
3641 3297 3701 3352 in

2047 3383 2479 3439 consecratione
2511 3382 2941 3454 episcoporum,
2975 3371 3370 3451 sacerdotum,
3417 3401 3483 3439 ac
3521 3384 3702 3456 virgi-

2048 3489 2213 3538 num,
2248 3490 2364 3527 una
2389 3471 2589 3527 oblatae
2621 3470 2876 3526 formula
2906 3476 3242 3527 consecrato
3265 3471 3324 3526 in
3358 3472 3554 3543 plures
3575 3473 3701 3529 dies

2049 3563 2432 3634 praebebatur,
2466 3577 2674 3632 nempe
2705 3560 2974 3632 episcopo
3006 3564 3064 3616 et
3110 3561 3396 3616 sacerdoti
3457 3561 3514 3615 in
3576 3561 3700 3618 dies

2050 3651 2458 3723 quadraginta,
2492 3656 2556 3704 ut
2586 3650 2656 3705 de
2687 3649 2979 3721 episcopis
3009 3653 3236 3704 constat
3262 3665 3330 3703 ex
3352 3649 3565 3704 Ordine
3590 3650 3701 3704 Ro-

2051 3757 2244 3807 mano,
2279 3745 2336 3794 et
2359 3740 2427 3794 de
2449 3738 2802 3811 presbyteris
2821 3755 2887 3792 ex
2910 3737 3157 3809 epistola
3173 3738 3431 3793 secunda
3451 3737 3702 3793 Fulberti

2048 3828 2427 3885 Carnutensis
2458 3827 2713 3899 episcopi
2746 3827 2816 3880 ad
2835 3826 3176 3892 Einaidum,
3205 3829 3306 3880 aut
3327 3827 3478 3880 certe
3507 3841 3702 3881 sacer-

2050 3919 2170 3974 doti
2201 3919 2258 3972 in
2283 3918 2407 3972 dies
2430 3920 2584 3984 octo,
2603 3931 2671 3969 ex
2693 3913 2907 3969 Ordine
2940 3917 3224 3983 Romano,
3257 3913 3578 3985 itidemque
3594 3914 3705 3968 vir-

2049 4007 2169 4079 gini
2202 4021 2403 4060 recens
2435 4007 2801 4067 consecratae,
2832 4005 2898 4058 ut
2927 4003 2984 4057 in
3018 4019 3128 4058 ms.
3163 4001 3706 4058 Pontiﬁcalibiblio-

2048 4097 2230 4150 theca:
2255 4097 2462 4149 nostrae
2483 4091 2837 4164 Remigianae
2862 4092 3014 4164 apud
3032 4092 3243 4148 Remos
3267 4085 3559 4164 legitur'in
3583 4091 3704 4146 haec

2047 4184 2222 4239 verba
2245 4202 2257 4238 :
2285 4207 2310 4231 ‹‹
2334 4182 2626 4254 Virginem
2652 4180 2924 4253 episcopo
2948 4185 3216 4253 parentes
3248 4197 3377 4236 cum
3412 4179 3706 4236 oblatione

2048 4273 2313 4339 offerant,
2348 4275 2404 4326 et
2434 4269 2528 4325 ille
2560 4269 2881 4325 involutam
2912 4286 3154 4325 manum
3188 4270 3316 4341 ejus
3348 4269 3405 4323 in
3435 4267 3591 4340 palla
3620 4268 3702 4323 al-

2046 4361 2191 4416 taris
2212 4359 2562 4431 recipiat.....
2584 4359 2896 4430 Postquam
2915 4356 3493 4420 communicaverint,
3516 4372 3703 4411 reser-

2046 4460 2172 4506 vent
2203 4451 2272 4505 de
2304 4450 2432 4518 ipsa
2462 4448 2880 4502 communione
2912 4447 2971 4501 in
3000 4447 3153 4502 diem
3177 4449 3466 4514 octavum,
3485 4448 3542 4498 et
3561 4448 3702 4499 tunc

2048 4537 2502 4595 communicent.
2543 4560 2569 4586 »
2603 4537 2941 4608 Legendum
2974 4537 3169 4590 forsan
3199 4557 3225 4582 «
3259 4533 3316 4586 in
3349 4533 3474 4588 dies
3505 4536 3651 4588 octo.
3673 4554 3700 4582 »

2047 4629 2192 4684 Nam
2227 4625 2549 4699 presbyteri
2586 4625 2848 4695 quotidie
2890 4622 3237 4678 decidebant
3287 4637 3355 4675 ex
3413 4624 3705 4676 reservata

2050 4716 2338 4772 oblatione
2374 4713 2721 4785 particulam
2753 4731 2821 4768 ex
2853 4729 2969 4783 qua
3001 4710 3536 4778 communicabant,
3557 4712 3704 4765 teste

2051 4805 2316 4861 Fulberto
2337 4803 2396 4857 in
2420 4800 2803 4872 epistolajam
2829 4804 3312 4872 memorata,quze
3332 4799 3390 4854 in
3414 4815 3524 4855 ms.
3550 4799 3706 4855 codi-

2051 4895 2217 4950 cibus
2247 4891 2519 4955 Einardo,
2549 4890 2824 4944 mendose
2854 4889 2914 4943 in
2958 4888 3130 4945 editis
3184 4888 3432 4944 Finardo
3491 4888 3703 4946 inscri-

2053 4982 2170 5037 bitu
2181 5000 2223 5037 r.

2122 5070 2268 5137 Quid
2303 5084 2458 5138 ergo,
2494 5066 2713 5137 inquis,
2749 5066 2919 5122 ﬁebat
2952 5084 3020 5122 ex
3053 5066 3183 5121 aliis
3207 5065 3419 5121 oblatis
3442 5081 3569 5136 qum
3587 5082 3703 5120 non

2052 5158 2563 5224 consecrabantur,
2598 5154 3173 5227 siquidemjsingulas
3206 5153 3486 5210 formulas
3509 5153 3706 5207 offere-

2053 5250 2213 5316 bant,
2247 5262 2496 5319 quarum
2532 5261 2647 5299 una
2678 5243 2944 5314 pluribus
2967 5242 3343 5300 sutﬁciebat?
3376 5241 3708 5311 Respondet

2055 5345 2254 5392 auctor
2285 5335 2419 5391 libri
2450 5335 2521 5390 de
2551 5333 2763 5388 Ordine
2789 5333 3050 5388 Romano
3085 5357 3111 5382 «
3148 5334 3492 5404 apportante
3515 5329 3702 5384 archi-

2056 5428 2299 5482 diacono
2326 5424 2550 5480 oblatas
2581 5423 2638 5477 in
2663 5426 2874 5495 patena
2904 5440 2936 5478 a
2968 5422 3128 5478 nullo
3169 5418 3524 5488 immolatus,
3555 5419 3702 5475 acci-

2058 5518 2178 5590 piat
2209 5533 2276 5570 ex
2299 5513 2413 5568 illis
2446 5517 2731 5585 quantum
2759 5511 2870 5567 sibi
2903 5513 3172 5567 sufﬁcere
3203 5509 3452 5578 videtur,
3481 5511 3538 5564 et
3557 5508 3702 5565 alias

2060 5604 2468 5662 archidiacono
2493 5604 2779 5669 restituat,
2800 5619 2947 5674 quas
2967 5601 3064 5658 ille
3093 5600 3322 5658 custodi
3351 5597 3606 5656 ecclesia:
3629 5600 3700 5655 ad
