4138 6186
525 328 681 398 1271

1565 331 1962 401 APPENDIX
2005 329 2109 394 AD
2153 323 2418 397 OPERA
2461 329 2899 398 HUMBERTI.

3703 329 3831 399 me

517 472 956 542 bbservandum
988 467 1321 529 committit.
1351 473 1553 529 Postea
1583 488 1716 527 vero
1747 470 1880 526 usui
1913 474 2096 534 erant,
2131 467 2181 522 si
2214 467 2272 533 Α
2299 467 2387 538 30,
2420 468 2520 523 ubi
2551 471 2715 524 notat
2745 469 3062 538 Ebionaaos,
3094 465 3248 541 quod
3273 475 3328 527 δι’
3354 473 3552 542 ἀζύμων,
3578 467 3629 527 id
3659 477 3734 529 est
3754 490 3834 547 pa-

526 562 765 634 quando
780 562 1012 618 nemine
1028 563 1300 618 otferente
1313 561 1496 618 missa
1509 560 1853 616 celebranda
1865 563 2009 624 erat,
2026 556 2182 629 quod

525 651 780 708 maxime
815 653 988 707 fiebat
1013 653 1216 707 diebus
1239 652 1499 724 privatis,
1527 657 1628 705 aut
1653 651 1710 704 in
1733 648 1992 719 eulogias
2017 647 2187 700 bene-

532 741 905 808 dicebantur;
931 742 1083 813 quod
1105 741 1364 812 quotidie
1383 741 1535 811 apud
1564 738 1882 793 monachos
1907 735 2186 791 actitaba-

526 846 646 902 tur.
675 835 835 886 Certe
851 848 962 885 non
987 831 1482 900 singulisdicbus,
1501 830 1600 882 sed
1628 827 1941 883 Dominicis
1961 828 2189 881 tantum

537 922 864 980 oblationes
886 941 916 976 a
942 922 1077 977 viris
1101 927 1155 975 et
1178 920 1525 974 mulieribus
1549 917 1846 972 faciendas
1869 916 2044 987 exigit
2063 932 2194 969 con-

537 1011 736 1069 cilium
771 1012 1196 1066 Matisconense
1220 1026 1345 1079 cap.
1374 1010 1424 1074 4,
1452 1007 1604 1078 quod
1627 1023 1778 1060 anno
1811 1007 1916 1083 585
1937 1003 2188 1059 celebra-

538 1106 667 1158 tum
693 1101 1098 1171 cst.Denique
1156 1115 1270 1153 non
1329 1097 1646 1152 offerebant
1701 1111 1926 1161 omnes,
1983 1093 2190 1148 saltem

539 1188 836 1243 Hincmari
871 1191 1149 1258 tempore,
1188 1185 1286 1239 sed
1347 1188 1577 1237 tantum
1618 1179 1849 1235 familiae
1903 1181 2190 1251 cujusque

541 1279 752 1351 capita,
789 1293 855 1332 ex
884 1277 1193 1331 Hincmaro
1227 1274 1396 1326 infra.

613 1398 880 1464 Oppones
915 1389 1214 1443 ministros
1246 1387 1532 1451 Ecclesiae,
1565 1386 1792 1451 viduas,
1823 1401 2110 1457 pauperes
2137 1389 2192 1439 et

542 1467 776 1554 egenos,
810 1496 958 1550 quos
1000 1477 1430 1532 matricularios
1465 1477 1768 1540 vocabant,
1829 1493 1898 1530 ex
1950 1474 2190 1546 reliquis

543 1570 908 1627 oblationum
932 1567 1122 1633 alitos,
1157 1583 1221 1621 ac
1247 1565 1485 1637 proinde
1509 1564 1793 1620 usitatum
1819 1581 1884 1619 ac
1907 1564 2190 1620 fermento

539 1662 932 1731 temperatum
966 1673 1174 1728 panem
1202 1655 1462 1710 oblatum
1499 1653 1694 1708 fuisse.

614 1785 699 1839 Ad
729 1784 836 1838 hoc
870 1797 1085 1854 repono
1118 1779 1408 1852 duplicem
1450 1778 1778 1850 antiquitus
1827 1779 1884 1832 in
1937 1777 2195 1834 Ecclesia

544 1875 754 1931 factam
789 1871 1165 1935 oblationem,
1200 1885 1374 1923 unam
1409 1874 1542 1923 ante
1585 1867 1848 1931 missam,
1909 1871 2010 1921 aut
2064 1871 2196 1922 ante
2225 1839 2272 1904 B

543 1963 941 2036 Evangelium,
975 1961 1214 2016 alteram
1248 1963 1378 2030 post
1422 1957 1636 2013 lectum
1669 1955 2061 2028 Evangelium,
2125 1956 2195 2011 ad

546 2053 929 2119 offertorium,
965 2055 1028 2105 ut
1048 2065 1343 2105 vocamus.
1375 2049 1431 2101 In
1462 2047 1652 2118 prima
1672 2045 2198 2101 offerebantﬁdeles

544 2161 780 2219 panem,
813 2142 1034 2208 vinum,
1070 2156 1283 2205 ceram,
1308 2143 1364 2192 et
1386 2136 1539 2191 aliud
1570 2136 1963 2208 quodcunque
1986 2135 2043 2189 in
2068 2151 2201 2206 sup-

547 2234 912 2308 plementum
944 2229 1337 2291 sacerdotum,
1370 2226 1701 2292 viduarum,
1764 2241 2088 2297 pauperum
2145 2228 2202 2279 et

547 2336 886 2395 egenorum,
920 2319 978 2371 in
1013 2317 1194 2371 altera
1227 2331 1434 2386 panem
1469 2317 1524 2368 et
1552 2313 1752 2367 vinum
1787 2315 1857 2368 ad
1899 2329 2198 2369 consecra-

547 2412 788 2466 tionem.
824 2407 990 2460 I-lunc
1023 2404 1214 2458 locum
1257 2403 1483 2475 egregie
1542 2401 1797 2457 illustrat
1852 2402 2200 2458 Hincmarus

549 2497 856 2554 Remensis
889 2495 946 2548 in
979 2493 1316 2565 capitularis
1348 2491 1518 2563 primi
1563 2491 1806 2546 articulo
1837 2508 1965 2546 xvx:
2032 2515 2058 2540 «
2092 2493 2200 2557 Qui

553 2586 856 2645 candelam
891 2585 1095 2639 offerre
1125 2581 1392 2648 voluerit,
1426 2581 1544 2635 sive
1575 2579 1926 2651 specialiter,
1955 2580 2073 2635 sive
2103 2596 2198 2653 ge-

553 2674 850 2741 neraliter,
885 2676 986 2728 aut
1009 2676 1142 2727 ante
1159 2670 1427 2738 missam,
1451 2673 1551 2723 aut
1581 2669 1730 2723 inter
1752 2668 2013 2736 missam,
2039 2673 2198 2725 ante-

549 2782 724 2841 quam
757 2761 1134 2834 Evangelium
1170 2759 1420 2831 legatur,
1457 2759 1526 2812 ad
1579 2756 1759 2813 altare
1815 2757 2054 2812 deferat.
2113 2759 2198 2814 Ad

549 2855 901 2912 oblationem
937 2854 1130 2906 autem
1163 2865 1338 2903 unam
1374 2847 1784 2902 tantummodo
1841 2845 2094 2902 oblatam
2141 2851 2198 2904 et

548 2941 904 3000 offertorium
940 2956 1042 3012 pro
1075 2953 1135 2992 se
1162 2938 1406 3008 suisque
1445 2936 1720 2992 omnibus
1763 2937 2093 3006 conjunctis
2142 2941 2199 2992 et

548 3029 940 3089 familiaribus
972 3030 1192 3082 offerat.
1228 3028 1287 3082 Si
1319 3026 1450 3098 plus
1489 3026 1560 3081 de
1615 3025 1749 3080 vino
1808 3025 2076 3100 voluerit,
2136 3023 2195 3081 in

548 3119 814 3178 buticula
841 3118 928 3173 vel
961 3133 1168 3186 canna,
1203 3120 1301 3172 aut
1332 3115 1527 3186 plures
1584 3111 1842 3182 oblatas;
1905 3117 2007 3169 aut
2064 3117 2196 3169 ante

2294 556 2467 612 nibus
2499 557 2716 629 azymis
2747 559 3023 631 mysteria
3053 557 3416 616 celebrarent.

2368 647 2496 702 Haec
2527 647 2774 718 objectio
2808 649 2996 721 prima
3037 649 3219 704 fronte
3251 649 3389 703 mihi
3415 647 3692 721 aliquando
3731 651 3839 708 vali-

2297 736 2544 791 dissima
2555 739 2676 792 visa
2698 741 2815 805 est;
2837 742 2926 792 ast
2942 737 3430 810 integrumlocum
3456 738 3647 812 legenti
3660 757 3754 797 non
3770 742 3840 798 ita.

2298 825 2604 897 Epiphanii
2638 826 2755 880 hmo
2787 828 2960 882 verba
2989 835 3145 882 sunt.
3204 837 3446 899 Μυστήριι
3473 837 3518 884 δὲ
3547 837 3671 895 δῆθεν
3694 839 3846 901 τέλομπ

2299 917 2423 962 κατὰ
2477 915 2680 977 μίμησιν
2721 918 2819 962 τῶν
2866 916 3012 978 ἁγίων
3062 915 3111 963 ἐν
3161 919 3222 975 τῆ
3266 915 3517 980 Ἐκκλησίᾳ
3557 917 3642 966 ἀπὸ
3681 917 3846 969 ἐνιαυτοῦ

2300 1003 2362 1062 εἷς
2409 1003 2626 1052 ἐνιαυτὸν
2675 1004 2732 1051 δι’
2779 1005 2993 1067 ἀζύμων,
3039 1006 3122 1052 καὶ
3164 1005 3218 1053 τὸ
3259 1003 3382 1052 me
3428 1006 3560 1069 μέρος
3597 1010 3672 1054 τοῦ
3715 1025 3849 1069 pum,-

2302 1101 2402 1165 ρίου
2433 1101 2490 1148 δι’
2520 1101 2688 1158 ὕδατος
2720 1103 2886 1165 μόνου,
2921 1094 2976 1148 id
3008 1098 3114 1161 est,
3150 1117 3177 1143 «
3206 1095 3475 1167 mysteria
3523 1112 3642 1151 vero
3688 1096 3852 1154 scilicet

2300 1183 2610 1252 perﬁciunt
2641 1198 2708 1237 ex
2750 1182 3075 1238 imitatione
3134 1187 3462 1238 sanctorum
3519 1183 3608 1255 qui
3659 1190 3770 1241 sunt
3810 1188 3850 1241 in

2301 1269 2556 1326 Ecclesia
2577 1276 2719 1342 quot
2739 1270 2907 1326 annis
2934 1270 2993 1325 in
3019 1271 3270 1344 azymis;
3304 1272 3536 1328 alteram
3564 1278 3732 1328 autem
3765 1292 3853 1347 my-

2303 1359 2462 1414 sterii
2493 1363 2718 1431 partem
2751 1361 2808 1415 in
2841 1378 2993 1431 aqua
3023 1361 3165 1416 sola.
3194 1386 3214 1410 ιι
3250 1362 3331 1418 Ex
3351 1360 3464 1417 illis
3491 1363 3664 1418 verbis
3687 1380 3776 1419 non
3794 1365 3854 1418 in-

2294 1447 2453 1519 juria
2483 1448 2616 1519 quis
2648 1449 2756 1504 hoc
2785 1451 2956 1505 modo
2990 1451 3384 1522 argumentari
3414 1450 3638 1523 poterit:
3671 1453 3855 1525 Epiphap

2301 1537 2435 1592 nius
2451 1538 2693 1609 probare
2706 1539 3243 1596 videturEbionmos
3267 1539 3324 1595 in
3339 1557 3403 1595 eo
3426 1541 3570 1612 quod
3587 1542 3856 1598 sacriﬁcium

2303 1627 2620 1682 offerebant
2667 1629 2984 1699 quotannis
3015 1629 3074 1683 in
3114 1629 3335 1697 azymis
3392 1646 3458 1685 ex
3490 1629 3767 1686 imitatione
3783 1632 3854 1686 Eca

2303 1714 2489 1770 clesiaz
2517 1714 2723 1771 saltem
2748 1717 2963 1772 Latinae
2989 1736 3002 1784 ;
3029 1733 3126 1773 eos
3156 1734 3291 1774 vero
3313 1718 3421 1774 hoc
3451 1723 3659 1774 tantum
3687 1719 3858 1775 nomine

2304 1805 2498 1876 arguit
2528 1805 2637 1860 isto
2689 1805 2812 1861 loco
2873 1807 3024 1877 quod
3080 1825 3182 1880 pro
3234 1806 3415 1864 altera
3464 1807 3701 1863 sacriﬁcii
3746 1813 3858 1879 parte

2308 1909 2521 1964 aquam
2553 1893 2740 1949 solam
2773 1895 3135 1951 adhiberent.
3171 1897 3320 1970 Ergo
3341 1913 3406 1952 eo
3421 1899 3661 1968 tempore
3677 1895 3860 1952 Ecclesia

2307 1999 2376 2037 ex
2407 1999 2554 2055 pane
2583 2000 2784 2055 azymo
2807 1985 3162 2040 sacriﬁcium
3220 1985 3576 2042 conﬁciebat.
3627 1985 3751 2040 Certe
3793 1985 3859 2040 in-

2308 2072 2643 2144 terpretatio
2679 2073 2799 2128 hac
2829 2074 3138 2146 Epiphanii
3167 2075 3363 2130 verbis
3385 2074 3596 2131 nullam
3616 2075 3748 2131 affert
3761 2075 3858 2138 vim,

2309 2160 2573 2232 quinimo
2622 2161 2810 2234 ipsius
2868 2163 3050 2218 menti
3096 2168 3487 2220 consentanea
3528 2180 3642 2220 esse
3679 2163 3858 2230 videtur,

2309 2267 2445 2305 cum
2479 2267 2678 2307 eorum
2711 2267 2932 2307 morem
2956 2251 3245 2309 laudetob
3265 2252 3524 2310 Ecclesiae
3542 2251 3859 2316 imitationem,

2310 2356 2486 2410 quam
2518 2341 2578 2396 in
2607 2340 2914 2398 efferendis
2945 2342 3163 2414 azymis
3204 2342 3384 2398 sitam
3415 2359 3538 2400 esse
3571 2359 3671 2398 non
3716 2341 3860 2396 imme-

2309 2428 2418 2487 rito
2452 2430 2584 2502 quis
2617 2431 2945 2486 contendat.
2979 2432 3222 2488 Accedit
3255 2433 3410 2504 quod
3443 2431 3755 2504 Epiphanius
3796 2427 3864 2500 qui

2309 2534 2532 2575 errores
2565 2519 2681 2575 fere
2711 2537 2917 2576 omnes
2950 2537 3099 2593 quos
3131 2526 3400 2578 recenset
3419 2521 3725 2593 impugnare
3741 2518 3862 2582 solet;

2307 2608 2630 2664 Encratitas
2663 2609 2902 2680 quidem
2933 2610 3034 2682 qui
3065 2625 3219 2682 aqua
3245 2611 3372 2668 sola
3402 2612 3461 2666 in
3497 2627 3553 2666 re
3595 2625 3734 2665 sacra
3776 2611 3864 2662 ute-

2307 2696 2541 2767 bantur,
2575 2697 2824 2766 refutat;
2859 2716 3154 2771 nusquam
3193 2716 3332 2756 vero
3390 2715 3698 2771 azymorum
3741 2711 3863 2752 nsum

2305 2785 2694 2857 reprehendit.
2729 2791 2795 2842 Et
2824 2805 2964 2844 sane
2996 2788 3130 2860 quis
3159 2793 3331 2860 putet
3367 2787 3720 2861 Epiphaniam
3757 2798 3863 2841 em-

2306 2874 2386 2930 ris
2416 2875 2726 2932 damnasse
2755 2877 3054 2950 Ebionaaos
3078 2878 3150 2933 ob
3173 2894 3354 2934 usum
3376 2893 3688 2951 azymorum
3709 2877 3758 2930 in
3780 2889 3863 2943 my-

2305 2963 2480 3019 sterio
2511 2967 3071 3037 sacrosancto,quod
3092 2967 3151 3021 in
3179 2969 3405 3041 azymis
3427 2961 3865 3026 aChristoDomino

2303 3051 2642 3110 institutum
2676 3055 2857 3112 fuisse
2883 3056 3213 3126 conﬁtetur,
3260 3056 3530 3130 superius
3584 3053 3865 3128 pramissum

552 3210 818 3308 ΨίδδῗῖῙῬ
852 3210 1133 3308 NEPOS}
1189 3206 1432 3308 misisam
1490 3204 1827 3308 Ρῐξθδδγῗθτο
1867 3201 1969 3308 ,νεὶ
2021 3203 2192 3258 mini‘
2227 3212 2268 3279 α
2382 3229 2573 3287 Unum
2605 3231 2697 3287 hic
2728 3249 3017 3290 remoram
3049 3234 3262 3307 injicit,
3287 3235 3441 3308 quod
3473 3233 3673 3292 scilicet
3690 3226 3866 3303 Epipha-

553 3305 674 3357 stro
703 3299 860 3353 illius
890 3297 1130 3362 tribuat,
1190 3296 1344 3349 unde
1392 3293 1644 3365 populus
1710 3293 1769 3346 in
1828 3291 2198 3364 eleemosyna

552 3391 611 3455 et
637 3386 1041 3442 benedictione
1073 3383 1234 3438 illius
1277 3381 1537 3452 eulogias
1595 3380 1860 3452 accipiat,
1920 3380 2006 3436 vel
2064 3398 2202 3451 pre-

557 3476 753 3546 sbyter
765 3473 1238 3544 supplementum
1258 3470 1491 3540 aliquod
1511 3469 1738 3523 habeat.
1757 3490 1783 3518 »
1801 3472 2081 3523 Praeterea
2102 3487 2201 3541 pa-

554 3579 688 3618 nem
721 3576 1090 3616 communem
1123 3576 1155 3612 a
1186 3556 1457 3612 ﬁdelibus
1488 3555 1678 3612 offerri
1710 3555 1945 3611 solitum
1986 3557 2200 3614 diserte

554 3653 729 3708 etiam
760 3650 830 3706 ab
855 3648 1066 3704 oblatis
1096 3645 1508 3701 consecrandis
1537 3645 1846 3716 distinguit
1887 3645 2198 3702 concilium

550 3742 962 3805 Namnetense,
978 3753 1110 3791 cum
1134 3735 1336 3791 statuit
1358 3751 1482 3805 cap.
1513 3735 1566 3804 9,
1590 3754 1616 3782 «
1639 3736 1702 3787 ut
1719 3736 1789 3788 de
1806 3732 2199 3790 oblationibus

549 3847 675 3903 quae
693 3829 1010 3885 afferentur
1031 3844 1063 3881 a
1084 3824 1320 3898 populo,
1336 3828 1392 3879 et
1412 3820 1832 3878 consecrationi
1855 3826 2194 3894 supersunt;

541 3920 631 3977 vel
665 3921 733 3975 de
764 3918 1015 3990 panibus
1045 3932 1194 3987 quos
1225 3914 1476 3969 offerunt
1501 3910 1701 3966 ﬁdeles
1730 3911 1800 3967 ad
1857 3910 2194 3981 Ecclesiam,

543 4007 630 4063 vel
657 4011 807 4062 certe
829 4007 899 4062 de
931 4005 1054 4060 suis
1087 4003 1389 4075 presbyter
1409 4000 1818 4057 convenienter
1841 4003 2033 4072 partes
2058 4000 2197 4056 inci-

543 4112 641 4153 sas
669 4095 882 4150 habeat
911 4093 969 4146 in
999 4108 1133 4146 vase
1163 4090 1368 4157 nitido,
1404 4093 1468 4143 ut
1485 4093 1616 4160 post
1639 4088 1955 4144 missarum
1979 4089 2193 4145 solem-

541 4184 661 4251 nia,
699 4182 796 4254 qui
831 4179 1263 4236 communicare
1295 4195 1410 4233 non
1444 4177 1678 4232 fuerunt
1700 4177 1905 4248 parati,
1928 4176 2190 4250 eulogias

544 4271 704 4328 omni
737 4270 828 4325 die
857 4267 1156 4324 Dominico
1187 4270 1242 4321 et
1271 4267 1329 4320 in
1357 4265 1563 4320 diebus
1601 4264 1762 4320 festis
1791 4265 1999 4320 exinde
2036 4267 2190 4321 acci-

541 4362 725 4436 piant.
763 4384 790 4409 ››
815 4359 948 4414 Erat
969 4373 1104 4430 ergo
1130 4355 1278 4412 alius
1301 4353 1470 4427 panis
1499 4353 1730 4408 oblatus
1762 4353 1832 4408 ad
1891 4369 2190 4410 consecra-

541 4451 781 4516 tionem,
817 4449 965 4504 alius
997 4471 1025 4495 ‹‹
1059 4447 1126 4500 ad
1167 4443 1503 4508 Ecclesiam,
1538 4464 1565 4490 ››
1600 4443 1652 4496 id
1685 4446 1774 4497 est
1820 4443 1890 4497 ad
1948 4443 2189 4500 alendos

541 4538 807 4594 Ecclesim
830 4536 1151 4592 ministros.
1173 4535 1250 4588 Ex
1269 4533 1545 4588 alterutro
1571 4531 1783 4586 fiebant
1801 4531 2061 4604 eulogia,
2085 4535 2185 4605 qui

541 4628 708 4701 panis
735 4626 1076 4682 benedictus
1108 4624 1279 4679 modo
1303 4621 1645 4695 appellatur.
1676 4625 1818 4691 Lege
1841 4619 1924 4675 sic
1953 4622 2184 4693 Capitu-

538 4716 659 4773 lare
688 4716 944 4788 primum
967 4712 1262 4769 Hincmari
1294 4711 1534 4766 articulo
1563 4713 1618 4778 7,
1639 4714 1694 4764 et
1717 4710 2184 4767 Consuetudines

538 4805 951 4861 Cluniacenses
977 4804 1033 4857 in
1066 4802 1166 4857 lib.
1203 4820 1263 4870 ιι,
1297 4819 1422 4872 cap.
1456 4801 1546 4865 30,
1607 4797 1704 4852 ubi
1764 4798 2179 4870 praescribitur,

537 4915 566 4942 «
597 4896 662 4947 ut
685 4891 743 4945 in
773 4891 1008 4963 privatis
1038 4891 1242 4946 diebus
1273 4889 1474 4944 hostiae
1504 4903 1613 4942 non
1650 4891 1993 4941 consecratae
2048 4904 2180 4959 por-

532 4984 732 5037 tentur
761 4982 818 5034 in
852 4980 1169 5046 refcctorio,
1201 4983 1263 5032 ut
1293 4978 1382 5032 his
1414 4977 1512 5048 qui
1539 4993 1604 5031 eo
1630 4975 1722 5030 die
1763 4992 1876 5031 non
1918 4991 2180 5030 commu-

533 5071 871 5126 nicaverunt
902 5069 1348 5132 distribuantur,
1385 5090 1406 5117 ι
1443 5080 1650 5136 nempe
1681 5062 1789 5118 illae
1830 5065 1991 5136 ipsa,
2050 5081 2178 5135 quae

533 5160 707 5215 etiam
735 5177 768 5214 a
786 5175 898 5214 non
919 5155 1433 5212 communicaturis
1447 5153 1650 5208 oblatae
1664 5153 1893 5209 fuerant
1913 5153 1973 5208 in
1998 5153 2180 5210 missa

533 5248 803 5320 solemni,
835 5247 892 5301 in
919 5264 1033 5318 qua
1063 5245 1291 5300 tametsi
1315 5259 1514 5298 omnes
1537 5241 1788 5314 singulis
1809 5243 2016 5298 diebus
2039 5244 2175 5298 offe-

532 5337 759 5399 rebant,
792 5341 907 5391 tres
943 5339 1166 5390 tantum
1199 5331 1441 5398 hostias,
1475 5331 1680 5386 diebus
1713 5330 2033 5398 ferialibus,
2070 5348 2174 5403 pro

531 5425 1050 5479 communicaturis
1080 5439 1145 5476 ex
1177 5422 1454 5476 alterutro
1484 5419 1742 5474 vicissim
1774 5419 1946 5474 choro
1969 5436 2171 5476 conse-

533 5511 682 5566 crari
714 5528 841 5567 mos
871 5516 1014 5577 erat,
1049 5509 1365 5566 Dominicis
1397 5508 1674 5580 quinque.

601 5627 774 5684 Aliud
807 5629 1096 5699 objectum
1130 5626 1342 5700 petitur
1372 5642 1439 5681 cx
1469 5623 1788 5697 Epiphanio
1847 5625 1907 5682 in
1964 5626 2169 5685 haeresi

2310 3319 2444 3375 nius
2475 3321 2618 3393 ipse,
2645 3321 2702 3376 in
2735 3321 2942 3378 haeresi
2975 3325 3064 3392 46,
3095 3325 3332 3380 Tatiani
3357 3327 3576 3381 errores
3601 3329 3866 3378 enumerans

2309 3408 2388 3464 ait
2418 3427 2551 3464 eum
2595 3411 2924 3467 instituisse
2957 3413 3240 3484 mysteria
3299 3413 3566 3486 quaedam
3593 3419 3702 3467 κατὰ
3725 3415 3867 3478 μίμησιν

2306 3509 2391 3565 τῆς
2440 3508 2574 3570 ἁγίας
2625 3507 2930 3568 Ἐκκλησίας,
2985 3502 3117 3556 «ad
3166 3501 3438 3558 Ecclesia:
3493 3504 3684 3558 sanctas
3730 3492 3868 3550 imita-

2308 3587 2526 3642 tionem
2562 3610 2588 3636 »
2622 3589 2722 3643 sed
2754 3589 2825 3644 ad
2847 3605 2914 3644 ea
2941 3595 3135 3646 tamen
3166 3589 3318 3646 nihil
3343 3594 3545 3662 prater
3563 3600 3746 3660 aquam
3761 3577 3869 3638 adhi-

2305 3675 2525 3732 buisse.
2560 3676 2665 3732 Ubi
2699 3682 2859 3750 patet
2888 3678 3155 3735 Ecclesia;
3213 3679 3600 3736 imitationem
3648 3691 3742 3732 non
3783 3682 3868 3724 rem

2307 3762 2582 3832 oblatam,
2619 3767 2718 3821 sed
2751 3766 3105 3824 oblationem
3138 3769 3454 3840 respicere.
3485 3765 3637 3832 Quod
3662 3754 3868 3820 etiamdi-

2305 3853 2556 3908 cendum
2587 3853 2657 3909 de
2680 3855 2860 3926 priori
2891 3855 3248 3912 testimonio.

2375 3946 2448 3997 Et
2478 3941 2714 4014 quidem
2754 3943 2865 4000 hoc
2912 3948 3259 4018 argumento
3321 3949 3476 4002 recte
3531 3939 3792 4014 colligitur,
3819 3946 3870 3988 ex

2305 4030 2480 4102 priori
2505 4030 2601 4086 illo
2625 4033 2933 4106 Epiphanii
2963 4034 3088 4091 loco
3111 4033 3234 4091 nihi
3262 4036 3406 4092 certi
3433 4032 3628 4092 conﬁci
3648 4041 3787 4102 posse
3799 4035 3871 4094 ΡΝ

2303 4138 2413 4177 usu
2447 4138 2822 4194 azymorum;
2857 4127 2913 4178 et
2939 4139 3044 4195 ego
3067 4125 3139 4180 de
3163 4123 3460 4180 industria
3480 4123 3622 4179 istuc
3643 4117 3871 4174 illumnon

2300 4210 2474 4266 retuli
2507 4211 2565 4266 in
2599 4211 3021 4282 superioribus,
3053 4212 3154 4268 ubi
3185 4217 3386 4268 actum
3417 4217 3506 4269 est
3551 4211 3617 4266 de
3657 4201 3873 4263 fermento

2299 4299 2651 4356 Graecorum.
2684 4301 2792 4356 Sed
2824 4306 3020 4357 tamen
3051 4301 3187 4358 hinc
3219 4319 3339 4359 non
3372 4301 3646 4360 evincitur
3683 4289 3869 4365 Epipha-

2297 4384 2462 4440 nium
2494 4390 2748 4442 statuere
2779 4387 3090 4460 utrobique
3119 4387 3389 4446 Ecclesiae
3448 4384 3790 4444 imitationem
3829 4373 3870 4430 in

2296 4474 2424 4546 ipsa
2445 4475 2755 4540 oblatione,
2789 4493 2904 4532 non
2935 4477 2993 4532 in
3026 4493 3088 4532 re
3112 4477 3332 4534 oblata.
3375 4478 3522 4534 Nam
3558 4470 3870 4529 imitationem

2217 4583 2262 4647 D
2295 4563 2484 4635 magis
2501 4581 2833 4636 expressam
2855 4565 3161 4637 agnovisse
3184 4566 3378 4638 potuit
3394 4566 3453 4622 in
3467 4559 3726 4621 Ebionaeis
3741 4563 3872 4627 quam

2296 4653 2354 4706 in
2385 4653 2648 4709 Tatiano.
2682 4653 2892 4710 Praeter
2939 4670 3026 4724 ea,
3085 4655 3322 4711 etiamsi
3376 4663 3694 4726 azymorum
3744 4651 3870 4698 usum

2293 4758 2410 4797 non
2437 4743 2644 4798 referat
2665 4743 2736 4797 ad
2761 4742 3146 4799 imitationem
3161 4743 3458 4811 Ecclesia,
3473 4759 3585 4799 non
3598 4726 3871 4796 tamenme

2291 4835 2447 4889 certo
2477 4831 2702 4886 eruitur
2730 4847 2864 4886 eum
2884 4849 3058 4888 usum
3081 4834 3153 4889 ab
3184 4833 3312 4904 ipso
3336 4833 3490 4889 inter
3517 4842 3719 4887 errores
3733 4822 3870 4890 ἀθρα-

2292 4918 2404 4974 tari
2434 4919 2684 4975 maxime
2715 4936 2871 4987 cum,
2905 4924 2969 4975 ut
2990 4921 3117 4991 jam
3164 4921 3306 4991 dixi,
3369 4920 3638 4994 agnoscat
3675 4906 3868 4984 EPiPh"

2291 5007 2422 5062 nius
2453 5006 2876 5063 Eucharistiam
2915 5007 3188 5080 primitus
3233 5010 3291 5065 in
3353 4993 3566 5082 azymis
3615 5022 3645 5060 a
3694 4993 3868 5056 Chl‘isw

2292 5095 2641 5150 institutam.
2679 5096 2788 5151 Fac
2819 5097 2976 5152 enim
3007 5097 3234 5155 Graecos
3257 5099 3656 5154 fermentatum
3706 5091 3866 5160 pllan

2289 5183 2348 5239 in
2376 5201 2496 5239 rem
2531 5201 2757 5240 sacram
2785 5190 2910 5240 tum
2943 5186 3303 5255 adhibuisse,
3332 5185 3561 5242 Latinos
3589 5195 3708 5236 vero
3734 5172 3866 5230 infer-

2286 5278 2634 5329 mentatum.
2661 5274 2823 5330 Certe
2844 5275 3206 5348 Epiphanius
3233 5293 3351 5332 non
3379 5271 3660 5330 retulisset
3687 5271 3864 5353 azme'

2286 5380 2418 5420 rum
2441 5380 2614 5418 usum
2637 5363 2707 5419 ad
2727 5363 3112 5421 imitationem
3127 5363 3393 5421 Ecclesiae
3415 5365 3676 5420 universa:
3697 5373 3709 5420 ;
3729 5351 3866 5420 δίψη·

2285 5451 2416 5506 dem
2449 5453 2644 5507 Graeca
2673 5451 3087 5510 fermentatum
3120 5470 3330 5528 panem
3370 5447 3730 5508 adhibuisset.
3778 5433 3862 5490 Nec

2282 5544 2477 5596 tamen
2510 5540 2722 5596 erroris
2752 5541 3138 5599 damnaturus
3168 5545 3321 5600 esset
3363 5555 3532 5597 usum
3561 5537 3860 5616 azymorum.

2283 5643 2458 5700 quem
2479 5625 2538 5685 in
2556 5627 2774 5685 Latinis
2793 5645 2909 5686 non
2930 5630 3342 5703 improbasset.
3363 5627 3448 5686 Ad
3471 5625 3602 5692 haec,
3623 5619 3667 5678 si
3689 5623 3857 5672 erroris
