  <div class='ocr_page' id='page_1' title='image "/cluster/home/n/w/nwhite01/storage/ocr_20150623/143/hvd.32044054760038/644.png"; bbox 0 0 4138 6186; ppageno 0'>
   <div class='ocr_carea' id='block_1_1' title="bbox 312 348 470 420">
    <p class='ocr_par' dir='ltr' id='par_1_1' title="bbox 312 348 470 420">
     <span class='ocr_line' id='line_1_1' title="bbox 312 348 470 420; baseline -0.013 0"><span class='ocrx_word' id='word_1_1' title='bbox 312 348 470 420; x_wconf 68' lang='grc'><strong>1273</strong></span> 
     </span>
    </p>
   </div>
   <div class='ocr_carea' id='block_1_2' title="bbox 1281 344 2742 424">
    <p class='ocr_par' dir='ltr' id='par_1_2' title="bbox 1281 344 2742 424">
     <span class='ocr_line' id='line_1_2' title="bbox 1281 344 2742 424; baseline 0.002 -10"><span class='ocrx_word' id='word_1_2' title='bbox 1281 349 1740 416; x_wconf 74' lang='lat' dir='ltr'><strong>MABILLONII</strong></span> <span class='ocrx_word' id='word_1_3' title='bbox 1785 344 2254 424; x_wconf 78' lang='lat' dir='ltr'><strong>DISQUISITIO</strong></span> <span class='ocrx_word' id='word_1_4' title='bbox 2295 349 2400 413; x_wconf 87' lang='lat' dir='ltr'><strong>DE</strong></span> <span class='ocrx_word' id='word_1_5' title='bbox 2442 351 2742 417; x_wconf 84' lang='lat' dir='ltr'><strong>AZYMO.</strong></span> 
     </span>
    </p>
   </div>
   <div class='ocr_carea' id='block_1_3' title="bbox 3561 359 3716 424">
    <p class='ocr_par' dir='ltr' id='par_1_3' title="bbox 3561 359 3716 424">
     <span class='ocr_line' id='line_1_3' title="bbox 3561 359 3716 424; baseline 0 -2"><span class='ocrx_word' id='word_1_6' title='bbox 3561 359 3716 424; x_wconf 72' lang='grc'><strong>12⁸74</strong></span> 
     </span>
    </p>
   </div>
   <div class='ocr_carea' id='block_1_4' title="bbox 312 486 3714 569">
    <p class='ocr_par' dir='ltr' id='par_1_4' title="bbox 312 486 3714 569">
     <span class='ocr_line' id='line_1_4' title="bbox 312 486 3714 569; baseline 0.005 -34"><span class='ocrx_word' id='word_1_7' title='bbox 312 490 510 566; x_wconf 60' lang='lat' dir='ltr'><strong>arguit</strong></span> <span class='ocrx_word' id='word_1_8' title='bbox 537 488 839 547; x_wconf 83' lang='lat' dir='ltr'><strong>Ebionaos</strong></span> <span class='ocrx_word' id='word_1_9' title='bbox 870 487 1024 561; x_wconf 90' lang='lat' dir='ltr'><strong>quod</strong></span> <span class='ocrx_word' id='word_1_10' title='bbox 1056 486 1274 561; x_wconf 83' lang='lat' dir='ltr'><strong>azymis</strong></span> <span class='ocrx_word' id='word_1_11' title='bbox 1303 490 1624 555; x_wconf 85' lang='lat' dir='ltr'><strong>uterentur,</strong></span> <span class='ocrx_word' id='word_1_12' title='bbox 1647 487 1777 544; x_wconf 91' lang='lat' dir='ltr'><strong>ideo</strong></span> <span class='ocrx_word' id='word_1_13' title='bbox 1801 488 1955 544; x_wconf 81' lang='lat' dir='ltr'><strong>istud</strong></span> <span class='ocrx_word' id='word_1_14' title='bbox 1986 489 2042 552; x_wconf 73' lang='grc' dir='ltr'><strong>Α</strong></span> <span class='ocrx_word' id='word_1_15' title='bbox 2073 486 2330 542; x_wconf 80' lang='lat' dir='ltr'><strong>minatur</strong></span> <span class='ocrx_word' id='word_1_16' title='bbox 2360 486 2731 542; x_wconf 82' lang='lat' dir='ltr'><strong>fermentum.</strong></span> <span class='ocrx_word' id='word_1_17' title='bbox 2763 508 2790 536; x_wconf 83' lang='lat'>»</span> <span class='ocrx_word' id='word_1_18' title='bbox 2816 487 3189 546; x_wconf 83' lang='lat' dir='ltr'><strong>Innocentius</strong></span> <span class='ocrx_word' id='word_1_19' title='bbox 3221 489 3472 566; x_wconf 84' lang='lat' dir='ltr'><strong>denique</strong></span> <span class='ocrx_word' id='word_1_20' title='bbox 3502 494 3561 551; x_wconf 92' lang='lat' dir='ltr'><strong>in</strong></span> <span class='ocrx_word' id='word_1_21' title='bbox 3593 497 3714 569; x_wconf 82' lang='lat' dir='ltr'><strong>epi-</strong></span> 
     </span>
    </p>
   </div>
   <div class='ocr_carea' id='block_1_5' title="bbox 313 576 1963 654">
    <p class='ocr_par' dir='ltr' id='par_1_5' title="bbox 313 576 1963 654">
     <span class='ocr_line' id='line_1_5' title="bbox 313 576 1963 654; baseline -0.005 -13"><span class='ocrx_word' id='word_1_22' title='bbox 313 584 451 642; x_wconf 82' lang='lat' dir='ltr'><strong>fecit</strong></span> <span class='ocrx_word' id='word_1_23' title='bbox 478 580 634 654; x_wconf 89' lang='lat' dir='ltr'><strong>quod</strong></span> <span class='ocrx_word' id='word_1_24' title='bbox 668 595 936 652; x_wconf 81' lang='lat' dir='ltr'><strong>azymum</strong></span> <span class='ocrx_word' id='word_1_25' title='bbox 960 576 1305 634; x_wconf 84' lang='lat' dir='ltr'><strong>adhiberent</strong></span> <span class='ocrx_word' id='word_1_26' title='bbox 1321 592 1386 633; x_wconf 91' lang='lat' dir='ltr'><strong>eo</strong></span> <span class='ocrx_word' id='word_1_27' title='bbox 1413 576 1608 633; x_wconf 90' lang='lat' dir='ltr'><strong>animo</strong></span> <span class='ocrx_word' id='word_1_28' title='bbox 1657 582 1722 632; x_wconf 90' lang='lat' dir='ltr'><strong>ut</strong></span> <span class='ocrx_word' id='word_1_29' title='bbox 1753 577 1963 650; x_wconf 88' lang='lat' dir='ltr'><strong>legalia</strong></span> 
     </span>
    </p>
   </div>
   <div class='ocr_carea' id='block_1_6' title="bbox 312 667 1958 741">
    <p class='ocr_par' dir='ltr' id='par_1_6' title="bbox 312 667 1958 741">
     <span class='ocr_line' id='line_1_6' title="bbox 312 667 1958 741; baseline -0.005 -10"><span class='ocrx_word' id='word_1_30' title='bbox 312 690 451 731; x_wconf 90' lang='lat' dir='ltr'><strong>cum</strong></span> <span class='ocrx_word' id='word_1_31' title='bbox 508 668 819 741; x_wconf 88' lang='lat' dir='ltr'><strong>Evangelio</strong></span> <span class='ocrx_word' id='word_1_32' title='bbox 876 667 1090 723; x_wconf 86' lang='lat' dir='ltr'><strong>servari</strong></span> <span class='ocrx_word' id='word_1_33' title='bbox 1140 671 1404 739; x_wconf 88' lang='lat' dir='ltr'><strong>oportere</strong></span> <span class='ocrx_word' id='word_1_34' title='bbox 1461 667 1772 723; x_wconf 89' lang='lat' dir='ltr'><strong>traderent.</strong></span> <span class='ocrx_word' id='word_1_35' title='bbox 1834 667 1958 723; x_wconf 92' lang='lat' dir='ltr'><strong>Uno</strong></span> 
     </span>
    </p>
   </div>
   <div class='ocr_carea' id='block_1_7' title="bbox 313 755 1958 832">
    <p class='ocr_par' dir='ltr' id='par_1_7' title="bbox 313 755 1958 832">
     <span class='ocr_line' id='line_1_7' title="bbox 313 755 1958 832; baseline -0.004 -14"><span class='ocrx_word' id='word_1_36' title='bbox 313 763 513 832; x_wconf 86' lang='lat' dir='ltr'><strong>verbo,</strong></span> <span class='ocrx_word' id='word_1_37' title='bbox 547 759 595 816; x_wconf 90' lang='lat' dir='ltr'><strong>si</strong></span> <span class='ocrx_word' id='word_1_38' title='bbox 626 757 775 814; x_wconf 88' lang='lat' dir='ltr'><strong>nihil</strong></span> <span class='ocrx_word' id='word_1_39' title='bbox 808 756 944 813; x_wconf 86' lang='lat' dir='ltr'><strong>facit</strong></span> <span class='ocrx_word' id='word_1_40' title='bbox 974 773 1076 829; x_wconf 93' lang='lat' dir='ltr'><strong>pro</strong></span> <span class='ocrx_word' id='word_1_41' title='bbox 1109 773 1445 829; x_wconf 83' lang='lat' dir='ltr'><strong>azymorum</strong></span> <span class='ocrx_word' id='word_1_42' title='bbox 1496 773 1610 811; x_wconf 89' lang='lat' dir='ltr'><strong>usu</strong></span> <span class='ocrx_word' id='word_1_43' title='bbox 1659 755 1819 829; x_wconf 91' lang='lat' dir='ltr'><strong>prior</strong></span> <span class='ocrx_word' id='word_1_44' title='bbox 1846 756 1958 812; x_wconf 90' lang='lat' dir='ltr'><strong>iste</strong></span> 
     </span>
    </p>
   </div>
   <div class='ocr_carea' id='block_1_8' title="bbox 313 844 1959 918">
    <p class='ocr_par' dir='ltr' id='par_1_8' title="bbox 313 844 1959 918">
     <span class='ocr_line' id='line_1_8' title="bbox 313 844 1959 918; baseline -0.005 -9"><span class='ocrx_word' id='word_1_45' title='bbox 313 852 505 917; x_wconf 86' lang='lat' dir='ltr'><strong>locus,</strong></span> <span class='ocrx_word' id='word_1_46' title='bbox 536 851 690 904; x_wconf 91' lang='lat' dir='ltr'><strong>certe</strong></span> <span class='ocrx_word' id='word_1_47' title='bbox 720 863 836 902; x_wconf 90' lang='lat' dir='ltr'><strong>non</strong></span> <span class='ocrx_word' id='word_1_48' title='bbox 869 845 1057 918; x_wconf 89' lang='lat' dir='ltr'><strong>magis</strong></span> <span class='ocrx_word' id='word_1_49' title='bbox 1090 846 1240 901; x_wconf 84' lang='lat' dir='ltr'><strong>favet</strong></span> <span class='ocrx_word' id='word_1_50' title='bbox 1289 844 1633 901; x_wconf 90' lang='lat' dir='ltr'><strong>fermentato</strong></span> <span class='ocrx_word' id='word_1_51' title='bbox 1659 862 1672 913; x_wconf 90' lang='lat'><strong>;</strong></span> <span class='ocrx_word' id='word_1_52' title='bbox 1703 845 1804 900; x_wconf 91' lang='lat' dir='ltr'><strong>sed</strong></span> <span class='ocrx_word' id='word_1_53' title='bbox 1836 861 1959 900; x_wconf 90' lang='lat' dir='ltr'><strong>rem</strong></span> 
     </span>
    </p>
   </div>
   <div class='ocr_carea' id='block_1_9' title="bbox 313 933 1961 1007">
    <p class='ocr_par' dir='ltr' id='par_1_9' title="bbox 313 933 1961 1007">
     <span class='ocr_line' id='line_1_9' title="bbox 313 933 1961 1007; baseline -0.003 -10"><span class='ocrx_word' id='word_1_54' title='bbox 313 941 374 997; x_wconf 90' lang='lat' dir='ltr'><strong>in</strong></span> <span class='ocrx_word' id='word_1_55' title='bbox 407 938 601 995; x_wconf 92' lang='lat' dir='ltr'><strong>medio</strong></span> <span class='ocrx_word' id='word_1_56' title='bbox 632 935 928 1006; x_wconf 87' lang='lat' dir='ltr'><strong>relinquit,</strong></span> <span class='ocrx_word' id='word_1_57' title='bbox 962 950 1090 1006; x_wconf 84' lang='lat' dir='ltr'><strong>qua</strong></span> <span class='ocrx_word' id='word_1_58' title='bbox 1129 933 1370 1007; x_wconf 88' lang='lat' dir='ltr'><strong>proinde</strong></span> <span class='ocrx_word' id='word_1_59' title='bbox 1419 933 1550 989; x_wconf 91' lang='lat' dir='ltr'><strong>aliis</strong></span> <span class='ocrx_word' id='word_1_60' title='bbox 1599 934 1961 1006; x_wconf 84' lang='lat' dir='ltr'><strong>argumentis</strong></span> 
     </span>
    </p>
   </div>
   <div class='ocr_carea' id='block_1_10' title="bbox 313 1028 784 1087">
    <p class='ocr_par' dir='ltr' id='par_1_10' title="bbox 313 1028 784 1087">
     <span class='ocr_line' id='line_1_10' title="bbox 313 1028 784 1087; baseline -0.015 0"><span class='ocrx_word' id='word_1_61' title='bbox 313 1028 647 1087; x_wconf 88' lang='lat' dir='ltr'><strong>dirimenda</strong></span> <span class='ocrx_word' id='word_1_62' title='bbox 677 1030 784 1081; x_wconf 91' lang='lat' dir='ltr'><strong>est.</strong></span> 
     </span>
    </p>
   </div>
   <div class='ocr_carea' id='block_1_11' title="bbox 384 1111 1954 1185">
    <p class='ocr_par' dir='ltr' id='par_1_11' title="bbox 384 1111 1954 1185">
     <span class='ocr_line' id='line_1_11' title="bbox 384 1111 1954 1185; baseline -0.006 -9"><span class='ocrx_word' id='word_1_63' title='bbox 384 1120 471 1176; x_wconf 81' lang='lat' dir='ltr'><strong>Ad</strong></span> <span class='ocrx_word' id='word_1_64' title='bbox 494 1121 840 1183; x_wconf 82' lang='lat' dir='ltr'><strong>extremum,</strong></span> <span class='ocrx_word' id='word_1_65' title='bbox 872 1117 938 1169; x_wconf 88' lang='lat' dir='ltr'><strong>ut</strong></span> <span class='ocrx_word' id='word_1_66' title='bbox 969 1129 1091 1170; x_wconf 92' lang='lat' dir='ltr'><strong>rem</strong></span> <span class='ocrx_word' id='word_1_67' title='bbox 1123 1113 1327 1185; x_wconf 87' lang='lat' dir='ltr'><strong>paucis</strong></span> <span class='ocrx_word' id='word_1_68' title='bbox 1359 1113 1596 1168; x_wconf 86' lang='lat' dir='ltr'><strong>tandem</strong></span> <span class='ocrx_word' id='word_1_69' title='bbox 1629 1111 1954 1179; x_wconf 79' lang='lat' dir='ltr'><strong>conficiam,</strong></span> 
     </span>
    </p>
   </div>
   <div class='ocr_carea' id='block_1_12' title="bbox 315 1201 1960 1285">
    <p class='ocr_par' dir='ltr' id='par_1_12' title="bbox 315 1201 1960 1285">
     <span class='ocr_line' id='line_1_12' title="bbox 315 1201 1960 1285; baseline -0.007 -18"><span class='ocrx_word' id='word_1_70' title='bbox 315 1210 561 1285; x_wconf 89' lang='lat' dir='ltr'><strong>probato</strong></span> <span class='ocrx_word' id='word_1_71' title='bbox 599 1205 828 1263; x_wconf 83' lang='lat' dir='ltr'><strong>Gracos</strong></span> <span class='ocrx_word' id='word_1_72' title='bbox 867 1203 1067 1276; x_wconf 86' lang='lat' dir='ltr'><strong>eisque</strong></span> <span class='ocrx_word' id='word_1_73' title='bbox 1097 1202 1455 1258; x_wconf 72' lang='lat' dir='ltr'><strong>adhaerentes</strong></span> <span class='ocrx_word' id='word_1_74' title='bbox 1502 1201 1793 1257; x_wconf 90' lang='lat' dir='ltr'><strong>Ecclesias</strong></span> <span class='ocrx_word' id='word_1_75' title='bbox 1851 1203 1960 1257; x_wconf 85' lang='lat' dir='ltr'><strong>fer-</strong></span> 
     </span>
    </p>
   </div>
   <div class='ocr_carea' id='block_1_13' title="bbox 316 1291 1959 1365">
    <p class='ocr_par' dir='ltr' id='par_1_13' title="bbox 316 1291 1959 1365">
     <span class='ocr_line' id='line_1_13' title="bbox 316 1291 1959 1365; baseline -0.005 -9"><span class='ocrx_word' id='word_1_76' title='bbox 316 1303 534 1365; x_wconf 87' lang='lat' dir='ltr'><strong>mento,</strong></span> <span class='ocrx_word' id='word_1_77' title='bbox 568 1295 804 1352; x_wconf 88' lang='lat' dir='ltr'><strong>Latinos</strong></span> <span class='ocrx_word' id='word_1_78' title='bbox 832 1310 964 1349; x_wconf 90' lang='lat' dir='ltr'><strong>vero</strong></span> <span class='ocrx_word' id='word_1_79' title='bbox 995 1293 1214 1365; x_wconf 83' lang='lat' dir='ltr'><strong>azymis</strong></span> <span class='ocrx_word' id='word_1_80' title='bbox 1247 1292 1319 1348; x_wconf 91' lang='lat' dir='ltr'><strong>ab</strong></span> <span class='ocrx_word' id='word_1_81' title='bbox 1350 1291 1516 1347; x_wconf 91' lang='lat' dir='ltr'><strong>initio</strong></span> <span class='ocrx_word' id='word_1_82' title='bbox 1565 1308 1704 1347; x_wconf 90' lang='lat' dir='ltr'><strong>usos</strong></span> <span class='ocrx_word' id='word_1_83' title='bbox 1757 1291 1959 1360; x_wconf 89' lang='lat' dir='ltr'><strong>fuisse,</strong></span> 
     </span>
    </p>
   </div>
   <div class='ocr_carea' id='block_1_14' title="bbox 319 1380 1963 1453">
    <p class='ocr_par' dir='ltr' id='par_1_14' title="bbox 319 1380 1963 1453">
     <span class='ocr_line' id='line_1_14' title="bbox 319 1380 1963 1453; baseline -0.006 -7"><span class='ocrx_word' id='word_1_84' title='bbox 319 1388 580 1446; x_wconf 90' lang='lat' dir='ltr'><strong>admisso</strong></span> <span class='ocrx_word' id='word_1_85' title='bbox 627 1385 802 1441; x_wconf 88' lang='lat' dir='ltr'><strong>etiam</strong></span> <span class='ocrx_word' id='word_1_86' title='bbox 857 1382 1160 1438; x_wconf 87' lang='lat' dir='ltr'><strong>Ebionaos</strong></span> <span class='ocrx_word' id='word_1_87' title='bbox 1217 1383 1289 1436; x_wconf 88' lang='lat' dir='ltr'><strong>ab</strong></span> <span class='ocrx_word' id='word_1_88' title='bbox 1345 1380 1672 1453; x_wconf 87' lang='lat' dir='ltr'><strong>Epiphanio</strong></span> <span class='ocrx_word' id='word_1_89' title='bbox 1733 1384 1963 1436; x_wconf 89' lang='lat' dir='ltr'><strong>notatos</strong></span> 
     </span>
    </p>
   </div>
   <div class='ocr_carea' id='block_1_15' title="bbox 317 1470 1964 1551">
    <p class='ocr_par' dir='ltr' id='par_1_15' title="bbox 317 1470 1964 1551">
     <span class='ocr_line' id='line_1_15' title="bbox 317 1470 1964 1551; baseline -0.004 -17"><span class='ocrx_word' id='word_1_90' title='bbox 317 1478 476 1551; x_wconf 90' lang='lat' dir='ltr'><strong>quod</strong></span> <span class='ocrx_word' id='word_1_91' title='bbox 533 1475 592 1530; x_wconf 88' lang='lat' dir='ltr'><strong>in</strong></span> <span class='ocrx_word' id='word_1_92' title='bbox 647 1472 831 1530; x_wconf 90' lang='lat' dir='ltr'><strong>sacris</strong></span> <span class='ocrx_word' id='word_1_93' title='bbox 887 1488 1156 1544; x_wconf 88' lang='lat' dir='ltr'><strong>azymum</strong></span> <span class='ocrx_word' id='word_1_94' title='bbox 1218 1470 1582 1538; x_wconf 85' lang='lat' dir='ltr'><strong>adhiberent,</strong></span> <span class='ocrx_word' id='word_1_95' title='bbox 1641 1471 1964 1542; x_wconf 89' lang='lat' dir='ltr'><strong>respondeo</strong></span> 
     </span>
    </p>
   </div>
   <div class='ocr_carea' id='block_1_16' title="bbox 317 1561 1966 1634">
    <p class='ocr_par' dir='ltr' id='par_1_16' title="bbox 317 1561 1966 1634">
     <span class='ocr_line' id='line_1_16' title="bbox 317 1561 1966 1634; baseline -0.007 -9"><span class='ocrx_word' id='word_1_96' title='bbox 317 1567 622 1625; x_wconf 86' lang='lat' dir='ltr'><strong>Ebionaos</strong></span> <span class='ocrx_word' id='word_1_97' title='bbox 654 1564 725 1619; x_wconf 88' lang='lat' dir='ltr'><strong>ab</strong></span> <span class='ocrx_word' id='word_1_98' title='bbox 747 1562 1069 1634; x_wconf 90' lang='lat' dir='ltr'><strong>Epiphanio</strong></span> <span class='ocrx_word' id='word_1_99' title='bbox 1100 1561 1626 1632; x_wconf 88' lang='lat' dir='ltr'><strong>reprehensos,non</strong></span> <span class='ocrx_word' id='word_1_100' title='bbox 1651 1561 1804 1632; x_wconf 90' lang='lat' dir='ltr'><strong>quod</strong></span> <span class='ocrx_word' id='word_1_101' title='bbox 1837 1577 1966 1615; x_wconf 87' lang='lat' dir='ltr'><strong>cen-</strong></span> 
     </span>
    </p>
   </div>
   <div class='ocr_carea' id='block_1_17' title="bbox 319 1647 1965 1726">
    <p class='ocr_par' dir='ltr' id='par_1_17' title="bbox 319 1647 1965 1726">
     <span class='ocr_line' id='line_1_17' title="bbox 319 1647 1965 1726; baseline -0.007 -13"><span class='ocrx_word' id='word_1_102' title='bbox 319 1660 472 1713; x_wconf 87' lang='lat' dir='ltr'><strong>seret</strong></span> <span class='ocrx_word' id='word_1_103' title='bbox 500 1651 860 1726; x_wconf 89' lang='lat' dir='ltr'><strong>Epiphanius</strong></span> <span class='ocrx_word' id='word_1_104' title='bbox 892 1649 1073 1706; x_wconf 86' lang='lat' dir='ltr'><strong>cuivis</strong></span> <span class='ocrx_word' id='word_1_105' title='bbox 1100 1648 1366 1705; x_wconf 85' lang='lat' dir='ltr'><strong>Ecclesia</strong></span> <span class='ocrx_word' id='word_1_106' title='bbox 1397 1665 1598 1722; x_wconf 90' lang='lat' dir='ltr'><strong>azymo</strong></span> <span class='ocrx_word' id='word_1_107' title='bbox 1631 1650 1714 1704; x_wconf 85' lang='lat' dir='ltr'><strong>uti</strong></span> <span class='ocrx_word' id='word_1_108' title='bbox 1746 1665 1860 1704; x_wconf 93' lang='lat' dir='ltr'><strong>non</strong></span> <span class='ocrx_word' id='word_1_109' title='bbox 1890 1647 1965 1702; x_wconf 91' lang='lat' dir='ltr'><strong>li-</strong></span> 
     </span>
    </p>
   </div>
   <div class='ocr_carea' id='block_1_18' title="bbox 319 1739 1964 1814">
    <p class='ocr_par' dir='ltr' id='par_1_18' title="bbox 319 1739 1964 1814">
     <span class='ocr_line' id='line_1_18' title="bbox 319 1739 1964 1814; baseline -0.006 -12"><span class='ocrx_word' id='word_1_110' title='bbox 319 1745 578 1812; x_wconf 89' lang='lat' dir='ltr'><strong>cere,sed</strong></span> <span class='ocrx_word' id='word_1_111' title='bbox 605 1742 760 1814; x_wconf 90' lang='lat' dir='ltr'><strong>quod</strong></span> <span class='ocrx_word' id='word_1_112' title='bbox 785 1740 1037 1796; x_wconf 89' lang='lat' dir='ltr'><strong>Ebionai</strong></span> <span class='ocrx_word' id='word_1_113' title='bbox 1063 1755 1197 1794; x_wconf 91' lang='lat' dir='ltr'><strong>cum</strong></span> <span class='ocrx_word' id='word_1_114' title='bbox 1218 1743 1416 1793; x_wconf 91' lang='lat' dir='ltr'><strong>essent</strong></span> <span class='ocrx_word' id='word_1_115' title='bbox 1445 1739 1784 1794; x_wconf 86' lang='lat' dir='ltr'><strong>Gracanica</strong></span> <span class='ocrx_word' id='word_1_116' title='bbox 1806 1753 1964 1793; x_wconf 86' lang='lat' dir='ltr'><strong>com-</strong></span> 
     </span>
    </p>
   </div>
   <div class='ocr_carea' id='block_1_19' title="bbox 2070 574 3714 654">
    <p class='ocr_par' dir='ltr' id='par_1_19' title="bbox 2070 574 3714 654">
     <span class='ocr_line' id='line_1_19' title="bbox 2070 574 3714 654; baseline 0.008 -24"><span class='ocrx_word' id='word_1_117' title='bbox 2070 574 2220 631; x_wconf 89' lang='lat' dir='ltr'><strong>stola</strong></span> <span class='ocrx_word' id='word_1_118' title='bbox 2247 576 2319 631; x_wconf 91' lang='lat' dir='ltr'><strong>ad</strong></span> <span class='ocrx_word' id='word_1_119' title='bbox 2351 575 2689 632; x_wconf 88' lang='lat' dir='ltr'><strong>Decentium</strong></span> <span class='ocrx_word' id='word_1_120' title='bbox 2721 576 2801 632; x_wconf 88' lang='lat' dir='ltr'><strong>ita</strong></span> <span class='ocrx_word' id='word_1_121' title='bbox 2833 577 3050 649; x_wconf 87' lang='lat' dir='ltr'><strong>scribit,</strong></span> <span class='ocrx_word' id='word_1_122' title='bbox 3103 596 3228 654; x_wconf 90' lang='lat' dir='ltr'><strong>cap.</strong></span> <span class='ocrx_word' id='word_1_123' title='bbox 3274 584 3340 638; x_wconf 85' lang='lat'><strong>5:</strong></span> <span class='ocrx_word' id='word_1_124' title='bbox 3393 607 3420 634; x_wconf 87' lang='lat'><strong>«</strong></span> <span class='ocrx_word' id='word_1_125' title='bbox 3471 585 3552 642; x_wconf 92' lang='lat' dir='ltr'><strong>De</strong></span> <span class='ocrx_word' id='word_1_126' title='bbox 3599 588 3714 645; x_wconf 81' lang='lat' dir='ltr'><strong>fer-</strong></span> 
     </span>
    </p>
   </div>
   <div class='ocr_carea' id='block_1_20' title="bbox 2071 666 3716 744">
    <p class='ocr_par' dir='ltr' id='par_1_20' title="bbox 2071 666 3716 744">
     <span class='ocr_line' id='line_1_20' title="bbox 2071 666 3716 744; baseline 0.009 -25"><span class='ocrx_word' id='word_1_127' title='bbox 2071 671 2264 720; x_wconf 90' lang='lat' dir='ltr'><strong>mento</strong></span> <span class='ocrx_word' id='word_1_128' title='bbox 2296 667 2449 737; x_wconf 93' lang='lat' dir='ltr'><strong>quod</strong></span> <span class='ocrx_word' id='word_1_129' title='bbox 2482 667 2575 722; x_wconf 92' lang='lat' dir='ltr'><strong>die</strong></span> <span class='ocrx_word' id='word_1_130' title='bbox 2603 666 2902 724; x_wconf 91' lang='lat' dir='ltr'><strong>Dominico</strong></span> <span class='ocrx_word' id='word_1_131' title='bbox 2935 685 3035 740; x_wconf 92' lang='lat' dir='ltr'><strong>per</strong></span> <span class='ocrx_word' id='word_1_132' title='bbox 3067 670 3269 728; x_wconf 89' lang='lat' dir='ltr'><strong>titulos</strong></span> <span class='ocrx_word' id='word_1_133' title='bbox 3301 672 3716 744; x_wconf 87' lang='lat' dir='ltr'><strong>mittimus,su-</strong></span> 
     </span>
    </p>
   </div>
   <div class='ocr_carea' id='block_1_21' title="bbox 2069 755 3714 828">
    <p class='ocr_par' dir='ltr' id='par_1_21' title="bbox 2069 755 3714 828">
     <span class='ocr_line' id='line_1_21' title="bbox 2069 755 3714 828; baseline 0.007 -17"><span class='ocrx_word' id='word_1_134' title='bbox 2069 755 2288 828; x_wconf 86' lang='lat' dir='ltr'><strong>perflue</strong></span> <span class='ocrx_word' id='word_1_135' title='bbox 2317 772 2421 812; x_wconf 89' lang='lat' dir='ltr'><strong>nos</strong></span> <span class='ocrx_word' id='word_1_136' title='bbox 2452 756 2752 812; x_wconf 89' lang='lat' dir='ltr'><strong>consulere</strong></span> <span class='ocrx_word' id='word_1_137' title='bbox 2777 756 3035 826; x_wconf 86' lang='lat' dir='ltr'><strong>voluisti,</strong></span> <span class='ocrx_word' id='word_1_138' title='bbox 3068 776 3200 815; x_wconf 89' lang='lat' dir='ltr'><strong>cum</strong></span> <span class='ocrx_word' id='word_1_139' title='bbox 3233 779 3436 819; x_wconf 90' lang='lat' dir='ltr'><strong>omnes</strong></span> <span class='ocrx_word' id='word_1_140' title='bbox 3460 765 3714 822; x_wconf 86' lang='lat' dir='ltr'><strong>ecclesia</strong></span> 
     </span>
    </p>
   </div>
   <div class='ocr_carea' id='block_1_22' title="bbox 2068 845 3713 926">
    <p class='ocr_par' dir='ltr' id='par_1_22' title="bbox 2068 845 3713 926">
     <span class='ocr_line' id='line_1_22' title="bbox 2068 845 3713 926; baseline 0.008 -28"><span class='ocrx_word' id='word_1_141' title='bbox 2068 848 2279 900; x_wconf 85' lang='lat' dir='ltr'><strong>nostra</strong></span> <span class='ocrx_word' id='word_1_142' title='bbox 2328 845 2482 900; x_wconf 86' lang='lat' dir='ltr'><strong>intra</strong></span> <span class='ocrx_word' id='word_1_143' title='bbox 2528 846 2821 901; x_wconf 85' lang='lat' dir='ltr'><strong>civitatem</strong></span> <span class='ocrx_word' id='word_1_144' title='bbox 2870 846 2990 901; x_wconf 90' lang='lat' dir='ltr'><strong>sint</strong></span> <span class='ocrx_word' id='word_1_145' title='bbox 3039 849 3408 918; x_wconf 88' lang='lat' dir='ltr'><strong>constituta;</strong></span> <span class='ocrx_word' id='word_1_146' title='bbox 3461 871 3713 926; x_wconf 88' lang='lat' dir='ltr'><strong>quarum</strong></span> 
     </span>
    </p>
   </div>
   <div class='ocr_carea' id='block_1_23' title="bbox 2070 934 3716 1009">
    <p class='ocr_par' dir='ltr' id='par_1_23' title="bbox 2070 934 3716 1009">
     <span class='ocr_line' id='line_1_23' title="bbox 2070 934 3716 1009; baseline 0.007 -21"><span class='ocrx_word' id='word_1_147' title='bbox 2070 934 2559 1006; x_wconf 87' lang='lat' dir='ltr'><strong>presbyteri,quia</strong></span> <span class='ocrx_word' id='word_1_148' title='bbox 2591 935 2684 991; x_wconf 92' lang='lat' dir='ltr'><strong>die</strong></span> <span class='ocrx_word' id='word_1_149' title='bbox 2714 935 2841 1006; x_wconf 89' lang='lat' dir='ltr'><strong>ipsa</strong></span> <span class='ocrx_word' id='word_1_150' title='bbox 2872 941 3108 1008; x_wconf 91' lang='lat' dir='ltr'><strong>propter</strong></span> <span class='ocrx_word' id='word_1_151' title='bbox 3136 938 3364 1009; x_wconf 90' lang='lat' dir='ltr'><strong>plebem</strong></span> <span class='ocrx_word' id='word_1_152' title='bbox 3399 942 3507 997; x_wconf 89' lang='lat' dir='ltr'><strong>sibi</strong></span> <span class='ocrx_word' id='word_1_153' title='bbox 3530 945 3716 1000; x_wconf 91' lang='lat' dir='ltr'><strong>credi-</strong></span> 
     </span>
    </p>
   </div>
   <div class='ocr_carea' id='block_1_24' title="bbox 2068 1023 3715 1098">
    <p class='ocr_par' dir='ltr' id='par_1_24' title="bbox 2068 1023 3715 1098">
     <span class='ocr_line' id='line_1_24' title="bbox 2068 1023 3715 1098; baseline 0.009 -22"><span class='ocrx_word' id='word_1_154' title='bbox 2068 1027 2188 1077; x_wconf 88' lang='lat' dir='ltr'><strong>tam</strong></span> <span class='ocrx_word' id='word_1_155' title='bbox 2220 1023 2525 1078; x_wconf 90' lang='lat' dir='ltr'><strong>nobiscum</strong></span> <span class='ocrx_word' id='word_1_156' title='bbox 2554 1025 2860 1079; x_wconf 80' lang='lat' dir='ltr'><strong>convenire</strong></span> <span class='ocrx_word' id='word_1_157' title='bbox 2891 1042 3003 1080; x_wconf 92' lang='lat' dir='ltr'><strong>non</strong></span> <span class='ocrx_word' id='word_1_158' title='bbox 3038 1032 3306 1098; x_wconf 91' lang='lat' dir='ltr'><strong>possunt,</strong></span> <span class='ocrx_word' id='word_1_159' title='bbox 3353 1029 3568 1087; x_wconf 90' lang='lat' dir='ltr'><strong>idcirco</strong></span> <span class='ocrx_word' id='word_1_160' title='bbox 3599 1034 3715 1090; x_wconf 85' lang='lat' dir='ltr'><strong>fer-</strong></span> 
     </span>
    </p>
   </div>
   <div class='ocr_carea' id='block_1_25' title="bbox 2071 1112 3720 1194">
    <p class='ocr_par' dir='ltr' id='par_1_25' title="bbox 2071 1112 3720 1194">
     <span class='ocr_line' id='line_1_25' title="bbox 2071 1112 3720 1194; baseline 0.008 -28"><span class='ocrx_word' id='word_1_161' title='bbox 2071 1115 2335 1166; x_wconf 89' lang='lat' dir='ltr'><strong>mentum</strong></span> <span class='ocrx_word' id='word_1_162' title='bbox 2369 1129 2402 1166; x_wconf 90' lang='lat' dir='ltr'><strong>a</strong></span> <span class='ocrx_word' id='word_1_163' title='bbox 2433 1112 2600 1166; x_wconf 87' lang='lat' dir='ltr'><strong>nobis</strong></span> <span class='ocrx_word' id='word_1_164' title='bbox 2632 1113 2955 1168; x_wconf 87' lang='lat' dir='ltr'><strong>confertum</strong></span> <span class='ocrx_word' id='word_1_165' title='bbox 2980 1131 3081 1186; x_wconf 90' lang='lat' dir='ltr'><strong>per</strong></span> <span class='ocrx_word' id='word_1_166' title='bbox 3101 1116 3398 1189; x_wconf 88' lang='lat' dir='ltr'><strong>acolythos</strong></span> <span class='ocrx_word' id='word_1_167' title='bbox 3421 1121 3720 1194; x_wconf 89' lang='lat' dir='ltr'><strong>accipiunt</strong></span> 
     </span>
    </p>
   </div>
   <div class='ocr_carea' id='block_1_26' title="bbox 2070 1202 3716 1268">
    <p class='ocr_par' dir='ltr' id='par_1_26' title="bbox 2070 1202 3716 1268">
     <span class='ocr_line' id='line_1_26' title="bbox 2070 1202 3716 1268; baseline 0.008 -13"><span class='ocrx_word' id='word_1_168' title='bbox 2070 1205 2136 1255; x_wconf 92' lang='lat' dir='ltr'><strong>ut</strong></span> <span class='ocrx_word' id='word_1_169' title='bbox 2167 1217 2227 1256; x_wconf 92' lang='lat' dir='ltr'><strong>se</strong></span> <span class='ocrx_word' id='word_1_170' title='bbox 2258 1217 2289 1255; x_wconf 90' lang='lat' dir='ltr'><strong>a</strong></span> <span class='ocrx_word' id='word_1_171' title='bbox 2322 1206 2521 1256; x_wconf 90' lang='lat' dir='ltr'><strong>nostra</strong></span> <span class='ocrx_word' id='word_1_172' title='bbox 2552 1202 2966 1258; x_wconf 88' lang='lat' dir='ltr'><strong>communione</strong></span> <span class='ocrx_word' id='word_1_173' title='bbox 3010 1205 3263 1261; x_wconf 78' lang='lat' dir='ltr'><strong>maxime</strong></span> <span class='ocrx_word' id='word_1_174' title='bbox 3311 1205 3413 1262; x_wconf 90' lang='lat' dir='ltr'><strong>illa</strong></span> <span class='ocrx_word' id='word_1_175' title='bbox 3461 1209 3553 1264; x_wconf 91' lang='lat' dir='ltr'><strong>dic</strong></span> <span class='ocrx_word' id='word_1_176' title='bbox 3602 1229 3716 1268; x_wconf 91' lang='lat' dir='ltr'><strong>non</strong></span> 
     </span>
    </p>
   </div>
   <div class='ocr_carea' id='block_1_27' title="bbox 2063 1289 3718 1363">
    <p class='ocr_par' dir='ltr' id='par_1_27' title="bbox 2063 1289 3718 1363">
     <span class='ocr_line' id='line_1_27' title="bbox 2063 1289 3718 1363; baseline 0.008 -19"><span class='ocrx_word' id='word_1_177' title='bbox 2063 1289 2330 1360; x_wconf 88' lang='lat' dir='ltr'><strong>judicent</strong></span> <span class='ocrx_word' id='word_1_178' title='bbox 2362 1292 2852 1362; x_wconf 87' lang='lat' dir='ltr'><strong>separatos.Qnod</strong></span> <span class='ocrx_word' id='word_1_179' title='bbox 2889 1307 2991 1363; x_wconf 90' lang='lat' dir='ltr'><strong>per</strong></span> <span class='ocrx_word' id='word_1_180' title='bbox 3020 1293 3328 1363; x_wconf 83' lang='lat' dir='ltr'><strong>parochias</strong></span> <span class='ocrx_word' id='word_1_181' title='bbox 3359 1297 3482 1351; x_wconf 78' lang='lat' dir='ltr'><strong>ﬁeri</strong></span> <span class='ocrx_word' id='word_1_182' title='bbox 3511 1299 3718 1358; x_wconf 86' lang='lat' dir='ltr'><strong>debere</strong></span> 
     </span>
    </p>
   </div>
   <div class='ocr_carea' id='block_1_28' title="bbox 2073 1379 3722 1453">
    <p class='ocr_par' dir='ltr' id='par_1_28' title="bbox 2073 1379 3722 1453">
     <span class='ocr_line' id='line_1_28' title="bbox 2073 1379 3722 1453; baseline 0.007 -19"><span class='ocrx_word' id='word_1_183' title='bbox 2073 1396 2189 1434; x_wconf 90' lang='lat' dir='ltr'><strong>non</strong></span> <span class='ocrx_word' id='word_1_184' title='bbox 2219 1380 2532 1451; x_wconf 88' lang='lat' dir='ltr'><strong>puta,quia</strong></span> <span class='ocrx_word' id='word_1_185' title='bbox 2551 1397 2669 1434; x_wconf 90' lang='lat' dir='ltr'><strong>non</strong></span> <span class='ocrx_word' id='word_1_186' title='bbox 2694 1379 2864 1453; x_wconf 85' lang='lat' dir='ltr'><strong>longe</strong></span> <span class='ocrx_word' id='word_1_187' title='bbox 2883 1383 3168 1453; x_wconf 88' lang='lat' dir='ltr'><strong>portanda</strong></span> <span class='ocrx_word' id='word_1_188' title='bbox 3192 1388 3332 1439; x_wconf 86' lang='lat' dir='ltr'><strong>sunt</strong></span> <span class='ocrx_word' id='word_1_189' title='bbox 3353 1395 3722 1446; x_wconf 88' lang='lat' dir='ltr'><strong>sacramenta</strong></span> 
     </span>
    </p>
   </div>
   <div class='ocr_carea' id='block_1_29' title="bbox 2074 1469 3718 1550">
    <p class='ocr_par' dir='ltr' id='par_1_29' title="bbox 2074 1469 3718 1550">
     <span class='ocr_line' id='line_1_29' title="bbox 2074 1469 3718 1550; baseline 0.006 -28"><span class='ocrx_word' id='word_1_190' title='bbox 2074 1485 2178 1524; x_wconf 90' lang='lat' dir='ltr'><strong>nec</strong></span> <span class='ocrx_word' id='word_1_191' title='bbox 2205 1485 2310 1523; x_wconf 91' lang='lat' dir='ltr'><strong>nos</strong></span> <span class='ocrx_word' id='word_1_192' title='bbox 2342 1485 2443 1538; x_wconf 91' lang='lat' dir='ltr'><strong>per</strong></span> <span class='ocrx_word' id='word_1_193' title='bbox 2471 1469 2804 1524; x_wconf 76' lang='lat' dir='ltr'><strong>cameteria</strong></span> <span class='ocrx_word' id='word_1_194' title='bbox 2833 1470 3061 1526; x_wconf 88' lang='lat' dir='ltr'><strong>diversa</strong></span> <span class='ocrx_word' id='word_1_195' title='bbox 3095 1472 3432 1529; x_wconf 87' lang='lat' dir='ltr'><strong>constitutis</strong></span> <span class='ocrx_word' id='word_1_196' title='bbox 3482 1478 3718 1550; x_wconf 88' lang='lat' dir='ltr'><strong>presby-</strong></span> 
     </span>
    </p>
   </div>
   <div class='ocr_carea' id='block_1_30' title="bbox 2073 1557 3722 1631">
    <p class='ocr_par' dir='ltr' id='par_1_30' title="bbox 2073 1557 3722 1631">
     <span class='ocr_line' id='line_1_30' title="bbox 2073 1557 3722 1631; baseline 0.005 -18"><span class='ocrx_word' id='word_1_197' title='bbox 2073 1557 2213 1613; x_wconf 90' lang='lat' dir='ltr'><strong>teris</strong></span> <span class='ocrx_word' id='word_1_198' title='bbox 2243 1557 2631 1623; x_wconf 90' lang='lat' dir='ltr'><strong>destinamus,</strong></span> <span class='ocrx_word' id='word_1_199' title='bbox 2665 1562 2722 1613; x_wconf 91' lang='lat' dir='ltr'><strong>et</strong></span> <span class='ocrx_word' id='word_1_200' title='bbox 2753 1559 3072 1631; x_wconf 83' lang='lat' dir='ltr'><strong>presbyteri</strong></span> <span class='ocrx_word' id='word_1_201' title='bbox 3104 1576 3305 1616; x_wconf 89' lang='lat' dir='ltr'><strong>eorum</strong></span> <span class='ocrx_word' id='word_1_202' title='bbox 3337 1563 3722 1622; x_wconf 83' lang='lat' dir='ltr'><strong>conficiendo-</strong></span> 
     </span>
    </p>
   </div>
   <div class='ocr_carea' id='block_1_31' title="bbox 2075 1647 3194 1719">
    <p class='ocr_par' dir='ltr' id='par_1_31' title="bbox 2075 1647 3194 1719">
     <span class='ocr_line' id='line_1_31' title="bbox 2075 1647 3194 1719; baseline 0.002 -17"><span class='ocrx_word' id='word_1_203' title='bbox 2075 1664 2205 1702; x_wconf 91' lang='lat' dir='ltr'><strong>rum</strong></span> <span class='ocrx_word' id='word_1_204' title='bbox 2230 1647 2332 1718; x_wconf 87' lang='lat' dir='ltr'><strong>jus</strong></span> <span class='ocrx_word' id='word_1_205' title='bbox 2364 1647 2580 1702; x_wconf 90' lang='lat' dir='ltr'><strong>habent</strong></span> <span class='ocrx_word' id='word_1_206' title='bbox 2609 1651 2782 1719; x_wconf 89' lang='lat' dir='ltr'><strong>atque</strong></span> <span class='ocrx_word' id='word_1_207' title='bbox 2813 1647 3128 1704; x_wconf 88' lang='lat' dir='ltr'><strong>licentiam.</strong></span> <span class='ocrx_word' id='word_1_208' title='bbox 3167 1673 3194 1699; x_wconf 87' lang='grc'><strong>››</strong></span> 
     </span>
    </p>
   </div>
   <div class='ocr_carea' id='block_1_32' title="bbox 2146 1735 3722 1809">
    <p class='ocr_par' dir='ltr' id='par_1_32' title="bbox 2146 1735 3722 1809">
     <span class='ocr_line' id='line_1_32' title="bbox 2146 1735 3722 1809; baseline 0.007 -20"><span class='ocrx_word' id='word_1_209' title='bbox 2146 1735 2224 1790; x_wconf 90' lang='lat' dir='ltr'><strong>De</strong></span> <span class='ocrx_word' id='word_1_210' title='bbox 2255 1736 2362 1790; x_wconf 92' lang='lat' dir='ltr'><strong>hoc</strong></span> <span class='ocrx_word' id='word_1_211' title='bbox 2398 1736 2682 1791; x_wconf 87' lang='lat' dir='ltr'><strong>fermento</strong></span> <span class='ocrx_word' id='word_1_212' title='bbox 2713 1737 2884 1792; x_wconf 88' lang='lat' dir='ltr'><strong>varia</strong></span> <span class='ocrx_word' id='word_1_213' title='bbox 2915 1743 3054 1792; x_wconf 90' lang='lat' dir='ltr'><strong>sunt</strong></span> <span class='ocrx_word' id='word_1_214' title='bbox 3092 1741 3411 1809; x_wconf 85' lang='lat' dir='ltr'><strong>sententia,</strong></span> <span class='ocrx_word' id='word_1_215' title='bbox 3445 1741 3578 1800; x_wconf 90' lang='lat' dir='ltr'><strong>aliis</strong></span> <span class='ocrx_word' id='word_1_216' title='bbox 3601 1745 3722 1800; x_wconf 82' lang='lat' dir='ltr'><strong>Eu-</strong></span> 
     </span>
    </p>
   </div>
   <div class='ocr_carea' id='block_1_33' title="bbox 316 1824 3722 1927">
    <p class='ocr_par' dir='ltr' id='par_1_33' title="bbox 316 1824 3722 1927">
     <span class='ocr_line' id='line_1_33' title="bbox 316 1824 3722 1927; baseline 0.005 -55"><span class='ocrx_word' id='word_1_217' title='bbox 316 1833 712 1902; x_wconf 68' lang='grc' dir='ltr'><strong>ωαηίοηίε,εο</strong></span> <span class='ocrx_word' id='word_1_218' title='bbox 741 1833 1047 1886; x_wconf 69' lang='lat' dir='ltr'><strong>uterentur</strong></span> <span class='ocrx_word' id='word_1_219' title='bbox 1077 1832 1286 1900; x_wconf 87' lang='lat' dir='ltr'><strong>prater</strong></span> <span class='ocrx_word' id='word_1_220' title='bbox 1315 1844 1538 1884; x_wconf 90' lang='lat' dir='ltr'><strong>morem</strong></span> <span class='ocrx_word' id='word_1_221' title='bbox 1570 1845 1691 1884; x_wconf 88' lang='lat' dir='ltr'><strong>sua</strong></span> <span class='ocrx_word' id='word_1_222' title='bbox 1720 1827 1966 1884; x_wconf 88' lang='lat' dir='ltr'><strong>societa-</strong></span> <span class='ocrx_word' id='word_1_223' title='bbox 1995 1861 2044 1927; x_wconf 80' lang='grc' dir='ltr'><strong>Β</strong></span> <span class='ocrx_word' id='word_1_224' title='bbox 2077 1824 2415 1880; x_wconf 88' lang='lat' dir='ltr'><strong>charistiam</strong></span> <span class='ocrx_word' id='word_1_225' title='bbox 2448 1841 2573 1880; x_wconf 92' lang='lat' dir='ltr'><strong>esse</strong></span> <span class='ocrx_word' id='word_1_226' title='bbox 2607 1826 3370 1899; x_wconf 83' lang='lat' dir='ltr'><strong>negantibus,probantibus</strong></span> <span class='ocrx_word' id='word_1_227' title='bbox 3390 1831 3722 1889; x_wconf 82' lang='lat' dir='ltr'><strong>aliis.Baro-</strong></span> 
     </span>
    </p>
   </div>
   <div class='ocr_carea' id='block_1_34' title="bbox 315 1917 1965 1991">
    <p class='ocr_par' dir='ltr' id='par_1_34' title="bbox 315 1917 1965 1991">
     <span class='ocr_line' id='line_1_34' title="bbox 315 1917 1965 1991; baseline -0.006 -10"><span class='ocrx_word' id='word_1_228' title='bbox 315 1922 552 1981; x_wconf 88' lang='lat' dir='ltr'><strong>tis.Pari</strong></span> <span class='ocrx_word' id='word_1_229' title='bbox 581 1921 737 1978; x_wconf 89' lang='lat' dir='ltr'><strong>enim</strong></span> <span class='ocrx_word' id='word_1_230' title='bbox 761 1921 896 1991; x_wconf 86' lang='lat' dir='ltr'><strong>jure</strong></span> <span class='ocrx_word' id='word_1_231' title='bbox 926 1919 977 1974; x_wconf 90' lang='lat' dir='ltr'><strong>si</strong></span> <span class='ocrx_word' id='word_1_232' title='bbox 1009 1917 1312 1989; x_wconf 90' lang='lat' dir='ltr'><strong>qui,modo</strong></span> <span class='ocrx_word' id='word_1_233' title='bbox 1344 1917 1965 1985; x_wconf 84' lang='lat' dir='ltr'><strong>Latinorum,fermen-</strong></span> 
     </span>
    </p>
   </div>
   <div class='ocr_carea' id='block_1_35' title="bbox 316 2006 1966 2084">
    <p class='ocr_par' dir='ltr' id='par_1_35' title="bbox 316 2006 1966 2084">
     <span class='ocr_line' id='line_1_35' title="bbox 316 2006 1966 2084; baseline -0.005 -14"><span class='ocrx_word' id='word_1_234' title='bbox 316 2019 444 2070; x_wconf 88' lang='lat' dir='ltr'><strong>tum</strong></span> <span class='ocrx_word' id='word_1_235' title='bbox 472 2027 676 2084; x_wconf 84' lang='lat' dir='ltr'><strong>azymo</strong></span> <span class='ocrx_word' id='word_1_236' title='bbox 707 2010 766 2064; x_wconf 92' lang='lat' dir='ltr'><strong>in</strong></span> <span class='ocrx_word' id='word_1_237' title='bbox 795 2027 856 2064; x_wconf 92' lang='lat' dir='ltr'><strong>re</strong></span> <span class='ocrx_word' id='word_1_238' title='bbox 886 2025 1050 2064; x_wconf 90' lang='lat' dir='ltr'><strong>sacra</strong></span> <span class='ocrx_word' id='word_1_239' title='bbox 1080 2006 1477 2080; x_wconf 80' lang='lat' dir='ltr'><strong>praferrent,a</strong></span> <span class='ocrx_word' id='word_1_240' title='bbox 1509 2009 1731 2064; x_wconf 89' lang='lat' dir='ltr'><strong>Latinis</strong></span> <span class='ocrx_word' id='word_1_241' title='bbox 1760 2023 1966 2080; x_wconf 89' lang='lat' dir='ltr'><strong>argue-</strong></span> 
     </span>
    </p>
   </div>
   <div class='ocr_carea' id='block_1_36' title="bbox 317 2097 1967 2171">
    <p class='ocr_par' dir='ltr' id='par_1_36' title="bbox 317 2097 1967 2171">
     <span class='ocr_line' id='line_1_36' title="bbox 317 2097 1967 2171; baseline -0.005 -11"><span class='ocrx_word' id='word_1_242' title='bbox 317 2103 542 2169; x_wconf 70' lang='lat' dir='ltr'><strong>rentur,</strong></span> <span class='ocrx_word' id='word_1_243' title='bbox 575 2117 691 2156; x_wconf 89' lang='lat' dir='ltr'><strong>non</strong></span> <span class='ocrx_word' id='word_1_244' title='bbox 723 2098 892 2171; x_wconf 91' lang='lat' dir='ltr'><strong>quasi</strong></span> <span class='ocrx_word' id='word_1_245' title='bbox 924 2097 1255 2153; x_wconf 87' lang='lat' dir='ltr'><strong>Gracorum</strong></span> <span class='ocrx_word' id='word_1_246' title='bbox 1315 2098 1666 2153; x_wconf 83' lang='lat' dir='ltr'><strong>fermentum</strong></span> <span class='ocrx_word' id='word_1_247' title='bbox 1699 2098 1967 2170; x_wconf 90' lang='lat' dir='ltr'><strong>reprobet</strong></span> 
     </span>
    </p>
   </div>
   <div class='ocr_carea' id='block_1_37' title="bbox 317 2186 1968 2259">
    <p class='ocr_par' dir='ltr' id='par_1_37' title="bbox 317 2186 1968 2259">
     <span class='ocr_line' id='line_1_37' title="bbox 317 2186 1968 2259; baseline -0.004 -11"><span class='ocrx_word' id='word_1_248' title='bbox 317 2192 522 2248; x_wconf 84' lang='lat' dir='ltr'><strong>Latina</strong></span> <span class='ocrx_word' id='word_1_249' title='bbox 551 2189 826 2256; x_wconf 87' lang='lat' dir='ltr'><strong>Ecclesia,</strong></span> <span class='ocrx_word' id='word_1_250' title='bbox 859 2187 960 2243; x_wconf 91' lang='lat' dir='ltr'><strong>sed</strong></span> <span class='ocrx_word' id='word_1_251' title='bbox 983 2187 1138 2259; x_wconf 92' lang='lat' dir='ltr'><strong>quod</strong></span> <span class='ocrx_word' id='word_1_252' title='bbox 1175 2186 1390 2242; x_wconf 88' lang='lat' dir='ltr'><strong>Latinis</strong></span> <span class='ocrx_word' id='word_1_253' title='bbox 1434 2186 1774 2242; x_wconf 89' lang='lat' dir='ltr'><strong>hominibus</strong></span> <span class='ocrx_word' id='word_1_254' title='bbox 1804 2186 1968 2242; x_wconf 82' lang='lat' dir='ltr'><strong>nefas</strong></span> 
     </span>
    </p>
   </div>
   <div class='ocr_carea' id='block_1_38' title="bbox 319 2274 1966 2347">
    <p class='ocr_par' dir='ltr' id='par_1_38' title="bbox 319 2274 1966 2347">
     <span class='ocr_line' id='line_1_38' title="bbox 319 2274 1966 2347; baseline -0.005 -9"><span class='ocrx_word' id='word_1_255' title='bbox 319 2282 396 2338; x_wconf 83' lang='lat' dir='ltr'><strong>sit</strong></span> <span class='ocrx_word' id='word_1_256' title='bbox 423 2295 647 2337; x_wconf 90' lang='lat' dir='ltr'><strong>morem</strong></span> <span class='ocrx_word' id='word_1_257' title='bbox 677 2278 950 2334; x_wconf 91' lang='lat' dir='ltr'><strong>Latinum</strong></span> <span class='ocrx_word' id='word_1_258' title='bbox 989 2276 1050 2331; x_wconf 89' lang='lat' dir='ltr'><strong>in</strong></span> <span class='ocrx_word' id='word_1_259' title='bbox 1082 2292 1143 2331; x_wconf 91' lang='lat' dir='ltr'><strong>re</strong></span> <span class='ocrx_word' id='word_1_260' title='bbox 1173 2291 1339 2330; x_wconf 88' lang='lat' dir='ltr'><strong>sacra</strong></span> <span class='ocrx_word' id='word_1_261' title='bbox 1367 2274 1604 2331; x_wconf 90' lang='lat' dir='ltr'><strong>violare.</strong></span> <span class='ocrx_word' id='word_1_262' title='bbox 1645 2275 1966 2347; x_wconf 84' lang='lat' dir='ltr'><strong>Responsio</strong></span> 
     </span>
    </p>
   </div>
   <div class='ocr_carea' id='block_1_39' title="bbox 317 2363 1966 2441">
    <p class='ocr_par' dir='ltr' id='par_1_39' title="bbox 317 2363 1966 2441">
     <span class='ocr_line' id='line_1_39' title="bbox 317 2363 1966 2441; baseline -0.006 -13"><span class='ocrx_word' id='word_1_263' title='bbox 317 2370 445 2427; x_wconf 86' lang='lat' dir='ltr'><strong>hac</strong></span> <span class='ocrx_word' id='word_1_264' title='bbox 476 2367 664 2441; x_wconf 80' lang='lat' dir='ltr'><strong>aptari</strong></span> <span class='ocrx_word' id='word_1_265' title='bbox 693 2367 872 2422; x_wconf 88' lang='lat' dir='ltr'><strong>etiam</strong></span> <span class='ocrx_word' id='word_1_266' title='bbox 899 2368 1091 2437; x_wconf 89' lang='lat' dir='ltr'><strong>potest</strong></span> <span class='ocrx_word' id='word_1_267' title='bbox 1118 2363 1430 2431; x_wconf 86' lang='lat' dir='ltr'><strong>Armeniis,</strong></span> <span class='ocrx_word' id='word_1_268' title='bbox 1462 2365 1678 2436; x_wconf 89' lang='lat' dir='ltr'><strong>quibus</strong></span> <span class='ocrx_word' id='word_1_269' title='bbox 1699 2365 1966 2420; x_wconf 83' lang='lat' dir='ltr'><strong>eamdem</strong></span> 
     </span>
    </p>
   </div>
   <div class='ocr_carea' id='block_1_40' title="bbox 320 2453 1965 2525">
    <p class='ocr_par' dir='ltr' id='par_1_40' title="bbox 320 2453 1965 2525">
     <span class='ocr_line' id='line_1_40' title="bbox 320 2453 1965 2525; baseline -0.005 -8"><span class='ocrx_word' id='word_1_270' title='bbox 320 2461 396 2518; x_wconf 90' lang='lat' dir='ltr'><strong>ob</strong></span> <span class='ocrx_word' id='word_1_271' title='bbox 428 2473 668 2516; x_wconf 90' lang='lat' dir='ltr'><strong>causam</strong></span> <span class='ocrx_word' id='word_1_272' title='bbox 700 2459 940 2512; x_wconf 87' lang='lat' dir='ltr'><strong>sanctus</strong></span> <span class='ocrx_word' id='word_1_273' title='bbox 969 2453 1146 2510; x_wconf 88' lang='lat' dir='ltr'><strong>Nicon</strong></span> <span class='ocrx_word' id='word_1_274' title='bbox 1181 2470 1516 2525; x_wconf 86' lang='lat' dir='ltr'><strong>azymorum</strong></span> <span class='ocrx_word' id='word_1_275' title='bbox 1548 2469 1722 2509; x_wconf 90' lang='lat' dir='ltr'><strong>usum</strong></span> <span class='ocrx_word' id='word_1_276' title='bbox 1755 2453 1965 2509; x_wconf 84' lang='lat' dir='ltr'><strong>saculo</strong></span> 
     </span>
    </p>
   </div>
   <div class='ocr_carea' id='block_1_41' title="bbox 321 2543 966 2619">
    <p class='ocr_par' dir='ltr' id='par_1_41' title="bbox 321 2543 966 2619">
     <span class='ocr_line' id='line_1_41' title="bbox 321 2543 966 2619; baseline -0.016 -12"><span class='ocrx_word' id='word_1_277' title='bbox 321 2550 549 2607; x_wconf 86' lang='lat' dir='ltr'><strong>decimo</strong></span> <span class='ocrx_word' id='word_1_278' title='bbox 580 2543 966 2619; x_wconf 85' lang='lat' dir='ltr'><strong>exprobravit.</strong></span> 
     </span>
    </p>
   </div>
   <div class='ocr_carea' id='block_1_42' title="bbox 395 2631 1968 2704">
    <p class='ocr_par' dir='ltr' id='par_1_42' title="bbox 395 2631 1968 2704">
     <span class='ocr_line' id='line_1_42' title="bbox 395 2631 1968 2704; baseline -0.005 -10"><span class='ocrx_word' id='word_1_279' title='bbox 395 2637 659 2695; x_wconf 89' lang='lat' dir='ltr'><strong>Tertium</strong></span> <span class='ocrx_word' id='word_1_280' title='bbox 687 2636 1051 2691; x_wconf 88' lang='lat' dir='ltr'><strong>momentum</strong></span> <span class='ocrx_word' id='word_1_281' title='bbox 1065 2649 1170 2704; x_wconf 90' lang='lat' dir='ltr'><strong>pro</strong></span> <span class='ocrx_word' id='word_1_282' title='bbox 1187 2632 1533 2688; x_wconf 82' lang='lat' dir='ltr'><strong>fermentato</strong></span> <span class='ocrx_word' id='word_1_283' title='bbox 1555 2631 1696 2687; x_wconf 89' lang='lat' dir='ltr'><strong>desu</strong></span> <span class='ocrx_word' id='word_1_284' title='bbox 1705 2631 1886 2687; x_wconf 87' lang='lat' dir='ltr'><strong>mitur</strong></span> <span class='ocrx_word' id='word_1_285' title='bbox 1899 2647 1968 2687; x_wconf 83' lang='lat' dir='ltr'><strong>ex</strong></span> 
     </span>
    </p>
   </div>
   <div class='ocr_carea' id='block_1_43' title="bbox 321 2721 1967 2792">
    <p class='ocr_par' dir='ltr' id='par_1_43' title="bbox 321 2721 1967 2792">
     <span class='ocr_line' id='line_1_43' title="bbox 321 2721 1967 2792; baseline -0.006 -6"><span class='ocrx_word' id='word_1_286' title='bbox 321 2729 429 2786; x_wconf 92' lang='lat' dir='ltr'><strong>lib.</strong></span> <span class='ocrx_word' id='word_1_287' title='bbox 460 2745 516 2783; x_wconf 82' lang='lat' dir='ltr'><strong>1v</strong></span> <span class='ocrx_word' id='word_1_288' title='bbox 545 2723 838 2782; x_wconf 83' lang='lat' dir='ltr'><strong>Ambrosii</strong></span> <span class='ocrx_word' id='word_1_289' title='bbox 866 2723 946 2778; x_wconf 92' lang='lat' dir='ltr'><strong>De</strong></span> <span class='ocrx_word' id='word_1_290' title='bbox 978 2721 1517 2792; x_wconf 90' lang='lat' dir='ltr'><strong>sacramentis,cap.</strong></span> <span class='ocrx_word' id='word_1_291' title='bbox 1549 2722 1580 2775; x_wconf 81' lang='grc'>4</span> <span class='ocrx_word' id='word_1_292' title='bbox 1606 2738 1618 2776; x_wconf 92' lang='lat'>:</span> <span class='ocrx_word' id='word_1_293' title='bbox 1644 2743 1671 2770; x_wconf 92' lang='grc'><strong>‹‹</strong></span> <span class='ocrx_word' id='word_1_294' title='bbox 1704 2722 1789 2777; x_wconf 91' lang='lat' dir='ltr'><strong>Tu</strong></span> <span class='ocrx_word' id='word_1_295' title='bbox 1822 2721 1967 2776; x_wconf 78' lang='lat' dir='ltr'><strong>torte</strong></span> 
     </span>
    </p>
   </div>
   <div class='ocr_carea' id='block_1_44' title="bbox 319 2810 1968 2885">
    <p class='ocr_par' dir='ltr' id='par_1_44' title="bbox 319 2810 1968 2885">
     <span class='ocr_line' id='line_1_44' title="bbox 319 2810 1968 2885; baseline -0.005 -11"><span class='ocrx_word' id='word_1_296' title='bbox 319 2818 471 2874; x_wconf 88' lang='lat' dir='ltr'><strong>dicis</strong></span> <span class='ocrx_word' id='word_1_297' title='bbox 495 2833 509 2872; x_wconf 92' lang='lat'>:</span> <span class='ocrx_word' id='word_1_298' title='bbox 545 2815 709 2872; x_wconf 86' lang='lat' dir='ltr'><strong>Meus</strong></span> <span class='ocrx_word' id='word_1_299' title='bbox 731 2812 902 2885; x_wconf 88' lang='lat' dir='ltr'><strong>panis</strong></span> <span class='ocrx_word' id='word_1_300' title='bbox 923 2814 1013 2866; x_wconf 88' lang='lat' dir='ltr'><strong>est</strong></span> <span class='ocrx_word' id='word_1_301' title='bbox 1041 2810 1435 2866; x_wconf 89' lang='lat' dir='ltr'><strong>usitatus.Sed</strong></span> <span class='ocrx_word' id='word_1_302' title='bbox 1463 2810 1968 2882; x_wconf 89' lang='lat' dir='ltr'><strong>panisiste,panis</strong></span> 
     </span>
    </p>
   </div>
   <div class='ocr_carea' id='block_1_45' title="bbox 318 2899 1968 2968">
    <p class='ocr_par' dir='ltr' id='par_1_45' title="bbox 318 2899 1968 2968">
     <span class='ocr_line' id='line_1_45' title="bbox 318 2899 1968 2968; baseline -0.006 -4"><span class='ocrx_word' id='word_1_303' title='bbox 318 2911 414 2965; x_wconf 87' lang='lat' dir='ltr'><strong>est</strong></span> <span class='ocrx_word' id='word_1_304' title='bbox 441 2909 576 2963; x_wconf 86' lang='lat' dir='ltr'><strong>ante</strong></span> <span class='ocrx_word' id='word_1_305' title='bbox 602 2903 780 2959; x_wconf 89' lang='lat' dir='ltr'><strong>verba</strong></span> <span class='ocrx_word' id='word_1_306' title='bbox 809 2903 1309 2957; x_wconf 85' lang='lat' dir='ltr'><strong>sacramentorum</strong></span> <span class='ocrx_word' id='word_1_307' title='bbox 1335 2918 1348 2968; x_wconf 92' lang='lat'>;</span> <span class='ocrx_word' id='word_1_308' title='bbox 1382 2899 1482 2954; x_wconf 92' lang='lat' dir='ltr'><strong>ubi</strong></span> <span class='ocrx_word' id='word_1_309' title='bbox 1505 2899 1813 2955; x_wconf 86' lang='lat' dir='ltr'><strong>accesserit</strong></span> <span class='ocrx_word' id='word_1_310' title='bbox 1833 2915 1968 2955; x_wconf 84' lang='lat' dir='ltr'><strong>con-</strong></span> 
     </span>
    </p>
   </div>
   <div class='ocr_carea' id='block_1_46' title="bbox 320 2987 1970 3063">
    <p class='ocr_par' dir='ltr' id='par_1_46' title="bbox 320 2987 1970 3063">
     <span class='ocr_line' id='line_1_46' title="bbox 320 2987 1970 3063; baseline -0.007 -10"><span class='ocrx_word' id='word_1_311' title='bbox 320 2993 672 3059; x_wconf 85' lang='lat' dir='ltr'><strong>eecratio,de</strong></span> <span class='ocrx_word' id='word_1_312' title='bbox 702 3007 852 3063; x_wconf 91' lang='lat' dir='ltr'><strong>pane</strong></span> <span class='ocrx_word' id='word_1_313' title='bbox 883 2989 948 3045; x_wconf 80' lang='lat' dir='ltr'><strong>fit</strong></span> <span class='ocrx_word' id='word_1_314' title='bbox 977 3005 1109 3044; x_wconf 90' lang='lat' dir='ltr'><strong>caro</strong></span> <span class='ocrx_word' id='word_1_315' title='bbox 1140 2987 1374 3044; x_wconf 88' lang='lat' dir='ltr'><strong>Christi.</strong></span> <span class='ocrx_word' id='word_1_316' title='bbox 1406 3010 1434 3039; x_wconf 85' lang='grc'><strong>››</strong></span> <span class='ocrx_word' id='word_1_317' title='bbox 1468 2989 1550 3043; x_wconf 80' lang='lat' dir='ltr'><strong>Ex</strong></span> <span class='ocrx_word' id='word_1_318' title='bbox 1572 3003 1684 3059; x_wconf 87' lang='lat' dir='ltr'><strong>quo</strong></span> <span class='ocrx_word' id='word_1_319' title='bbox 1707 2987 1970 3042; x_wconf 90' lang='lat' dir='ltr'><strong>Sirmun-</strong></span> 
     </span>
    </p>
   </div>
   <div class='ocr_carea' id='block_1_47' title="bbox 322 3076 1971 3155">
    <p class='ocr_par' dir='ltr' id='par_1_47' title="bbox 322 3076 1971 3155">
     <span class='ocr_line' id='line_1_47' title="bbox 322 3076 1971 3155; baseline -0.006 -13"><span class='ocrx_word' id='word_1_320' title='bbox 322 3087 439 3142; x_wconf 88' lang='lat' dir='ltr'><strong>dus</strong></span> <span class='ocrx_word' id='word_1_321' title='bbox 471 3081 662 3155; x_wconf 83' lang='lat' dir='ltr'><strong>arguit</strong></span> <span class='ocrx_word' id='word_1_322' title='bbox 687 3097 700 3134; x_wconf 89' lang='lat'><strong>:</strong></span> <span class='ocrx_word' id='word_1_323' title='bbox 725 3079 994 3151; x_wconf 87' lang='lat' dir='ltr'><strong>«Nempe</strong></span> <span class='ocrx_word' id='word_1_324' title='bbox 1013 3078 1114 3150; x_wconf 89' lang='lat' dir='ltr'><strong>qui</strong></span> <span class='ocrx_word' id='word_1_325' title='bbox 1139 3077 1424 3133; x_wconf 87' lang='lat' dir='ltr'><strong>usitatum</strong></span> <span class='ocrx_word' id='word_1_326' title='bbox 1456 3076 1794 3148; x_wconf 82' lang='lat' dir='ltr'><strong>mensisque</strong></span> <span class='ocrx_word' id='word_1_327' title='bbox 1833 3093 1971 3148; x_wconf 87' lang='lat' dir='ltr'><strong>quo-</strong></span> 
     </span>
    </p>
   </div>
   <div class='ocr_carea' id='block_1_48' title="bbox 321 3163 1971 3239">
    <p class='ocr_par' dir='ltr' id='par_1_48' title="bbox 321 3163 1971 3239">
     <span class='ocr_line' id='line_1_48' title="bbox 321 3163 1971 3239; baseline -0.005 -11"><span class='ocrx_word' id='word_1_328' title='bbox 321 3169 942 3239; x_wconf 26' lang='lat' dir='ltr'><strong>tidianis&#39;usurpatum</strong></span> <span class='ocrx_word' id='word_1_329' title='bbox 974 3181 1187 3237; x_wconf 90' lang='lat' dir='ltr'><strong>panem</strong></span> <span class='ocrx_word' id='word_1_330' title='bbox 1218 3165 1379 3232; x_wconf 90' lang='lat' dir='ltr'><strong>dicit,</strong></span> <span class='ocrx_word' id='word_1_331' title='bbox 1396 3179 1664 3237; x_wconf 85' lang='lat' dir='ltr'><strong>azymum</strong></span> <span class='ocrx_word' id='word_1_332' title='bbox 1687 3163 1846 3220; x_wconf 91' lang='lat' dir='ltr'><strong>haud</strong></span> <span class='ocrx_word' id='word_1_333' title='bbox 1869 3165 1971 3220; x_wconf 85' lang='lat' dir='ltr'><strong>du-</strong></span> 
     </span>
    </p>
   </div>
   <div class='ocr_carea' id='block_1_49' title="bbox 323 3255 953 3328">
    <p class='ocr_par' dir='ltr' id='par_1_49' title="bbox 323 3255 953 3328">
     <span class='ocr_line' id='line_1_49' title="bbox 323 3255 953 3328; baseline -0.013 -11"><span class='ocrx_word' id='word_1_334' title='bbox 323 3260 427 3317; x_wconf 86' lang='lat' dir='ltr'><strong>bie</strong></span> <span class='ocrx_word' id='word_1_335' title='bbox 453 3275 568 3314; x_wconf 90' lang='lat' dir='ltr'><strong>non</strong></span> <span class='ocrx_word' id='word_1_336' title='bbox 589 3255 897 3328; x_wconf 83' lang='lat' dir='ltr'><strong>signiﬁcat.</strong></span> <span class='ocrx_word' id='word_1_337' title='bbox 925 3276 953 3302; x_wconf 86' lang='lat'>»</span> 
     </span>
    </p>
   </div>
   <div class='ocr_carea' id='block_1_50' title="bbox 399 3341 1970 3418">
    <p class='ocr_par' dir='ltr' id='par_1_50' title="bbox 399 3341 1970 3418">
     <span class='ocr_line' id='line_1_50' title="bbox 399 3341 1970 3418; baseline -0.001 -15"><span class='ocrx_word' id='word_1_338' title='bbox 399 3351 475 3403; x_wconf 84' lang='lat' dir='ltr'><strong>At</strong></span> <span class='ocrx_word' id='word_1_339' title='bbox 504 3361 691 3418; x_wconf 88' lang='lat' dir='ltr'><strong>neque</strong></span> <span class='ocrx_word' id='word_1_340' title='bbox 720 3345 1158 3400; x_wconf 90' lang='lat' dir='ltr'><strong>fermentatum.</strong></span> <span class='ocrx_word' id='word_1_341' title='bbox 1192 3341 1419 3398; x_wconf 90' lang='lat' dir='ltr'><strong>Etenim</strong></span> <span class='ocrx_word' id='word_1_342' title='bbox 1445 3344 1710 3398; x_wconf 80' lang='lat' dir='ltr'><strong>usitatum</strong></span> <span class='ocrx_word' id='word_1_343' title='bbox 1759 3360 1970 3416; x_wconf 92' lang='lat' dir='ltr'><strong>panem</strong></span> 
     </span>
    </p>
   </div>
   <div class='ocr_carea' id='block_1_51' title="bbox 319 3432 1973 3505">
    <p class='ocr_par' dir='ltr' id='par_1_51' title="bbox 319 3432 1973 3505">
     <span class='ocr_line' id='line_1_51' title="bbox 319 3432 1973 3505; baseline -0.004 -10"><span class='ocrx_word' id='word_1_344' title='bbox 319 3441 494 3495; x_wconf 75' lang='lat' dir='ltr'><strong>vocat</strong></span> <span class='ocrx_word' id='word_1_345' title='bbox 523 3432 889 3501; x_wconf 82' lang='lat' dir='ltr'><strong>Ambrosius,</strong></span> <span class='ocrx_word' id='word_1_346' title='bbox 923 3448 1038 3487; x_wconf 91' lang='lat' dir='ltr'><strong>non</strong></span> <span class='ocrx_word' id='word_1_347' title='bbox 1067 3434 1356 3503; x_wconf 86' lang='lat' dir='ltr'><strong>quatenus</strong></span> <span class='ocrx_word' id='word_1_348' title='bbox 1386 3447 1608 3504; x_wconf 87' lang='lat' dir='ltr'><strong>azymo,</strong></span> <span class='ocrx_word' id='word_1_349' title='bbox 1632 3433 1732 3488; x_wconf 87' lang='lat' dir='ltr'><strong>sed</strong></span> <span class='ocrx_word' id='word_1_350' title='bbox 1764 3438 1973 3505; x_wconf 90' lang='lat' dir='ltr'><strong>quate-</strong></span> 
     </span>
    </p>
   </div>
   <div class='ocr_carea' id='block_1_52' title="bbox 318 3519 1973 3593">
    <p class='ocr_par' dir='ltr' id='par_1_52' title="bbox 318 3519 1973 3593">
     <span class='ocr_line' id='line_1_52' title="bbox 318 3519 1973 3593; baseline -0.004 -9"><span class='ocrx_word' id='word_1_351' title='bbox 318 3543 440 3585; x_wconf 86' lang='lat' dir='ltr'><strong>nus</strong></span> <span class='ocrx_word' id='word_1_352' title='bbox 469 3522 891 3591; x_wconf 86' lang='lat' dir='ltr'><strong>consecrato,id</strong></span> <span class='ocrx_word' id='word_1_353' title='bbox 919 3526 1009 3577; x_wconf 88' lang='lat' dir='ltr'><strong>est</strong></span> <span class='ocrx_word' id='word_1_354' title='bbox 1036 3519 1262 3592; x_wconf 89' lang='lat' dir='ltr'><strong>corpori</strong></span> <span class='ocrx_word' id='word_1_355' title='bbox 1293 3519 1508 3577; x_wconf 87' lang='lat' dir='ltr'><strong>Christi</strong></span> <span class='ocrx_word' id='word_1_356' title='bbox 1539 3521 1873 3593; x_wconf 90' lang='lat' dir='ltr'><strong>opponitur,</strong></span> <span class='ocrx_word' id='word_1_357' title='bbox 1909 3527 1973 3579; x_wconf 92' lang='lat' dir='ltr'><strong>ut</strong></span> 
     </span>
    </p>
   </div>
   <div class='ocr_carea' id='block_1_53' title="bbox 316 3609 1353 3682">
    <p class='ocr_par' dir='ltr' id='par_1_53' title="bbox 316 3609 1353 3682">
     <span class='ocr_line' id='line_1_53' title="bbox 316 3609 1353 3682; baseline -0.006 -10"><span class='ocrx_word' id='word_1_358' title='bbox 316 3615 495 3672; x_wconf 87' lang='lat' dir='ltr'><strong>lectio</strong></span> <span class='ocrx_word' id='word_1_359' title='bbox 523 3613 839 3669; x_wconf 85' lang='lat' dir='ltr'><strong>verborum</strong></span> <span class='ocrx_word' id='word_1_360' title='bbox 859 3609 990 3682; x_wconf 88' lang='lat' dir='ltr'><strong>ipsa</strong></span> <span class='ocrx_word' id='word_1_361' title='bbox 1017 3609 1353 3681; x_wconf 89' lang='lat' dir='ltr'><strong>persuadet.</strong></span> 
     </span>
    </p>
   </div>
   <div class='ocr_carea' id='block_1_54' title="bbox 393 3697 1970 3773">
    <p class='ocr_par' dir='ltr' id='par_1_54' title="bbox 393 3697 1970 3773">
     <span class='ocr_line' id='line_1_54' title="bbox 393 3697 1970 3773; baseline -0.003 -13"><span class='ocrx_word' id='word_1_362' title='bbox 393 3705 568 3760; x_wconf 86' lang='lat' dir='ltr'><strong>Porro</strong></span> <span class='ocrx_word' id='word_1_363' title='bbox 595 3715 835 3773; x_wconf 89' lang='lat' dir='ltr'><strong>azymus</strong></span> <span class='ocrx_word' id='word_1_364' title='bbox 861 3698 1030 3772; x_wconf 88' lang='lat' dir='ltr'><strong>panis</strong></span> <span class='ocrx_word' id='word_1_365' title='bbox 1052 3697 1226 3754; x_wconf 93' lang='lat' dir='ltr'><strong>etiam</strong></span> <span class='ocrx_word' id='word_1_366' title='bbox 1250 3697 1581 3754; x_wconf 90' lang='lat' dir='ltr'><strong>communis</strong></span> <span class='ocrx_word' id='word_1_367' title='bbox 1602 3715 1703 3754; x_wconf 89' lang='lat' dir='ltr'><strong>seu</strong></span> <span class='ocrx_word' id='word_1_368' title='bbox 1717 3699 1970 3756; x_wconf 88' lang='lat' dir='ltr'><strong>usitatus</strong></span> 
     </span>
    </p>
   </div>
   <div class='ocr_carea' id='block_1_55' title="bbox 315 3787 1967 3864">
    <p class='ocr_par' dir='ltr' id='par_1_55' title="bbox 315 3787 1967 3864">
     <span class='ocr_line' id='line_1_55' title="bbox 315 3787 1967 3864; baseline -0.003 -13"><span class='ocrx_word' id='word_1_369' title='bbox 315 3793 681 3864; x_wconf 81' lang='lat' dir='ltr'><strong>dicipotest,</strong></span> <span class='ocrx_word' id='word_1_370' title='bbox 713 3804 849 3844; x_wconf 89' lang='lat' dir='ltr'><strong>cum</strong></span> <span class='ocrx_word' id='word_1_371' title='bbox 883 3787 1150 3859; x_wconf 90' lang='lat' dir='ltr'><strong>ejusdem</strong></span> <span class='ocrx_word' id='word_1_372' title='bbox 1200 3787 1456 3844; x_wconf 83' lang='lat' dir='ltr'><strong>materia</strong></span> <span class='ocrx_word' id='word_1_373' title='bbox 1505 3787 1582 3843; x_wconf 89' lang='lat' dir='ltr'><strong>sit</strong></span> <span class='ocrx_word' id='word_1_374' title='bbox 1635 3804 1768 3845; x_wconf 89' lang='lat' dir='ltr'><strong>cum</strong></span> <span class='ocrx_word' id='word_1_375' title='bbox 1819 3807 1967 3862; x_wconf 88' lang='lat' dir='ltr'><strong>pane</strong></span> 
     </span>
    </p>
   </div>
   <div class='ocr_carea' id='block_1_56' title="bbox 314 3877 1963 3949">
    <p class='ocr_par' dir='ltr' id='par_1_56' title="bbox 314 3877 1963 3949">
     <span class='ocr_line' id='line_1_56' title="bbox 314 3877 1963 3949; baseline -0.001 -10"><span class='ocrx_word' id='word_1_376' title='bbox 314 3883 689 3939; x_wconf 80' lang='lat' dir='ltr'><strong>fermentata.</strong></span> <span class='ocrx_word' id='word_1_377' title='bbox 723 3880 886 3934; x_wconf 87' lang='lat' dir='ltr'><strong>Certe</strong></span> <span class='ocrx_word' id='word_1_378' title='bbox 914 3877 1000 3934; x_wconf 80' lang='lat' dir='ltr'><strong>Ru</strong></span> <span class='ocrx_word' id='word_1_379' title='bbox 1010 3882 1210 3949; x_wconf 83' lang='lat' dir='ltr'><strong>pertus</strong></span> <span class='ocrx_word' id='word_1_380' title='bbox 1240 3878 1422 3934; x_wconf 87' lang='lat' dir='ltr'><strong>abbas</strong></span> <span class='ocrx_word' id='word_1_381' title='bbox 1445 3878 1761 3936; x_wconf 90' lang='lat' dir='ltr'><strong>Tuitiensis</strong></span> <span class='ocrx_word' id='word_1_382' title='bbox 1783 3880 1842 3936; x_wconf 94' lang='lat' dir='ltr'><strong>in</strong></span> <span class='ocrx_word' id='word_1_383' title='bbox 1860 3879 1963 3937; x_wconf 92' lang='lat' dir='ltr'><strong>lib.</strong></span> 
     </span>
    </p>
   </div>
   <div class='ocr_carea' id='block_1_57' title="bbox 313 3965 1966 4040">
    <p class='ocr_par' dir='ltr' id='par_1_57' title="bbox 313 3965 1966 4040">
     <span class='ocr_line' id='line_1_57' title="bbox 313 3965 1966 4040; baseline 0.002 -17"><span class='ocrx_word' id='word_1_384' title='bbox 313 3987 405 4039; x_wconf 66' lang='grc' dir='ltr'><strong>ιιι,</strong></span> <span class='ocrx_word' id='word_1_385' title='bbox 435 3969 516 4024; x_wconf 84' lang='lat' dir='ltr'><strong>de</strong></span> <span class='ocrx_word' id='word_1_386' title='bbox 531 3967 792 4040; x_wconf 89' lang='lat' dir='ltr'><strong>Spiritus</strong></span> <span class='ocrx_word' id='word_1_387' title='bbox 821 3967 1011 4023; x_wconf 86' lang='lat' dir='ltr'><strong>sancti</strong></span> <span class='ocrx_word' id='word_1_388' title='bbox 1033 3965 1478 4039; x_wconf 89' lang='lat' dir='ltr'><strong>Operibus,cap.</strong></span> <span class='ocrx_word' id='word_1_389' title='bbox 1511 3968 1826 4036; x_wconf 81' lang='lat' dir='ltr'><strong>21,eodem</strong></span> <span class='ocrx_word' id='word_1_390' title='bbox 1849 3969 1966 4026; x_wconf 81' lang='lat' dir='ltr'><strong>fere</strong></span> 
     </span>
    </p>
   </div>
   <div class='ocr_carea' id='block_1_58' title="bbox 313 4054 1964 4131">
    <p class='ocr_par' dir='ltr' id='par_1_58' title="bbox 313 4054 1964 4131">
     <span class='ocr_line' id='line_1_58' title="bbox 313 4054 1964 4131; baseline -0.001 -14"><span class='ocrx_word' id='word_1_391' title='bbox 313 4059 491 4117; x_wconf 80' lang='lat' dir='ltr'><strong>modo</strong></span> <span class='ocrx_word' id='word_1_392' title='bbox 522 4071 638 4128; x_wconf 89' lang='lat' dir='ltr'><strong>quo</strong></span> <span class='ocrx_word' id='word_1_393' title='bbox 663 4072 841 4128; x_wconf 85' lang='lat' dir='ltr'><strong>supra</strong></span> <span class='ocrx_word' id='word_1_394' title='bbox 863 4055 1209 4112; x_wconf 84' lang='lat' dir='ltr'><strong>Ambrosius</strong></span> <span class='ocrx_word' id='word_1_395' title='bbox 1225 4054 1486 4127; x_wconf 85' lang='lat' dir='ltr'><strong>loquitur</strong></span> <span class='ocrx_word' id='word_1_396' title='bbox 1503 4056 1572 4112; x_wconf 90' lang='lat' dir='ltr'><strong>de</strong></span> <span class='ocrx_word' id='word_1_397' title='bbox 1593 4073 1742 4127; x_wconf 90' lang='lat' dir='ltr'><strong>pane</strong></span> <span class='ocrx_word' id='word_1_398' title='bbox 1763 4074 1964 4131; x_wconf 89' lang='lat' dir='ltr'><strong>azymo</strong></span> 
     </span>
    </p>
   </div>
   <div class='ocr_carea' id='block_1_59' title="bbox 313 4143 1962 4221">
    <p class='ocr_par' dir='ltr' id='par_1_59' title="bbox 313 4143 1962 4221">
     <span class='ocr_line' id='line_1_59' title="bbox 313 4143 1962 4221; baseline -0.001 -17"><span class='ocrx_word' id='word_1_399' title='bbox 313 4163 494 4221; x_wconf 80' lang='lat' dir='ltr'><strong>quem</strong></span> <span class='ocrx_word' id='word_1_400' title='bbox 523 4145 791 4202; x_wconf 84' lang='lat' dir='ltr'><strong>Christus</strong></span> <span class='ocrx_word' id='word_1_401' title='bbox 810 4143 871 4200; x_wconf 90' lang='lat' dir='ltr'><strong>in</strong></span> <span class='ocrx_word' id='word_1_402' title='bbox 892 4143 1102 4201; x_wconf 88' lang='lat' dir='ltr'><strong>ultima</strong></span> <span class='ocrx_word' id='word_1_403' title='bbox 1121 4161 1284 4199; x_wconf 77' lang='lat' dir='ltr'><strong>cana</strong></span> <span class='ocrx_word' id='word_1_404' title='bbox 1303 4145 1962 4214; x_wconf 68' lang='lat' dir='ltr'><strong>consecravit.aPanem,</strong></span> 
     </span>
    </p>
   </div>
   <div class='ocr_carea' id='block_1_60' title="bbox 312 4231 1963 4308">
    <p class='ocr_par' dir='ltr' id='par_1_60' title="bbox 312 4231 1963 4308">
     <span class='ocr_line' id='line_1_60' title="bbox 312 4231 1963 4308; baseline -0.001 -16"><span class='ocrx_word' id='word_1_405' title='bbox 312 4235 910 4308; x_wconf 89' lang='lat' dir='ltr'><strong>inquit,communem</strong></span> <span class='ocrx_word' id='word_1_406' title='bbox 930 4231 1278 4303; x_wconf 86' lang='lat' dir='ltr'><strong>accepit;sed</strong></span> <span class='ocrx_word' id='word_1_407' title='bbox 1302 4232 1695 4289; x_wconf 89' lang='lat' dir='ltr'><strong>benedicendo</strong></span> <span class='ocrx_word' id='word_1_408' title='bbox 1709 4233 1881 4307; x_wconf 90' lang='lat' dir='ltr'><strong>longe</strong></span> <span class='ocrx_word' id='word_1_409' title='bbox 1903 4235 1963 4291; x_wconf 92' lang='lat' dir='ltr'><strong>in</strong></span> 
     </span>
    </p>
   </div>
   <div class='ocr_carea' id='block_1_61' title="bbox 313 4321 1965 4396">
    <p class='ocr_par' dir='ltr' id='par_1_61' title="bbox 313 4321 1965 4396">
     <span class='ocr_line' id='line_1_61' title="bbox 313 4321 1965 4396; baseline -0.001 -14"><span class='ocrx_word' id='word_1_410' title='bbox 313 4323 476 4390; x_wconf 78' lang='lat' dir='ltr'><strong>aliud</strong></span> <span class='ocrx_word' id='word_1_411' title='bbox 499 4339 686 4396; x_wconf 79' lang='lat' dir='ltr'><strong>quam</strong></span> <span class='ocrx_word' id='word_1_412' title='bbox 719 4322 907 4378; x_wconf 88' lang='lat' dir='ltr'><strong>fuerat</strong></span> <span class='ocrx_word' id='word_1_413' title='bbox 934 4321 1401 4377; x_wconf 81' lang='lat' dir='ltr'><strong>transmutavit.»</strong></span> <span class='ocrx_word' id='word_1_414' title='bbox 1435 4323 1518 4376; x_wconf 91' lang='lat' dir='ltr'><strong>En</strong></span> <span class='ocrx_word' id='word_1_415' title='bbox 1537 4323 1707 4393; x_wconf 90' lang='lat' dir='ltr'><strong>panis</strong></span> <span class='ocrx_word' id='word_1_416' title='bbox 1728 4339 1965 4381; x_wconf 85' lang='lat' dir='ltr'><strong>commu-</strong></span> 
     </span>
    </p>
   </div>
   <div class='ocr_carea' id='block_1_62' title="bbox 311 4408 1965 4482">
    <p class='ocr_par' dir='ltr' id='par_1_62' title="bbox 311 4408 1965 4482">
     <span class='ocr_line' id='line_1_62' title="bbox 311 4408 1965 4482; baseline 0.001 -13"><span class='ocrx_word' id='word_1_417' title='bbox 311 4414 404 4469; x_wconf 74' lang='lat' dir='ltr'><strong>nis</strong></span> <span class='ocrx_word' id='word_1_418' title='bbox 433 4412 652 4470; x_wconf 83' lang='lat' dir='ltr'><strong>dicitur</strong></span> <span class='ocrx_word' id='word_1_419' title='bbox 671 4410 1033 4482; x_wconf 85' lang='lat' dir='ltr'><strong>aRupertois</strong></span> <span class='ocrx_word' id='word_1_420' title='bbox 1055 4427 1170 4482; x_wconf 93' lang='lat' dir='ltr'><strong>quo</strong></span> <span class='ocrx_word' id='word_1_421' title='bbox 1193 4408 1457 4466; x_wconf 87' lang='lat' dir='ltr'><strong>Christus</strong></span> <span class='ocrx_word' id='word_1_422' title='bbox 1481 4409 1542 4465; x_wconf 88' lang='lat' dir='ltr'><strong>in</strong></span> <span class='ocrx_word' id='word_1_423' title='bbox 1568 4410 1780 4468; x_wconf 91' lang='lat' dir='ltr'><strong>ultima</strong></span> <span class='ocrx_word' id='word_1_424' title='bbox 1800 4429 1965 4469; x_wconf 79' lang='lat' dir='ltr'><strong>cana</strong></span> 
     </span>
    </p>
   </div>
   <div class='ocr_carea' id='block_1_63' title="bbox 311 4498 1965 4572">
    <p class='ocr_par' dir='ltr' id='par_1_63' title="bbox 311 4498 1965 4572">
     <span class='ocr_line' id='line_1_63' title="bbox 311 4498 1965 4572; baseline 0.001 -12"><span class='ocrx_word' id='word_1_425' title='bbox 311 4519 463 4560; x_wconf 84' lang='lat' dir='ltr'><strong>usus</strong></span> <span class='ocrx_word' id='word_1_426' title='bbox 492 4505 620 4568; x_wconf 83' lang='lat' dir='ltr'><strong>est;</strong></span> <span class='ocrx_word' id='word_1_427' title='bbox 656 4499 758 4572; x_wconf 91' lang='lat' dir='ltr'><strong>qui</strong></span> <span class='ocrx_word' id='word_1_428' title='bbox 790 4498 917 4555; x_wconf 89' lang='lat' dir='ltr'><strong>sine</strong></span> <span class='ocrx_word' id='word_1_429' title='bbox 945 4499 1122 4556; x_wconf 90' lang='lat' dir='ltr'><strong>dubio</strong></span> <span class='ocrx_word' id='word_1_430' title='bbox 1153 4499 1212 4555; x_wconf 91' lang='lat' dir='ltr'><strong>in</strong></span> <span class='ocrx_word' id='word_1_431' title='bbox 1243 4498 1484 4572; x_wconf 84' lang='lat' dir='ltr'><strong>Ruperti</strong></span> <span class='ocrx_word' id='word_1_432' title='bbox 1533 4502 1822 4558; x_wconf 87' lang='lat' dir='ltr'><strong>sententia</strong></span> <span class='ocrx_word' id='word_1_433' title='bbox 1851 4503 1965 4561; x_wconf 84' lang='lat' dir='ltr'><strong>fuit</strong></span> 
     </span>
    </p>
   </div>
   <div class='ocr_carea' id='block_1_64' title="bbox 309 4590 787 4648">
    <p class='ocr_par' dir='ltr' id='par_1_64' title="bbox 309 4590 787 4648">
     <span class='ocr_line' id='line_1_64' title="bbox 309 4590 787 4648; baseline -0.008 -1"><span class='ocrx_word' id='word_1_434' title='bbox 309 4590 787 4648; x_wconf 84' lang='lat' dir='ltr'><strong>infermentatus.</strong></span> 
     </span>
    </p>
   </div>
   <div class='ocr_carea' id='block_1_65' title="bbox 2079 1914 3721 1992">
    <p class='ocr_par' dir='ltr' id='par_1_65' title="bbox 2079 1914 3721 1992">
     <span class='ocr_line' id='line_1_65' title="bbox 2079 1914 3721 1992; baseline 0.005 -22"><span class='ocrx_word' id='word_1_435' title='bbox 2079 1915 2173 1970; x_wconf 89' lang='lat' dir='ltr'><strong>nio</strong></span> <span class='ocrx_word' id='word_1_436' title='bbox 2204 1914 2457 1970; x_wconf 86' lang='lat' dir='ltr'><strong>assentio</strong></span> <span class='ocrx_word' id='word_1_437' title='bbox 2498 1914 2594 1986; x_wconf 85' lang='lat' dir='ltr'><strong>qui</strong></span> <span class='ocrx_word' id='word_1_438' title='bbox 2631 1914 3057 1972; x_wconf 87' lang='lat' dir='ltr'><strong>Eucharistiam</strong></span> <span class='ocrx_word' id='word_1_439' title='bbox 3089 1934 3216 1972; x_wconf 89' lang='lat' dir='ltr'><strong>esse</strong></span> <span class='ocrx_word' id='word_1_440' title='bbox 3244 1925 3434 1992; x_wconf 87' lang='lat' dir='ltr'><strong>negat,</strong></span> <span class='ocrx_word' id='word_1_441' title='bbox 3469 1922 3568 1976; x_wconf 90' lang='lat' dir='ltr'><strong>sed</strong></span> <span class='ocrx_word' id='word_1_442' title='bbox 3593 1926 3721 1978; x_wconf 86' lang='lat' dir='ltr'><strong>tan-</strong></span> 
     </span>
    </p>
   </div>
   <div class='ocr_carea' id='block_1_66' title="bbox 2077 2002 3722 2084">
    <p class='ocr_par' dir='ltr' id='par_1_66' title="bbox 2077 2002 3722 2084">
     <span class='ocr_line' id='line_1_66' title="bbox 2077 2002 3722 2084; baseline 0.006 -26"><span class='ocrx_word' id='word_1_443' title='bbox 2077 2008 2202 2058; x_wconf 89' lang='lat' dir='ltr'><strong>tum</strong></span> <span class='ocrx_word' id='word_1_444' title='bbox 2217 2002 2549 2076; x_wconf 86' lang='lat' dir='ltr'><strong>eulogiasin</strong></span> <span class='ocrx_word' id='word_1_445' title='bbox 2571 2003 2807 2076; x_wconf 91' lang='lat' dir='ltr'><strong>signum</strong></span> <span class='ocrx_word' id='word_1_446' title='bbox 2835 2010 3048 2060; x_wconf 81' lang='lat' dir='ltr'><strong>mutua</strong></span> <span class='ocrx_word' id='word_1_447' title='bbox 3072 2009 3502 2066; x_wconf 87' lang='lat' dir='ltr'><strong>communionis</strong></span> <span class='ocrx_word' id='word_1_448' title='bbox 3526 2029 3558 2066; x_wconf 89' lang='lat' dir='ltr'><strong>a</strong></span> <span class='ocrx_word' id='word_1_449' title='bbox 3578 2028 3722 2084; x_wconf 87' lang='lat' dir='ltr'><strong>pon-</strong></span> 
     </span>
    </p>
   </div>
   <div class='ocr_carea' id='block_1_67' title="bbox 2075 2093 3722 2172">
    <p class='ocr_par' dir='ltr' id='par_1_67' title="bbox 2075 2093 3722 2172">
     <span class='ocr_line' id='line_1_67' title="bbox 2075 2093 3722 2172; baseline 0.005 -25"><span class='ocrx_word' id='word_1_450' title='bbox 2075 2093 2228 2149; x_wconf 77' lang='lat' dir='ltr'><strong>tifice</strong></span> <span class='ocrx_word' id='word_1_451' title='bbox 2261 2093 2648 2149; x_wconf 83' lang='lat' dir='ltr'><strong>missas.Nam</strong></span> <span class='ocrx_word' id='word_1_452' title='bbox 2682 2093 3033 2150; x_wconf 81' lang='lat' dir='ltr'><strong>fermentum</strong></span> <span class='ocrx_word' id='word_1_453' title='bbox 3064 2095 3218 2152; x_wconf 89' lang='lat' dir='ltr'><strong>istud</strong></span> <span class='ocrx_word' id='word_1_454' title='bbox 3253 2102 3307 2152; x_wconf 92' lang='lat' dir='ltr'><strong>et</strong></span> <span class='ocrx_word' id='word_1_455' title='bbox 3339 2121 3365 2147; x_wconf 88' lang='grc'><strong>‹‹</strong></span> <span class='ocrx_word' id='word_1_456' title='bbox 3396 2099 3566 2172; x_wconf 89' lang='lat' dir='ltr'><strong>panis</strong></span> <span class='ocrx_word' id='word_1_457' title='bbox 3587 2117 3722 2156; x_wconf 87' lang='lat' dir='ltr'><strong>con-</strong></span> 
     </span>
    </p>
   </div>
   <div class='ocr_carea' id='block_1_68' title="bbox 2076 2185 3726 2263">
    <p class='ocr_par' dir='ltr' id='par_1_68' title="bbox 2076 2185 3726 2263">
     <span class='ocr_line' id='line_1_68' title="bbox 2076 2185 3726 2263; baseline 0.004 -25"><span class='ocrx_word' id='word_1_458' title='bbox 2076 2187 2359 2248; x_wconf 88' lang='lat' dir='ltr'><strong>secratus,</strong></span> <span class='ocrx_word' id='word_1_459' title='bbox 2392 2188 2448 2238; x_wconf 91' lang='lat' dir='ltr'><strong>et</strong></span> <span class='ocrx_word' id='word_1_460' title='bbox 2477 2189 2910 2238; x_wconf 87' lang='lat' dir='ltr'><strong>sacramentum</strong></span> <span class='ocrx_word' id='word_1_461' title='bbox 2947 2208 2974 2232; x_wconf 85' lang='lat'><strong>»</strong></span> <span class='ocrx_word' id='word_1_462' title='bbox 3006 2185 3221 2240; x_wconf 90' lang='lat' dir='ltr'><strong>dicitur</strong></span> <span class='ocrx_word' id='word_1_463' title='bbox 3251 2191 3307 2242; x_wconf 92' lang='lat' dir='ltr'><strong>et</strong></span> <span class='ocrx_word' id='word_1_464' title='bbox 3337 2188 3479 2246; x_wconf 91' lang='lat' dir='ltr'><strong>solis</strong></span> <span class='ocrx_word' id='word_1_465' title='bbox 3495 2191 3726 2263; x_wconf 81' lang='lat' dir='ltr'><strong>presby-</strong></span> 
     </span>
    </p>
   </div>
   <div class='ocr_carea' id='block_1_69' title="bbox 2075 2271 3722 2345">
    <p class='ocr_par' dir='ltr' id='par_1_69' title="bbox 2075 2271 3722 2345">
     <span class='ocr_line' id='line_1_69' title="bbox 2075 2271 3722 2345; baseline 0.005 -19"><span class='ocrx_word' id='word_1_466' title='bbox 2075 2272 2217 2328; x_wconf 90' lang='lat' dir='ltr'><strong>teris</strong></span> <span class='ocrx_word' id='word_1_467' title='bbox 2248 2271 2376 2342; x_wconf 89' lang='lat' dir='ltr'><strong>cjus</strong></span> <span class='ocrx_word' id='word_1_468' title='bbox 2406 2273 2872 2343; x_wconf 88' lang='lat' dir='ltr'><strong>conﬁciendijus</strong></span> <span class='ocrx_word' id='word_1_469' title='bbox 2920 2278 3093 2345; x_wconf 90' lang='lat' dir='ltr'><strong>atque</strong></span> <span class='ocrx_word' id='word_1_470' title='bbox 3138 2274 3374 2332; x_wconf 88' lang='lat' dir='ltr'><strong>licentia</strong></span> <span class='ocrx_word' id='word_1_471' title='bbox 3422 2279 3722 2334; x_wconf 91' lang='lat' dir='ltr'><strong>tribuitur.</strong></span> 
     </span>
    </p>
   </div>
   <div class='ocr_carea' id='block_1_70' title="bbox 2075 2361 3726 2437">
    <p class='ocr_par' dir='ltr' id='par_1_70' title="bbox 2075 2361 3726 2437">
     <span class='ocr_line' id='line_1_70' title="bbox 2075 2361 3726 2437; baseline 0.004 -19"><span class='ocrx_word' id='word_1_472' title='bbox 2075 2361 2334 2433; x_wconf 86' lang='lat' dir='ltr'><strong>Denique</strong></span> <span class='ocrx_word' id='word_1_473' title='bbox 2367 2385 2392 2411; x_wconf 90' lang='grc'><em>‹‹</em></span> <span class='ocrx_word' id='word_1_474' title='bbox 2428 2362 2597 2433; x_wconf 89' lang='lat' dir='ltr'><strong>panis</strong></span> <span class='ocrx_word' id='word_1_475' title='bbox 2630 2367 3004 2418; x_wconf 85' lang='lat' dir='ltr'><strong>consecratus</strong></span> <span class='ocrx_word' id='word_1_476' title='bbox 3038 2386 3064 2412; x_wconf 91' lang='grc'><strong>››</strong></span> <span class='ocrx_word' id='word_1_477' title='bbox 3089 2363 3304 2420; x_wconf 86' lang='lat' dir='ltr'><strong>dicitur</strong></span> <span class='ocrx_word' id='word_1_478' title='bbox 3329 2383 3464 2437; x_wconf 90' lang='lat' dir='ltr'><strong>;quo</strong></span> <span class='ocrx_word' id='word_1_479' title='bbox 3490 2367 3726 2424; x_wconf 89' lang='lat' dir='ltr'><strong>nomine</strong></span> 
     </span>
    </p>
   </div>
   <div class='ocr_carea' id='block_1_71' title="bbox 2076 2450 3724 2528">
    <p class='ocr_par' dir='ltr' id='par_1_71' title="bbox 2076 2450 3724 2528">
     <span class='ocr_line' id='line_1_71' title="bbox 2076 2450 3724 2528; baseline 0.001 -20"><span class='ocrx_word' id='word_1_480' title='bbox 2076 2450 2446 2508; x_wconf 87' lang='lat' dir='ltr'><strong>Eucharistia</strong></span> <span class='ocrx_word' id='word_1_481' title='bbox 2471 2455 2710 2506; x_wconf 87' lang='lat' dir='ltr'><strong>vocatur</strong></span> <span class='ocrx_word' id='word_1_482' title='bbox 2739 2469 2772 2506; x_wconf 91' lang='lat' dir='ltr'><strong>a</strong></span> <span class='ocrx_word' id='word_1_483' title='bbox 2801 2451 3032 2507; x_wconf 84' lang='lat' dir='ltr'><strong>Justino</strong></span> <span class='ocrx_word' id='word_1_484' title='bbox 3083 2453 3142 2508; x_wconf 92' lang='lat' dir='ltr'><strong>in</strong></span> <span class='ocrx_word' id='word_1_485' title='bbox 3188 2453 3468 2528; x_wconf 87' lang='lat' dir='ltr'><strong>Apologia</strong></span> <span class='ocrx_word' id='word_1_486' title='bbox 3514 2457 3724 2527; x_wconf 89' lang='lat' dir='ltr'><strong>prima,</strong></span> 
     </span>
    </p>
   </div>
   <div class='ocr_carea' id='block_1_72' title="bbox 2077 2540 3726 2617">
    <p class='ocr_par' dir='ltr' id='par_1_72' title="bbox 2077 2540 3726 2617">
     <span class='ocr_line' id='line_1_72' title="bbox 2077 2540 3726 2617; baseline 0.001 -20"><span class='ocrx_word' id='word_1_487' title='bbox 2077 2543 2150 2598; x_wconf 89' lang='lat' dir='ltr'><strong>ab</strong></span> <span class='ocrx_word' id='word_1_488' title='bbox 2181 2543 2394 2596; x_wconf 86' lang='lat' dir='ltr'><strong>Irenao</strong></span> <span class='ocrx_word' id='word_1_489' title='bbox 2427 2540 2601 2595; x_wconf 88' lang='lat' dir='ltr'><strong>citato</strong></span> <span class='ocrx_word' id='word_1_490' title='bbox 2633 2541 2785 2611; x_wconf 88' lang='lat' dir='ltr'><strong>apud</strong></span> <span class='ocrx_word' id='word_1_491' title='bbox 2818 2541 3136 2597; x_wconf 86' lang='lat' dir='ltr'><strong>Eusebium</strong></span> <span class='ocrx_word' id='word_1_492' title='bbox 3167 2541 3224 2597; x_wconf 90' lang='lat' dir='ltr'><strong>in</strong></span> <span class='ocrx_word' id='word_1_493' title='bbox 3280 2543 3379 2599; x_wconf 92' lang='lat' dir='ltr'><strong>lib.</strong></span> <span class='ocrx_word' id='word_1_494' title='bbox 3415 2561 3603 2617; x_wconf 87' lang='lat' dir='ltr'><strong>v,cap.</strong></span> <span class='ocrx_word' id='word_1_495' title='bbox 3636 2545 3726 2614; x_wconf 84' lang='grc'><strong>24,</strong></span> 
     </span>
    </p>
   </div>
   <div class='ocr_carea' id='block_1_73' title="bbox 2078 2630 3725 2706">
    <p class='ocr_par' dir='ltr' id='par_1_73' title="bbox 2078 2630 3725 2706">
     <span class='ocr_line' id='line_1_73' title="bbox 2078 2630 3725 2706; baseline 0.002 -20"><span class='ocrx_word' id='word_1_496' title='bbox 2078 2635 2204 2686; x_wconf 92' lang='lat' dir='ltr'><strong>tum</strong></span> <span class='ocrx_word' id='word_1_497' title='bbox 2237 2630 2296 2685; x_wconf 93' lang='lat' dir='ltr'><strong>in</strong></span> <span class='ocrx_word' id='word_1_498' title='bbox 2326 2630 2478 2685; x_wconf 90' lang='lat' dir='ltr'><strong>libro</strong></span> <span class='ocrx_word' id='word_1_499' title='bbox 2510 2647 2563 2697; x_wconf 91' lang='lat' dir='ltr'><strong>v,</strong></span> <span class='ocrx_word' id='word_1_500' title='bbox 2599 2634 2802 2685; x_wconf 90' lang='lat' dir='ltr'><strong>contra</strong></span> <span class='ocrx_word' id='word_1_501' title='bbox 2832 2630 3104 2699; x_wconf 88' lang='lat' dir='ltr'><strong>harcses,</strong></span> <span class='ocrx_word' id='word_1_502' title='bbox 3135 2636 3391 2703; x_wconf 82' lang='lat' dir='ltr'><strong>cap.u,et</strong></span> <span class='ocrx_word' id='word_1_503' title='bbox 3421 2635 3574 2706; x_wconf 90' lang='lat' dir='ltr'><strong>apud</strong></span> <span class='ocrx_word' id='word_1_504' title='bbox 3603 2634 3725 2690; x_wconf 89' lang='lat' dir='ltr'><strong>Cle-</strong></span> 
     </span>
    </p>
   </div>
   <div class='ocr_carea' id='block_1_74' title="bbox 2081 2717 3727 2795">
    <p class='ocr_par' dir='ltr' id='par_1_74' title="bbox 2081 2717 3727 2795">
     <span class='ocr_line' id='line_1_74' title="bbox 2081 2717 3727 2795; baseline 0.002 -21"><span class='ocrx_word' id='word_1_505' title='bbox 2081 2724 2336 2776; x_wconf 91' lang='lat' dir='ltr'><strong>mentem</strong></span> <span class='ocrx_word' id='word_1_506' title='bbox 2356 2717 2815 2773; x_wconf 84' lang='lat' dir='ltr'><strong>Alexandrinum</strong></span> <span class='ocrx_word' id='word_1_507' title='bbox 2841 2717 2899 2773; x_wconf 90' lang='lat' dir='ltr'><strong>in</strong></span> <span class='ocrx_word' id='word_1_508' title='bbox 2924 2720 3215 2775; x_wconf 87' lang='lat' dir='ltr'><strong>Stromate</strong></span> <span class='ocrx_word' id='word_1_509' title='bbox 3245 2721 3727 2795; x_wconf 77' lang='lat' dir='ltr'><strong>primo,pag.ii7,</strong></span> 
     </span>
    </p>
   </div>
   <div class='ocr_carea' id='block_1_75' title="bbox 2078 2806 3729 2870">
    <p class='ocr_par' dir='ltr' id='par_1_75' title="bbox 2078 2806 3729 2870">
     <span class='ocr_line' id='line_1_75' title="bbox 2078 2806 3729 2870; baseline 0.003 -5"><span class='ocrx_word' id='word_1_510' title='bbox 2078 2809 2164 2865; x_wconf 90' lang='lat' dir='ltr'><strong>uti</strong></span> <span class='ocrx_word' id='word_1_511' title='bbox 2193 2807 2476 2864; x_wconf 89' lang='lat' dir='ltr'><strong>Henricus</strong></span> <span class='ocrx_word' id='word_1_512' title='bbox 2505 2806 2774 2862; x_wconf 86' lang='lat' dir='ltr'><strong>Valesius</strong></span> <span class='ocrx_word' id='word_1_513' title='bbox 2796 2808 2882 2862; x_wconf 82' lang='lat' dir='ltr'><strong>vir</strong></span> <span class='ocrx_word' id='word_1_514' title='bbox 2910 2807 3275 2865; x_wconf 82' lang='lat' dir='ltr'><strong>clarissimus</strong></span> <span class='ocrx_word' id='word_1_515' title='bbox 3305 2809 3363 2864; x_wconf 92' lang='lat' dir='ltr'><strong>in</strong></span> <span class='ocrx_word' id='word_1_516' title='bbox 3414 2811 3729 2870; x_wconf 88' lang='lat' dir='ltr'><strong>Eusebium</strong></span> 
     </span>
    </p>
   </div>
   <div class='ocr_carea' id='block_1_76' title="bbox 2081 2895 3729 2972">
    <p class='ocr_par' dir='ltr' id='par_1_76' title="bbox 2081 2895 3729 2972">
     <span class='ocr_line' id='line_1_76' title="bbox 2081 2895 3729 2972; baseline 0.002 -19"><span class='ocrx_word' id='word_1_517' title='bbox 2081 2896 2398 2953; x_wconf 87' lang='lat' dir='ltr'><strong>adnotavit.</strong></span> <span class='ocrx_word' id='word_1_518' title='bbox 2438 2897 2504 2950; x_wconf 90' lang='lat' dir='ltr'><strong>Et</strong></span> <span class='ocrx_word' id='word_1_519' title='bbox 2535 2895 2774 2966; x_wconf 90' lang='lat' dir='ltr'><strong>quidem</strong></span> <span class='ocrx_word' id='word_1_520' title='bbox 2797 2896 3233 2952; x_wconf 84' lang='lat' dir='ltr'><strong>Eucharistiam</strong></span> <span class='ocrx_word' id='word_1_521' title='bbox 3265 2899 3324 2954; x_wconf 87' lang='lat' dir='ltr'><strong>in</strong></span> <span class='ocrx_word' id='word_1_522' title='bbox 3357 2899 3594 2972; x_wconf 86' lang='lat' dir='ltr'><strong>signum</strong></span> <span class='ocrx_word' id='word_1_523' title='bbox 3637 2917 3729 2956; x_wconf 89' lang='lat' dir='ltr'><strong>ec-</strong></span> 
     </span>
    </p>
   </div>
   <div class='ocr_carea' id='block_1_77' title="bbox 2081 2983 3726 3057">
    <p class='ocr_par' dir='ltr' id='par_1_77' title="bbox 2081 2983 3726 3057">
     <span class='ocr_line' id='line_1_77' title="bbox 2081 2983 3726 3057; baseline 0.002 -15"><span class='ocrx_word' id='word_1_524' title='bbox 2081 2984 2415 3042; x_wconf 86' lang='lat' dir='ltr'><strong>clesiastica</strong></span> <span class='ocrx_word' id='word_1_525' title='bbox 2447 2983 2879 3040; x_wconf 87' lang='lat' dir='ltr'><strong>communionis</strong></span> <span class='ocrx_word' id='word_1_526' title='bbox 2910 2984 3239 3056; x_wconf 85' lang='lat' dir='ltr'><strong>antiquitus</strong></span> <span class='ocrx_word' id='word_1_527' title='bbox 3268 2987 3422 3043; x_wconf 90' lang='lat' dir='ltr'><strong>mitti</strong></span> <span class='ocrx_word' id='word_1_528' title='bbox 3469 2989 3726 3057; x_wconf 89' lang='lat' dir='ltr'><strong>solitam,</strong></span> 
     </span>
    </p>
   </div>
   <div class='ocr_carea' id='block_1_78' title="bbox 2081 3073 3730 3148">
    <p class='ocr_par' dir='ltr' id='par_1_78' title="bbox 2081 3073 3730 3148">
     <span class='ocr_line' id='line_1_78' title="bbox 2081 3073 3730 3148; baseline 0.001 -16"><span class='ocrx_word' id='word_1_529' title='bbox 2081 3079 2260 3132; x_wconf 84' lang='lat' dir='ltr'><strong>testes</strong></span> <span class='ocrx_word' id='word_1_530' title='bbox 2293 3079 2430 3130; x_wconf 85' lang='lat' dir='ltr'><strong>sunt</strong></span> <span class='ocrx_word' id='word_1_531' title='bbox 2459 3073 2732 3129; x_wconf 90' lang='lat' dir='ltr'><strong>Justinus</strong></span> <span class='ocrx_word' id='word_1_532' title='bbox 2756 3073 2812 3128; x_wconf 91' lang='lat' dir='ltr'><strong>in</strong></span> <span class='ocrx_word' id='word_1_533' title='bbox 2832 3073 3113 3147; x_wconf 85' lang='lat' dir='ltr'><strong>Apologia</strong></span> <span class='ocrx_word' id='word_1_534' title='bbox 3136 3076 3325 3148; x_wconf 89' lang='lat' dir='ltr'><strong>prima</strong></span> <span class='ocrx_word' id='word_1_535' title='bbox 3350 3078 3730 3145; x_wconf 88' lang='lat' dir='ltr'><strong>;Eusebiusin</strong></span> 
     </span>
    </p>
   </div>
   <div class='ocr_carea' id='block_1_79' title="bbox 2082 3163 3734 3237">
    <p class='ocr_par' dir='ltr' id='par_1_79' title="bbox 2082 3163 3734 3237">
     <span class='ocr_line' id='line_1_79' title="bbox 2082 3163 3734 3237; baseline 0.002 -17"><span class='ocrx_word' id='word_1_536' title='bbox 2082 3165 2185 3220; x_wconf 91' lang='lat' dir='ltr'><strong>lib.</strong></span> <span class='ocrx_word' id='word_1_537' title='bbox 2215 3182 2272 3232; x_wconf 93' lang='lat' dir='ltr'><strong>v,</strong></span> <span class='ocrx_word' id='word_1_538' title='bbox 2306 3180 2434 3234; x_wconf 90' lang='lat' dir='ltr'><strong>cap.</strong></span> <span class='ocrx_word' id='word_1_539' title='bbox 2466 3163 2557 3228; x_wconf 78' lang='grc'><strong>24,</strong></span> <span class='ocrx_word' id='word_1_540' title='bbox 2592 3163 2823 3218; x_wconf 87' lang='lat' dir='ltr'><strong>tametsi</strong></span> <span class='ocrx_word' id='word_1_541' title='bbox 2858 3163 2912 3218; x_wconf 91' lang='lat' dir='ltr'><strong>id</strong></span> <span class='ocrx_word' id='word_1_542' title='bbox 2950 3164 3072 3218; x_wconf 83' lang='lat' dir='ltr'><strong>fieri</strong></span> <span class='ocrx_word' id='word_1_543' title='bbox 3104 3181 3208 3236; x_wconf 89' lang='lat' dir='ltr'><strong>per</strong></span> <span class='ocrx_word' id='word_1_544' title='bbox 3238 3165 3535 3237; x_wconf 88' lang='lat' dir='ltr'><strong>paschalia</strong></span> <span class='ocrx_word' id='word_1_545' title='bbox 3587 3167 3734 3223; x_wconf 83' lang='lat' dir='ltr'><strong>festa</strong></span> 
     </span>
    </p>
   </div>
   <div class='ocr_carea' id='block_1_80' title="bbox 2000 3234 3732 3326">
    <p class='ocr_par' dir='ltr' id='par_1_80' title="bbox 2000 3234 3732 3326">
     <span class='ocr_line' id='line_1_80' title="bbox 2000 3234 3732 3326; baseline 0.002 -18"><span class='ocrx_word' id='word_1_546' title='bbox 2000 3234 2043 3300; x_wconf 65' lang='grc' dir='ltr'>θ</span> <span class='ocrx_word' id='word_1_547' title='bbox 2084 3254 2266 3309; x_wconf 89' lang='lat' dir='ltr'><strong>vetuit</strong></span> <span class='ocrx_word' id='word_1_548' title='bbox 2314 3251 2623 3307; x_wconf 89' lang='lat' dir='ltr'><strong>Laodiceni</strong></span> <span class='ocrx_word' id='word_1_549' title='bbox 2681 3251 2907 3306; x_wconf 90' lang='lat' dir='ltr'><strong>concilii</strong></span> <span class='ocrx_word' id='word_1_550' title='bbox 2932 3234 3121 3308; x_wconf 79' lang='lat' dir='ltr'><strong>canon</strong></span> <span class='ocrx_word' id='word_1_551' title='bbox 3155 3234 3353 3310; x_wconf 69' lang='lat' dir='ltr'><strong>M.l\’ec</strong></span> <span class='ocrx_word' id='word_1_552' title='bbox 3374 3271 3732 3326; x_wconf 89' lang='lat' dir='ltr'><strong>quemquam</strong></span> 
     </span>
    </p>
   </div>
   <div class='ocr_carea' id='block_1_81' title="bbox 2086 3339 3730 3413">
    <p class='ocr_par' dir='ltr' id='par_1_81' title="bbox 2086 3339 3730 3413">
     <span class='ocr_line' id='line_1_81' title="bbox 2086 3339 3730 3413; baseline 0 -15"><span class='ocrx_word' id='word_1_553' title='bbox 2086 3357 2317 3398; x_wconf 87' lang='lat' dir='ltr'><strong>movere</strong></span> <span class='ocrx_word' id='word_1_554' title='bbox 2349 3341 2516 3396; x_wconf 92' lang='lat' dir='ltr'><strong>debet</strong></span> <span class='ocrx_word' id='word_1_555' title='bbox 2546 3340 2700 3412; x_wconf 91' lang='lat' dir='ltr'><strong>quod</strong></span> <span class='ocrx_word' id='word_1_556' title='bbox 2720 3339 3128 3413; x_wconf 89' lang='lat' dir='ltr'><strong>peracolytum</strong></span> <span class='ocrx_word' id='word_1_557' title='bbox 3146 3343 3511 3398; x_wconf 89' lang='lat' dir='ltr'><strong>Eucharistia</strong></span> <span class='ocrx_word' id='word_1_558' title='bbox 3539 3348 3730 3398; x_wconf 91' lang='lat' dir='ltr'><strong>trans-</strong></span> 
     </span>
    </p>
   </div>
   <div class='ocr_carea' id='block_1_82' title="bbox 2085 3431 3723 3505">
    <p class='ocr_par' dir='ltr' id='par_1_82' title="bbox 2085 3431 3723 3505">
     <span class='ocr_line' id='line_1_82' title="bbox 2085 3431 3723 3505; baseline 0.002 -19"><span class='ocrx_word' id='word_1_559' title='bbox 2085 3431 2235 3487; x_wconf 91' lang='lat' dir='ltr'><strong>mitti</strong></span> <span class='ocrx_word' id='word_1_560' title='bbox 2269 3431 2519 3500; x_wconf 88' lang='lat' dir='ltr'><strong>dicatur,</strong></span> <span class='ocrx_word' id='word_1_561' title='bbox 2545 3446 2677 3484; x_wconf 92' lang='lat' dir='ltr'><strong>cum</strong></span> <span class='ocrx_word' id='word_1_562' title='bbox 2713 3445 2814 3501; x_wconf 92' lang='lat' dir='ltr'><strong>per</strong></span> <span class='ocrx_word' id='word_1_563' title='bbox 2843 3447 3090 3501; x_wconf 89' lang='lat' dir='ltr'><strong>puerum</strong></span> <span class='ocrx_word' id='word_1_564' title='bbox 3118 3433 3187 3487; x_wconf 88' lang='lat' dir='ltr'><strong>ad</strong></span> <span class='ocrx_word' id='word_1_565' title='bbox 3230 3431 3603 3505; x_wconf 85' lang='lat' dir='ltr'><strong>Serapionem</strong></span> <span class='ocrx_word' id='word_1_566' title='bbox 3635 3449 3723 3489; x_wconf 90' lang='lat' dir='ltr'><strong>se-</strong></span> 
     </span>
    </p>
   </div>
   <div class='ocr_carea' id='block_1_83' title="bbox 2081 3519 3729 3592">
    <p class='ocr_par' dir='ltr' id='par_1_83' title="bbox 2081 3519 3729 3592">
     <span class='ocr_line' id='line_1_83' title="bbox 2081 3519 3729 3592; baseline 0 -14"><span class='ocrx_word' id='word_1_567' title='bbox 2081 3537 2217 3578; x_wconf 91' lang='lat' dir='ltr'><strong>nem</strong></span> <span class='ocrx_word' id='word_1_568' title='bbox 2248 3519 2467 3576; x_wconf 88' lang='lat' dir='ltr'><strong>directa</strong></span> <span class='ocrx_word' id='word_1_569' title='bbox 2495 3519 2872 3592; x_wconf 87' lang='lat' dir='ltr'><strong>perhibeatur</strong></span> <span class='ocrx_word' id='word_1_570' title='bbox 2897 3521 3052 3592; x_wconf 87' lang='lat' dir='ltr'><strong>apud</strong></span> <span class='ocrx_word' id='word_1_571' title='bbox 3103 3522 3444 3592; x_wconf 85' lang='lat' dir='ltr'><strong>Eusebium,</strong></span> <span class='ocrx_word' id='word_1_572' title='bbox 3498 3521 3601 3577; x_wconf 92' lang='lat' dir='ltr'><strong>lib.</strong></span> <span class='ocrx_word' id='word_1_573' title='bbox 3644 3540 3729 3591; x_wconf 79' lang='lat' dir='ltr'><strong>v1,</strong></span> 
     </span>
    </p>
   </div>
   <div class='ocr_carea' id='block_1_84' title="bbox 2083 3607 3737 3683">
    <p class='ocr_par' dir='ltr' id='par_1_84' title="bbox 2083 3607 3737 3683">
     <span class='ocr_line' id='line_1_84' title="bbox 2083 3607 3737 3683; baseline -0.001 -16"><span class='ocrx_word' id='word_1_574' title='bbox 2083 3627 2208 3682; x_wconf 89' lang='lat' dir='ltr'><strong>cap.</strong></span> <span class='ocrx_word' id='word_1_575' title='bbox 2243 3610 2330 3664; x_wconf 66' lang='grc'><strong>44.</strong></span> <span class='ocrx_word' id='word_1_576' title='bbox 2364 3607 2664 3680; x_wconf 87' lang='lat' dir='ltr'><strong>Duplicem</strong></span> <span class='ocrx_word' id='word_1_577' title='bbox 2695 3625 2828 3664; x_wconf 88' lang='lat' dir='ltr'><strong>vero</strong></span> <span class='ocrx_word' id='word_1_578' title='bbox 2860 3610 2932 3664; x_wconf 90' lang='lat' dir='ltr'><strong>ob</strong></span> <span class='ocrx_word' id='word_1_579' title='bbox 2974 3625 3213 3667; x_wconf 90' lang='lat' dir='ltr'><strong>causam</strong></span> <span class='ocrx_word' id='word_1_580' title='bbox 3247 3611 3508 3683; x_wconf 83' lang='lat' dir='ltr'><strong>pontifex</strong></span> <span class='ocrx_word' id='word_1_581' title='bbox 3536 3628 3641 3682; x_wconf 89' lang='lat' dir='ltr'><strong>per</strong></span> <span class='ocrx_word' id='word_1_582' title='bbox 3669 3611 3737 3666; x_wconf 91' lang='lat' dir='ltr'><strong>ti-</strong></span> 
     </span>
    </p>
   </div>
   <div class='ocr_carea' id='block_1_85' title="bbox 2080 3696 3729 3772">
    <p class='ocr_par' dir='ltr' id='par_1_85' title="bbox 2080 3696 3729 3772">
     <span class='ocr_line' id='line_1_85' title="bbox 2080 3696 3729 3772; baseline 0 -17"><span class='ocrx_word' id='word_1_583' title='bbox 2080 3698 2236 3756; x_wconf 90' lang='lat' dir='ltr'><strong>tulos</strong></span> <span class='ocrx_word' id='word_1_584' title='bbox 2255 3697 2424 3755; x_wconf 92' lang='lat' dir='ltr'><strong>Urbis</strong></span> <span class='ocrx_word' id='word_1_585' title='bbox 2439 3697 2864 3753; x_wconf 86' lang='lat' dir='ltr'><strong>Eucharistiam</strong></span> <span class='ocrx_word' id='word_1_586' title='bbox 2888 3696 3465 3772; x_wconf 89' lang='lat' dir='ltr'><strong>mittebat,nempein</strong></span> <span class='ocrx_word' id='word_1_587' title='bbox 3489 3698 3729 3771; x_wconf 88' lang='lat' dir='ltr'><strong>signum</strong></span> 
     </span>
    </p>
   </div>
   <div class='ocr_carea' id='block_1_86' title="bbox 2079 3785 3722 3851">
    <p class='ocr_par' dir='ltr' id='par_1_86' title="bbox 2079 3785 3722 3851">
     <span class='ocr_line' id='line_1_86' title="bbox 2079 3785 3722 3851; baseline 0 -7"><span class='ocrx_word' id='word_1_588' title='bbox 2079 3793 2203 3844; x_wconf 91' lang='lat' dir='ltr'><strong>tum</strong></span> <span class='ocrx_word' id='word_1_589' title='bbox 2232 3787 2620 3851; x_wconf 84' lang='lat' dir='ltr'><strong>auctoritatis,</strong></span> <span class='ocrx_word' id='word_1_590' title='bbox 2653 3789 2778 3841; x_wconf 89' lang='lat' dir='ltr'><strong>tum</strong></span> <span class='ocrx_word' id='word_1_591' title='bbox 2810 3785 3215 3843; x_wconf 86' lang='lat' dir='ltr'><strong>ecclesiastica</strong></span> <span class='ocrx_word' id='word_1_592' title='bbox 3264 3787 3722 3844; x_wconf 87' lang='lat' dir='ltr'><strong>communionis.</strong></span> 
     </span>
    </p>
   </div>
   <div class='ocr_carea' id='block_1_87' title="bbox 2089 3873 3734 3950">
    <p class='ocr_par' dir='ltr' id='par_1_87' title="bbox 2089 3873 3734 3950">
     <span class='ocr_line' id='line_1_87' title="bbox 2089 3873 3734 3950; baseline 0 -18"><span class='ocrx_word' id='word_1_593' title='bbox 2089 3875 2352 3950; x_wconf 90' lang='lat' dir='ltr'><strong>Ignatius</strong></span> <span class='ocrx_word' id='word_1_594' title='bbox 2408 3873 2808 3930; x_wconf 90' lang='lat' dir='ltr'><strong>Antiochenus</strong></span> <span class='ocrx_word' id='word_1_595' title='bbox 2862 3873 3171 3946; x_wconf 89' lang='lat' dir='ltr'><strong>episcopus</strong></span> <span class='ocrx_word' id='word_1_596' title='bbox 3230 3875 3288 3930; x_wconf 94' lang='lat' dir='ltr'><strong>in</strong></span> <span class='ocrx_word' id='word_1_597' title='bbox 3365 3874 3614 3948; x_wconf 89' lang='lat' dir='ltr'><strong>epistola</strong></span> <span class='ocrx_word' id='word_1_598' title='bbox 3663 3877 3734 3932; x_wconf 82' lang='lat' dir='ltr'><strong>ad</strong></span> 
     </span>
    </p>
   </div>
   <div class='ocr_carea' id='block_1_88' title="bbox 2077 3963 3734 4038">
    <p class='ocr_par' dir='ltr' id='par_1_88' title="bbox 2077 3963 3734 4038">
     <span class='ocr_line' id='line_1_88' title="bbox 2077 3963 3734 4038; baseline -0.001 -16"><span class='ocrx_word' id='word_1_599' title='bbox 2077 3966 2407 4038; x_wconf 72' lang='lat' dir='ltr'><strong>Smyrnaos</strong></span> <span class='ocrx_word' id='word_1_600' title='bbox 2438 3967 2624 4018; x_wconf 88' lang='lat' dir='ltr'><strong>ratam</strong></span> <span class='ocrx_word' id='word_1_601' title='bbox 2649 3963 2821 4033; x_wconf 91' lang='lat' dir='ltr'><strong>jubet</strong></span> <span class='ocrx_word' id='word_1_602' title='bbox 2863 3963 3296 4020; x_wconf 88' lang='lat' dir='ltr'><strong>Eucharistiam</strong></span> <span class='ocrx_word' id='word_1_603' title='bbox 3348 3963 3553 4021; x_wconf 87' lang='lat' dir='ltr'><strong>haberi</strong></span> <span class='ocrx_word' id='word_1_604' title='bbox 3605 3982 3734 4037; x_wconf 83' lang='lat' dir='ltr'><strong>qua</strong></span> 
     </span>
    </p>
   </div>
   <div class='ocr_carea' id='block_1_89' title="bbox 2077 4050 3732 4126">
    <p class='ocr_par' dir='ltr' id='par_1_89' title="bbox 2077 4050 3732 4126">
     <span class='ocr_line' id='line_1_89' title="bbox 2077 4050 3732 4126; baseline -0.001 -15"><span class='ocrx_word' id='word_1_605' title='bbox 2077 4056 2185 4111; x_wconf 92' lang='lat' dir='ltr'><strong>sub</strong></span> <span class='ocrx_word' id='word_1_606' title='bbox 2213 4053 2482 4126; x_wconf 91' lang='lat' dir='ltr'><strong>episcopo</strong></span> <span class='ocrx_word' id='word_1_607' title='bbox 2506 4050 2678 4107; x_wconf 82' lang='lat' dir='ltr'><strong>fuerit</strong></span> <span class='ocrx_word' id='word_1_608' title='bbox 2701 4050 2788 4107; x_wconf 92' lang='lat' dir='ltr'><strong>vel</strong></span> <span class='ocrx_word' id='word_1_609' title='bbox 2820 4051 2915 4107; x_wconf 88' lang='lat' dir='ltr'><strong>cui</strong></span> <span class='ocrx_word' id='word_1_610' title='bbox 2945 4052 3070 4126; x_wconf 90' lang='lat' dir='ltr'><strong>ipse</strong></span> <span class='ocrx_word' id='word_1_611' title='bbox 3107 4054 3482 4111; x_wconf 90' lang='lat' dir='ltr'><strong>concesserit.</strong></span> <span class='ocrx_word' id='word_1_612' title='bbox 3517 4055 3588 4110; x_wconf 89' lang='lat' dir='ltr'><strong>Et</strong></span> <span class='ocrx_word' id='word_1_613' title='bbox 3619 4055 3732 4111; x_wconf 80' lang='lat' dir='ltr'><strong>Leo</strong></span> 
     </span>
    </p>
   </div>
   <div class='ocr_carea' id='block_1_90' title="bbox 2077 4139 3729 4217">
    <p class='ocr_par' dir='ltr' id='par_1_90' title="bbox 2077 4139 3729 4217">
     <span class='ocr_line' id='line_1_90' title="bbox 2077 4139 3729 4217; baseline 0.001 -19"><span class='ocrx_word' id='word_1_614' title='bbox 2077 4144 2346 4217; x_wconf 85' lang='lat' dir='ltr'><strong>Magnus,</strong></span> <span class='ocrx_word' id='word_1_615' title='bbox 2381 4141 2438 4195; x_wconf 91' lang='lat' dir='ltr'><strong>in</strong></span> <span class='ocrx_word' id='word_1_616' title='bbox 2472 4139 2719 4213; x_wconf 90' lang='lat' dir='ltr'><strong>epistola</strong></span> <span class='ocrx_word' id='word_1_617' title='bbox 2745 4141 2815 4196; x_wconf 89' lang='lat' dir='ltr'><strong>ad</strong></span> <span class='ocrx_word' id='word_1_618' title='bbox 2849 4140 3044 4198; x_wconf 84' lang='lat' dir='ltr'><strong>Gallia</strong></span> <span class='ocrx_word' id='word_1_619' title='bbox 3077 4147 3132 4200; x_wconf 89' lang='lat' dir='ltr'><strong>et</strong></span> <span class='ocrx_word' id='word_1_620' title='bbox 3155 4141 3477 4200; x_wconf 86' lang='lat' dir='ltr'><strong>Germania</strong></span> <span class='ocrx_word' id='word_1_621' title='bbox 3504 4143 3729 4217; x_wconf 86' lang='lat' dir='ltr'><strong>episco-</strong></span> 
     </span>
    </p>
   </div>
   <div class='ocr_carea' id='block_1_91' title="bbox 2075 4229 3723 4305">
    <p class='ocr_par' dir='ltr' id='par_1_91' title="bbox 2075 4229 3723 4305">
     <span class='ocr_line' id='line_1_91' title="bbox 2075 4229 3723 4305; baseline 0.003 -18"><span class='ocrx_word' id='word_1_622' title='bbox 2075 4249 2203 4304; x_wconf 89' lang='lat' dir='ltr'><strong>pos,</strong></span> <span class='ocrx_word' id='word_1_623' title='bbox 2235 4231 2314 4287; x_wconf 89' lang='lat' dir='ltr'><strong>ait</strong></span> <span class='ocrx_word' id='word_1_624' title='bbox 2345 4247 2461 4286; x_wconf 90' lang='lat' dir='ltr'><strong>non</strong></span> <span class='ocrx_word' id='word_1_625' title='bbox 2494 4229 2669 4285; x_wconf 91' lang='lat' dir='ltr'><strong>licere</strong></span> <span class='ocrx_word' id='word_1_626' title='bbox 2699 4231 2973 4303; x_wconf 89' lang='lat' dir='ltr'><strong>episcopo</strong></span> <span class='ocrx_word' id='word_1_627' title='bbox 2995 4237 3323 4305; x_wconf 55' lang='lat' dir='ltr'><strong>,prasente,</strong></span> <span class='ocrx_word' id='word_1_628' title='bbox 3376 4233 3490 4289; x_wconf 91' lang='lat' dir='ltr'><strong>nisi</strong></span> <span class='ocrx_word' id='word_1_629' title='bbox 3534 4233 3723 4305; x_wconf 87' lang='lat' dir='ltr'><strong>ipsius</strong></span> 
     </span>
    </p>
   </div>
   <div class='ocr_carea' id='block_1_92' title="bbox 2067 4321 3727 4395">
    <p class='ocr_par' dir='ltr' id='par_1_92' title="bbox 2067 4321 3727 4395">
     <span class='ocr_line' id='line_1_92' title="bbox 2067 4321 3727 4395; baseline 0.002 -20"><span class='ocrx_word' id='word_1_630' title='bbox 2067 4322 2265 4391; x_wconf 89' lang='lat' dir='ltr'><strong>jussu,</strong></span> <span class='ocrx_word' id='word_1_631' title='bbox 2297 4323 2731 4376; x_wconf 90' lang='lat' dir='ltr'><strong>sacramentum</strong></span> <span class='ocrx_word' id='word_1_632' title='bbox 2764 4321 3023 4392; x_wconf 87' lang='lat' dir='ltr'><strong>corporis</strong></span> <span class='ocrx_word' id='word_1_633' title='bbox 3053 4326 3110 4377; x_wconf 93' lang='lat' dir='ltr'><strong>et</strong></span> <span class='ocrx_word' id='word_1_634' title='bbox 3157 4322 3466 4395; x_wconf 86' lang='lat' dir='ltr'><strong>sanguinis</strong></span> <span class='ocrx_word' id='word_1_635' title='bbox 3509 4321 3727 4380; x_wconf 90' lang='lat' dir='ltr'><strong>Christi</strong></span> 
     </span>
    </p>
   </div>
   <div class='ocr_carea' id='block_1_93' title="bbox 2075 4409 3731 4483">
    <p class='ocr_par' dir='ltr' id='par_1_93' title="bbox 2075 4409 3731 4483">
     <span class='ocr_line' id='line_1_93' title="bbox 2075 4409 3731 4483; baseline 0.001 -17"><span class='ocrx_word' id='word_1_636' title='bbox 2075 4409 2379 4466; x_wconf 86' lang='lat' dir='ltr'><strong>conﬁcere.</strong></span> <span class='ocrx_word' id='word_1_637' title='bbox 2406 4409 2604 4480; x_wconf 90' lang='lat' dir='ltr'><strong>Itaque</strong></span> <span class='ocrx_word' id='word_1_638' title='bbox 2623 4409 2882 4481; x_wconf 83' lang='lat' dir='ltr'><strong>pontifex</strong></span> <span class='ocrx_word' id='word_1_639' title='bbox 2900 4415 3284 4466; x_wconf 84' lang='lat' dir='ltr'><strong>uttestaretur</strong></span> <span class='ocrx_word' id='word_1_640' title='bbox 3295 4427 3356 4467; x_wconf 90' lang='lat' dir='ltr'><strong>se</strong></span> <span class='ocrx_word' id='word_1_641' title='bbox 3374 4410 3731 4483; x_wconf 89' lang='lat' dir='ltr'><strong>presbyteris</strong></span> 
     </span>
    </p>
   </div>
   <div class='ocr_carea' id='block_1_94' title="bbox 2075 4497 3730 4570">
    <p class='ocr_par' dir='ltr' id='par_1_94' title="bbox 2075 4497 3730 4570">
     <span class='ocr_line' id='line_1_94' title="bbox 2075 4497 3730 4570; baseline 0.001 -16"><span class='ocrx_word' id='word_1_642' title='bbox 2075 4498 2380 4554; x_wconf 90' lang='lat' dir='ltr'><strong>titulorum</strong></span> <span class='ocrx_word' id='word_1_643' title='bbox 2414 4497 2576 4553; x_wconf 92' lang='lat' dir='ltr'><strong>urbis</strong></span> <span class='ocrx_word' id='word_1_644' title='bbox 2608 4497 2802 4554; x_wconf 81' lang='lat' dir='ltr'><strong>Roma</strong></span> <span class='ocrx_word' id='word_1_645' title='bbox 2835 4503 3183 4570; x_wconf 90' lang='lat' dir='ltr'><strong>potestatem</strong></span> <span class='ocrx_word' id='word_1_646' title='bbox 3215 4499 3405 4556; x_wconf 88' lang='lat' dir='ltr'><strong>facere</strong></span> <span class='ocrx_word' id='word_1_647' title='bbox 3451 4499 3730 4556; x_wconf 87' lang='lat' dir='ltr'><strong>Euchari-</strong></span> 
     </span>
    </p>
   </div>
   <div class='ocr_carea' id='block_1_95' title="bbox 1996 4587 3730 4672">
    <p class='ocr_par' dir='ltr' id='par_1_95' title="bbox 1996 4587 3730 4672">
     <span class='ocr_line' id='line_1_95' title="bbox 1996 4587 3730 4672; baseline 0.001 -28"><span class='ocrx_word' id='word_1_648' title='bbox 1996 4607 2043 4672; x_wconf 83' lang='lat' dir='ltr'><strong>D</strong></span> <span class='ocrx_word' id='word_1_649' title='bbox 2075 4588 2196 4644; x_wconf 86' lang='lat' dir='ltr'><strong>stia</strong></span> <span class='ocrx_word' id='word_1_650' title='bbox 2229 4587 2624 4655; x_wconf 84' lang='lat' dir='ltr'><strong>conﬁcienda,</strong></span> <span class='ocrx_word' id='word_1_651' title='bbox 2652 4587 3083 4644; x_wconf 88' lang='lat' dir='ltr'><strong>Eucharistiam</strong></span> <span class='ocrx_word' id='word_1_652' title='bbox 3107 4588 3232 4660; x_wconf 92' lang='lat' dir='ltr'><strong>ipse</strong></span> <span class='ocrx_word' id='word_1_653' title='bbox 3263 4588 3552 4656; x_wconf 89' lang='lat' dir='ltr'><strong>mittebat,</strong></span> <span class='ocrx_word' id='word_1_654' title='bbox 3603 4605 3730 4660; x_wconf 84' lang='lat' dir='ltr'><strong>qua</strong></span> 
     </span>
    </p>
   </div>
   <div class='ocr_carea' id='block_1_96' title="bbox 365 4675 3725 4750">
    <p class='ocr_par' dir='ltr' id='par_1_96' title="bbox 365 4675 3725 4750">
     <span class='ocr_line' id='line_1_96' title="bbox 365 4675 3725 4750; baseline 0 -16"><span class='ocrx_word' id='word_1_655' title='bbox 365 4679 670 4743; x_wconf 83' lang='lat' dir='ltr'><strong>Quartum</strong></span> <span class='ocrx_word' id='word_1_656' title='bbox 701 4679 1117 4748; x_wconf 86' lang='lat' dir='ltr'><strong>argumentum</strong></span> <span class='ocrx_word' id='word_1_657' title='bbox 1149 4690 1218 4732; x_wconf 80' lang='lat' dir='ltr'><strong>ex</strong></span> <span class='ocrx_word' id='word_1_658' title='bbox 1260 4692 1480 4732; x_wconf 90' lang='lat' dir='ltr'><strong>canone</strong></span> <span class='ocrx_word' id='word_1_659' title='bbox 1526 4681 1686 4734; x_wconf 81' lang='lat' dir='ltr'><strong>sexto</strong></span> <span class='ocrx_word' id='word_1_660' title='bbox 1735 4678 1962 4735; x_wconf 90' lang='lat' dir='ltr'><strong>concilii</strong></span> <span class='ocrx_word' id='word_1_661' title='bbox 2073 4677 2247 4734; x_wconf 85' lang='lat' dir='ltr'><strong>etiam</strong></span> <span class='ocrx_word' id='word_1_662' title='bbox 2269 4675 2603 4750; x_wconf 86' lang='lat' dir='ltr'><strong>symbolum</strong></span> <span class='ocrx_word' id='word_1_663' title='bbox 2625 4677 3321 4732; x_wconf 87' lang='lat' dir='ltr'><strong>mutuaunioniserat.ld</strong></span> <span class='ocrx_word' id='word_1_664' title='bbox 3341 4694 3374 4732; x_wconf 91' lang='lat' dir='ltr'><strong>a</strong></span> <span class='ocrx_word' id='word_1_665' title='bbox 3399 4675 3725 4734; x_wconf 84' lang='lat' dir='ltr'><strong>Melehiade</strong></span> 
     </span>
    </p>
   </div>
   <div class='ocr_carea' id='block_1_97' title="bbox 304 4765 1957 4839">
    <p class='ocr_par' dir='ltr' id='par_1_97' title="bbox 304 4765 1957 4839">
     <span class='ocr_line' id='line_1_97' title="bbox 304 4765 1957 4839; baseline 0.001 -15"><span class='ocrx_word' id='word_1_666' title='bbox 304 4784 409 4824; x_wconf 71' lang='lat' dir='ltr'><strong>xvr</strong></span> <span class='ocrx_word' id='word_1_667' title='bbox 439 4765 704 4824; x_wconf 80' lang='lat' dir='ltr'><strong>Toletani</strong></span> <span class='ocrx_word' id='word_1_668' title='bbox 736 4765 1006 4838; x_wconf 89' lang='lat' dir='ltr'><strong>petitum,</strong></span> <span class='ocrx_word' id='word_1_669' title='bbox 1038 4782 1155 4822; x_wconf 86' lang='lat' dir='ltr'><strong>non</strong></span> <span class='ocrx_word' id='word_1_670' title='bbox 1184 4766 1358 4822; x_wconf 90' lang='lat' dir='ltr'><strong>modo</strong></span> <span class='ocrx_word' id='word_1_671' title='bbox 1382 4765 1530 4822; x_wconf 90' lang='lat' dir='ltr'><strong>nihil</strong></span> <span class='ocrx_word' id='word_1_672' title='bbox 1561 4784 1665 4839; x_wconf 93' lang='lat' dir='ltr'><strong>pro</strong></span> <span class='ocrx_word' id='word_1_673' title='bbox 1699 4784 1812 4824; x_wconf 91' lang='lat' dir='ltr'><strong>usu</strong></span> <span class='ocrx_word' id='word_1_674' title='bbox 1845 4769 1957 4825; x_wconf 86' lang='lat' dir='ltr'><strong>fer-</strong></span> 
     </span>
    </p>
   </div>
   <div class='ocr_carea' id='block_1_98' title="bbox 306 4854 1957 4929">
    <p class='ocr_par' dir='ltr' id='par_1_98' title="bbox 306 4854 1957 4929">
     <span class='ocr_line' id='line_1_98' title="bbox 306 4854 1957 4929; baseline 0.001 -15"><span class='ocrx_word' id='word_1_675' title='bbox 306 4855 518 4923; x_wconf 85' lang='lat' dir='ltr'><strong>menti,</strong></span> <span class='ocrx_word' id='word_1_676' title='bbox 549 4855 652 4913; x_wconf 86' lang='lat' dir='ltr'><strong>sed</strong></span> <span class='ocrx_word' id='word_1_677' title='bbox 684 4855 938 4911; x_wconf 81' lang='lat' dir='ltr'><strong>maxime</strong></span> <span class='ocrx_word' id='word_1_678' title='bbox 965 4871 1069 4928; x_wconf 88' lang='lat' dir='ltr'><strong>pro</strong></span> <span class='ocrx_word' id='word_1_679' title='bbox 1096 4871 1296 4928; x_wconf 91' lang='lat' dir='ltr'><strong>azymo</strong></span> <span class='ocrx_word' id='word_1_680' title='bbox 1327 4854 1516 4912; x_wconf 88' lang='lat' dir='ltr'><strong>valere</strong></span> <span class='ocrx_word' id='word_1_681' title='bbox 1557 4856 1833 4929; x_wconf 88' lang='lat' dir='ltr'><strong>superius</strong></span> <span class='ocrx_word' id='word_1_682' title='bbox 1864 4875 1957 4914; x_wconf 86' lang='lat' dir='ltr'><strong>os-</strong></span> 
     </span>
    </p>
   </div>
   <div class='ocr_carea' id='block_1_99' title="bbox 305 4943 495 5003">
    <p class='ocr_par' dir='ltr' id='par_1_99' title="bbox 305 4943 495 5003">
     <span class='ocr_line' id='line_1_99' title="bbox 305 4943 495 5003; baseline -0.021 0"><span class='ocrx_word' id='word_1_683' title='bbox 305 4943 495 5003; x_wconf 81' lang='lat' dir='ltr'><strong>tendi.</strong></span> 
     </span>
    </p>
   </div>
   <div class='ocr_carea' id='block_1_100' title="bbox 373 5031 1953 5106">
    <p class='ocr_par' dir='ltr' id='par_1_100' title="bbox 373 5031 1953 5106">
     <span class='ocr_line' id='line_1_100' title="bbox 373 5031 1953 5106; baseline 0.001 -15"><span class='ocrx_word' id='word_1_684' title='bbox 373 5033 664 5100; x_wconf 75' lang='lat' dir='ltr'><strong>Quintum</strong></span> <span class='ocrx_word' id='word_1_685' title='bbox 695 5033 1076 5106; x_wconf 89' lang='lat' dir='ltr'><strong>suppeditant</strong></span> <span class='ocrx_word' id='word_1_686' title='bbox 1106 5031 1663 5102; x_wconf 87' lang='lat' dir='ltr'><strong>Melchiadis,Siricii</strong></span> <span class='ocrx_word' id='word_1_687' title='bbox 1693 5038 1751 5092; x_wconf 86' lang='lat' dir='ltr'><strong>et</strong></span> <span class='ocrx_word' id='word_1_688' title='bbox 1780 5035 1953 5092; x_wconf 84' lang='lat' dir='ltr'><strong>Inno-</strong></span> 
     </span>
    </p>
   </div>
   <div class='ocr_carea' id='block_1_101' title="bbox 302 5121 1963 5196">
    <p class='ocr_par' dir='ltr' id='par_1_101' title="bbox 302 5121 1963 5196">
     <span class='ocr_line' id='line_1_101' title="bbox 302 5121 1963 5196; baseline 0.001 -16"><span class='ocrx_word' id='word_1_689' title='bbox 302 5121 492 5181; x_wconf 33' lang='lat' dir='ltr'><strong>centii’</strong></span> <span class='ocrx_word' id='word_1_690' title='bbox 511 5126 910 5180; x_wconf 83' lang='lat' dir='ltr'><strong>Romanorum</strong></span> <span class='ocrx_word' id='word_1_691' title='bbox 926 5122 1272 5196; x_wconf 85' lang='lat' dir='ltr'><strong>pontificum</strong></span> <span class='ocrx_word' id='word_1_692' title='bbox 1287 5123 1619 5180; x_wconf 90' lang='lat' dir='ltr'><strong>deoreta.De</strong></span> <span class='ocrx_word' id='word_1_693' title='bbox 1639 5123 1963 5182; x_wconf 89' lang='lat' dir='ltr'><strong>Melehiade</strong></span> 
     </span>
    </p>
   </div>
   <div class='ocr_carea' id='block_1_102' title="bbox 301 5210 1960 5285">
    <p class='ocr_par' dir='ltr' id='par_1_102' title="bbox 301 5210 1960 5285">
     <span class='ocr_line' id='line_1_102' title="bbox 301 5210 1960 5285; baseline 0.002 -17"><span class='ocrx_word' id='word_1_694' title='bbox 301 5211 522 5268; x_wconf 78' lang='lat' dir='ltr'><strong>hacin</strong></span> <span class='ocrx_word' id='word_1_695' title='bbox 551 5212 682 5284; x_wconf 86' lang='lat' dir='ltr'><strong>ejus</strong></span> <span class='ocrx_word' id='word_1_696' title='bbox 707 5211 841 5269; x_wconf 90' lang='lat' dir='ltr'><strong>Vita</strong></span> <span class='ocrx_word' id='word_1_697' title='bbox 868 5211 1147 5285; x_wconf 90' lang='lat' dir='ltr'><strong>leguntur</strong></span> <span class='ocrx_word' id='word_1_698' title='bbox 1170 5231 1184 5269; x_wconf 88' lang='lat'><strong>:</strong></span> <span class='ocrx_word' id='word_1_699' title='bbox 1215 5234 1238 5264; x_wconf 79' lang='grc' dir='ltr'>ι</span> <span class='ocrx_word' id='word_1_700' title='bbox 1265 5210 1368 5268; x_wconf 87' lang='lat' dir='ltr'><strong>Hic</strong></span> <span class='ocrx_word' id='word_1_701' title='bbox 1390 5212 1534 5269; x_wconf 85' lang='lat' dir='ltr'><strong>fecit</strong></span> <span class='ocrx_word' id='word_1_702' title='bbox 1553 5217 1618 5270; x_wconf 90' lang='lat' dir='ltr'><strong>ut</strong></span> <span class='ocrx_word' id='word_1_703' title='bbox 1637 5213 1960 5272; x_wconf 86' lang='lat' dir='ltr'><strong>oblationes</strong></span> 
     </span>
    </p>
   </div>
   <div class='ocr_carea' id='block_1_103' title="bbox 303 5301 1959 5377">
    <p class='ocr_par' dir='ltr' id='par_1_103' title="bbox 303 5301 1959 5377">
     <span class='ocr_line' id='line_1_103' title="bbox 303 5301 1959 5377; baseline 0.001 -20"><span class='ocrx_word' id='word_1_704' title='bbox 303 5304 662 5360; x_wconf 76' lang='lat' dir='ltr'><strong>consecrata</strong></span> <span class='ocrx_word' id='word_1_705' title='bbox 721 5318 824 5374; x_wconf 88' lang='lat' dir='ltr'><strong>per</strong></span> <span class='ocrx_word' id='word_1_706' title='bbox 872 5301 1158 5359; x_wconf 89' lang='lat' dir='ltr'><strong>Ecclesias</strong></span> <span class='ocrx_word' id='word_1_707' title='bbox 1201 5318 1270 5358; x_wconf 83' lang='lat' dir='ltr'><strong>ex</strong></span> <span class='ocrx_word' id='word_1_708' title='bbox 1316 5306 1656 5360; x_wconf 80' lang='lat' dir='ltr'><strong>consecrata</strong></span> <span class='ocrx_word' id='word_1_709' title='bbox 1702 5303 1959 5377; x_wconf 89' lang='lat' dir='ltr'><strong>episcopi</strong></span> 
     </span>
    </p>
   </div>
   <div class='ocr_carea' id='block_1_104' title="bbox 303 5390 1959 5464">
    <p class='ocr_par' dir='ltr' id='par_1_104' title="bbox 303 5390 1959 5464">
     <span class='ocr_line' id='line_1_104' title="bbox 303 5390 1959 5464; baseline 0.002 -18"><span class='ocrx_word' id='word_1_710' title='bbox 303 5390 726 5464; x_wconf 83' lang='lat' dir='ltr'><strong>dirigerentur,</strong></span> <span class='ocrx_word' id='word_1_711' title='bbox 753 5392 910 5463; x_wconf 87' lang='lat' dir='ltr'><strong>quod</strong></span> <span class='ocrx_word' id='word_1_712' title='bbox 943 5390 1272 5448; x_wconf 87' lang='lat' dir='ltr'><strong>declaratur</strong></span> <span class='ocrx_word' id='word_1_713' title='bbox 1318 5391 1696 5449; x_wconf 81' lang='lat' dir='ltr'><strong>fermentum.</strong></span> <span class='ocrx_word' id='word_1_714' title='bbox 1732 5415 1760 5442; x_wconf 85' lang='lat'>»</span> <span class='ocrx_word' id='word_1_715' title='bbox 1793 5393 1857 5448; x_wconf 91' lang='lat' dir='ltr'><strong>Et</strong></span> <span class='ocrx_word' id='word_1_716' title='bbox 1888 5393 1959 5449; x_wconf 92' lang='lat' dir='ltr'><strong>de</strong></span> 
     </span>
    </p>
   </div>
   <div class='ocr_carea' id='block_1_105' title="bbox 302 5479 1958 5556">
    <p class='ocr_par' dir='ltr' id='par_1_105' title="bbox 302 5479 1958 5556">
     <span class='ocr_line' id='line_1_105' title="bbox 302 5479 1958 5556; baseline 0.002 -19"><span class='ocrx_word' id='word_1_717' title='bbox 302 5479 518 5537; x_wconf 74' lang='lat' dir='ltr'><strong>Siricio</strong></span> <span class='ocrx_word' id='word_1_718' title='bbox 539 5499 594 5536; x_wconf 74' lang='grc' dir='ltr'><strong>ε»</strong></span> <span class='ocrx_word' id='word_1_719' title='bbox 628 5481 732 5538; x_wconf 86' lang='lat' dir='ltr'><strong>Hic</strong></span> <span class='ocrx_word' id='word_1_720' title='bbox 762 5480 1065 5538; x_wconf 90' lang='lat' dir='ltr'><strong>constituit</strong></span> <span class='ocrx_word' id='word_1_721' title='bbox 1097 5485 1160 5536; x_wconf 91' lang='lat' dir='ltr'><strong>ut</strong></span> <span class='ocrx_word' id='word_1_722' title='bbox 1190 5479 1390 5537; x_wconf 91' lang='lat' dir='ltr'><strong>nullus</strong></span> <span class='ocrx_word' id='word_1_723' title='bbox 1419 5483 1724 5556; x_wconf 84' lang='lat' dir='ltr'><strong>presbyter</strong></span> <span class='ocrx_word' id='word_1_724' title='bbox 1745 5483 1958 5540; x_wconf 87' lang='lat' dir='ltr'><strong>missas</strong></span> 
     </span>
    </p>
   </div>
   <div class='ocr_carea' id='block_1_106' title="bbox 299 5569 1956 5644">
    <p class='ocr_par' dir='ltr' id='par_1_106' title="bbox 299 5569 1956 5644">
     <span class='ocr_line' id='line_1_106' title="bbox 299 5569 1956 5644; baseline 0.001 -16"><span class='ocrx_word' id='word_1_725' title='bbox 299 5569 752 5644; x_wconf 71' lang='lat' dir='ltr'><strong>cdebraretper</strong></span> <span class='ocrx_word' id='word_1_726' title='bbox 774 5588 1008 5629; x_wconf 88' lang='lat' dir='ltr'><strong>omnem</strong></span> <span class='ocrx_word' id='word_1_727' title='bbox 1035 5570 1619 5640; x_wconf 89' lang='lat' dir='ltr'><strong>hebdomadam,nisi</strong></span> <span class='ocrx_word' id='word_1_728' title='bbox 1651 5589 1956 5630; x_wconf 87' lang='lat' dir='ltr'><strong>consecra-</strong></span> 
     </span>
    </p>
   </div>
   <div class='ocr_carea' id='block_1_107' title="bbox 299 5660 1954 5738">
    <p class='ocr_par' dir='ltr' id='par_1_107' title="bbox 299 5660 1954 5738">
     <span class='ocr_line' id='line_1_107' title="bbox 299 5660 1954 5738; baseline 0.002 -18"><span class='ocrx_word' id='word_1_729' title='bbox 299 5664 440 5720; x_wconf 84' lang='lat' dir='ltr'><strong>tum</strong></span> <span class='ocrx_word' id='word_1_730' title='bbox 467 5661 726 5735; x_wconf 80' lang='lat' dir='ltr'><strong>episcopi</strong></span> <span class='ocrx_word' id='word_1_731' title='bbox 757 5661 1224 5736; x_wconf 82' lang='lat' dir='ltr'><strong>locisusciperet</strong></span> <span class='ocrx_word' id='word_1_732' title='bbox 1253 5660 1636 5734; x_wconf 86' lang='lat' dir='ltr'><strong>declaratum,</strong></span> <span class='ocrx_word' id='word_1_733' title='bbox 1669 5665 1825 5738; x_wconf 91' lang='lat' dir='ltr'><strong>quod</strong></span> <span class='ocrx_word' id='word_1_734' title='bbox 1852 5681 1954 5722; x_wconf 85' lang='lat' dir='ltr'><strong>no-</strong></span> 
     </span>
    </p>
   </div>
   <div class='ocr_carea' id='block_1_108' title="bbox 2069 4763 3725 4837">
    <p class='ocr_par' dir='ltr' id='par_1_108' title="bbox 2069 4763 3725 4837">
     <span class='ocr_line' id='line_1_108' title="bbox 2069 4763 3725 4837; baseline 0 -15"><span class='ocrx_word' id='word_1_735' title='bbox 2069 4771 2126 4822; x_wconf 91' lang='lat' dir='ltr'><strong>et</strong></span> <span class='ocrx_word' id='word_1_736' title='bbox 2152 4765 2355 4821; x_wconf 90' lang='lat' dir='ltr'><strong>Siricio</strong></span> <span class='ocrx_word' id='word_1_737' title='bbox 2388 4764 2681 4820; x_wconf 90' lang='lat' dir='ltr'><strong>sancitum</strong></span> <span class='ocrx_word' id='word_1_738' title='bbox 2734 4763 2971 4832; x_wconf 88' lang='lat' dir='ltr'><strong>dicitur,</strong></span> <span class='ocrx_word' id='word_1_739' title='bbox 3021 4763 3378 4837; x_wconf 86' lang='lat' dir='ltr'><strong>explicatum</strong></span> <span class='ocrx_word' id='word_1_740' title='bbox 3427 4766 3499 4822; x_wconf 87' lang='lat' dir='ltr'><strong>ab</strong></span> <span class='ocrx_word' id='word_1_741' title='bbox 3555 4768 3725 4822; x_wconf 88' lang='lat' dir='ltr'><strong>Inno-</strong></span> 
     </span>
    </p>
   </div>
   <div class='ocr_carea' id='block_1_109' title="bbox 2073 4853 3726 4930">
    <p class='ocr_par' dir='ltr' id='par_1_109' title="bbox 2073 4853 3726 4930">
     <span class='ocr_line' id='line_1_109' title="bbox 2073 4853 3726 4930; baseline 0.001 -19"><span class='ocrx_word' id='word_1_742' title='bbox 2073 4855 2499 4912; x_wconf 90' lang='lat' dir='ltr'><strong>centio.Postea</strong></span> <span class='ocrx_word' id='word_1_743' title='bbox 2528 4853 2653 4908; x_wconf 92' lang='lat' dir='ltr'><strong>loco</strong></span> <span class='ocrx_word' id='word_1_744' title='bbox 2685 4853 3062 4910; x_wconf 86' lang='lat' dir='ltr'><strong>Eueharistia</strong></span> <span class='ocrx_word' id='word_1_745' title='bbox 3094 4853 3288 4912; x_wconf 88' lang='lat' dir='ltr'><strong>missa</strong></span> <span class='ocrx_word' id='word_1_746' title='bbox 3319 4859 3460 4912; x_wconf 89' lang='lat' dir='ltr'><strong>sunt</strong></span> <span class='ocrx_word' id='word_1_747' title='bbox 3479 4856 3726 4930; x_wconf 86' lang='lat' dir='ltr'><strong>eulogia</strong></span> 
     </span>
    </p>
   </div>
   <div class='ocr_carea' id='block_1_110' title="bbox 2073 4943 3726 5019">
    <p class='ocr_par' dir='ltr' id='par_1_110' title="bbox 2073 4943 3726 5019">
     <span class='ocr_line' id='line_1_110' title="bbox 2073 4943 3726 5019; baseline 0.001 -19"><span class='ocrx_word' id='word_1_748' title='bbox 2073 4961 2176 5000; x_wconf 91' lang='lat' dir='ltr'><strong>seu</strong></span> <span class='ocrx_word' id='word_1_749' title='bbox 2207 4943 2413 5000; x_wconf 86' lang='lat' dir='ltr'><strong>oblata</strong></span> <span class='ocrx_word' id='word_1_750' title='bbox 2445 4943 3032 5000; x_wconf 80' lang='lat' dir='ltr'><strong>inconsecrata.liinc</strong></span> <span class='ocrx_word' id='word_1_751' title='bbox 3064 4943 3124 5000; x_wconf 94' lang='lat' dir='ltr'><strong>in</strong></span> <span class='ocrx_word' id='word_1_752' title='bbox 3149 4944 3280 5001; x_wconf 85' lang='lat' dir='ltr'><strong>Vita</strong></span> <span class='ocrx_word' id='word_1_753' title='bbox 3298 4945 3543 5002; x_wconf 87' lang='lat' dir='ltr'><strong>Joannis</strong></span> <span class='ocrx_word' id='word_1_754' title='bbox 3564 4963 3726 5019; x_wconf 85' lang='lat' dir='ltr'><strong>papa</strong></span> 
     </span>
    </p>
   </div>
   <div class='ocr_carea' id='block_1_111' title="bbox 2072 5029 3723 5104">
    <p class='ocr_par' dir='ltr' id='par_1_111' title="bbox 2072 5029 3723 5104">
     <span class='ocr_line' id='line_1_111' title="bbox 2072 5029 3723 5104; baseline 0 -14"><span class='ocrx_word' id='word_1_755' title='bbox 2072 5033 2230 5090; x_wconf 87' lang='lat' dir='ltr'><strong>tertii</strong></span> <span class='ocrx_word' id='word_1_756' title='bbox 2259 5031 2642 5089; x_wconf 90' lang='lat' dir='ltr'><strong>constitutum</strong></span> <span class='ocrx_word' id='word_1_757' title='bbox 2672 5029 2886 5104; x_wconf 87' lang='lat' dir='ltr'><strong>legitur</strong></span> <span class='ocrx_word' id='word_1_758' title='bbox 2920 5057 2940 5084; x_wconf 76' lang='grc' dir='ltr'>ι</span> <span class='ocrx_word' id='word_1_759' title='bbox 2976 5039 3042 5090; x_wconf 91' lang='lat' dir='ltr'><strong>ut</strong></span> <span class='ocrx_word' id='word_1_760' title='bbox 3073 5034 3395 5092; x_wconf 88' lang='lat' dir='ltr'><strong>oblationes</strong></span> <span class='ocrx_word' id='word_1_761' title='bbox 3427 5039 3483 5090; x_wconf 92' lang='lat' dir='ltr'><strong>et</strong></span> <span class='ocrx_word' id='word_1_762' title='bbox 3512 5033 3723 5092; x_wconf 81' lang='lat' dir='ltr'><strong>amula</strong></span> 
     </span>
    </p>
   </div>
   <div class='ocr_carea' id='block_1_112' title="bbox 2069 5119 3725 5197">
    <p class='ocr_par' dir='ltr' id='par_1_112' title="bbox 2069 5119 3725 5197">
     <span class='ocr_line' id='line_1_112' title="bbox 2069 5119 3725 5197; baseline -0.001 -19"><span class='ocrx_word' id='word_1_763' title='bbox 2069 5122 2156 5179; x_wconf 91' lang='lat' dir='ltr'><strong>vel</strong></span> <span class='ocrx_word' id='word_1_764' title='bbox 2189 5120 2504 5178; x_wconf 89' lang='lat' dir='ltr'><strong>luminaria</strong></span> <span class='ocrx_word' id='word_1_765' title='bbox 2531 5119 2590 5175; x_wconf 91' lang='lat' dir='ltr'><strong>in</strong></span> <span class='ocrx_word' id='word_1_766' title='bbox 2623 5123 2971 5180; x_wconf 80' lang='lat' dir='ltr'><strong>cameteriis</strong></span> <span class='ocrx_word' id='word_1_767' title='bbox 3002 5141 3106 5197; x_wconf 89' lang='lat' dir='ltr'><strong>per</strong></span> <span class='ocrx_word' id='word_1_768' title='bbox 3141 5141 3345 5182; x_wconf 92' lang='lat' dir='ltr'><strong>omnes</strong></span> <span class='ocrx_word' id='word_1_769' title='bbox 3386 5123 3725 5180; x_wconf 89' lang='lat' dir='ltr'><strong>Dominicas</strong></span> 
     </span>
    </p>
   </div>
   <div class='ocr_carea' id='block_1_113' title="bbox 2071 5209 3724 5284">
    <p class='ocr_par' dir='ltr' id='par_1_113' title="bbox 2071 5209 3724 5284">
     <span class='ocr_line' id='line_1_113' title="bbox 2071 5209 3724 5284; baseline -0.002 -16"><span class='ocrx_word' id='word_1_770' title='bbox 2071 5213 2140 5269; x_wconf 91' lang='lat' dir='ltr'><strong>de</strong></span> <span class='ocrx_word' id='word_1_771' title='bbox 2172 5210 2474 5268; x_wconf 88' lang='lat' dir='ltr'><strong>Lateranis</strong></span> <span class='ocrx_word' id='word_1_772' title='bbox 2507 5210 3004 5281; x_wconf 85' lang='lat' dir='ltr'><strong>ministrarentur,</strong></span> <span class='ocrx_word' id='word_1_773' title='bbox 3038 5239 3066 5265; x_wconf 92' lang='grc'><strong>››</strong></span> <span class='ocrx_word' id='word_1_774' title='bbox 3099 5218 3156 5270; x_wconf 92' lang='lat' dir='ltr'><strong>et</strong></span> <span class='ocrx_word' id='word_1_775' title='bbox 3180 5213 3240 5269; x_wconf 92' lang='lat' dir='ltr'><strong>in</strong></span> <span class='ocrx_word' id='word_1_776' title='bbox 3271 5213 3407 5268; x_wconf 84' lang='lat' dir='ltr'><strong>Vita</strong></span> <span class='ocrx_word' id='word_1_777' title='bbox 3457 5209 3724 5284; x_wconf 90' lang='lat' dir='ltr'><strong>Gregorii</strong></span> 
     </span>
    </p>
   </div>
   <div class='ocr_carea' id='block_1_114' title="bbox 2067 5299 3720 5376">
    <p class='ocr_par' dir='ltr' id='par_1_114' title="bbox 2067 5299 3720 5376">
     <span class='ocr_line' id='line_1_114' title="bbox 2067 5299 3720 5376; baseline 0.001 -19"><span class='ocrx_word' id='word_1_778' title='bbox 2067 5301 2244 5370; x_wconf 91' lang='lat' dir='ltr'><strong>tertii,</strong></span> <span class='ocrx_word' id='word_1_779' title='bbox 2279 5324 2304 5351; x_wconf 83' lang='lat'>«</span> <span class='ocrx_word' id='word_1_780' title='bbox 2342 5303 2404 5356; x_wconf 90' lang='lat' dir='ltr'><strong>ut</strong></span> <span class='ocrx_word' id='word_1_781' title='bbox 2434 5299 2762 5358; x_wconf 87' lang='lat' dir='ltr'><strong>oblationes</strong></span> <span class='ocrx_word' id='word_1_782' title='bbox 2793 5303 2863 5358; x_wconf 91' lang='lat' dir='ltr'><strong>de</strong></span> <span class='ocrx_word' id='word_1_783' title='bbox 2889 5299 3243 5376; x_wconf 79' lang='lat' dir='ltr'><strong>patriarchio</strong></span> <span class='ocrx_word' id='word_1_784' title='bbox 3275 5319 3377 5374; x_wconf 89' lang='lat' dir='ltr'><strong>per</strong></span> <span class='ocrx_word' id='word_1_785' title='bbox 3403 5299 3720 5358; x_wconf 56' lang='lat' dir='ltr'><strong>oblatione.</strong></span> 
     </span>
    </p>
   </div>
   <div class='ocr_carea' id='block_1_115' title="bbox 2067 5390 3723 5463">
    <p class='ocr_par' dir='ltr' id='par_1_115' title="bbox 2067 5390 3723 5463">
     <span class='ocr_line' id='line_1_115' title="bbox 2067 5390 3723 5463; baseline 0.001 -16"><span class='ocrx_word' id='word_1_786' title='bbox 2067 5392 2221 5447; x_wconf 90' lang='lat' dir='ltr'><strong>rium</strong></span> <span class='ocrx_word' id='word_1_787' title='bbox 2253 5391 2703 5463; x_wconf 86' lang='lat' dir='ltr'><strong>deportarentur</strong></span> <span class='ocrx_word' id='word_1_788' title='bbox 2732 5392 2803 5448; x_wconf 86' lang='lat' dir='ltr'><strong>ad</strong></span> <span class='ocrx_word' id='word_1_789' title='bbox 2837 5392 3214 5450; x_wconf 87' lang='lat' dir='ltr'><strong>celebrandas</strong></span> <span class='ocrx_word' id='word_1_790' title='bbox 3246 5391 3520 5458; x_wconf 85' lang='lat' dir='ltr'><strong>missas,»</strong></span> <span class='ocrx_word' id='word_1_791' title='bbox 3552 5390 3723 5450; x_wconf 86' lang='lat' dir='ltr'><strong>obla-</strong></span> 
     </span>
    </p>
   </div>
   <div class='ocr_carea' id='block_1_116' title="bbox 2064 5480 3720 5555">
    <p class='ocr_par' dir='ltr' id='par_1_116' title="bbox 2064 5480 3720 5555">
     <span class='ocr_line' id='line_1_116' title="bbox 2064 5480 3720 5555; baseline 0.001 -18"><span class='ocrx_word' id='word_1_792' title='bbox 2064 5482 2276 5549; x_wconf 90' lang='lat' dir='ltr'><strong>tiones,</strong></span> <span class='ocrx_word' id='word_1_793' title='bbox 2309 5480 2570 5552; x_wconf 89' lang='lat' dir='ltr'><strong>inquam,</strong></span> <span class='ocrx_word' id='word_1_794' title='bbox 2605 5482 2776 5554; x_wconf 89' lang='lat' dir='ltr'><strong>panis</strong></span> <span class='ocrx_word' id='word_1_795' title='bbox 2805 5487 2861 5538; x_wconf 93' lang='lat' dir='ltr'><strong>et</strong></span> <span class='ocrx_word' id='word_1_796' title='bbox 2890 5483 3030 5550; x_wconf 88' lang='lat' dir='ltr'><strong>vini,</strong></span> <span class='ocrx_word' id='word_1_797' title='bbox 3060 5481 3263 5554; x_wconf 89' lang='lat' dir='ltr'><strong>quales</strong></span> <span class='ocrx_word' id='word_1_798' title='bbox 3287 5480 3604 5555; x_wconf 87' lang='lat' dir='ltr'><strong>Gregorius</strong></span> <span class='ocrx_word' id='word_1_799' title='bbox 3632 5499 3720 5540; x_wconf 73' lang='lat' dir='ltr'><strong>se-</strong></span> 
     </span>
    </p>
   </div>
   <div class='ocr_carea' id='block_1_117' title="bbox 2065 5569 3713 5644">
    <p class='ocr_par' dir='ltr' id='par_1_117' title="bbox 2065 5569 3713 5644">
     <span class='ocr_line' id='line_1_117' title="bbox 2065 5569 3713 5644; baseline -0.001 -17"><span class='ocrx_word' id='word_1_800' title='bbox 2065 5571 2295 5627; x_wconf 87' lang='lat' dir='ltr'><strong>cundus</strong></span> <span class='ocrx_word' id='word_1_801' title='bbox 2325 5569 2579 5627; x_wconf 84' lang='lat' dir='ltr'><strong>ecclesia</strong></span> <span class='ocrx_word' id='word_1_802' title='bbox 2610 5571 2807 5628; x_wconf 88' lang='lat' dir='ltr'><strong>Sancti</strong></span> <span class='ocrx_word' id='word_1_803' title='bbox 2832 5572 2996 5628; x_wconf 89' lang='lat' dir='ltr'><strong>Pauli</strong></span> <span class='ocrx_word' id='word_1_804' title='bbox 3027 5569 3287 5644; x_wconf 88' lang='lat' dir='ltr'><strong>quotidie</strong></span> <span class='ocrx_word' id='word_1_805' title='bbox 3318 5571 3472 5628; x_wconf 91' lang='lat' dir='ltr'><strong>mitti</strong></span> <span class='ocrx_word' id='word_1_806' title='bbox 3495 5572 3713 5628; x_wconf 87' lang='lat' dir='ltr'><strong>consti-</strong></span> 
     </span>
    </p>
   </div>
   <div class='ocr_carea' id='block_1_118' title="bbox 2062 5660 3720 5738">
    <p class='ocr_par' dir='ltr' id='par_1_118' title="bbox 2062 5660 3720 5738">
     <span class='ocr_line' id='line_1_118' title="bbox 2062 5660 3720 5738; baseline -0.002 -17"><span class='ocrx_word' id='word_1_807' title='bbox 2062 5661 2194 5721; x_wconf 91' lang='lat' dir='ltr'><strong>tuit.</strong></span> <span class='ocrx_word' id='word_1_808' title='bbox 2223 5660 2439 5719; x_wconf 89' lang='lat' dir='ltr'><strong>Verum</strong></span> <span class='ocrx_word' id='word_1_809' title='bbox 2460 5661 2690 5720; x_wconf 87' lang='lat' dir='ltr'><strong>etiamsi</strong></span> <span class='ocrx_word' id='word_1_810' title='bbox 2703 5662 2960 5738; x_wconf 77' lang='lat' dir='ltr'><strong>pontifex</strong></span> <span class='ocrx_word' id='word_1_811' title='bbox 2989 5662 3416 5722; x_wconf 89' lang='lat' dir='ltr'><strong>Eucharistiam</strong></span> <span class='ocrx_word' id='word_1_812' title='bbox 3449 5661 3720 5718; x_wconf 89' lang='lat' dir='ltr'><strong>mittebat</strong></span> 
     </span>
    </p>
   </div>
  </div>
