  <div class='ocr_page' id='page_1' title='image "/cluster/home/n/w/nwhite01/storage/ocr_20150623/143/hvd.32044054760038/645.png"; bbox 0 0 4138 6186; ppageno 0'>
   <div class='ocr_carea' id='block_1_1' title="bbox 574 290 728 359">
    <p class='ocr_par' dir='ltr' id='par_1_1' title="bbox 574 290 728 359">
     <span class='ocr_line' id='line_1_1' title="bbox 574 290 728 359; baseline -0.006 0"><span class='ocrx_word' id='word_1_1' title='bbox 574 290 728 359; x_wconf 72' lang='grc'><strong>1278</strong></span> 
     </span>
    </p>
   </div>
   <div class='ocr_carea' id='block_1_2' title="bbox 1606 271 2929 362">
    <p class='ocr_par' dir='ltr' id='par_1_2' title="bbox 1606 271 2929 362">
     <span class='ocr_line' id='line_1_2' title="bbox 1606 271 2929 362; baseline 0.001 -5"><span class='ocrx_word' id='word_1_2' title='bbox 1606 271 2000 359; x_wconf 78' lang='lat' dir='ltr'><strong>APPENDlX</strong></span> <span class='ocrx_word' id='word_1_3' title='bbox 2041 293 2145 359; x_wconf 81' lang='lat' dir='ltr'><strong>AD</strong></span> <span class='ocrx_word' id='word_1_4' title='bbox 2189 287 2452 362; x_wconf 60' lang='lat' dir='ltr'><strong>ornes</strong></span> <span class='ocrx_word' id='word_1_5' title='bbox 2493 291 2929 360; x_wconf 67' lang='lat' dir='ltr'><strong>eumenen.</strong></span> 
     </span>
    </p>
   </div>
   <div class='ocr_carea' id='block_1_3' title="bbox 3737 296 3858 365">
    <p class='ocr_par' dir='ltr' id='par_1_3' title="bbox 3737 296 3858 365">
     <span class='ocr_line' id='line_1_3' title="bbox 3737 296 3858 365; baseline -0.008 0"><span class='ocrx_word' id='word_1_6' title='bbox 3737 296 3858 365; x_wconf 73' lang='grc'><strong>1276</strong></span> 
     </span>
    </p>
   </div>
   <div class='ocr_carea' id='block_1_4' title="bbox 573 426 3860 505">
    <p class='ocr_par' dir='ltr' id='par_1_4' title="bbox 573 426 3860 505">
     <span class='ocr_line' id='line_1_4' title="bbox 573 426 3860 505; baseline 0.002 -17"><span class='ocrx_word' id='word_1_7' title='bbox 573 431 646 488; x_wconf 89' lang='lat' dir='ltr'><strong>ad</strong></span> <span class='ocrx_word' id='word_1_8' title='bbox 677 429 877 488; x_wconf 82' lang='lat' dir='ltr'><strong>titulos</strong></span> <span class='ocrx_word' id='word_1_9' title='bbox 902 427 1092 496; x_wconf 81' lang='lat' dir='ltr'><strong>Urbis,</strong></span> <span class='ocrx_word' id='word_1_10' title='bbox 1126 427 1301 487; x_wconf 89' lang='lat' dir='ltr'><strong>aliam</strong></span> <span class='ocrx_word' id='word_1_11' title='bbox 1324 432 1516 486; x_wconf 89' lang='lat' dir='ltr'><strong>tamen</strong></span> <span class='ocrx_word' id='word_1_12' title='bbox 1539 431 1858 503; x_wconf 80' lang='lat' dir='ltr'><strong>presbyteri</strong></span> <span class='ocrx_word' id='word_1_13' title='bbox 1887 431 2013 488; x_wconf 85' lang='lat' dir='ltr'><strong>sine</strong></span> <span class='ocrx_word' id='word_1_14' title='bbox 2035 431 2212 490; x_wconf 90' lang='lat' dir='ltr'><strong>dubio</strong></span> <span class='ocrx_word' id='word_1_15' title='bbox 2242 433 2297 500; x_wconf 72' lang='grc' dir='ltr'>Α</span> <span class='ocrx_word' id='word_1_16' title='bbox 2326 447 2460 488; x_wconf 89' lang='lat' dir='ltr'><strong>nem</strong></span> <span class='ocrx_word' id='word_1_17' title='bbox 2491 447 2760 505; x_wconf 88' lang='lat' dir='ltr'><strong>azymum</strong></span> <span class='ocrx_word' id='word_1_18' title='bbox 2791 429 3128 486; x_wconf 85' lang='lat' dir='ltr'><strong>Latinorum</strong></span> <span class='ocrx_word' id='word_1_19' title='bbox 3159 443 3194 486; x_wconf 86' lang='lat' dir='ltr'><strong>a</strong></span> <span class='ocrx_word' id='word_1_20' title='bbox 3223 426 3414 487; x_wconf 88' lang='lat' dir='ltr'><strong>Niceta</strong></span> <span class='ocrx_word' id='word_1_21' title='bbox 3439 427 3700 490; x_wconf 86' lang='lat' dir='ltr'><strong>Pectorato</strong></span> <span class='ocrx_word' id='word_1_22' title='bbox 3715 434 3860 493; x_wconf 79' lang='lat' dir='ltr'><strong>vocari</strong></span> 
     </span>
    </p>
   </div>
   <div class='ocr_carea' id='block_1_5' title="bbox 573 519 2213 589">
    <p class='ocr_par' dir='ltr' id='par_1_5' title="bbox 573 519 2213 589">
     <span class='ocr_line' id='line_1_5' title="bbox 573 519 2213 589; baseline 0.001 -12"><span class='ocrx_word' id='word_1_23' title='bbox 573 521 1008 577; x_wconf 80' lang='lat' dir='ltr'><strong>consecrabant.</strong></span> <span class='ocrx_word' id='word_1_24' title='bbox 1047 520 1190 578; x_wconf 87' lang='lat' dir='ltr'><strong>Nam</strong></span> <span class='ocrx_word' id='word_1_25' title='bbox 1239 525 1296 575; x_wconf 87' lang='lat' dir='ltr'><strong>et</strong></span> <span class='ocrx_word' id='word_1_26' title='bbox 1345 519 1557 576; x_wconf 90' lang='lat' dir='ltr'><strong>missas</strong></span> <span class='ocrx_word' id='word_1_27' title='bbox 1605 519 1976 576; x_wconf 83' lang='lat' dir='ltr'><strong>celebrabant</strong></span> <span class='ocrx_word' id='word_1_28' title='bbox 2021 524 2096 589; x_wconf 88' lang='lat' dir='ltr'><strong>et,</strong></span> <span class='ocrx_word' id='word_1_29' title='bbox 2150 527 2213 578; x_wconf 93' lang='lat' dir='ltr'><strong>ut</strong></span> 
     </span>
    </p>
   </div>
   <div class='ocr_carea' id='block_1_6' title="bbox 572 609 2206 681">
    <p class='ocr_par' dir='ltr' id='par_1_6' title="bbox 572 609 2206 681">
     <span class='ocr_line' id='line_1_6' title="bbox 572 609 2206 681; baseline 0.001 -16"><span class='ocrx_word' id='word_1_30' title='bbox 572 611 683 666; x_wconf 83' lang='lat' dir='ltr'><strong>sibi</strong></span> <span class='ocrx_word' id='word_1_31' title='bbox 714 610 769 665; x_wconf 92' lang='lat' dir='ltr'><strong>id</strong></span> <span class='ocrx_word' id='word_1_32' title='bbox 803 609 997 665; x_wconf 85' lang='lat' dir='ltr'><strong>liceret</strong></span> <span class='ocrx_word' id='word_1_33' title='bbox 1029 625 1131 681; x_wconf 91' lang='lat' dir='ltr'><strong>per</strong></span> <span class='ocrx_word' id='word_1_34' title='bbox 1159 609 1514 680; x_wconf 90' lang='lat' dir='ltr'><strong>pontiﬁcem,</strong></span> <span class='ocrx_word' id='word_1_35' title='bbox 1555 609 1910 665; x_wconf 89' lang='lat' dir='ltr'><strong>eucharistia</strong></span> <span class='ocrx_word' id='word_1_36' title='bbox 1941 609 2206 666; x_wconf 87' lang='lat' dir='ltr'><strong>mitteba-</strong></span> 
     </span>
    </p>
   </div>
   <div class='ocr_carea' id='block_1_7' title="bbox 568 698 2211 770">
    <p class='ocr_par' dir='ltr' id='par_1_7' title="bbox 568 698 2211 770">
     <span class='ocr_line' id='line_1_7' title="bbox 568 698 2211 770; baseline 0.001 -16"><span class='ocrx_word' id='word_1_37' title='bbox 568 704 666 754; x_wconf 91' lang='lat' dir='ltr'><strong>tur</strong></span> <span class='ocrx_word' id='word_1_38' title='bbox 690 718 703 766; x_wconf 91' lang='lat'><strong>;</strong></span> <span class='ocrx_word' id='word_1_39' title='bbox 736 702 860 753; x_wconf 91' lang='lat' dir='ltr'><strong>tum</strong></span> <span class='ocrx_word' id='word_1_40' title='bbox 892 715 1026 754; x_wconf 91' lang='lat' dir='ltr'><strong>vero</strong></span> <span class='ocrx_word' id='word_1_41' title='bbox 1057 716 1123 754; x_wconf 84' lang='lat' dir='ltr'><strong>ex</strong></span> <span class='ocrx_word' id='word_1_42' title='bbox 1142 703 1386 770; x_wconf 88' lang='lat' dir='ltr'><strong>utraque</strong></span> <span class='ocrx_word' id='word_1_43' title='bbox 1413 698 1786 765; x_wconf 89' lang='lat' dir='ltr'><strong>oblatione,et</strong></span> <span class='ocrx_word' id='word_1_44' title='bbox 1814 716 1881 754; x_wconf 85' lang='lat' dir='ltr'><strong>ex</strong></span> <span class='ocrx_word' id='word_1_45' title='bbox 1906 717 1972 754; x_wconf 88' lang='lat' dir='ltr'><strong>ea</strong></span> <span class='ocrx_word' id='word_1_46' title='bbox 1993 700 2211 755; x_wconf 87' lang='lat' dir='ltr'><strong>scilicet</strong></span> 
     </span>
    </p>
   </div>
   <div class='ocr_carea' id='block_1_8' title="bbox 567 787 2209 859">
    <p class='ocr_par' dir='ltr' id='par_1_8' title="bbox 567 787 2209 859">
     <span class='ocr_line' id='line_1_8' title="bbox 567 787 2209 859; baseline 0.002 -18"><span class='ocrx_word' id='word_1_47' title='bbox 567 803 693 858; x_wconf 70' lang='lat' dir='ltr'><strong>quae</strong></span> <span class='ocrx_word' id='word_1_48' title='bbox 724 804 758 842; x_wconf 89' lang='lat' dir='ltr'><strong>a</strong></span> <span class='ocrx_word' id='word_1_49' title='bbox 787 787 1077 858; x_wconf 88' lang='lat' dir='ltr'><strong>pontiﬁce,</strong></span> <span class='ocrx_word' id='word_1_50' title='bbox 1112 791 1167 842; x_wconf 89' lang='lat' dir='ltr'><strong>et</strong></span> <span class='ocrx_word' id='word_1_51' title='bbox 1197 803 1261 842; x_wconf 87' lang='lat' dir='ltr'><strong>ex</strong></span> <span class='ocrx_word' id='word_1_52' title='bbox 1288 805 1355 842; x_wconf 87' lang='lat' dir='ltr'><strong>ea</strong></span> <span class='ocrx_word' id='word_1_53' title='bbox 1387 804 1513 858; x_wconf 73' lang='lat' dir='ltr'><strong>quae</strong></span> <span class='ocrx_word' id='word_1_54' title='bbox 1557 788 1626 842; x_wconf 92' lang='lat' dir='ltr'><strong>ab</strong></span> <span class='ocrx_word' id='word_1_55' title='bbox 1678 787 1821 859; x_wconf 88' lang='lat' dir='ltr'><strong>ipsis</strong></span> <span class='ocrx_word' id='word_1_56' title='bbox 1872 794 2209 844; x_wconf 84' lang='lat' dir='ltr'><strong>consecrata</strong></span> 
     </span>
    </p>
   </div>
   <div class='ocr_carea' id='block_1_9' title="bbox 565 875 2204 948">
    <p class='ocr_par' dir='ltr' id='par_1_9' title="bbox 565 875 2204 948">
     <span class='ocr_line' id='line_1_9' title="bbox 565 875 2204 948; baseline -0.001 -17"><span class='ocrx_word' id='word_1_57' title='bbox 565 884 705 941; x_wconf 87' lang='lat' dir='ltr'><strong>erat,</strong></span> <span class='ocrx_word' id='word_1_58' title='bbox 739 876 1042 947; x_wconf 86' lang='lat' dir='ltr'><strong>presbyter</strong></span> <span class='ocrx_word' id='word_1_59' title='bbox 1072 881 1128 930; x_wconf 92' lang='lat' dir='ltr'><strong>et</strong></span> <span class='ocrx_word' id='word_1_60' title='bbox 1160 876 1410 948; x_wconf 91' lang='lat' dir='ltr'><strong>populus</strong></span> <span class='ocrx_word' id='word_1_61' title='bbox 1443 876 1978 931; x_wconf 87' lang='lat' dir='ltr'><strong>communicabant.</strong></span> <span class='ocrx_word' id='word_1_62' title='bbox 2003 875 2204 931; x_wconf 85' lang='lat' dir='ltr'><strong>Simile</strong></span> 
     </span>
    </p>
   </div>
   <div class='ocr_carea' id='block_1_10' title="bbox 563 965 2201 1037">
    <p class='ocr_par' dir='ltr' id='par_1_10' title="bbox 563 965 2201 1037">
     <span class='ocr_line' id='line_1_10' title="bbox 563 965 2201 1037; baseline 0.001 -19"><span class='ocrx_word' id='word_1_63' title='bbox 563 966 704 1036; x_wconf 91' lang='lat' dir='ltr'><strong>quid</strong></span> <span class='ocrx_word' id='word_1_64' title='bbox 737 965 1022 1019; x_wconf 79' lang='lat' dir='ltr'><strong>faciebant</strong></span> <span class='ocrx_word' id='word_1_65' title='bbox 1053 965 1371 1037; x_wconf 81' lang='lat' dir='ltr'><strong>presbyteri</strong></span> <span class='ocrx_word' id='word_1_66' title='bbox 1407 981 1606 1021; x_wconf 88' lang='lat' dir='ltr'><strong>recens</strong></span> <span class='ocrx_word' id='word_1_67' title='bbox 1638 965 1888 1020; x_wconf 83' lang='lat' dir='ltr'><strong>ordinati</strong></span> <span class='ocrx_word' id='word_1_68' title='bbox 1942 966 2040 1036; x_wconf 87' lang='lat' dir='ltr'><strong>qui</strong></span> <span class='ocrx_word' id='word_1_69' title='bbox 2090 966 2201 1020; x_wconf 83' lang='lat' dir='ltr'><strong>Eu-</strong></span> 
     </span>
    </p>
   </div>
   <div class='ocr_carea' id='block_1_11' title="bbox 561 1053 2199 1126">
    <p class='ocr_par' dir='ltr' id='par_1_11' title="bbox 561 1053 2199 1126">
     <span class='ocr_line' id='line_1_11' title="bbox 561 1053 2199 1126; baseline 0.001 -18"><span class='ocrx_word' id='word_1_70' title='bbox 561 1053 836 1108; x_wconf 89' lang='lat' dir='ltr'><strong>charistia</strong></span> <span class='ocrx_word' id='word_1_71' title='bbox 869 1055 939 1108; x_wconf 92' lang='lat' dir='ltr'><strong>de</strong></span> <span class='ocrx_word' id='word_1_72' title='bbox 974 1071 1148 1108; x_wconf 90' lang='lat' dir='ltr'><strong>manu</strong></span> <span class='ocrx_word' id='word_1_73' title='bbox 1167 1053 1422 1126; x_wconf 88' lang='lat' dir='ltr'><strong>episcopi</strong></span> <span class='ocrx_word' id='word_1_74' title='bbox 1445 1055 1536 1109; x_wconf 91' lang='lat' dir='ltr'><strong>die</strong></span> <span class='ocrx_word' id='word_1_75' title='bbox 1559 1053 1944 1108; x_wconf 85' lang='lat' dir='ltr'><strong>ordinationis</strong></span> <span class='ocrx_word' id='word_1_76' title='bbox 1967 1070 2083 1107; x_wconf 66' lang='lat' dir='ltr'><strong>suae</strong></span> <span class='ocrx_word' id='word_1_77' title='bbox 2107 1071 2199 1109; x_wconf 89' lang='lat' dir='ltr'><strong>ac-</strong></span> 
     </span>
    </p>
   </div>
   <div class='ocr_carea' id='block_1_12' title="bbox 559 1142 2198 1215">
    <p class='ocr_par' dir='ltr' id='par_1_12' title="bbox 559 1142 2198 1215">
     <span class='ocr_line' id='line_1_12' title="bbox 559 1142 2198 1215; baseline 0 -18"><span class='ocrx_word' id='word_1_78' title='bbox 559 1147 726 1215; x_wconf 89' lang='lat' dir='ltr'><strong>cepta</strong></span> <span class='ocrx_word' id='word_1_79' title='bbox 755 1142 811 1196; x_wconf 91' lang='lat' dir='ltr'><strong>in</strong></span> <span class='ocrx_word' id='word_1_80' title='bbox 857 1143 980 1197; x_wconf 90' lang='lat' dir='ltr'><strong>dies</strong></span> <span class='ocrx_word' id='word_1_81' title='bbox 1013 1143 1401 1215; x_wconf 78' lang='lat' dir='ltr'><strong>quadraginta</strong></span> <span class='ocrx_word' id='word_1_82' title='bbox 1431 1143 1876 1209; x_wconf 85' lang='lat' dir='ltr'><strong>reﬁciebantur;</strong></span> <span class='ocrx_word' id='word_1_83' title='bbox 1902 1149 1956 1196; x_wconf 91' lang='lat' dir='ltr'><strong>et</strong></span> <span class='ocrx_word' id='word_1_84' title='bbox 2003 1147 2198 1197; x_wconf 86' lang='lat' dir='ltr'><strong>tamen</strong></span> 
     </span>
    </p>
   </div>
   <div class='ocr_carea' id='block_1_13' title="bbox 558 1230 2196 1302">
    <p class='ocr_par' dir='ltr' id='par_1_13' title="bbox 558 1230 2196 1302">
     <span class='ocr_line' id='line_1_13' title="bbox 558 1230 2196 1302; baseline 0 -16"><span class='ocrx_word' id='word_1_85' title='bbox 558 1231 799 1288; x_wconf 86' lang='lat' dir='ltr'><strong>missam</strong></span> <span class='ocrx_word' id='word_1_86' title='bbox 825 1231 1080 1302; x_wconf 86' lang='lat' dir='ltr'><strong>quotidie</strong></span> <span class='ocrx_word' id='word_1_87' title='bbox 1104 1230 1392 1285; x_wconf 80' lang='lat' dir='ltr'><strong>celebrare</strong></span> <span class='ocrx_word' id='word_1_88' title='bbox 1408 1230 2196 1301; x_wconf 83' lang='lat' dir='ltr'><strong>poterant,etEucharistiam</strong></span> 
     </span>
    </p>
   </div>
   <div class='ocr_carea' id='block_1_14' title="bbox 558 1318 2196 1389">
    <p class='ocr_par' dir='ltr' id='par_1_14' title="bbox 558 1318 2196 1389">
     <span class='ocr_line' id='line_1_14' title="bbox 558 1318 2196 1389; baseline -0.001 -13"><span class='ocrx_word' id='word_1_89' title='bbox 558 1337 677 1376; x_wconf 86' lang='lat' dir='ltr'><strong>ase</strong></span> <span class='ocrx_word' id='word_1_90' title='bbox 703 1325 1101 1374; x_wconf 78' lang='lat' dir='ltr'><strong>consecratam</strong></span> <span class='ocrx_word' id='word_1_91' title='bbox 1136 1318 1312 1374; x_wconf 87' lang='lat' dir='ltr'><strong>simul</strong></span> <span class='ocrx_word' id='word_1_92' title='bbox 1361 1319 1676 1389; x_wconf 90' lang='lat' dir='ltr'><strong>percipere,</strong></span> <span class='ocrx_word' id='word_1_93' title='bbox 1730 1322 1874 1373; x_wconf 89' lang='lat' dir='ltr'><strong>teste</strong></span> <span class='ocrx_word' id='word_1_94' title='bbox 1927 1319 2196 1375; x_wconf 86' lang='lat' dir='ltr'><strong>Fulberto</strong></span> 
     </span>
    </p>
   </div>
   <div class='ocr_carea' id='block_1_15' title="bbox 554 1405 2098 1478">
    <p class='ocr_par' dir='ltr' id='par_1_15' title="bbox 554 1405 2098 1478">
     <span class='ocr_line' id='line_1_15' title="bbox 554 1405 2098 1478; baseline -0.001 -14"><span class='ocrx_word' id='word_1_95' title='bbox 554 1408 900 1464; x_wconf 89' lang='lat' dir='ltr'><strong>Carnutensi</strong></span> <span class='ocrx_word' id='word_1_96' title='bbox 933 1407 1203 1478; x_wconf 89' lang='lat' dir='ltr'><strong>episcopo</strong></span> <span class='ocrx_word' id='word_1_97' title='bbox 1235 1407 1292 1460; x_wconf 90' lang='lat' dir='ltr'><strong>in</strong></span> <span class='ocrx_word' id='word_1_98' title='bbox 1319 1405 1563 1478; x_wconf 88' lang='lat' dir='ltr'><strong>epistola</strong></span> <span class='ocrx_word' id='word_1_99' title='bbox 1590 1410 1624 1460; x_wconf 83' lang='lat'><strong>2</strong></span> <span class='ocrx_word' id='word_1_100' title='bbox 1656 1407 1724 1460; x_wconf 84' lang='lat' dir='ltr'><strong>ad</strong></span> <span class='ocrx_word' id='word_1_101' title='bbox 1757 1407 2098 1462; x_wconf 90' lang='lat' dir='ltr'><strong>Einardum.</strong></span> 
     </span>
    </p>
   </div>
   <div class='ocr_carea' id='block_1_16' title="bbox 622 1494 2197 1568">
    <p class='ocr_par' dir='ltr' id='par_1_16' title="bbox 622 1494 2197 1568">
     <span class='ocr_line' id='line_1_16' title="bbox 622 1494 2197 1568; baseline 0 -17"><span class='ocrx_word' id='word_1_102' title='bbox 622 1497 733 1552; x_wconf 89' lang='lat' dir='ltr'><strong>Sed</strong></span> <span class='ocrx_word' id='word_1_103' title='bbox 760 1503 819 1550; x_wconf 85' lang='lat' dir='ltr'><strong>ut</strong></span> <span class='ocrx_word' id='word_1_104' title='bbox 841 1496 911 1549; x_wconf 93' lang='lat' dir='ltr'><strong>ad</strong></span> <span class='ocrx_word' id='word_1_105' title='bbox 936 1496 1285 1550; x_wconf 85' lang='lat' dir='ltr'><strong>fermentum</strong></span> <span class='ocrx_word' id='word_1_106' title='bbox 1309 1494 1648 1550; x_wconf 87' lang='lat' dir='ltr'><strong>Melchiadis</strong></span> <span class='ocrx_word' id='word_1_107' title='bbox 1666 1494 2034 1568; x_wconf 86' lang='lat' dir='ltr'><strong>aliorumque</strong></span> <span class='ocrx_word' id='word_1_108' title='bbox 2057 1513 2197 1567; x_wconf 90' lang='lat' dir='ltr'><strong>pon-</strong></span> 
     </span>
    </p>
   </div>
   <div class='ocr_carea' id='block_1_17' title="bbox 556 1583 2194 1650">
    <p class='ocr_par' dir='ltr' id='par_1_17' title="bbox 556 1583 2194 1650">
     <span class='ocr_line' id='line_1_17' title="bbox 556 1583 2194 1650; baseline 0.001 -12"><span class='ocrx_word' id='word_1_109' title='bbox 556 1584 782 1638; x_wconf 89' lang='lat' dir='ltr'><strong>tiﬁcum</strong></span> <span class='ocrx_word' id='word_1_110' title='bbox 815 1588 1086 1650; x_wconf 86' lang='lat' dir='ltr'><strong>revertar,</strong></span> <span class='ocrx_word' id='word_1_111' title='bbox 1119 1583 1348 1638; x_wconf 88' lang='lat' dir='ltr'><strong>curhoc</strong></span> <span class='ocrx_word' id='word_1_112' title='bbox 1381 1584 1615 1639; x_wconf 89' lang='lat' dir='ltr'><strong>nomine</strong></span> <span class='ocrx_word' id='word_1_113' title='bbox 1645 1584 2012 1640; x_wconf 85' lang='lat' dir='ltr'><strong>Eucharistia</strong></span> <span class='ocrx_word' id='word_1_114' title='bbox 2041 1585 2194 1640; x_wconf 91' lang='lat' dir='ltr'><strong>dicta</strong></span> 
     </span>
    </p>
   </div>
   <div class='ocr_carea' id='block_1_18' title="bbox 550 1671 2188 1746">
    <p class='ocr_par' dir='ltr' id='par_1_18' title="bbox 550 1671 2188 1746">
     <span class='ocr_line' id='line_1_18' title="bbox 550 1671 2188 1746; baseline 0.001 -20"><span class='ocrx_word' id='word_1_115' title='bbox 550 1671 629 1728; x_wconf 87' lang='lat' dir='ltr'><strong>sit</strong></span> <span class='ocrx_word' id='word_1_116' title='bbox 660 1672 1032 1743; x_wconf 88' lang='lat' dir='ltr'><strong>inquirimus.</strong></span> <span class='ocrx_word' id='word_1_117' title='bbox 1063 1673 1436 1738; x_wconf 89' lang='lat' dir='ltr'><strong>Sirmundus,</strong></span> <span class='ocrx_word' id='word_1_118' title='bbox 1471 1673 1704 1728; x_wconf 85' lang='lat' dir='ltr'><strong>tametsi</strong></span> <span class='ocrx_word' id='word_1_119' title='bbox 1754 1673 1916 1729; x_wconf 91' lang='lat' dir='ltr'><strong>locus</strong></span> <span class='ocrx_word' id='word_1_120' title='bbox 1951 1691 2050 1746; x_wconf 86' lang='lat' dir='ltr'><strong>pro</strong></span> <span class='ocrx_word' id='word_1_121' title='bbox 2080 1675 2188 1729; x_wconf 92' lang='lat' dir='ltr'><strong>fer-</strong></span> 
     </span>
    </p>
   </div>
   <div class='ocr_carea' id='block_1_19' title="bbox 549 1761 2189 1835">
    <p class='ocr_par' dir='ltr' id='par_1_19' title="bbox 549 1761 2189 1835">
     <span class='ocr_line' id='line_1_19' title="bbox 549 1761 2189 1835; baseline 0.001 -19"><span class='ocrx_word' id='word_1_122' title='bbox 549 1762 725 1816; x_wconf 89' lang='lat' dir='ltr'><strong>menti</strong></span> <span class='ocrx_word' id='word_1_123' title='bbox 760 1779 902 1818; x_wconf 88' lang='lat' dir='ltr'><strong>usus</strong></span> <span class='ocrx_word' id='word_1_124' title='bbox 935 1779 1108 1835; x_wconf 88' lang='lat' dir='ltr'><strong>quem</strong></span> <span class='ocrx_word' id='word_1_125' title='bbox 1141 1778 1400 1817; x_wconf 89' lang='lat' dir='ltr'><strong>asserere</strong></span> <span class='ocrx_word' id='word_1_126' title='bbox 1418 1761 1860 1829; x_wconf 86' lang='lat' dir='ltr'><strong>volebat,faccre</strong></span> <span class='ocrx_word' id='word_1_127' title='bbox 1885 1763 2189 1818; x_wconf 86' lang='lat' dir='ltr'><strong>videbatur</strong></span> 
     </span>
    </p>
   </div>
   <div class='ocr_carea' id='block_1_20' title="bbox 546 1851 2189 1923">
    <p class='ocr_par' dir='ltr' id='par_1_20' title="bbox 546 1851 2189 1923">
     <span class='ocr_line' id='line_1_20' title="bbox 546 1851 2189 1923; baseline 0.001 -17"><span class='ocrx_word' id='word_1_128' title='bbox 546 1851 629 1906; x_wconf 90' lang='lat' dir='ltr'><strong>ita</strong></span> <span class='ocrx_word' id='word_1_129' title='bbox 657 1851 872 1906; x_wconf 87' lang='lat' dir='ltr'><strong>dictam</strong></span> <span class='ocrx_word' id='word_1_130' title='bbox 905 1853 1136 1923; x_wconf 87' lang='lat' dir='ltr'><strong>probat,</strong></span> <span class='ocrx_word' id='word_1_131' title='bbox 1168 1868 1283 1906; x_wconf 91' lang='lat' dir='ltr'><strong>non</strong></span> <span class='ocrx_word' id='word_1_132' title='bbox 1328 1852 1481 1922; x_wconf 91' lang='lat' dir='ltr'><strong>quod</strong></span> <span class='ocrx_word' id='word_1_133' title='bbox 1531 1869 1600 1906; x_wconf 82' lang='lat' dir='ltr'><strong>ex</strong></span> <span class='ocrx_word' id='word_1_134' title='bbox 1649 1852 1991 1906; x_wconf 90' lang='lat' dir='ltr'><strong>fermentato</strong></span> <span class='ocrx_word' id='word_1_135' title='bbox 2041 1869 2189 1923; x_wconf 91' lang='lat' dir='ltr'><strong>pane</strong></span> 
     </span>
    </p>
   </div>
   <div class='ocr_carea' id='block_1_21' title="bbox 545 1931 2184 2012">
    <p class='ocr_par' dir='ltr' id='par_1_21' title="bbox 545 1931 2184 2012">
     <span class='ocr_line' id='line_1_21' title="bbox 545 1931 2184 2012; baseline 0.001 -18"><span class='ocrx_word' id='word_1_136' title='bbox 545 1945 857 2007; x_wconf 84' lang='lat' dir='ltr'><strong>constaret,</strong></span> <span class='ocrx_word' id='word_1_137' title='bbox 885 1941 982 1996; x_wconf 91' lang='lat' dir='ltr'><strong>sed</strong></span> <span class='ocrx_word' id='word_1_138' title='bbox 1015 1931 1170 2012; x_wconf 89' lang='lat' dir='ltr'><strong>quod</strong></span> <span class='ocrx_word' id='word_1_139' title='bbox 1204 1940 1330 2012; x_wconf 90' lang='lat' dir='ltr'><strong>ipsa</strong></span> <span class='ocrx_word' id='word_1_140' title='bbox 1361 1957 1710 2012; x_wconf 90' lang='lat' dir='ltr'><strong>quocunque</strong></span> <span class='ocrx_word' id='word_1_141' title='bbox 1739 1957 1807 1995; x_wconf 81' lang='lat' dir='ltr'><strong>ex</strong></span> <span class='ocrx_word' id='word_1_142' title='bbox 1838 1959 1984 2012; x_wconf 89' lang='lat' dir='ltr'><strong>pane</strong></span> <span class='ocrx_word' id='word_1_143' title='bbox 2005 1941 2184 2009; x_wconf 88' lang='lat' dir='ltr'><strong>ﬁeret,</strong></span> 
     </span>
    </p>
   </div>
   <div class='ocr_carea' id='block_1_22' title="bbox 545 2029 2184 2102">
    <p class='ocr_par' dir='ltr' id='par_1_22' title="bbox 545 2029 2184 2102">
     <span class='ocr_line' id='line_1_22' title="bbox 545 2029 2184 2102; baseline 0.001 -18"><span class='ocrx_word' id='word_1_144' title='bbox 545 2029 814 2086; x_wconf 90' lang='lat' dir='ltr'><strong>Ecclesiis</strong></span> <span class='ocrx_word' id='word_1_145' title='bbox 837 2031 906 2084; x_wconf 86' lang='lat' dir='ltr'><strong>ad</strong></span> <span class='ocrx_word' id='word_1_146' title='bbox 925 2047 1070 2101; x_wconf 80' lang='lat' dir='ltr'><strong>quas</strong></span> <span class='ocrx_word' id='word_1_147' title='bbox 1095 2029 1433 2085; x_wconf 86' lang='lat' dir='ltr'><strong>mittebatur</strong></span> <span class='ocrx_word' id='word_1_148' title='bbox 1454 2030 1721 2084; x_wconf 88' lang='lat' dir='ltr'><strong>fermenti</strong></span> <span class='ocrx_word' id='word_1_149' title='bbox 1745 2029 1924 2084; x_wconf 87' lang='lat' dir='ltr'><strong>vicem</strong></span> <span class='ocrx_word' id='word_1_150' title='bbox 1948 2035 2184 2102; x_wconf 74' lang='lat' dir='ltr'><strong>praesta-</strong></span> 
     </span>
    </p>
   </div>
   <div class='ocr_carea' id='block_1_23' title="bbox 543 2116 2182 2189">
    <p class='ocr_par' dir='ltr' id='par_1_23' title="bbox 543 2116 2182 2189">
     <span class='ocr_line' id='line_1_23' title="bbox 543 2116 2182 2189; baseline 0.001 -17"><span class='ocrx_word' id='word_1_151' title='bbox 543 2122 648 2180; x_wconf 87' lang='lat' dir='ltr'><strong>ret,</strong></span> <span class='ocrx_word' id='word_1_152' title='bbox 682 2118 884 2189; x_wconf 88' lang='lat' dir='ltr'><strong>eisque</strong></span> <span class='ocrx_word' id='word_1_153' title='bbox 916 2118 1149 2173; x_wconf 88' lang='lat' dir='ltr'><strong>unionis</strong></span> <span class='ocrx_word' id='word_1_154' title='bbox 1181 2117 1332 2172; x_wconf 90' lang='lat' dir='ltr'><strong>inter</strong></span> <span class='ocrx_word' id='word_1_155' title='bbox 1361 2135 1422 2173; x_wconf 92' lang='lat' dir='ltr'><strong>se</strong></span> <span class='ocrx_word' id='word_1_156' title='bbox 1455 2116 1753 2172; x_wconf 88' lang='lat' dir='ltr'><strong>vinculum</strong></span> <span class='ocrx_word' id='word_1_157' title='bbox 1785 2121 1959 2185; x_wconf 87' lang='lat' dir='ltr'><strong>esset,</strong></span> <span class='ocrx_word' id='word_1_158' title='bbox 2011 2117 2182 2174; x_wconf 89' lang='lat' dir='ltr'><strong>sicuti</strong></span> 
     </span>
    </p>
   </div>
   <div class='ocr_carea' id='block_1_24' title="bbox 541 2205 2185 2278">
    <p class='ocr_par' dir='ltr' id='par_1_24' title="bbox 541 2205 2185 2278">
     <span class='ocr_line' id='line_1_24' title="bbox 541 2205 2185 2278; baseline 0.001 -18"><span class='ocrx_word' id='word_1_159' title='bbox 541 2205 891 2261; x_wconf 83' lang='lat' dir='ltr'><strong>fermentum</strong></span> <span class='ocrx_word' id='word_1_160' title='bbox 926 2221 1131 2259; x_wconf 70' lang='lat' dir='ltr'><strong>massae</strong></span> <span class='ocrx_word' id='word_1_161' title='bbox 1163 2205 1253 2258; x_wconf 88' lang='lat' dir='ltr'><strong>cui</strong></span> <span class='ocrx_word' id='word_1_162' title='bbox 1289 2205 1721 2260; x_wconf 87' lang='lat' dir='ltr'><strong>commiscetur.</strong></span> <span class='ocrx_word' id='word_1_163' title='bbox 1771 2206 1836 2259; x_wconf 89' lang='lat' dir='ltr'><strong>Et</strong></span> <span class='ocrx_word' id='word_1_164' title='bbox 1867 2206 2103 2278; x_wconf 89' lang='lat' dir='ltr'><strong>quidem</strong></span> <span class='ocrx_word' id='word_1_165' title='bbox 2137 2207 2185 2262; x_wconf 91' lang='lat' dir='ltr'><strong>si</strong></span> 
     </span>
    </p>
   </div>
   <div class='ocr_carea' id='block_1_25' title="bbox 537 2292 2180 2366">
    <p class='ocr_par' dir='ltr' id='par_1_25' title="bbox 537 2292 2180 2366">
     <span class='ocr_line' id='line_1_25' title="bbox 537 2292 2180 2366; baseline 0.002 -17"><span class='ocrx_word' id='word_1_166' title='bbox 537 2294 683 2349; x_wconf 89' lang='lat' dir='ltr'><strong>bene</strong></span> <span class='ocrx_word' id='word_1_167' title='bbox 715 2294 1150 2366; x_wconf 76' lang='lat' dir='ltr'><strong>perpendentur</strong></span> <span class='ocrx_word' id='word_1_168' title='bbox 1180 2293 1350 2347; x_wconf 89' lang='lat' dir='ltr'><strong>verba</strong></span> <span class='ocrx_word' id='word_1_169' title='bbox 1377 2292 1558 2348; x_wconf 88' lang='lat' dir='ltr'><strong>relata</strong></span> <span class='ocrx_word' id='word_1_170' title='bbox 1588 2312 1654 2349; x_wconf 79' lang='lat' dir='ltr'><strong>ex</strong></span> <span class='ocrx_word' id='word_1_171' title='bbox 1686 2294 1815 2348; x_wconf 86' lang='lat' dir='ltr'><strong>Vita</strong></span> <span class='ocrx_word' id='word_1_172' title='bbox 1839 2295 2180 2352; x_wconf 90' lang='lat' dir='ltr'><strong>Melchiadis</strong></span> 
     </span>
    </p>
   </div>
   <div class='ocr_carea' id='block_1_26' title="bbox 426 2381 2183 2448">
    <p class='ocr_par' dir='ltr' id='par_1_26' title="bbox 426 2381 2183 2448">
     <span class='ocr_line' id='line_1_26' title="bbox 426 2381 2183 2448; baseline 0.002 -12"><span class='ocrx_word' id='word_1_173' title='bbox 426 2431 430 2436; x_wconf 73' lang='grc'><em>,</em></span> <span class='ocrx_word' id='word_1_174' title='bbox 537 2385 595 2436; x_wconf 91' lang='lat' dir='ltr'><strong>et</strong></span> <span class='ocrx_word' id='word_1_175' title='bbox 627 2382 838 2448; x_wconf 87' lang='lat' dir='ltr'><strong>Siricii,</strong></span> <span class='ocrx_word' id='word_1_176' title='bbox 865 2385 1091 2435; x_wconf 86' lang='lat' dir='ltr'><strong>tantum</strong></span> <span class='ocrx_word' id='word_1_177' title='bbox 1123 2381 1288 2435; x_wconf 85' lang='lat' dir='ltr'><strong>abest</strong></span> <span class='ocrx_word' id='word_1_178' title='bbox 1321 2385 1384 2435; x_wconf 87' lang='lat' dir='ltr'><strong>ut</strong></span> <span class='ocrx_word' id='word_1_179' title='bbox 1413 2382 1782 2437; x_wconf 87' lang='lat' dir='ltr'><strong>Eucharistia</strong></span> <span class='ocrx_word' id='word_1_180' title='bbox 1829 2383 1967 2439; x_wconf 90' lang='lat' dir='ltr'><strong>dicti</strong></span> <span class='ocrx_word' id='word_1_181' title='bbox 1995 2385 2183 2439; x_wconf 90' lang='lat' dir='ltr'><strong>vidca-</strong></span> 
     </span>
    </p>
   </div>
   <div class='ocr_carea' id='block_1_27' title="bbox 537 2470 2182 2540">
    <p class='ocr_par' dir='ltr' id='par_1_27' title="bbox 537 2470 2182 2540">
     <span class='ocr_line' id='line_1_27' title="bbox 537 2470 2182 2540; baseline 0.001 -16"><span class='ocrx_word' id='word_1_182' title='bbox 537 2474 636 2524; x_wconf 89' lang='lat' dir='ltr'><strong>tur</strong></span> <span class='ocrx_word' id='word_1_183' title='bbox 666 2470 1014 2524; x_wconf 78' lang='lat' dir='ltr'><strong>fermentum</strong></span> <span class='ocrx_word' id='word_1_184' title='bbox 1049 2485 1116 2524; x_wconf 82' lang='lat' dir='ltr'><strong>ex</strong></span> <span class='ocrx_word' id='word_1_185' title='bbox 1147 2485 1212 2523; x_wconf 93' lang='lat' dir='ltr'><strong>co</strong></span> <span class='ocrx_word' id='word_1_186' title='bbox 1245 2470 1399 2540; x_wconf 91' lang='lat' dir='ltr'><strong>quod</strong></span> <span class='ocrx_word' id='word_1_187' title='bbox 1434 2470 1716 2525; x_wconf 90' lang='lat' dir='ltr'><strong>fermento</strong></span> <span class='ocrx_word' id='word_1_188' title='bbox 1775 2475 2084 2538; x_wconf 88' lang='lat' dir='ltr'><strong>constaret,</strong></span> <span class='ocrx_word' id='word_1_189' title='bbox 2119 2477 2182 2526; x_wconf 93' lang='lat' dir='ltr'><strong>ut</strong></span> 
     </span>
    </p>
   </div>
   <div class='ocr_carea' id='block_1_28' title="bbox 534 2556 2177 2631">
    <p class='ocr_par' dir='ltr' id='par_1_28' title="bbox 534 2556 2177 2631">
     <span class='ocr_line' id='line_1_28' title="bbox 534 2556 2177 2631; baseline 0.001 -18"><span class='ocrx_word' id='word_1_190' title='bbox 534 2563 737 2613; x_wconf 90' lang='lat' dir='ltr'><strong>contra</strong></span> <span class='ocrx_word' id='word_1_191' title='bbox 768 2557 877 2612; x_wconf 88' lang='lat' dir='ltr'><strong>hoc</strong></span> <span class='ocrx_word' id='word_1_192' title='bbox 902 2573 1111 2612; x_wconf 89' lang='lat' dir='ltr'><strong>nomen</strong></span> <span class='ocrx_word' id='word_1_193' title='bbox 1148 2556 1256 2628; x_wconf 83' lang='lat' dir='ltr'><strong>ipsi</strong></span> <span class='ocrx_word' id='word_1_194' title='bbox 1282 2557 1637 2612; x_wconf 90' lang='lat' dir='ltr'><strong>adscititium</strong></span> <span class='ocrx_word' id='word_1_195' title='bbox 1663 2557 1972 2614; x_wconf 87' lang='lat' dir='ltr'><strong>etaliunde</strong></span> <span class='ocrx_word' id='word_1_196' title='bbox 2001 2577 2177 2631; x_wconf 90' lang='lat' dir='ltr'><strong>quam</strong></span> 
     </span>
    </p>
   </div>
   <div class='ocr_carea' id='block_1_29' title="bbox 533 2645 2177 2719">
    <p class='ocr_par' dir='ltr' id='par_1_29' title="bbox 533 2645 2177 2719">
     <span class='ocr_line' id='line_1_29' title="bbox 533 2645 2177 2719; baseline 0.001 -16"><span class='ocrx_word' id='word_1_197' title='bbox 533 2647 606 2703; x_wconf 88' lang='lat' dir='ltr'><strong>ab</strong></span> <span class='ocrx_word' id='word_1_198' title='bbox 632 2647 759 2719; x_wconf 87' lang='lat' dir='ltr'><strong>ipsa</strong></span> <span class='ocrx_word' id='word_1_199' title='bbox 790 2663 850 2701; x_wconf 91' lang='lat' dir='ltr'><strong>re</strong></span> <span class='ocrx_word' id='word_1_200' title='bbox 882 2645 1131 2718; x_wconf 91' lang='lat' dir='ltr'><strong>petitum</strong></span> <span class='ocrx_word' id='word_1_201' title='bbox 1165 2663 1293 2700; x_wconf 90' lang='lat' dir='ltr'><strong>esse</strong></span> <span class='ocrx_word' id='word_1_202' title='bbox 1317 2651 1611 2717; x_wconf 87' lang='lat' dir='ltr'><strong>appareat.</strong></span> <span class='ocrx_word' id='word_1_203' title='bbox 1641 2646 1720 2701; x_wconf 83' lang='lat' dir='ltr'><strong>De</strong></span> <span class='ocrx_word' id='word_1_204' title='bbox 1750 2645 2066 2704; x_wconf 85' lang='lat' dir='ltr'><strong>Melchiade</strong></span> <span class='ocrx_word' id='word_1_205' title='bbox 2098 2647 2177 2704; x_wconf 91' lang='lat' dir='ltr'><strong>lc-</strong></span> 
     </span>
    </p>
   </div>
   <div class='ocr_carea' id='block_1_30' title="bbox 530 2735 2175 2808">
    <p class='ocr_par' dir='ltr' id='par_1_30' title="bbox 530 2735 2175 2808">
     <span class='ocr_line' id='line_1_30' title="bbox 530 2735 2175 2808; baseline -0.001 -16"><span class='ocrx_word' id='word_1_206' title='bbox 530 2735 724 2808; x_wconf 83' lang='lat' dir='ltr'><strong>gitur:</strong></span> <span class='ocrx_word' id='word_1_207' title='bbox 759 2760 784 2785; x_wconf 88' lang='grc'><strong>‹‹</strong></span> <span class='ocrx_word' id='word_1_208' title='bbox 815 2735 915 2790; x_wconf 84' lang='lat' dir='ltr'><strong>Hic</strong></span> <span class='ocrx_word' id='word_1_209' title='bbox 949 2735 1966 2808; x_wconf 80' lang='lat' dir='ltr'><strong>fecitutoblationesconsecrataeper</strong></span> <span class='ocrx_word' id='word_1_210' title='bbox 1983 2736 2175 2791; x_wconf 87' lang='lat' dir='ltr'><strong>Eccle-</strong></span> 
     </span>
    </p>
   </div>
   <div class='ocr_carea' id='block_1_31' title="bbox 530 2823 2178 2897">
    <p class='ocr_par' dir='ltr' id='par_1_31' title="bbox 530 2823 2178 2897">
     <span class='ocr_line' id='line_1_31' title="bbox 530 2823 2178 2897; baseline -0.001 -16"><span class='ocrx_word' id='word_1_211' title='bbox 530 2826 651 2881; x_wconf 89' lang='lat' dir='ltr'><strong>sias</strong></span> <span class='ocrx_word' id='word_1_212' title='bbox 683 2842 750 2881; x_wconf 84' lang='lat' dir='ltr'><strong>ex</strong></span> <span class='ocrx_word' id='word_1_213' title='bbox 780 2829 1120 2880; x_wconf 88' lang='lat' dir='ltr'><strong>consecratu</strong></span> <span class='ocrx_word' id='word_1_214' title='bbox 1154 2824 1412 2896; x_wconf 85' lang='lat' dir='ltr'><strong>episcOpi</strong></span> <span class='ocrx_word' id='word_1_215' title='bbox 1457 2823 1866 2896; x_wconf 84' lang='lat' dir='ltr'><strong>dirigerentur,</strong></span> <span class='ocrx_word' id='word_1_216' title='bbox 1901 2826 2054 2897; x_wconf 92' lang='lat' dir='ltr'><strong>quod</strong></span> <span class='ocrx_word' id='word_1_217' title='bbox 2086 2825 2178 2880; x_wconf 88' lang='lat' dir='ltr'><strong>de-</strong></span> 
     </span>
    </p>
   </div>
   <div class='ocr_carea' id='block_1_32' title="bbox 529 2912 2178 2984">
    <p class='ocr_par' dir='ltr' id='par_1_32' title="bbox 529 2912 2178 2984">
     <span class='ocr_line' id='line_1_32' title="bbox 529 2912 2178 2984; baseline -0.001 -15"><span class='ocrx_word' id='word_1_218' title='bbox 529 2913 786 2969; x_wconf 92' lang='lat' dir='ltr'><strong>claratur</strong></span> <span class='ocrx_word' id='word_1_219' title='bbox 817 2913 1188 2967; x_wconf 81' lang='lat' dir='ltr'><strong>fermentum.</strong></span> <span class='ocrx_word' id='word_1_220' title='bbox 1211 2935 1237 2961; x_wconf 84' lang='lat'>»</span> <span class='ocrx_word' id='word_1_221' title='bbox 1272 2913 1333 2967; x_wconf 91' lang='lat' dir='ltr'><strong>In</strong></span> <span class='ocrx_word' id='word_1_222' title='bbox 1359 2912 1619 2980; x_wconf 82' lang='lat' dir='ltr'><strong>Siricio,«</strong></span> <span class='ocrx_word' id='word_1_223' title='bbox 1654 2914 1808 2984; x_wconf 92' lang='lat' dir='ltr'><strong>quod</strong></span> <span class='ocrx_word' id='word_1_224' title='bbox 1841 2914 2178 2969; x_wconf 87' lang='lat' dir='ltr'><strong>nominatur</strong></span> 
     </span>
    </p>
   </div>
   <div class='ocr_carea' id='block_1_33' title="bbox 529 3000 2171 3074">
    <p class='ocr_par' dir='ltr' id='par_1_33' title="bbox 529 3000 2171 3074">
     <span class='ocr_line' id='line_1_33' title="bbox 529 3000 2171 3074; baseline 0 -17"><span class='ocrx_word' id='word_1_225' title='bbox 529 3002 883 3057; x_wconf 76' lang='lat' dir='ltr'><strong>fermentum</strong></span> <span class='ocrx_word' id='word_1_226' title='bbox 916 3024 942 3050; x_wconf 85' lang='lat'>»</span> <span class='ocrx_word' id='word_1_227' title='bbox 974 3000 1113 3055; x_wconf 89' lang='lat' dir='ltr'><strong>Mihi</strong></span> <span class='ocrx_word' id='word_1_228' title='bbox 1142 3017 1274 3056; x_wconf 90' lang='lat' dir='ltr'><strong>vero</strong></span> <span class='ocrx_word' id='word_1_229' title='bbox 1306 3000 1518 3073; x_wconf 85' lang='lat' dir='ltr'><strong>legenti</strong></span> <span class='ocrx_word' id='word_1_230' title='bbox 1560 3001 1678 3056; x_wconf 86' lang='lat' dir='ltr'><strong>haec</strong></span> <span class='ocrx_word' id='word_1_231' title='bbox 1711 3002 1903 3069; x_wconf 88' lang='lat' dir='ltr'><strong>verba,</strong></span> <span class='ocrx_word' id='word_1_232' title='bbox 1939 3025 1965 3051; x_wconf 87' lang='lat'><strong><em>«</em></strong></span> <span class='ocrx_word' id='word_1_233' title='bbox 2018 3003 2171 3074; x_wconf 91' lang='lat' dir='ltr'><strong>quod</strong></span> 
     </span>
    </p>
   </div>
   <div class='ocr_carea' id='block_1_34' title="bbox 527 3090 2170 3162">
    <p class='ocr_par' dir='ltr' id='par_1_34' title="bbox 527 3090 2170 3162">
     <span class='ocr_line' id='line_1_34' title="bbox 527 3090 2170 3162; baseline -0.001 -15"><span class='ocrx_word' id='word_1_234' title='bbox 527 3091 875 3158; x_wconf 87' lang='lat' dir='ltr'><strong>declaratur,</strong></span> <span class='ocrx_word' id='word_1_235' title='bbox 911 3091 1064 3162; x_wconf 90' lang='lat' dir='ltr'><strong>quod</strong></span> <span class='ocrx_word' id='word_1_236' title='bbox 1098 3091 1435 3145; x_wconf 89' lang='lat' dir='ltr'><strong>nominatur</strong></span> <span class='ocrx_word' id='word_1_237' title='bbox 1482 3090 1856 3158; x_wconf 84' lang='lat' dir='ltr'><strong>fermentum,</strong></span> <span class='ocrx_word' id='word_1_238' title='bbox 1896 3113 1921 3139; x_wconf 88' lang='grc'><strong>››</strong></span> <span class='ocrx_word' id='word_1_239' title='bbox 1973 3092 2170 3146; x_wconf 90' lang='lat' dir='ltr'><strong>statim</strong></span> 
     </span>
    </p>
   </div>
   <div class='ocr_carea' id='block_1_35' title="bbox 527 3175 2244 3253">
    <p class='ocr_par' dir='ltr' id='par_1_35' title="bbox 527 3175 2244 3253">
     <span class='ocr_line' id='line_1_35' title="bbox 527 3175 2244 3253; baseline -0.001 -17"><span class='ocrx_word' id='word_1_240' title='bbox 527 3181 708 3236; x_wconf 89' lang='lat' dir='ltr'><strong>subiit</strong></span> <span class='ocrx_word' id='word_1_241' title='bbox 729 3180 1004 3253; x_wconf 85' lang='lat' dir='ltr'><strong>cogitatio</strong></span> <span class='ocrx_word' id='word_1_242' title='bbox 1031 3184 1368 3234; x_wconf 86' lang='lat' dir='ltr'><strong>extraneum</strong></span> <span class='ocrx_word' id='word_1_243' title='bbox 1397 3178 1506 3233; x_wconf 91' lang='lat' dir='ltr'><strong>hoc</strong></span> <span class='ocrx_word' id='word_1_244' title='bbox 1527 3195 1654 3234; x_wconf 92' lang='lat' dir='ltr'><strong>esse</strong></span> <span class='ocrx_word' id='word_1_245' title='bbox 1678 3180 2167 3244; x_wconf 88' lang='lat' dir='ltr'><strong>vocabulum,non</strong></span> <span class='ocrx_word' id='word_1_246' title='bbox 2203 3175 2244 3241; x_wconf 90' lang='lat' dir='ltr'>C</span> 
     </span>
    </p>
   </div>
   <div class='ocr_carea' id='block_1_36' title="bbox 525 3267 2168 3342">
    <p class='ocr_par' dir='ltr' id='par_1_36' title="bbox 525 3267 2168 3342">
     <span class='ocr_line' id='line_1_36' title="bbox 525 3267 2168 3342; baseline 0 -16"><span class='ocrx_word' id='word_1_247' title='bbox 525 3271 598 3326; x_wconf 86' lang='lat' dir='ltr'><strong>ab</strong></span> <span class='ocrx_word' id='word_1_248' title='bbox 628 3271 755 3342; x_wconf 87' lang='lat' dir='ltr'><strong>ipsa</strong></span> <span class='ocrx_word' id='word_1_249' title='bbox 796 3269 874 3324; x_wconf 89' lang='lat' dir='ltr'><strong>rei</strong></span> <span class='ocrx_word' id='word_1_250' title='bbox 911 3267 1241 3324; x_wconf 86' lang='lat' dir='ltr'><strong>substantia</strong></span> <span class='ocrx_word' id='word_1_251' title='bbox 1272 3267 1538 3340; x_wconf 88' lang='lat' dir='ltr'><strong>petitum.</strong></span> <span class='ocrx_word' id='word_1_252' title='bbox 1573 3268 1736 3323; x_wconf 88' lang='lat' dir='ltr'><strong>Certe</strong></span> <span class='ocrx_word' id='word_1_253' title='bbox 1768 3268 1907 3323; x_wconf 89' lang='lat' dir='ltr'><strong>mihi</strong></span> <span class='ocrx_word' id='word_1_254' title='bbox 1934 3287 2168 3340; x_wconf 88' lang='lat' dir='ltr'><strong>persua-</strong></span> 
     </span>
    </p>
   </div>
   <div class='ocr_carea' id='block_1_37' title="bbox 526 3356 2166 3430">
    <p class='ocr_par' dir='ltr' id='par_1_37' title="bbox 526 3356 2166 3430">
     <span class='ocr_line' id='line_1_37' title="bbox 526 3356 2166 3430; baseline 0.001 -17"><span class='ocrx_word' id='word_1_255' title='bbox 526 3375 657 3414; x_wconf 90' lang='lat' dir='ltr'><strong>sum</strong></span> <span class='ocrx_word' id='word_1_256' title='bbox 699 3362 787 3413; x_wconf 90' lang='lat' dir='ltr'><strong>est</strong></span> <span class='ocrx_word' id='word_1_257' title='bbox 834 3356 980 3411; x_wconf 90' lang='lat' dir='ltr'><strong>nihil</strong></span> <span class='ocrx_word' id='word_1_258' title='bbox 1030 3362 1185 3412; x_wconf 90' lang='lat' dir='ltr'><strong>certe</strong></span> <span class='ocrx_word' id='word_1_259' title='bbox 1236 3357 1368 3410; x_wconf 90' lang='lat' dir='ltr'><strong>inde</strong></span> <span class='ocrx_word' id='word_1_260' title='bbox 1415 3357 1619 3410; x_wconf 89' lang='lat' dir='ltr'><strong>conﬁci</strong></span> <span class='ocrx_word' id='word_1_261' title='bbox 1678 3374 1850 3428; x_wconf 87' lang='lat' dir='ltr'><strong>posse</strong></span> <span class='ocrx_word' id='word_1_262' title='bbox 1904 3375 2004 3430; x_wconf 91' lang='lat' dir='ltr'><strong>pro</strong></span> <span class='ocrx_word' id='word_1_263' title='bbox 2055 3360 2166 3414; x_wconf 89' lang='lat' dir='ltr'><strong>fer-</strong></span> 
     </span>
    </p>
   </div>
   <div class='ocr_carea' id='block_1_38' title="bbox 525 3450 743 3501">
    <p class='ocr_par' dir='ltr' id='par_1_38' title="bbox 525 3450 743 3501">
     <span class='ocr_line' id='line_1_38' title="bbox 525 3450 743 3501; baseline -0.005 0"><span class='ocrx_word' id='word_1_264' title='bbox 525 3450 743 3501; x_wconf 89' lang='lat' dir='ltr'><strong>mento.</strong></span> 
     </span>
    </p>
   </div>
   <div class='ocr_carea' id='block_1_39' title="bbox 590 3531 2167 3606">
    <p class='ocr_par' dir='ltr' id='par_1_39' title="bbox 590 3531 2167 3606">
     <span class='ocr_line' id='line_1_39' title="bbox 590 3531 2167 3606; baseline 0.001 -17"><span class='ocrx_word' id='word_1_265' title='bbox 590 3536 681 3600; x_wconf 86' lang='lat' dir='ltr'><strong>At,</strong></span> <span class='ocrx_word' id='word_1_266' title='bbox 714 3533 932 3606; x_wconf 89' lang='lat' dir='ltr'><strong>inquis,</strong></span> <span class='ocrx_word' id='word_1_267' title='bbox 967 3533 1013 3588; x_wconf 93' lang='lat' dir='ltr'><strong>si</strong></span> <span class='ocrx_word' id='word_1_268' title='bbox 1048 3532 1215 3604; x_wconf 91' lang='lat' dir='ltr'><strong>panis</strong></span> <span class='ocrx_word' id='word_1_269' title='bbox 1247 3548 1484 3603; x_wconf 85' lang='lat' dir='ltr'><strong>azymus</strong></span> <span class='ocrx_word' id='word_1_270' title='bbox 1506 3531 1844 3599; x_wconf 89' lang='lat' dir='ltr'><strong>fuisset,cur</strong></span> <span class='ocrx_word' id='word_1_271' title='bbox 1873 3535 2167 3592; x_wconf 90' lang='lat' dir='ltr'><strong>contraria</strong></span> 
     </span>
    </p>
   </div>
   <div class='ocr_carea' id='block_1_40' title="bbox 521 3621 2166 3696">
    <p class='ocr_par' dir='ltr' id='par_1_40' title="bbox 521 3621 2166 3696">
     <span class='ocr_line' id='line_1_40' title="bbox 521 3621 2166 3696; baseline 0.001 -18"><span class='ocrx_word' id='word_1_272' title='bbox 521 3621 907 3696; x_wconf 88' lang='lat' dir='ltr'><strong>appellatione</strong></span> <span class='ocrx_word' id='word_1_273' title='bbox 938 3621 1129 3677; x_wconf 91' lang='lat' dir='ltr'><strong>dictus</strong></span> <span class='ocrx_word' id='word_1_274' title='bbox 1157 3625 1312 3676; x_wconf 90' lang='lat' dir='ltr'><strong>esset</strong></span> <span class='ocrx_word' id='word_1_275' title='bbox 1334 3621 1682 3674; x_wconf 89' lang='lat' dir='ltr'><strong>fermentum</strong></span> <span class='ocrx_word' id='word_1_276' title='bbox 1697 3622 1850 3676; x_wconf 84' lang='lat' dir='ltr'><strong>?Non</strong></span> <span class='ocrx_word' id='word_1_277' title='bbox 1876 3623 2061 3679; x_wconf 88' lang='lat' dir='ltr'><strong>facilis</strong></span> <span class='ocrx_word' id='word_1_278' title='bbox 2083 3642 2166 3680; x_wconf 87' lang='lat' dir='ltr'><strong>re-</strong></span> 
     </span>
    </p>
   </div>
   <div class='ocr_carea' id='block_1_41' title="bbox 519 3708 2163 3786">
    <p class='ocr_par' dir='ltr' id='par_1_41' title="bbox 519 3708 2163 3786">
     <span class='ocr_line' id='line_1_41' title="bbox 519 3708 2163 3786; baseline 0 -17"><span class='ocrx_word' id='word_1_279' title='bbox 519 3712 780 3786; x_wconf 89' lang='lat' dir='ltr'><strong>sponsio,</strong></span> <span class='ocrx_word' id='word_1_280' title='bbox 812 3710 910 3767; x_wconf 91' lang='lat' dir='ltr'><strong>ubi</strong></span> <span class='ocrx_word' id='word_1_281' title='bbox 941 3708 1391 3776; x_wconf 88' lang='lat' dir='ltr'><strong>vocabulorum;</strong></span> <span class='ocrx_word' id='word_1_282' title='bbox 1425 3725 1528 3763; x_wconf 93' lang='lat' dir='ltr'><strong>cur</strong></span> <span class='ocrx_word' id='word_1_283' title='bbox 1557 3725 1674 3763; x_wconf 90' lang='lat' dir='ltr'><strong>una</strong></span> <span class='ocrx_word' id='word_1_284' title='bbox 1695 3726 1937 3782; x_wconf 64' lang='lat' dir='ltr'><strong>quisque</strong></span> <span class='ocrx_word' id='word_1_285' title='bbox 1959 3728 2050 3768; x_wconf 90' lang='lat' dir='ltr'><strong>res</strong></span> <span class='ocrx_word' id='word_1_286' title='bbox 2081 3713 2163 3769; x_wconf 88' lang='lat' dir='ltr'><strong>ita</strong></span> 
     </span>
    </p>
   </div>
   <div class='ocr_carea' id='block_1_42' title="bbox 518 3796 2163 3874">
    <p class='ocr_par' dir='ltr' id='par_1_42' title="bbox 518 3796 2163 3874">
     <span class='ocr_line' id='line_1_42' title="bbox 518 3796 2163 3874; baseline -0.001 -16"><span class='ocrx_word' id='word_1_287' title='bbox 518 3801 808 3874; x_wconf 91' lang='lat' dir='ltr'><strong>appellata</strong></span> <span class='ocrx_word' id='word_1_288' title='bbox 839 3801 932 3867; x_wconf 93' lang='lat' dir='ltr'><strong>sit,</strong></span> <span class='ocrx_word' id='word_1_289' title='bbox 967 3816 1176 3856; x_wconf 89' lang='lat' dir='ltr'><strong>causas</strong></span> <span class='ocrx_word' id='word_1_290' title='bbox 1204 3796 1492 3868; x_wconf 82' lang='lat' dir='ltr'><strong>explicare</strong></span> <span class='ocrx_word' id='word_1_291' title='bbox 1524 3797 1833 3854; x_wconf 91' lang='lat' dir='ltr'><strong>incumbit.</strong></span> <span class='ocrx_word' id='word_1_292' title='bbox 1870 3799 2051 3856; x_wconf 88' lang='lat' dir='ltr'><strong>Unam</strong></span> <span class='ocrx_word' id='word_1_293' title='bbox 2077 3819 2163 3856; x_wconf 90' lang='lat' dir='ltr'><strong>ra-</strong></span> 
     </span>
    </p>
   </div>
   <div class='ocr_carea' id='block_1_43' title="bbox 516 3885 2157 3959">
    <p class='ocr_par' dir='ltr' id='par_1_43' title="bbox 516 3885 2157 3959">
     <span class='ocr_line' id='line_1_43' title="bbox 516 3885 2157 3959; baseline 0.001 -14"><span class='ocrx_word' id='word_1_294' title='bbox 516 3890 734 3946; x_wconf 89' lang='lat' dir='ltr'><strong>tionem</strong></span> <span class='ocrx_word' id='word_1_295' title='bbox 766 3906 904 3944; x_wconf 90' lang='lat' dir='ltr'><strong>sane</strong></span> <span class='ocrx_word' id='word_1_296' title='bbox 935 3903 1217 3959; x_wconf 87' lang='lat' dir='ltr'><strong>perquam</strong></span> <span class='ocrx_word' id='word_1_297' title='bbox 1266 3885 1632 3958; x_wconf 87' lang='lat' dir='ltr'><strong>probabilem</strong></span> <span class='ocrx_word' id='word_1_298' title='bbox 1668 3887 1864 3943; x_wconf 89' lang='lat' dir='ltr'><strong>attulit</strong></span> <span class='ocrx_word' id='word_1_299' title='bbox 1892 3889 2157 3946; x_wconf 41' lang='lat' dir='ltr'><strong>Sirmun‘</strong></span> 
     </span>
    </p>
   </div>
   <div class='ocr_carea' id='block_1_44' title="bbox 517 3974 2161 4052">
    <p class='ocr_par' dir='ltr' id='par_1_44' title="bbox 517 3974 2161 4052">
     <span class='ocr_line' id='line_1_44' title="bbox 517 3974 2161 4052; baseline 0 -19"><span class='ocrx_word' id='word_1_300' title='bbox 517 3979 772 4048; x_wconf 87' lang='lat' dir='ltr'><strong>dus.Ego</strong></span> <span class='ocrx_word' id='word_1_301' title='bbox 802 3993 935 4032; x_wconf 91' lang='lat' dir='ltr'><strong>vero</strong></span> <span class='ocrx_word' id='word_1_302' title='bbox 963 3975 1392 4030; x_wconf 87' lang='lat' dir='ltr'><strong>Eucharistiam</strong></span> <span class='ocrx_word' id='word_1_303' title='bbox 1424 3975 1600 4030; x_wconf 88' lang='lat' dir='ltr'><strong>etiam</strong></span> <span class='ocrx_word' id='word_1_304' title='bbox 1632 3974 1741 4031; x_wconf 90' lang='lat' dir='ltr'><strong>hoc</strong></span> <span class='ocrx_word' id='word_1_305' title='bbox 1769 3977 2048 4034; x_wconf 91' lang='lat' dir='ltr'><strong>vocabulo</strong></span> <span class='ocrx_word' id='word_1_306' title='bbox 2067 3996 2161 4052; x_wconf 88' lang='lat' dir='ltr'><strong>ap-</strong></span> 
     </span>
    </p>
   </div>
   <div class='ocr_carea' id='block_1_45' title="bbox 514 4063 2158 4138">
    <p class='ocr_par' dir='ltr' id='par_1_45' title="bbox 514 4063 2158 4138">
     <span class='ocr_line' id='line_1_45' title="bbox 514 4063 2158 4138; baseline 0.002 -18"><span class='ocrx_word' id='word_1_307' title='bbox 514 4063 791 4138; x_wconf 83' lang='lat' dir='ltr'><strong>pellatam</strong></span> <span class='ocrx_word' id='word_1_308' title='bbox 823 4068 984 4136; x_wconf 90' lang='lat' dir='ltr'><strong>puto,</strong></span> <span class='ocrx_word' id='word_1_309' title='bbox 1018 4068 1083 4118; x_wconf 92' lang='lat' dir='ltr'><strong>ut</strong></span> <span class='ocrx_word' id='word_1_310' title='bbox 1111 4063 1346 4118; x_wconf 90' lang='lat' dir='ltr'><strong>nomine</strong></span> <span class='ocrx_word' id='word_1_311' title='bbox 1375 4065 1622 4120; x_wconf 90' lang='lat' dir='ltr'><strong>obscuro</strong></span> <span class='ocrx_word' id='word_1_312' title='bbox 1653 4067 1913 4136; x_wconf 79' lang='lat' dir='ltr'><strong>profanis</strong></span> <span class='ocrx_word' id='word_1_313' title='bbox 1945 4067 2158 4124; x_wconf 87' lang='lat' dir='ltr'><strong>celare-</strong></span> 
     </span>
    </p>
   </div>
   <div class='ocr_carea' id='block_1_46' title="bbox 513 4151 2158 4229">
    <p class='ocr_par' dir='ltr' id='par_1_46' title="bbox 513 4151 2158 4229">
     <span class='ocr_line' id='line_1_46' title="bbox 513 4151 2158 4229; baseline 0.003 -20"><span class='ocrx_word' id='word_1_314' title='bbox 513 4158 612 4229; x_wconf 87' lang='lat' dir='ltr'><strong>tur</strong></span> <span class='ocrx_word' id='word_1_315' title='bbox 640 4157 869 4209; x_wconf 90' lang='lat' dir='ltr'><strong>tantum</strong></span> <span class='ocrx_word' id='word_1_316' title='bbox 910 4151 1272 4223; x_wconf 89' lang='lat' dir='ltr'><strong>mysterinm.</strong></span> <span class='ocrx_word' id='word_1_317' title='bbox 1303 4152 1448 4208; x_wconf 90' lang='lat' dir='ltr'><strong>Nam</strong></span> <span class='ocrx_word' id='word_1_318' title='bbox 1481 4169 1582 4224; x_wconf 91' lang='lat' dir='ltr'><strong>per</strong></span> <span class='ocrx_word' id='word_1_319' title='bbox 1611 4169 1679 4208; x_wconf 86' lang='lat' dir='ltr'><strong>ea</strong></span> <span class='ocrx_word' id='word_1_320' title='bbox 1722 4157 1987 4228; x_wconf 90' lang='lat' dir='ltr'><strong>tempora</strong></span> <span class='ocrx_word' id='word_1_321' title='bbox 2032 4174 2158 4214; x_wconf 91' lang='lat' dir='ltr'><strong>mos</strong></span> 
     </span>
    </p>
   </div>
   <div class='ocr_carea' id='block_1_47' title="bbox 513 4238 2156 4300">
    <p class='ocr_par' dir='ltr' id='par_1_47' title="bbox 513 4238 2156 4300">
     <span class='ocr_line' id='line_1_47' title="bbox 513 4238 2156 4300; baseline 0.001 -2"><span class='ocrx_word' id='word_1_322' title='bbox 513 4247 637 4298; x_wconf 89' lang='lat' dir='ltr'><strong>erat</strong></span> <span class='ocrx_word' id='word_1_323' title='bbox 668 4241 938 4297; x_wconf 89' lang='lat' dir='ltr'><strong>Patribus</strong></span> <span class='ocrx_word' id='word_1_324' title='bbox 973 4244 1035 4294; x_wconf 87' lang='lat' dir='ltr'><strong>ut</strong></span> <span class='ocrx_word' id='word_1_325' title='bbox 1053 4256 1165 4294; x_wconf 90' lang='lat' dir='ltr'><strong>non</strong></span> <span class='ocrx_word' id='word_1_326' title='bbox 1196 4238 1311 4294; x_wconf 80' lang='lat' dir='ltr'><strong>nisi</strong></span> <span class='ocrx_word' id='word_1_327' title='bbox 1340 4240 1606 4295; x_wconf 90' lang='lat' dir='ltr'><strong>obscuris</strong></span> <span class='ocrx_word' id='word_1_328' title='bbox 1639 4242 1829 4298; x_wconf 86' lang='lat' dir='ltr'><strong>verbis</strong></span> <span class='ocrx_word' id='word_1_329' title='bbox 1880 4244 2156 4300; x_wconf 88' lang='lat' dir='ltr'><strong>Euchari-</strong></span> 
     </span>
    </p>
   </div>
   <div class='ocr_carea' id='block_1_48' title="bbox 512 4328 2154 4404">
    <p class='ocr_par' dir='ltr' id='par_1_48' title="bbox 512 4328 2154 4404">
     <span class='ocr_line' id='line_1_48' title="bbox 512 4328 2154 4404; baseline 0.001 -17"><span class='ocrx_word' id='word_1_330' title='bbox 512 4331 686 4387; x_wconf 88' lang='lat' dir='ltr'><strong>stiam</strong></span> <span class='ocrx_word' id='word_1_331' title='bbox 715 4330 1126 4403; x_wconf 86' lang='lat' dir='ltr'><strong>exprimerent.</strong></span> <span class='ocrx_word' id='word_1_332' title='bbox 1159 4332 1372 4382; x_wconf 84' lang='lat' dir='ltr'><strong>Notum</strong></span> <span class='ocrx_word' id='word_1_333' title='bbox 1405 4328 1462 4382; x_wconf 92' lang='lat' dir='ltr'><strong>id</strong></span> <span class='ocrx_word' id='word_1_334' title='bbox 1495 4345 1562 4384; x_wconf 87' lang='lat' dir='ltr'><strong>ex</strong></span> <span class='ocrx_word' id='word_1_335' title='bbox 1587 4331 1913 4402; x_wconf 84' lang='lat' dir='ltr'><strong>Augustino</strong></span> <span class='ocrx_word' id='word_1_336' title='bbox 1935 4334 2154 4404; x_wconf 90' lang='lat' dir='ltr'><strong>passim</strong></span> 
     </span>
    </p>
   </div>
   <div class='ocr_carea' id='block_1_49' title="bbox 511 4415 2155 4494">
    <p class='ocr_par' dir='ltr' id='par_1_49' title="bbox 511 4415 2155 4494">
     <span class='ocr_line' id='line_1_49' title="bbox 511 4415 2155 4494; baseline 0.002 -18"><span class='ocrx_word' id='word_1_337' title='bbox 511 4419 861 4477; x_wconf 89' lang='lat' dir='ltr'><strong>Theodorito</strong></span> <span class='ocrx_word' id='word_1_338' title='bbox 895 4419 953 4474; x_wconf 91' lang='lat' dir='ltr'><strong>in</strong></span> <span class='ocrx_word' id='word_1_339' title='bbox 981 4416 1218 4490; x_wconf 83' lang='lat' dir='ltr'><strong>Dialogo</strong></span> <span class='ocrx_word' id='word_1_340' title='bbox 1247 4415 1548 4487; x_wconf 76' lang='lat' dir='ltr'><strong>Eranistce,</strong></span> <span class='ocrx_word' id='word_1_341' title='bbox 1582 4422 1640 4472; x_wconf 89' lang='lat' dir='ltr'><strong>et</strong></span> <span class='ocrx_word' id='word_1_342' title='bbox 1669 4417 1817 4474; x_wconf 88' lang='lat' dir='ltr'><strong>aliis.</strong></span> <span class='ocrx_word' id='word_1_343' title='bbox 1852 4421 1997 4477; x_wconf 84' lang='lat' dir='ltr'><strong>Hinc</strong></span> <span class='ocrx_word' id='word_1_344' title='bbox 2019 4438 2155 4494; x_wconf 86' lang='lat' dir='ltr'><strong>ergo</strong></span> 
     </span>
    </p>
   </div>
   <div class='ocr_carea' id='block_1_50' title="bbox 2320 519 3861 593">
    <p class='ocr_par' dir='ltr' id='par_1_50' title="bbox 2320 519 3861 593">
     <span class='ocr_line' id='line_1_50' title="bbox 2320 519 3861 593; baseline 0.001 -15"><span class='ocrx_word' id='word_1_345' title='bbox 2320 528 2513 593; x_wconf 79' lang='grc' dir='ltr'>ἀζύμην</span> <span class='ocrx_word' id='word_1_346' title='bbox 2544 530 2702 593; x_wconf 77' lang='grc' dir='ltr'>ζύμην</span> <span class='ocrx_word' id='word_1_347' title='bbox 2735 542 2763 571; x_wconf 87' lang='grc'><strong>‹‹</strong></span> <span class='ocrx_word' id='word_1_348' title='bbox 2797 536 3065 592; x_wconf 88' lang='lat' dir='ltr'><strong>azymum</strong></span> <span class='ocrx_word' id='word_1_349' title='bbox 3111 519 3468 587; x_wconf 87' lang='lat' dir='ltr'><strong>fermentum,</strong></span> <span class='ocrx_word' id='word_1_350' title='bbox 3524 544 3543 572; x_wconf 76' lang='grc' dir='ltr'><strong><em>ι</em></strong></span> <span class='ocrx_word' id='word_1_351' title='bbox 3599 520 3694 577; x_wconf 90' lang='lat' dir='ltr'><strong>nisi</strong></span> <span class='ocrx_word' id='word_1_352' title='bbox 3719 520 3765 577; x_wconf 90' lang='lat' dir='ltr'><strong>id</strong></span> <span class='ocrx_word' id='word_1_353' title='bbox 3788 540 3861 579; x_wconf 84' lang='lat' dir='ltr'><strong>ex-</strong></span> 
     </span>
    </p>
   </div>
   <div class='ocr_carea' id='block_1_51' title="bbox 2318 606 3688 683">
    <p class='ocr_par' dir='ltr' id='par_1_51' title="bbox 2318 606 3688 683">
     <span class='ocr_line' id='line_1_51' title="bbox 2318 606 3688 683; baseline 0 -19"><span class='ocrx_word' id='word_1_354' title='bbox 2318 611 2619 683; x_wconf 91' lang='lat' dir='ltr'><strong>probando</strong></span> <span class='ocrx_word' id='word_1_355' title='bbox 2651 615 2706 666; x_wconf 92' lang='lat' dir='ltr'><strong>et</strong></span> <span class='ocrx_word' id='word_1_356' title='bbox 2731 607 3147 665; x_wconf 90' lang='lat' dir='ltr'><strong>subsannando</strong></span> <span class='ocrx_word' id='word_1_357' title='bbox 3176 606 3386 663; x_wconf 82' lang='lat' dir='ltr'><strong>dixisse</strong></span> <span class='ocrx_word' id='word_1_358' title='bbox 3414 608 3688 664; x_wconf 85' lang='lat' dir='ltr'><strong>videretur.</strong></span> 
     </span>
    </p>
   </div>
   <div class='ocr_carea' id='block_1_52' title="bbox 2386 725 3861 798">
    <p class='ocr_par' dir='ltr' id='par_1_52' title="bbox 2386 725 3861 798">
     <span class='ocr_line' id='line_1_52' title="bbox 2386 725 3861 798; baseline 0.002 -16"><span class='ocrx_word' id='word_1_359' title='bbox 2386 732 2624 782; x_wconf 82' lang='lat' dir='ltr'><strong>Sextum</strong></span> <span class='ocrx_word' id='word_1_360' title='bbox 2657 743 2760 798; x_wconf 90' lang='lat' dir='ltr'><strong>pro</strong></span> <span class='ocrx_word' id='word_1_361' title='bbox 2776 726 3056 780; x_wconf 88' lang='lat' dir='ltr'><strong>fermento</strong></span> <span class='ocrx_word' id='word_1_362' title='bbox 3071 727 3426 780; x_wconf 89' lang='lat' dir='ltr'><strong>momentum</strong></span> <span class='ocrx_word' id='word_1_363' title='bbox 3440 725 3726 781; x_wconf 86' lang='lat' dir='ltr'><strong>desumitur</strong></span> <span class='ocrx_word' id='word_1_364' title='bbox 3739 744 3792 784; x_wconf 84' lang='lat' dir='ltr'><strong>ex</strong></span> <span class='ocrx_word' id='word_1_365' title='bbox 3809 730 3861 785; x_wconf 85' lang='lat' dir='ltr'><strong>si-</strong></span> 
     </span>
    </p>
   </div>
   <div class='ocr_carea' id='block_1_53' title="bbox 2316 813 3858 885">
    <p class='ocr_par' dir='ltr' id='par_1_53' title="bbox 2316 813 3858 885">
     <span class='ocr_line' id='line_1_53' title="bbox 2316 813 3858 885; baseline 0.002 -17"><span class='ocrx_word' id='word_1_366' title='bbox 2316 814 2493 870; x_wconf 89' lang='lat' dir='ltr'><strong>lentio</strong></span> <span class='ocrx_word' id='word_1_367' title='bbox 2519 814 2834 885; x_wconf 89' lang='lat' dir='ltr'><strong>Pbotii,qui</strong></span> <span class='ocrx_word' id='word_1_368' title='bbox 2867 829 3000 868; x_wconf 86' lang='lat' dir='ltr'><strong>cum</strong></span> <span class='ocrx_word' id='word_1_369' title='bbox 3033 813 3377 868; x_wconf 86' lang='lat' dir='ltr'><strong>criminandi</strong></span> <span class='ocrx_word' id='word_1_370' title='bbox 3409 813 3620 870; x_wconf 88' lang='lat' dir='ltr'><strong>Latinos</strong></span> <span class='ocrx_word' id='word_1_371' title='bbox 3649 815 3695 869; x_wconf 92' lang='lat' dir='ltr'><strong>in</strong></span> <span class='ocrx_word' id='word_1_372' title='bbox 3721 818 3858 871; x_wconf 87' lang='lat' dir='ltr'><strong>omni-</strong></span> 
     </span>
    </p>
   </div>
   <div class='ocr_carea' id='block_1_54' title="bbox 2312 901 3858 975">
    <p class='ocr_par' dir='ltr' id='par_1_54' title="bbox 2312 901 3858 975">
     <span class='ocr_line' id='line_1_54' title="bbox 2312 901 3858 975; baseline 0 -17"><span class='ocrx_word' id='word_1_373' title='bbox 2312 903 2423 958; x_wconf 91' lang='lat' dir='ltr'><strong>bus</strong></span> <span class='ocrx_word' id='word_1_374' title='bbox 2459 904 2515 958; x_wconf 92' lang='lat' dir='ltr'><strong>in</strong></span> <span class='ocrx_word' id='word_1_375' title='bbox 2548 903 2764 975; x_wconf 90' lang='lat' dir='ltr'><strong>quibus</strong></span> <span class='ocrx_word' id='word_1_376' title='bbox 2795 920 2829 957; x_wconf 90' lang='lat' dir='ltr'><strong>a</strong></span> <span class='ocrx_word' id='word_1_377' title='bbox 2858 903 3189 957; x_wconf 62' lang='lat' dir='ltr'><strong>Graecorum</strong></span> <span class='ocrx_word' id='word_1_378' title='bbox 3223 901 3476 957; x_wconf 88' lang='lat' dir='ltr'><strong>moribus</strong></span> <span class='ocrx_word' id='word_1_379' title='bbox 3505 919 3565 958; x_wconf 88' lang='lat' dir='ltr'><strong>ac</strong></span> <span class='ocrx_word' id='word_1_380' title='bbox 3587 904 3760 958; x_wconf 88' lang='lat' dir='ltr'><strong>ritibus</strong></span> <span class='ocrx_word' id='word_1_381' title='bbox 3775 904 3858 959; x_wconf 87' lang='lat' dir='ltr'><strong>dis-</strong></span> 
     </span>
    </p>
   </div>
   <div class='ocr_carea' id='block_1_55' title="bbox 2311 989 3858 1064">
    <p class='ocr_par' dir='ltr' id='par_1_55' title="bbox 2311 989 3858 1064">
     <span class='ocr_line' id='line_1_55' title="bbox 2311 989 3858 1064; baseline 0.001 -18"><span class='ocrx_word' id='word_1_382' title='bbox 2311 989 2646 1063; x_wconf 74' lang='lat' dir='ltr'><strong>crepabunt,</strong></span> <span class='ocrx_word' id='word_1_383' title='bbox 2680 991 3014 1046; x_wconf 88' lang='lat' dir='ltr'><strong>ocoasiones</strong></span> <span class='ocrx_word' id='word_1_384' title='bbox 3045 996 3374 1062; x_wconf 86' lang='lat' dir='ltr'><strong>corrogaret</strong></span> <span class='ocrx_word' id='word_1_385' title='bbox 3401 1007 3858 1064; x_wconf 86' lang='lat' dir='ltr'><strong>omnes,nunquam</strong></span> 
     </span>
    </p>
   </div>
   <div class='ocr_carea' id='block_1_56' title="bbox 2308 1078 3856 1153">
    <p class='ocr_par' dir='ltr' id='par_1_56' title="bbox 2308 1078 3856 1153">
     <span class='ocr_line' id='line_1_56' title="bbox 2308 1078 3856 1153; baseline 0 -17"><span class='ocrx_word' id='word_1_386' title='bbox 2308 1084 2506 1136; x_wconf 87' lang='lat' dir='ltr'><strong>tamen</strong></span> <span class='ocrx_word' id='word_1_387' title='bbox 2530 1097 2865 1153; x_wconf 82' lang='lat' dir='ltr'><strong>azymorum</strong></span> <span class='ocrx_word' id='word_1_388' title='bbox 2889 1095 3060 1134; x_wconf 89' lang='lat' dir='ltr'><strong>usum</strong></span> <span class='ocrx_word' id='word_1_389' title='bbox 3094 1078 3335 1150; x_wconf 83' lang='lat' dir='ltr'><strong>objecit;</strong></span> <span class='ocrx_word' id='word_1_390' title='bbox 3364 1095 3532 1151; x_wconf 89' lang='lat' dir='ltr'><strong>quam</strong></span> <span class='ocrx_word' id='word_1_391' title='bbox 3551 1080 3856 1151; x_wconf 89' lang='lat' dir='ltr'><strong>objectionem</strong></span> 
     </span>
    </p>
   </div>
   <div class='ocr_carea' id='block_1_57' title="bbox 2309 1169 3856 1242">
    <p class='ocr_par' dir='ltr' id='par_1_57' title="bbox 2309 1169 3856 1242">
     <span class='ocr_line' id='line_1_57' title="bbox 2309 1169 3856 1242; baseline 0.001 -17"><span class='ocrx_word' id='word_1_392' title='bbox 2309 1170 2358 1225; x_wconf 93' lang='lat' dir='ltr'><strong>si</strong></span> <span class='ocrx_word' id='word_1_393' title='bbox 2394 1188 2534 1226; x_wconf 91' lang='lat' dir='ltr'><strong>usus</strong></span> <span class='ocrx_word' id='word_1_394' title='bbox 2579 1169 2675 1225; x_wconf 90' lang='lat' dir='ltr'><strong>ille</strong></span> <span class='ocrx_word' id='word_1_395' title='bbox 2723 1174 2850 1225; x_wconf 90' lang='lat' dir='ltr'><strong>tum</strong></span> <span class='ocrx_word' id='word_1_396' title='bbox 2897 1169 3202 1242; x_wconf 85' lang='lat' dir='ltr'><strong>viguisset,</strong></span> <span class='ocrx_word' id='word_1_397' title='bbox 3255 1185 3368 1224; x_wconf 88' lang='lat' dir='ltr'><strong>non</strong></span> <span class='ocrx_word' id='word_1_398' title='bbox 3411 1169 3621 1224; x_wconf 90' lang='lat' dir='ltr'><strong>videtur</strong></span> <span class='ocrx_word' id='word_1_399' title='bbox 3663 1171 3856 1227; x_wconf 87' lang='lat' dir='ltr'><strong>omissu-</strong></span> 
     </span>
    </p>
   </div>
   <div class='ocr_carea' id='block_1_58' title="bbox 2306 1255 3858 1314">
    <p class='ocr_par' dir='ltr' id='par_1_58' title="bbox 2306 1255 3858 1314">
     <span class='ocr_line' id='line_1_58' title="bbox 2306 1255 3858 1314; baseline 0.001 -2"><span class='ocrx_word' id='word_1_400' title='bbox 2306 1277 2408 1314; x_wconf 92' lang='lat' dir='ltr'><strong>rus</strong></span> <span class='ocrx_word' id='word_1_401' title='bbox 2436 1259 2633 1314; x_wconf 90' lang='lat' dir='ltr'><strong>fuisse.</strong></span> <span class='ocrx_word' id='word_1_402' title='bbox 2668 1259 2735 1314; x_wconf 88' lang='lat' dir='ltr'><strong>Et</strong></span> <span class='ocrx_word' id='word_1_403' title='bbox 2765 1262 2918 1313; x_wconf 89' lang='lat' dir='ltr'><strong>certe</strong></span> <span class='ocrx_word' id='word_1_404' title='bbox 2948 1274 3075 1313; x_wconf 90' lang='lat' dir='ltr'><strong>eam</strong></span> <span class='ocrx_word' id='word_1_405' title='bbox 3112 1274 3224 1312; x_wconf 87' lang='lat' dir='ltr'><strong>non</strong></span> <span class='ocrx_word' id='word_1_406' title='bbox 3258 1255 3519 1312; x_wconf 89' lang='lat' dir='ltr'><strong>omisisse</strong></span> <span class='ocrx_word' id='word_1_407' title='bbox 3563 1257 3752 1313; x_wconf 73' lang='lat' dir='ltr'><strong>Graecos</strong></span> <span class='ocrx_word' id='word_1_408' title='bbox 3789 1277 3858 1314; x_wconf 82' lang='lat' dir='ltr'><strong>re-</strong></span> 
     </span>
    </p>
   </div>
   <div class='ocr_carea' id='block_1_59' title="bbox 2304 1347 3853 1420">
    <p class='ocr_par' dir='ltr' id='par_1_59' title="bbox 2304 1347 3853 1420">
     <span class='ocr_line' id='line_1_59' title="bbox 2304 1347 3853 1420; baseline 0 -17"><span class='ocrx_word' id='word_1_409' title='bbox 2304 1348 2587 1404; x_wconf 90' lang='lat' dir='ltr'><strong>centiores</strong></span> <span class='ocrx_word' id='word_1_410' title='bbox 2619 1348 2717 1420; x_wconf 92' lang='lat' dir='ltr'><strong>qui</strong></span> <span class='ocrx_word' id='word_1_411' title='bbox 2750 1347 3087 1420; x_wconf 82' lang='lat' dir='ltr'><strong>pontificatu</strong></span> <span class='ocrx_word' id='word_1_412' title='bbox 3124 1347 3328 1402; x_wconf 88' lang='lat' dir='ltr'><strong>Leonis</strong></span> <span class='ocrx_word' id='word_1_413' title='bbox 3376 1363 3526 1417; x_wconf 61' lang='lat' dir='ltr'><strong>papa</strong></span> <span class='ocrx_word' id='word_1_414' title='bbox 3569 1347 3686 1402; x_wconf 92' lang='lat' dir='ltr'><strong>noni</strong></span> <span class='ocrx_word' id='word_1_415' title='bbox 3727 1348 3853 1403; x_wconf 82' lang='lat' dir='ltr'><strong>dissi-</strong></span> 
     </span>
    </p>
   </div>
   <div class='ocr_carea' id='block_1_60' title="bbox 2313 1434 3854 1507">
    <p class='ocr_par' dir='ltr' id='par_1_60' title="bbox 2313 1434 3854 1507">
     <span class='ocr_line' id='line_1_60' title="bbox 2313 1434 3854 1507; baseline -0.001 -16"><span class='ocrx_word' id='word_1_416' title='bbox 2313 1437 2473 1492; x_wconf 91' lang='lat' dir='ltr'><strong>dium</strong></span> <span class='ocrx_word' id='word_1_417' title='bbox 2506 1437 2836 1492; x_wconf 81' lang='lat' dir='ltr'><strong>conflarunt</strong></span> <span class='ocrx_word' id='word_1_418' title='bbox 2859 1452 2990 1491; x_wconf 90' lang='lat' dir='ltr'><strong>cum</strong></span> <span class='ocrx_word' id='word_1_419' title='bbox 3033 1434 3286 1490; x_wconf 88' lang='lat' dir='ltr'><strong>Ecclesia</strong></span> <span class='ocrx_word' id='word_1_420' title='bbox 3334 1435 3595 1490; x_wconf 81' lang='lat' dir='ltr'><strong>Romana.</strong></span> <span class='ocrx_word' id='word_1_421' title='bbox 3642 1435 3692 1490; x_wconf 94' lang='lat' dir='ltr'><strong>Id</strong></span> <span class='ocrx_word' id='word_1_422' title='bbox 3731 1452 3854 1507; x_wconf 84' lang='lat' dir='ltr'><strong>argu-</strong></span> 
     </span>
    </p>
   </div>
   <div class='ocr_carea' id='block_1_61' title="bbox 2302 1522 3856 1598">
    <p class='ocr_par' dir='ltr' id='par_1_61' title="bbox 2302 1522 3856 1598">
     <span class='ocr_line' id='line_1_61' title="bbox 2302 1522 3856 1598; baseline -0.001 -17"><span class='ocrx_word' id='word_1_423' title='bbox 2302 1531 2499 1582; x_wconf 89' lang='lat' dir='ltr'><strong>mento</strong></span> <span class='ocrx_word' id='word_1_424' title='bbox 2529 1542 2658 1582; x_wconf 90' lang='lat' dir='ltr'><strong>esse</strong></span> <span class='ocrx_word' id='word_1_425' title='bbox 2691 1541 3026 1598; x_wconf 83' lang='lat' dir='ltr'><strong>azymorum</strong></span> <span class='ocrx_word' id='word_1_426' title='bbox 3057 1541 3230 1580; x_wconf 92' lang='lat' dir='ltr'><strong>usum</strong></span> <span class='ocrx_word' id='word_1_427' title='bbox 3266 1524 3452 1579; x_wconf 91' lang='lat' dir='ltr'><strong>medio</strong></span> <span class='ocrx_word' id='word_1_428' title='bbox 3482 1522 3732 1594; x_wconf 91' lang='lat' dir='ltr'><strong>illo,quod</strong></span> <span class='ocrx_word' id='word_1_429' title='bbox 3749 1523 3856 1580; x_wconf 86' lang='lat' dir='ltr'><strong>inter</strong></span> 
     </span>
    </p>
   </div>
   <div class='ocr_carea' id='block_1_62' title="bbox 2299 1611 3854 1687">
    <p class='ocr_par' dir='ltr' id='par_1_62' title="bbox 2299 1611 3854 1687">
     <span class='ocr_line' id='line_1_62' title="bbox 2299 1611 3854 1687; baseline -0.001 -18"><span class='ocrx_word' id='word_1_430' title='bbox 2299 1619 2618 1687; x_wconf 91' lang='lat' dir='ltr'><strong>utrumque</strong></span> <span class='ocrx_word' id='word_1_431' title='bbox 2649 1614 2907 1670; x_wconf 86' lang='lat' dir='ltr'><strong>schisma</strong></span> <span class='ocrx_word' id='word_1_432' title='bbox 2939 1612 3160 1677; x_wconf 85' lang='lat' dir='ltr'><strong>eﬂuxit,</strong></span> <span class='ocrx_word' id='word_1_433' title='bbox 3194 1611 3494 1668; x_wconf 85' lang='lat' dir='ltr'><strong>intervallo</strong></span> <span class='ocrx_word' id='word_1_434' title='bbox 3519 1612 3658 1686; x_wconf 87' lang='lat' dir='ltr'><strong>apud</strong></span> <span class='ocrx_word' id='word_1_435' title='bbox 3685 1613 3854 1668; x_wconf 87' lang='lat' dir='ltr'><strong>Latinos</strong></span> 
     </span>
    </p>
   </div>
   <div class='ocr_carea' id='block_1_63' title="bbox 2299 1703 2628 1776">
    <p class='ocr_par' dir='ltr' id='par_1_63' title="bbox 2299 1703 2628 1776">
     <span class='ocr_line' id='line_1_63' title="bbox 2299 1703 2628 1776; baseline 0.006 -18"><span class='ocrx_word' id='word_1_436' title='bbox 2299 1703 2628 1776; x_wconf 78' lang='lat' dir='ltr'><strong>incoepisse.</strong></span> 
     </span>
    </p>
   </div>
   <div class='ocr_carea' id='block_1_64' title="bbox 2219 1809 3850 1891">
    <p class='ocr_par' dir='ltr' id='par_1_64' title="bbox 2219 1809 3850 1891">
     <span class='ocr_line' id='line_1_64' title="bbox 2219 1809 3850 1891; baseline -0.003 -16"><span class='ocrx_word' id='word_1_437' title='bbox 2219 1809 2266 1875; x_wconf 91' lang='grc' dir='ltr'>Β</span> <span class='ocrx_word' id='word_1_438' title='bbox 2366 1819 2452 1874; x_wconf 76' lang='lat' dir='ltr'><strong>Ad</strong></span> <span class='ocrx_word' id='word_1_439' title='bbox 2485 1819 2606 1874; x_wconf 80' lang='lat' dir='ltr'><strong>haec</strong></span> <span class='ocrx_word' id='word_1_440' title='bbox 2637 1819 2961 1891; x_wconf 90' lang='lat' dir='ltr'><strong>respondeo</strong></span> <span class='ocrx_word' id='word_1_441' title='bbox 3013 1817 3289 1872; x_wconf 90' lang='lat' dir='ltr'><strong>Photium</strong></span> <span class='ocrx_word' id='word_1_442' title='bbox 3347 1816 3556 1872; x_wconf 89' lang='lat' dir='ltr'><strong>Latinis</strong></span> <span class='ocrx_word' id='word_1_443' title='bbox 3600 1833 3696 1871; x_wconf 91' lang='lat' dir='ltr'><strong>non</strong></span> <span class='ocrx_word' id='word_1_444' title='bbox 3740 1817 3850 1884; x_wconf 78' lang='lat' dir='ltr'><strong>obje~</strong></span> 
     </span>
    </p>
   </div>
   <div class='ocr_carea' id='block_1_65' title="bbox 2295 1905 3849 1980">
    <p class='ocr_par' dir='ltr' id='par_1_65' title="bbox 2295 1905 3849 1980">
     <span class='ocr_line' id='line_1_65' title="bbox 2295 1905 3849 1980; baseline -0.003 -17"><span class='ocrx_word' id='word_1_445' title='bbox 2295 1907 2446 1964; x_wconf 89' lang='lat' dir='ltr'><strong>cisse</strong></span> <span class='ocrx_word' id='word_1_446' title='bbox 2477 1924 2810 1980; x_wconf 87' lang='lat' dir='ltr'><strong>azymorum</strong></span> <span class='ocrx_word' id='word_1_447' title='bbox 2844 1910 3358 1979; x_wconf 88' lang='lat' dir='ltr'><strong>usum,propterea</strong></span> <span class='ocrx_word' id='word_1_448' title='bbox 3387 1905 3535 1978; x_wconf 91' lang='lat' dir='ltr'><strong>quod</strong></span> <span class='ocrx_word' id='word_1_449' title='bbox 3555 1920 3672 1960; x_wconf 85' lang='lat' dir='ltr'><strong>eum</strong></span> <span class='ocrx_word' id='word_1_450' title='bbox 3690 1919 3849 1959; x_wconf 88' lang='lat' dir='ltr'><strong>morem</strong></span> 
     </span>
    </p>
   </div>
   <div class='ocr_carea' id='block_1_66' title="bbox 2294 1993 3848 2068">
    <p class='ocr_par' dir='ltr' id='par_1_66' title="bbox 2294 1993 3848 2068">
     <span class='ocr_line' id='line_1_66' title="bbox 2294 1993 3848 2068; baseline -0.003 -16"><span class='ocrx_word' id='word_1_451' title='bbox 2294 2013 2360 2052; x_wconf 88' lang='lat' dir='ltr'><strong>ex</strong></span> <span class='ocrx_word' id='word_1_452' title='bbox 2381 1997 2597 2053; x_wconf 87' lang='lat' dir='ltr'><strong>Christi</strong></span> <span class='ocrx_word' id='word_1_453' title='bbox 2618 1995 2880 2068; x_wconf 86' lang='lat' dir='ltr'><strong>exemplo</strong></span> <span class='ocrx_word' id='word_1_454' title='bbox 2898 1996 3223 2068; x_wconf 81' lang='lat' dir='ltr'><strong>profectum</strong></span> <span class='ocrx_word' id='word_1_455' title='bbox 3245 2012 3378 2050; x_wconf 82' lang='lat' dir='ltr'><strong>esse</strong></span> <span class='ocrx_word' id='word_1_456' title='bbox 3396 1995 3650 2050; x_wconf 83' lang='lat' dir='ltr'><strong>docuerat</strong></span> <span class='ocrx_word' id='word_1_457' title='bbox 3665 1993 3848 2049; x_wconf 82' lang='lat' dir='ltr'><strong>Joannes</strong></span> 
     </span>
    </p>
   </div>
   <div class='ocr_carea' id='block_1_67' title="bbox 2292 2083 3851 2158">
    <p class='ocr_par' dir='ltr' id='par_1_67' title="bbox 2292 2083 3851 2158">
     <span class='ocr_line' id='line_1_67' title="bbox 2292 2083 3851 2158; baseline -0.003 -17"><span class='ocrx_word' id='word_1_458' title='bbox 2292 2086 3233 2158; x_wconf 86' lang='lat' dir='ltr'><strong>Chrysostomus,persuasumque</strong></span> <span class='ocrx_word' id='word_1_459' title='bbox 3265 2083 3518 2139; x_wconf 86' lang='lat' dir='ltr'><strong>habebat</strong></span> <span class='ocrx_word' id='word_1_460' title='bbox 3547 2099 3640 2138; x_wconf 91' lang='lat' dir='ltr'><strong>suo</strong></span> <span class='ocrx_word' id='word_1_461' title='bbox 3659 2087 3851 2152; x_wconf 85' lang='lat' dir='ltr'><strong>tempore</strong></span> 
     </span>
    </p>
   </div>
   <div class='ocr_carea' id='block_1_68' title="bbox 2293 2169 3848 2245">
    <p class='ocr_par' dir='ltr' id='par_1_68' title="bbox 2293 2169 3848 2245">
     <span class='ocr_line' id='line_1_68' title="bbox 2293 2169 3848 2245; baseline -0.005 -16"><span class='ocrx_word' id='word_1_462' title='bbox 2293 2174 2733 2231; x_wconf 86' lang='lat' dir='ltr'><strong>Ecclesiaetiam</strong></span> <span class='ocrx_word' id='word_1_463' title='bbox 2757 2172 3068 2239; x_wconf 79' lang='lat' dir='ltr'><strong>Graeca,uti</strong></span> <span class='ocrx_word' id='word_1_464' title='bbox 3090 2173 3214 2245; x_wconf 90' lang='lat' dir='ltr'><strong>ipse</strong></span> <span class='ocrx_word' id='word_1_465' title='bbox 3247 2173 3466 2228; x_wconf 81' lang='lat' dir='ltr'><strong>fatetur</strong></span> <span class='ocrx_word' id='word_1_466' title='bbox 3491 2172 3547 2227; x_wconf 91' lang='lat' dir='ltr'><strong>in</strong></span> <span class='ocrx_word' id='word_1_467' title='bbox 3568 2169 3848 2226; x_wconf 66' lang='lat' dir='ltr'><strong>Bibliotheca</strong></span> 
     </span>
    </p>
   </div>
   <div class='ocr_carea' id='block_1_69' title="bbox 2292 2261 3848 2334">
    <p class='ocr_par' dir='ltr' id='par_1_69' title="bbox 2292 2261 3848 2334">
     <span class='ocr_line' id='line_1_69' title="bbox 2292 2261 3848 2334; baseline -0.004 -16"><span class='ocrx_word' id='word_1_468' title='bbox 2292 2279 2417 2334; x_wconf 89' lang='lat' dir='ltr'><strong>cap.</strong></span> <span class='ocrx_word' id='word_1_469' title='bbox 2455 2264 2574 2330; x_wconf 81' lang='lat' dir='ltr'><strong>H6,</strong></span> <span class='ocrx_word' id='word_1_470' title='bbox 2609 2268 2674 2318; x_wconf 92' lang='lat' dir='ltr'><strong>ut</strong></span> <span class='ocrx_word' id='word_1_471' title='bbox 2703 2263 2974 2334; x_wconf 84' lang='lat' dir='ltr'><strong>superius</strong></span> <span class='ocrx_word' id='word_1_472' title='bbox 3001 2261 3195 2318; x_wconf 90' lang='lat' dir='ltr'><strong>retuli.</strong></span> <span class='ocrx_word' id='word_1_473' title='bbox 3229 2262 3452 2318; x_wconf 88' lang='lat' dir='ltr'><strong>Deinde</strong></span> <span class='ocrx_word' id='word_1_474' title='bbox 3479 2261 3652 2333; x_wconf 88' lang='lat' dir='ltr'><strong>ipsum</strong></span> <span class='ocrx_word' id='word_1_475' title='bbox 3677 2274 3764 2314; x_wconf 89' lang='lat' dir='ltr'><strong>non</strong></span> <span class='ocrx_word' id='word_1_476' title='bbox 3781 2274 3848 2313; x_wconf 76' lang='lat' dir='ltr'><strong>ex-</strong></span> 
     </span>
    </p>
   </div>
   <div class='ocr_carea' id='block_1_70' title="bbox 2293 2347 3850 2424">
    <p class='ocr_par' dir='ltr' id='par_1_70' title="bbox 2293 2347 3850 2424">
     <span class='ocr_line' id='line_1_70' title="bbox 2293 2347 3850 2424; baseline -0.004 -18"><span class='ocrx_word' id='word_1_477' title='bbox 2293 2353 2606 2422; x_wconf 90' lang='lat' dir='ltr'><strong>probrasse</strong></span> <span class='ocrx_word' id='word_1_478' title='bbox 2661 2351 2883 2408; x_wconf 89' lang='lat' dir='ltr'><strong>Latinis</strong></span> <span class='ocrx_word' id='word_1_479' title='bbox 2914 2353 3070 2424; x_wconf 91' lang='lat' dir='ltr'><strong>quod</strong></span> <span class='ocrx_word' id='word_1_480' title='bbox 3111 2350 3357 2406; x_wconf 86' lang='lat' dir='ltr'><strong>alleluia</strong></span> <span class='ocrx_word' id='word_1_481' title='bbox 3401 2368 3510 2406; x_wconf 93' lang='lat' dir='ltr'><strong>non</strong></span> <span class='ocrx_word' id='word_1_482' title='bbox 3556 2353 3779 2406; x_wconf 88' lang='lat' dir='ltr'><strong>canerent</strong></span> <span class='ocrx_word' id='word_1_483' title='bbox 3813 2347 3850 2400; x_wconf 89' lang='lat' dir='ltr'><strong>in</strong></span> 
     </span>
    </p>
   </div>
   <div class='ocr_carea' id='block_1_71' title="bbox 2291 2433 3850 2512">
    <p class='ocr_par' dir='ltr' id='par_1_71' title="bbox 2291 2433 3850 2512">
     <span class='ocr_line' id='line_1_71' title="bbox 2291 2433 3850 2512; baseline -0.004 -18"><span class='ocrx_word' id='word_1_484' title='bbox 2291 2440 2769 2512; x_wconf 88' lang='lat' dir='ltr'><strong>Quadragesima,</strong></span> <span class='ocrx_word' id='word_1_485' title='bbox 2803 2457 2906 2496; x_wconf 90' lang='lat' dir='ltr'><strong>nec</strong></span> <span class='ocrx_word' id='word_1_486' title='bbox 2941 2439 3243 2496; x_wconf 85' lang='lat' dir='ltr'><strong>monachis</strong></span> <span class='ocrx_word' id='word_1_487' title='bbox 3274 2437 3717 2496; x_wconf 88' lang='lat' dir='ltr'><strong>Occidentalibus</strong></span> <span class='ocrx_word' id='word_1_488' title='bbox 3755 2433 3850 2490; x_wconf 82' lang='lat' dir='ltr'><strong>vitio</strong></span> 
     </span>
    </p>
   </div>
   <div class='ocr_carea' id='block_1_72' title="bbox 2288 2529 3851 2598">
    <p class='ocr_par' dir='ltr' id='par_1_72' title="bbox 2288 2529 3851 2598">
     <span class='ocr_line' id='line_1_72' title="bbox 2288 2529 3851 2598; baseline -0.003 -15"><span class='ocrx_word' id='word_1_489' title='bbox 2288 2529 2533 2584; x_wconf 89' lang='lat' dir='ltr'><strong>vertisse</strong></span> <span class='ocrx_word' id='word_1_490' title='bbox 2563 2529 2715 2598; x_wconf 93' lang='lat' dir='ltr'><strong>quod</strong></span> <span class='ocrx_word' id='word_1_491' title='bbox 2749 2529 2966 2584; x_wconf 91' lang='lat' dir='ltr'><strong>inﬁrmi</strong></span> <span class='ocrx_word' id='word_1_492' title='bbox 2999 2529 3274 2584; x_wconf 87' lang='lat' dir='ltr'><strong>carnibus</strong></span> <span class='ocrx_word' id='word_1_493' title='bbox 3319 2531 3664 2584; x_wconf 86' lang='lat' dir='ltr'><strong>vescerentur</strong></span> <span class='ocrx_word' id='word_1_494' title='bbox 3686 2542 3741 2581; x_wconf 78' lang='lat' dir='ltr'><strong>ex</strong></span> <span class='ocrx_word' id='word_1_495' title='bbox 3761 2540 3851 2579; x_wconf 86' lang='lat' dir='ltr'><strong>con-</strong></span> 
     </span>
    </p>
   </div>
   <div class='ocr_carea' id='block_1_73' title="bbox 2288 2611 3848 2688">
    <p class='ocr_par' dir='ltr' id='par_1_73' title="bbox 2288 2611 3848 2688">
     <span class='ocr_line' id='line_1_73' title="bbox 2288 2611 3848 2688; baseline -0.005 -16"><span class='ocrx_word' id='word_1_496' title='bbox 2288 2632 2453 2672; x_wconf 90' lang='lat' dir='ltr'><strong>cessu</strong></span> <span class='ocrx_word' id='word_1_497' title='bbox 2487 2616 2698 2688; x_wconf 74' lang='lat' dir='ltr'><strong>regulae</strong></span> <span class='ocrx_word' id='word_1_498' title='bbox 2731 2617 2919 2672; x_wconf 91' lang='lat' dir='ltr'><strong>sancti</strong></span> <span class='ocrx_word' id='word_1_499' title='bbox 2950 2616 3268 2683; x_wconf 88' lang='lat' dir='ltr'><strong>Benedicti,</strong></span> <span class='ocrx_word' id='word_1_500' title='bbox 3305 2616 3481 2688; x_wconf 11' lang='lat' dir='ltr'><strong>Aquod</strong></span> <span class='ocrx_word' id='word_1_501' title='bbox 3528 2612 3778 2670; x_wconf 86' lang='lat' dir='ltr'><strong>femoralia</strong></span> <span class='ocrx_word' id='word_1_502' title='bbox 3810 2611 3848 2664; x_wconf 90' lang='lat' dir='ltr'><strong>in</strong></span> 
     </span>
    </p>
   </div>
   <div class='ocr_carea' id='block_1_74' title="bbox 2286 2699 3846 2778">
    <p class='ocr_par' dir='ltr' id='par_1_74' title="bbox 2286 2699 3846 2778">
     <span class='ocr_line' id='line_1_74' title="bbox 2286 2699 3846 2778; baseline -0.003 -19"><span class='ocrx_word' id='word_1_503' title='bbox 2286 2704 2492 2760; x_wconf 88' lang='lat' dir='ltr'><strong>itinere</strong></span> <span class='ocrx_word' id='word_1_504' title='bbox 2549 2705 2852 2760; x_wconf 88' lang='lat' dir='ltr'><strong>constituti</strong></span> <span class='ocrx_word' id='word_1_505' title='bbox 2899 2709 3212 2778; x_wconf 81' lang='lat' dir='ltr'><strong>gestarent.</strong></span> <span class='ocrx_word' id='word_1_506' title='bbox 3259 2705 3404 2770; x_wconf 60' lang='lat' dir='ltr'><strong>Quae</strong></span> <span class='ocrx_word' id='word_1_507' title='bbox 3454 2704 3634 2760; x_wconf 87' lang='lat' dir='ltr'><strong>omnia</strong></span> <span class='ocrx_word' id='word_1_508' title='bbox 3685 2699 3846 2758; x_wconf 83' lang='lat' dir='ltr'><strong>Latinis</strong></span> 
     </span>
    </p>
   </div>
   <div class='ocr_carea' id='block_1_75' title="bbox 2285 2791 3844 2864">
    <p class='ocr_par' dir='ltr' id='par_1_75' title="bbox 2285 2791 3844 2864">
     <span class='ocr_line' id='line_1_75' title="bbox 2285 2791 3844 2864; baseline -0.003 -17"><span class='ocrx_word' id='word_1_509' title='bbox 2285 2796 2546 2864; x_wconf 89' lang='lat' dir='ltr'><strong>tempore</strong></span> <span class='ocrx_word' id='word_1_510' title='bbox 2577 2793 2787 2850; x_wconf 91' lang='lat' dir='ltr'><strong>Leonis</strong></span> <span class='ocrx_word' id='word_1_511' title='bbox 2811 2795 2949 2850; x_wconf 90' lang='lat' dir='ltr'><strong>noni</strong></span> <span class='ocrx_word' id='word_1_512' title='bbox 2973 2795 3200 2864; x_wconf 86' lang='lat' dir='ltr'><strong>objecta</strong></span> <span class='ocrx_word' id='word_1_513' title='bbox 3219 2798 3370 2850; x_wconf 88' lang='lat' dir='ltr'><strong>sunt</strong></span> <span class='ocrx_word' id='word_1_514' title='bbox 3387 2791 3844 2860; x_wconf 66' lang='lat' dir='ltr'><strong>aGraacis.Dcnique</strong></span> 
     </span>
    </p>
   </div>
   <div class='ocr_carea' id='block_1_76' title="bbox 2287 2878 3844 2956">
    <p class='ocr_par' dir='ltr' id='par_1_76' title="bbox 2287 2878 3844 2956">
     <span class='ocr_line' id='line_1_76' title="bbox 2287 2878 3844 2956; baseline -0.003 -21"><span class='ocrx_word' id='word_1_515' title='bbox 2287 2879 2556 2936; x_wconf 87' lang='lat' dir='ltr'><strong>Photium</strong></span> <span class='ocrx_word' id='word_1_516' title='bbox 2589 2881 2776 2937; x_wconf 88' lang='lat' dir='ltr'><strong>multa</strong></span> <span class='ocrx_word' id='word_1_517' title='bbox 2806 2882 2862 2936; x_wconf 93' lang='lat' dir='ltr'><strong>id</strong></span> <span class='ocrx_word' id='word_1_518' title='bbox 2905 2898 3091 2956; x_wconf 86' lang='lat' dir='ltr'><strong>genus</strong></span> <span class='ocrx_word' id='word_1_519' title='bbox 3123 2881 3236 2938; x_wconf 89' lang='lat' dir='ltr'><strong>alia</strong></span> <span class='ocrx_word' id='word_1_520' title='bbox 3270 2882 3554 2949; x_wconf 89' lang='lat' dir='ltr'><strong>omisisse,</strong></span> <span class='ocrx_word' id='word_1_521' title='bbox 3598 2881 3648 2935; x_wconf 93' lang='lat' dir='ltr'><strong>in</strong></span> <span class='ocrx_word' id='word_1_522' title='bbox 3689 2878 3844 2950; x_wconf 80' lang='lat' dir='ltr'><strong>quibus</strong></span> 
     </span>
    </p>
   </div>
   <div class='ocr_carea' id='block_1_77' title="bbox 2283 2969 3844 3043">
    <p class='ocr_par' dir='ltr' id='par_1_77' title="bbox 2283 2969 3844 3043">
     <span class='ocr_line' id='line_1_77' title="bbox 2283 2969 3844 3043; baseline -0.004 -18"><span class='ocrx_word' id='word_1_523' title='bbox 2283 2974 2408 3026; x_wconf 89' lang='lat' dir='ltr'><strong>tum</strong></span> <span class='ocrx_word' id='word_1_524' title='bbox 2445 2970 2630 3026; x_wconf 89' lang='lat' dir='ltr'><strong>Latini</strong></span> <span class='ocrx_word' id='word_1_525' title='bbox 2653 2988 2686 3026; x_wconf 93' lang='lat' dir='ltr'><strong>a</strong></span> <span class='ocrx_word' id='word_1_526' title='bbox 2711 2971 2924 3028; x_wconf 68' lang='lat' dir='ltr'><strong>Graecis</strong></span> <span class='ocrx_word' id='word_1_527' title='bbox 2956 2972 3409 3043; x_wconf 88' lang='lat' dir='ltr'><strong>discrepabant;</strong></span> <span class='ocrx_word' id='word_1_528' title='bbox 3441 2969 3618 3043; x_wconf 91' lang='lat' dir='ltr'><strong>qualis</strong></span> <span class='ocrx_word' id='word_1_529' title='bbox 3637 2971 3738 3024; x_wconf 81' lang='lat' dir='ltr'><strong>erat</strong></span> <span class='ocrx_word' id='word_1_530' title='bbox 3760 2970 3844 3020; x_wconf 85' lang='lat' dir='ltr'><strong>ton-</strong></span> 
     </span>
    </p>
   </div>
   <div class='ocr_carea' id='block_1_78' title="bbox 2284 3055 3843 3132">
    <p class='ocr_par' dir='ltr' id='par_1_78' title="bbox 2284 3055 3843 3132">
     <span class='ocr_line' id='line_1_78' title="bbox 2284 3055 3843 3132; baseline -0.003 -17"><span class='ocrx_word' id='word_1_531' title='bbox 2284 3076 2423 3116; x_wconf 83' lang='lat' dir='ltr'><strong>sura</strong></span> <span class='ocrx_word' id='word_1_532' title='bbox 2454 3059 2662 3132; x_wconf 87' lang='lat' dir='ltr'><strong>capitis</strong></span> <span class='ocrx_word' id='word_1_533' title='bbox 2694 3061 2948 3131; x_wconf 89' lang='lat' dir='ltr'><strong>(tametsi</strong></span> <span class='ocrx_word' id='word_1_534' title='bbox 2979 3061 3049 3116; x_wconf 92' lang='lat' dir='ltr'><strong>de</strong></span> <span class='ocrx_word' id='word_1_535' title='bbox 3073 3061 3255 3116; x_wconf 90' lang='lat' dir='ltr'><strong>menti</strong></span> <span class='ocrx_word' id='word_1_536' title='bbox 3291 3061 3615 3118; x_wconf 88' lang='lat' dir='ltr'><strong>detonsione</strong></span> <span class='ocrx_word' id='word_1_537' title='bbox 3655 3055 3843 3127; x_wconf 80' lang='lat' dir='ltr'><strong>vitiliga-</strong></span> 
     </span>
    </p>
   </div>
   <div class='ocr_carea' id='block_1_79' title="bbox 2280 3144 3840 3222">
    <p class='ocr_par' dir='ltr' id='par_1_79' title="bbox 2280 3144 3840 3222">
     <span class='ocr_line' id='line_1_79' title="bbox 2280 3144 3840 3222; baseline -0.006 -18"><span class='ocrx_word' id='word_1_538' title='bbox 2280 3149 2606 3221; x_wconf 85' lang='lat' dir='ltr'><strong>vit),qua1is</strong></span> <span class='ocrx_word' id='word_1_539' title='bbox 2635 3155 2758 3205; x_wconf 91' lang='lat' dir='ltr'><strong>erat</strong></span> <span class='ocrx_word' id='word_1_540' title='bbox 2789 3166 3030 3204; x_wconf 89' lang='lat' dir='ltr'><strong>manum</strong></span> <span class='ocrx_word' id='word_1_541' title='bbox 3062 3150 3364 3222; x_wconf 83' lang='lat' dir='ltr'><strong>impositio</strong></span> <span class='ocrx_word' id='word_1_542' title='bbox 3396 3151 3453 3205; x_wconf 90' lang='lat' dir='ltr'><strong>in</strong></span> <span class='ocrx_word' id='word_1_543' title='bbox 3484 3144 3840 3206; x_wconf 78' lang='lat' dir='ltr'><strong>confirmatione</strong></span> 
     </span>
    </p>
   </div>
   <div class='ocr_carea' id='block_1_80' title="bbox 2282 3233 3839 3312">
    <p class='ocr_par' dir='ltr' id='par_1_80' title="bbox 2282 3233 3839 3312">
     <span class='ocr_line' id='line_1_80' title="bbox 2282 3233 3839 3312; baseline -0.004 -20"><span class='ocrx_word' id='word_1_544' title='bbox 2282 3237 2658 3293; x_wconf 90' lang='lat' dir='ltr'><strong>interdictum</strong></span> <span class='ocrx_word' id='word_1_545' title='bbox 2686 3237 3016 3310; x_wconf 89' lang='lat' dir='ltr'><strong>baptizandi</strong></span> <span class='ocrx_word' id='word_1_546' title='bbox 3049 3238 3107 3294; x_wconf 90' lang='lat' dir='ltr'><strong>in</strong></span> <span class='ocrx_word' id='word_1_547' title='bbox 3156 3239 3503 3312; x_wconf 87' lang='lat' dir='ltr'><strong>Epiphania,</strong></span> <span class='ocrx_word' id='word_1_548' title='bbox 3537 3241 3590 3294; x_wconf 88' lang='lat' dir='ltr'><strong>et</strong></span> <span class='ocrx_word' id='word_1_549' title='bbox 3615 3235 3710 3293; x_wconf 87' lang='lat' dir='ltr'><strong>alia</strong></span> <span class='ocrx_word' id='word_1_550' title='bbox 3731 3233 3839 3304; x_wconf 84' lang='lat' dir='ltr'><strong>ejus-</strong></span> 
     </span>
    </p>
   </div>
   <div class='ocr_carea' id='block_1_81' title="bbox 2280 3326 3838 3400">
    <p class='ocr_par' dir='ltr' id='par_1_81' title="bbox 2280 3326 3838 3400">
     <span class='ocr_line' id='line_1_81' title="bbox 2280 3326 3838 3400; baseline -0.006 -17"><span class='ocrx_word' id='word_1_551' title='bbox 2280 3327 2459 3392; x_wconf 88' lang='lat' dir='ltr'><strong>modi,</strong></span> <span class='ocrx_word' id='word_1_552' title='bbox 2494 3344 2620 3399; x_wconf 76' lang='lat' dir='ltr'><strong>quas</strong></span> <span class='ocrx_word' id='word_1_553' title='bbox 2651 3326 2892 3382; x_wconf 90' lang='lat' dir='ltr'><strong>Photius</strong></span> <span class='ocrx_word' id='word_1_554' title='bbox 2920 3328 3176 3400; x_wconf 90' lang='lat' dir='ltr'><strong>prudens</strong></span> <span class='ocrx_word' id='word_1_555' title='bbox 3207 3326 3838 3385; x_wconf 70' lang='lat' dir='ltr'><strong>dissimulavit.Ca3terum</strong></span> 
     </span>
    </p>
   </div>
   <div class='ocr_carea' id='block_1_82' title="bbox 2277 3412 3836 3489">
    <p class='ocr_par' dir='ltr' id='par_1_82' title="bbox 2277 3412 3836 3489">
     <span class='ocr_line' id='line_1_82' title="bbox 2277 3412 3836 3489; baseline -0.003 -20"><span class='ocrx_word' id='word_1_556' title='bbox 2277 3415 2422 3471; x_wconf 89' lang='lat' dir='ltr'><strong>nihil</strong></span> <span class='ocrx_word' id='word_1_557' title='bbox 2455 3416 2689 3489; x_wconf 91' lang='lat' dir='ltr'><strong>penitus</strong></span> <span class='ocrx_word' id='word_1_558' title='bbox 2718 3416 2898 3472; x_wconf 88' lang='lat' dir='ltr'><strong>efﬁcit</strong></span> <span class='ocrx_word' id='word_1_559' title='bbox 2920 3417 3106 3472; x_wconf 88' lang='lat' dir='ltr'><strong>Pbotii</strong></span> <span class='ocrx_word' id='word_1_560' title='bbox 3132 3416 3439 3474; x_wconf 89' lang='lat' dir='ltr'><strong>silentium</strong></span> <span class='ocrx_word' id='word_1_561' title='bbox 3460 3419 3709 3474; x_wconf 83' lang='lat' dir='ltr'><strong>adversus</strong></span> <span class='ocrx_word' id='word_1_562' title='bbox 3729 3412 3836 3467; x_wconf 81' lang='lat' dir='ltr'><strong>certa</strong></span> 
     </span>
    </p>
   </div>
   <div class='ocr_carea' id='block_1_83' title="bbox 2276 3506 3835 3580">
    <p class='ocr_par' dir='ltr' id='par_1_83' title="bbox 2276 3506 3835 3580">
     <span class='ocr_line' id='line_1_83' title="bbox 2276 3506 3835 3580; baseline -0.001 -20"><span class='ocrx_word' id='word_1_563' title='bbox 2276 3521 2342 3560; x_wconf 90' lang='lat' dir='ltr'><strong>ac</strong></span> <span class='ocrx_word' id='word_1_564' title='bbox 2372 3506 2700 3561; x_wconf 91' lang='lat' dir='ltr'><strong>necessaria</strong></span> <span class='ocrx_word' id='word_1_565' title='bbox 2729 3510 3094 3579; x_wconf 85' lang='lat' dir='ltr'><strong>argumenta,</strong></span> <span class='ocrx_word' id='word_1_566' title='bbox 3131 3507 3352 3578; x_wconf 88' lang='lat' dir='ltr'><strong>quibus</strong></span> <span class='ocrx_word' id='word_1_567' title='bbox 3383 3520 3692 3580; x_wconf 88' lang='lat' dir='ltr'><strong>azymorum</strong></span> <span class='ocrx_word' id='word_1_568' title='bbox 3716 3513 3835 3555; x_wconf 76' lang='lat' dir='ltr'><strong>usum</strong></span> 
     </span>
    </p>
   </div>
   <div class='ocr_carea' id='block_1_84' title="bbox 2275 3586 3838 3666">
    <p class='ocr_par' dir='ltr' id='par_1_84' title="bbox 2275 3586 3838 3666">
     <span class='ocr_line' id='line_1_84' title="bbox 2275 3586 3838 3666; baseline -0.004 -18"><span class='ocrx_word' id='word_1_569' title='bbox 2275 3593 2604 3665; x_wconf 82' lang='lat' dir='ltr'><strong>generalem</strong></span> <span class='ocrx_word' id='word_1_570' title='bbox 2637 3594 2789 3665; x_wconf 92' lang='lat' dir='ltr'><strong>apud</strong></span> <span class='ocrx_word' id='word_1_571' title='bbox 2824 3594 3064 3653; x_wconf 87' lang='lat' dir='ltr'><strong>Latinos</strong></span> <span class='ocrx_word' id='word_1_572' title='bbox 3093 3599 3228 3651; x_wconf 91' lang='lat' dir='ltr'><strong>ante</strong></span> <span class='ocrx_word' id='word_1_573' title='bbox 3251 3596 3520 3652; x_wconf 89' lang='lat' dir='ltr'><strong>Photium</strong></span> <span class='ocrx_word' id='word_1_574' title='bbox 3540 3591 3754 3666; x_wconf 82' lang='lat' dir='ltr'><strong>viguisse</strong></span> <span class='ocrx_word' id='word_1_575' title='bbox 3775 3586 3838 3640; x_wconf 80' lang='lat' dir='ltr'><strong>de-</strong></span> 
     </span>
    </p>
   </div>
   <div class='ocr_carea' id='block_1_85' title="bbox 2274 3682 2612 3737">
    <p class='ocr_par' dir='ltr' id='par_1_85' title="bbox 2274 3682 2612 3737">
     <span class='ocr_line' id='line_1_85' title="bbox 2274 3682 2612 3737; baseline -0.003 0"><span class='ocrx_word' id='word_1_576' title='bbox 2274 3682 2612 3737; x_wconf 89' lang='lat' dir='ltr'><strong>monstravi.</strong></span> 
     </span>
    </p>
   </div>
   <div class='ocr_carea' id='block_1_86' title="bbox 2345 3783 3834 3863">
    <p class='ocr_par' dir='ltr' id='par_1_86' title="bbox 2345 3783 3834 3863">
     <span class='ocr_line' id='line_1_86' title="bbox 2345 3783 3834 3863; baseline -0.004 -21"><span class='ocrx_word' id='word_1_577' title='bbox 2345 3786 2625 3843; x_wconf 89' lang='lat' dir='ltr'><strong>Ultimum</strong></span> <span class='ocrx_word' id='word_1_578' title='bbox 2658 3793 3070 3861; x_wconf 88' lang='lat' dir='ltr'><strong>argumentum</strong></span> <span class='ocrx_word' id='word_1_579' title='bbox 3114 3789 3251 3846; x_wconf 91' lang='lat' dir='ltr'><strong>inde</strong></span> <span class='ocrx_word' id='word_1_580' title='bbox 3309 3791 3524 3863; x_wconf 88' lang='lat' dir='ltr'><strong>petitur</strong></span> <span class='ocrx_word' id='word_1_581' title='bbox 3574 3785 3706 3862; x_wconf 90' lang='lat' dir='ltr'><strong>quod</strong></span> <span class='ocrx_word' id='word_1_582' title='bbox 3743 3783 3834 3837; x_wconf 82' lang='lat' dir='ltr'><strong>ante</strong></span> 
     </span>
    </p>
   </div>
   <div class='ocr_carea' id='block_1_87' title="bbox 2272 3869 3835 3949">
    <p class='ocr_par' dir='ltr' id='par_1_87' title="bbox 2272 3869 3835 3949">
     <span class='ocr_line' id='line_1_87' title="bbox 2272 3869 3835 3949; baseline -0.003 -20"><span class='ocrx_word' id='word_1_583' title='bbox 2272 3873 2457 3929; x_wconf 91' lang='lat' dir='ltr'><strong>Pbotii</strong></span> <span class='ocrx_word' id='word_1_584' title='bbox 2490 3878 2719 3930; x_wconf 67' lang='lat' dir='ltr'><strong>aetatem</strong></span> <span class='ocrx_word' id='word_1_585' title='bbox 2750 3876 2914 3931; x_wconf 91' lang='lat' dir='ltr'><strong>nulla</strong></span> <span class='ocrx_word' id='word_1_586' title='bbox 2943 3877 3015 3932; x_wconf 93' lang='lat' dir='ltr'><strong>de</strong></span> <span class='ocrx_word' id='word_1_587' title='bbox 3045 3893 3385 3949; x_wconf 83' lang='lat' dir='ltr'><strong>azymorum</strong></span> <span class='ocrx_word' id='word_1_588' title='bbox 3419 3895 3527 3934; x_wconf 88' lang='lat' dir='ltr'><strong>usu</strong></span> <span class='ocrx_word' id='word_1_589' title='bbox 3559 3877 3638 3932; x_wconf 83' lang='lat' dir='ltr'><strong>lex</strong></span> <span class='ocrx_word' id='word_1_590' title='bbox 3662 3869 3835 3930; x_wconf 74' lang='lat' dir='ltr'><strong>condita</strong></span> 
     </span>
    </p>
   </div>
   <div class='ocr_carea' id='block_1_88' title="bbox 2267 3963 3832 4038">
    <p class='ocr_par' dir='ltr' id='par_1_88' title="bbox 2267 3963 3832 4038">
     <span class='ocr_line' id='line_1_88' title="bbox 2267 3963 3832 4038; baseline -0.004 -20"><span class='ocrx_word' id='word_1_591' title='bbox 2267 3963 2501 4036; x_wconf 90' lang='lat' dir='ltr'><strong>legitur.</strong></span> <span class='ocrx_word' id='word_1_592' title='bbox 2535 3965 2653 4020; x_wconf 81' lang='lat' dir='ltr'><strong>Hoc</strong></span> <span class='ocrx_word' id='word_1_593' title='bbox 2679 3970 3096 4038; x_wconf 87' lang='lat' dir='ltr'><strong>argumentum</strong></span> <span class='ocrx_word' id='word_1_594' title='bbox 3135 3982 3272 4021; x_wconf 92' lang='lat' dir='ltr'><strong>cum</strong></span> <span class='ocrx_word' id='word_1_595' title='bbox 3315 3967 3622 4022; x_wconf 90' lang='lat' dir='ltr'><strong>Demetrico</strong></span> <span class='ocrx_word' id='word_1_596' title='bbox 3648 3963 3832 4018; x_wconf 82' lang='lat' dir='ltr'><strong>Choms-</strong></span> 
     </span>
    </p>
   </div>
   <div class='ocr_carea' id='block_1_89' title="bbox 2268 4046 3837 4128">
    <p class='ocr_par' dir='ltr' id='par_1_89' title="bbox 2268 4046 3837 4128">
     <span class='ocr_line' id='line_1_89' title="bbox 2268 4046 3837 4128; baseline -0.003 -22"><span class='ocrx_word' id='word_1_597' title='bbox 2268 4055 2402 4108; x_wconf 89' lang='lat' dir='ltr'><strong>teno</strong></span> <span class='ocrx_word' id='word_1_598' title='bbox 2433 4052 2716 4125; x_wconf 80' lang='lat' dir='ltr'><strong>Bulgariae</strong></span> <span class='ocrx_word' id='word_1_599' title='bbox 2749 4053 3188 4127; x_wconf 90' lang='lat' dir='ltr'><strong>archiepiscopo</strong></span> <span class='ocrx_word' id='word_1_600' title='bbox 3219 4054 3280 4110; x_wconf 92' lang='lat' dir='ltr'><strong>in</strong></span> <span class='ocrx_word' id='word_1_601' title='bbox 3308 4055 3597 4128; x_wconf 87' lang='lat' dir='ltr'><strong>responsis</strong></span> <span class='ocrx_word' id='word_1_602' title='bbox 3626 4052 3685 4108; x_wconf 86' lang='lat' dir='ltr'><strong>ad</strong></span> <span class='ocrx_word' id='word_1_603' title='bbox 3722 4046 3837 4118; x_wconf 78' lang='lat' dir='ltr'><strong>epis-</strong></span> 
     </span>
    </p>
   </div>
   <div class='ocr_carea' id='block_1_90' title="bbox 2267 4131 3836 4215">
    <p class='ocr_par' dir='ltr' id='par_1_90' title="bbox 2267 4131 3836 4215">
     <span class='ocr_line' id='line_1_90' title="bbox 2267 4131 3836 4215; baseline -0.008 -18"><span class='ocrx_word' id='word_1_604' title='bbox 2267 4158 2477 4214; x_wconf 89' lang='lat' dir='ltr'><strong>copum</strong></span> <span class='ocrx_word' id='word_1_605' title='bbox 2499 4142 2997 4215; x_wconf 88' lang='lat' dir='ltr'><strong>Dyrrachii,urget</strong></span> <span class='ocrx_word' id='word_1_606' title='bbox 3019 4142 3214 4199; x_wconf 90' lang='lat' dir='ltr'><strong>Sirmu</strong></span> <span class='ocrx_word' id='word_1_607' title='bbox 3225 4145 3302 4199; x_wconf 91' lang='lat' dir='ltr'><strong>nd</strong></span> <span class='ocrx_word' id='word_1_608' title='bbox 3313 4162 3382 4200; x_wconf 92' lang='lat' dir='ltr'><strong>us</strong></span> <span class='ocrx_word' id='word_1_609' title='bbox 3397 4144 3456 4200; x_wconf 92' lang='lat' dir='ltr'><strong>in</strong></span> <span class='ocrx_word' id='word_1_610' title='bbox 3479 4131 3836 4214; x_wconf 84' lang='lat' dir='ltr'><strong>Disquisitionis</strong></span> 
     </span>
    </p>
   </div>
   <div class='ocr_carea' id='block_1_91' title="bbox 2268 4231 2478 4302">
    <p class='ocr_par' dir='ltr' id='par_1_91' title="bbox 2268 4231 2478 4302">
     <span class='ocr_line' id='line_1_91' title="bbox 2268 4231 2478 4302; baseline -0.01 -17"><span class='ocrx_word' id='word_1_611' title='bbox 2268 4247 2394 4302; x_wconf 89' lang='lat' dir='ltr'><strong>cap.</strong></span> <span class='ocrx_word' id='word_1_612' title='bbox 2425 4231 2478 4283; x_wconf 87' lang='lat'><strong>3.</strong></span> 
     </span>
    </p>
   </div>
   <div class='ocr_carea' id='block_1_92' title="bbox 2338 4326 3841 4410">
    <p class='ocr_par' dir='ltr' id='par_1_92' title="bbox 2338 4326 3841 4410">
     <span class='ocr_line' id='line_1_92' title="bbox 2338 4326 3841 4410; baseline -0.006 -20"><span class='ocrx_word' id='word_1_613' title='bbox 2338 4340 2410 4390; x_wconf 83' lang='lat' dir='ltr'><strong>At</strong></span> <span class='ocrx_word' id='word_1_614' title='bbox 2441 4335 2487 4391; x_wconf 91' lang='lat' dir='ltr'><strong>si</strong></span> <span class='ocrx_word' id='word_1_615' title='bbox 2519 4335 2627 4390; x_wconf 92' lang='lat' dir='ltr'><strong>hoc</strong></span> <span class='ocrx_word' id='word_1_616' title='bbox 2676 4342 3089 4409; x_wconf 80' lang='lat' dir='ltr'><strong>argumentum</strong></span> <span class='ocrx_word' id='word_1_617' title='bbox 3127 4338 3268 4410; x_wconf 88' lang='lat' dir='ltr'><strong>quid</strong></span> <span class='ocrx_word' id='word_1_618' title='bbox 3312 4339 3578 4402; x_wconf 89' lang='lat' dir='ltr'><strong>efﬁceret,</strong></span> <span class='ocrx_word' id='word_1_619' title='bbox 3632 4326 3841 4405; x_wconf 75' lang='lat' dir='ltr'><strong>probaret</strong></span> 
     </span>
    </p>
   </div>
   <div class='ocr_carea' id='block_1_93' title="bbox 2266 4416 3838 4497">
    <p class='ocr_par' dir='ltr' id='par_1_93' title="bbox 2266 4416 3838 4497">
     <span class='ocr_line' id='line_1_93' title="bbox 2266 4416 3838 4497; baseline -0.008 -18"><span class='ocrx_word' id='word_1_620' title='bbox 2266 4425 2469 4497; x_wconf 90' lang='lat' dir='ltr'><strong>utique</strong></span> <span class='ocrx_word' id='word_1_621' title='bbox 2485 4441 2717 4497; x_wconf 91' lang='lat' dir='ltr'><strong>azymos</strong></span> <span class='ocrx_word' id='word_1_622' title='bbox 2739 4442 2918 4497; x_wconf 90' lang='lat' dir='ltr'><strong>panes</strong></span> <span class='ocrx_word' id='word_1_623' title='bbox 2941 4426 3000 4481; x_wconf 91' lang='lat' dir='ltr'><strong>in</strong></span> <span class='ocrx_word' id='word_1_624' title='bbox 3020 4442 3080 4482; x_wconf 92' lang='lat' dir='ltr'><strong>re</strong></span> <span class='ocrx_word' id='word_1_625' title='bbox 3102 4443 3272 4482; x_wconf 90' lang='lat' dir='ltr'><strong>sacra</strong></span> <span class='ocrx_word' id='word_1_626' title='bbox 3290 4445 3407 4484; x_wconf 89' lang='lat' dir='ltr'><strong>non</strong></span> <span class='ocrx_word' id='word_1_627' title='bbox 3422 4427 3592 4482; x_wconf 89' lang='lat' dir='ltr'><strong>fuisse</strong></span> <span class='ocrx_word' id='word_1_628' title='bbox 3610 4416 3838 4479; x_wconf 75' lang='lat' dir='ltr'><strong>adhibitos</strong></span> 
     </span>
    </p>
   </div>
   <div class='ocr_carea' id='block_1_94' title="bbox 510 4499 3836 4609">
    <p class='ocr_par' dir='ltr' id='par_1_94' title="bbox 510 4499 3836 4609">
     <span class='ocr_line' id='line_1_94' title="bbox 510 4499 3836 4609; baseline -0.001 -45"><span class='ocrx_word' id='word_1_629' title='bbox 510 4509 731 4566; x_wconf 90' lang='lat' dir='ltr'><strong>factum</strong></span> <span class='ocrx_word' id='word_1_630' title='bbox 790 4513 946 4608; x_wconf 41' lang='lat' dir='ltr'><strong>puto.</strong></span> <span class='ocrx_word' id='word_1_631' title='bbox 1111 4505 1482 4609; x_wconf 41' lang='lat' dir='ltr'><strong>bfelchia‘des,</strong></span> <span class='ocrx_word' id='word_1_632' title='bbox 1557 4506 1798 4609; x_wconf 26' lang='lat' dir='ltr'><strong>Siirici&#39;us</strong></span> <span class='ocrx_word' id='word_1_633' title='bbox 1847 4513 1913 4609; x_wconf 44' lang='lat' dir='ltr'><strong>‘et</strong></span> <span class='ocrx_word' id='word_1_634' title='bbox 1984 4513 2153 4567; x_wconf 89' lang='lat' dir='ltr'><strong>lnno-</strong></span> <span class='ocrx_word' id='word_1_635' title='bbox 2184 4545 2232 4609; x_wconf 83' lang='lat' dir='ltr'><strong>D</strong></span> <span class='ocrx_word' id='word_1_636' title='bbox 2264 4514 2440 4568; x_wconf 88' lang='lat' dir='ltr'><strong>etiam</strong></span> <span class='ocrx_word' id='word_1_637' title='bbox 2472 4517 2603 4585; x_wconf 89' lang='lat' dir='ltr'><strong>post</strong></span> <span class='ocrx_word' id='word_1_638' title='bbox 2635 4513 2894 4570; x_wconf 89' lang='lat' dir='ltr'><strong>schisma</strong></span> <span class='ocrx_word' id='word_1_639' title='bbox 2944 4515 3320 4571; x_wconf 89' lang='lat' dir='ltr'><strong>Pbotianum.</strong></span> <span class='ocrx_word' id='word_1_640' title='bbox 3355 4514 3585 4571; x_wconf 90' lang='lat' dir='ltr'><strong>Nullum</strong></span> <span class='ocrx_word' id='word_1_641' title='bbox 3620 4507 3766 4566; x_wconf 87' lang='lat' dir='ltr'><strong>enim.</strong></span> <span class='ocrx_word' id='word_1_642' title='bbox 3796 4499 3836 4609; x_wconf 56' lang='lat' dir='ltr'><strong>fi</strong></span> 
     </span>
    </p>
   </div>
   <div class='ocr_carea' id='block_1_95' title="bbox 509 4594 2152 4656">
    <p class='ocr_par' dir='ltr' id='par_1_95' title="bbox 509 4594 2152 4656">
     <span class='ocr_line' id='line_1_95' title="bbox 509 4594 2152 4656; baseline 0.001 -3"><span class='ocrx_word' id='word_1_643' title='bbox 509 4599 738 4654; x_wconf 91' lang='lat' dir='ltr'><strong>centius</strong></span> <span class='ocrx_word' id='word_1_644' title='bbox 790 4595 1081 4654; x_wconf 88' lang='lat' dir='ltr'><strong>adscititio</strong></span> <span class='ocrx_word' id='word_1_645' title='bbox 1131 4594 1398 4650; x_wconf 84' lang='lat' dir='ltr'><strong>fermenti</strong></span> <span class='ocrx_word' id='word_1_646' title='bbox 1445 4595 1681 4650; x_wconf 90' lang='lat' dir='ltr'><strong>nomine</strong></span> <span class='ocrx_word' id='word_1_647' title='bbox 1726 4597 2152 4656; x_wconf 88' lang='lat' dir='ltr'><strong>Eucharistiam</strong></span> 
     </span>
    </p>
   </div>
   <div class='ocr_carea' id='block_1_96' title="bbox 509 4683 2154 4760">
    <p class='ocr_par' dir='ltr' id='par_1_96' title="bbox 509 4683 2154 4760">
     <span class='ocr_line' id='line_1_96' title="bbox 509 4683 2154 4760; baseline 0.001 -18"><span class='ocrx_word' id='word_1_648' title='bbox 509 4687 965 4760; x_wconf 90' lang='lat' dir='ltr'><strong>designaverint,</strong></span> <span class='ocrx_word' id='word_1_649' title='bbox 1013 4701 1083 4740; x_wconf 92' lang='lat' dir='ltr'><strong>ne</strong></span> <span class='ocrx_word' id='word_1_650' title='bbox 1113 4699 1234 4740; x_wconf 90' lang='lat' dir='ltr'><strong>rem</strong></span> <span class='ocrx_word' id='word_1_651' title='bbox 1282 4699 1449 4739; x_wconf 90' lang='lat' dir='ltr'><strong>sacra</strong></span> <span class='ocrx_word' id='word_1_652' title='bbox 1485 4683 1804 4756; x_wconf 88' lang='lat' dir='ltr'><strong>gentilibus</strong></span> <span class='ocrx_word' id='word_1_653' title='bbox 1850 4685 2154 4759; x_wconf 90' lang='lat' dir='ltr'><strong>propalare</strong></span> 
     </span>
    </p>
   </div>
   <div class='ocr_carea' id='block_1_97' title="bbox 504 4771 2154 4848">
    <p class='ocr_par' dir='ltr' id='par_1_97' title="bbox 504 4771 2154 4848">
     <span class='ocr_line' id='line_1_97' title="bbox 504 4771 2154 4848; baseline 0.001 -16"><span class='ocrx_word' id='word_1_654' title='bbox 504 4777 861 4832; x_wconf 90' lang='lat' dir='ltr'><strong>viderentur.</strong></span> <span class='ocrx_word' id='word_1_655' title='bbox 895 4774 1135 4830; x_wconf 84' lang='lat' dir='ltr'><strong>Accedit</strong></span> <span class='ocrx_word' id='word_1_656' title='bbox 1167 4773 1322 4844; x_wconf 92' lang='lat' dir='ltr'><strong>quod</strong></span> <span class='ocrx_word' id='word_1_657' title='bbox 1355 4771 1637 4828; x_wconf 62' lang='lat' dir='ltr'><strong>Caesarius</strong></span> <span class='ocrx_word' id='word_1_658' title='bbox 1661 4774 1892 4831; x_wconf 67' lang='lat' dir='ltr'><strong>Graecus</strong></span> <span class='ocrx_word' id='word_1_659' title='bbox 1914 4778 2154 4848; x_wconf 86' lang='lat' dir='ltr'><strong>parabo-</strong></span> 
     </span>
    </p>
   </div>
   <div class='ocr_carea' id='block_1_98' title="bbox 505 4859 2152 4933">
    <p class='ocr_par' dir='ltr' id='par_1_98' title="bbox 505 4859 2152 4933">
     <span class='ocr_line' id='line_1_98' title="bbox 505 4859 2152 4933; baseline 0.002 -15"><span class='ocrx_word' id='word_1_660' title='bbox 505 4863 624 4918; x_wconf 89' lang='lat' dir='ltr'><strong>lam</strong></span> <span class='ocrx_word' id='word_1_661' title='bbox 657 4863 928 4919; x_wconf 82' lang='lat' dir='ltr'><strong>fermenti</strong></span> <span class='ocrx_word' id='word_1_662' title='bbox 960 4863 1031 4918; x_wconf 91' lang='lat' dir='ltr'><strong>de</strong></span> <span class='ocrx_word' id='word_1_663' title='bbox 1052 4859 1420 4917; x_wconf 90' lang='lat' dir='ltr'><strong>Eucharistia</strong></span> <span class='ocrx_word' id='word_1_664' title='bbox 1444 4859 2000 4933; x_wconf 88' lang='lat' dir='ltr'><strong>interpretatur,non</strong></span> <span class='ocrx_word' id='word_1_665' title='bbox 2024 4882 2152 4922; x_wconf 89' lang='lat' dir='ltr'><strong>sen-</strong></span> 
     </span>
    </p>
   </div>
   <div class='ocr_carea' id='block_1_99' title="bbox 505 4948 2148 5022">
    <p class='ocr_par' dir='ltr' id='par_1_99' title="bbox 505 4948 2148 5022">
     <span class='ocr_line' id='line_1_99' title="bbox 505 4948 2148 5022; baseline 0.001 -14"><span class='ocrx_word' id='word_1_666' title='bbox 505 4968 575 5008; x_wconf 91' lang='lat' dir='ltr'><strong>su</strong></span> <span class='ocrx_word' id='word_1_667' title='bbox 607 4949 842 5006; x_wconf 89' lang='lat' dir='ltr'><strong>litterali</strong></span> <span class='ocrx_word' id='word_1_668' title='bbox 875 4952 976 5007; x_wconf 92' lang='lat' dir='ltr'><strong>sed</strong></span> <span class='ocrx_word' id='word_1_669' title='bbox 1010 4950 1215 5006; x_wconf 88' lang='lat' dir='ltr'><strong>morali</strong></span> <span class='ocrx_word' id='word_1_670' title='bbox 1248 4950 1306 5004; x_wconf 91' lang='lat' dir='ltr'><strong>in</strong></span> <span class='ocrx_word' id='word_1_671' title='bbox 1339 4948 1579 5021; x_wconf 87' lang='lat' dir='ltr'><strong>Dialogo</strong></span> <span class='ocrx_word' id='word_1_672' title='bbox 1602 4949 1693 5006; x_wconf 88' lang='lat' dir='ltr'><strong>his</strong></span> <span class='ocrx_word' id='word_1_673' title='bbox 1715 4953 1905 5008; x_wconf 91' lang='lat' dir='ltr'><strong>verbis</strong></span> <span class='ocrx_word' id='word_1_674' title='bbox 1931 4956 2148 5022; x_wconf 87' lang='lat' dir='ltr'><strong>:»Quod</strong></span> 
     </span>
    </p>
   </div>
   <div class='ocr_carea' id='block_1_100' title="bbox 505 5037 2152 5116">
    <p class='ocr_par' dir='ltr' id='par_1_100' title="bbox 505 5037 2152 5116">
     <span class='ocr_line' id='line_1_100' title="bbox 505 5037 2152 5116; baseline 0.001 -19"><span class='ocrx_word' id='word_1_675' title='bbox 505 5039 557 5097; x_wconf 91' lang='lat' dir='ltr'><strong>si</strong></span> <span class='ocrx_word' id='word_1_676' title='bbox 587 5040 754 5099; x_wconf 89' lang='lat' dir='ltr'><strong>aliter</strong></span> <span class='ocrx_word' id='word_1_677' title='bbox 783 5041 936 5097; x_wconf 91' lang='lat' dir='ltr'><strong>dicta</strong></span> <span class='ocrx_word' id='word_1_678' title='bbox 964 5039 1165 5096; x_wconf 90' lang='lat' dir='ltr'><strong>audire</strong></span> <span class='ocrx_word' id='word_1_679' title='bbox 1195 5037 1763 5111; x_wconf 87' lang='lat' dir='ltr'><strong>placet,fermentum</strong></span> <span class='ocrx_word' id='word_1_680' title='bbox 1793 5041 2152 5116; x_wconf 87' lang='lat' dir='ltr'><strong>intelligatur</strong></span> 
     </span>
    </p>
   </div>
   <div class='ocr_carea' id='block_1_101' title="bbox 501 5127 2148 5201">
    <p class='ocr_par' dir='ltr' id='par_1_101' title="bbox 501 5127 2148 5201">
     <span class='ocr_line' id='line_1_101' title="bbox 501 5127 2148 5201; baseline 0.002 -15"><span class='ocrx_word' id='word_1_681' title='bbox 501 5130 898 5188; x_wconf 89' lang='lat' dir='ltr'><strong>venerandum</strong></span> <span class='ocrx_word' id='word_1_682' title='bbox 931 5133 988 5186; x_wconf 90' lang='lat' dir='ltr'><strong>et</strong></span> <span class='ocrx_word' id='word_1_683' title='bbox 1018 5128 1280 5184; x_wconf 91' lang='lat' dir='ltr'><strong>divinum</strong></span> <span class='ocrx_word' id='word_1_684' title='bbox 1313 5143 1525 5199; x_wconf 89' lang='lat' dir='ltr'><strong>corpus</strong></span> <span class='ocrx_word' id='word_1_685' title='bbox 1557 5127 1678 5200; x_wconf 88' lang='lat' dir='ltr'><strong>Dei,</strong></span> <span class='ocrx_word' id='word_1_686' title='bbox 1712 5131 1864 5201; x_wconf 91' lang='lat' dir='ltr'><strong>quod</strong></span> <span class='ocrx_word' id='word_1_687' title='bbox 1891 5131 1950 5186; x_wconf 93' lang='lat' dir='ltr'><strong>in</strong></span> <span class='ocrx_word' id='word_1_688' title='bbox 1981 5137 2148 5190; x_wconf 90' lang='lat' dir='ltr'><strong>utero</strong></span> 
     </span>
    </p>
   </div>
   <div class='ocr_carea' id='block_1_102' title="bbox 503 5215 2145 5295">
    <p class='ocr_par' dir='ltr' id='par_1_102' title="bbox 503 5215 2145 5295">
     <span class='ocr_line' id='line_1_102' title="bbox 503 5215 2145 5295; baseline 0.001 -19"><span class='ocrx_word' id='word_1_689' title='bbox 503 5224 714 5277; x_wconf 77' lang='lat' dir='ltr'><strong>sanctae</strong></span> <span class='ocrx_word' id='word_1_690' title='bbox 744 5219 988 5295; x_wconf 89' lang='lat' dir='ltr'><strong>virginis</strong></span> <span class='ocrx_word' id='word_1_691' title='bbox 1023 5219 1217 5274; x_wconf 66' lang='lat' dir='ltr'><strong>Mariae</strong></span> <span class='ocrx_word' id='word_1_692' title='bbox 1249 5215 1360 5274; x_wconf 89' lang='lat' dir='ltr'><strong>sibi</strong></span> <span class='ocrx_word' id='word_1_693' title='bbox 1391 5216 1880 5275; x_wconf 87' lang='lat' dir='ltr'><strong>circumdandum</strong></span> <span class='ocrx_word' id='word_1_694' title='bbox 1933 5220 2145 5279; x_wconf 82' lang='lat' dir='ltr'><strong>forma-</strong></span> 
     </span>
    </p>
   </div>
   <div class='ocr_carea' id='block_1_103' title="bbox 498 5307 2145 5383">
    <p class='ocr_par' dir='ltr' id='par_1_103' title="bbox 498 5307 2145 5383">
     <span class='ocr_line' id='line_1_103' title="bbox 498 5307 2145 5383; baseline 0.001 -15"><span class='ocrx_word' id='word_1_695' title='bbox 498 5311 599 5379; x_wconf 83' lang='lat' dir='ltr'><strong>vit,</strong></span> <span class='ocrx_word' id='word_1_696' title='bbox 633 5311 855 5383; x_wconf 90' lang='lat' dir='ltr'><strong>absque</strong></span> <span class='ocrx_word' id='word_1_697' title='bbox 888 5308 1112 5365; x_wconf 90' lang='lat' dir='ltr'><strong>semine</strong></span> <span class='ocrx_word' id='word_1_698' title='bbox 1142 5311 1444 5364; x_wconf 84' lang='lat' dir='ltr'><strong>contextus</strong></span> <span class='ocrx_word' id='word_1_699' title='bbox 1467 5311 1523 5362; x_wconf 91' lang='lat' dir='ltr'><strong>et</strong></span> <span class='ocrx_word' id='word_1_700' title='bbox 1555 5307 1756 5362; x_wconf 89' lang='lat' dir='ltr'><strong>unitus</strong></span> <span class='ocrx_word' id='word_1_701' title='bbox 1786 5314 1902 5364; x_wconf 88' lang='lat' dir='ltr'><strong>tam</strong></span> <span class='ocrx_word' id='word_1_702' title='bbox 1937 5312 2145 5369; x_wconf 73' lang='lat' dir='ltr'><strong>animae</strong></span> 
     </span>
    </p>
   </div>
   <div class='ocr_carea' id='block_1_104' title="bbox 501 5395 2146 5471">
    <p class='ocr_par' dir='ltr' id='par_1_104' title="bbox 501 5395 2146 5471">
     <span class='ocr_line' id='line_1_104' title="bbox 501 5395 2146 5471; baseline 0.003 -19"><span class='ocrx_word' id='word_1_703' title='bbox 501 5414 678 5468; x_wconf 89' lang='lat' dir='ltr'><strong>quam</strong></span> <span class='ocrx_word' id='word_1_704' title='bbox 708 5399 953 5471; x_wconf 88' lang='lat' dir='ltr'><strong>corpori.</strong></span> <span class='ocrx_word' id='word_1_705' title='bbox 989 5421 1016 5448; x_wconf 88' lang='grc'><strong>››</strong></span> <span class='ocrx_word' id='word_1_706' title='bbox 1048 5397 1196 5463; x_wconf 87' lang='lat' dir='ltr'><strong>Quid</strong></span> <span class='ocrx_word' id='word_1_707' title='bbox 1229 5395 1276 5452; x_wconf 91' lang='lat' dir='ltr'><strong>si</strong></span> <span class='ocrx_word' id='word_1_708' title='bbox 1309 5395 1381 5451; x_wconf 95' lang='lat' dir='ltr'><strong>ob</strong></span> <span class='ocrx_word' id='word_1_709' title='bbox 1411 5395 1563 5451; x_wconf 87' lang='lat' dir='ltr'><strong>hanc</strong></span> <span class='ocrx_word' id='word_1_710' title='bbox 1613 5395 1933 5453; x_wconf 89' lang='lat' dir='ltr'><strong>similemve</strong></span> <span class='ocrx_word' id='word_1_711' title='bbox 1967 5403 2146 5458; x_wconf 86' lang='lat' dir='ltr'><strong>ratio-</strong></span> 
     </span>
    </p>
   </div>
   <div class='ocr_carea' id='block_1_105' title="bbox 501 5483 2146 5561">
    <p class='ocr_par' dir='ltr' id='par_1_105' title="bbox 501 5483 2146 5561">
     <span class='ocr_line' id='line_1_105' title="bbox 501 5483 2146 5561; baseline 0.004 -21"><span class='ocrx_word' id='word_1_712' title='bbox 501 5501 635 5541; x_wconf 91' lang='lat' dir='ltr'><strong>nem</strong></span> <span class='ocrx_word' id='word_1_713' title='bbox 667 5488 926 5558; x_wconf 71' lang='lat' dir='ltr'><strong>praedicti</strong></span> <span class='ocrx_word' id='word_1_714' title='bbox 957 5487 1266 5561; x_wconf 88' lang='lat' dir='ltr'><strong>pontiﬁces</strong></span> <span class='ocrx_word' id='word_1_715' title='bbox 1298 5483 1723 5541; x_wconf 88' lang='lat' dir='ltr'><strong>Eucharistiam</strong></span> <span class='ocrx_word' id='word_1_716' title='bbox 1758 5485 2024 5544; x_wconf 87' lang='lat' dir='ltr'><strong>fermenti</strong></span> <span class='ocrx_word' id='word_1_717' title='bbox 2049 5509 2146 5548; x_wconf 89' lang='lat' dir='ltr'><strong>no-</strong></span> 
     </span>
    </p>
   </div>
   <div class='ocr_carea' id='block_1_106' title="bbox 501 5573 2142 5651">
    <p class='ocr_par' dir='ltr' id='par_1_106' title="bbox 501 5573 2142 5651">
     <span class='ocr_line' id='line_1_106' title="bbox 501 5573 2142 5651; baseline 0.004 -21"><span class='ocrx_word' id='word_1_718' title='bbox 501 5573 657 5630; x_wconf 90' lang='lat' dir='ltr'><strong>mine</strong></span> <span class='ocrx_word' id='word_1_719' title='bbox 686 5575 1050 5643; x_wconf 89' lang='lat' dir='ltr'><strong>donaverint,</strong></span> <span class='ocrx_word' id='word_1_720' title='bbox 1084 5593 1200 5633; x_wconf 90' lang='lat' dir='ltr'><strong>non</strong></span> <span class='ocrx_word' id='word_1_721' title='bbox 1229 5573 1432 5630; x_wconf 85' lang='lat' dir='ltr'><strong>habita</strong></span> <span class='ocrx_word' id='word_1_722' title='bbox 1473 5573 1696 5627; x_wconf 87' lang='lat' dir='ltr'><strong>ratione</strong></span> <span class='ocrx_word' id='word_1_723' title='bbox 1725 5577 2000 5651; x_wconf 81' lang='lat' dir='ltr'><strong>materiae,</strong></span> <span class='ocrx_word' id='word_1_724' title='bbox 2043 5582 2142 5638; x_wconf 90' lang='lat' dir='ltr'><strong>sed</strong></span> 
     </span>
    </p>
   </div>
   <div class='ocr_carea' id='block_1_107' title="bbox 501 5661 2143 5743">
    <p class='ocr_par' dir='ltr' id='par_1_107' title="bbox 501 5661 2143 5743">
     <span class='ocr_line' id='line_1_107' title="bbox 501 5661 2143 5743; baseline 0.006 -22"><span class='ocrx_word' id='word_1_725' title='bbox 501 5664 756 5737; x_wconf 83' lang='lat' dir='ltr'><strong>corporis</strong></span> <span class='ocrx_word' id='word_1_726' title='bbox 787 5666 1072 5728; x_wconf 63' lang='lat' dir='ltr'><strong>Christiin</strong></span> <span class='ocrx_word' id='word_1_727' title='bbox 1086 5661 1485 5728; x_wconf 66' lang='lat' dir='ltr'><strong>ecnsumorali</strong></span> <span class='ocrx_word' id='word_1_728' title='bbox 1508 5662 1823 5724; x_wconf 82' lang='lat' dir='ltr'><strong>?Addercm</strong></span> <span class='ocrx_word' id='word_1_729' title='bbox 1847 5667 2024 5728; x_wconf 86' lang='lat' dir='ltr'><strong>etiam</strong></span> <span class='ocrx_word' id='word_1_730' title='bbox 2047 5687 2143 5743; x_wconf 85' lang='lat' dir='ltr'><strong>pa-</strong></span> 
     </span>
    </p>
   </div>
   <div class='ocr_carea' id='block_1_108' title="bbox 2263 4588 3838 4675">
    <p class='ocr_par' dir='ltr' id='par_1_108' title="bbox 2263 4588 3838 4675">
     <span class='ocr_line' id='line_1_108' title="bbox 2263 4588 3838 4675; baseline -0.004 -19"><span class='ocrx_word' id='word_1_731' title='bbox 2263 4602 2407 4656; x_wconf 92' lang='lat' dir='ltr'><strong>bene</strong></span> <span class='ocrx_word' id='word_1_732' title='bbox 2437 4600 2698 4668; x_wconf 90' lang='lat' dir='ltr'><strong>memini,</strong></span> <span class='ocrx_word' id='word_1_733' title='bbox 2732 4601 2850 4657; x_wconf 87' lang='lat' dir='ltr'><strong>sive</strong></span> <span class='ocrx_word' id='word_1_734' title='bbox 2881 4603 2951 4658; x_wconf 92' lang='lat' dir='ltr'><strong>de</strong></span> <span class='ocrx_word' id='word_1_735' title='bbox 3001 4603 3332 4675; x_wconf 87' lang='lat' dir='ltr'><strong>abjiciendo</strong></span> <span class='ocrx_word' id='word_1_736' title='bbox 3365 4604 3651 4665; x_wconf 88' lang='lat' dir='ltr'><strong>fermento,</strong></span> <span class='ocrx_word' id='word_1_737' title='bbox 3677 4611 3758 4652; x_wconf 87' lang='lat' dir='ltr'><strong>seu</strong></span> <span class='ocrx_word' id='word_1_738' title='bbox 3789 4588 3838 4643; x_wconf 76' lang='lat' dir='ltr'><strong>de</strong></span> 
     </span>
    </p>
   </div>
   <div class='ocr_carea' id='block_1_109' title="bbox 2265 4677 3835 4762">
    <p class='ocr_par' dir='ltr' id='par_1_109' title="bbox 2265 4677 3835 4762">
     <span class='ocr_line' id='line_1_109' title="bbox 2265 4677 3835 4762; baseline -0.007 -17"><span class='ocrx_word' id='word_1_739' title='bbox 2265 4690 2484 4762; x_wconf 90' lang='lat' dir='ltr'><strong>azymis</strong></span> <span class='ocrx_word' id='word_1_740' title='bbox 2515 4690 2863 4762; x_wconf 89' lang='lat' dir='ltr'><strong>recipiendis</strong></span> <span class='ocrx_word' id='word_1_741' title='bbox 2895 4691 3563 4762; x_wconf 88' lang='lat' dir='ltr'><strong>decretum,constitutio</strong></span> <span class='ocrx_word' id='word_1_742' title='bbox 3583 4677 3835 4748; x_wconf 78' lang='lat' dir='ltr'><strong>nulla,nul~</strong></span> 
     </span>
    </p>
   </div>
   <div class='ocr_carea' id='block_1_110' title="bbox 2260 4765 3838 4853">
    <p class='ocr_par' dir='ltr' id='par_1_110' title="bbox 2260 4765 3838 4853">
     <span class='ocr_line' id='line_1_110' title="bbox 2260 4765 3838 4853; baseline -0.007 -19"><span class='ocrx_word' id='word_1_743' title='bbox 2260 4778 2432 4834; x_wconf 91' lang='lat' dir='ltr'><strong>lusne</strong></span> <span class='ocrx_word' id='word_1_744' title='bbox 2461 4795 2645 4833; x_wconf 90' lang='lat' dir='ltr'><strong>canon</strong></span> <span class='ocrx_word' id='word_1_745' title='bbox 2677 4783 2808 4850; x_wconf 91' lang='lat' dir='ltr'><strong>post</strong></span> <span class='ocrx_word' id='word_1_746' title='bbox 2839 4779 2986 4835; x_wconf 90' lang='lat' dir='ltr'><strong>illud</strong></span> <span class='ocrx_word' id='word_1_747' title='bbox 3009 4785 3244 4853; x_wconf 88' lang='lat' dir='ltr'><strong>tempus</strong></span> <span class='ocrx_word' id='word_1_748' title='bbox 3268 4780 3561 4837; x_wconf 86' lang='lat' dir='ltr'><strong>invenitur</strong></span> <span class='ocrx_word' id='word_1_749' title='bbox 3579 4765 3838 4832; x_wconf 86' lang='lat' dir='ltr'><strong>antedisci-</strong></span> 
     </span>
    </p>
   </div>
   <div class='ocr_carea' id='block_1_111' title="bbox 2259 4855 3837 4947">
    <p class='ocr_par' dir='ltr' id='par_1_111' title="bbox 2259 4855 3837 4947">
     <span class='ocr_line' id='line_1_111' title="bbox 2259 4855 3837 4947; baseline -0.006 -26"><span class='ocrx_word' id='word_1_750' title='bbox 2259 4867 2424 4921; x_wconf 88' lang='lat' dir='ltr'><strong>dium</strong></span> <span class='ocrx_word' id='word_1_751' title='bbox 2456 4865 2755 4922; x_wconf 88' lang='lat' dir='ltr'><strong>Michaelis</strong></span> <span class='ocrx_word' id='word_1_752' title='bbox 2781 4867 3080 4937; x_wconf 89' lang='lat' dir='ltr'><strong>Cerularii,</strong></span> <span class='ocrx_word' id='word_1_753' title='bbox 3116 4871 3287 4942; x_wconf 88' lang='lat' dir='ltr'><strong>cujus</strong></span> <span class='ocrx_word' id='word_1_754' title='bbox 3309 4873 3565 4940; x_wconf 90' lang='lat' dir='ltr'><strong>tempore</strong></span> <span class='ocrx_word' id='word_1_755' title='bbox 3585 4855 3837 4947; x_wconf 58' lang='lat' dir='ltr'><strong>universus</strong></span> 
     </span>
    </p>
   </div>
   <div class='ocr_carea' id='block_1_112' title="bbox 2259 4948 3838 5028">
    <p class='ocr_par' dir='ltr' id='par_1_112' title="bbox 2259 4948 3838 5028">
     <span class='ocr_line' id='line_1_112' title="bbox 2259 4948 3838 5028; baseline 0.003 -19"><span class='ocrx_word' id='word_1_756' title='bbox 2259 4971 2596 5027; x_wconf 89' lang='lat' dir='ltr'><strong>azymorum</strong></span> <span class='ocrx_word' id='word_1_757' title='bbox 2628 4971 2772 5010; x_wconf 91' lang='lat' dir='ltr'><strong>usus</strong></span> <span class='ocrx_word' id='word_1_758' title='bbox 2801 4955 3034 5028; x_wconf 89' lang='lat' dir='ltr'><strong>vigebat</strong></span> <span class='ocrx_word' id='word_1_759' title='bbox 3063 4957 3124 5014; x_wconf 90' lang='lat' dir='ltr'><strong>in</strong></span> <span class='ocrx_word' id='word_1_760' title='bbox 3154 4957 3414 5015; x_wconf 86' lang='lat' dir='ltr'><strong>Ecclesia</strong></span> <span class='ocrx_word' id='word_1_761' title='bbox 3452 4953 3659 5011; x_wconf 86' lang='lat' dir='ltr'><strong>Latina.</strong></span> <span class='ocrx_word' id='word_1_762' title='bbox 3705 4948 3838 5014; x_wconf 53' lang='lat' dir='ltr'><strong>Mill“</strong></span> 
     </span>
    </p>
   </div>
   <div class='ocr_carea' id='block_1_113' title="bbox 2257 5031 3838 5119">
    <p class='ocr_par' dir='ltr' id='par_1_113' title="bbox 2257 5031 3838 5119">
     <span class='ocr_line' id='line_1_113' title="bbox 2257 5031 3838 5119; baseline -0.002 -20"><span class='ocrx_word' id='word_1_763' title='bbox 2257 5061 2391 5100; x_wconf 91' lang='lat' dir='ltr'><strong>cum</strong></span> <span class='ocrx_word' id='word_1_764' title='bbox 2412 5045 2540 5116; x_wconf 85' lang='lat' dir='ltr'><strong>ejus</strong></span> <span class='ocrx_word' id='word_1_765' title='bbox 2571 5043 2652 5098; x_wconf 90' lang='lat' dir='ltr'><strong>rei</strong></span> <span class='ocrx_word' id='word_1_766' title='bbox 2687 5043 2849 5100; x_wconf 88' lang='lat' dir='ltr'><strong>nulla</strong></span> <span class='ocrx_word' id='word_1_767' title='bbox 2869 5047 3160 5103; x_wconf 84' lang='lat' dir='ltr'><strong>exstetlex</strong></span> <span class='ocrx_word' id='word_1_768' title='bbox 3189 5064 3376 5119; x_wconf 90' lang='lat' dir='ltr'><strong>neque</strong></span> <span class='ocrx_word' id='word_1_769' title='bbox 3405 5048 3724 5110; x_wconf 82' lang='lat' dir='ltr'><strong>ante,neque</strong></span> <span class='ocrx_word' id='word_1_770' title='bbox 3742 5031 3838 5104; x_wconf 60' lang='lat' dir='ltr'><strong>1309t</strong></span> 
     </span>
    </p>
   </div>
   <div class='ocr_carea' id='block_1_114' title="bbox 2257 5126 3835 5206">
    <p class='ocr_par' dir='ltr' id='par_1_114' title="bbox 2257 5126 3835 5206">
     <span class='ocr_line' id='line_1_114' title="bbox 2257 5126 3835 5206; baseline -0.01 -16"><span class='ocrx_word' id='word_1_771' title='bbox 2257 5133 2528 5190; x_wconf 89' lang='lat' dir='ltr'><strong>Photium</strong></span> <span class='ocrx_word' id='word_1_772' title='bbox 2561 5135 2698 5189; x_wconf 88' lang='lat' dir='ltr'><strong>ante</strong></span> <span class='ocrx_word' id='word_1_773' title='bbox 2729 5132 3032 5192; x_wconf 89' lang='lat' dir='ltr'><strong>Michaelis</strong></span> <span class='ocrx_word' id='word_1_774' title='bbox 3065 5131 3631 5206; x_wconf 63' lang='lat' dir='ltr'><strong>aitatem,dicendum</strong></span> <span class='ocrx_word' id='word_1_775' title='bbox 3655 5126 3730 5181; x_wconf 88' lang='lat' dir='ltr'><strong>est</strong></span> <span class='ocrx_word' id='word_1_776' title='bbox 3747 5132 3835 5176; x_wconf 83' lang='lat' dir='ltr'><strong>mo-</strong></span> 
     </span>
    </p>
   </div>
   <div class='ocr_carea' id='block_1_115' title="bbox 2256 5212 3832 5294">
    <p class='ocr_par' dir='ltr' id='par_1_115' title="bbox 2256 5212 3832 5294">
     <span class='ocr_line' id='line_1_115' title="bbox 2256 5212 3832 5294; baseline -0.005 -15"><span class='ocrx_word' id='word_1_777' title='bbox 2256 5233 2379 5279; x_wconf 84' lang='lat' dir='ltr'><strong>rern</strong></span> <span class='ocrx_word' id='word_1_778' title='bbox 2401 5222 2583 5279; x_wconf 89' lang='lat' dir='ltr'><strong>istum</strong></span> <span class='ocrx_word' id='word_1_779' title='bbox 2603 5221 2675 5278; x_wconf 93' lang='lat' dir='ltr'><strong>ab</strong></span> <span class='ocrx_word' id='word_1_780' title='bbox 2697 5221 2824 5294; x_wconf 89' lang='lat' dir='ltr'><strong>ipso</strong></span> <span class='ocrx_word' id='word_1_781' title='bbox 2845 5223 3059 5281; x_wconf 84' lang='lat' dir='ltr'><strong>Latinae</strong></span> <span class='ocrx_word' id='word_1_782' title='bbox 3074 5225 3343 5282; x_wconf 71' lang='lat' dir='ltr'><strong>Ecclesiae</strong></span> <span class='ocrx_word' id='word_1_783' title='bbox 3356 5219 3579 5280; x_wconf 80' lang='lat' dir='ltr'><strong>exordio</strong></span> <span class='ocrx_word' id='word_1_784' title='bbox 3596 5212 3832 5281; x_wconf 65' lang='lat' dir='ltr'><strong>receptum</strong></span> 
     </span>
    </p>
   </div>
   <div class='ocr_carea' id='block_1_116' title="bbox 2256 5297 3834 5388">
    <p class='ocr_par' dir='ltr' id='par_1_116' title="bbox 2256 5297 3834 5388">
     <span class='ocr_line' id='line_1_116' title="bbox 2256 5297 3834 5388; baseline -0.011 -20"><span class='ocrx_word' id='word_1_785' title='bbox 2256 5313 2533 5368; x_wconf 85' lang='lat' dir='ltr'><strong>fuisse.Et</strong></span> <span class='ocrx_word' id='word_1_786' title='bbox 2561 5315 2715 5367; x_wconf 90' lang='lat' dir='ltr'><strong>certe</strong></span> <span class='ocrx_word' id='word_1_787' title='bbox 2745 5311 2957 5369; x_wconf 66' lang='lat' dir='ltr'><strong>Graecis</strong></span> <span class='ocrx_word' id='word_1_788' title='bbox 2980 5320 3319 5388; x_wconf 90' lang='lat' dir='ltr'><strong>promptum</strong></span> <span class='ocrx_word' id='word_1_789' title='bbox 3345 5312 3544 5368; x_wconf 82' lang='lat' dir='ltr'><strong>fuisset</strong></span> <span class='ocrx_word' id='word_1_790' title='bbox 3563 5297 3755 5360; x_wconf 90' lang='lat' dir='ltr'><strong>Latinis</strong></span> <span class='ocrx_word' id='word_1_791' title='bbox 3769 5307 3834 5348; x_wconf 74' lang='lat' dir='ltr'><strong>ex-</strong></span> 
     </span>
    </p>
   </div>
   <div class='ocr_carea' id='block_1_117' title="bbox 2254 5393 3833 5475">
    <p class='ocr_par' dir='ltr' id='par_1_117' title="bbox 2254 5393 3833 5475">
     <span class='ocr_line' id='line_1_117' title="bbox 2254 5393 3833 5475; baseline -0.006 -17"><span class='ocrx_word' id='word_1_792' title='bbox 2254 5403 2500 5475; x_wconf 90' lang='lat' dir='ltr'><strong>probare</strong></span> <span class='ocrx_word' id='word_1_793' title='bbox 2531 5400 2709 5473; x_wconf 88' lang='lat' dir='ltr'><strong>hujus</strong></span> <span class='ocrx_word' id='word_1_794' title='bbox 2743 5401 2826 5457; x_wconf 91' lang='lat' dir='ltr'><strong>rei</strong></span> <span class='ocrx_word' id='word_1_795' title='bbox 2859 5404 3196 5473; x_wconf 89' lang='lat' dir='ltr'><strong>novitatem,</strong></span> <span class='ocrx_word' id='word_1_796' title='bbox 3245 5403 3296 5458; x_wconf 91' lang='lat' dir='ltr'><strong>si</strong></span> <span class='ocrx_word' id='word_1_797' title='bbox 3343 5417 3484 5458; x_wconf 91' lang='lat' dir='ltr'><strong>usus</strong></span> <span class='ocrx_word' id='word_1_798' title='bbox 3528 5395 3628 5452; x_wconf 88' lang='lat' dir='ltr'><strong>iste</strong></span> <span class='ocrx_word' id='word_1_799' title='bbox 3668 5393 3766 5444; x_wconf 69' lang='lat' dir='ltr'><strong>tam</strong></span> <span class='ocrx_word' id='word_1_800' title='bbox 3809 5394 3833 5431; x_wconf 73' lang='grc'><strong>³</strong></span> 
     </span>
    </p>
   </div>
   <div class='ocr_carea' id='block_1_118' title="bbox 2255 5477 3833 5567">
    <p class='ocr_par' dir='ltr' id='par_1_118' title="bbox 2255 5477 3833 5567">
     <span class='ocr_line' id='line_1_118' title="bbox 2255 5477 3833 5567; baseline -0.01 -19"><span class='ocrx_word' id='word_1_801' title='bbox 2255 5491 2572 5548; x_wconf 90' lang='lat' dir='ltr'><strong>schismate</strong></span> <span class='ocrx_word' id='word_1_802' title='bbox 2602 5489 2881 5547; x_wconf 86' lang='lat' dir='ltr'><strong>Photiano</strong></span> <span class='ocrx_word' id='word_1_803' title='bbox 2914 5492 3398 5551; x_wconf 85' lang='lat' dir='ltr'><strong>invaluisset.Nec</strong></span> <span class='ocrx_word' id='word_1_804' title='bbox 3431 5477 3833 5567; x_wconf 55' lang='lat' dir='ltr'><strong>porroLeoPOIf&#39;</strong></span> 
     </span>
    </p>
   </div>
   <div class='ocr_carea' id='block_1_119' title="bbox 2251 5569 3830 5656">
    <p class='ocr_par' dir='ltr' id='par_1_119' title="bbox 2251 5569 3830 5656">
     <span class='ocr_line' id='line_1_119' title="bbox 2251 5569 3830 5656; baseline -0.027 1"><span class='ocrx_word' id='word_1_805' title='bbox 2251 5581 2389 5636; x_wconf 57' lang='lat' dir='ltr'><strong>“rex</strong></span> <span class='ocrx_word' id='word_1_806' title='bbox 2435 5578 2648 5651; x_wconf 64' lang='lat' dir='ltr'><strong>8Jilque</strong></span> <span class='ocrx_word' id='word_1_807' title='bbox 2679 5580 2865 5636; x_wconf 89' lang='lat' dir='ltr'><strong>Latini</strong></span> <span class='ocrx_word' id='word_1_808' title='bbox 2899 5599 2963 5639; x_wconf 90' lang='lat' dir='ltr'><strong>eo</strong></span> <span class='ocrx_word' id='word_1_809' title='bbox 2994 5583 3275 5656; x_wconf 72' lang='lat' dir='ltr'><strong>perfrictze</strong></span> <span class='ocrx_word' id='word_1_810' title='bbox 3310 5577 3531 5645; x_wconf 89' lang='lat' dir='ltr'><strong>frontis,</strong></span> <span class='ocrx_word' id='word_1_811' title='bbox 3564 5569 3642 5627; x_wconf 88' lang='lat' dir='ltr'><strong>vel</strong></span> <span class='ocrx_word' id='word_1_812' title='bbox 3682 5569 3830 5656; x_wconf 71' lang='lat' dir='ltr'><strong>turpis</strong></span> 
     </span>
    </p>
   </div>
   <div class='ocr_carea' id='block_1_120' title="bbox 2253 5650 3829 5749">
    <p class='ocr_par' dir='ltr' id='par_1_120' title="bbox 2253 5650 3829 5749">
     <span class='ocr_line' id='line_1_120' title="bbox 2253 5650 3829 5749; baseline -0.001 -20"><span class='ocrx_word' id='word_1_813' title='bbox 2253 5669 2593 5746; x_wconf 76' lang='lat' dir='ltr'><strong>ignorantiae</strong></span> <span class='ocrx_word' id='word_1_814' title='bbox 2625 5650 3224 5749; x_wconf 77' lang='lat' dir='ltr'><strong>processissent,utab</strong></span> <span class='ocrx_word' id='word_1_815' title='bbox 3237 5685 3458 5731; x_wconf 87' lang='lat' dir='ltr'><strong>morem</strong></span> <span class='ocrx_word' id='word_1_816' title='bbox 3479 5663 3632 5725; x_wconf 87' lang='lat' dir='ltr'><strong>illum</strong></span> <span class='ocrx_word' id='word_1_817' title='bbox 3650 5650 3829 5728; x_wconf 64' lang='grc' dir='ltr'><strong>8Ρ⁰⁸ω³</strong></span> 
     </span>
    </p>
   </div>
  </div>
