4138 6186
260 287 416 355 1277

1235 281 1694 354 MABILLONII
1738 278 2214 358 DISQUISITIO
2258 284 2361 348 DE
2403 286 2704 352 AZYMO.

3511 300 3668 364 1278

254 423 451 483 lorum
480 423 844 498 temporibus
876 427 1132 498 repetere
1162 423 1290 481 ausi
1330 425 1546 491 essent,
1580 421 1629 478 si
1660 425 1780 477 tam
1813 435 1904 476 re-
1933 419 1990 486 A
2019 425 2386 481 secutionum
2421 425 2507 497 (ut
2525 424 2869 501 loquuntur)
2901 443 3029 500 quae
3061 427 3268 502 primis
3298 429 3414 490 illis
3437 434 3663 494 saeculis

257 532 396 573 cens
426 514 649 571 fuisset.

900 631 1127 688 CAPUT
1168 631 1260 687 XI.

532 739 793 812 Epilogus
821 744 873 795 et
901 740 1173 796 conclusio
1202 739 1631 810 prxmissorum.

334 875 632 929 Hactenus
690 871 976 944 quidquid
1031 872 1100 928 de
1148 871 1391 943 antiquo
1425 887 1534 925 usu
1569 883 1904 941 azymorum

259 964 417 1036 apud
451 961 686 1017 Latinos
717 961 1020 1016 observare
1044 960 1209 1016 licuit
1237 959 1558 1016 subsecivis
1588 958 1770 1024 horis,
1804 974 1906 1030 pro

260 1049 504 1108 modulo
536 1067 664 1105 meo
696 1049 1150 1126 exposui,rnulii
1201 1049 1498 1105 sententiae
1540 1047 1916 1121 pervicaciter

261 1140 668 1207 addictus,sed
696 1138 818 1194 solo
849 1127 1350 1211 veri‘agnoscendi
1382 1143 1438 1194 et
1468 1137 1911 1193 demonstrandi

262 1229 460 1286 studio
487 1229 798 1284 adductus.
822 1226 881 1282 Si
904 1227 1043 1298 quid
1068 1227 1304 1300 proieci,
1328 1227 1385 1282 id
1411 1230 1598 1282 totum
1629 1241 1914 1298 supremm

261 1317 506 1374 Veritati
566 1317 852 1372 tributum
908 1316 1060 1373 volo.
1092 1317 1149 1371 Si
1195 1317 1334 1389 quid
1380 1317 1608 1372 incaute
1640 1314 1914 1371 scribenti

265 1406 607 1472 excidit,aut
635 1405 875 1470 falsum,
900 1409 1002 1460 aut
1023 1405 1270 1461 dubium
1304 1422 1407 1478 pro
1429 1422 1561 1461 vero
1582 1406 1915 1472 obtrusum,

266 1495 436 1568 cupio
467 1493 672 1550 refelli.
732 1494 998 1550 Poteram
1057 1494 1295 1566 quidem
1343 1495 1576 1567 longius
1620 1494 1916 1567 progredi,

266 1585 322 1642 si
377 1582 726 1654 conjecturis
779 1581 1117 1655 plusculum
1176 1583 1479 1657 indulgere
1535 1583 1848 1638 voluissem
1904 1599 1917 1638 :

263 1677 327 1731 at
381 1671 671 1744 ejusmodi
703 1671 957 1727 inventis
1017 1673 1257 1728 modum
1289 1689 1503 1746 ponere
1555 1672 1740 1727 satius
1773 1669 1918 1725 mihi

2013 515 2457 588 grassabantur,
2491 515 2840 572 fermentato
2892 534 3038 588 pane
3093 537 3230 576 usos
3272 520 3332 576 in
3380 540 3440 578 re
3473 541 3659 593 sacra,

2021 603 2212 676 qualis
2238 603 2457 660 scilicet
2481 605 2670 678 magis
2693 606 2900 662 obvius
2944 612 3086 664 erat.
3115 609 3264 666 Sane
3291 610 3347 665 id
3381 628 3512 668 vero
3544 631 3659 670 non

2017 693 2288 749 absimile
2316 711 2556 765 prorsus
2590 699 2695 750 est.
2746 696 3092 768 Quanquam
3152 715 3268 754 non
3299 700 3378 756 ita
3409 701 3663 760 difﬁcilis

2019 788 2300 855 apparatu
2332 788 2422 839 est
2451 800 2690 856 azymus
2711 786 2974 856 panis,ut
2995 787 3084 842 vel
3113 790 3315 844 conﬁci
3345 807 3458 846 non
3476 792 3663 863 possit

2017 872 2164 928 citra
2176 872 2498 944 periculum
2511 872 2789 945 vulgandi
2805 878 3089 942 auctores;
3105 877 3189 932 vel
3207 880 3487 950 temporis
3506 880 3665 937 illius

2019 961 2484 1016 Christianorum
2530 961 2890 1033 diligentiam
2935 980 2999 1018 ac
3053 964 3323 1036 pietatem
3348 971 3661 1038 superavit.

2022 1049 2186 1105 Certe
2217 1051 2327 1105 Leo
2350 1055 2507 1122 Papa
2526 1051 2596 1105 IX
2617 1055 2882 1118 testatur,
2909 1058 3194 1125 martyres
3219 1059 3469 1125 nostros,
3499 1057 3555 1112 id
3580 1063 3670 1114 est

2025 1139 2239 1194 Latina:
2273 1139 2558 1206 Ecclesim,
2594 1140 2810 1212 azymis
2845 1142 3026 1197 fuisse
3051 1143 3369 1214 saginatos.
3394 1146 3463 1200 Et
3483 1148 3670 1204 multa

2024 1227 2137 1285 alia
2165 1228 2336 1300 longe
2358 1228 2690 1284 difﬁciliora
2711 1230 2926 1284 fiebant
2952 1233 3378 1302 parabanturve
3398 1234 3498 1290 illa
3523 1239 3669 1292 tem-

2027 1321 2272 1390 pestate,
2308 1320 2372 1372 ut
2400 1317 2548 1371 ritus
2580 1318 2930 1390 pcenitentize
2963 1320 3230 1390 publica,
3265 1322 3671 1394 amplissimus

2027 1405 2292 1462 Ecclesiae
2323 1406 2660 1470 thesaurus,
2688 1423 2864 1462 aurea
2888 1411 2944 1462 et
2967 1413 3243 1480 argentea
3263 1411 3344 1465 rei
3369 1428 3548 1467 sacrae
3571 1430 3669 1468 su-

2027 1495 2298 1567 pellex,et
2318 1499 2526 1550 caetera
2546 1495 2600 1550 id
2627 1511 2812 1566 genus
2836 1512 2950 1551 non
2974 1513 3178 1567 pauca.
3213 1497 3476 1571 Denique
3495 1501 3674 1557 etiam

2029 1583 2352 1640 hisnostris
2370 1583 2738 1656 temporibus
2770 1584 2955 1640 Latini
2987 1586 3268 1643 Catholici
3288 1588 3387 1659 qui
3409 1590 3565 1662 apud
3589 1591 3676 1646 in-

2031 1672 2232 1729 ﬁdeles
2255 1673 2340 1728 vel
2362 1673 2664 1729 haereticos
2695 1672 3033 1730 delitescere
3078 1681 3386 1748 coguntur,
3420 1683 3614 1735 tamen
3645 1698 3680 1737 a

267 1762 465 1819 visum
492 1765 600 1829 est,
634 1759 733 1832 qui
765 1759 1046 1817 historico
1078 1761 1249 1816 modo
1282 1777 1405 1817 rem
1448 1759 1718 1833 persequi
1754 1760 1917 1833 prin-
1952 1789 2000 1854 B
2033 1763 2293 1834 parando
2319 1762 2378 1816 in
2402 1778 2522 1817 rem
2549 1779 2774 1819 sacram
2800 1780 3000 1835 azymo
3023 1764 3358 1821 nullatenus
3381 1768 3677 1824 deterren-

272 1851 425 1924 cipio
457 1848 1028 1921 institui.Reliquum
1063 1853 1170 1917 est,
1193 1854 1257 1905 ut
1285 1850 1443 1906 brevi
1476 1849 1734 1906 oratione
1755 1848 1917 1904 colli-

269 1957 407 2014 gam
431 1940 586 2012 quod
617 1938 869 2012 sparsim
891 1938 951 1994 in
975 1939 1374 2012 superioribus
1396 1938 1600 1996 fusiori
1622 1939 1794 1994 modo
1818 1956 1913 1995 ex-

268 2029 483 2102 plicavi
495 2071 507 2082 .

345 2116 775 2174 Eucharistiam
807 2135 841 2173 a
860 2116 1089 2174 Christo
1111 2117 1355 2173 Domino
1373 2117 1430 2172 in
1456 2116 1672 2190 azymis
1694 2117 1924 2173 institu-

270 2212 398 2264 tam
431 2207 613 2263 fuisse
635 2205 869 2279 probavi
897 2225 908 2262 :
934 2221 1040 2262 nec
1083 2210 1282 2263 tamen
1305 2222 1373 2262 ex
1393 2207 1518 2278 ejus
1567 2207 1716 2261 facto
1748 2210 1923 2278 atque

272 2294 542 2368 exemplo
564 2295 902 2351 incumbere
917 2295 1322 2350 necessitatem
1338 2294 1712 2351 consecrandi
1727 2295 1786 2349 in
1803 2311 1927 2366 azy-

276 2385 418 2448 mis,
449 2384 595 2439 Hinc
617 2389 672 2440 et
703 2385 923 2440 Graecos
947 2384 1314 2451 fermentato,
1347 2389 1402 2440 et
1437 2384 1675 2441 Latinos
1723 2401 1924 2457 azymo

271 2475 350 2533 ab
382 2473 548 2530 initio
580 2473 849 2528 Ecclesiae
870 2473 954 2528 uti
979 2473 1261 2545 potuisse,
1284 2477 1340 2529 et
1371 2473 1608 2546 quidem
1641 2491 1781 2529 usos
1801 2491 1927 2530 esse

280 2564 430 2621 citra
443 2561 768 2636 periculum
794 2562 1244 2619 necessitudinis
1267 2563 1626 2619 Christianae.
1645 2564 1752 2619 Nec
1771 2563 1927 2619 enim

275 2670 380 2711 nos
439 2653 672 2725 offendit
724 2652 1084 2709 observantia
1139 2653 1443 2724 diversitas,
1497 2653 1594 2708 ubi
1629 2653 1758 2724 ﬁdei
1818 2669 1928 2708 non

280 2743 556 2800 scinditur
611 2747 815 2810 unitas,
877 2741 1070 2814 inquit
1099 2741 1408 2798 Fulbertus
1466 2743 1523 2797 in
1557 2742 1803 2815 epistola
1834 2760 1928 2798 se-

282 2833 497 2889 cunda.

355 2921 439 2976 De
469 2917 765 2993 Apostolis
788 2919 1398 2993 nihildixi,propterea
1418 2921 1592 2992 quod,
1621 2920 1760 2992 quid
1779 2919 1931 2976 hanc

279 3011 343 3067 in
366 3025 490 3066 rem
521 3008 766 3081 egerint,
790 3008 921 3064 silet
953 3007 1148 3064 omnis
1179 3009 1522 3081 antiquitas,
1544 3009 1591 3064 si
1615 3012 1808 3064 tamen
1841 3024 1932 3064 ex-

281 3097 472 3172 cipias
500 3097 837 3154 testimonia
867 3097 1077 3153 Leonis
1109 3097 1273 3170 Papae
1305 3096 1441 3154 noni
1471 3101 1527 3153 et
1556 3097 1806 3154 aliorum
1838 3113 1929 3153 se-

279 3156 590 3260 quacium,
623 3187 718 3259 qui
753 3186 1024 3242 Latinum
1049 3156 1270 3242 morem
1297 3188 1369 3242 ab
1399 3187 1662 3259 exemplo
1694 3187 1845 3242 Petri
1878 3191 1934 3242 et
1964 3156 2008 3227 α

275 3274 450 3333 Pauli
474 3275 883 3348 Apostolorum
909 3276 1192 3332 derivant.
1220 3277 1298 3332 De
1331 3276 1462 3332 aliis
1486 3293 1619 3332 vero
1639 3276 1931 3348 Apostolis

277 3364 430 3422 nihil
455 3365 855 3437 pronuntiant,
890 3382 1038 3437 quos
1064 3369 1219 3421 certo
1244 3365 1380 3438 pani
1403 3366 1461 3421 in
1484 3383 1544 3421 re
1566 3383 1730 3421 sacra
1750 3365 1932 3422 fuisse

273 3453 547 3512 addictos
573 3470 687 3509 non
711 3453 882 3510 facile
904 3455 1187 3510 conficere
1209 3455 1446 3528 poteris.
1470 3455 1661 3510 Habes
1683 3454 1743 3510 in
1767 3472 1937 3526 supe-

277 3542 428 3598 riori
459 3541 705 3614 epistola
760 3542 1214 3598 eminentissimi
1266 3542 1580 3600 cardinalis
1611 3544 1770 3598 Bona
1800 3560 1936 3599 con-

271 3633 540 3704 jecturas
561 3648 629 3687 ea
650 3632 722 3687 de
755 3647 817 3686 re
839 3631 1156 3688 admodum
1176 3631 1525 3704 probabiles,
1552 3632 1770 3705 quibus
1795 3631 1938 3686 nihil

290 3721 631 3777 addendum
661 3720 912 3775 videtur.

365 3810 454 3864 Ab
486 3808 895 3880 Apostolorum
927 3812 1187 3881 tempore
1233 3808 1507 3864 constitui
1551 3809 1724 3881 ccepit
1754 3809 1939 3864 eccle-

289 3897 535 3954 siastica
554 3897 1060 3970 disciplina,cujus
1085 3897 1349 3970 primarii
1366 3901 1628 3953 auctores
1649 3898 1809 3970 apud
1832 3899 1939 3953 La-

290 3987 452 4043 tinos
479 4003 814 4059 azymorum
834 4003 1011 4042 usum
1035 3985 1376 4059 praecepisse
1399 4004 1514 4042 non
1535 3986 1829 4042 immerito
1851 3988 1940 4042 vi-

295 4075 530 4131 dentur.
582 4077 666 4131 Ad
724 4077 873 4132 hanc
917 4075 1286 4148 disciplinam
1318 4075 1691 4130 sanciendam
1724 4076 1942 4130 conditi

293 4168 440 4220 sunt
468 4181 740 4232 canones,
773 4181 920 4237 quos
955 4181 1235 4221 vocamus
1263 4163 1681 4236 apostolorum,
1715 4163 1770 4218 in
1805 4181 1945 4236 quo-

291 4271 432 4310 rum
455 4255 623 4310 tertio
645 4254 978 4310 decernitur
1002 4272 1014 4310 :
1040 4254 1192 4310 Nihil
1219 4253 1378 4309 aliud
1406 4255 1465 4308 in
1502 4253 1776 4324 sacriﬁcio
1798 4270 1943 4326 prm-

287 4348 381 4400 ter
408 4343 466 4398 id
496 4343 636 4414 quod
665 4345 930 4400 Dominus
965 4343 1178 4412 stat-uit,
1229 4341 1582 4415 offerendum.
1638 4343 1770 4408 Quae
1819 4360 1944 4398 ver-

289 4433 374 4488 ba
404 4449 520 4488 non
553 4433 679 4489 sine
710 4432 1090 4488 fundamento
1147 4432 1322 4488 etiam
1354 4431 1423 4486 de
1453 4447 1790 4504 azymorum
1833 4449 1944 4487 usu

2035 1852 2285 1907 tur.Ha30
2307 1851 2376 1906 de
2398 1850 2606 1922 primis
2629 1852 2747 1907 illis
2768 1853 3133 1924 temporibus
3151 1856 3680 1928 magisprobabilia

2030 1945 2088 1998 et
2115 1940 2462 1996 verisimilia
2507 1940 2799 2008 videntur,
2834 1941 2996 1997 nullo
3030 1944 3266 2014 quidem
3294 1949 3446 2001 certo
3478 1963 3545 2001 ac
3576 1962 3677 2002 ne-

2033 2030 2285 2086 cessario
2309 2031 2782 2102 argumento,sed
2806 2031 3158 2101 conjecturis
3181 2036 3410 2088 tantum
3428 2033 3595 2102 fulta,
3618 2036 3678 2092 in
3769 2067 3778 2078 ι

2033 2120 2248 2192 quibus
2277 2119 2605 2175 sistendum
2640 2119 2856 2191 putavi,
2891 2121 3030 2175 dum
3064 2122 3311 2177 certiora
3343 2127 3676 2195 suppetant.

2031 2211 2234 2265 Exstat
2265 2209 2501 2281 quidem
2533 2208 2696 2264 locus
2721 2226 2822 2280 pro
2846 2225 3045 2281 azymo
3077 2209 3418 2266 Latinorum
3464 2212 3521 2268 in
3545 2214 3677 2269 Ser-

2035 2315 2205 2354 mone
2228 2299 2298 2353 de
2327 2301 2498 2353 Coma
2531 2297 2761 2353 Domini
2795 2298 2948 2369 apud
2976 2301 3270 2354 auctorem
3300 2299 3434 2354 libri
3466 2301 3536 2356 de
3557 2319 3681 2357 car-

2035 2387 2332 2443 dinalibus
2354 2386 2568 2443 Christi
2593 2387 2887 2459 operibus,
2910 2388 3009 2458 qui
3031 2387 3179 2442 liber
3201 2389 3310 2444 sub
3334 2390 3569 2445 nomine
3587 2392 3687 2463 Cy-

2037 2476 2225 2548 priani
2256 2475 2530 2548 vulgatus
2583 2483 2692 2532 est.
2751 2477 2822 2531 At
2853 2481 3054 2532 auctor
3106 2477 3214 2532 iste
3257 2479 3540 2534 recentior
3573 2483 3684 2548 est,

2039 2564 2260 2622 scilicet
2310 2564 2597 2621 Ernaldus
2645 2568 2736 2635 (ut
2782 2565 2955 2620 certis
3017 2569 3250 2621 constat
3297 2569 3684 2639 argumentis)

2040 2655 2222 2710 abbas
2252 2654 2591 2710 Bonzevallis
2623 2655 2680 2708 in
2714 2671 2852 2726 agro
2911 2654 3280 2722 Carnutensi,
3332 2657 3516 2711 sancti
3553 2661 3688 2712 Ber-

2040 2743 2204 2798 nardi
2237 2742 2465 2797 abbatis
2526 2741 2984 2797 Clarazvallensis
3036 2741 3275 2813 aequalis
3326 2745 3384 2798 et
3439 2742 3685 2812 amicus,

2040 2832 2180 2887 totis
2210 2832 2521 2904 nongentis
2554 2831 2723 2885 annis
2755 2831 3037 2903 Cypriano
3068 2831 3372 2902 posterior.

2114 2921 2301 2992 Magis
2349 2919 2644 2992 explorata
2688 2924 2829 2976 sunt
2868 2937 2994 2992 quae
3054 2920 3122 2976 de
3157 2925 3362 2990 quarto
3393 2923 3450 2977 et
3481 2921 3686 2977 subse-

2043 3008 2358 3080 quentibus
2393 3008 2624 3064 saeculis
2655 3013 2992 3064 occurrunt.
3027 3012 3100 3063 At
3128 3026 3261 3064 vero
3295 3013 3450 3065 certa
3479 3013 3535 3065 et
3565 3027 3690 3081 per-

2044 3101 2243 3168 specta
2294 3097 2566 3152 videntur
2617 3113 2702 3164 ea,
2738 3114 2864 3168 quae
2895 3097 2965 3151 de
3011 3096 3322 3153 universali
3352 3114 3689 3170 azymorum

2043 3204 2151 3242 usu
2185 3188 2316 3240 ante
2346 3185 2625 3242 saeculum
2650 3202 2869 3241 nonum
2895 3187 3049 3258 apud
3075 3185 3311 3241 Latinos
3334 3190 3562 3259 recepto
3590 3204 3689 3242 su-

2042 3275 2239 3347 perius
2269 3274 2544 3346 exposui:
2581 3275 2681 3345 qui
2739 3291 2866 3329 mos
2898 3292 3032 3330 cum
3094 3278 3226 3330 ante
3266 3292 3500 3331 omnem
3535 3275 3691 3332 illius

2043 3362 2326 3435 temporis
2356 3361 2662 3418 hominum
2697 3362 3038 3419 memoriam
3089 3363 3405 3419 invaluisse
3437 3364 3693 3420 creditus

2046 3453 2160 3509 sit:
2195 3453 2496 3507 fatendum
2554 3456 2643 3507 est
2694 3469 2827 3508 eum
2889 3441 2990 3508 aut
3020 3453 3092 3508 ab
3150 3452 3316 3525 ipsis,
3379 3458 3481 3509 aut
3512 3471 3694 3526 prope

2048 3543 2119 3597 ab
2179 3541 2321 3613 ipsis
2381 3541 2596 3596 Latina
2655 3541 2922 3597 Ecclesiae
2992 3542 3329 3614 primordiis
3390 3547 3689 3615 receptum

2049 3631 2253 3686 fuisse.

2119 3722 2479 3792 Argumenta
2497 3735 2630 3776 vero
2653 3736 2778 3791 quae
2802 3734 2905 3790 pro
2929 3718 3210 3774 fermento
3233 3718 3572 3774 Latinorum
3600 3719 3697 3773 ad-
3787 3698 3790 3700 Ὺ

2050 3809 2368 3878 ducuntur,
2413 3807 2521 3862 etsi
2570 3822 2672 3878 pro
2721 3822 3088 3862 summorum
3121 3805 3404 3872 virorum,
3436 3805 3537 3877 qui
3566 3805 3696 3875 ejus

2053 3896 2350 3952 sententiae
2370 3900 2636 3951 auctores
2650 3894 3096 3967 sunt,dignitate
3120 3897 3175 3950 et
3195 3893 3476 3967 gravitate
3499 3893 3696 3966 magni

2054 3986 2205 4058 apud
2239 4001 2330 4040 me
2361 3984 2479 4039 sint
2507 3983 2802 4056 ponderis,
2838 4000 2953 4038 non
2985 3987 3180 4039 tamen
3204 3983 3347 4040 adeo
3368 3983 3699 4040 necessaria

2054 4074 2199 4129 mihi
2221 4073 2580 4141 videntur,ut
2600 4072 2656 4127 id
2683 4072 2848 4128 fateri
2874 4090 2980 4128 nos
3001 4077 3248 4145 cogant;
3275 4087 3381 4129 nec
3411 4076 3566 4129 certe
3595 4089 3696 4128 va-

2054 4162 2282 4230 lidiora,
2317 4178 2492 4233 quam
2527 4178 2652 4234 quae
2683 4179 2716 4217 a
2746 4162 3046 4218 contrariae
3068 4162 3368 4218 sententiae
3389 4162 3697 4218 assertori-

2055 4253 2166 4307 bus
2193 4251 2393 4322 reponi
2417 4251 3034 4324 possint.Quapropter
3061 4251 3130 4306 de
3156 4251 3362 4325 primis
3384 4250 3502 4306 illis
3525 4267 3699 4305 saecu-

2054 4341 2128 4396 lis
2151 4345 2413 4396 remanet
2433 4340 2668 4412 quidem
2693 4340 3014 4414 plurimum
3037 4341 3566 4410 obscuritatis,quze
3590 4339 3696 4392 du-

2054 4431 2278 4486 bitandi
2307 4430 2609 4485 materiam
2633 4431 2886 4502 praebere
2905 4434 3128 4503 potest:
3153 4435 3211 4484 at
3232 4427 3499 4485 fermenti
3523 4444 3697 4482 usum

290 4520 575 4594 explicari
599 4525 883 4594 possunt:
908 4521 1382 4594 quandoquidem
1406 4521 1560 4594 apud
1582 4520 1942 4592 antiquiores
1973 4532 2019 4596 1)
2056 4520 2211 4592 apud
2241 4519 2479 4575 Latinos
2503 4520 2803 4576 asserendi
2831 4521 3007 4591 (quod
3031 4536 3162 4574 cum
3186 4519 3338 4573 bona
3351 4521 3553 4572 contra
3575 4533 3700 4572 sen-

287 4609 431 4667 illos
453 4611 652 4667 Patres
672 4627 1019 4684 persuasum
1043 4613 1184 4682 erat,
1209 4608 1504 4666 Christum
1527 4609 1585 4665 in
1609 4609 1782 4666 Coena
1802 4627 1938 4682 azy-

288 4715 466 4757 mum
497 4700 801 4757 obtulisse.

367 4789 640 4863 Oppones
668 4789 965 4864 probabile
1006 4788 1212 4858 videri,
1275 4787 1472 4845 ﬁdeles
1513 4791 1774 4860 tempore
1804 4803 1934 4860 per-

2053 4608 2330 4664 tientium
2359 4609 2528 4664 venia
2553 4608 2774 4664 dictum
2803 4607 2998 4680 velim)
3022 4607 3165 4662 mihi
3193 4606 3493 4663 sufﬁciens
3523 4622 3701 4662 causa

2056 4714 2170 4754 non
2199 4698 2451 4754 videtur.
