4138 6186
258 292 438 356 4289

1173 293 1424 360 EPIST.
1475 293 1577 357 DE
1621 291 2182 360 euenamsrus
2228 277 2782 365 SACRAMENTO.

3523 287 3682 370 4290

980 462 3635 494 m—WMW

1371 639 2578 802 ADELMANNI
2615 653 2620 656 ·

970 890 1075 950 EX
1119 889 1656 953 SCHOLASTIGO
1699 891 2116 954 LEODIENSI
2160 892 2509 955 EPISGOPI
2552 895 2994 960 BRIXIENSIS

1207 1077 1329 1149 DE
1387 1075 2057 1152 EUCHABISTI/E
2108 1076 2742 1156 SACRAMENTO

729 1296 916 1397 AD
1051 1291 2246 1399 BEBENGARIUM
2387 1297 3226 1406 EPISTOLA.

1446 1513 1802 1586 (Bibliotheca
1831 1515 2083 1580 Patrum,
2113 1514 2312 1589 XVIII,
2347 1517 2492 1588 438.)

1765 1663 2188 1681 Wu-

345 1789 567 1847 Dilecto
598 1788 659 1844 in
689 1788 918 1860 Christo
951 1789 1114 1846 fratri
1165 1788 1510 1845 scholastice
1554 1789 1920 1846 Bsaeuoamo
1949 1794 2004 1860 Α
2034 1791 2188 1855 Quos
2211 1791 2596 1849 nihilominus
2616 1792 2675 1849 in
2700 1793 2956 1865 psal.xui
2988 1795 3070 1850 ita
3090 1795 3400 1851 adnotatos
3431 1795 3679 1850 adverti-

262 1882 664 1936 ADELMANNUS
696 1877 944 1936 salutem
977 1878 1035 1933 in
1068 1877 1335 1934 Domino.

336 1968 773 2025 Collactaneum
802 1971 858 2023 te
889 1983 1085 2023 meum
1132 1967 1329 2022 vocavi
1378 1971 1615 2039 propter
1645 1966 1915 2023 dulcissi-

261 2073 430 2113 mum
464 2057 611 2114 illud
643 2057 1094 2114 contubernium
1129 2056 1283 2128 quod
1325 2072 1457 2110 cum
1491 2061 1546 2111 te
1577 2056 1913 2112 adolescen-

259 2146 414 2216 tulo,
445 2147 571 2220 ipse
603 2163 707 2220 ego
739 2145 1126 2218 majusculus,
1153 2147 1212 2201 in
1245 2145 1544 2202 academia
1571 2146 1914 2201 Carnotensi

259 2239 377 2295 sub
409 2242 608 2294 nostro
639 2235 738 2293 illo
765 2234 1082 2292 venerabili
1113 2236 1347 2291 Socrate
1377 2235 1451 2306 (3)
1478 2233 1914 2304 jucundissime

259 2327 440 2396 duxi;
475 2328 641 2397 cujus
671 2327 742 2382 de
773 2325 1036 2381 convictu
1069 2323 1304 2397 gloriari
1327 2323 1496 2378 nobis
1520 2322 1756 2395 dignius
1779 2322 1914 2378 licet

260 2433 443 2490 quam
473 2415 835 2490 gloriabatur
881 2413 1063 2480 Plato,
1105 2413 1325 2486 gratias
1375 2428 1553 2484 agens
1594 2415 1813 2467 naturae
1845 2428 1911 2468 eo

262 2507 421 2580 quod
445 2505 507 2561 in
529 2505 739 2560 diebus
761 2503 1016 2559 Socratis
1057 2503 1147 2558 sui
1169 2501 1467 2566 hominem
1500 2518 1559 2557 se
1589 2517 1703 2556 non
1736 2517 1909 2572 pecu-

258 2596 397 2651 dem
431 2595 773 2668 peperisset.
800 2593 918 2648 Nos
969 2591 1128 2646 enim
1172 2589 1520 2646 sanctiorem
1547 2589 1728 2644 vitam
1761 2588 1913 2645 salu-

256 2685 633 2755 brioremque
666 2681 993 2738 doctrinam
1033 2679 1305 2736 catholici
1349 2683 1405 2736 et
1436 2678 1909 2734 christianissimi

255 2771 521 2829 hominis
554 2770 772 2844 experti
825 2785 1054 2836 sumus,
1087 2772 1143 2824 et
1183 2784 1339 2822 nunc
1382 2768 1512 2838 ejus
1543 2767 1695 2839 apud
1730 2771 1908 2822 Deum

257 2863 537 2936 precibus
569 2860 831 2932 adjuvari
877 2874 1110 2930 sperare
1162 2857 1465 2912 debemus.
1498 2856 1695 2928 Neque
1753 2856 1908 2910 enim

256 2952 562 3024 putandus
590 2954 680 3005 est
730 2946 1096 3008 memoriam.
1129 2945 1188 3000 in
1240 2962 1356 3018 qua
1407 2961 1511 3000 nos
1543 2948 1824 3016 tanquam
1848 2945 1907 2999 in

258 3041 397 3096 sinu
433 3043 696 3095 materno
747 3053 979 3110 semper
1017 3035 1255 3098 ferebat,
1297 3033 1589 3102 amisisse,
1631 3037 1732 3087 aut
1777 3049 1908 3088 vero

256 3130 520 3186 charitas
541 3127 774 3194 Christi,
800 3143 916 3198 qua
956 3125 1110 3180 sicut
1149 3122 1299 3178 filios
1330 3121 1811 3194 amplectebatur,
1846 3121 1904 3177 in

258 3235 331 3274 eo
365 3215 646 3272 exstincta
687 3221 792 3271 est.
819 3214 928 3270 Sed
964 3215 1188 3284 absque
1237 3210 1414 3265 dubio
1447 3227 1670 3265 memor
1700 3209 1905 3279 nostri,

258 3305 515 3380 diligens
538 3304 768 3377 plenius
791 3319 969 3375 quam
994 3319 1126 3357 cum
1144 3301 1203 3355 in
1229 3315 1466 3370 corpore
1489 3298 1695 3354 mortis
1729 3298 1907 3369 hujus

255 3395 748 3468 peregrinaretur,
780 3391 988 3448 invitat
1010 3391 1081 3445 ad
1123 3407 1185 3446 se
1224 3389 1370 3444 votis
1419 3392 1474 3443 et
1503 3386 1693 3443 tacitis
1725 3387 1907 3459 preci-

255 3484 398 3551 bus,
430 3484 730 3540 obtestans
760 3498 864 3554 per
902 3483 1123 3536 secreta
1169 3477 1271 3532 illa
1293 3481 1349 3533 et
1376 3476 1710 3548 vespertina
1740 3474 1910 3531 collo-

256 3573 405 3644 quia
436 3589 561 3644 quae
594 3570 902 3626 nobiscum
952 3569 1011 3626 in
1061 3566 1294 3622 hortulo
1318 3567 1492 3637 juxta
1522 3563 1804 3636 capellam
1838 3565 1907 3620 de

256 3661 492 3718 civitate
523 3659 623 3716 illa
651 3675 828 3732 quam
860 3658 975 3713 Deo
1005 3655 1232 3712 volente
1263 3659 1499 3711 senator
1542 3671 1695 3710 nunc
1727 3653 1910 3726 possi-

260 3751 382 3816 det,
415 3749 628 3821 saepius
679 3747 956 3816 habebat,
990 3749 1046 3800 et
1084 3745 1398 3806 obsecrans
1450 3759 1552 3815 per
1596 3743 1905 3815 lacrymas,

261 3855 413 3912 quas
474 3838 766 3893 interdum
825 3836 884 3890 in
934 3833 1125 3890 medio
1185 3849 1451 3890 sermone
1499 3849 1907 3904 prorumpens,

263 3927 600 3984 exundante
623 3923 812 3981 sancti
836 3923 1060 3980 ardoris
1082 3923 1327 3994 impetu,
1349 3921 1750 3987 emanabat,ut
1773 3920 1910 3976 illuc

259 4016 428 4072 omni
489 4015 683 4071 studio
730 4028 1132 4086 properemus,
1163 4011 1315 4065 viam
1375 4009 1595 4081 regiam
1644 4007 1909 4064 directim

258 4106 620 4179 gradientes,
654 4107 990 4159 sanctorum
1035 4103 1275 4154 Patrum
1307 4097 1567 4169 vestigiis
1599 4098 1909 4152 observan-

257 4193 494 4249 tissime
515 4192 886 4258 iuhmrentes,
909 4195 970 4245 ut
1003 4187 1234 4244 nullum
1263 4203 1505 4258 prorsus
1527 4186 1585 4240 in
1609 4185 1912 4240 diverticu-

255 4280 646 4352 lum,nullam
680 4280 738 4335 in
763 4296 971 4335 novam
995 4283 1051 4333 et
1084 4276 1346 4332 fallacem
1387 4274 1656 4335 semitam
1681 4273 1910 4329 desilia-

260 4387 424 4439 mus,
457 4387 530 4426 ne
561 4369 706 4425 forte
752 4369 811 4424 in
857 4369 1100 4439 laqueos
1131 4370 1187 4421 et
1235 4362 1512 4420 scandala
1543 4363 1909 4430 incidamus;

260 4459 411 4532 quia
440 4458 592 4515 sicut
619 4459 699 4513 ait
745 4457 1085 4513 Psalmista:
1122 4478 1149 4505 ‹‹
1182 4454 1356 4509 Juxta
1410 4452 1520 4507 iter
1570 4452 1912 4508 scandalum

261 4542 595 4623 posuerunt
642 4546 785 4602 mihi
820 4546 989 4617 (Psal.
1050 4547 1292 4612 cxxxxx).
1348 4564 1375 4592 »

253 4641 437 4711 juxta
463 4637 594 4702 iter,
628 4636 738 4691 hoc
784 4639 874 4690 est
920 4639 1081 4689 extra
1131 4633 1260 4688 iter.
1293 4633 1372 4688 De
1427 4631 1520 4686 via
1550 4634 1745 4685 autem
1778 4631 1916 4702 quid

266 4726 462 4783 dicit?
499 4749 519 4774 α
549 4725 664 4780 Pax
685 4724 871 4779 multa
891 4721 1272 4795 diligentibus
1292 4719 1479 4792 legem
1503 4723 1689 4786 tuam,
1718 4724 1773 4774 et
1802 4737 1917 4774 non

264 4821 366 4873 est
395 4813 514 4870 illis
562 4812 906 4869 scandalum
953 4812 1124 4880 (Psal.
1185 4809 1398 4881 cxvm).
1433 4831 1460 4856 »
1519 4809 1587 4863 Et
1644 4809 1784 4880 quid
1835 4813 1922 4863 est

261 4903 366 4960 lex
384 4902 638 4973 Domini,
671 4902 785 4957 nisi
824 4902 916 4956 via
946 4898 1228 4955 Domini?
1259 4897 1422 4953 Sicut
1458 4896 1516 4951 in
1552 4896 1661 4951 alio
1694 4896 1920 4968 psalmo

266 4995 583 5048 cantatur:
632 5013 658 5040 ‹‹
707 4990 876 5045 Viam
923 4989 1332 5044 mandatorum
1384 4990 1619 5039 tuorum
1669 4985 1921 5052 cucurri,

267 5095 411 5136 cum
447 5078 704 5135 dilatasti
757 5097 854 5135 cor
897 5094 1095 5134 meum
1145 5075 1346 5146 (lbid.).
1404 5097 1423 5123 ι
1483 5074 1630 5145 Ergo
1688 5074 1746 5128 in
1805 5074 1919 5142 via,

267 5185 418 5243 pax;
455 5172 618 5223 extra
647 5165 1330 5237 viam,scandalum.Hoc
1364 5161 1707 5218 scandalum
1739 5162 1925 5217 incur-

268 5261 418 5314 runt
447 5257 570 5328 qui,
602 5260 706 5329 per
734 5256 985 5312 hareses
1016 5259 1076 5310 et
1121 5251 1443 5308 schismata
1473 5250 1790 5319 deviantes,
1824 5267 1923 5322 pa-

273 5363 405 5403 cem
439 5345 785 5402 catholicam
816 5345 1017 5417 impiis
1052 5339 1524 5398 contentionibus
1563 5338 1922 5395 rescindunt.

2031 1896 2204 1935 mus:
2245 1902 2265 1928 α
2301 1881 2583 1937 Contritio
2631 1887 2687 1936 et
2737 1880 3049 1938 infelicitas
3098 1883 3156 1938 in
3203 1883 3313 1938 viis
3363 1899 3585 1952 eorum,
3621 1887 3677 1940 et

2025 1968 2178 2024 viam
2203 1970 2363 2041 pacis
2385 1987 2501 2025 non
2526 1975 2936 2044 cognoverunt.
2973 1994 2998 2020 »
3042 1973 3180 2028 Ecce
3213 1971 3556 2027 scandalum
3586 1971 3674 2028 vel

2027 2058 2524 2129 potius‘scandala
2549 2076 2778 2132 ;ncmpe
2801 2061 3069 2116 contritio
3091 2065 3147 2116 ct
3179 2060 3486 2116 infelicitas
3516 2065 3675 2117 mter-

2025 2163 2132 2214 na;
2158 2163 2285 2220 quae
2307 2153 2622 2203 occurrunt
2643 2149 2702 2204 in
2726 2149 2951 2204 semitis
2973 2149 3379 2205 hrereticorum
3400 2150 3555 2205 viam
3576 2167 3671 2222 pa-

2024 2235 2107 2290 cis
2139 2237 2437 2292 catholicaa
2469 2255 2640 2294 nosse
2671 2238 3098 2293 recusantium.
3130 2241 3359 2294 Avertat
3389 2238 3671 2295 Dominus

2024 2341 2058 2379 a
2087 2328 2164 2391 te,
2197 2331 2393 2381 sancte
2428 2327 2624 2392 frater,
2659 2327 2901 2383 semitas
2947 2327 3112 2394 tales,
3147 2332 3203 2382 et
3242 2331 3539 2383 convertat
3570 2345 3670 2399 pe-

2024 2413 2124 2468 des
2155 2417 2288 2470 tuos
2319 2415 2374 2469 in
2410 2415 2750 2472 testimonia
2781 2434 2925 2484 sua;
2960 2420 3016 2472 et
3059 2417 3371 2472 mendaces
3405 2417 3671 2472 ostendat

2024 2501 2122 2572 qui
2148 2503 2364 2557 famam
2387 2507 2550 2559 tuam
2575 2509 2694 2560 tam
2715 2506 2865 2560 fmda
2897 2505 3027 2562 labe
3050 2505 3344 2560 maculare
3377 2505 3665 2573 nituntur,

2022 2596 2362 2662 spargentes
2414 2610 2854 2666 usquequaque,
2902 2599 2965 2649 ut
3005 2611 3120 2650 non
3167 2593 3359 2649 solum
3410 2594 3663 2662 Latinas,

2019 2696 2220 2735 verum
2253 2680 2426 2736 etiam
2460 2682 2808 2738 Teutonicas
2858 2700 3049 2749 aures,
3074 2684 3227 2738 inter
3267 2699 3412 2753 quas
3445 2681 3543 2736 diu
3568 2698 3667 2754 pe-

2022 2768 2852 2842 regrinor,repleverint,quasi
2875 2777 2932 2826 te
2957 2773 3026 2826 ab
3052 2771 3271 2826 unitate
3304 2775 3519 2826 sanctae
3542 2787 3665 2826 ma-

2019 2858 2128 2911 tris
2149 2857 2416 2913 Ecclesiaa
2450 2858 2780 2924 divulseris,
2813 2864 2870 2915 et
2905 2861 2976 2914 de
3027 2875 3263 2931 corpore
3293 2864 3348 2914 et
3380 2860 3665 2930 sanguine

2022 2946 2271 3013 Domini,
2302 2947 2456 3017 quod
2475 2948 2736 3018 quotidie
2758 2948 2816 3003 in
2841 2950 3111 3004 universa
3146 2953 3295 3004 terra
3321 2965 3496 3019 super
3529 2965 3661 3004 san-

2021 3039 2179 3090 ctum
2214 3034 2395 3091 altare
2428 3036 2970 3105 immolatur,aliter
3000 3054 3175 3110 quam
3207 3036 3352 3093 fides
3383 3037 3665 3092 catholica

2021 3126 2234 3189 teneat,
2269 3125 2482 3181 sentire
2512 3126 2798 3182 videaris:
2834 3126 2941 3181 hoc
2972 3132 3078 3194 est,
3131 3131 3197 3180 ut
3243 3126 3474 3181 illorum
3507 3126 3577 3180 de
3608 3129 3663 3180 te

2018 3211 2190 3266 dictis
2217 3218 2366 3280 utar,
2402 3231 2515 3269 non
2548 3230 2675 3270 esse
2714 3232 2914 3270 verum
2967 3232 3179 3288 corpus
3228 3215 3444 3271 Christi
3474 3230 3662 3285 neque

2017 3318 2220 3357 verum
2253 3303 2622 3374 sanguinem,
2657 3305 2757 3360 sed
2783 3305 3030 3376 ﬁguram
3062 3305 3380 3376 quamdam
3404 3308 3460 3359 et
3491 3302 3660 3359 simi-

2016 3389 2328 3446 litudinem
2355 3391 2366 3444 !

2090 3479 2218 3534 Haec
2251 3483 2384 3535 ante
2417 3479 2525 3536 hoc
2557 3482 2860 3538 biennium
2893 3499 3027 3538 cum
3061 3469 3664 3550 audissem,fraterni-

2016 3573 2195 3625 tatem
2253 3574 2417 3624 tuam
2467 3588 2568 3643 per
2625 3572 2931 3644 epistolam
2985 3574 3310 3639 convenire,
3360 3572 3536 3643 idque
3594 3589 3664 3628 ex

2015 3660 2199 3730 teipse
2241 3659 2454 3714 certius
2512 3661 2932 3716 sciscitandum
2995 3679 3125 3716 esse
3181 3661 3428 3715 decrevi.
3461 3659 3664 3716 Sciens

2018 3761 2188 3818 porro
2222 3747 2565 3804 familiarem
2591 3753 2760 3804 tuum
2784 3749 3088 3804 dominum
3113 3747 3665 3812 Paulinum,Meten-

2020 3852 2141 3891 sem
2166 3837 2698 3907 primicerium,tibi
2731 3837 3059 3908 propiorem
3091 3837 3313 3908 tibique
3364 3835 3665 3905 aliquanto

2018 3923 2357 3980 viciniorem
2394 3940 2542 3988 esse,
2575 3927 2632 3978 et
2663 3940 2791 3979 mea
2844 3925 3122 3996 petitione
3153 3930 3210 3980 et
3242 3941 3351 3979 sua
3382 3923 3668 3997 pollicita-

2022 4013 2176 4067 tione
2211 4012 2467 4084 delegavi
2492 4012 2604 4066 sibi
2643 4011 2821 4083 hujus
2845 4014 3059 4085 negotii
3110 4012 3566 4068 exsecutionem.
3596 4015 3671 4067 At

2020 4099 2117 4155 ille
2148 4102 2284 4169 (non
2318 4100 2472 4154 enim
2507 4099 2564 4153 in
2597 4099 2706 4155 hac
2737 4117 2796 4155 re
2828 4100 3067 4157 laudare
3098 4119 3231 4157 cum
3265 4103 3533 4174 possum)
3566 4117 3668 4157 ne-

2021 4188 2248 4261 gligens
2287 4188 2404 4243 sive
2455 4185 2801 4244 alterutrum
2853 4191 2973 4246 sive
3025 4197 3343 4262 utrumque
3375 4196 3666 4259 nostrum,

2024 4293 2211 4348 usque
2247 4276 2437 4332 adhuc
2483 4275 2717 4348 reliquit
2767 4295 2859 4334 me
2909 4297 3286 4352 suspensum.
3322 4280 3432 4334 Sed
3475 4279 3671 4332 divina

2023 4365 2212 4438 gratia
2228 4383 2333 4420 nos
2358 4382 2663 4437 nunquam
2689 4368 2992 4440 negligens
3010 4370 3310 4441 inopinato
3333 4368 3476 4422 mihi
3502 4368 3669 4420 obtu-

2026 4454 2095 4510 lit
2126 4453 2338 4510 melius
2362 4471 2539 4527 quam
2565 4457 3154 4530 optabam.0ptabam
3187 4460 3381 4512 autem
3414 4453 3672 4510 invenire

1433 4541 1579 4596 Nam
1633 4542 1787 4613 quod
1831 4544 1919 4596 est
1949 4524 1992 4592 Ο
2031 4543 2330 4598 hominem
2374 4544 2781 4616 peregrinandi
2826 4563 2933 4601 usu
2983 4547 3382 4611 exercitatum,
3417 4542 3672 4614 regionis

2029 4637 2085 4686 et
2114 4630 2328 4703 linguae
2357 4633 2706 4687 Francorum
2752 4651 2866 4688 non
2908 4636 3178 4708 ignarum
3207 4652 3218 4701 ;
3253 4637 3309 4688 et
3355 4647 3483 4686 ecce
3514 4629 3676 4686 stetit

2031 4721 2174 4776 mihi
2206 4737 2236 4775 e
2270 4721 2445 4776 latere
2480 4721 2655 4775 frater
2702 4722 2811 4776 iste
2842 4723 2932 4790 G.,
2967 4739 3034 4777 ex
3054 4727 3153 4778 tuo
3199 4721 3432 4777 nomine
3459 4736 3551 4775 me
3582 4736 3674 4775 sa-

2030 4809 2246 4865 lutans.
2279 4809 2565 4880 Ohstupui
2606 4826 2721 4879 prae
2769 4811 3003 4881 gaudio,
3038 4815 3093 4866 et
3141 4816 3336 4867 tamen
3369 4827 3483 4866 non
3515 4807 3677 4882 potui

2031 4902 2152 4953 tam
2177 4898 2478 4970 repentino
2503 4897 2732 4952 eventui
2754 4900 2927 4955 fidem
2962 4901 3250 4973 integram
3274 4901 3507 4971 habere,
3542 4897 3681 4969 quia

2033 4987 2209 5042 frater
2230 4988 2367 5041 item
2390 4985 2618 5040 nullum
2642 4987 2746 5042 abs
2768 4993 2824 5043 te
2867 4990 3102 5061 signum
3128 4990 3541 5046 litteratorium
3572 4985 3680 5055 (uti

2034 5092 2161 5131 mos
2183 5080 2270 5131 est
2289 5075 2442 5130 inter
2462 5074 2682 5130 amicos
2703 5080 2822 5130 tam
2847 5077 3016 5151 longe
3041 5085 3295 5135 remotos
3317 5083 3555 5146 tamque
3579 5074 3679 5127 diu

2033 5181 2148 5218 non
2179 5163 2354 5234 visos)
2387 5162 2699 5218 afferebat:
2730 5167 2886 5235 quod
2915 5172 3112 5223 tamen
3144 5169 3338 5240 ipsum
3374 5162 3574 5218 multis
3607 5161 3677 5214 de

2035 5251 2228 5307 causis
2258 5252 2425 5308 facile
2474 5253 2964 5324 persuasibilibus
3021 5257 3354 5311 excusabat.
3387 5253 3514 5307 Sive
3544 5264 3680 5320 ergo

2033 5356 2187 5406 vere,
2219 5339 2337 5394 sive
2367 5338 2534 5394 aliter
2584 5339 2691 5394 hoc
2742 5343 2970 5414 agebat,
2999 5361 3104 5416 ego
3159 5359 3292 5399 eum
3352 5358 3385 5396 a
3417 5337 3682 5394 Domino

348 5488 430 5562 (3)
462 5489 544 5545 De
571 5488 842 5544 Fulberto
883 5483 1242 5562 ACarnotensi
1292 5482 1560 5562 episcopo
1600 5481 1927 5562 eu_m_loqui
2037 5481 2381 5562 memoriam
2409 5480 2689 5553 Fulberti,
2733 5483 2944 5558 inquit,
2988 5501 3190 5559 pacem
3223 5481 3566 5541 catholicam
3596 5479 3684 5538 di-

275 5553 622 5641 apparet,ex
645 5577 712 5618 eo
743 5558 900 5633 quod
933 5557 1109 5630 paulo
1140 5554 1292 5613 infra
1315 5553 1928 5614 :«Per’suavissimam
2037 5554 2207 5631 ligas,
2238 5573 2266 5607 »
2293 5555 2401 5612 etc.
2819 5553 2832 5558 ’
2931 5553 2935 5555 ⁷
2988 5553 3007 5559 ⁷
3735 5557 3740 5565 ’

603 5689 872 5760 ΡΑτειοι..
914 5683 1191 5768 GXLIII.|

3287 5682 3362 5774 μ
