4138 6186
586 281 735 340 1291

1599 267 2056 332 ADELMANNI
2104 265 2458 334 EPISGOPI
2500 269 2971 333 BRIXIENSIS.

3740 278 3856 338 1299

587 414 978 486 praeparatum
1009 406 1153 474 mihi
1187 421 1314 462 esse
1343 422 1458 461 non
1480 405 1774 471 difﬁdens,
1813 403 1974 459 nolui
1999 403 2223 460 diutius
2251 403 2312 470 Α
2336 407 2562 460 cantem
2589 421 2601 459 :
2635 427 2663 453 ‹‹
2700 407 2814 476 Ego
2879 420 3010 459 sum
3043 402 3210 476 panis
3261 402 3415 458 vivus
3459 404 3545 475 qui
3579 404 3638 460 de
3662 405 3775 461 coelo
3796 410 3862 465 de-

587 498 962 558 dissimulare
995 496 1136 568 quin
1168 495 1292 568 ipse
1323 499 1517 551 mente
1549 510 1613 549 ac
1653 493 1863 566 spiritu
1899 510 2025 548 meo
2059 498 2224 564 (prae-

589 589 854 646 sentibus
884 585 1094 641 litteris
1122 589 1404 656 tanquam
1438 583 1648 654 pennis
1690 583 1917 653 induto)
1945 598 2046 654 per
2067 585 2228 636 tanta

586 683 874 733 terrarum
908 674 1096 746 spatia
1117 672 1888 739 transvolarem,obsecrans
1921 687 2022 742 per
2053 670 2227 725 misec

589 765 897 820 ricordiam
931 762 1051 828 Dei,
1086 778 1187 832 per
1234 759 1645 815 suavissimam
1707 759 2050 814 memoriam
2103 757 2228 812 Ful-

589 854 834 921 berti,ut
866 866 1068 922 pacem
1089 847 1433 904 catholicam
1457 847 1881 920 diligas,nequc
1915 847 2228 902 conturbes

591 940 1010 1012 rempublicam
1029 938 1104 992 Ch
1117 937 1366 992 ristianm
1382 937 1630 991 civitatis
1646 935 2181 1007 benecompositam
2197 952 2228 988 a

592 1029 912 1100 majoribus
930 1026 1173 1082 nostris:
1196 1043 1297 1097 pro
1317 1043 1427 1097 qua
1449 1025 1725 1080 totmillia
1740 1030 2063 1096 martyrum
2093 1041 2228 1079 con-

588 1124 678 1174 tra
708 1116 1092 1172 idololatriam
1117 1119 1173 1169 et
1195 1130 1439 1186 regnum
1466 1113 1674 1168 diaboli
1704 1113 1924 1167 tortiter
1944 1116 2229 1167 certantes

591 1205 1119 1278 triumphaverunt,
1155 1203 1521 1272 subindcque
1567 1202 1755 1256 sancti
1787 1202 2050 1256 doctores
2082 1200 2231 1255 bella

591 1296 778 1352 civilia
809 1295 881 1348 ab
912 1293 1199 1348 haereticis
1242 1295 1530 1346 commota
1570 1289 1842 1345 salutaris
1889 1289 2230 1360 eloquentiae

592 1383 938 1440 ﬂuminibus
970 1379 1596 1450 restinxerunt,itaque
1618 1394 1746 1432 eam
1778 1379 2231 1449 circumquaque

594 1473 1024 1534 munierunt,ut
1044 1469 1160 1540 iam
1186 1485 1370 1522 novus
1393 1467 1581 1522 hostis
1604 1466 1800 1522 nullus
1822 1467 2036 1523 oboriri
2059 1471 2235 1538 queat

593 1559 998 1631 qui,adversus
1021 1572 1148 1611 eam
1172 1555 1392 1626 aliquid
1413 1555 1747 1620 nitens,non
1773 1555 2048 1610 continuo
2073 1554 2233 1609 mille

586 1647 800 1720 jaculis
831 1647 1082 1716 desuper
1125 1643 1428 1698 ruentibus
1459 1645 1758 1698 obruatur.
1819 1643 1951 1699 Ideo
2009 1643 2235 1698 confusi

2337 492 2557 548 scendi.
2591 492 2648 548 Si
2673 493 2804 564 quis
2831 492 3270 548 manducaverit
3305 493 3372 547 de
3398 491 3496 548 hoc
3516 509 3660 564 pane,
3683 495 3800 550 vivet
3818 497 3860 552 in

2337 586 2618 636 aeternum
2645 601 2656 637 :
2693 587 2750 637 et
2783 581 2952 654 panis
2981 598 3154 654 quem
3185 597 3286 654 ego
3325 580 3484 648 dabo,
3513 598 3628 636 caro
3664 598 3765 638 mea
3787 590 3860 651 est,

2337 687 2442 740 pro
2475 671 2679 724 mundi
2713 671 2831 725 vita
2870 673 3046 740 (Joan.
3105 671 3203 741 v1).
3240 692 3267 718 »
3309 669 3464 733 Dabo,
3493 669 3675 740 inquit,
3702 687 3789 726 non
3809 674 3864 728 ait

2337 757 2478 812 dedi.
2527 759 2768 825 Quando
2829 777 2960 828 ergo
3015 758 3186 830 coepit
3240 757 3417 813 dare?
3463 758 3690 826 Quando,
3736 761 3865 831 pridie

2339 864 2509 916 quam
2537 852 2832 918 pateretur
2855 849 3076 919 accepit
3110 863 3338 920 panem,
3366 851 3420 900 et
3440 845 3649 901 elevatis
3667 848 3805 902 oculis
3827 851 3864 904 in

2340 934 2571 1001 crelum,
2600 935 2816 1008 gratias
2840 953 3016 1008 agens
3035 935 3344 999 benedixit,
3383 935 3562 1006 fregit,
3591 936 3724 990 dedit
3747 937 3868 991 disci-

2339 1023 2494 1096 pulis
2526 1026 2670 1091 suis,
2723 1025 2926 1079 dicens
2956 1041 2967 1078 :
3003 1024 3257 1095 Accipite
3303 1027 3358 1078 et
3406 1024 3677 1088 comeditc,
3701 1024 3781 1078 hoc
3812 1029 3869 1079 est

2340 1129 2552 1184 corpus
2585 1113 3093 1168 meum.Similiter
3113 1118 3169 1167 et
3193 1111 3724 1183 calicem,postquam
3744 1128 3872 1167 creua-

2340 1201 2438 1268 vit,
2473 1201 2705 1258 dicens:
2737 1203 2990 1274 Accipite
3029 1206 3088 1257 et
3110 1202 3291 1256 bibite
3329 1217 3394 1256 ex
3414 1217 3476 1254 eo
3496 1216 3688 1254 omnes.
3715 1201 3791 1254 Hic
3813 1205 3872 1255 est

2342 1290 2487 1344 calix
2518 1291 2822 1362 sanguinis
2854 1291 3094 1363 mei,qui
3127 1307 3230 1362 pro
3260 1289 3419 1344 vobis
3449 1293 3501 1344 et
3527 1305 3618 1360 pro
3645 1288 3802 1343 multis
3823 1289 3873 1343 ei-

2344 1379 2687 1433 fundeturin
2717 1378 3124 1434 remissionem
3141 1376 3690 1451 peccatorum(Matth.
3709 1381 3836 1442 xm).
3855 1399 3868 1426 ι

2343 1467 2483 1532 Quis
2513 1467 2621 1522 hoc
2646 1467 2725 1521 ita
2743 1484 2870 1523 esse
2891 1485 3005 1522 non
3025 1467 3348 1534 credit,nisi
3370 1467 3465 1538 qui
3490 1470 3580 1522 aut
3599 1465 3781 1521 Christo
3797 1482 3872 1521 non

2343 1555 2543 1622 credit,
2577 1559 2677 1610 aut
2707 1556 2902 1628 ipsum
2934 1555 3041 1610 hoc
3087 1555 3305 1612 dixisse
3345 1572 3455 1611 non
3499 1554 3698 1610 credit?
3721 1555 3803 1608 Sed
3829 1555 3874 1607 de

2344 1643 2660 1699 incredulis
2684 1644 2826 1698 nihil
2852 1645 2923 1698 ad
2951 1661 3079 1699 nos.
3099 1643 3317 1699 Dixisse
3343 1649 3531 1698 autem
3546 1643 3801 1706 Christum,
3818 1647 3874 1696 te-

592 1741 732 1794 sunt
760 1751 964 1791 omnes
993 1738 1051 1788 et
1107 1733 1461 1787 defecerunt.
1499 1731 1603 1786 Ubi
1659 1731 1815 1786 enim
1847 1735 1986 1788 sunt
2043 1731 2232 1787 Mani-
2263 1770 2311 1835 B
2347 1737 2464 1786 stes
2482 1749 2595 1787 non
2618 1733 2733 1788 duo
2752 1737 2980 1787 tantum
3004 1736 3106 1788 aut
3125 1736 3265 1800 tres,
3291 1732 3350 1786 in
3372 1732 3576 1803 quibus
3606 1753 3629 1780 ‹‹
3656 1735 3745 1785 stat
3761 1747 3873 1786 omne

594 1826 756 1892 chtei,
781 1823 880 1880 ubi
911 1821 1158 1878 Ariani?
1189 1823 1450 1886 Quonam
1483 1825 1603 1875 tota
1626 1819 1726 1875 illa
1760 1821 1928 1876 factio
1962 1820 2233 1892 perditis-

593 1916 878 1972 simorum
901 1912 1114 1968 civium
1138 1910 1320 1966 evasit
1338 1909 1737 1981 ?Computruit
1759 1910 1933 1964 etiam
1956 1910 2236 1964 memoria

594 2021 815 2062 eorum.
850 2005 922 2057 At
951 2017 1082 2058 vero
1111 1999 1480 2066 Ambrosius,
1534 1999 1920 2069 Augustinus,
1955 1999 2235 2070 Hierony-

594 2111 750 2163 mus,
782 2097 839 2149 et
859 2089 957 2146 alii
987 2088 1185 2162 plures
1217 2089 1535 2144 bestiarum
1582 2087 1788 2142 talium
1839 2103 2234 2158 OllpPeSSOI‘CS,

594 2201 728 2240 cum
763 2180 1036 2236 laudibus
1066 2178 1288 2244 vivunt,
1332 2177 1709 2248 quotidieque
1755 2175 2122 2247 splendidius
2155 2179 2235 2232 ef-

595 2273 931 2328 ﬂorescunt.
959 2270 1185 2321 Bonum
1227 2269 1336 2332 est,
1396 2266 1590 2329 frater,
1635 2265 1803 2319 nobis
1837 2265 2094 2336 parvulis
2127 2267 2235 2320 sub

594 2360 841 2415 istorum
881 2359 1096 2410 ducum
1156 2353 1342 2408 titulis
1399 2352 1756 2419 delitescere,
1813 2369 2063 2423 quorum
2116 2359 2233 2409 tam

594 2447 786 2503 valida
808 2449 1046 2514 tamque
1070 2440 1388 2514 probabilis
1409 2445 1497 2495 est
1518 2442 1670 2512 apud
1696 2440 2122 2497 ecclesiasticas
2143 2461 2238 2498 au-

595 2554 688 2592 res
710 2532 1026 2589 auctoritas
1048 2534 1384 2585 sanclarum
1416 2529 1695 2584 virtutum
1737 2529 1959 2600 fulgore
1991 2531 2265 2586 cazlestis

595 2622 892 2696 sapientim
920 2621 1047 2676 lucc
1086 2618 1452 2691 praepollens,
1487 2623 1552 2673 ut
1581 2624 1848 2673 extrema:
1871 2619 1997 2689 jam
2031 2621 2105 2675 sit
2136 2621 2235 2675 de-

596 2712 849 2778 mentia),
880 2709 967 2766 vel
1001 2710 1070 2764 dc
1094 2709 1314 2763 ratione
1337 2706 1467 2762 ﬁdei
1493 2705 1576 2763 vel
1610 2706 1680 2761 de
1721 2707 1922 2762 ordine
1970 2712 2122 2763 recte
2153 2708 2232 2762 νὶ-

541 2847 543 2850 ‹
595 2802 785 2873 vendi,
819 2801 904 2856 eis
926 2799 984 2853 in
1008 2798 1205 2868 aliquo
1230 2795 1528 2867 refragari.
1567 2797 1754 2861 Quare
1774 2796 1801 2850 ‘P
1824 2796 2025 2852 Nonne
2045 2797 2234 2852 homi-

594 2909 697 2948 nes
727 2892 911 2956 erant,
943 2891 999 2942 et
1051 2885 1168 2941 falli
1218 2885 1288 2939 ab
1336 2884 1468 2940 aliis
1518 2889 1689 2956 atque
1721 2883 1830 2956 ipsi
1865 2884 2062 2941 fallere
2091 2885 2235 2942 alios

594 2977 887 3053 poterant?
907 2977 991 3031 Ita
1013 2975 1169 3031 enim
1193 2972 1333 3029 dicit
1354 2973 1656 3045 Scriptura
1680 2975 2018 3046 verax,quia
2053 2995 2074 3023 α
2109 2992 2232 3031 om-

593 3071 682 3126 nis
705 3069 879 3124 homo
938 3066 1188 3120 mendax
1219 3063 1386 3134 (Psal.
1421 3065 1522 3132 x1).
1561 3085 1587 3110 »
1639 3061 1798 3118 Unde
1847 3079 1983 3135 ergo
2022 3081 2087 3120 eo
2119 3064 2236 3120 cul-

2343 1821 2605 1887 verbum,
2642 1844 2668 1869 »
2701 1822 2800 1876 sed
2836 1825 3084 1893 quatuor
3113 1821 3506 1892 probatissimi
3551 1819 3873 1889 certissimique

2345 1910 2633 1966 existunt:
2677 1911 2791 1966 duo
2851 1911 3072 1966 scilicet
3121 1927 3190 1966 ex
3249 1909 3680 1979 circumcisione,
3727 1915 3769 1964 et
3801 1908 3876 1961 duo

2345 2017 2412 2055 ex
2471 1999 2769 2072 praeputio,
2800 2005 2866 2054 ut
2914 2005 3159 2072 uterque
3207 1999 3459 2072 populus
3505 2000 3618 2055 suis
3664 2015 3716 2052 ac
3751 1997 3878 2068 legiti-

2344 2088 2461 2145 mis
2511 2089 2974 2156 auctoritatibus,
3028 2089 3148 2144 sive
3202 2089 3276 2144 ad
3335 2087 3569 2143 salutem
3609 2084 3705 2142 sive
3742 2084 3794 2140 ad
3815 2084 3877 2154 ju~

2347 2179 2563 2232 dicium
2597 2182 2873 2233 uteretur.
2922 2177 3072 2232 Dixit
3121 2177 3351 2249 utique,
3393 2176 3531 2231 dixit
3573 2175 3656 2230 ille
3691 2175 3764 2245 qui
3785 2172 3880 2225 dixit

2347 2271 2402 2322 et
2435 2267 2583 2322 facta
2615 2271 2770 2321 sunt.
2805 2266 2911 2328 Qui
2943 2266 3097 2321 enim
3149 2266 3299 2321 dixit
3351 2266 3408 2321 in
3453 2263 3728 2338 principio:
3757 2259 3879 2314 «Fiat

2349 2356 2468 2416 lux.
2504 2359 2559 2409 et
2591 2356 2741 2410 facta
2762 2355 2960 2409 estlux
2983 2355 3052 2409 de
3075 2353 3474 2426 mhilo(Gcnes.
3496 2359 3550 2423 ι),
3586 2377 3608 2399 ››
3639 2369 3729 2407 non
3757 2347 3881 2418 potuit

2348 2445 2592 2499 dicendo
2617 2444 2685 2498 de
2711 2461 2912 2516 pane,«
2949 2443 3064 2498 Hoc
3091 2448 3178 2498 est
3213 2460 3430 2516 corpus
3465 2459 3699 2507 meum,»
3723 2439 3781 2492 ita
3803 2433 3881 2490 fieri

2344 2533 2573 2588 efﬁcere
2596 2533 2622 2585 ‘?
2649 2533 2713 2587 Et
2735 2532 2834 2604 qui
2869 2532 3041 2586 tacita
3090 2533 3306 2587 virtute
3358 2548 3560 2604 aquam
3604 2528 3737 2584 vertit
3769 2527 3809 2579 in
3829 2523 3884 2576 vi-

2346 2637 2510 2686 num,
2544 2637 2658 2675 non
2690 2622 2987 2676 efﬁcacius
3035 2625 3268 2692 poterat
3301 2621 3372 2691 (si
3403 2620 3535 2693 quid
3565 2622 3728 2672 tamen
3752 2612 3883 2668 efﬁca-

2345 2708 2468 2763 cius
2500 2710 2570 2764 de
2625 2711 2732 2764 Deo
2781 2709 2891 2764 dici
2942 2710 3134 2780 debet)
3182 2714 3432 2765 sonante
3486 2707 3724 2763 vocaliter
3747 2702 3882 2758 eadem

2345 2797 2779 2865 virtute,vinum
2793 2798 2992 2870 ipsum
3009 2798 3066 2852 in
3081 2800 3434 2870 sanguinem
3447 2813 3607 2853 suum
3623 2785 3882 2849 transferre?

2343 2886 2503 2949 Quod
2528 2885 2576 2941 si
2596 2886 2727 2958 quis
2749 2887 2904 2959 apud
2929 2904 2990 2942 se
3012 2887 3165 2942 dicat
3185 2889 3453 2959 potuisse
3473 2887 3572 2942 hoc
3593 2886 3745 2940 facere
3763 2891 3884 2934 unum

2344 2974 2510 3030 illum
2533 2975 2850 3039 hominem,
2886 2976 2982 3048 qui
3025 2975 3202 3030 etiam
3237 2981 3387 3032 Deus
3426 2969 3776 3042 erat;ca:tcris
3795 2979 3880 3021 vero

2345 3063 2445 3136 qui
2477 3063 2586 3119 hoc
2612 3081 2725 3119 non
2751 3063 3266 3136 sint,impossibilc
3287 3081 3414 3121 esse
3434 3082 3444 3120 :
3463 3080 3562 3120 nos
3590 3074 3776 3131 quoque
3794 3068 3880 3111 cum

594 3157 770 3214 minis
814 3157 1218 3229 pervenerunt,
1251 3155 1316 3206 ut
1360 3151 1486 3222 jam
1547 3156 1742 3207 ratum
1794 3151 2125 3208 habendum
2159 3153 2236 3208 sit
2265 3140 2308 3204 C
2349 3169 2414 3209 eo
2439 3153 3049 3219 scntimus,sictamen
3068 3150 3884 3225 utperministeriumhumanum

600 3245 888 3320 quidquid
923 3245 991 3298 de
1015 3241 1228 3297 divinis
1260 3239 1552 3312 mysteriis
1586 3245 1896 3295 senserunt
1927 3242 2248 3296 memoria:-

603 3353 716 3408 quc
749 3331 1216 3389 mandaverunt?
1239 3329 1385 3383 Nam
1417 3332 1474 3382 et
1504 3328 1750 3400 gentiles
1783 3331 1980 3401 magni
2010 3331 2246 3401 quidam

597 3429 656 3478 et
688 3421 912 3476 nobiles
946 3417 1276 3490 philosophi
1323 3416 1512 3471 multa
1571 3416 1738 3481 falsa,
1773 3434 1902 3488 quae
1947 3420 2082 3488 jure
2113 3437 2249 3474 con-

592 3510 935 3576 temnimus,
965 3523 1081 3561 non
1105 3504 1300 3560 solum
1348 3505 1418 3558 de
1450 3509 1704 3560 creatore
1735 3505 1870 3573 Deo,
1903 3507 2005 3561 sed
2037 3508 2106 3562 de
2135 3507 2241 3563 hoc

603 3598 825 3656 mundo
846 3601 898 3651 et
927 3595 1019 3650 his
1045 3611 1171 3664 quae
1193 3593 1252 3646 in
1275 3609 1341 3646 eo
1373 3597 1529 3656 sunt,
1563 3593 1818 3648 sensisse
1848 3595 2244 3654 inveniuntur.

596 3689 748 3758 Quid
771 3686 927 3743 enim
970 3681 1290 3740 absurdius
1314 3680 1591 3736 afﬁrmari
1618 3686 1803 3754 potest
1829 3698 2004 3752 quam
2036 3686 2244 3742 coelum

587 3783 864 3849 astraque
881 3773 1079 3831 omnia
1101 3776 1278 3838 stare,
1314 3774 1528 3826 terram
1574 3787 1705 3826 vero
1729 3772 1932 3842 rapida
1961 3773 2244 3846 vertigine

590 3869 650 3924 in
683 3866 876 3922 medio
902 3861 1264 3919 circumferri
1292 3879 1304 3928 ;
1339 3859 1458 3915 falli
1476 3877 1608 3915 vero
1634 3877 1735 3916 eos
1769 3861 1867 3932 qui
1899 3868 2109 3934 putent
2141 3881 2247 3919 cce-

589 3957 760 4012 lcstia
801 3953 1037 4017 moveri,
1063 3950 1560 4023 quemadmodum
1594 3948 1878 4004 falluntur
1902 3951 2242 4024 navigantes

594 4043 809 4116 quibus
838 4047 1030 4095 turres
1062 4044 1235 4109 atque
1284 4039 1520 4094 arbores
1577 4055 1710 4093 cum
1768 4039 1912 4111 ipsis
1941 4039 2241 4098 littoribus

591 4132 863 4188 videntur
914 4126 1226 4182 recedere?
1284 4125 1464 4181 solem
1517 4132 1793 4198 praeterea
1854 4146 1968 4184 ron
2030 4129 2236 4199 calere,

595 4222 789 4279 nivem
823 4218 1204 4290 nigramesse,
1240 4215 1442 4270 audire
1481 4215 1613 4286 quis
1651 4216 1870 4272 ferat?

664 4311 812 4365 Sunt
833 4307 984 4380 apud
1011 4304 1142 4360 illos
1163 4303 1330 4375 plura
1350 4320 1510 4373 mque
1533 4309 1922 4376 monstruosa,
1939 4325 2065 4378 quae
2100 4326 2229 4379 pro-

593 4397 1016 4472 sequilongum
1040 4399 1122 4448 est
1159 4397 1213 4446 et
1231 4391 1595 4462 negatorium
1618 4392 1646 4446 ?
1676 4393 1755 4448 De
1786 4395 2000 4465 quibus
2032 4398 2238 4452 Doctor

2355 3242 2652 3298 Christum
2685 3242 2880 3314 ipsum
2932 3241 3156 3314 operari
3222 3243 3527 3298 fateamur.
3560 3240 3754 3297 Dixerat
3786 3232 3886 3289 enim

2356 3347 2486 3385 cum
2519 3330 2710 3386 adhuc
2739 3336 2892 3386 esset
2918 3347 3052 3385 cum
3085 3330 3433 3387 hominibus
3473 3328 3736 3385 mortalis:
3763 3321 3886 3375 «Sine

2358 3437 2449 3475 me
2469 3419 2608 3474 nihil
2630 3421 2868 3492 potestis
2907 3421 3091 3475 facere
3122 3421 3306 3489 (Joan.
3341 3421 3455 3491 xv).
3488 3445 3513 3470 ››
3547 3419 3610 3473 Et
3635 3406 3883 3472 immortalis

2356 3510 2612 3576 etI'cctus,
2642 3527 2774 3564 cum
2807 3509 2982 3564 cmlos
3016 3526 3377 3564 ascensurus
3408 3507 3744 3579 corporaliter
3765 3501 3882 3554 esset:

2361 3622 2380 3647 ε
2414 3599 2554 3652 Ecce
2584 3614 2708 3670 ego,
2744 3598 2954 3670 inquit,
2987 3597 3292 3653 vobiscum
3332 3616 3464 3654 sum
3495 3595 3731 3652 omnibus
3755 3585 3887 3643 diebus

2357 3703 2542 3757 usque
2559 3671 2628 3740 ad
2651 3685 3223 3743 consummationem
3251 3687 3451 3743 saeculi
3474 3685 3661 3757 (Matth.
3689 3675 3844 3743 xxvm).
3869 3690 3883 3714 υ

2354 3775 2499 3839 Quia
2529 3776 2686 3830 enim
2717 3793 2784 3831 ex
2829 3776 3058 3830 duabus
3110 3777 3338 3832 naturis
3390 3775 3623 3831 diversis
3651 3758 3887 3842 (alteracir-

2353 3863 2912 3936 cumscripta,altera
2948 3855 3890 3937 incircumscripta)compersonatus.

2352 3970 2453 4025 per
2465 3953 2964 4024 circumscriptam
2982 3952 3189 4008 deloco
3205 3954 3278 4008 ad
3303 3952 3495 4008 locum
3519 3937 3889 4025 transmigrabat:

2355 4041 3026 4113 perincircumscriptam
3050 4059 3202 4108 vero,
3229 4059 3349 4114 qua
3366 4035 3823 4102 illocaliterubique
3837 4024 3894 4114 esi

2352 4136 2528 4197 totus,
2553 4148 2683 4186 cum
2717 4130 2799 4186 eis
2829 4131 3191 4185 remanebat:
3226 4113 3334 4186 nec
3371 4136 3556 4186 tamen
3589 4125 3758 4183 Filium
3783 4113 3892 4207 Dei-3

2351 4220 2492 4274 Filio
2515 4220 2770 4274 hominis
2799 4219 3126 4292 separabat.
3151 4220 3414 4292 Denique
3446 4223 3500 4275 et
3529 4200 3892 4297 priusquamjl'

2348 4308 2462 4364 lius
2487 4309 2741 4364 hominis
2771 4313 2901 4363 actu
2935 4311 3276 4364 ascenderet
3316 4309 3376 4364 in
3427 4307 3643 4371 omium,
3673 4313 3776 4356 cum
3799 4288 3891 4347 Filio

2346 4397 2445 4453 Dei
2477 4397 2555 4452 ibi
2602 4401 2745 4463 erat,
2781 4397 2905 4468 ipso
2955 4401 3294 4464 attestante,
3347 4397 3447 4453 ubi
3507 4397 3617 4452 ait:
3652 4416 3670 4441 κ
3701 4389 3754 4444 Et
3778 4389 3890 4468 nemo

597 4495 833 4548 noster:
866 4509 893 4535 »
923 4485 1206 4548 Dicentes,
1241 4480 1449 4552 inquit,
1475 4497 1536 4536 se
1567 4498 1694 4537 esse
1725 4485 2037 4555 sapientes,
2073 4487 2234 4542 stulti
2269 4506 2312 4570 D
2344 4486 2605 4542 ascendit
2635 4488 2692 4542 in
2722 4486 2952 4558 coelum,
2988 4486 3099 4540 nisi
3133 4486 3232 4557 qni
3273 4484 3570 4541 descendit
3611 4482 3671 4536 de
3691 4463 3891 4570 cmlo,

594 4581 728 4639 facti
763 4581 903 4633 sunt
931 4576 1102 4642 (Rom.
1135 4572 1191 4644 i).
1225 4594 1245 4619 η
1278 4571 1401 4625 Non
1451 4570 1556 4626 hos
1587 4571 1758 4643 elegit
1789 4573 2093 4642 Dominus,
2127 4577 2227 4647 qui

588 4669 874 4743 superbia:
897 4662 1081 4719 intiati
1105 4661 1350 4733 spiritu«
1381 4667 1744 4716 evanuerunt
1776 4662 1834 4718 in
1867 4663 2231 4735 cogitationi-

585 4760 696 4815 bus
729 4758 872 4813 suis.
907 4777 934 4803 »
968 4758 1040 4806 At
1073 4751 1254 4806 nostri
1296 4749 1377 4805 illi
1428 4750 1626 4805 Patres
1675 4751 1927 4806 humiles
1961 4753 2135 4808 corde
2164 4769 2230 4807 ac

583 4862 868 4920 pauperes
900 4841 1132 4912 spiritu,
1163 4856 1266 4911 pro
1307 4839 1523 4910 quibus
1553 4838 1816 4894 Salvator
1848 4841 2073 4896 Patrem
2105 4841 2230 4914 glo-

585 4936 773 4991 riﬁcat
801 4933 908 4988 hoc
941 4931 1146 4985 modo:
1184 4952 1211 4979 ‹‹
1245 4928 1535 4983 Conﬁteor
1586 4929 1712 4995 tibi,
1747 4928 1936 5000 Pater,
1992 4930 2230 4986 Domine

583 5024 710 5081 εωΙί
735 5028 789 5078 et
829 5026 1015 5086 terrae,
1048 5018 1143 5088 qui
1187 5017 1540 5072 abscondisti
1577 5016 1696 5071 haec
1719 5033 1751 5071 a
1775 5019 2140 5089 sapientibus
2173 5024 2229 5075 et

581 5111 992 5186 prudentibus,
1027 5113 1083 5162 et
1112 5105 1377 5162 revelasti
1413 5121 1480 5159 ea
1529 5105 1788 5178 parvulis
1819 5107 2026 5179 (Matth.
2061 5109 2160 5180 x1),
2199 5131 2220 5158 ιι

583 5203 712 5258 ideo
745 5214 975 5257 veraces
1007 5199 1167 5260 sunt,
1201 5195 1340 5266 quia
1381 5193 1872 5266 participaverunt
1903 5201 1958 5252 et
1981 5197 2226 5252 cohaese-

582 5295 721 5346 runt
753 5290 832 5344 illi
880 5288 980 5360 qui
1028 5287 1143 5341 ait:
1187 5308 1205 5334 αι
1247 5285 1362 5354 Ego
1419 5301 1550 5337 sum
1611 5283 1720 5350 via,
1754 5285 1966 5340 veritas
2025 5289 2082 5340 et
2109 5285 2225 5342 vita

583 5381 759 5450 (Joan.
796 5378 930 5449 xiv).
971 5400 997 5424 ››
1030 5375 1109 5430 De
1141 5389 1253 5444 quo
1286 5374 1459 5427 etiam
1495 5373 1653 5427 intus
1685 5374 2032 5440 didicerunt,
2067 5375 2220 5445 quod

583 5463 1051 5523 de‘sacramento
1085 5464 1285 5531 hoc,de
1315 5479 1430 5534 quo
1462 5461 1858 5534 agimus,foris
1876 5465 2220 5518 docuerunt.

581 5555 907 5622 Audierunt
935 5553 1091 5613 enim
1115 5569 1250 5612 eum
1281 5551 1352 5612 de
1375 5551 1565 5628 seipse
1588 5550 1649 5611 in
1671 5550 1978 5628 Evangelia
2010 5551 2220 5628 praedi-

2337 4576 2450 4645 1ius
2479 4552 2733 4631 hominis
2757 4576 2854 4646 qui
2887 4580 2973 4630 est
3009 4576 3064 4630 in
3091 4552 3234 4630 cmlo
3255 4579 3436 4646 (Joan.
3465 4575 3566 4645 ιιι).
3597 4595 3619 4620 ››
3643 4568 3693 4624 Si
3718 4577 3819 4634 ergo
3842 4552 3893 4646 ibi

2340 4669 2459 4719 erat
2491 4682 2590 4736 per
2612 4664 2894 4720 unitatem
2922 4681 3248 4736 personae,q
3262 4683 3334 4720 uo
3361 4665 3610 4720 nondum
3638 4644 3896 4713 ascenderat

2342 4770 2446 4826 per
2466 4753 2876 4826 proprietatem
2895 4758 3031 4808 natu
3043 4760 3388 4826 rm,propter
3405 4752 3651 4809 eamdem
3667 4741 3889 4800 unitatem,

2341 4842 2547 4897 coelum
2573 4843 2916 4905 ascendens,
2942 4859 3072 4896 cum
3093 4842 3438 4898 hominibus
3469 4843 3522 4896 in
3548 4846 3682 4894 terra
3701 4835 3892 4918 remane.-

2341 4931 2455 4987 bat.
2483 4932 2622 4997 Quis
2654 4932 2809 4986 enim
2853 4903 3003 4986 alius
3044 4931 3309 4986 dicebat:
3342 4956 3367 4980 (ι
3395 4929 3578 4995 Saule,
3606 4920 3772 4984 Saule,
3794 4903 3887 5000 quid.

2340 5019 2860 5092 mepersequeris‘?
2894 5042 2921 5069 ›ι
2953 5021 3084 5090 (Act.
3121 5021 3220 5089 Ix.)
3247 5020 3448 5091 Neque
3482 5011 3752 5090 putandus
3776 5003 3888 5092 esiei

2339 5108 2581 5181 angelus
2614 5125 2714 5180 pro
2765 5108 2996 5163 Christo
3047 5109 3414 5180 apparuisse,
3449 5121 3574 5162 cum
3607 5103 3716 5173 ipse
3741 5084 3889 5181 Salii“

2335 5199 2574 5252 effectus
2599 5178 2808 5252 Paulus
2832 5199 3031 5268 postea
3066 5178 3221 5251 dicat
3250 5214 3262 5250 :
3299 5220 3324 5246 «
3369 5193 3671 5251 Novissime
3692 5178 3884 5268 omnia}:1

2335 5290 2612 5356 tanquam
2647 5257 3095 5353 abortivo,visus
3127 5290 3214 5339 est
3238 5289 3295 5339 et
3317 5284 3459 5338 mihi
3491 5274 3771 5373 (ζβοζιξνλ

2334 5374 2445 5428 alio
2478 5373 2636 5429 loco:
2671 5397 2698 5422 ‹‹
2728 5374 2928 5429 Nonne
2963 5373 3269 5428 Dominum
3291 5374 3490 5429 Jesum
3515 5349 3880 5426 Christumvidl‘!

2332 5464 2376 5533 (Ῑ
2407 5464 2524 5518 σον·
2561 5463 2660 5534 IX).
2696 5467 2810 5517 Aut
2839 5477 2970 5517 vero
3009 5461 3218 5517 Saulus
3258 5460 3449 5516 adhuc
3480 5451 3707 5513 inﬁdelis
3735 5443 3878 5534 τερίυξ

2329 5528 2418 5612 est
2438 5551 2497 5610 in
2521 5528 2825 5625 coelum,ut
2846 5549 2963 5610 illic
2985 5550 3314 5614 eiChristus
3338 5537 3773 5629 loqueretur;aut
3798 5528 3884 5604 iP"
