4138 6186
659 306 812 369 1295

1674 306 2138 370 ADELMANNI
2181 306 2533 370 EPISCOPI
2573 301 3040 369 BRiXIENSIS.

3782 308 3888 372 1996

659 440 799 512 quid
836 441 913 495 ibi
946 455 1178 508 sensus,
1213 442 1352 514 quid
1375 441 1521 497 ratio
1544 441 2301 513 deprehendat,videamus.
2335 441 2384 504 A
2419 441 2503 497 sio
2535 441 2864 496 tribuatur:
2897 440 3048 496 sicut
3077 453 3281 494 sensus
3313 433 3487 492 carnis
3505 436 3647 508 paulo
3664 441 3889 499 antedoce-

661 530 973 601 Liquorem
993 546 1122 586 esse
1138 530 1391 601 aliquem
1405 576 1417 597 ,
1433 531 1827 601 interrogatus
1848 535 2038 586 tactus
2058 547 2308 601 pronun-

659 617 806 684 tiat;
840 618 1021 684 visus,
1052 619 1100 673 si
1135 620 1278 674 forte
1310 619 1368 673 in
1399 635 1533 674 vase
1564 623 1672 688 est,
1706 619 1978 690 quisnam
2011 619 2206 691 liquor
2234 619 2310 673 sit

663 706 1003 774 addubitat;
1035 709 1135 762 sed
1167 713 1397 779 gustus,
1427 713 1708 779 tanquam
1741 708 1944 764 tertius
1967 709 2133 763 testis
2156 706 2312 762 adhi-

662 795 842 858 bitus,
876 813 1088 867 aquam
1121 813 1252 852 esse
1281 796 1994 869 incunctanterexplorat.
2034 797 2307 857 Ulterius,

665 884 779 939 nisi
806 883 993 949 fallor,
1028 884 1136 940 hac
1169 886 1225 940 in
1260 903 1318 940 re
1343 885 1600 941 ofﬁcium
1626 903 1800 940 suum
1826 903 2037 941 sensus
2060 903 2171 941 non
2198 884 2314 956 pol-

665 972 887 1027 licetur.
919 974 983 1026 At
1013 973 1161 1028 ratio
1193 973 1363 1045 longe
1385 973 1615 1045 lateque
1635 979 1899 1045 penetrat
1920 975 2184 1040 interius,
2211 991 2311 1028 na-

666 1066 977 1132 turamque
1007 1061 1407 1117 insensibilem
1436 1063 1846 1134 perspicaciter
1875 1064 2156 1126 intuetur,
2208 1063 2315 1116 hoc

665 1153 775 1213 est,
793 1149 1067 1206 mobilem
1082 1157 1253 1221 atque
1268 1151 1403 1205 obtu
1414 1167 1537 1205 sam
1553 1167 1700 1216 esse,
1717 1151 2021 1205 humidam
2039 1152 2317 1206 substan-

666 1238 903 1306 tialiter,
935 1237 1204 1310 frigidam
1237 1239 1599 1306 naturaliter,
1634 1240 1692 1292 in
1727 1256 1914 1294 aerem
1949 1240 2067 1294 sive
2110 1240 2166 1294 in
2205 1244 2316 1295 ter-

669 1344 791 1382 ram
825 1328 1076 1383 converti
1109 1345 1236 1383 eam
1259 1327 1538 1399 possibile
1569 1343 1733 1383 esse:
1773 1332 1830 1382 et
1860 1326 1909 1382 si
1941 1327 2078 1398 quid
2128 1327 2318 1382 adhuc

669 1414 849 1482 aliud,
875 1416 1027 1485 quod
1053 1417 1321 1471 novimus
1342 1416 1816 1488 autignoramus,
1834 1417 1904 1470 de
1923 1420 2132 1470 natura
2149 1433 2322 1486 aqua-

669 1521 801 1559 rum
828 1503 1092 1575 indagari
1125 1509 1330 1576 potest.
1364 1506 1662 1569 Quomodo
1687 1509 1883 1560 autem
1909 1522 2011 1576 per
2031 1522 2242 1577 aquam
2267 1510 2324 1560 et

668 1591 940 1664 spiritum
967 1594 1165 1650 anima
1188 1596 1584 1667 regeneratur,
1607 1598 2093 1666 peccatorumque
2115 1594 2321 1649 remis-

2416 531 2590 584 batur
2612 547 2724 583 non
2750 544 2919 600 posse
2942 528 3010 582 ad
3039 526 3277 582 rationis
3297 524 3641 581 excellentiam
3663 531 3891 596 ascendere,

2419 619 2499 674 ita
2529 619 2785 690 profecto
2818 622 2874 673 et
2903 618 3098 672 minus
3120 616 3349 671 forsitan
3369 612 3504 670 valet
3522 615 3642 669 ratio
3669 616 3724 670 ad
3746 616 3823 672 hoc
3843 620 3893 673 in-

2420 705 2734 763 scrutabile
2764 722 3038 760 arcanum
3075 705 3358 776 aspirare;
3388 707 3441 759 et
3457 707 3622 758 tamen
3649 703 3894 761 ﬁrmiterte-

2421 811 2650 861 nemus,
2673 795 2975 849 verissime
2993 793 3349 857 confitemur,
3373 791 3599 846 animam
3618 791 3896 863 incorpoream

2421 900 2523 954 per
2549 900 2758 954 aquam
2783 897 3121 952 corpoream
3147 880 3377 944 renasci,
3401 885 3554 951 atque
3578 881 3624 933 in
3641 897 3744 934 eum
3759 885 3898 936 statum

2422 988 2537 1042 quo
2561 973 2748 1028 fuerat
2769 972 2952 1026 Adam
2978 971 3232 1025 nondum
3255 969 3622 1041 praevaricans,
3644 971 3828 1041 reparari
3842 971 3898 1039 {5).

2424 1062 2607 1116 Deum
2633 1075 2864 1131 quoque
2888 1059 3101 1130 ipsum,
3119 1059 3284 1129 cujus
3305 1058 3733 1128 enigmaomnem
3754 1064 3902 1129 superat

2424 1149 2804 1217 intellectum,
2831 1166 2944 1203 non
2965 1147 3154 1203 solum
3181 1147 3438 1202 novimus
3465 1163 3577 1201 esse
3603 1147 3723 1217 quod
3736 1146 3906 1202 inﬁdeles

2428 1241 2738 1307 fateantur,
2761 1255 2958 1293 verum
2993 1237 3168 1292 etiam
3210 1252 3384 1290 unum
3440 1236 3765 1305 eumdemque
3797 1235 3904 1288 trium

2429 1344 2807 1399 personarum
2843 1325 3428 1396 iucircumscriptum,
3483 1323 3668 1394 ubique
3712 1322 3908 1377 illocaliter

2428 1422 2655 1478 totum;
2688 1432 2868 1486 neque
2901 1420 3098 1470 tamen
3130 1431 3304 1471 sensu
3347 1420 3443 1470 aut
3495 1413 3685 1468 ratione
3721 1412 3906 1466 habemus

2429 1506 2539 1561 hoc
2569 1505 3076 1577 comprehensum.

2906 1594 3178 1648 Videntur
3201 1594 3374 1648 multa
3401 1591 3579 1648 deesse.

1766 1928 2973 2074 ADELMANNI

1376 2156 1479 2215 EX
1526 2154 2055 2216 SCHOLASTICO
2100 2155 2512 2215 LEODIENSI
2559 2154 2907 2214 EPISCOPI
2952 2153 3390 2214 BRIXIENSIS

2036 2315 2288 2394 Rythmi
2332 2315 2728 2394 alphabetici.

1173 2475 1337 2567 DE
1398 2474 1730 2567 VIRIS
1802 2474 2618 2567 ILLUSTBIBUS
2691 2475 2886 2569 SUI
2948 2474 3590 2568 TEMPORIS.

1657 2652 1845 2724 (Apud
1880 2653 2121 2708 MABILL.
2154 2653 2394 2708 Anatect.
2431 2670 2560 2708 nov.
2593 2654 2759 2720 edit.,
2792 2669 2920 2726 pag.
2958 2655 3106 2726 382.)

2116 2940 2670 3028 MONITUM

749 3121 1070 3176 Armonicze
1101 3119 1392 3175 facultatis
1426 3118 1717 3190 aspirante
1742 3119 1949 3190 gratia,

681 3211 885 3267 Refero
915 3209 1067 3265 viros
1088 3208 1368 3272 illustres,
1399 3207 1728 3262 litterarum
1758 3207 2003 3274 lumina,

683 3302 838 3364 Quos
873 3298 1085 3354 recenti
1118 3298 1458 3352 recordatur
1486 3313 1653 3351 mens
1685 3296 1884 3352 dolore
1917 3297 2131 3351 saucia.

755 3386 987 3442 Bestiali
1022 3387 1246 3441 feritate
1277 3403 1436 3440 mors
1467 3387 1674 3440 acerba
1695 3386 1938 3440 saeviens

682 3475 745 3530 In
779 3473 1075 3529 scholares
1101 3475 1334 3529 efferata
1363 3479 1642 3544 tanquam
1679 3472 1765 3529 leo
1796 3474 2058 3544 rugiens,

645 3621 648 3624 ,
682 3563 906 3618 Passim
935 3562 1097 3617 dedit
1127 3569 1352 3633 strages
1384 3562 1506 3616 dire
1537 3562 1850 3632 plusquam
1883 3580 1980 3616 aer
2027 3562 2322 3633 pestilens.

751 3653 1089 3707 Carnotena:
1121 3651 1296 3704 decus
1328 3649 1492 3704 urbis
1524 3650 1900 3704 memorande
1933 3651 2207 3720 pontifex,

677 3741 754 3796 Te
783 3740 1062 3812 primum,
1097 3740 1264 3795 Pater
1296 3737 1584 3804 Fulberte,
1617 3738 1755 3792 dum
1790 3742 1844 3792 te
1879 3754 2057 3792 conor
2112 3738 2320 3803 dicere,

679 3830 850 3902 Fugit
879 3846 1090 3896 sermo,
1125 3845 1225 3883 cor
1252 3826 1542 3898 liquescit,
1577 3827 1993 3881 recrudescunt
2033 3826 2319 3899 lacrymze.

748 3919 1114 3990 Deploranda
1145 3915 1488 3989 singillatim
1524 3915 1709 3969 multa
1767 3916 2001 3986 quidem
2056 3917 2319 3983 memini,

678 4007 885 4077 Utpote
916 4005 1206 4061 convictor
1235 4005 1394 4060 senis
1426 4005 1649 4059 haerens
1670 4021 1819 4075 smpe
1848 4004 2036 4072 lateri,

674 4096 826 4148 Aure
861 4094 1062 4148 bibens
1094 4094 1212 4148 oris
1244 4094 1460 4148 fontem
1491 4109 1737 4148 aureum
1771 4091 2054 4148 melliﬂui.
2136 4138 2141 4143 .

748 4182 899 4237 Eheu
931 4183 941 4236 Ξ
980 4187 1199 4253 quanta
1229 4182 1513 4253 dignitate
1543 4180 1782 4236 moralis
1813 4181 2138 4250 industrize,

675 4274 903 4338 Quanta
935 4287 1126 4326 rerum
1159 4271 1459 4343 gravitate,
1492 4271 1798 4325 verborum
1831 4269 2158 4338 dulcedine,

671 4361 1012 4432 Explieabat
1041 4358 1261 4414 altioris
1293 4375 1504 4413 arcana
1533 4357 1827 4413 scientiae?

744 4449 1014 4505 Floruere
1044 4453 1098 4503 te
1132 4449 1356 4503 fovente
1378 4445 1695 4501 Galliarum
1729 4447 1943 4514 studia,

672 4541 757 4594 Tu
792 4540 1006 4602 divina,
1038 4543 1099 4592 tu
1134 4537 1393 4591 humana
1423 4534 1725 4591 excolebas
1754 4536 2047 4608 dogmata,

668 4627 981 4700 Nunquam
1014 4643 1223 4700 passus
1255 4624 1552 4680 obscurari
1578 4624 1852 4680 virtutem
1884 4625 2125 4681 desidia.

742 4718 963 4791 Gurges
994 4718 1148 4772 altus
1179 4720 1242 4770 ut
1271 4715 1523 4768 minores
1557 4712 1799 4768 solvitur
1830 4713 1887 4767 in
1916 4713 2127 4786 alveos,

673 4805 860 4876 thue
892 4823 1140 4877 magnus
1173 4822 1239 4860 ex
1271 4821 1332 4858 se
1377 4801 1594 4857 multos
1660 4802 1851 4856 fundit
1909 4803 2061 4874 ignis
2122 4805 2314 4862 radios

669 4894 763 4949 Sic
795 4895 1053 4967 insignes
1087 4891 1418 4966 propagasti
1453 4908 1551 4962 per
1583 4891 1812 4946 diversa
1839 4891 2146 4962 plurimos.

739 4984 1085 5051 I-Iildierum,
1112 4998 1285 5053 quem
1321 4978 1612 5051 Pupillam
1645 4997 1985 5052 nuncupare
2015 4982 2192 5049 soliti,

667 5075 829 5142 Quod
865 5071 1112 5147 pusillus
1143 5075 1316 5138 esset,
1352 5069 1469 5123 imo
1504 5069 1854 5139 perspicaeis
1886 5069 2087 5126 animi.

666 5169 1010 5221 Ceterorum
1042 5161 1313 5233 princeps
1345 5163 1517 5229 atque
1558 5157 1996 5230 communiceps
2056 5161 2308 5231 praesuli.

741 5256 795 5308 Is
829 5252 1176 5324 magistrum
1211 5247 1494 5303 referebat
1516 5246 1698 5310 vultu,
1730 5263 1886 5313 voce,
1912 5248 2202 5306 moribus:

667 5343 1032 5416 Hippocratis
1065 5343 1246 5394 artem
1291 5337 1548 5408 jungens
1607 5335 1859 5390 Socratis
1918 5338 2310 5406 sermonibus,

741 5512 816 5582 (5)
847 5511 1004 5582 Quod
1040 5509 1109 5563 ad
1138 5505 1450 5582 essentiam
1484 5503 1679 5582 gratiae
1722 5502 2101 5582 justiticantis
2134 5507 2310 5582 Adun-

665 5573 825 5648 taliet
853 5573 1079 5654 attinet,
1099 5597 1214 5637 non
1237 5594 1352 5654 quo
1369 5575 1440 5635 ad
1463 5573 1606 5633 alias
1628 5573 1958 5633 excellentis
1977 5577 2105 5649 ejus
2128 5577 2312 5636 felicis

2361 3120 2406 3182 Β
2438 3117 2551 3173 Nec
2585 3119 2782 3173 minus
2816 3119 3195 3191 Pythagoreis
3234 3103 3564 3192 indulgebat
3592 3115 3772 3171 fidibus.

2515 3207 2805 3263 Cbaritate
2833 3208 2969 3279 Sigo
3001 3213 3201 3263 noster
3235 3209 3441 3281 plenus
3470 3212 3627 3280 atque
3652 3199 3805 3277 gratia,

2447 3294 2629 3350 Multa
2663 3296 2927 3368 praebens
2959 3312 3076 3360 ore,
3111 3313 3297 3352 manu
3331 3297 3557 3352 advenis
3583 3292 3765 3353 solatia,

2441 3383 2769 3455 Singularis
2800 3385 3057 3456 organali
3090 3387 3378 3458 regnabat
3405 3387 3462 3441 in
3490 3383 3702 3440 musica.

2513 3474 2852 3528 Lambertus
2900 3474 3288 3542 Parisiaeum,
3334 3475 3687 3548 Engelbertus
3730 3463 3932 3522 Genabum'

2437 3561 2810 3633 Occupabant
2842 3562 3160 3618 lectionum
3195 3564 3318 3619 otio
3353 3562 3646 3626 venalium,
3897 3630 3918 3639 ﬂ

2435 3631 2730 3712 Quies—tum
2767 3652 2836 3706 de
2867 3652 3019 3723 pube
3055 3653 3415 3708 Francorum
3449 3654 3715 3724 captantes
3734 3659 3809 3698 non
3826 3631 3920 3692 modi

3825 3729 3929 3778 lcum.

2504 3828 2730 3882 Martini
2763 3845 2994 3900 quoque
3019 3828 3342 3896 roncivem,
3365 3831 3462 3886 sed
3487 3846 3590 3884 non
3612 3839 3741 3896 aeque
3759 3814 3936 3874 sobrium,

2431 3916 2684 3988 Dignum
2716 3917 2864 3973 duco
2894 3923 3218 3973 memoratu
3247 3918 3597 3974 Rainaldum
3629 3905 3898 3970 Tumnicum.

2429 4007 2768 4076 Promptum
2795 4005 3015 4080 lingua,
3041 4007 3189 4080 style
3212 4005 3731 4081 largum,valentem
3748 4000 3933 4154 g3“;

3826 4091 3884 4131 icu
3927 4109 3932 4119 -

3807 4087 3932 4132 ticum-

2498 4183 2609 4238 Nec
2642 4187 2762 4253 tua,
2797 4183 3350 4251 Girarde-Gilberte,
3387 4183 3649 4240 fraudabo
3676 4171 3829 4232 naenia.

2429 4271 2680 4343 Ligerim
2713 4273 2925 4326 ﬂavum
2961 4275 3214 4329 revisens
3267 4275 3339 4330 ab
3397 4273 3635 4329 Jordane
3681 4269 3726 4321 et
3769 4256 3931 4325 SOll'ma'

2427 4360 2704 4416 Occidisti
2737 4366 2971 4432 propter
2996 4360 3220 4417 Mosam
3254 4363 3368 4418 sub
3391 4357 3624 4417 Virduni
3653 4349 3829 4411 maenis.

2499 4448 2541 4502 Ο
2573 4454 2629 4503 et
2656 4454 2711 4504 te
2735 4449 2860 4504 dira
2892 4450 3134 4520 peremit
3165 4451 3512 4506 aemulorum
3545 4445 3710 4509 factio,
3872 4514 3894 4521 __

2429 4537 2742 4609 Postquam
2774 4516 2992 4593 missus
3024 4555 3084 4592 es
3109 4539 3434 4612 EurOpeam
3459 4525 3780 4612 perflagranti
3798 4516 3928 4577 studia

2426 4625 2666 4681 Scholas
2699 4625 2916 4681 multas
2947 4626 3238 4698 expilasti,
3276 4629 3524 4684 Waltere
3555 4612 3841 4692 Burgundio.

2495 4715 2644 4770 Proh
2668 4715 2678 4768 l
2698 4716 2744 4770 si
2769 4733 3067 4787 nunquam
3095 4718 3405 4772 revertisse
3421 4717 3487 4771 ad
3515 4717 3644 4768 lines
3662 4703 3936 4766 Allobrogum.

2425 4806 2651 4869 Quanta
2680 4821 2835 4859 nunc
2862 4805 3205 4861 auctoritate
3237 4807 3536 4861 decorares
3567 4792 3791 4856 Latium!
3824 4876 3832 4883 θ

2425 4897 2644 4948 Docens
2672 4893 2955 4965 quidquid
2990 4894 3255 4950 revexisti
3301 4897 3371 4952 ab
3422 4891 3596 4948 hortis
3649 4873 3930 4965 Hesperidum-

2495 4981 2633 5043 Quis
2666 4998 2725 5036 se
2756 4982 3012 5048 tandem,
3048 4999 3213 5038 sacer
3246 4985 3417 5039 heros
3450 4983 3542 5054 (ὅ),
3573 4977 3698 5035 satis
3738 4981 3843 5118 5839:

3829 5059 3928 5103 ven--

3829 5059 3910 5103 ven:
3922 5059 3928 5085 λ

2422 5159 2601 5229 Cujus
2632 5157 2738 5214 hos
2768 5163 2822 5214 et
2852 5158 3068 5215 multos
3101 5160 3303 5232 plures
3335 5161 3558 5215 officina
3585 5148 3830 5232 protulit,
3897 5217 3902 5225 ι

2424 5222 2679 5314 Ωιιυουυω
2713 5247 2961 5319 quisque
2993 5222 3118 5321 pra;
3139 5267 3196 5304 se
3229 5250 3384 5312 tulit,
3419 5247 3566 5319 quod
3585 5222 3639 5299 te
3666 5251 3784 5294 usus
3815 5222 3928 5325 {aerii-

2495 5336 2894 5408 Raginbaldus
2926 5338 3340 5411 Aggrippinas,
3375 5337 3460 5392 vir
3487 5339 3675 5408 pot—ens
3698 5329 3880 5396 ingenim

2423 5510 2612 5561 status
2643 5505 2973 5578 qualitates.

2492 5579 2569 5654 (6)
2600 5577 2886 5636 Fulberte.
