4116 6188
550 308 707 383 1303

1903 326 2215 395 NIGOLAI
2255 325 2309 394 ιι
2351 288 2603 397 peius.

3687 331 3805 401 ωσι

549 451 610 509 in
636 453 913 533 civitella;
966 473 1072 514 nec
1117 476 1230 517 non
1272 463 1329 518 et
1373 463 1590 519 terram
1647 463 1912 537 Hugonis
1959 464 2189 539 nepotis
2218 465 2274 533 Α
2301 465 2413 522 bus
2442 465 2605 522 nulla
2634 480 2697 522 se
2726 464 3029 524 occasione
3075 464 3422 540 permisceat.
3464 465 3689 527 Abbazem
3709 489 3804 532 vero

548 543 830 602 Bernonis
862 547 932 603 de
963 548 1342 622 Montenigro.
1375 554 1733 626 Insuperque
1775 554 2190 611 conﬁrmamus

550 633 739 690 eidem
789 638 1143 693 monasterio
1189 640 1248 695 in
1294 646 1644 713 perpetuum
1695 660 1922 717 massas
1967 648 2085 701 tres
2129 645 2189 699 in

550 724 830 780 comitatu
900 726 1175 783 Perusino
1236 732 1498 801 positas:
1551 749 1728 788 unam
1777 750 1903 805 quae
1953 738 2193 788 vocatur

550 810 787 879 Pusulo,
819 813 1060 871 alteram
1092 817 1356 887 Filomio,
1402 825 1457 874 et
1504 821 1676 877 aliam
1727 839 1854 894 qua:
1896 808 2194 893 nuncupa-

550 905 645 953 tur
674 900 942 972 Casalini,
978 924 1108 960 cum
1142 908 1425 976 ccclesiis,
1468 911 1640 978 casis,
1685 911 1892 979 vineis,
1946 911 2190 982 campis,

552 986 758 1056 hortis,
794 996 1111 1063 montibus,
1165 998 1335 1053 cultis
1388 1006 1441 1053 et
1496 1000 1754 1066 incultis,
1803 1002 2194 1070 omnibusque

552 1076 677 1131 suis
708 1080 1069 1149 pertinentiis
1097 1103 1108 1149 ;
1156 1088 1573 1143 monasterium
1608 1106 1838 1161 quoque
1863 1090 2055 1143 Sancti
2089 1089 2194 1141 An-

553 1164 666 1236 geli
688 1167 745 1220 in
771 1170 1044 1226 comitatu
1081 1174 1307 1242 Arisati,
1340 1176 1399 1231 in
1426 1177 1549 1232 loco
1573 1178 1669 1249 qui
1693 1177 1906 1232 dicitur
1927 1177 2192 1233 Tolliano

554 1257 611 1307 et
632 1253 948 1323 Lunisano,
1002 1278 1135 1316 cum
1184 1263 1346 1319 cellis
1394 1269 1449 1319 et
1496 1265 1735 1337 capellis
1781 1267 1926 1332 suis,
1976 1270 2029 1321 et
2060 1282 2191 1322 cum

555 1344 830 1399 omnibus
888 1347 1011 1403 suis
1073 1352 1521 1420 pertinentibus.
1580 1355 1694 1411 Nec
1742 1371 1855 1410 non
1905 1355 2191 1426 quidquid

554 1431 829 1504 deinceps
861 1437 1163 1506 praefatum
1196 1442 1389 1495 Sancti
1409 1441 1557 1496 Petri
1580 1443 2022 1512 monasterium,
2049 1460 2191 1515 quo-

553 1518 839 1589 vismodo,
895 1524 1107 1581 divinis
1166 1529 1251 1584 vel
1319 1529 1593 1587 humanis
1663 1532 1891 1605 legibus
1940 1534 2191 1605 cognito,

551 1606 849 1677 acquirere
870 1615 1143 1682 potuerit,
1168 1615 1346 1686 hujus
1368 1619 1551 1674 nostri
1582 1621 1883 1692 apostolici
1910 1620 2191 1694 privilegii

551 1697 749 1753 tenore
778 1699 1217 1759 conﬁrmamus.
1253 1706 1569 1763 Licentiam
1603 1725 1835 1781 quoque
1856 1710 2066 1765 damus
2087 1710 2193 1766 tibi

553 1784 623 1840 de
654 1786 1206 1859 omnibus-clericis,
1240 1799 1358 1850 tam
1390 1797 1450 1851 in
1474 1800 1823 1855 monasterio
1845 1798 2190 1872 degentibus

553 1888 846 1948 quamque
859 1879 1033 1935 etiam
1047 1882 1186 1938 foris
1200 1883 1257 1938 in
1271 1887 1741 1955 possessionibus
1754 1890 1881 1960 ejus
1899 1887 2188 1943 manenti-

552 1960 684 2031 bus,
720 1981 753 2029 a
769 1981 1117 2042 quocunque
1138 1972 1390 2030 volueris
1413 1976 1617 2033 idoneo
1638 1981 1694 2033 et
1718 1975 2193 2034 canonicelocato

553 2050 824 2140 episcopo
844 2070 909 2113 eo
933 2061 1260 2129 ordinandi,
1276 2069 1330 2119 et
1344 2065 1602 2123 chrisma
1615 2066 1676 2122 in
1689 2067 1809 2123 tuis
1826 2067 2097 2140 plebibus
2108 2082 2196 2121 ac.

552 2137 763 2210 cipere.
786 2145 842 2197 Si
874 2152 1070 2203 autem
1089 2151 1161 2204 ab
1183 2152 1452 2226 episcopo
1474 2154 1533 2210 in
1556 2157 1725 2227 cujus
1747 2137 1979 2212 dicacesi
1997 2154 2195 2228 praefa-

553 2232 679 2316 tum
710 2237 1131 2291 monasterium
1161 2240 1341 2295 situm
1372 2247 1478 2311 est,
1513 2261 1618 2301 nec
1647 2246 2064 2316 ordinationes,
2087 2258 2193 2300 nec

554 2315 805 2411 chrisma
853 2325 1113 2390 potueris
1157 2329 1431 2385 canonice
1482 2336 1538 2387 et
1581 2334 1763 2404 gratis
1802 2315 2063 2390 obtinere
2094 2336 2195 2388 aut

553 2407 886 2473 impetrare,
922 2416 975 2463 el
1004 2410 1074 2465 de
1104 2414 1364 2470 ecclesiis
1397 2421 1807 2477 consecrandis
1835 2421 2038 2477 eodem
2070 2437 2192 2476 mo-

552 2488 627 2581 do
648 2510 668 2557 ;
691 2494 748 2546 et
768 2493 967 2552 nullus
986 2499 1296 2571 episcopus
1317 2506 1388 2560 ad
1422 2506 1575 2562 idem
1617 2509 2040 2565 monasterium
2070 2494 2195 2581 per-

551 2579 834 2640 tinentem
886 2592 1408 2661 excommunicare,
1474 2604 1573 2653 aut
1634 2599 1912 2655 damnare
1960 2579 2189 2667 audeat,

551 2670 603 2726 si
645 2670 705 2727 in
753 2690 931 2733 causa
980 2696 1087 2736 sua
1124 2687 1412 2752 nostrum,
1477 2705 1542 2743 ac
1599 2693 1811 2745 sancta
1862 2688 2191 2760 apostolicae

550 2761 704 2818 sedis
736 2769 1123 2836 patrocinium
1164 2777 1219 2829 et
1251 2791 1489 2832 examen
1521 2778 1764 2851 ﬂagitat.
1813 2778 2056 2835 Romani
2087 2794 2191 2834 au-

548 2853 668 2906 tem
715 2857 1008 2924 pontificis
1057 2862 1276 2919 donum
1329 2866 1572 2922 abbatiaa
1622 2873 1679 2923 et
1727 2869 1909 2924 abbas
1957 2868 2103 2940 ipse,
2136 2870 2193 2924 et

551 2945 908 3002 consecratio
939 2949 1169 3007 abbatis
1200 2954 1277 3009 sit
1305 2954 1364 3009 in
1397 2960 1761 3028 perpetuum.
1796 2958 1863 3012 Et
1911 2955 2069 3013 omni
2102 2972 2190 3012 re-

551 3032 712 3085 mota
758 3037 1147 3108 excusatione,
1212 3044 1328 3100 nisi
1395 3046 1695 3114 canonica,
1754 3047 1825 3102 ad
1876 3046 2187 3119 synodum,

550 3120 1020 3199 quandocunque
1051 3145 1087 3184 a
1125 3147 1357 3189 summo
1406 3135 1676 3206 pontiﬁce
1722 3139 1962 3192 vocatus
1994 3133 2186 3203 fuerit,

2299 556 2485 612 eidem
2518 557 2892 622 monasterio,
2924 573 3041 613 non
3070 555 3269 625 alium,
3315 557 3407 614 sed
3448 575 3597 631 quem
3629 561 3810 635 dignum

2298 646 2582 715 moribus,
2614 651 2788 717 atque
2817 652 3020 718 aptum
3052 645 3363 718 disciplinis
3380 648 3678 718 monastice,
3700 668 3810 709 com-

2300 736 2464 789 muni
2497 751 2805 805 consensu,
2838 735 3204 808 congregatio
3233 739 3348 792 tota
3391 740 3683 808 poposcerit,
3707 741 3745 796 si
3766 758 3814 798 ex

2300 841 2362 879 se
2393 824 2681 891 habuerit,
2709 823 2797 880 vel
2828 826 2874 879 si
2909 825 2983 880 ab
3016 823 3130 879 alia
3151 824 3561 896 congregatione
3579 828 3667 883 sibi
3684 828 3815 901 elege-

2301 913 2394 978 rit,
2430 914 2650 984 absque
2694 912 2889 984 aliqua
2937 911 3262 979 venalitate,
3292 929 3324 967 a
3367 913 3595 969 Romano
3620 916 3818 986 pontiﬁce

2302 1003 2783 1057 consecrandum.
2820 1003 3197 1057 Decernimus
3224 1001 3391 1057 etiam
3411 1007 3472 1056 ut
3495 1020 3666 1059 omnes
3686 1006 3823 1062 eidem

2302 1091 2638 1147 monasterii
2671 1091 2883 1146 carthre
2913 1089 3213 1146 contrariae
3243 1095 3296 1147 et
3323 1090 3518 1147 nocisz
3548 1092 3736 1149 omnino
3755 1111 3822 1149 va-

2303 1197 2421 1235 cuas
2447 1186 2505 1236 et
2530 1182 2732 1236 inanes
2762 1179 3033 1236 existant.
3065 1184 3341 1235 Praeterea
3386 1180 3664 1252 apostolica
3686 1187 3828 1238 nostra

2301 1269 2640 1325 auctoritate
2670 1269 3084 1325 constituimus
3113 1273 3170 1325 et
3197 1269 3586 1325 conﬁrmamus
3610 1274 3663 1324 ut
3685 1268 3829 1327 nullus

2301 1359 2639 1431 imperator,
2671 1376 2789 1427 rex,
2822 1357 3154 1430 episcopus,
3205 1357 3338 1421 dux,
3386 1357 3635 1425 marchio,
3673 1375 3828 1425 comes,

2299 1448 2641 1512 vicecomes,
2692 1446 3042 1519 guastaldio,
3105 1452 3206 1502 aut
3255 1445 3364 1502 alia
3403 1445 3643 1518 quislibet
3680 1462 3831 1519 magna

2301 1553 2594 1609 parvaque
2622 1553 2889 1609 persona,
2924 1541 2978 1591 te
3007 1535 3345 1608 praedictum
3367 1535 3629 1602 abbatem,
3653 1538 3832 1607 tuosque

2302 1642 2669 1682 successores
2700 1626 2976 1682 canonice
3004 1624 3309 1692 intrantes,
3349 1624 3416 1680 de
3452 1625 3567 1695 jam
3606 1623 3728 1679 dicto
3749 1639 3831 1680 mo-

2303 1716 2582 1783 nasterio,
2613 1715 2702 1771 vel
2732 1716 2803 1771 de
2834 1715 3111 1770 omnibus
3140 1714 3267 1771 suis
3297 1713 3483 1779 rebus,
3513 1717 3564 1768 et
3602 1712 3836 1785 proprieta-

2223 1841 2271 1906 B
2303 1804 2461 1860 tibus
2480 1802 2798 1860 mobilibus
2818 1808 2876 1860 et
2895 1802 3320 1870 immobilibus,
3340 1819 3403 1858 ac
3421 1817 3538 1867 see
3558 1799 3834 1906 moventibus

2304 1892 2613 1949 molestare
2642 1909 2708 1949 ac
2754 1892 3056 1958 divertere,
3109 1895 3214 1948 aut
3252 1891 3560 1964 inquietare
3601 1888 3835 1946 audeatSi

2282 1983 2437 2056 ‘quis
2467 1998 2602 2055 ergo
2635 1986 2839 2038 contra
2865 1980 3047 2053 hujus
3081 1980 3270 2038 nostri
3315 1978 3594 2052 apostolici
3629 1974 3836 2050 privilegii

2305 2071 2654 2128 decretalem
2677 2076 2894 2127 temere
2913 2087 3083 2144 agere
3101 2069 3424 2135 tentaverit,
3443 2067 3523 2125 vel
3542 2079 3837 2141 praesumpse-

2304 2161 2465 2228 serit,
2498 2161 2840 2217 auctoritate
2880 2162 3095 2216 sanctas
3116 2162 3173 2215 et
3195 2157 3498 2214 individua:
3530 2154 3838 2223 Trinitatiset

2306 2250 2605 2306 beatorum
2657 2248 3053 2322 apostolorum
3101 2247 3262 2304 Petri
3314 2251 3368 2302 et
3409 2243 3562 2301 Pauli
3599 2250 3649 2301 et
3684 2246 3838 2314 nostra,

2305 2344 2594 2412 perpetuas
2640 2337 3067 2395 maledictionis
3127 2334 3481 2393 anathemati
3524 2350 3579 2389 se
3618 2333 3839 2403 subjacere

2304 2428 2544 2495 noverit,
2571 2429 2752 2484 donec
2768 2427 3117 2499 resipiscens
3137 2424 3496 2482 satisfecerit.
3520 2423 3725 2494 Insuper
3736 2434 3841 2476 com-

2302 2519 2607 2590 positurus
2629 2517 2839 2573 existat
2859 2515 3166 2573 duodecim
3191 2514 3373 2571 libras
3394 2512 3531 2580 auri,
3559 2509 3841 2566 medietatem

2303 2609 2502 2662 nostro
2525 2622 2690 2662 sacro
2719 2605 2957 2678 palatio,
2986 2605 3364 2661 medietatem
3411 2600 3516 2675 ipsi
3555 2596 3839 2655 monasterio.

2302 2694 2410 2760 Qui
2455 2711 2589 2750 vero
2639 2694 2735 2768 pio
2784 2694 2976 2750 studio
3024 2694 3178 2750 hanc
3226 2694 3522 2750 observare
3564 2686 3775 2754 voluerit,
3805 2688 3842 2739 et

2302 2784 2608 2855 praefatum
2654 2784 3077 2840 monasterium
3126 2783 3187 2838 in
3244 2781 3402 2839 nulla
3444 2797 3543 2836 sua
3576 2775 3764 2850 justitia
3782 2772 3841 2829 vel

2300 2873 2475 2929 rebus
2524 2872 2648 2929 suis
2695 2873 3072 2941 fraudaverit,
3123 2871 3249 2929 sive
3296 2871 3415 2944 qui,
3462 2869 3509 2926 ei
3551 2864 3839 2924 reverentiam

2300 2961 2544 3030 habens,
2578 2979 2683 3034 pro
2711 2962 2828 3018 Deo
2859 2962 2929 3018 de
2959 2959 3084 3018 suis
3131 2958 3359 3033 aliquid
3406 2954 3695 3022 contulerit,
3720 2953 3839 3008 bene-

2299 3049 2573 3107 dictionis
2612 3050 2860 3124 gratiam
2906 3067 2939 3105 a
2983 3049 3238 3106 Domino
3285 3048 3400 3105 Deo
3443 3041 3843 3115 consequatur,et

2300 3155 2403 3211 per
2417 3140 2773 3213 clavigerum
2791 3138 3115 3212 principem
3135 3138 3483 3210 caelijanuas
3500 3134 3643 3207 regni
3663 3127 3840 3187 celestis

547 3207 759 3265 veniat.
788 3211 958 3271 Porro
991 3218 1334 3291 oblationes,
1364 3223 1553 3280 eidem
1587 3225 1939 3281 monasterio
1971 3223 2188 3280 collata:
2219 3213 2263 3281 C
2300 3207 2599 3286 introduci
2622 3207 2934 3285 mereatur.

551 3299 675 3352 tam
704 3317 809 3370 pro
836 3307 982 3363 vivis
1015 3325 1190 3380 quam
1221 3329 1325 3383 pro
1351 3314 1666 3384 defunctis,
1716 3332 1750 3370 a
1780 3314 1939 3370 nullo
1968 3313 2192 3385 episco-

553 3400 761 3455 POPum
788 3404 1196 3474 pervadantur,
1231 3407 1331 3463 scd
1362 3424 1430 3461 ex
1458 3405 1683 3478 integro
1722 3404 2032 3477 proficiant
2060 3418 2191 3459 mo-

550 3491 788 3546 nasterii
813 3493 1164 3550 utilitatibus
1184 3513 1250 3551 ac
1271 3497 1520 3550 fratrum
1543 3494 2007 3550 necessitatibus.
2027 3493 2190 3549 Deci-

541 3597 649 3637 mae
708 3586 905 3638 autem
960 3583 1225 3655 ejusdem
1297 3582 1633 3639 monasterii
1693 3582 1754 3637 in
1814 3583 2186 3655 susceptione

540 3670 838 3743 hospitum
865 3675 920 3728 et
947 3673 1389 3746 peregrinorum
1437 3672 1509 3727 ad
1562 3675 1787 3744 portam
1836 3671 2023 3744 ipsius
2054 3688 2182 3728 mo-

538 3762 779 3818 nasterii
810 3762 1203 3819 conferantur.
1247 3760 1561 3819 Servitium
1615 3777 1867 3833 quoque,
1916 3763 1973 3816 et
2023 3762 2178 3832 quod

535 3850 853 3922 vulgariter
873 3852 1072 3908 dicunt
1094 3853 1382 3924 foderum,
1404 3866 1509 3906 nec
1529 3849 1884 3923 imperatori,
1908 3866 2011 3905 nec
2034 3850 2175 3923 regi,

536 3955 642 4019 nec
693 3941 1039 4006 marchioni,
1098 3958 1203 3997 nec
1267 3941 1439 3997 alicui
1511 3939 1819 3996 hominum
1879 3938 2051 3996 liceat
2107 3956 2177 3995 ex

532 4029 736 4085 eodem
766 4030 1142 4097 monasterio,
1175 4035 1277 4086 aut
1306 4046 1374 4085 ex
1421 4029 1771 4102 pertinentia
1817 4029 1946 4100 ejus
1978 4029 2173 4101 requi-

534 4131 683 4183 cere,
714 4117 825 4173 nisi
859 4117 965 4173 soli
1005 4122 1215 4174 nostras
1248 4119 1579 4191 apostolicae
1628 4118 1772 4174 sedi.
1820 4120 2084 4191 Insuper,
2118 4122 2175 4174 et

530 4204 611 4261 ibi
633 4206 865 4278 sepeliri
886 4222 1255 4280 nequaquam
1282 4208 1915 4280 prohibeatmortuum.
1934 4209 2171 4280 Episco-

530 4311 643 4369 pus
671 4312 804 4353 vero
834 4294 1102 4369 publicas
1132 4296 1366 4364 missas,
1399 4301 1455 4352 et
1492 4296 1802 4352 stationem
1834 4296 2051 4352 ibidem
2085 4296 2168 4352 fa-

529 4401 657 4442 cere
687 4403 804 4442 non
835 4386 1065 4453 audeat,
1100 4385 1214 4441 nisi
1241 4386 1314 4441 ab
1344 4385 1554 4441 abbate
1592 4383 1779 4458 ipsius
1828 4385 2169 4442 monasterii

528 4476 702 4533 fuerit
730 4474 1031 4544 invitatus,
1065 4492 1157 4543 ne,
1190 4475 1343 4531 sicut
1382 4476 1589 4531 beatus
1636 4473 1948 4547 Gregorius
1973 4475 2075 4541 ait,
2107 4475 2166 4530 in

2374 3319 2667 3391 Scriptum
2697 3333 2801 3391 per
2828 3333 3069 3373 manum
3102 3315 3405 3373 Octaviani
3434 3308 3704 3376 scriniarii,
3728 3308 3839 3362 nota-

2299 3408 2488 3480 riique
2518 3412 2728 3464 sanctae
2762 3407 3035 3463 Romanae
3066 3403 3361 3472 Ecclesiae,
3382 3403 3441 3459 in
3462 3415 3641 3458 mense
3664 3396 3841 3454 Februa-

2298 3497 2406 3565 rio,
2434 3502 2493 3553 et
2516 3496 2837 3553 indictione
2864 3510 2967 3552 xu.
2999 3495 3152 3552 Bene
3180 3493 3388 3551 valete.
3684 3574 3697 3576 4
3786 3568 3795 3576 _
3828 3565 3837 3576 .

2365 3588 2578 3643 Datum
2610 3586 2805 3642 Romae
2833 3590 3033 3642 octavo
3057 3581 3271 3640 Kalen.‘
3296 3579 3505 3651 Martii,
3524 3592 3659 3636 anno
3677 3568 3838 3665 ορωίιιξ

2291 3674 2507 3731 Christi
2542 3675 2697 3742 1059,
2729 3691 2832 3747 per
2878 3689 3091 3730 manus
3136 3669 3446 3728 Humberti
3489 3666 3614 3723 dicti
3649 3662 3836 3753 episcopi

2291 3767 2505 3820 sanctae
2528 3762 2796 3819 Ecclesiae
2837 3762 3004 3819 Silva:
3050 3761 3349 3826 Candidas,
3405 3762 3463 3815 et
3505 3750 3838 3812 bibliothecam

2289 3856 2501 3910 sanctae
2531 3852 2805 3909 Romana:
2845 3857 2903 3908 et
2930 3850 3265 3924 apostolicae
3314 3847 3487 3915 sedis,
3535 3857 3666 3900 anno
3701 3836 3836 3910 primo

2285 3941 2662 4014 pontiﬁcatus
2691 3941 2892 3997 domui
2923 3956 3085 4014 papa
3114 3936 3340 4004 Nicolai
3372 3936 3444 4005 II,
3481 3930 3745 3990 indictione
3764 3937 3835 3979 xu.

3074 4047 3139 4102 Ιῐ.

2284 4139 2503 4195 Νίοοιαί
2533 4139 2587 4194 11
2635 4138 2841 4194 summi
2888 4135 3163 4208 pontiﬁcis
3223 4131 3379 4190 bulla
3431 4145 3535 4208 qua
3585 4115 3833 4208 νηρηεδιξζξῆ

2348 4212 2542 4267 Sancti
2573 4209 2839 4266 Vincentiz'
2865 4194 2936 4263 (id
2970 4194 3320 4271 Vulturnum,
3368 4211 3417 4260 et
3438 4194 3639 4259 Ἰοαηηὶ
3657 4194 3727 4260 Ii’,
3747 4194 3833 4258 ενα

2351 4283 2558 4349 abbati,
2587 4281 2774 4337 omnia
2805 4279 2960 4335 illm:
2991 4279 3130 4336 bona
3153 4284 3205 4334 et
3226 4278 3368 4349 jura
3392 4272 3675 4345 conﬁrmat.

2896 4367 3085 4441 (Anno
3121 4365 3307 4438 1059.)

2465 4459 2816 4531 [Memnona
2850 4440 2974 4514 Rer.
3006 4456 3130 4513 Ital.
3162 4454 3365 4527 Script.
3398 4453 3440 4520 Ι,
3470 4468 3528 4523 n,
3556 4450 3606 4517 5,
3632 4440 3697 4513 4.]

527 4557 828 4623 servorum
877 4565 980 4621 Dei
1028 4564 1357 4621 secessibus
1401 4562 1519 4619 ulla
1566 4562 1790 4619 occasio
1837 4564 2166 4635 praebeatur
2193 4584 2240 4649 Β
2346 4566 2629 4621 Nicetws
2659 4564 2989 4637 episcopus,
3021 4579 3225 4619 servus
3274 4572 3563 4617 servorum
3598 4541 3834 4649 Deilltililf'

523 4654 906 4728 popularibus
955 4654 1372 4721 conventibus;
1419 4657 1476 4708 et
1521 4651 1908 4724 simpliciores
1956 4668 2025 4708 ex
2053 4652 2163 4709 hoc

524 4743 722 4799 anima
749 4743 1094 4816 plerumque
1124 4742 1287 4814 (quod
1310 4744 1453 4797 absit
1478 4742 1517 4814 !)
1556 4741 1617 4796 in
1667 4739 2009 4797 scandalum
2040 4746 2160 4796 tra-

522 4831 624 4887 hat
654 4832 1006 4904 frequentior
1036 4848 1268 4905 quoque
1299 4831 1611 4886 mulierum
1657 4829 1953 4887 introitus.
1995 4832 2159 4896 Quod

519 4921 570 4977 si
600 4920 899 4989 invitante,
922 4919 1010 4977 vel
1038 4928 1328 4977 annuente
1356 4920 1585 4986 abbate,
1608 4920 1917 4992 episcopus
1939 4919 2158 4975 ibidem

517 5009 732 5066 missas
752 5008 1017 5081 publicas
1050 5009 1236 5065 facere
1264 5009 1529 5075 voluerit,
1562 5008 1656 5064 his
1684 5012 1913 5064 tantum
1948 5009 2157 5065 diebus

514 5100 574 5156 id
604 5103 759 5174 agat,
782 5097 1281 5155 scilicetsecunda
1310 5096 1453 5152 feria
1491 5097 1745 5165 Paschee,
1766 5102 1823 5153 et
1850 5099 2154 5154 beatorum

513 5189 665 5246 Petri
694 5193 752 5246 et
780 5186 941 5244 Pauli
967 5186 1258 5243 Natalitiis
1282 5204 1295 5254 ;
1321 5186 1421 5247 sed
1452 5186 1646 5243 nullas
1667 5186 1802 5242 inde
1832 5186 2155 5244 oblationes

510 5277 678 5334 tollat
732 5279 877 5350 ipse,
938 5280 1037 5355 aut
1091 5275 1303 5347 aliquis
1362 5274 1699 5332 clericorum
1759 5275 1909 5345 ejus,
1971 5275 2151 5334 invito

510 5365 737 5434 abbate,
773 5383 839 5424 ac
859 5360 1158 5443 fratribus.
1194 5364 1519 5421 Statuimus
1540 5380 1771 5436 quoque
1793 5367 1876 5435 ut,
1900 5364 2151 5422 obeunte

510 5455 718 5510 abbate
741 5454 1082 5511 monasterii
1104 5446 1313 5533 ipsius,
1339 5471 1441 5511 nec
1464 5453 1914 5525 episcopus,nec
1936 5453 2149 5527 aliquis

508 5542 854 5601 clericorum
885 5546 1011 5615 ejus
1061 5545 1118 5599 in
1172 5541 1594 5608 describendis,
1644 5541 2148 5618 prwvidendisque

504 5631 829 5705 acquisitis,
864 5631 1352 5705 acquirendisque
1381 5631 1645 5703 ejusdem
1694 5632 2032 5691 monasterii
2057 5648 2145 5689 re-

2273 4658 2362 4711 cto
2394 4654 2510 4710 filio
2539 4626 2772 4722 Joanivr,
2805 4626 3003 4709 abbati
3021 4649 3371 4707 venerabilis
3388 4626 3832 4725 monasteriiChri:

2271 4743 2346 4798 sti
2377 4742 2648 4815 martyris
2663 4740 2950 4797 Vincentii
2974 4756 3151 4813 super
3171 4740 3372 4812 ipsum
3400 4737 3604 4793 fontem
3621 4723 3833 4814 Vulturni

2269 4831 2538 4888 ﬂuminis
2566 4831 2902 4899 censtructi,
2935 4833 2993 4886 et
3021 4846 3123 4903 per
3152 4844 3290 4885 eum
3314 4823 3533 4884 cunctis
3551 4820 3831 4903 succeséofl‘

2264 4921 2378 4976 bus
2403 4922 2532 4992 ejus
2579 4918 2924 4992 regulariter
2969 4894 3041 4975 ad
3092 4916 3353 4989 regimen
3403 4894 3826 4988 promovendisin

2266 5011 2636 5082 perpetuum.

2335 5076 2456 5154 Etsi
2484 5096 2760 5153 omnibus
2789 5095 3243 5153 sollicitudinem
3291 5096 3545 5152 nostram
3572 5088 3623 5142 et
3648 5076 3828 5171 apo“?

2261 5187 2383 5243 licaa
2414 5187 2573 5243 sedis
2602 5186 3040 5243 munimentum
3071 5184 3416 5258 protendere
3453 5177 3720 5236 debemuS,
3744 5174 3825 5258 Ριξε

2258 5281 2456 5333 tamen
2485 5276 2651 5345 locis,
2682 5281 2739 5331 et
2768 5276 3057 5348 prmeipue
3097 5274 3378 5347 religione
3424 5248 3824 5355 monastica

2258 5366 2536 5435 lentibus,
2571 5344 2969 5422 abundantius
2990 5344 3275 5439 quidquid
3298 5358 3521 5436 pietatis
3540 5344 3820 5447 et

2257 5472 2598 5529 possumus,
2620 5460 2913 5526 quatenus
2933 5472 3001 5511 ex
3022 5454 3116 5528 pia
3133 5452 3456 5528 provisione
3472 5439 3819 5532 ctenobitarrl‘ltl‘l

2256 5517 2316 5600 in
2350 5546 2546 5600 futuro
2570 5542 2805 5616 plenam
2830 5517 3163 5601 mercedum
3186 5557 3321 5599 cum
3346 5538 3448 5606 eis,
3470 5538 3525 5591 et
3545 5521 3717 5604 procis
3732 5517 3816 5616 1?“

2254 5606 2589 5704 miserante,
2636 5649 2986 5693 mercamus.
3038 5631 3284 5693 Proinde
3346 5618 3605 5686 benevola
3642 5606 3808 5670 conde:
