4138 6186
308 363 464 433 ἑθθΰ

1478 370 1883 437 EPISTOLE
1922 371 2022 436 ET
2066 336 2548 437 bIPLOMATA.

3553 384 3708 451 1306

310 502 616 562 scansione
645 507 970 561 annuentes
1020 504 1400 578 petitionibus
1427 507 1569 576 tuis,
1610 507 1955 566 charissime
1983 508 2038 575 Α
2067 507 2235 564 ritate
2293 513 2639 579 restruxere,
2701 516 2757 568 et
2811 513 3128 589 privilegiis
3177 520 3507 592 apostolicae
3549 522 3709 580 sedis

309 591 417 659 ﬁli,
449 597 506 648 et
535 593 686 649 abba.
709 593 965 650 Joannes
997 612 1098 668 per
1153 597 1305 652 hanc
1333 597 1663 670 apostolicae
1696 597 1950 653 auctori-

308 682 447 739 tatis
468 682 814 738 decretalem
835 684 1459 756 paginam,secundum
1481 688 1637 759 quod
1658 688 1776 742 tuis
1798 691 1954 743 ante-

312 772 646 830 cessoribus
677 773 858 828 nostri
892 773 1094 830 fecisse
1129 781 1468 841 noscuntur,
1500 777 1877 834 concedimus
1899 782 1956 833 et

312 861 732 917 conﬁrmamus
764 861 886 928 tibi,
922 865 1155 935 tuisque
1183 865 1621 922 successoribus
1643 872 1774 938 post
1795 871 1852 922 te
1873 883 1956 922 re-

309 949 596 1024 gulariter
617 952 1024 1022 promovendis
1046 953 1105 1006 in
1139 960 1483 1026 perpetuum
1503 955 1806 1026 praefatum
1831 973 1954 1010 mo-

311 1039 637 1095 nasterium
670 1037 829 1093 Beati
877 1038 1169 1095 Vincentii
1223 1043 1495 1114 martyris
1556 1045 1734 1098 situm
1783 1062 1958 1115 super

309 1128 508 1202 ipsum
540 1128 760 1182 fontem
792 1127 1139 1183 Vulturnum
1168 1130 1227 1184 in
1257 1131 1544 1186 territorio
1562 1133 1956 1189 Beneventano

312 1217 374 1271 in
407 1216 676 1288 partibus
704 1215 951 1272 Samnite
980 1233 1116 1291 cum
1140 1219 1415 1274 omnibus
1439 1221 1564 1276 suis
1589 1222 1959 1292 pertinentiis

312 1309 374 1361 et
398 1303 857 1372 cellis,videlicet
886 1307 1308 1362 monasterium
1339 1308 1495 1363 Beati
1528 1309 1679 1364 Petri
1710 1311 1958 1383 apostoli

314 1394 572 1468 positum
594 1394 765 1465 juxta
795 1394 1038 1449 ﬂuvium
1069 1396 1326 1463 Sabbati,
1363 1399 1784 1453 monasterium
1815 1416 1959 1471 quo-

316 1499 428 1555 que
450 1483 816 1538 SanctiAdeo
834 1483 951 1538 dati
977 1483 1128 1539 int-ra
1149 1485 1624 1553 Beneventum,et
1652 1487 1960 1543 ecclesiam

315 1572 508 1628 Sancti
541 1571 822 1644 Stephani
873 1590 885 1638 ;
945 1572 1155 1628 cellam
1215 1575 1436 1630 Sanctae
1494 1576 1686 1632 Maria
1717 1577 1777 1631 in
1835 1576 1960 1633 loco

313 1660 489 1728 Sano,
522 1665 629 1716 etc.
663 1661 1050 1716 Concedimus
1094 1661 1392 1719 licentiam
1425 1665 1587 1720 vobis
1636 1665 1964 1738 vestrisque

313 1750 565 1823 posteris
586 1749 658 1804 ad
674 1748 882 1806 altaria
911 1753 1305 1808 consecranda
1335 1758 1390 1809 et
1413 1754 1652 1812 clericos
1682 1757 1741 1811 in
1774 1756 1964 1828 quoli—

2062 596 2267 652 merito
2296 599 2518 655 caeteris
2545 601 2820 659 czsnobiis
2852 606 3240 675 pretulerunt,
3299 614 3472 682 atque
3503 617 3707 668 contra

2063 687 2750 762 quorunlibetsuspectas
2766 694 3008 764 injurias
3021 697 3401 755 efficaciterm
3413 703 3708 761 unierunt.

2063 777 2319 840 Quorum
2353 794 2460 832 nos
2489 796 2664 834 sacrae
2686 784 3012 840 auctoritati
3038 787 3188 842 sicut
3215 793 3475 862 tempore
3509 799 3565 848 et
3586 795 3710 851 loco

2065 867 2547 939 succedimus,sic
2581 885 2778 926 eorum
2808 874 3090 944 exemplo,
3128 882 3192 931 ut
3224 885 3471 948 oportet,
3503 882 3706 938 inniti-

2067 961 2289 1022 mur,et
2312 955 2416 1010 her
2437 956 2614 1027 hujus
2640 964 2847 1015 nostrae
2869 963 3176 1020 decretalis
3200 969 3425 1038 paginae
3448 975 3707 1028 tenorem

2065 1044 2191 1112 tibi,
2217 1043 2594 1102 dilectissime
2625 1047 2705 1102 ﬁli
2737 1049 3015 1118 Desideri,
3059 1071 3239 1124 quem
3271 1058 3542 1116 abbatem
3574 1079 3710 1118 con-

2066 1133 2444 1202 secravimus,
2469 1138 2846 1194 concedimus
2870 1145 3195 1200 secundum
3229 1148 3529 1220 privilegia
3559 1156 3716 1208 ante-

2066 1237 2366 1277 caesorum
2392 1230 2725 1281 nostrorum
2758 1233 2933 1300 atque
2973 1237 3476 1305 consuetudinem,
3512 1256 3715 1296 mona-

2069 1310 2315 1366 sterium
2344 1311 2483 1367 almi
2517 1314 2702 1370 Patris
2735 1318 3045 1384 Benedicti,
3097 1323 3277 1378 situm
3309 1331 3506 1382 monte
3537 1331 3712 1386 castri

2068 1399 2284 1465 Casini,
2318 1407 2707 1474 cunctamque
2737 1405 2925 1476 ipsius
2960 1413 3298 1467 monasterii
3331 1416 3717 1488 abbatiam,in

2070 1487 2294 1560 integro
2325 1505 2460 1546 cum
2493 1490 2656 1548 cellis
2689 1494 2832 1563 suis,
2894 1497 3170 1566 castellis,
3207 1503 3439 1572 praediis
3470 1510 3528 1560 et
3558 1487 3719 1564 omni

2072 1594 2180 1633 sua
2209 1579 2577 1650 pertinentia,
2611 1587 2667 1637 et
2687 1583 2796 1638 hac
2829 1591 3031 1643 nostra
3053 1593 3393 1650 auctoritate
3415 1598 3722 1654 conﬁrma-

2075 1683 2207 1722 mus
2239 1671 2357 1723 tam
2390 1669 2447 1724 in
2482 1669 2698 1727 ﬁnibus
2731 1673 3289 1748 Beneventanorum,
3312 1683 3634 1755 Apulorum
3666 1691 3723 1744 et

2073 1754 2476 1825 Calabrorum,
2500 1776 2677 1830 quam
2700 1761 2874 1818 etiam
2899 1763 2956 1818 in
2982 1767 3198 1823 ﬁnibus
3226 1754 3550 1829 Marsorum
3583 1779 3640 1831 et
3659 1776 3720 1832 in

312 1839 410 1896 bet
437 1839 625 1910 gradu
656 1837 1011 1924 ordinandos
1044 1839 1289 1897 invitare
1311 1859 1486 1914 quem
1516 1843 1816 1900 volueritis
1843 1846 1961 1916 epi-
1996 1878 2044 1945 Β
2075 1845 2371 1945 marchiis,
2406 1847 2525 1945 sive
2557 1849 2888 1945 ubicunque
2919 1853 3092 1945 longe
3138 1862 3195 1913 et
3225 1876 3404 1931 prope
3433 1861 3720 1921 hactenus

316 1944 581 2000 scopum.
597 1921 1008 1983 Interdicimus
1025 1928 1200 1983 etiam
1226 1947 1296 1986 ne
1314 1932 1446 2002 quis
1467 1933 1876 2004 episcoporum
1895 1951 1963 1990 ex

317 2016 521 2074 eodem
556 2017 906 2072 monasterio
938 2018 1208 2072 abbatem
1237 2019 1325 2074 vel
1361 2021 1716 2077 monachum
1749 2025 1965 2080 audeat

319 2106 391 2163 ad
424 2121 594 2161 suam
629 2106 919 2178 synodum
944 2123 1276 2177 provocare,
1304 2108 1392 2164 vel
1437 2111 1961 2169 excommunicare.

316 2194 603 2252 Jubemus
655 2210 890 2266 quoque
937 2196 1304 2252 concedendo
1353 2199 1515 2253 vobis
1564 2201 1968 2272 cujuscunque

318 2283 588 2340 Ecclesiae
620 2283 919 2350 clericum,
954 2283 1004 2339 si
1037 2285 1258 2340 venerit
1295 2287 1366 2341 ad
1411 2289 1869 2356 conversionem,
1903 2295 1968 2346 ut

320 2373 614 2445 recipiatis
670 2373 994 2428 secundum
1053 2375 1442 2431 monasticam
1472 2377 1963 2450 disciplinam.....

321 2462 663 2528 chrisma,et
687 2460 880 2518 oleum
904 2466 1174 2518 sanctum
1202 2465 1520 2536 acquiratis
1541 2484 1575 2522 a
1603 2467 1966 2539 beneplacito

321 2549 486 2607 vobis
517 2549 926 2622 episcopo,etc.
961 2551 1018 2606 Si
1053 2553 1186 2623 quis
1217 2557 1436 2619 autem,
1469 2556 1623 2626 quod
1655 2572 1770 2611 non
1802 2562 1966 2628 opta-

323 2657 477 2704 mus,
511 2645 618 2695 etc.

392 2728 684 2800 Scriptum
706 2743 1034 2800 permanus
1066 2730 1362 2785 Octaviani
1387 2731 1675 2788 scriniarii
1708 2735 1764 2789 S.
1802 2735 1868 2790 Β.
1903 2737 1965 2791 Ε.

322 2817 552 2886 notarii,
587 2833 786 2873 mense
818 2817 1047 2885 Martio,
1071 2823 1127 2874 et
1157 2819 1474 2875 indictione
1503 2838 1601 2877 x11.
1662 2822 1814 2878 Bene
1870 2842 1968 2880 va-

321 2906 453 2964 lete.

391 2997 601 3052 Datum
633 2995 850 3068 Spoleti
881 3014 935 3052 v1
967 3001 1163 3055 Nonas
1185 2997 1394 3066 Martii,
1428 3016 1580 3055 anno
1629 3000 1771 3055 Jesu
1803 3001 1968 3057 Chri-

323 3086 398 3141 sti
427 3087 584 3154 1059,
609 3101 712 3156 per
728 3102 942 3141 manus
960 3085 1266 3142 Humberti
1288 3091 1502 3143 sanctae
1515 3088 1783 3144 Ecclesiae
1803 3089 1967 3145 Silvas

319 3174 588 3230 Candidas
615 3173 894 3247 episcopi,
928 3191 1081 3230 anno
1113 3193 1130 3229 ι
1162 3176 1542 3233 Pontiﬁcatus
1574 3178 1772 3233 domni
1805 3196 1966 3251 papce

319 3261 543 3319 Nicolai
573 3263 835 3331 secundi,
864 3263 1180 3319 indictione
1209 3282 1309 3319 x11.

1088 3389 1184 3443 Ill.

314 3479 572 3535 Nicotaus
620 3479 675 3552 Il
725 3493 874 3551 papa
912 3479 1214 3552 conﬁrmat
1263 3479 1403 3534 bona
1433 3494 1496 3534 ac
1522 3481 1818 3552 privilegia
1848 3498 1968 3537 om-

391 3552 492 3605 m'a
553 3566 588 3604 α
643 3551 824 3606 Leone
854 3551 965 3605 PP.
999 3551 1066 3605 IX
1121 3551 1413 3606 Casinensz'
1466 3555 1805 3608 monasterio
1835 3570 1967 3609 con-

388 3638 551 3678 οθδδα.

925 3712 1114 3781 (Anno
1153 3713 1332 3779 1059.)

316 3798 772 3873 [Ποσειυιξηιιιιυες».Δ
793 3800 1028 3868 Battara,
1059 3801 1102 3867 Ι,
1130 3802 1254 3869 401,
1287 3817 1355 3856 ex
1395 3806 1620 3873 regesto
1652 3801 1802 3856 Petri
1833 3802 1967 3859 Dia-

647 3869 797 3939 coni,
833 3889 995 3926 num.
1034 3873 1117 3942 18,
1151 3873 1249 3929 fol.
1292 3874 1351 3926 l7
1383 3889 1415 3927 a
1446 3869 1652 3944 tErgo.]

387 3978 676 4035 Nxcouus
703 3977 1034 4051 episcopus,
1080 3995 1281 4035 servus
1312 3994 1613 4034 servorum
1644 3979 1765 4047 Dei,
1807 3981 1966 4036 Dasr-

315 4083 488 4123 naaio
514 4065 724 4123 dilecto
755 4069 874 4123 ﬁlio
914 4067 1110 4123 abbati
1141 4067 1490 4123 venerabilis
1532 4068 1776 4123 coenobii
1826 4068 1967 4123 almi

313 4155 504 4212 Patris
529 4156 848 4222 Benedicti,
877 4157 1033 4227 quod
1093 4159 1471 4227 nuncupatur
1501 4156 1666 4211 Mons
1697 4156 1966 4225 Casinus,

308 4242 664 4316 cunctisque
694 4245 1133 4301 successoribus
1181 4245 1310 4315 ejus
1357 4243 1477 4299 illic
1517 4244 1863 4315 regulariter
1892 4247 1964 4302 ad

303 4331 580 4404 regimen.
606 4333 1042 4404 promovendis,
1076 4333 1135 4387 in
1168 4338 1531 4404 perpetuum.

382 4419 697 4493 Pastoralis
728 4416 1146 4477 sollicitudinis
1180 4427 1391 4477 nostrae
1450 4423 1671 4476 bonum
1703 4421 1753 4476 si
1793 4423 1966 4478 debet

305 4508 639 4581 perspicere
669 4513 724 4565 et
753 4509 1034 4581 proﬁcere
1064 4511 1342 4566 omnibus
1372 4510 1548 4566 etiam
1580 4511 1874 4568 extraneis
1906 4517 1964 4568 et

2064 1935 2201 2005 jure
2226 1935 2343 1991 sibi
2368 1937 2618 2008 pertinet
2649 1939 2890 2011 aliquid,
2925 1944 3045 2001 sive
3104 1946 3389 2018 quidquid
3443 1952 3718 2025 deinceps

2075 2023 2291 2078 ubivis
2338 2027 2500 2095 justo
2550 2029 2906 2098 acquisierit.
2968 2033 3048 2087 Ad
3104 2034 3225 2090 hac
3274 2038 3588 2107 justitiam,
3632 2023 3720 2098 vel

2075 2112 2376 2184 quodlibet
2396 2114 2659 2171 debitum
2681 2119 2833 2188 quod
2855 2120 3320 2180 ofﬁcialesnostri
3349 2129 3499 2182 sacri
3521 2129 3723 2200 palatii

2075 2201 2314 2274 exigunt
2335 2221 2369 2258 a
2390 2205 2634 2261 navibus
2656 2207 2728 2261 ad
2753 2208 3103 2266 Romamum
3127 2219 3362 2283 portum
3383 2217 3724 2289 applicanti-

2077 2291 2217 2348 bus?
2244 2293 2419 2349 vestri
2448 2295 2686 2350 crenobii
2719 2296 2848 2350 navi
2906 2299 3184 2368 peculiari
3214 2309 3510 2373 gratanter
3567 2307 3719 2363 rela-

2075 2397 2285 2436 xamus
2309 2399 2321 2448 ;
2344 2387 2402 2438 et
2423 2382 2885 2456 quotiescunque
2911 2388 3154 2444 Romam
3170 2392 3240 2445 ad
3256 2393 3559 2450 servitium
3584 2413 3720 2452 san-

2077 2473 2181 2524 ctze
2210 2469 2480 2524 Romanae
2505 2471 2768 2529 Ecclesiae
2789 2476 3146 2544 veneritis,in
3171 2485 3373 2535 sancta
3395 2482 3724 2542 Jerusalem

2078 2556 2277 2629 palatii
2299 2559 2636 2615 Susurriani
2667 2562 2986 2634 hospitium
3016 2565 3282 2623 habeatis
3307 2587 3319 2638 ;
3365 2575 3423 2626 et
3453 2572 3724 2632 defuncto

2081 2645 2287 2701 abbate
2319 2647 2556 2715 ibidem,
2590 2655 2779 2706 vestra
2830 2653 2916 2707 vel
2944 2660 3269 2713 vestrorum
3316 2676 3723 2719 successorum

2079 2733 2360 2789 electione
2390 2737 2571 2792 abbas
2619 2740 3029 2812 constituatur,
3063 2760 3095 2798 a
3143 2745 3402 2803 Romano
3451 2752 3727 2820 pontifice

2081 2823 2536 2893 consecrandus,
2569 2834 2909 2885 conservato
2939 2831 3102 2887 vobis
3136 2836 3464 2908 vestrisque
3494 2855 3726 2896 succes-

2080 2911 2315 2966 soribus
2347 2912 2875 2986 privilegium,tam
2907 2921 3061 2990 quod
3083 2938 3152 2977 ex
3172 2925 3304 2978 navi
3328 2930 3723 3000 vestra,quam

2081 2999 2234 3070 quod
2265 3015 2334 3054 ex
2362 3000 2492 3072 ipsa
2519 3002 2813 3061 destructa
2829 3007 3165 3077 ecelesia,ut
3193 3011 3280 3067 vel
3308 3014 3392 3070 sic
3415 2999 3726 3075 restruere-

2079 3089 2504 3158 tur,proximus
2533 3093 2804 3150 decessor
2835 3101 3032 3154 noster
3060 3106 3300 3158 sanctus
3331 3105 3440 3160 Leo
3472 3107 3728 3162 firmavit

2081 3175 2277 3231 abbati
2308 3177 2596 3235 Ricberio.
2633 3181 2812 3239 Usum
2833 3202 3065 3258 quoque
3088 3190 3486 3248 sandaliorum
3521 3198 3577 3249 et
3607 3194 3726 3250 dal-

2001 3245 2042 3310 (ἶ
2082 3265 2304 3320 maticaa
2327 3269 2597 3337 quamvis
2617 3271 2751 3341 jure
2772 3245 3167 3333 cardinalatus
3189 3280 3274 3334 tui
3398 3245 3727 3354 apostolica

2078 3352 2214 3408 sede
2246 3357 2592 3428 perceperis,
2619 3376 2653 3414 a
2674 3360 2840 3416 nobis
2861 3366 3058 3420 tamen
3082 3366 3187 3421 tibi
3219 3372 3275 3424 et
3294 3368 3420 3425 loco
3446 3352 3725 3445 deinceps

2078 3441 2137 3496 in
2171 3441 2592 3515 principalibus
2616 3447 2780 3504 festis
2801 3455 3032 3508 tantum
3051 3457 3429 3516 concedimus
3454 3461 3526 3516 ad
3549 3441 3725 3519 bon—o-

2077 3529 2424 3587 riﬁcentiam
2459 3537 2577 3590 tam
2609 3540 2954 3596 venerabilis
2984 3545 3251 3613 cmnobii,
3285 3552 3342 3604 et
3372 3549 3444 3604 ob
3471 3551 3727 3609 dilectio-

2077 3634 2212 3674 nem
2245 3621 2350 3687 tui,
2383 3625 2708 3682 secundum
2741 3630 2896 3700 quod
2926 3634 3200 3702 praefatus
3222 3637 3495 3694 decessor
3526 3645 3724 3698 noster

2076 3710 2176 3764 tuo
2203 3711 2440 3780 praefato
2471 3715 2780 3772 concessit.
3715 3726 3730 3740 ’

2150 3799 2430 3855 Praaterea
2453 3803 2902 3864 corroboramus
2915 3809 3014 3863 tibi
3032 3811 3265 3881 tuisque
3281 3817 3723 3874 successoribus

2075 3884 2136 3942 in
2168 3887 2329 3942 omni
2359 3896 2644 3946 conventu
2675 3893 3082 3966 episcoporum
3113 3902 3168 3952 et
3189 3899 3517 3973 principum
3550 3921 3723 3976 supe-

2078 3977 2290 4032 riorem
2323 3977 2380 4032 in
2413 3979 2688 4035 omnibus
2719 3983 3028 4040 abbatibus
3066 3988 3284 4056 sedem,
3309 3991 3439 4046 etin
3462 3993 3724 4050 conciliis

2076 4069 2133 4120 et
2157 4065 2394 4136 judiciis
2444 4067 2698 4137 priorem
2729 4071 2813 4125 tui
2863 4074 3086 4130 ordinis
3120 4076 3458 4137 hominibus
3490 4087 3722 4140 senten-

2078 4153 2218 4208 tiam
2251 4171 2355 4225 pro
2386 4157 2705 4213 reverentia
2735 4161 2880 4215 tanti
2911 4161 3043 4232 loci,
3064 4165 3164 4237 qui
3197 4169 3451 4238 primum
3481 4176 3538 4227 et
3559 4189 3720 4229 sum-

2078 4258 2243 4297 mum
2275 4243 2611 4300 monasticae
2643 4245 3036 4320 legislatorem
3069 4255 3263 4313 vivum
3313 4264 3370 4314 et
3421 4266 3720 4317 mortuum

2076 4328 2324 4386 retinere
2349 4335 2667 4403 promeruit
2689 4353 2702 4404 ;
2725 4338 2942 4411 quique
2960 4341 3147 4412 ipsius
3169 4345 3560 4417 legislatorem
3582 4351 3722 4405 scri-

2075 4423 2196 4491 pto,
2227 4421 2400 4476 verbo
2433 4426 2492 4477 et
2519 4425 2782 4496 exemplo
2812 4430 3130 4488 cmnobiale
3158 4436 3520 4506 propositum
3543 4453 3721 4510 appe-

2073 4509 2335 4576 tendo,in
2369 4513 2486 4566 toto
2508 4514 2730 4568 mundo
2753 4515 2873 4570 sole
2898 4517 3112 4575 clarius
3133 4521 3718 4584 evibravit.Defuncto

301 4596 666 4670 longinquis,
701 4597 890 4653 multo
922 4599 1112 4670 magis
1139 4598 1478 4654 domesticis
1500 4603 1558 4654 et
1587 4599 1958 4672 pr0pinquis.
1995 4617 2041 4680 Ι)
2075 4601 2272 4652 autem
2304 4599 2534 4667 abbate,
2567 4618 2634 4656 ex
2656 4620 2784 4659 sese
2807 4605 2936 4676 ipsa
2965 4611 3354 4681 congregatio,
3390 4615 3718 4672 secundum

300 4684 456 4758 Ipsis
488 4685 705 4758 quippe
734 4690 867 4759 post
896 4687 1214 4742 Dominum
1247 4688 1503 4742 secundo
1544 4687 1729 4759 gradu
1759 4689 1960 4744 admo-

296 4774 490 4830 venda
509 4778 600 4830 est
628 4774 945 4831 invisibilis
968 4776 1248 4843 oharitas,
1282 4780 1346 4830 ut
1364 4792 1465 4848 per
1495 4791 1594 4831 eos
1623 4777 1782 4833 velut
1805 4795 1961 4849 qua:-

302 4863 440 4918 dam
453 4861 698 4920 visibilis
710 4863 945 4920 ﬂamma
959 4864 1248 4936 gradatim
1265 4865 1336 4921 ad
1352 4864 1961 4938 remotioresquosque

302 4950 618 5008 discurrat.
651 4951 767 5008 Piis
797 4969 933 5025 ergo
964 4953 1107 5010 locis
1137 4957 1194 5009 et
1237 4954 1431 5009 divina
1459 4953 1739 5026 religione
1787 4971 1960 5012 vene-

299 5039 588 5096 rabilibus
621 5040 826 5097 debitae
846 5041 1263 5098 consolationis
1285 5046 1342 5098 et
1371 5041 1730 5098 defensionis
1756 5061 1957 5115 porre-

297 5129 450 5186 cturi
478 5146 710 5199 manus,
741 5129 911 5186 illum
933 5131 1156 5188 caeteris
1179 5132 1605 5204 praeferendum
1629 5149 1743 5188 non
1776 5133 1959 5188 ambi-

296 5216 496 5292 gimus
527 5233 702 5290 quem
734 5218 1073 5276 monasticae
1094 5236 1310 5276 normis
1337 5224 1564 5276 constat
1585 5237 1714 5276 esse
1744 5221 1958 5293 princi-

295 5306 426 5379 pale
456 5307 855 5380 gymnasium,
889 5313 947 5365 et
975 5313 1189 5366 sanctae
1222 5309 1493 5366 Romanis
1523 5314 1579 5366 et
1619 5308 1953 5381 apostolica:

297 5396 425 5452 sedi
457 5396 838 5470 contiguum;
875 5415 1050 5471 quem
1078 5398 1231 5454 cives
1262 5398 1530 5464 Romani,
1573 5403 1764 5471 patres
1793 5400 1952 5456 vide-

296 5484 435 5541 licet
463 5485 659 5542 eximii
689 5487 1066 5557 Benedictus,
1125 5488 1365 5543 Maurus
1397 5493 1454 5543 et
1509 5487 1779 5546 Placidus
1819 5506 1954 5546 cum

295 5573 599 5632 nonnullis
617 5574 749 5633 allis
780 5576 1124 5644 fundarunt,
1145 5593 1456 5650 quemque,
1483 5594 1517 5632 a
1546 5577 1820 5651 gentibus
1852 5580 1954 5636 de-

291 5666 612 5735 structum,
632 5665 881 5730 Romani
902 5667 1210 5741 pontiﬁces
1223 5665 1614 5741 nihilominus
1626 5685 1738 5729 sua
1757 5673 1953 5730 aucto-

2073 4686 2279 4743 sanius
2299 4689 2611 4746 consilium
2643 4693 2978 4764 sapientum
3007 4702 3064 4752 et
3117 4699 3416 4756 seniorum
3444 4703 3711 4773 fratrum,

2072 4775 2185 4830 sibi
2216 4776 2487 4832 abbatem
2525 4777 2722 4850 eligat,
2776 4786 2834 4835 et
2880 4784 3206 4853 apostolicae
3237 4787 3393 4844 sedis
3449 4792 3715 4862 pontifici

2073 4863 2430 4921 ﬁrmandum
2475 4869 2532 4920 et
2561 4871 3023 4928 consecrandum
3057 4874 3344 4933 exhibeat.
3405 4879 3517 4937 Nec
3548 4881 3718 4940 aliter

2069 4953 2149 5008 ibi
2190 4953 2371 5009 abbas
2393 4955 2805 5024 constituatur,
2831 4959 3341 5032 autjaliundeilluc
3364 4968 3718 5027 intromitta-

2070 5035 2307 5109 tur,nisi
2339 5042 2484 5098 forte
2506 5059 2574 5099 ex
2598 5061 2661 5100 se
2683 5045 2939 5119 aliquem
2961 5054 3125 5109 tanto
3149 5056 3417 5128 regimini
3439 5059 3713 5118 idon‘eum

2069 5147 2185 5186 non
2215 5130 2549 5202 habuerint,
2571 5137 2628 5189 et
2658 5135 2730 5190 ob
2761 5137 2820 5193 id
2845 5139 3062 5196 saniori
3103 5144 3343 5202 consilio
3373 5151 3711 5204 extraneum

2068 5219 2181 5276 sibi
2237 5219 2537 5293 elegerint.
2596 5223 3008 5297 Porro,preeter
3053 5247 3353 5289 summum
3382 5235 3710 5306 apostolica

2068 5308 2224 5364 sedis
2255 5309 2586 5382 praesulem,
2621 5313 2934 5384 cujuslibet
2961 5319 3229 5376 Ecclesiae
3259 5322 3598 5395 episcopum
3619 5323 3709 5381 vel

2067 5399 2426 5455 sacerdotem
2471 5401 2530 5456 in
2589 5403 2828 5473 praefato
2885 5410 3238 5467 monasterio
3297 5411 3384 5468 vel
3440 5413 3499 5469 in
3548 5414 3708 5472 cellis

2065 5487 2254 5560 ipsius
2271 5488 2628 5548 deditionem
2651 5495 2972 5565 quamlibet
2992 5498 3103 5554 sibi
3118 5517 3468 5571 praesumere
3490 5505 3597 5562 hac
3612 5524 3707 5562 no-

2064 5584 2186 5635 stra
2215 5578 2624 5639 interdicimus
2656 5586 2998 5642 auctoritate
3022 5604 3034 5642 :
3061 5589 3140 5644 ita
3168 5596 3232 5646 ut
3258 5593 3371 5648 nisi
3403 5595 3474 5650 ab
3498 5597 3704 5650 abbate

2064 5668 2239 5728 fuerit
2283 5669 2584 5746 invitatus,
2609 5690 2714 5734 nec
2765 5674 3083 5740 missarum
3113 5679 3399 5744 solemnia
3430 5683 3566 5740 ini!’
3606 5707 3610 5712 -
3643 5705 3668 5737 -:
