4138 6186
516 322 672 391 1307

1845 317 2162 386 NICOLAI
2203 315 2258 384 ῙῙ
2304 319 2552 384 ΡΑΡιΕ.

3709 313 3831 384 {308

511 463 648 520 deat
675 458 987 527 celebrare,
1017 458 1141 531 sed,
1189 462 1412 516 remota
1440 460 1498 515 et
1527 458 1865 533 propulsata
1891 457 2152 530 qualibet
2178 457 2232 524 Α
2261 456 2538 513 omnibus
2567 454 2966 529 pertinentiis;
3020 471 3125 514 nec
3181 471 3292 513 non
3348 456 3402 512 et
3454 451 3726 511 castellum
3751 456 3833 528 qui

513 550 891 625 oppressione
931 550 1458 606 ecclesiasticarum
1491 548 1579 606 vel
1629 548 1996 606 saecularium
2023 563 2154 618 per-

514 658 813 708 sonarum,
843 640 995 696 sicut
1016 640 1299 696 hactenus
1329 641 1566 706 mansit,
1587 657 1621 695 a
1652 638 1920 711 praesenti
1945 638 2157 693 duode-

511 731 664 787 cima
690 730 1008 786 indictione
1029 729 1138 786 hoc
1164 734 1362 786 nostro
1383 729 1684 802 privilegio
1718 730 1776 783 in
1809 733 2152 800 perpetuum

511 820 774 894 quietum
822 826 877 875 et
908 821 1184 887 liberum,
1234 821 1303 876 ad
1338 820 1635 876 servitium
1668 822 1723 875 et
1756 819 2000 891 gloriam
2056 817 2156 874 Dei

511 915 764 975 maneat,
805 910 914 966 sub
946 910 1280 966 defensione
1310 914 1365 965 et
1390 911 1522 981 jure
1555 913 1766 964 sanctae
1800 909 2070 964 Romana
2101 912 2158 963 et

510 999 840 1072 apostolicae
873 998 1050 1065 sedis,
1083 1015 1215 1054 cum
1246 998 1370 1052 suis
1403 998 1697 1053 omnibus.

581 1089 662 1144 Ex
683 1088 897 1160 quibus
918 1088 1260 1143 summatim
1285 1091 1340 1142 et
1362 1086 1713 1159 generaliter
1737 1087 2013 1142 omnibus
2035 1086 2156 1143 haec

509 1178 859 1234 nominatim
891 1181 948 1232 et
978 1176 1311 1249 specialiter
1340 1180 1570 1231 tantum
1601 1175 1732 1231 istic
1759 1176 2114 1247 digessimus
2140 1193 2152 1231 :

509 1268 574 1323 In
606 1267 812 1339 primis
845 1265 1265 1322 monasterium
1289 1264 1519 1320 Domini
1553 1264 1869 1320 Salvatoris
1900 1264 2156 1336 positum

507 1357 580 1412 ad
603 1357 792 1428 ipsius
814 1355 1018 1427 pedem
1036 1354 1278 1421 montis;
1299 1358 1476 1425 atque
1493 1353 1916 1409 monasterium
1931 1355 2157 1410 Sanctae

505 1445 602 1501 Dei
631 1444 932 1517 genitricis
957 1448 1019 1498 et
1045 1443 1288 1513 virginis
1309 1443 1521 1510 Mariae,
1556 1443 1653 1514 qui
1689 1448 1930 1499 vocatur
1958 1442 2157 1499 Plum-

507 1532 748 1599 barola;
784 1533 885 1588 sed
918 1537 976 1588 et
1019 1532 1324 1588 castellum
1357 1533 1414 1594 8.
1451 1532 1608 1588 Petri
1641 1532 1710 1588 ad
1737 1534 1939 1604 pedem
1971 1533 2159 1605 ipsius

507 1621 910 1693 montis,quod
934 1621 1005 1676 ab
1019 1621 1284 1693 antiquis
1307 1621 1528 1676 dictum
1554 1625 1642 1677 est
1662 1626 1918 1678 castrum
1941 1623 2156 1690 Casini,

506 1726 612 1765 nec
644 1726 755 1765 non
785 1713 840 1764 et
865 1710 1172 1765 castellum
1206 1710 1264 1764 8.
1299 1709 1502 1782 Angeli
1547 1729 1559 1777 ;
1593 1710 1896 1766 castellum
1932 1711 2031 1782 qui
2061 1727 2159 1766 vo-

2263 549 2503 602 vocatur
2533 547 2958 612 Lastinianum,
2989 551 3046 602 et
3069 535 3184 602 alia
3212 545 3322 601 tria
3347 544 3588 610 castella,
3626 549 3832 601 montem

2263 635 2532 704 Alberici,
2555 636 2864 705 Mucelam,
2899 637 2957 692 8.
2982 635 3194 702 Quirici
3215 651 3344 690 cum
3378 639 3537 707 portu
3561 635 3733 690 decem
3759 651 3836 689 na-

2264 726 2443 793 vium,
2479 743 2610 798 quae
2655 726 2770 781 duo
2799 725 3226 781 Trasimundus
3267 741 3458 779 comes
3488 723 3632 778 ﬁlius
3659 721 3835 778 Altonis

2265 816 2434 870 beato
2465 816 2774 871 Benedicto
2803 815 2861 870 in
2897 819 3092 870 monte
3135 813 3337 868 Casino
3367 811 3532 885 legali
3585 812 3837 866 donatione

2265 909 2320 959 et
2343 905 2678 961 chartarum
2710 903 3109 960 monumentis
3131 901 3403 967 contulit;
3437 900 3658 956 tertium
3687 904 3838 954 autem

2268 993 2575 1050 castellum
2590 993 2917 1064 Frisam,qu
2928 993 2996 1048 od
3014 991 3621 1064 praefatiTransmundi
3635 1005 3839 1059 uxorpro

2267 1084 2464 1140 anima
2493 1101 2619 1151 sua,
2653 1083 3048 1138 consentiente
3078 1081 3198 1135 viro
3231 1097 3360 1147 suo,
3385 1080 3442 1135 S.
3468 1080 3744 1136 Benedicto
3769 1081 3840 1135 ob-

2266 1174 2404 1229 tulit
2430 1191 2443 1240 ;
2478 1174 2536 1229 8.
2566 1174 2735 1230 Justa
2764 1173 2980 1228 ibidem
3005 1170 3209 1227 cellam
3235 1170 3293 1226 S.
3327 1170 3515 1226 Focati
3545 1169 3600 1224 in
3630 1167 3836 1234 Alarico,

2265 1263 2322 1318 8.
2357 1263 2584 1335 Georgii
2611 1262 2668 1318 in
2728 1260 3029 1328 Termole;
3065 1258 3275 1315 cellam
3322 1259 3380 1314 8.
3437 1258 3753 1314 Liberatoris
3798 1257 3840 1312 in

2267 1351 2526 1407 Marchia
2580 1368 2715 1407 cum
2748 1348 3138 1423 quadraginta
3193 1346 3374 1413 cellis,
3407 1347 3464 1403 S.
3503 1346 3777 1402 Salvatoris
3799 1346 3842 1401 in

2263 1441 2440 1508 Tabe,
2502 1442 2560 1497 8.
2607 1439 2975 1496 Scholasticze
3024 1439 3084 1494 in
3152 1437 3358 1504 Pinne,
3413 1436 3470 1492 8.
3528 1435 3740 1491 Martini
3798 1436 3841 1490 in

2266 1530 2482 1595 Salina,
2505 1531 2562 1586 S.
2587 1529 2805 1586 Nicolai
2836 1529 2895 1586 in
2925 1531 3177 1601 Apruxo,
3205 1528 3265 1582 S.
3291 1524 3490 1598 Angeli
3519 1526 3574 1580 in
3595 1525 3842 1591 Maranno,

2269 1635 2402 1675 cum
2434 1619 2708 1675 omnibus
2764 1617 2924 1674 cellis
2983 1617 3108 1673 suis
3163 1619 3498 1673 sanctorum
3539 1619 3734 1688 septem
3759 1614 3845 1670 fra-

2269 1715 2464 1776 trum;
2521 1708 2581 1763 S.
2639 1707 2956 1776 Laurentii,
3007 1711 3060 1761 et
3102 1709 3156 1760 8.
3207 1704 3501 1760 Benedicti
3547 1704 3601 1759 in
3649 1705 3843 1772 Trunto,

508 1801 674 1897 catur
705 1798 1438 1897 Pini‘ataro,etJunctura;
1473 1798 1774 1897 castellum
1813 1801 1872 1856 S.
1907 1799 2160 1872 Georgii,
2194 1832 2240 1897 B
2270 1799 2328 1854 8.
2363 1795 2721 1897 ipolliqaris
2744 1796 2801 1897 in
2837 1796 3053 1897 Firmo,
3088 1793 3147 1849 S.
3182 1792 3479 1897 Benedicti
3504 1792 3564 1897 in
3590 1793 3778 1897 Tisinlo,
3804 1796 3849 1892 et

505 1889 563 1943 et
592 1887 650 1942 8.
703 1886 1076 1958 Apollinaris,
1108 1891 1165 1942 et
1195 1888 1250 1942 S.
1279 1888 1598 1949 Ambrosii.
1633 1893 1688 1942 et
1711 1890 1768 1943 8.
1792 1890 2033 1944 Andreaa
2061 1906 2074 1942 :
2109 1892 2165 1943 et
2194 1885 2238 1897 ”
2271 1889 2330 1944 8.
2365 1885 2556 1942 Mariae
2585 1886 2645 1940 in
2695 1885 3008 1941 Arboscola
3057 1902 3070 1951 ;

507 1974 817 2032 castellum
843 1976 944 2048 qui
977 1982 1219 2032 vocatur
1255 1975 1688 2049 Vallisi‘rigida:
1727 1977 2032 2032 castellum
2064 1977 2165 2049 qui

509 2064 722 2121 dicitur
750 2067 982 2132 Bantra,
1017 2070 1074 2120 et
1095 2066 1152 2120 8.
1179 2065 1339 2120 Petri
1369 2066 1427 2120 in
1460 2066 1567 2121 Hia
1591 2084 1603 2132 ;
1631 2070 1686 2121 8.
1719 2065 2168 2132 Victoris,Toro-

511 2154 732 2222 culum,
767 2155 1042 2222 Cervaru,
1081 2155 1138 2209 S.
1175 2153 1329 2222 Eliaa,
1362 2154 1921 2221 Vallemrotundam,
1981 2157 2169 2212 Rocca

509 2244 582 2298 de
615 2244 847 2310 Bontra,
881 2259 1016 2297 cum
1050 2243 1332 2298 omnibus
1364 2243 1491 2298 suis
1518 2244 1922 2315 pertinentiis;
1955 2245 2167 2300 castel-

515 2330 640 2384 lum
674 2331 774 2401 qui
807 2331 1022 2384 dicitur
1053 2329 1513 2396 Sarasiniscum,
1545 2336 1601 2386 et
1621 2332 1923 2387 castellum
1949 2333 2008 2388 S.
2042 2334 2168 2389 Ste~

509 2418 685 2490 phani
716 2436 728 2485 ;
763 2416 971 2472 cellam
1004 2417 1232 2473 Sanctae
1252 2419 1446 2473 Mariae
1476 2419 1534 2473 in
1560 2418 1837 2475 Albaneta
1863 2439 1874 2487 ;
1901 2425 1957 2476 et
1986 2422 2044 2476 8.
2069 2422 2166 2476 Ni-

510 2505 655 2564 colai
681 2505 738 2560 in
784 2504 1036 2571 Ciconia,
1067 2507 1126 2562 8.
1159 2506 1450 2562 Benedicti
1480 2507 1540 2562 in
1591 2506 1732 2574 Clia,
1765 2509 1822 2564 S.
1856 2509 2059 2581 Angeli
2106 2509 2165 2566 in

511 2594 850 2662 Vallelucis,
882 2599 939 2649 et
969 2595 1117 2650 cella
1137 2594 1334 2650 Sancti
1378 2595 1682 2652 Michaelis
1726 2615 1739 2665 ;
1773 2597 1833 2652 in
1883 2598 2165 2654 comitatu

483 2683 838 2756 'Aquinensi
873 2683 1079 2740 cellam
1108 2685 1166 2740 S.
1200 2685 1483 2758 Gregorii,
1517 2686 1574 2741 8.
1611 2686 1864 2741 Mauritii
1895 2691 1951 2742 et
1979 2690 2035 2740 8.
2070 2686 2165 2742 Ni—

510 2773 655 2830 colai
688 2774 747 2829 in
780 2773 930 2839 Pica,
981 2775 1039 2829 S.
1079 2774 1283 2848 Angeli
1317 2775 1375 2830 in
1407 2773 1754 2843 Cannuccio,
1788 2776 1846 2830 8.
1883 2775 2077 2831 Mariae
2107 2776 2167 2831 in

518 2863 739 2929 Barole,
766 2867 823 2918 et
860 2864 918 2918 8.
954 2863 1103 2918 Petri
1149 2863 1208 2918 in
1239 2863 1472 2920 Ascleto
1518 2882 1531 2932 ;
1583 2865 1722 2919 item
1759 2865 1818 2919 in
1878 2865 2034 2921 Luca
2057 2865 2168 2921 cel-

516 2951 633 3007 lam
649 2952 706 3007 S.
722 2951 950 3023 Georgii
968 2969 1146 3024 prope
1166 2953 1529 3009 Posterulam
1556 2971 1568 3020 ;
1590 2953 2170 3026 Wiriwalam,quam

521 3040 579 3096 8.
607 3041 912 3096 Benedicto
936 3041 1234 3096 contulere
1255 3043 1502 3097 Enricus
1524 3046 1580 3097 et
1612 3042 1913 3098 Rolandus
1940 3043 2170 3110 fratres,

520 3135 734 3186 sanctae
767 3130 1229 3186 conversationis
1261 3131 1530 3187 habitum
1566 3137 1930 3204 quaerentes:
1967 3132 2172 3188 cellam

3124 1881 3334 1938 cellam
3391 1885 3446 1934 8.
3503 1882 3757 1937 Benedicti
3803 1881 3845 1935 in

2274 1975 2462 2042 Marli,
2481 1976 2608 2031 etS.
2639 1974 2894 2030 Cosmati
2919 1992 2932 2042 ;
2968 1972 3172 2028 cellam
3191 1972 3250 2026 8.
3278 1968 3478 2042 Angeli
3505 1971 3558 2024 in
3586 1969 3848 2042 Valleregia

2274 2083 2407 2122 cum
2439 2064 2695 2120 castellis
2726 2068 2782 2119 et
2811 2063 3086 2119 omnibus
3108 2061 3232 2116 suis
3259 2058 3636 2131 pertinentiis;
3658 2075 3742 2114 nec
3760 2075 3848 2113 non

2274 2159 2332 2210 et
2361 2151 2599 2210 castella
2628 2153 2686 2207 in
2721 2152 3000 2207 comitatu
3031 2151 3322 2208 Asculano
3365 2151 3422 2205 id
3453 2154 3536 2205 est
3561 2150 3784 2213 Octavus,
3806 2150 3850 2200 et

2275 2247 2406 2316 post
2425 2246 2683 2297 montem
2713 2241 3022 2296 Cinianum
3046 2247 3102 2297 et
3130 2241 3637 2307 Trivivillanum,et
3661 2236 3846 2298 Cavino,

2275 2333 2429 2405 quod
2463 2331 2760 2387 Rolandus
2794 2330 2851 2385 in
2876 2330 3111 2402 praefato
3131 2332 3487 2387 monasterio
3518 2344 3636 2385 cum
3664 2325 3762 2381 suis
3779 2339 3848 2377 ne-

2276 2422 2511 2494 potibus
2542 2419 2840 2486 obtulere;
2874 2418 3079 2474 cellam
3102 2420 3158 2475 S.
3191 2421 3399 2476 Jacobi
3431 2420 3486 2474 in
3515 2414 3720 2474 Tremiti
3741 2429 3843 2468 cum

2277 2509 2422 2582 ipsis
2455 2507 2666 2564 insulis
2693 2526 2707 2577 ;
2738 2509 2797 2563 in
2830 2507 3072 2564 Comino
3101 2508 3412 2564 castellum
3442 2508 3536 2580 qui
3564 2504 3741 2560 dicitur
3767 2500 3841 2554 Vi.

2276 2597 2462 2665 calbo,
2496 2613 2628 2652 cum
2661 2596 2938 2652 omnibus
2970 2597 3096 2653 suis
3125 2598 3516 2670 pertinentiis.

2349 2687 2449 2742 His
2480 2686 2660 2758 igitur
2687 2690 2743 2740 et
2773 2685 3047 2742 omnibus
3072 2703 3198 2758 quae
3222 2689 3463 2758 praefato
3486 2683 3846 2752 caenobiojuste

2279 2775 2571 2842 pertinent
2623 2791 2939 2846 nunc,qua3
2969 2775 3030 2828 in
3080 2776 3283 2832 futuro
3327 2778 3483 2848 juste
3527 2770 3845 2846 pertinebunt,

2278 2865 2388 2920 sub
2414 2863 2598 2919 tutela
2627 2868 2683 2919 et
2712 2864 2974 2920 Romana
3004 2863 3276 2920 libertate
3325 2865 3431 2921 hoc
3459 2861 3720 2937 privilegio
3755 2873 3848 2930 per-

2278 2952 2606 3026 petualiter,
2622 2953 2692 3007 ad
2715 2953 3094 3024 temporalem
3113 2954 3526 3010 servorumDei
3548 2946 3847 3025 prasentium

2279 3043 2500 3098 scilicet
2530 3047 2704 3114 atque
2736 3042 3065 3097 futurorum
3119 3042 3405 3114 quietem,
3446 3041 3675 3106 statutis,
3719 3042 3848 3106 atque

2279 3131 2674 3197 conﬁrmatis;
2708 3129 3025 3202 apostolica
3048 3147 3324 3200 censura,
3358 3132 3464 3188 sub
3488 3125 3849 3200 interpositione

515 3221 572 3276 S.
620 3219 935 3286 Benedicti,
969 3223 1026 3275 et
1057 3220 1114 3275 8.
1174 3219 1546 3275 Scholasticaa
1585 3202 1662 3274 lin
1721 3221 1898 3276 Gaeta
1927 3222 1983 3276 8.
2045 3221 2165 3276 Ste-
2195 3202 2238 3270 (ἶ
2278 3219 2520 3276 districti
2545 3218 2934 3274 anathematis
2958 3223 3016 3274 et
3043 3219 3222 3274 divini
3253 3219 3653 3277 contestatione
3672 3210 3846 3287 judicii,

515 3307 693 3380 phani
719 3309 778 3362 in
807 3307 1154 3374 Terracina;
1207 3309 1266 3364 S.
1303 3308 1512 3374 Luciae,
1548 3310 1605 3363 S.
1641 3310 1790 3365 Petri
1834 3309 1892 3364 in
1926 3309 2165 3378 Curuli;

516 3396 575 3451 S.
609 3395 907 3467 Sylvestri,
941 3401 997 3450 et
1034 3397 1093 3450 8.
1131 3397 1321 3451 Luciaa
1354 3397 1412 3451 in
1446 3396 1663 3468 Arpino
1706 3415 1719 3452 :
1779 3399 1836 3453 8.
1871 3398 2167 3454 Benedicti

515 3483 575 3538 in
607 3482 753 3538 colle
782 3483 854 3538 de
910 3483 1109 3538 Insula
1138 3501 1150 3549 ;
1183 3488 1238 3538 8.
1274 3483 1545 3538 Germani
1602 3484 1660 3539 in
1722 3487 1907 3553 Sura;
1939 3491 2167 3542 curtem

516 3572 575 3628 8.
609 3571 825 3627 Urbani
857 3571 916 3626 in
948 3571 1228 3639 Comino;
1262 3571 1468 3627 cellam
1529 3572 1588 3627 8.
1650 3574 1812 3628 Pauli
1863 3573 2082 3630 ibidem
2113 3579 2170 3631 et

514 3664 572 3716 8.
603 3660 851 3727 Nazarii,
874 3665 931 3717 et
949 3665 1005 3716 8.
1029 3659 1386 3728 Venlentini,
1415 3678 1480 3716 ac
1511 3661 1570 3716 S.
1589 3661 1905 3718 Salvatoris
1930 3663 2166 3728 ;cellam

516 3751 576 3806 8.
610 3750 907 3807 Benedicti
929 3751 989 3806 in
1025 3750 1304 3818 Venafro;
1339 3755 1397 3805 et
1423 3751 1480 3807 S.
1515 3750 1764 3818 Nazarii,
1797 3755 1854 3807 et
1879 3755 1937 3806 8.
1976 3753 2168 3808 Mariae

515 3839 577 3894 in
609 3839 775 3908 Sala;
809 3843 1034 3895 curtem
1067 3841 1126 3895 S.
1160 3838 1457 3895 Benedicti
1491 3838 1736 3895 minoris
1786 3839 2040 3908 ibidem;
2075 3857 2171 3896 ca-

517 3928 728 3984 stelum
761 3929 916 3999 quod
973 3929 1187 3985 dicitur
1243 3928 1513 4001 Capriata
1566 3933 1623 3984 et
1687 3928 2067 3999 Francilonis,
2115 3934 2174 3986 et

519 4021 576 4071 8.
607 4015 890 4083 Joannis;
919 4021 1143 4072 curtem
1173 4016 1482 4085 S.Felicis;
1519 4017 1828 4073 castellum
1860 4020 1960 4089 qui
2004 4035 2170 4076 voca-

519 4108 622 4159 tur
649 4105 874 4172 Conca;
907 4103 1112 4159 cellam
1143 4105 1202 4160 8.
1237 4104 1533 4160 Benedicti
1567 4104 1625 4159 in
1670 4109 1950 4175 Cesama;
1983 4108 2040 4162 S.
2077 4108 2174 4164 Be-

519 4191 733 4247 nedicti
765 4192 825 4246 in
857 4193 1090 4259 Teano;
1124 4197 1180 4247 et
1239 4192 1297 4247 8.
1333 4192 1624 4248 Benedicti
1684 4194 1743 4248 in
1783 4195 2034 4263 Suessa;
2070 4213 2174 4252 nec

518 4297 634 4336 non
651 4287 706 4337 et
725 4280 932 4337 cellam
946 4281 1004 4337 8.
1031 4280 1324 4337 Benedicti
1347 4280 1410 4335 in
1432 4287 1628 4353 Capua
1647 4298 1779 4336 cum
1809 4283 1933 4355 ipso
1953 4284 2175 4340 Gualdo

518 4371 590 4426 de
618 4371 826 4443 Ligure
856 4374 914 4426 et
933 4387 1069 4426 cum
1087 4370 1361 4425 omnibus
1384 4369 1510 4425 suis
1534 4369 1901 4442 pertinentiis
1926 4391 1938 4441 ;
1965 4371 2172 4429 cellam

518 4460 583 4519 S.
603 4459 845 4516 Joannis
875 4459 1220 4515 ancillarum
1250 4459 1350 4514 Dei
1377 4459 1434 4512 in
1457 4459 1656 4514 eadem
1681 4460 1907 4516 civitate
1934 4481 1946 4530 ;
1981 4463 2176 4517 S.Ma-

521 4549 617 4604 riae
650 4548 708 4603 in
740 4548 948 4618 Calvo;
987 4550 1047 4604 S.
1084 4547 1276 4604 Mariae
1300 4548 1359 4603 in
1384 4546 1662 4620 Cingola;
1701 4549 1760 4604 8.
1793 4550 2094 4620 Adjutoris
2116 4552 2175 4606 in

521 4636 705 4693 Alii‘as
744 4656 756 4705 ;
816 4638 875 4692 S.
935 4637 1170 4692 Caciliae
1206 4637 1264 4692 in
1304 4635 1510 4708 Napoli
1555 4655 1567 4703 ;
1603 4636 1918 4694 Ecclesiam
1950 4640 2174 4696 Sanctae

522 4725 721 4782 Crusis
753 4725 812 4780 in
842 4724 1062 4780 Ancalti
1087 4743 1099 4780 :
1129 4725 1336 4782 cellam
1389 4724 1448 4780 S.
1484 4726 1779 4782 Benedicti
1800 4727 1859 4782 in
1893 4727 2167 4797 Salerno;

523 4817 580 4869 et
595 4813 798 4868 cellam
831 4815 887 4869 8.
920 4813 1147 4885 Sophiae
1177 4815 1327 4869 infra
1345 4813 1643 4870 civitatem
1666 4816 2128 4874 Beneventanam
2153 4837 2167 4887 ;

525 4900 732 4957 cellam
765 4901 824 4956 S.
859 4901 1152 4957 Benedicti
1185 4902 1243 4958 in
1281 4902 1486 4958 Asculo
1515 4921 1528 4970 ;
1563 4903 1775 4959 collum
1809 4906 2171 4962 S.Benedicti

525 4991 585 5045 in
606 4991 792 5046 Trans
823 5009 835 5059 ;
869 4994 924 5045 et
953 4992 1011 5046 8.
1036 4991 1330 5046 Benedicti
1352 4991 1410 5046 in
1436 4992 1566 5046 Bari
1602 5011 1615 5059 ;
1651 4992 1861 5049 collam
1895 4995 1953 5049 8.
1978 4996 2170 5052 Mariae

524 5078 868 5136 ancillarum
902 5079 1000 5135 Dei
1019 5080 1079 5135 in
1103 5079 1332 5134 civitate
1354 5079 1622 5136 Cosentia
1645 5099 1658 5149 ;
1683 5081 1890 5138 cellam
1913 5087 1967 5139 8.
1999 5084 2171 5141 Bene-

526 5168 664 5224 dicti
695 5169 756 5224 in
787 5169 1108 5234 Pectinaro,
1141 5172 1196 5222 8.
1234 5168 1426 5224 Mariae
1453 5168 1512 5224 in
1545 5169 1819 5240 Banse,S.
1872 5172 2170 5228 Benedicti

525 5257 585 5312 in
619 5257 876 5314 Alarimo
901 5276 914 5326 ;
938 5256 1138 5313 cellam
1165 5257 1224 5313 8.
1255 5257 1504 5312 Eustasii
1541 5275 1719 5330 quam
1751 5260 1808 5315 8.
1861 5261 2170 5319 Benedicto

529 5346 739 5401 obtulit
761 5346 1147 5419 Adelpherius
1179 5346 1469 5412 Pantasia,
1503 5346 1710 5403 cellam
1765 5352 1822 5402 S.
1867 5349 2058 5405 Mariae
2105 5352 2170 5408 in

530 5434 790 5502 Murone,
826 5435 884 5491 S.
920 5435 1166 5492 Eustatii
1221 5435 1279 5490 in
1310 5435 1477 5490 Petra
1505 5436 1850 5491 abundanti.
1886 5438 1945 5504 S,
1978 5439 2170 5496 Mariae

529 5522 588 5577 in
623 5523 948 5591 Batratano,
982 5526 1041 5580 8.
1076 5526 1270 5580 Mariae
1302 5523 1362 5579 in
1393 5528 1686 5579 ‘Casmeta
1708 5526 1878 5595 juxta
1928 5527 2170 5585 fluvium

532 5612 819 5668 Trinium.
877 5613 934 5668 8.
992 5613 1284 5670 Benedicti
1334 5613 1392 5668 in
1450 5613 1593 5685 Ripa
1678 5612 1824 5671 Ursa
1881 5631 2013 5672 cum
2048 5619 2172 5674 suis

2277 3310 2291 3363 i
2302 3308 2734 3365 nterminamus
2750 3307 3027 3363 omnibus
3040 3313 3161 3364 tam
3177 3310 3558 3380 praesentibus
3571 3320 3721 3379 quam
3734 3303 3844 3356 lutu-

2275 3397 2359 3453 ris
2383 3413 2453 3453 ne
2475 3396 2630 3452 ullus
2651 3395 2959 3451 hominum
2982 3399 3394 3470 cujuscunque
3418 3395 3640 3460 ordinis,
3660 3388 3844 3462 dignita-

2276 3487 2374 3551 tis,
2407 3483 2871 3550 conditionis,vel
2904 3486 3313 3560 cujuscunque
3360 3486 3547 3552 ofﬁcii,
3579 3499 3667 3538 seu
3694 3473 3841 3550 quali-

2278 3576 2375 3631 bet
2429 3574 2516 3630 vel
2548 3572 2981 3646 quantumlibet
3040 3591 3218 3647 parva
3270 3579 3373 3631 aut
3416 3590 3613 3648 magna
3639 3580 3839 3643 persona,

2279 3664 2728 3736 quibuscunque
2759 3663 2934 3718 rebus
2964 3663 3052 3719 vel
3087 3665 3352 3736 personis
3374 3664 3597 3738 przefata
3621 3659 3840 3715 monaste-

2278 3753 2362 3808 rio
2386 3753 2547 3823 juste
2578 3751 3008 3823 pertinentibus
3041 3753 3303 3825 aliquam
3332 3751 3647 3810 violentiam
3672 3745 3842 3806 inferat.

2280 3845 2379 3896 aut
2433 3839 2839 3897 calumniosus
2871 3840 3101 3909 existat,
3163 3843 3254 3898 vel
3308 3843 3617 3898 incumbat.
3669 3839 3844 3904 Insuper

2281 3928 2790 4001 quiamonasticus
2803 3946 3012 3985 cursus
3025 3917 3842 4005 sccundumpraeceptumreguliﬁ

2281 4017 2418 4074 almi
2451 4018 2639 4073 Patris
2671 4017 2963 4074 Benedicti
2993 4019 3209 4077 astivis
3246 4026 3306 4078 et
3335 4019 3664 4077 hiemalibus
3687 4019 3845 4080 temPO‘

2281 4107 2446 4162 ribus
2477 4107 2751 4180 praefixus
2781 4112 2893 4174 est,
2928 4109 3272 4166 auctoritate
3317 4108 3624 4183 apostolica
3649 4093 3843 4160 concedi-

2283 4213 2416 4252 mus
2445 4200 2510 4250 ut
2537 4195 2707 4251 liceat
2732 4195 3010 4252 fratribus
3044 4197 3284 4270 signum
3343 4199 3567 4272 pulsare
3609 4195 3658 4250 in
3697 4187 3844 4245 eodem

2285 4283 2638 4340 monasterio
2679 4288 2737 4338 et
2759 4283 2816 4338 in
2849 4283 3012 4340 cellis
3041 4287 3187 4357 ejus,
3222 4291 3343 4343 tam
3376 4288 3445 4343 ad
3477 4287 3690 4341 diurnas
3715 4285 3842 4348 quam

2285 4375 2359 4428 ad
2381 4362 3842 4448 nocLurnas,horas,quandocunquevoluerint.Liceat

2287 4479 2519 4534 quoque
2552 4461 2738 4534 ipsius
2788 4463 3130 4519 monasterii
3150 4468 3206 4519 et
3226 4465 3470 4520 ellarum
3490 4463 3606 4533 ejus
3636 4451 3842 4512 fratribus

2207 4573 2254 4638 D
2287 4551 2560 4607 clericum
2583 4551 2987 4623 cujuscunque
3003 4552 3327 4621 ordinis,de
3346 4562 3667 4625 quocunque
3681 4540 3840 4638 θρὶεξο·

2286 4643 2422 4713 patu
2453 4639 2647 4708 fuerit,
2681 4640 3003 4696 secundum
3045 4640 3424 4697 traditionem
3456 4641 3746 4695 sanctorum
3770 4629 3843 4713 Ριῂ

2280 4711 2436 4784 trum
2468 4729 2764 4800 suscipere
2789 4729 3106 4786 cumrebus
3137 4729 3262 4787 suis
3293 4731 3365 4786 ad
3398 4711 3844 4785 conversandumi:t

2280 4817 2693 4873 monachicum
2719 4817 2986 4874 habitum
3020 4819 3483 4892 suscipiendum,
3517 4806 3845 4892 absqueintel“

2286 4907 2544 4963 dictione
2561 4905 2960 4978 quorumlibet
2979 4907 3416 4980 episcoporum;
3441 4910 3501 4963 ut
3519 4903 3668 4958 liceat
3683 4891 3844 4980 eisdem

2279 4996 2560 5068 subjectis
2582 4995 2918 5051 monasterii
2951 4978 3152 5053 eorum
3170 4978 3434 5069 judicare
3465 4999 3576 5049 tam
3599 4978 3844 5069 monachos

2279 5101 2456 5158 quam
2474 5089 2530 5140 et
2552 5083 2985 5140 sactimoniales
3011 5085 3503 5155 feminas,absque
3524 5068 3836 5158 prohibitioae

2279 5156 2335 5230 et
2381 5172 2838 5228 contradictione
2895 5173 3210 5244 cujuslibet
3265 5169 3550 5229 saecularis
3601 5156 3840 5252 potestatis

2278 5280 2380 5320 scu
2407 5261 2833 5318 ecclesiasticae.
2861 5263 2930 5317 Et
2963 5263 3107 5335 quia
3124 5264 3393 5336 cupimus
3409 5265 3524 5316 tam
3541 5249 3841 5336 presentius]

2281 5369 2459 5424 quam
2490 5352 2822 5408 futurorum
2853 5350 3126 5425 malignae
3159 5351 3409 5407 avaritiae
3439 5351 3492 5403 et
3519 5336 3749 5425 nequiiiw
3773 5326 3844 5425 (ξδ’

2280 5440 2454 5508 viare,
2487 5440 2598 5496 hoc
2627 5444 2828 5496 nostra
2857 5424 3177 5512 apostolica
3226 5436 3551 5496 auctoritate
3577 5424 3760 5512 pariter
3779 5424 3844 5469 ω·

2277 5529 2618 5586 terdicimus
2649 5510 2986 5598 seditiones,
3014 5546 3161 5601 quas
3182 5529 3381 5585 dicunt
3409 5525 3660 5587 levas,seu
3689 5510 3844 5601 (ξίῖρξῗ

2283 5619 2648 5688 dationes,ne
2659 5618 2805 5675 ﬁant
2824 5594 3281 5690 aliquo-modoin
3298 5617 3665 5689 cujuscunque
3676 5594 3849 5655 abbatis
