4138 6186
353 388 378 454 l
391 388 510 456 309

1516 387 1920 455 EPISTOL/E
1963 385 2064 454 ET
2104 364 2587 456 DIPLOMATA.

3593 400 3749 466 i3l0

351 530 454 585 aut
483 523 722 585 rectoris
753 529 940 588 morte
969 531 1070 588 aut
1093 526 1391 586 electione.
1424 526 1506 583 Ad
1530 525 1617 581 hae
1639 524 1811 582 liceat
1830 527 1994 582 vobis
2025 531 2074 594 Α
2108 526 2270 582 fratri
2300 531 2548 598 ANNONI,
2573 528 3010 605 archiepiscopo
3033 529 3381 603 Coloniensi,
3408 541 3745 609 perpetuam

348 631 584 673 sacrum
614 615 894 687 chrisma,
922 623 980 674 et
1008 617 1432 674 ecclesiasticos
1475 615 1731 682 ordines,
1762 619 1818 671 et
1847 614 1996 671 alta-

340 705 504 762 .rium
538 708 1004 764 eonseerationes
1035 709 1109 763 ab
1140 706 1410 779 episeopo
1443 704 1701 778 quolibet
1723 707 1997 761 canonice

347 798 618 868 promoto
667 795 947 869 accipere,
979 800 1036 851 et
1064 795 1579 851 Christianismum
1628 794 1687 849 in
1737 793 1997 850 ecclesiis

342 883 556 940 vestris
587 900 756 956 agere
787 901 889 957 per
918 883 1157 941 clericos
1178 889 1421 948 vestros,
1445 888 1502 939 et
1521 883 1807 956 hymnum
1831 899 1998 956 ange-

343 972 532 1030 licum
564 989 668 1045 per
696 972 818 1030 dies
849 973 1183 1029 Dominicos
1215 978 1272 1028 et
1307 973 1650 1028 festivitates
1682 973 1753 1028 ad
1785 973 1997 1028 missa-

344 1079 480 1120 rum
511 1061 797 1118 solemnia
827 1064 936 1119 rite
966 1064 1296 1118 decantare.
1331 1063 1398 1118 Et
1438 1061 1636 1117 nullus
1689 1061 1998 1133 episcopus

343 1155 668 1225 praesumat
695 1149 756 1206 in
780 1151 908 1222 jam
961 1152 1114 1208 dicto
1163 1151 1518 1207 monasterio
1567 1150 1784 1218 venire,
1816 1149 1904 1206 vel
1938 1151 1997 1205 in

344 1240 612 1299 ecclesiis
641 1240 754 1296 sibi
776 1240 1060 1311 subjectis
1081 1241 1440 1296 sacerdotem
1467 1241 1995 1310 exeommunicare,

342 1329 438 1388 vel
468 1331 540 1386 ad
571 1329 860 1402 synodum
893 1345 1220 1402 provocare,
1255 1333 1357 1386 aut
1399 1329 1669 1386 abbatem
1709 1335 1766 1386 et
1795 1347 1998 1386 mona-

348 1419 490 1476 chos
522 1417 622 1491 qui
651 1417 751 1474 illo
781 1418 842 1474 in
863 1422 1128 1490 tempore
1148 1418 1386 1474 fuerint.

419 1508 596 1564 Porro
628 1506 929 1579 cupientes
987 1505 1291 1563 consulere
1339 1507 1674 1563 monasticae
1708 1507 1994 1579 religioni,

350 1614 478 1670 quae
526 1596 780 1668 peccatis
829 1597 1197 1668 exigentibus
1257 1597 1480 1668 passim
1538 1597 1907 1669 depravatur,
1943 1600 1998 1652 te

345 1684 761 1742 tantummodo
785 1684 991 1740 diebus
1009 1685 1137 1739 vitae
1161 1690 1274 1741 tuae
1296 1685 1576 1741 vicarium
1596 1686 1764 1741 nobis
1786 1687 1857 1741 ad
1880 1703 2001 1742 eor-

344 1774 662 1830 rectionem
688 1775 951 1829 omnium
981 1775 1470 1830 monasteriorum
1495 1780 1551 1830 et
1577 1775 1998 1831 monachorum

345 1864 420 1920 ab
446 1863 574 1936 ipso
606 1862 780 1918 ﬂuvio
809 1862 1087 1929 Piscaria,
1122 1864 1276 1919 sicut
1304 1863 1495 1919 inﬂuit
1534 1864 1592 1918 in
1625 1881 1804 1931 mare,
1839 1865 1996 1920 seili-
2031 1898 2078 1961 B

343 1958 440 2009 cet
470 1969 572 2025 per
601 1955 784 2008 totam
808 1951 1209 2024 Campaniam,
1236 1952 1636 2024 Principatum
1661 1970 1912 2025 quoque,
1943 1959 1999 2009 et

341 2041 640 2114 Apuliam,
672 2045 849 2111 atque
880 2038 1234 2108 Calabriam,
1275 2056 1574 2096 assumere
1605 2042 1994 2111 decrevimus,

343 2131 429 2186 ita
461 2134 524 2185 ut
552 2128 872 2202 capitulum
904 2129 962 2183 in
996 2129 1079 2184 eis
1111 2129 1350 2196 habeas,
1383 2134 1440 2186 et
1467 2129 1592 2186 vice
1622 2136 1822 2186 nostra
1853 2133 2000 2186 indi-

345 2219 709 2292 seiplinatos,
764 2235 898 2274 cum
955 2219 1245 2288 adjutorio
1295 2219 1702 2292 episcoporum
1735 2221 1806 2275 ad
1849 2238 1996 2292 quos

346 2307 706 2365 monasteria
755 2307 882 2380 ipsa
930 2307 1243 2379 pertinent,
1296 2306 1573 2379 corrigas,
1607 2312 1664 2363 et
1703 2324 1828 2379 qua:
1860 2314 1999 2364 sunt

345 2397 733 2463 emendanda,
756 2396 803 2450 si
828 2396 1106 2468 potueris,
1128 2397 1451 2452 secundum
1471 2396 1788 2452 Dominum
1807 2415 2002 2454 emen-

347 2486 473 2554 des,
508 2490 609 2541 aut
627 2485 957 2556 apostolicae
981 2485 1139 2540 sedis
1162 2485 1420 2557 pontifici
1444 2485 1746 2542 renunties
1769 2488 1840 2541 ad
1867 2503 1997 2559 per-

345 2580 585 2646 petuam
616 2575 826 2630 animae
857 2579 1062 2629 vestrae
1094 2575 1442 2640 mercedem,
1467 2581 1524 2630 et
1553 2575 1887 2630 monastiea
1917 2594 1995 2633 re-

344 2663 584 2736 ligionis
611 2663 1076 2719 emendationem
1121 2667 1176 2718 et
1225 2664 1744 2731 conservationem,
1781 2667 1997 2737 pariter

348 2769 583 2825 quoque
596 2752 666 2807 ad
683 2751 767 2807 tui
781 2752 1182 2808 cardinalatus
1195 2752 1537 2825 dignitatem
1555 2757 1612 2808 et
1633 2754 1995 2810 sanctissimi

345 2824 644 2897 Benedicti
674 2841 1201 2909 honorificentiam,
1234 2824 1300 2897 ea
1329 2841 1517 2914 gratia
1546 2846 1607 2896 ut
1633 2843 1995 2899 monastieus

345 2931 487 2987 ordo
518 2931 844 3002 corrigatur
872 2929 989 2984 illis
1011 2929 1068 2984 in
1093 2929 1355 3002 partibus
1378 2947 1479 3001 per
1502 2934 1554 2985 te
1577 2929 1916 3002 religiosum
1940 2937 1996 2986 et

346 3018 874 3091 prudentissimum
923 3034 1321 3076 successorem
1367 3017 1548 3072 illius.
1585 3019 1642 3073 Si
1676 3019 1807 3091 quis
1840 3036 1993 3088 vero,

350 3107 505 3178 quod
536 3123 649 3161 non
676 3110 970 3178 optamus,
1004 3105 1183 3176 hujus
1217 3105 1398 3161 nostri
1431 3105 1716 3178 privilegii
1749 3107 1996 3163 decreta-

349 3195 468 3251 lem
502 3195 771 3268 paginam
806 3195 1114 3251 temerario
1159 3212 1305 3250 ausu
1347 3195 1407 3248 in
1456 3193 1649 3266 aliquo
1679 3195 1994 3268 infringere

2105 616 2162 672 in
2197 617 2441 674 Domino
2473 619 2745 691 salutem.

2176 707 2463 762 Pontiﬁcii
2496 709 2856 780 apostolatus
2888 712 3075 766 nostri
3123 717 3228 779 est,
3257 713 3571 770 universali
3602 715 3748 788 vigi-

2106 795 2289 852 lantia
2315 798 2590 854 omnibus
2621 799 3029 856 ecclesiasticis
3079 803 3327 874 negotiis
3369 804 3588 859 utiliter
3617 821 3748 876 pro-

2105 886 2366 958 spicere;
2398 885 2806 959 religiosorum
2858 895 3054 945 tamen
3105 890 3367 948 locorum
3398 893 3752 949 utilitatibus

2107 992 2400 1030 summam
2430 976 2886 1032 sollicitudinem
2921 978 3013 1050 pia
3044 981 3344 1036 devotione
3392 982 3747 1053 impendere.

2107 1066 2292 1130 Quam
2341 1081 2476 1119 eum
2523 1064 2798 1121 omnibus
2847 1068 3194 1139 generaliter
3236 1070 3575 1136 debeamus,
3619 1088 3750 1142 spe-

2107 1153 2330 1208 cialiter
2381 1162 2570 1209 lamen
2620 1163 2928 1212 assensum
2987 1159 3374 1230 praerogativae
3422 1159 3749 1215 dilectionis

2107 1257 2245 1314 erga
2275 1243 2657 1298 reverentiam
2690 1244 3071 1303 fraternitatis
3118 1251 3229 1302 tuae
3277 1264 3508 1321 semper
3535 1249 3753 1307 habere

2107 1335 2400 1403 optamus.

2178 1420 2478 1486 Quocirca,
2511 1422 2652 1476 dum
2694 1423 2966 1478 omnibus
3009 1424 3191 1495 justis
3244 1427 3622 1499 petitionibus
3653 1431 3750 1485 de-

2106 1509 2314 1564 beatur
2330 1509 2517 1564 facilis
2532 1527 2832 1578 assensus,
2849 1513 3220 1585 suggestione
3235 1515 3617 1588 benignitatis
3639 1523 3751 1573 tuae

2109 1602 2415 1670 promptus
2446 1599 2747 1656 charitatis
2781 1606 2990 1656 nostrae
3022 1603 3328 1658 exhibetur
3348 1605 3606 1662 affectus.
3640 1607 3751 1662 Ita-

2108 1704 2222 1758 que
2253 1689 2579 1743 secundum
2608 1706 2866 1744 amorem
2893 1692 3191 1761 petitionis
3218 1697 3329 1748 tute
3353 1695 3656 1750 ecclesiam
3687 1698 3747 1752 Β.

2109 1776 2301 1832 Mariae
2326 1778 2532 1832 matris
2554 1779 2783 1833 Domini
2808 1779 2987 1834 nostri
3005 1781 3141 1835 Jesu
3161 1781 3394 1849 Christi,
3412 1782 3583 1838 sitam
3600 1784 3754 1840 inter

2110 1883 2310 1921 muros
2335 1867 2495 1921 urbis
2517 1866 2764 1921 Coloniae
2787 1867 2846 1922 in
2868 1867 2993 1923 loco
3017 1869 3114 1939 qui
3139 1875 3376 1924 vocatur
3400 1871 3470 1925 ad
3503 1873 3752 1939 Gradus,

2108 1971 2282 2024 quam
2308 1955 2401 2025 pia
2430 1955 2656 2010 devotio
2687 1959 2788 2010 tua
2815 1958 3138 2011 construxit
3168 1963 3222 2012 et
3245 1959 3316 2013 ad
3339 1960 3754 2033 omnipotentis

2109 2043 2210 2098 Dei
2245 2043 2548 2110 honorem,
2581 2048 2754 2115 atque
2786 2045 2997 2101 animae
3029 2051 3368 2119 perpetuam
3403 2051 3751 2119 mercedem,

2110 2132 2581 2205 possessionibus
2607 2149 2671 2187 ac
2694 2134 2869 2189 rebus
2891 2133 3136 2190 interius
3159 2141 3216 2190 et
3245 2138 3497 2194 exterius
3528 2119 3752 2209 ditavit,

2107 2220 2217 2275 sub
2249 2219 2576 2290 apostolica
2608 2221 2967 2276 defensionis
2997 2221 3180 2276 tutela
3213 2224 3549 2295 recipimus.

2178 2307 2512 2379 Apostoliea
2543 2305 2927 2363 nihilominus
2960 2311 3302 2366 auctoritate
3333 2313 3753 2372 conﬁrmamus

2107 2396 2294 2451 eidem
2318 2396 2572 2451 ecclesiae
2596 2396 2882 2468 quidquid
2903 2401 2959 2452 et
2981 2403 3091 2452 tum
3111 2398 3327 2454 devota:
3352 2400 3649 2472 religionis
3673 2405 3753 2460 in-

2108 2485 2288 2540 tentio
2320 2485 2500 2540 divini
2529 2485 2632 2540 zeli
2667 2486 2886 2541 fervore
2917 2485 3199 2542 hactenus
3231 2489 3496 2559 contulit,
3533 2492 3754 2550 scilicet

2107 2573 2401 2644 Blisenna,
2420 2574 3752 2647 Wissa,Unekelo,Heigenbaeh,Elinke,Flam-

2107 2663 2464 2730 nersheimb,
2499 2667 2555 2718 et
2594 2667 2929 2719 antecessor
2974 2668 3113 2719 tuus
3161 2665 3530 2723 Hermannus
3563 2671 3753 2726 archi-

2105 2752 2417 2823 episcopus
2448 2751 2635 2806 eidem
2666 2751 2921 2807 ecclesia:
2954 2753 3398 2823 exaediﬁcandae,
3422 2756 3493 2811 de
3514 2763 3753 2815 caetero-

2103 2857 2235 2895 rum
2286 2840 2761 2912 possessionibus
2806 2841 3138 2913 acquisivit,
3172 2847 3228 2898 et
3258 2845 3409 2916 quod
3443 2847 3546 2901 tua
3575 2847 3750 2904 indu-

2105 2929 2267 2993 stria,
2303 2929 2559 2984 Riehesze
2605 2935 2661 2984 et
2708 2930 3074 2986 cohzeredum
3116 2931 3425 3003 acquisivit
3456 2935 3750 2992 Meekeni-

2105 3018 2295 3081 ehem,
2329 3017 2583 3083 (lloteno,
2615 3020 3074 3086 Demunderedo,
3111 3021 3333 3086 Assela,
3394 3027 3450 3078 et
3497 3024 3750 3082 decima-

2105 3107 2323 3162 tionem
2357 3107 2414 3161 in
2465 3108 2734 3177 Saxonia,
2789 3125 2912 3179 qua:
2971 3109 3208 3164 feudnm
3263 3110 3492 3167 Henriei
3543 3113 3668 3180 fuit,
3698 3121 3754 3171 et

2109 3196 2396 3267 quidquid
2427 3197 2487 3250 in
2519 3198 2780 3251 futurum
2831 3214 3178 3269 quocunque
3220 3199 3390 3254 modo
3423 3199 3636 3256 divinis
3665 3205 3752 3259 vei

350 3285 679 3354 tentaverit,
699 3289 922 3340 aeterna:
942 3284 1729 3340 maledictionisinnodatum
1747 3285 1998 3340 vinculis
2028 3262 2070 3329 Ο
2112 3283 2386 3340 humanis
2417 3285 2647 3357 legibus
2675 3302 2931 3359 congruo
2962 3291 3064 3341 tua
3093 3285 3346 3342 charitas
3376 3291 3432 3342 et
3470 3305 3750 3359 quorum-

351 3389 415 3431 se
444 3375 687 3438 noverit,
710 3378 768 3430 et
797 3378 1077 3446 perpetua
1097 3372 1386 3446 supplicia
1403 3372 1690 3428 luiturum
1713 3389 1848 3428 eum
1875 3375 1995 3429 dia-

351 3462 486 3519 bolo
514 3467 569 3518 et
596 3462 820 3535 angelis
851 3464 996 3534 ejus,
1031 3463 1147 3519 nisi
1169 3463 1314 3518 forte
1336 3462 1500 3533 prius
1527 3461 1882 3534 resipiscens
1914 3479 1999 3518 sa-

351 3550 728 3608 tisfecerit.At
759 3551 859 3623 qui
891 3551 1123 3624 pietatis
1144 3551 1359 3607 intuitu
1391 3551 1632 3606 devotus
1663 3551 1999 3607 observator

347 3640 657 3707 exstiterit,
691 3640 877 3714 ipsius
922 3640 1250 3696 interventu
1297 3639 1436 3695 almi
1482 3639 1670 3694 Patris
1702 3640 1997 3696 Benedicti

347 3729 856 3802 perfectorumque
877 3730 1222 3802 sequacium
1245 3728 1655 3800 sociorumque
1675 3731 1824 3800 ejus,
1846 3746 1998 3786 sem-

344 3818 588 3890 piternae
619 3817 1040 3875 benedictionis
1070 3819 1380 3890 particeps,
1416 3821 1472 3873 et
1503 3817 1759 3889 paradisi
1787 3819 1996 3876 beatus

345 3923 653 3980 possessor
677 3907 979 3964 efﬁciatur.
1014 3909 1220 3963 Amen.

415 3996 711 4068 Scriptum
744 4013 845 4069 per
875 4013 1118 4051 manum
1167 3994 1464 4050 Octaviani
1515 3995 1727 4050 notarii
1759 4000 1816 4051 et
1845 3997 1994 4053 scri-

343 4084 519 4140 niarii
570 4087 784 4141 sanctis
834 4085 1106 4140 Romana:
1155 4082 1421 4138 Ecclesiae
1454 4084 1783 4154 apostolicae
1815 4087 1992 4156 sedis,

342 4189 500 4229 anno
532 4173 719 4245 primo
751 4173 1125 4245 pontiﬁcatus
1184 4171 1382 4227 domni
1441 4187 1602 4243 papa
1646 4173 1866 4229 Nicolai
1899 4192 1994 4231 se-

343 4253 545 4328 cundi,
578 4261 899 4318 indictione
925 4260 1291 4316 duodecima.

415 4350 628 4405 Datum
659 4349 892 4405 Auximi
950 4353 1148 4405 octavo
1207 4348 1344 4404 Idus
1403 4348 1614 4416 Martii,
1669 4367 1821 4405 anno
1852 4352 1993 4408 Jesu

340 4438 561 4495 Christi
585 4438 898 4494 millesimo
922 4437 1410 4510 quinquagesimo
1433 4454 1606 4503 nono,
1625 4455 1729 4510 per
1753 4458 1992 4498 manum

341 4527 649 4582 Humberti
682 4530 894 4583 sanctae
924 4525 1192 4582 Ecclesia
1222 4526 1384 4580 Silvae
1409 4526 1682 4583 Candida:
1712 4528 1990 4601 episcopi,

340 4619 402 4672 et
422 4615 848 4672 bibliothecarii
881 4615 1210 4687 apostolicae
1243 4615 1419 4670 sedis.

1121 4703 1218 4759 VI.

336 4793 598 4866 Nicolau;
653 4795 704 4848 II
757 4792 1350 4866 pontifex_cqnﬁrmal
1386 4795 1726 4866 eiectionem
1765 4797 1995 4866 capituli

415 4868 480 4920 Β.
533 4865 724 4937 Maria?
758 4863 920 4934 ’Vz'rg.
971 4864 1041 4918 ad
1088 4863 1322 4937 Gradus,
1369 4863 1609 4921 Colonia
1647 4863 1989 4937 Agrippinae,

411 4936 554 5062 ἓαοά
583 4939 662 4991 est
701 4953 773 4991 xx
804 4937 1190 4992 ca-nom’corum
1222 4936 1537 5003 collegium,
1578 4953 1613 4990 a
1659 4935 1712 4990 S.
1759 4935 1994 4994 Ᾰὴηοηε

453 5007 726 5062 olom’ensi
752 5007 1152 5062 archiem‘scono
1182 5007 1503 5062 fundatum.
1533 5007 1829 5062 multisque
1851 5026 1990 5062 vra:-

453 5007 726 5063 olom’ensi
752 5007 1152 5080 archiepiscopo
1179 5007 1503 5078 fundatum,
1533 5007 1829 5080 multisque
1845 5026 1990 5080 prae-

412 5079 520 5134 diis
548 5095 582 5133 a
606 5080 668 5134 Β.
701 5078 946 5136 Richezd
971 5079 1043 5151 (1)
1077 5079 1318 5134 Poloniae
1348 5079 1544 5148 regina
1563 5078 1850 5135 donatum.

969 5169 1153 5240 (Anno
1182 5167 1369 5239 1059.)

689 5238 953 5305 [MIREUS
978 5237 1117 5312 Opp.
1147 5237 1406 5311 diplom,
1441 5237 1533 5305 IV,
1565 5239 1643 5310 3.]

410 5324 703 5383 NICOLAUS
729 5327 1060 5400 episcopus,
1085 5343 1287 5385 servus
1308 5344 1610 5384 servorum
1633 5327 1756 5398 Dei,
1781 5327 1991 5386 dilecto

413 5542 490 5617 (1)
523 5543 586 5599 B.
622 5543 888 5617 Rieheza,
929 5543 1270 5617 aliangitza
1326 5544 1385 5598 S.
1441 5545 1700 5600 Annonis
1731 5544 1988 5617 arohiep.

340 5613 544 5689 Colon.
566 5615 1094 5689 neptis,'Mieceslai
1117 5615 1534 5689 Poloniaeregis
1556 5617 1790 5689 conjux,
1807 5613 1993 5673 mater

341 5683 454 5740 fuit
484 5685 526 5740 B
556 5683 844 5757 Casimiri,
896 5705 964 5745 ex
1011 5687 1378 5746 Cluniacensi
1428 5683 1714 5745 monacho
1757 5691 1818 5746 et
1860 5689 1990 5746 dia-

2109 3389 2360 3444 eumque
2393 3373 2650 3428 fidelium
2685 3374 2982 3444 acquirere
3013 3375 3242 3446 poterit.

2179 3461 2508 3516 Statuimus
2537 3461 2752 3533 itaque,
2786 3479 2887 3533 per
2913 3462 3093 3533 hujus
3126 3465 3308 3519 nostri
3334 3465 3616 3538 privilegii
3653 3468 3754 3525 de-

2107 3549 2379 3604 cretalem
2413 3549 2708 3622 paginam,
2744 3555 2808 3605 ut
2838 3549 3000 3606 nulla
3038 3569 3298 3624 unquam
3345 3555 3752 3629 cuiuscunque

2106 3639 2431 3710 dignitatis,
2465 3641 2684 3711 gradus
2713 3640 2798 3696 vel
2831 3639 3053 3695 ordinis
3077 3657 3290 3712 magna
3313 3659 3603 3714 parvaque
3626 3662 3752 3716 per-

2106 3745 2250 3784 sona
2281 3729 2492 3783 audeat
2523 3733 2579 3784 et
2608 3733 2925 3800 praesumat
2952 3729 3142 3800 ipsam
3164 3729 3467 3785 ecclesiam
3497 3737 3597 3786 aut
3619 3733 3750 3788 reli-

2106 3817 2265 3890 giose
2293 3817 2646 3872 famulantes
2689 3817 2739 3872 ei
2785 3815 2904 3872 ullo
2953 3818 3125 3872 modo
3155 3817 3537 3888 inquietando
3570 3821 3749 3877 mole-

2106 3910 2279 3970 stare,
2310 3909 2410 3959 aut
2430 3905 2500 3959 de
2523 3904 2647 3959 suis
2672 3905 2989 3959 mobilibus
3010 3904 3097 3959 vel
3116 3905 3539 3973 immobilibus,
3573 3912 3751 3966 teme-

2105 3994 2258 4050 rario
2290 4011 2436 4048 ausu
2469 3993 2784 4061 discutere,
2834 3993 3111 4065 quoniam
3160 3993 3404 4067 dignum
3436 4000 3524 4052 est
3554 4001 3618 4052 ut
3649 3998 3750 4070 qui

2104 4083 2380 4138 continuo
2411 4082 2692 4154 obsequio
2723 4082 2782 4137 in
2815 4081 3025 4138 Christi
3058 4082 3240 4139 solius
3285 4083 3493 4139 militia
3531 4088 3751 4142 exerci-

2103 4175 2324 4235 tantur,
2340 4170 2724 4226 indeﬁcientis
2753 4175 2962 4228 nostrae
2986 4170 3366 4244 inspectionis
3385 4174 3605 4231 salubri
3627 4193 3753 4232 mu-

2105 4259 2328 4314 nimine
2353 4263 2750 4331 protegantur.

2176 4347 2336 4403 Unde
2359 4347 2703 4404 auctoritate
2725 4349 2932 4419 Patris,
2949 4353 3004 4405 et
3026 4349 3238 4416 Filii,et
3259 4350 3516 4422 Spiritus
3537 4356 3748 4422 sancti,

2104 4441 2161 4492 et
2190 4437 2491 4492 beatorum
2526 4437 2922 4509 apostolorum
2954 4438 3284 4510 principum
3309 4439 3460 4494 Petri
3483 4445 3540 4495 et
3562 4441 3746 4507 Pauli,

2104 4526 2332 4582 atl‘eetui
2354 4531 2564 4581 sanctae
2587 4527 2912 4582 devotionis
2931 4532 3060 4593 tua),
3077 4527 3422 4582 charissima
3438 4529 3746 4600 confrater,

2027 4636 2071 4700 D
2103 4616 2356 4688 gratanti
2388 4617 2584 4670 animo
2616 4620 2960 4683 annuentes,
2982 4616 3320 4682 statuimus,
3345 4621 3402 4671 et
3430 4617 3538 4672 sub
3570 4617 3746 4675 inter-

2103 4703 2388 4777 positione
2417 4705 2679 4776 perpetui
2713 4704 3104 4759 anathematis
3127 4721 3192 4759 ac
3215 4703 3394 4758 divini
3411 4705 3617 4777 judicii
3645 4708 3748 4763 ob-

2103 4794 2426 4850 servatione
2459 4793 2828 4864 praecipimus
2859 4797 2923 4846 ut
2945 4796 3046 4847 tua
3066 4797 3122 4847 et
3142 4793 3262 4849 haec
3293 4798 3492 4850 nostra
3521 4796 3746 4865 eadem,

2104 4883 2174 4938 ad
2197 4886 2578 4955 augmentum
2611 4881 2858 4952 praefatae
2890 4880 3149 4938 ecclesiae
3179 4883 3590 4955 perpetualiter
3619 4902 3751 4940 eon-

2103 4972 2412 5038 firmanda,
2447 4973 2684 5038 statuta,
2717 4969 2995 5025 inviolata
3025 4978 3424 5042 permaneant.

2174 5061 2230 5116 Si
2266 5061 2399 5133 quis
2429 5060 2627 5132 igitur,
2663 5061 2816 5132 quod
2850 5077 2962 5115 non
2995 5065 3292 5134 optamus,
3325 5061 3506 5133 hujus
3540 5067 3751 5118 nostra;

2103 5147 2408 5205 decretalis
2432 5147 2714 5222 privilegii
2739 5148 2964 5222 paginae
2987 5149 3297 5205 temerario
3330 5165 3479 5204 ausu
3509 5148 3754 5204 violator

2101 5239 2430 5306 existere,et
2453 5241 2664 5293 sanetae
2687 5238 2842 5294 sedis
2866 5238 3196 5310 apostolicae
3216 5237 3544 5293 contumaci
3571 5236 3749 5292 rebel-

2100 5327 2255 5384 lione
2273 5328 2502 5384 decreta
2519 5343 2890 5399 corrumpere
2903 5325 3521 5400 praesumpserit,sciat
3542 5342 3602 5382 se
3623 5341 3752 5398 per-

2101 5560 2269 5611 cono,
2301 5543 2679 5615 dispensante
2709 5559 2880 5615 papa,
2912 5541 3158 5615 Poloniae
3191 5541 3364 5615 regis.
3399 5541 3627 5615 Mortua
3658 5545 3749 5615 est

2099 5632 2253 5671 anno
2285 5613 2446 5687 4057,
2480 5613 2804 5686 sepulta—in“
2827 5613 3072 5670 ecclesia
3099 5614 3161 5668 B.
3192 5613 3385 5687 Mariae
3405 5614 3649 5687 virginis
3674 5614 3743 5671 ad

2098 5688 2326 5745 Gradus
2356 5684 2624 5744 Coloni—ae.
2659 5687 2879 5743 Colitur
2907 5687 2998 5743 die
3029 5705 3102 5744 xx
3132 5684 3345 5742 Martii.
