4138 6186
461 333 607 398 1311

1785 323 2100 391 NICOLAI
2140 317 2212 391 Πι
2239 324 2491 390 ΡΑΡιΕ.

3664 331 3788 402 ιω

457 477 642 547 petuae
693 466 1119 527 maledictionis
1165 463 1534 523 anathemate
1583 461 2006 526 damnandum,
2037 464 2094 516 et
2119 461 2178 530 Α
2207 460 2548 519 auctoritate
2576 461 2636 520 B.
2672 463 2827 520 Petri
2857 462 3140 537 principis
3161 462 3563 538 apostolorum,
3585 483 3676 525 nec
3694 486 3790 528 non

457 580 590 618 cum
615 560 845 617 diabolo
863 565 919 614 et
939 557 1290 614 satellitibus
1303 556 1430 625 ejus
1445 553 1642 608 aeterni
1657 551 1810 624 ignis
1828 550 2095 606 incendio

456 651 858 716 cremandum,
879 648 990 703 nisi
1013 648 1157 702 forte
1175 643 1502 717 resipuerit,
1528 647 1583 697 et
1605 643 1719 696 Deo
1738 644 1793 695 et
1813 640 2094 712 prmdictae

456 740 713 795 ecclesim
746 738 1032 809 condigne
1073 731 1436 789 satisfecerit.
1491 731 1599 795 Qui
1631 747 1763 784 vero
1797 730 1895 800 pia
1923 729 2095 782 devo-

453 829 632 884 tionis
658 827 976 882 intentione
1003 827 1372 879 conservator
1397 820 1701 885 exstiterit,
1727 823 2094 890 peccatorum

455 935 696 975 suorum
729 915 1014 978 omnium,
1048 913 1318 986 precibus
1363 911 1663 965 beatorum
1697 905 2094 979 apostolorum

455 1007 809 1079 principum,
852 1007 1243 1074 consequatur
1290 998 1539 1064 veniam,
1574 1003 1630 1052 et
1659 1013 1793 1051 cum
1822 995 2094 1050 omnibus

453 1097 659 1150 divinae
679 1095 823 1168 legis
843 1091 1335 1156 observatoribus,
1360 1094 1582 1142 aeternae
1607 1085 1940 1141 beatudiuis
1962 1100 2092 1155 pro-

454 1190 746 1240 mereatur
774 1183 1042 1255 gloriam.

519 1275 814 1345 Scriptum
841 1289 942 1343 per
973 1286 1212 1324 manum
1243 1266 1560 1331 Octaviani,
1611 1263 1759 1318 sacri
1804 1262 2002 1318 scrinii
2037 1264 2094 1316 et

455 1368 666 1418 sancta:
691 1363 962 1416 Romanae
985 1357 1253 1413 Ecclesia}
1279 1355 1510 1420 notarii,
1529 1352 1802 1408 Kalendis
1827 1351 1984 1416 Maii,
2008 1350 2092 1406 in-

451 1452 702 1506 dictione
732 1467 833 1514 xu,
866 1465 1016 1504 anno
1051 1445 1278 1501 Domini
1307 1443 1491 1498 nostri
1519 1443 1659 1498 Jesu
1693 1441 1900 1497 Christi
1934 1441 2089 1505 1058,

448 1556 553 1612 per
570 1555 781 1594 manus
805 1536 1105 1593 Humberti
1129 1539 1340 1589 sanctae
1361 1533 1628 1588 Ecclesia:
1644 1531 1806 1586 Silva:
1824 1529 2091 1587 Candidas

447 1627 701 1700 episcopi
752 1631 807 1681 et
853 1624 1181 1698 apostolicae
1238 1624 1394 1678 sedis
1455 1619 1896 1687 bibliothecarii,
1939 1636 2090 1675 anno

448 1719 638 1791 primo
661 1715 1034 1789 pontiﬁcatus
1057 1712 1287 1768 Domini
1311 1729 1470 1784 papae
1495 1709 1712 1766 Nicolai
1737 1707 2092 1779 secundi,in-

448 1807 702 1863 dictione
723 1803 1090 1861 duodecima.

1245 1891 1292 1944 V

447 1986 700 2041 Nicotaus
729 1985 780 2042 II
809 1984 1062 2042 Ecclesia
1102 1982 1405 2037 Pennensis
1455 1981 1614 2043 bona.
1644 1983 1857 2052 petente
1883 1980 2088 2034 Joanne

963 2057 1225 2127 episcopo,
1259 2054 1566 2123 conﬁrmat.

1065 2143 1248 2213 (Anno
1287 2139 1486 2212 1059.)}

765 2235 1059 2306 [UGHELI.1,
1093 2231 1250 2285 Italia
1290 2245 1466 2293 sacra,
1502 2229 1543 2293 Ι,
1579 2228 1762 2297 4116.]

515 2345 803 2399 NICOLAUS
825 2341 1156 2410 episcopus,
1180 2352 1382 2391 servus
1405 2351 1706 2390 servorum
1731 2333 1850 2402 Dei,
1877 2332 2087 2388 dilecto

444 2431 716 2488 confratri
746 2429 950 2482 JOANNI
983 2424 1269 2479 Pennensi
1300 2423 1571 2495 epiSCOpo
1603 2427 1659 2477 et
1691 2439 1791 2494 per
1819 2425 1870 2476 te
1901 2420 2085 2477 eccle-

445 2522 542 2578 sia:
573 2521 630 2576 S.
669 2516 863 2574 Mariae
895 2520 952 2570 et
981 2512 1216 2586 gloriosi
1247 2510 1460 2566 Christi
1506 2513 1778 2583 martyris
1809 2527 1874 2564 ac
1907 2509 2086 2565 levitate

443 2609 700 2676 Maximi,
732 2605 967 2676 tuisque
1002 2601 1443 2658 successoribus
1475 2601 1532 2654 iu
1574 2604 1940 2672 perpetuum.

513 2698 697 2754 Ofﬁcii
713 2693 895 2752 nostri
911 2690 1284 2749 estomnibus
1301 2689 1712 2745 ecclesiasticis
1733 2688 2086 2744 utilitatibus

443 2789 762 2862 providere,
790 2788 848 2840 et
865 2782 1044 2855 justis
1067 2779 1372 2836 desideriis
1396 2795 1461 2834 ac
1485 2778 1862 2851 petitionibus
1889 2795 2082 2850 prom-

445 2884 543 2951 pto
575 2877 770 2932 animo
820 2872 1142 2944 indulgere.
1197 2870 1378 2936 Unde,
1433 2869 1574 2940 quia
1603 2867 1798 2940 petisti
1832 2885 1862 2921 a
1895 2867 2082 2933 nobis,

441 2965 785 3022 charissima
815 2961 1122 3027 confrater,
1159 2963 1222 3013 ut
1253 2975 1354 3030 per
1384 2957 1565 3013 nostri
1602 2955 1884 3028 privilegii
1918 2957 2083 3028 pagi-

441 3072 577 3110 nam
609 3058 721 3108 tua?
751 3050 1026 3116 ecclesiae,
1080 3052 1136 3103 et
1183 3048 1310 3113 tibi,
1367 3046 1601 3117 tuisque
1646 3045 2083 3100 successoribus

441 3141 856 3217 perpetualiter
887 3140 1371 3196 contirmaremus
1402 3135 1600 3190 omnia
1641 3151 1766 3206 qua:
1802 3133 2081 3206 praedictae

439 3233 694 3291 ecclesiae
717 3232 877 3303 juste
907 3235 964 3285 et
995 3227 1257 3300 legaliter
1286 3229 1641 3296 competunt,
1674 3224 1936 3295 petitioni
1972 3229 2081 3280 tuae

440 3325 1098 3397 gratanterannuentes,
1117 3316 1409 3389 perhujus
1424 3321 1634 3370 nostrae
1648 3314 2082 3371 constitutionis

441 3414 736 3467 decretum
769 3415 826 3464 et
849 3407 1174 3481 apostolicae
1198 3405 1353 3460 sedis
1376 3405 1630 3459 edictum
1654 3403 2004 3459 concedinus
2028 3407 2083 3460 et

441 3501 859 3556 conﬁrmamus
893 3497 1015 3562 tibi,
1040 3495 1193 3549 sicut
1224 3494 1492 3564 superius
1522 3492 1753 3562 legitur,
1782 3492 1839 3545 in
1873 3508 2081 3564 perpe-

443 3593 610 3644 tuum
645 3584 928 3658 quidquid
957 3583 1014 3637 in
1042 3581 1470 3654 praenominata:
1497 3579 1752 3634 ecclesiae
1787 3581 2082 3652 episcopio

441 3679 503 3733 B.
541 3676 732 3733 Mariae
764 3679 819 3730 et
844 3671 1081 3747 gloriosi
1110 3668 1322 3726 Christi
1345 3667 1618 3739 martyris
1645 3673 1701 3721 et
1724 3667 1927 3722 Levitae
1961 3668 2082 3723 Ma-

439 3766 583 3824 ximi
603 3766 660 3821 in
686 3762 1127 3838 praesentiarum
1153 3759 1438 3832 possides,
1464 3773 1708 3829 quaeque
1731 3757 1790 3810 in
1816 3757 2081 3812 futurum

440 3872 788 3931 quocunque
811 3853 982 3909 modo
1001 3849 1234 3915 divinis,
1253 3852 1310 3904 et
1329 3845 1605 3902 humanis
1626 3845 1851 3918 legibus
1882 3845 2082 3916 cogni-

439 3947 516 4002 tis
547 3944 845 4016 acquirere
877 3940 1113 4013 poteris,
1165 3936 1388 3993 scilicet
1435 3936 1626 4008 ipsum
1677 3934 2081 4007 episcopatum

445 4051 579 4091 cum
611 4032 884 4088 omnibus
917 4031 1090 4085 rebus
1122 4031 1178 4082 et
1208 4025 1677 4099 possessionibus
1710 4025 1856 4091 suis,
1882 4029 1938 4080 et
1960 4042 2085 4097 per-

415 4157 417 4159 ι
444 4121 728 4187 tinentiis,
755 4117 1070 4174 mobilibus
1091 4121 1148 4170 et
1167 4112 1570 4170 immobilibus
1591 4129 1832 4184 seseque
1857 4130 2084 4169 moven-

444 4212 620 4278 tibus,
655 4208 882 4272 castris,
907 4204 1059 4260 villis
1088 4209 1143 4260 et
1173 4203 1502 4269 territoriis,
1526 4201 1786 4258 ecclesiis
1811 4220 1945 4258 cum
1966 4204 2082 4275 pri-

447 4300 629 4357 mitiis
659 4303 716 4354 et
744 4294 1149 4360 decimalibus,
1173 4298 1229 4347 et
1254 4308 1388 4346 cum
1415 4291 1689 4346 omnibus
1721 4309 1846 4363 quae
1878 4291 1957 4348 ibi
1991 4292 2086 4364 pia

445 4388 672 4444 devotio
703 4384 965 4442 ﬁdelium
997 4381 1181 4438 sacris
1231 4377 1477 4435 contulit
1514 4378 1929 4448 oblationibus,
1963 4386 2084 4437 tam

448 4495 550 4550 pro
563 4477 753 4534 salute
764 4476 1026 4531 vivorum
1046 4487 1222 4544 quam
1245 4468 1422 4524 etiam
1436 4485 1538 4540 pro
1555 4472 1939 4524 mortuorum.
1956 4471 2083 4526 Sta-

2208 566 2340 605 cum
2374 550 2603 607 diabolo
2634 556 2691 608 et
2718 553 2873 608 Juda
2903 553 3179 610 traditore
3211 554 3273 610 D.
3306 552 3372 610 N.
3403 554 3454 611 J.
3484 555 3680 613 Christi
3715 574 3794 615 eos

2205 638 2263 693 in
2299 640 2548 696 incendii
2580 642 2937 696 concremari
2969 641 3271 714 supplicio,
3327 647 3382 698 et
3427 643 3650 716 insuper
3675 647 3793 702 sciat

2206 745 2266 784 se
2285 730 2559 785 daturum
2584 749 2617 785 x
2639 731 2763 785 auri
2787 730 2994 786 libras:
3021 731 3239 787 scilicet
3257 732 3613 789 medietatem
3633 739 3797 792 nostro

2205 835 2368 873 sacro
2415 818 2646 889 palatio,
2681 824 2737 874 et
2786 820 3156 875 medietatem
3215 821 3480 893 praedicto
3524 823 3794 895 episcopio.

2205 906 2312 972 Qui
2348 924 2480 962 vero
2515 908 2731 963 intuitu
2753 909 2843 979 pio
2875 909 3206 965 observator
3228 909 3282 964 in
3303 910 3569 966 omnibus
3597 913 3793 968 exstite-

2206 995 2298 1060 rit,
2333 996 2712 1052 custodiendo
2747 997 2926 1068 hujus
2959 996 3142 1052 nostri
3174 997 3455 1070 privilegii
3486 1001 3802 1056 constitutio-

2204 1101 2358 1153 nem,
2419 1085 2504 1142 vel
2565 1085 2788 1142 cultum
2824 1086 2922 1141 Dei
2984 1086 3368 1158 reSpiciendo,
3429 1087 3802 1145 benedictionis

2202 1173 2448 1245 gratiam
2483 1191 2517 1230 a
2547 1175 3093 1232 misericordissimo
3125 1175 3372 1231 Domino
3400 1176 3511 1230 Deo
3537 1175 3739 1245 habeat,
3760 1181 3804 1234 et

2202 1262 2327 1317 vita:
2361 1267 2584 1320 aeternae
2619 1264 2906 1336 particeps
2937 1265 3036 1330 sit,
3069 1269 3128 1319 et
3153 1259 3514 1320 misereatur
3542 1266 3595 1320 in
3626 1267 3802 1323 saicula

2204 1352 2570 1408 saeculorum.

2275 1443 2486 1496 Datum
2519 1443 2715 1497 Romae
2748 1460 2802 1497 v1
2833 1443 2977 1497 Non.
3034 1442 3191 1509 Maii,
3245 1459 3397 1498 anno
3449 1447 3601 1498 Dom.
3652 1444 3804 1499 nostri

2199 1530 2337 1586 Jesu
2369 1531 2582 1587 Christi
2620 1531 2775 1600 {069,
2825 1549 2926 1604 per
2971 1549 3182 1588 manus
3228 1531 3526 1588 Humberti
3573 1531 3627 1588 S.
3654 1531 3805 1588 eccle-

2201 1620 2297 1675 siae
2330 1620 2492 1675 Silvae
2525 1620 2792 1676 Candidas
2826 1621 3107 1694 episcopi,
3137 1626 3194 1690 et
3224 1620 3549 1695 apostolicae
3578 1621 3718 1677 sedis
3737 1623 3804 1678 bi-

2198 1707 2583 1779 bliothecarii,
2609 1726 2760 1766 anno
2793 1729 2809 1764 1
2846 1710 3223 1784 pontiﬁcatus
3255 1711 3323 1766 D.
3349 1728 3508 1785 papas
3528 1709 3805 1778 Nicolaill,

2121 1836 2171 1902 B
2199 1796 2321 1854 ind.
2356 1815 2456 1852 xu.

2976 1891 3071 1946 VI.

2197 1977 2453 2033 Nicotaus
2506 1980 2560 2032 ΙΙ
2611 1978 2869 2036 Ecclesiae
2928 1981 3163 2037 Teatinw
3215 1982 3553 2052 possesz'oncs
3581 1980 3802 2052 ﬁnesque,

2499 2057 2690 2120 rogatu
2720 2051 2934 2106 Actonis
2953 2051 3542 2123 episcopi,’conﬁrmal.

2820 2142 3004 2210 (Anno
3038 2141 3221 2210 1059.)

2519 2228 2816 2299 [UGHELLI,
2847 2232 3010 2285 Italia
3038 2247 3215 2301 sacra,
3250 2231 3347 2303 Vl,
3383 2232 3529 2302 676.]

2266 2335 2555 2391 NICOLAUS
2587 2336 2918 2408 episcopus,
2956 2354 3158 2392 servus
3191 2354 3498 2394 servorum
3527 2338 3639 2404 Dei,
3681 2336 3799 2393 dile-

2197 2428 2287 2479 cto
2318 2425 2593 2479 confratri
2623 2427 2840 2482 Acrem
2867 2431 3079 2482 sanctae
3105 2429 3416 2483 Teatensis
3443 2427 3683 2483 Ecclesia
3703 2426 3798 2498 epi-

2196 2530 2391 2585 scopo,
2429 2515 2832 2588 universisque
2863 2517 3311 2572 successoribus
3361 2517 3478 2572 tuis
3508 2517 3562 2571 in
3593 2515 3800 2571 Ecclesia

2193 2603 2398 2658 eadem
2431 2605 2711 2659 canonice
2741 2605 3153 2676 promovendis
3187 2605 3242 2660 in
3283 2610 3637 2679 perpetuum.

2264 2693 2852 2763 Etsijubemur,dum
2879 2699 3113 2766 tempus
3135 2695 3457 2766 habemus,
3481 2695 3549 2751 ad
3575 2711 3702 2766 opus
3720 2693 3797 2748 bo-

2192 2797 2332 2836 num
2369 2781 2876 2853 operari,maxime
2931 2786 3127 2837 tamen
3158 2783 3226 2838 ad
3291 2783 3629 2839 domesticos
3656 2779 3798 2837 ﬁdei:

2195 2871 2349 2926 unde
2376 2869 2652 2926 omnibus
2684 2870 2960 2926 Ecclesiis
2992 2871 3226 2940 Christi,
3265 2890 3374 2946 pro
3405 2890 3490 2939 ea,
3521 2889 3637 2945 quae
3667 2869 3802 2925 nobis

2191 2959 2412 3015 credita
2441 2963 2529 3016 est
2575 2959 3036 3032 dispensatione,
3087 2960 3549 3018 sollicitudinem
3582 2964 3800 3018 nostram

2192 3049 2490 3116 debentes,
2526 3047 2610 3104 sic
2643 3049 2925 3104 debemus
2958 3049 3268 3123 invigilare
3303 3049 3652 3124 longinquis,
3679 3047 3800 3104 nein

2197 3137 2392 3209 aliquo
2411 3137 2673 3194 absimus
2697 3139 3066 3211 propinquis.
3083 3141 3296 3212 Itaque
3317 3141 3388 3196 ad
3413 3139 3803 3214 suggestionem

2115 3206 2159 3276 C
2197 3229 2381 3293 tuam,
2435 3225 2777 3282 charissima
2827 3227 3117 3283 confrater
3174 3233 3230 3283 et
3293 3229 3624 3302 coepiscope
3671 3227 3802 3293 Acto,

2193 3332 2367 3387 quem
2401 3333 2435 3370 a
2465 3333 2578 3371 rev.
2615 3333 2790 3371 mem.
2845 3316 3082 3372 domino
3133 3322 3339 3373 nostro
3371 3319 3590 3374 Victore
3619 3334 3678 3372 ex
3705 3314 3801 3386 epi-

2192 3409 2434 3476 scopatu
2466 3403 2792 3460 Marsicano
2833 3407 2906 3460 ad
2957 3406 3302 3463 Teatensem
3339 3410 3658 3480 promotum
3683 3419 3802 3477 gau-

2191 3493 2418 3561 demus,
2454 3499 2510 3548 et
2538 3495 3006 3550 antecessoribus
3037 3495 3258 3552 nostris
3293 3501 3471 3568 atque
3505 3495 3661 3552 nobis
3690 3492 3804 3547 ﬁde-

2189 3581 2321 3638 liter
2349 3583 2648 3655 etjugiter
2678 3583 2970 3640 deservire
3019 3584 3080 3639 in
3131 3585 3188 3640 S.
3245 3586 3522 3641 Romana:
3572 3581 3800 3639 Ecclesiae

2192 3687 2331 3725 cura
2361 3670 2792 3744 cognoscimus,
2852 3671 3253 3745 episcopatum
3316 3676 3649 3730 Teatensem
3693 3684 3800 3726 cum

2191 3758 2349 3813 omni
2381 3777 2488 3815 sua
2516 3759 2848 3832 integritate
2887 3765 2944 3816 et
2990 3761 3368 3833 pertinentia,
3403 3764 3554 3818 sicut
3582 3756 3800 3830 antiquis

2191 3853 2247 3903 et
2271 3848 2450 3918 justis
2471 3847 2761 3905 limitibus
2783 3850 3224 3918 determinatur,
3252 3854 3664 3909 conﬁrmamus
3687 3867 3698 3904 :
3718 3844 3800 3902 sci-

2192 3936 2325 3992 licet
2353 3955 2387 3992 a
2417 3937 2640 3993 Stafﬁlo
2668 3937 2820 3993 inter
2851 3946 3098 4003 montes,
3121 3944 3178 3994 et
3209 3939 3341 4012 ipso
3366 3946 3561 3996 monte
3580 3940 3644 3994 de
3667 3937 3796 4002 Ursa,

2192 4031 2249 4081 et
2279 4028 2567 4098 quomodo
2599 4026 2788 4100 pergit
2818 4027 2876 4081 in
2909 4027 3080 4100 Coya,
3113 4033 3170 4083 et
3213 4030 3384 4101 ponit
3427 4029 3728 4089 terminum
3751 4023 3795 4076 in

2193 4133 2366 4188 aqua,
2399 4116 2607 4171 subtus
2657 4121 2810 4171 terra
2853 4133 3042 4188 usque
3089 4118 3160 4172 ad
3211 4135 3431 4190 aquam
3464 4112 3796 4178 sonulam,et

2194 4205 2484 4276 quomodo
2513 4205 2703 4277 pergit
2724 4222 2910 4276 usque
2934 4205 2993 4260 in
3017 4210 3275 4262 montem
3304 4207 3376 4263 de
3399 4209 3587 4276 Teste,
3609 4197 3801 4260 etvadit

2193 4310 2293 4366 per
2321 4295 2478 4349 Vina:-
2510 4299 2791 4364 montem,
2836 4297 2892 4348 et
2939 4294 3191 4366 qualiter
3237 4297 3434 4368 pergit
3464 4310 3642 4367 usque
3668 4301 3802 4346 mons

2193 4383 2369 4450 Clavi,
2403 4387 2460 4438 et
2498 4383 2790 4455 quomodo
2849 4383 3038 4456 pergit
3089 4382 3216 4454 ipso
3280 4385 3463 4441 ﬂuvio
3522 4384 3597 4440 de
3646 4375 3808 4435 Trinio

2194 4489 2380 4544 usque
2411 4472 2467 4526 in
2499 4471 2796 4528 littoribus
2828 4473 3030 4540 maris,
3082 4477 3138 4527 et
3175 4474 3353 4544 juxta
3383 4490 3542 4529 mare
3571 4483 3735 4541 usque
3759 4465 3806 4517 in

448 4571 678 4623 tuentes
708 4582 809 4637 per
826 4564 975 4619 hanc
1006 4561 1184 4631 hujus
1202 4562 1413 4613 sancta:
1437 4556 1591 4612 sedis
1614 4556 1963 4628 apostolicae,
1989 4559 2082 4614 cui
2119 4576 2163 4640 Ι)
2198 4561 2534 4627 Piscariam,
2568 4564 2623 4616 et
2657 4561 2804 4616 redit
2831 4561 2887 4614 in
2910 4560 3163 4632 priorem
3188 4562 3398 4634 ﬁnem,
3424 4561 3575 4635 quod
3600 4562 3681 4616 est
3703 4555 3806 4627 ipso

448 4659 739 4711 annuente
775 4654 889 4709 Deo
940 4666 1187 4724 praesse
1236 4647 1659 4719 dignoscimur,
1694 4646 2087 4704 inviolabilem

446 4743 940 4806 constitutionem,
973 4745 1038 4794 ut
1071 4737 1267 4794 nullus
1302 4737 1637 4807 imperator,
1674 4736 1952 4804 marchio,
1987 4753 2087 4792 co—

448 4849 593 4900 mes,
632 4832 972 4892 vicecomes,
1005 4834 1106 4883 aut
1159 4827 1271 4882 alia
1320 4824 1593 4896 qualibet
1623 4840 1856 4896 magna,
1889 4842 2086 4896 parva,

447 4922 848 4991 cujuscunque
881 4917 1181 4989 dignitatis
1215 4913 1298 4969 vel
1333 4914 1555 4969 ordinis
1588 4930 1856 4984 persona,
1891 4919 2092 4970 contra

447 5011 556 5066 hoc
574 5013 838 5065 nostrum
863 5005 1228 5078 privilegium
1254 5003 1710 5074 praesumatjam
1735 5003 1956 5058 dictum
1977 5004 2092 5075 epi-

446 5092 1248 5172 copium,autte,charissime
1278 5089 1636 5162 ﬁli,tuosque
1659 5090 1714 5144 in
1741 5099 2089 5162 perpetuum

446 5202 815 5244 successores
846 5184 916 5240 de
944 5182 1115 5238 bonis
1143 5180 1267 5236 suis
1299 5178 1589 5244 divestire,
1622 5177 1968 5250 inquietare,
1991 5186 2094 5238 aut

446 5275 666 5347 aliquid
697 5275 776 5330 ibi
809 5279 1010 5329 contra
1057 5286 1252 5325 sacros
1307 5284 1558 5323 canones
1616 5268 1971 5325 constituere
2003 5270 2091 5326 vel

447 5364 735 5418 ordinare.
771 5363 830 5418 Si
861 5362 992 5433 quis
1014 5360 1195 5432 igitur
1214 5357 1288 5422 ei,
1317 5355 1470 5412 sicut
1493 5373 1527 5410 a
1549 5360 1750 5412 nostra
1772 5358 2094 5428 apostolica

448 5450 789 5506 auctoritate
820 5465 1185 5514 concessum,
1220 5451 1277 5500 et
1323 5460 1600 5500 concessa
1645 5485 1657 5497 .
1717 5486 1727 5496 .
1786 5485 1800 5500 .
1855 5487 1866 5499 .
1915 5447 2090 5518 perti-

448 5555 582 5595 nere
613 5555 728 5592 non
763 5538 1108 5611 permiserit,
1144 5536 1290 5591 sciat
1333 5551 1395 5589 se
1443 5533 1833 5588 anathematis
1865 5533 2092 5592 vinculo

452 5627 794 5684 iunodatum
831 5645 862 5680 a
902 5628 1088 5691 Patre,
1144 5629 1200 5681 et
1248 5622 1412 5688 Filio,
1445 5626 1502 5678 et
1531 5619 1750 5692 Spiritu
1782 5628 2006 5694 sancto,
2037 5630 2093 5681 et

2198 4647 2440 4704 Stat‘ﬁlo.
2463 4648 2650 4719 Igitur
2665 4651 2991 4705 statuentes
3013 4650 3336 4722 apostolica
3359 4651 3686 4707 auctoritate
3708 4657 3810 4699 con~

2200 4737 2506 4792 ﬁrmamus
2533 4737 2660 4804 tibi,
2687 4738 3124 4810 successoribus
3147 4740 3288 4809 tuis,
3314 4757 3419 4796 nec
3443 4756 3555 4796 non
3583 4728 3807 4792 Ecclesiae

2203 4830 2313 4882 tuae
2346 4825 2641 4880 civitatem
2689 4825 3050 4895 Teatensem,
3085 4831 3142 4882 et
3171 4829 3483 4885 castellum
3532 4818 3808 4882 Tribullia—

2203 4932 2366 4983 num,
2400 4919 2456 4969 et
2485 4920 2706 4969 curtem
2761 4914 3058 4983 Cisternaa,
3093 4921 3442 4989 curtemque
3489 4917 3556 4972 de
3601 4914 3810 4968 Patron-

2201 5002 2365 5072 cello,
2401 5020 2505 5058 nec
2538 5019 2650 5058 non
2683 5003 2991 5058 castellum
3036 5006 3106 5059 de
3153 5005 3492 5062 Genestrale
3521 5018 3645 5058 cum
3675 4995 3812 5070 plebe

2202 5093 2258 5148 S.
2291 5091 2589 5148 Michaelis
2622 5097 2879 5147 montem
2931 5109 3165 5164 quoque
3212 5093 3429 5149 Filardi
3461 5107 3588 5148 cum
3619 5080 3811 5157 capella

2199 5183 2420 5237 Sancta:
2453 5180 2781 5247 Trinitatis,
2815 5182 3044 5253 plebem
3091 5183 3147 5237 S.
3198 5183 3432 5238 Martini
3465 5183 3535 5236 de
3564 5174 3736 5241 Turri,
3765 5171 3811 5224 et

2202 5274 2425 5343 partem
2471 5269 2540 5326 de
2580 5271 2792 5326 Aterno
2842 5288 2977 5327 cum
3025 5271 3191 5344 plebe
3239 5276 3579 5328 sanctorum
3609 5265 3809 5332 ωειλ-

2199 5360 2343 5414 tiani
2373 5365 2430 5415 et
2460 5358 2799 5428 Domitiani,
2831 5364 2887 5414 et
2935 5365 3158 5431 partem
3208 5361 3278 5416 de
3308 5361 3506 5424 Portu,
3537 5373 3599 5413 ac
3631 5345 3810 5409 castel-

2201 5448 2326 5503 lum
2358 5449 2428 5504 de
2457 5451 2666 5503 Sancta
2696 5448 2918 5504 Joanne
2957 5466 3090 5505 cum
3123 5467 3232 5506 sua
3263 5448 3508 5521 capella,
3539 5437 3808 5501 castellum

2201 5553 2431 5608 quoque
2454 5537 2524 5592 de
2555 5536 2726 5609 plebe
2755 5541 2810 5591 S.
2843 5536 3046 5594 Hilarii
3079 5555 3212 5596 cum
3244 5537 3451 5595 eadem
3479 5534 3652 5610 plebe,
3672 5530 3809 5584 etca-

2205 5623 2441 5682 stellum
2491 5626 2562 5682 de
2609 5624 2980 5700 Villamagna
3026 5643 3160 5685 cum
3210 5625 3378 5702 plebe
3420 5626 3479 5682 S.
3529 5611 3807 5680 Michaelis,
