4138 6186
297 294 452 356 1317

1082 427 1158 480 ΙΧ

296 516 554 588 Nicolqus
585 516 630 570 Il
659 515 910 571 omnibus
938 516 1198 588 episcopis
1231 517 1638 588 Amalphitana
1684 518 1941 573 Ecclesia:

279 646 300 667 ο
367 587 736 667 suffraganeif
764 591 1061 667 canctoque
1089 587 1230 644 clero
1260 597 1310 644 et
1336 590 1534 660 populo
1583 589 1796 644 decreta
1847 605 1938 660 sy-

370 658 506 714 nodi
536 660 588 714 si
592 658 846 728 gniﬁcat.

937 747 1128 818 (Anno
1154 747 1301 819 159.)

731 836 932 901 [ΜΑΝει
967 836 1168 891 Concil.
1201 836 1340 902 XIX,
1365 838 1515 907 907.]

371 963 660 1017 NICOLAUS
691 960 1025 1032 episcopus,
1058 978 1260 1016 servus
1293 977 1590 1017 servorum
1614 961 1736 1025 Dei,
1761 959 1944 1015 omni-

302 1069 416 1106 nus
447 1050 735 1121 episcopis
779 1049 1202 1121 Amalphitana
1235 1050 1504 1105 Ecclesia
1536 1049 1941 1121 sutl‘raganeis,

300 1144 633 1210 cunctoque
661 1138 810 1194 clero
841 1143 897 1193 et
918 1138 1129 1210 populo
1157 1138 1407 1195 salutem
1439 1138 1869 1203 charissimam,
1890 1141 1947 1191 et

298 1225 762 1284 benedictionem
795 1225 1195 1297 apostolicam.

371 1315 690 1388 Vigilantia
718 1314 1064 1370 universalis
1089 1315 1390 1387 regiminis
1413 1315 1711 1371 assiduam
1734 1313 1947 1370 sollici-

305 1405 566 1462 tudinem
590 1403 864 1460 omnibus
897 1403 1193 1470 debentes,
1219 1403 1426 1460 salutis
1458 1421 1690 1476 quoque
1721 1408 1944 1471 vestra,

305 1512 484 1552 causa
512 1492 902 1566 praerogativa
931 1492 1260 1549 dilectionis
1290 1492 1947 1550 charissimiconfratris

307 1584 491 1641 nostri
525 1582 947 1654 archiepiscopi
978 1582 1177 1649 vestri,
1210 1581 1535 1655 specialiter
1558 1581 1947 1654 providentes,

303 1692 432 1746 qua
463 1673 522 1727 in
555 1677 815 1726 Romana
845 1671 1067 1742 synodo
1100 1686 1290 1742 nuper
1319 1671 1610 1726 celebrata
1629 1686 1824 1726 coram
1847 1669 1950 1724 413

1455 289 1859 357 EPISTOLAE
1900 287 1999 356 ET
2042 289 2526 357 DIPLOMATA.

1969 431 2023 498 Α
2053 443 2358 500 quousque
2388 445 2422 482 a
2452 427 2622 483 nobis
2643 427 2932 483 sententia
2963 443 3140 500 super
3170 429 3530 502 hujusmodi,
3583 437 3689 489 Do-

3539 301 3697 362 1318

2053 516 2211 572 mino
2243 517 2612 584 concedente,
2646 517 2938 587 procedat.
2980 540 3005 566 ››

2120 606 2189 660 Et
2238 604 2634 676 pracipientes
2693 605 3005 661 statuimus
3055 611 3121 662 ut
3179 607 3237 662 hi
3285 608 3692 679 pradictorum

2052 692 2342 758 ordinum,
2370 693 2466 764 qui
2479 692 2681 759 ,eidem
2699 694 3106 765 pradecessori
3123 701 3318 751 nostro
3331 698 3684 765 obedientes,

2052 781 2378 837 castitatem
2411 786 2804 848 servaverunt,
2822 784 2992 853 juxta
3014 783 3287 840 ecclesias
3309 786 3522 857 quibus
3541 786 3700 841 ordi-

2055 874 2170 926 nati
2208 875 2364 937 sunt,
2400 871 2549 926 sicut
2579 876 2823 943 oportet,
2859 872 3161 944 religiosos
3202 875 3462 942 clericos,
3519 875 3696 930 simul

2054 962 2408 1016 manducent
2439 964 2493 1015 et
2525 961 2836 1026 dormiant,
2871 969 2925 1015 et
2957 963 3241 1033 quidquid
3268 965 3354 1019 eis
3378 966 3450 1019 ab
3472 965 3701 1021 eclesiis

2055 1048 2334 1120 competit
2362 1050 2754 1105 communiter
2783 1049 3056 1106 habeant.

2126 1142 2193 1191 Et
2222 1143 2490 1208 rogantes
2518 1155 2824 1193 monemus
2856 1144 2919 1193 ut
2953 1140 3021 1194 ad
3053 1141 3452 1212 apostolicam,
3477 1143 3703 1199 scilicet

2055 1227 2635 1290 communem,vitam
2667 1243 3037 1298 summopere
3071 1232 3367 1300 pervenire
3393 1233 3703 1300 studeant;

2056 1319 2366 1386 quatenus,
2419 1315 2830 1386 perfectionem
2887 1317 3206 1383 consecuti,
3265 1336 3398 1374 cum
3460 1321 3551 1376 his
3600 1320 3701 1392 qui

2057 1404 2374 1458 centesimo
2413 1403 2695 1470 ditantur,
2748 1403 2802 1458 in
2859 1404 3072 1459 caelesti
3129 1408 3318 1478 patria
3371 1413 3707 1464 mereantur

2057 1492 2291 1546 ascribi.

2130 1580 2388 1652 Denique
2418 1585 2482 1634 ut
2512 1580 2749 1634 decima
2781 1585 2836 1635 et
2868 1580 3162 1652 primitia,
3215 1600 3316 1638 seu
3346 1601 3709 1656 quacunque

2059 1667 2382 1723 oblationes
2409 1667 2667 1722 vivorum
2691 1673 2748 1722 et
2770 1673 3135 1724 mortuorum
3161 1671 3419 1728 ecclesiis
3443 1673 3542 1728 Dei
3576 1674 3712 1728 fide-

303 1761 619 1835 episcopis,
642 1758 973 1826 nobis,licet
994 1759 1952 1832 immeritis,prasidentibus,sunt
1982 1796 2028 1860 B
2061 1755 2192 1812 liter
2222 1757 2542 1811 reddantur
2573 1774 2606 1810 a
2636 1756 2883 1822 laicis,et
2911 1763 2974 1811 ut
2995 1759 3052 1812 in
3082 1760 3463 1830 dispositione
3487 1763 3708 1832 episco-

306 1850 583 1908 canonice
614 1848 1394 1916 instituta,vohis_notificare
1410 1847 1854 1918 curamus,quia
1878 1846 1949 1901 ad

306 1939 560 1996 salutem
618 1942 869 1992 vestram
947 1941 1320 1992 BXSCCUtOI‘CB
1377 1954 1578 1992 eorum
1650 1953 1750 1992 VOS
1826 1951 1954 1991 €886

305 2034 606 2102 optamus,
640 2031 696 2083 et
725 2025 1046 2098 apostolica
1091 2025 1437 2082 auctoritate
1477 2026 1739 2096 jubendo
1787 2041 1952 2079 man-

305 2121 542 2175 damus.

383 2207 574 2262 Primo
605 2222 861 2278 namque
888 2206 1220 2277 inspectore
1250 2205 1366 2260 Deo
1397 2207 1486 2260 est
1532 2207 1819 2259 statutum
1870 2207 1953 2269 ut,

309 2298 362 2353 si
395 2297 528 2368 quis
559 2294 888 2368 apostolica
901 2293 1164 2350 sedisine
1177 2294 1518 2348 concordiet
1541 2293 1820 2348 canonica
1841 2291 1960 2347 ele-

308 2387 501 2443 ctione
532 2402 597 2440 ac
637 2385 1038 2440 benedictione
1081 2382 1470 2438 cardinalium
1503 2383 1954 2454 :episcoporum,

309 2493 379 2533 ac
407 2474 616 2530 deinde
648 2473 1015 2544 sequentium
1047 2473 1319 2528 ordinum
1350 2470 1756 2543 religiosorum
1788 2468 1958 2525 cleri-

309 2581 516 2623 corum
550 2564 992 2631 inthronizatur,
1026 2579 1141 2618 non
1172 2580 1324 2635 papa
1349 2561 1439 2617 vel
1472 2560 1826 2634 apostolicus
1856 2559 1958 2614 ha-

309 2657 545 2712 beatur.

390 2746 458 2800 Et
491 2749 553 2798 ut
583 2743 866 2798 moriente
899 2747 1156 2798 Romano
1187 2742 1482 2814 pontiﬁce,
1521 2740 1610 2799 vel
1643 2741 1958 2811 cujuscun-

311 2852 430 2908 que
461 2831 938 2903 civitatis,nullus
969 2835 1282 2904 prasumat
1315 2830 1618 2887 facultates
1648 2845 1848 2885 eorum
1872 2827 1960 2882 in-

322 2923 555 2988 vadere,
588 2923 688 2978 sed
722 2921 1158 2978 successoribus
1202 2937 1404 2977 eorum
1456 2923 1760 2975 serventur
1815 2917 1961 2970 inte-

321 3030 461 3086 gra.
959 3007 990 3029 “

393 3101 468 3157 Ut
497 3101 695 3156 nullus
727 3100 972 3155 missam
1004 3099 1203 3154 audiat
1251 3098 1573 3171 presbyteri
1623 3113 1797 3169 quem
1859 3093 1968 3151 scit

2063 1862 2269 1917 porum
2303 1844 2772 1910 sint,secundum
2807 1862 3058 1902 canones
3087 1847 3534 1918 distribuenda;
3562 1867 3710 1922 quas

2064 1933 2163 2005 qui
2207 1933 2569 2000 retinuerint,
2603 1951 2636 1988 a
2683 1940 2896 1988 sancta
2941 1935 3210 1990 Ecclesia
3261 1939 3482 2009 gremio
3540 1956 3710 2010 sepa-

2064 2024 2282 2074 rentur.

2137 2113 2211 2163 Ut
2242 2126 2341 2180 pe:
2372 2109 2548 2164 laicos
2579 2108 2741 2164 nullo
2789 2111 2960 2166 modo
3011 2111 3257 2182 quilibet
3305 2113 3551 2169 clericus
3610 2119 3711 2170 aut

2067 2199 2370 2270 presbyter
2426 2199 2684 2253 obtineat
2742 2199 3050 2254 ecclesiam
3089 2244 3102 2268 ,
3158 2218 3261 2255 nec
3322 2203 3504 2272 gratis
3541 2245 3553 2268 ,
3610 2219 3712 2258 nec

2066 2288 2268 2359 pretio.

2140 2375 2210 2430 Ut
2242 2375 2439 2430 nullus
2470 2375 2737 2430 habitum
2772 2377 3039 2432 monachi
3076 2379 3380 2449 suscipiat,
3416 2397 3578 2451 spem
3613 2384 3713 2434 aut

2069 2464 2523 2536 promissionem
2554 2464 2780 2520 habens
2802 2467 2958 2536 quod
2990 2467 3171 2521 abbas
3203 2468 3321 2522 fiat.

2140 2555 2209 2608 Et
2240 2559 2303 2608 ut
2333 2571 2436 2625 per
2462 2553 2854 2608 Simoniacam
2887 2553 3154 2609 haeresim
3187 2572 3358 2610 nemo
3392 2557 3716 2622 ordinetur,

2069 2642 2155 2698 vel
2187 2647 2596 2714 promoveatur
2624 2642 2696 2696 ad
2745 2642 3006 2713 quolibet
3063 2643 3322 2698 ofﬁcium
3367 2644 3716 2700 ecclesiasti-

2072 2748 2228 2787 cum.

2145 2820 2218 2875 Ut
2247 2819 2564 2890 cujuslibet
2591 2819 2812 2874 ordinis
2843 2819 3086 2875 clericos
3127 2819 3258 2876 laici
3291 2838 3406 2876 non
3431 2822 3717 2892 judicent,

2075 2925 2180 2963 nec
2201 2909 2269 2962 de
2301 2907 2564 2963 ecclesiis
2602 2908 2860 2978 ejiciant.

2147 2997 2220 3052 Ut
2251 2997 2320 3052 de
2349 2995 2809 3068 consanguinate
2851 3013 2958 3052 sua
3006 2996 3205 3053 nullus
3255 3015 3492 3054 uxorem
3547 2999 3724 3053 ducat

2077 3102 2264 3157 usque
2296 3090 2426 3157 post
2447 3084 2881 3156 generationem
2905 3087 3331 3157 septimam,vel
3349 3104 3603 3158 eousque
3627 3104 3723 3159 pa-

325 3190 716 3246 concubinam
757 3188 1158 3244 indubitanter
1187 3163 1556 3252 habere,vaut
1585 3163 1964 3241 subintrodu-
1997 3163 2040 3230 C
2080 3173 2300 3231 Pentela
2331 3173 2600 3246 cognosci
2634 3173 2862 3244 Poterit-

320 3284 479 3335 ctam
504 3277 830 3334 mulierem.
864 3277 1026 3333 Unde
1056 3278 1183 3349 ipsa
1213 3277 1402 3349 prima
1441 3275 1700 3348 synodus
1734 3275 1841 3328 hoc
1871 3289 1967 3327 ca-

319 3367 576 3441 pitulum
629 3368 738 3422 sub
793 3366 1396 3422 excommunicatione
1445 3364 1673 3431 statuit,
1728 3362 1964 3417 dicens:

321 3482 350 3507 α
389 3456 728 3528 Quicunque
759 3455 1441 3522 sacerdotum,diaconus
1462 3452 1545 3509 vel
1570 3452 1968 3508 subdiaconus

322 3550 460 3619 post
487 3546 872 3600 constitutum
906 3541 1597 3614 B.mem.pradccessoris
1621 3540 1800 3596 nostri
1833 3544 1966 3595 Leo-

319 3635 415 3690 nis
447 3634 708 3707 papa,de
737 3633 1001 3688 castitate
1022 3629 1778 3696 clericorum,concubinam
1796 3627 1965 3681 duxe-

317 3723 508 3791 rit,vel
541 3724 776 3778 ductam
811 3739 924 3778 non
957 3721 1349 3794 reliquerit,ex
1370 3725 1528 3790 parte
1549 3714 1970 3789 omnipotentis

315 3813 446 3881 Dei,
479 3813 821 3869 auctoritate
853 3813 1153 3867 beatorum
1186 3810 1582 3882 apostolorum
1632 3807 1968 3880 principum

311 3903 471 3958 Petri
501 3907 558 3958 et
590 3901 750 3956 Pauli
774 3901 1145 3972 pracipimus
1167 3904 1222 3954 et
1242 3900 1480 3954 omnino
1508 3895 1970 3952 contradicimus

314 3997 380 4048 ut
414 3991 655 4046 missam
689 4007 802 4044 non
837 3993 1051 4058 cantet,
1085 4004 1191 4043 nec
1221 3987 1542 4059 Epistolam
1576 4001 1679 4040 nec
1709 3983 1968 4054 Evange-

317 4081 467 4135 lium
484 4081 552 4137 ad
572 4080 812 4136 missam
834 4078 1206 4150 legat,neque
1229 4077 1286 4130 in
1302 4074 1662 4148 presbyterio
1686 4073 1754 4127 ad
1772 4071 1972 4126 divina

317 4170 513 4226 ofﬁcia
542 4186 674 4224 cum
698 4167 791 4223 his
814 4167 909 4239 qui
940 4167 1185 4239 prafata
1209 4163 1609 4221 constitutioni
1635 4160 1972 4216 obedientes

319 4259 540 4315 fuerint
571 4261 1020 4327 maneat,neque
1051 4259 1276 4327 partem
1309 4253 1381 4309 ab
1406 4251 1665 4307 Ecclesia
1691 4247 1974 4319 suscipiat

2149 3264 2218 3318 Ut
2249 3262 2433 3318 laicus
2465 3278 2702 3317 uxorem
2743 3262 2918 3317 simul
2952 3267 3008 3318 et
3055 3265 3439 3319 concubinam
3499 3265 3724 3320 habens

2077 3369 2192 3407 non
2223 3352 2616 3424 communicet
2637 3349 2913 3406 ecclesia.

2149 3441 2219 3496 Ut
2251 3437 2448 3495 nullus
2480 3438 2664 3494 laicus
2695 3441 2764 3494 ad
2798 3439 3120 3511 quemlibet
3149 3442 3393 3512 gradum
3417 3441 3720 3497 ecclesias-

2077 3531 2256 3586 ticum
2292 3533 2526 3601 repente
2564 3535 2998 3600 promoveatur,
3057 3529 3170 3586 nisi
3221 3531 3383 3602 prius
3428 3535 3721 3586 mutatum

2078 3619 2342 3675 habitum
2359 3617 2694 3673 sacularem
2711 3617 2938 3674 diutina
2952 3620 3385 3675 conversatione
3401 3620 3550 3675 inter
3563 3619 3726 3675 cleri-

2078 3725 2176 3764 cos
2208 3707 2381 3763 fuerit
2405 3707 2840 3778 comprobatus.
2877 3707 2990 3762 Vos
3022 3724 3157 3778 ergo
3188 3707 3309 3762 hac
3356 3713 3414 3763 et
3461 3708 3575 3762 alia
3621 3709 3721 3764 SS.

2078 3798 2315 3853 Patrum
2351 3799 2566 3850 statuta
2615 3795 2862 3849 ﬁdeliter
2911 3801 2967 3850 et
3022 3796 3352 3850 Christiana
3397 3796 3721 3850 reverentia

2079 3886 2460 3949 observate,et
2489 3882 2832 3937 nominatim
2870 3882 2969 3937 illa
2999 3900 3126 3954 qua
3159 3883 3320 3938 vobis
3343 3884 3729 3956 archiepisco-

2078 3991 2191 4046 pus
2220 3977 2410 4028 vester
2439 3971 2713 4042 pracepit
2744 3971 2802 4025 in
2836 3973 3056 4042 synodo
3089 3989 3266 4044 quam
3303 3973 3455 4044 apud
3487 3989 3587 4029 vos
3619 3973 3728 4029 ha-

2080 4063 2208 4118 buit
2237 4063 2424 4133 primo
2457 4075 2610 4114 anno
2640 4059 3025 4116 ordinationis
3058 4062 3254 4130 sua,si
3285 4061 3463 4117 vultis
3499 4063 3569 4117 de
3600 4079 3730 4117 san-

2079 4158 2182 4208 cta
2215 4151 2486 4205 Romana
2519 4147 2811 4215 Ecclesia,
2841 4155 2898 4204 et
2928 4151 3260 4222 apostolica
3293 4152 3450 4207 sedis
3498 4167 3640 4223 pace
3671 4156 3729 4208 et

2081 4239 2498 4297 communione
2529 4241 2702 4309 atque
2733 4238 3135 4296 benedictione
3163 4241 3436 4312 gaudere.

1771 4374 2190 4428 SUBSCRIPTION
2198 4375 2260 4417 ES
2273 4402 2285 4415 .

609 4483 692 4536 Ex
719 4480 902 4537 codice
955 4481 1209 4536 Vaticano
1238 4477 1382 4550 apud
1414 4476 1685 4532 Labbeum

326 4593 352 4646 1
388 4587 722 4655 Nicaulaus,
759 4587 1068 4659 cpiscopus
1093 4590 1308 4642 sancta
1340 4582 1633 4640 catholica
1666 4585 1724 4636 et
1745 4582 1970 4652 aposto-

506 4677 629 4733 lica
661 4681 931 4732 Romana
964 4674 1252 4742 Ecclesia,
1285 4674 1423 4728 huic
1473 4673 1700 4727 decreto
1734 4688 1768 4724 a
1798 4666 1966 4722 nobis

508 4767 591 4822 sic
621 4765 892 4838 superius
923 4763 1180 4837 legitime
1212 4763 1580 4835 promulgato
1621 4755 1965 4828 subscripsi.

319 4949 359 5001 2
393 4943 723 5000 Bonifacius
756 4944 849 5000 Dei
881 4943 1068 5014 gratia
1095 4941 1442 4998 Albanensis
1471 4939 1800 5012 episcopus.

319 5124 358 5178 3
390 5122 664 5188 Ubertus,
691 5120 999 5194 episcopus
1031 5120 1195 5176 Silva
1219 5119 1488 5175 Candida
1520 5117 1805 5174 Ecclesia.

320 5211 358 5268 4
382 5211 609 5282 Petrus,
642 5210 930 5266 Ostiensis
960 5209 1289 5281 episcopus.

322 5303 362 5356 5
390 5299 617 5368 Petrus,
657 5299 966 5356 Laricanus
996 5301 1057 5370 [Γ.
1094 5299 1426 5364 Lavicanus]
1459 5297 1788 5369 episcopus.

398 5387 754 5460 Hujusmodi
775 5387 1022 5444 Romani
1051 5387 1305 5459 episcopi
1337 5387 1816 5458 subscripserunt
1835 5400 1968 5442 cum

327 5480 363 5534 6
392 5479 614 5535 Joanne
648 5477 948 5542 Fortuensi
979 5475 1271 5550 episcopo.

322 5570 361 5630 7
389 5567 665 5644 Joannes,
693 5565 1008 5633 cardinalis
1037 5563 1191 5628 tituli
1231 5563 1421 5627 sancti
1449 5565 1648 5627 Marci.

2360 4483 2444 4535 Ex
2470 4480 2652 4536 codice
2683 4482 3000 4551 Flore/iensi
3029 4481 3174 4551 apud
3203 4481 3442 4535 Martcne

2077 4591 2098 4645 4
2160 4589 2273 4661 Ego
2321 4587 2615 4652 Nicolaus,
2677 4594 2986 4658 episcopus
3049 4592 3262 4643 sancta
3316 4585 3612 4641 catholica
3671 4588 3729 4640 et

2220 4676 2548 4750 apostolica
2603 4680 2879 4730 Romana
2933 4676 3218 4740 Ecclesia,
3252 4675 3387 4730 huic
3417 4676 3647 4730 decreto
3693 4690 3728 4728 a

2219 4766 2411 4831 nobis,
2443 4765 2596 4820 sicut
2625 4764 2896 4835 superius
2928 4764 3161 4837 legitur,
3185 4763 3728 4836 promulgato,sub-

2219 4854 2447 4925 scripsi.

2075 4941 2483 5009 ZBonifacius,
2518 4942 2615 4997 Dei
2649 4942 2838 5014 gratia
2870 4943 3221 4999 Albanensis
3251 4943 3726 5016 episcopus,sub-

2219 5032 2448 5104 scripsi.

2075 5125 2110 5178 3
2150 5122 2464 5188 Hubertus,
2496 5119 2664 5174 Silva
2695 5121 2963 5177 Candida
2995 5123 3325 5196 episcopus,
3367 5119 3711 5192 subscripsi.

2077 5212 2109 5265 4
2142 5211 2366 5278 Petrus,
2401 5209 2728 5264 Hostiensis
2757 5211 3091 5284 episcopus,
3126 5211 3472 5282 subscripsi.

2079 5479 2114 5533 6
2141 5477 2419 5544 Joannes,
2453 5477 2789 5533 Portuensis
2820 5477 3148 5552 episcopus,
3200 5479 3544 5555 subscripsi.

2083 5567 2119 5624 7
2133 5565 2412 5639 Joannes,
2441 5565 2755 5628 cardinalis
2783 5565 2938 5628 tituli
2967 5567 3026 5633 Β.
3054 5566 3253 5632 Marci.
