4138 6186
270 353 427 428 1833

1425 364 1824 433 EPISTOLE
1865 363 1970 434 ET
2007 365 2493 438 DIPLOMATA.‘

3513 361 3662 437 1334

268 501 327 556 et
353 495 648 573 integrum
677 495 805 558 sine
835 497 1030 575 aliqua
1057 499 1448 559 controversia
1471 502 1786 576 aggredere
1806 503 1908 560 do-
1937 505 1993 573 Α
2023 505 2441 578 nuere.Sitque
2462 503 2771 579 pradictus
2789 501 3136 564 venerabilis
3157 503 3320 564 locus
3361 507 3470 564 sub
3503 505 3665 566 omni

267 588 837 662 minium,quatenus
869 591 928 646 in
961 589 1096 647 aula
1115 595 1214 647 tuo
1237 591 1461 647 nomini
1492 591 1758 648 dedicata
1779 591 1912 647 reli-

263 676 468 750 giosus
499 679 689 735 clerus
718 679 823 736 tibi
854 679 1100 736 Domino
1122 679 1506 752 omnipotenti
1525 679 1766 738 laudum
1789 680 1914 736 red-

263 768 365 824 dat
387 768 634 824 cantica.

337 857 506 913 Nunc
529 858 727 930 itaque
749 857 1066 931 apostolico
1090 857 1390 932 privilegio
1413 859 1909 923 concedimus,ﬁr-

261 961 520 1014 mamus,
542 946 898 1013 stabilimus,
931 951 989 1003 et
1011 948 1359 1004 inconcusso
1392 948 1772 1004 fundamento
1815 964 1909 1020 pe-

259 1035 522 1094 tenuiter
535 1036 836 1092 sancimus
857 1036 917 1090 in
930 1037 1057 1108 jam
1080 1037 1233 1092 dicta
1252 1036 1513 1103 ecclesia,
1537 1042 1593 1093 et
1631 1037 1908 1092 canonica

257 1125 586 1181 beatissimi
617 1125 858 1181 Andrea
890 1123 1136 1198 apostoli
1170 1126 1391 1198 integre
1420 1141 1622 1182 omnes
1652 1125 1906 1181 decima-

258 1213 451 1270 tiones
469 1213 891 1286 proprietatum
905 1215 1373 1286 supradictorum
1399 1213 1906 1280 hominum,Joan-

261 1302 356 1359 nis
387 1302 668 1368 videlicei,
703 1303 803 1374 qui
836 1303 1052 1358 dicitur
1077 1302 1526 1368 Corbaccbione,
1549 1303 1769 1375 Ugonis
1801 1301 1906 1357 filii

262 1391 484 1457 Uberti,
516 1396 571 1446 et
601 1390 823 1448 Morelli
850 1389 955 1446 filii
985 1390 1330 1459 Anselmi,et
1351 1391 1680 1460 Rolandini,
1713 1397 1769 1448 et
1793 1397 1908 1445 An-

262 1481 431 1537 selmi
459 1480 823 1553 egregiorum
856 1479 1110 1535 ﬁliorum
1125 1479 1452 1536 Ildebrandi
1485 1480 1586 1535 lilii
1605 1480 1908 1546 Leonis,et

259 1569 593 1642 Signorelli,
615 1573 674 1624 et
703 1569 943 1626 Bonomi
975 1569 1340 1641 egregiorum
1386 1568 1640 1625 filiorum
1675 1567 1904 1625 Rodulfi

256 1658 366 1714 filii
396 1658 534 1714 item
565 1658 920 1725 Ildebrandi,
950 1657 1171 1714 scilicet
1197 1659 1460 1714 omnium
1509 1657 1744 1714 illarum
1773 1673 1904 1727 pro-

259 1748 604 1822 prietatum,
626 1763 774 1820 quas
805 1746 1347 1819 pradictihomines
1368 1747 1688 1819 possident,
1702 1745 1789 1801 vel
1807 1744 1904 1801 alii

257 1855 365 1912 per
393 1854 512 1907 eos,
543 1837 630 1893 vel
659 1836 719 1892 in
742 1841 914 1892 antea
944 1836 1323 1908 acquisierint
1347 1837 1498 1892 infra
1527 1840 1715 1891 totum
1738 1833 1902 1890 terri-

258 1927 479 1984 torium
503 1926 690 2000 plebis
712 1927 771 1982 S.
785 1924 1008 1981 Juliani
1029 1925 1152 1981 sita
1171 1924 1497 1997 Septimi,et
1512 1924 1697 1998 plebis
1708 1923 1902 1979 Sancti

256 2017 492 2072 Martini
512 2016 637 2071 sitae
660 2015 878 2082 Brozzi,
897 2020 954 2070 et
973 2013 1159 2086 plebis
1177 2015 1236 2071 S.
1260 2013 1549 2070 Vincentii
1572 2014 1694 2070 sita
1726 2013 1902 2080 Pesa,

256 2111 321 2164 et
350 2107 408 2160 in
442 2110 560 2162 tota
587 2103 738 2160 valle
768 2105 840 2159 de
870 2104 1069 2170 Greve,
1103 2107 1160 2159 et
1184 2103 1242 2158 in
1276 2102 1427 2159 Villa
1446 2103 1682 2168 Nova,et
1706 2103 1906 2157 intota

257 2193 485 2266 capella
515 2193 573 2250 S.
610 2191 792 2261 Pauli,
828 2197 886 2248 et
916 2192 973 2247 in
989 2191 1312 2264 Casignano
1327 2193 1582 2264 exceptis
1609 2191 1812 2247 masiis
1834 2191 1905 2246 de

255 2283 563 2351 Cuilatico,
597 2297 845 2355 quorum
877 2281 1133 2337 decimas
1165 2281 1224 2336 in
1256 2280 1590 2336 Florentina
1625 2279 1907 2336 canonica

256 2372 586 2445 persolvere
629 2372 860 2428 debent.
913 2375 1164 2426 Pratera
1221 2370 1329 2426 hac
1385 2371 1587 2426 eadem
1622 2368 1904 2441 privilegii

255 2461 645 2536 praceptione
675 2476 878 2516 omnes
907 2459 1164 2515 decimas
1194 2458 1428 2514 illarum
1461 2457 1903 2530 proprietatum,

256 2569 389 2626 qua
420 2550 558 2607 olim
589 2551 826 2606 fuerunt
845 2548 1015 2605 Benzi
1045 2547 1146 2603 filii
1171 2548 1434 2604 Petronis
1455 2549 1527 2603 de
1550 2547 1904 2618 Radda,qua

254 2645 402 2697 sunt
430 2639 630 2712 posita
661 2638 720 2693 in
751 2637 876 2694 loco
908 2636 1229 2705 Godosela,
1259 2642 1316 2694 et
1344 2638 1402 2692 in
1447 2636 1599 2692 Villa
1637 2640 1814 2698 Nova,
1848 2639 1906 2690 et

253 2728 319 2784 in
351 2729 410 2785 S.
447 2726 650 2797 Paulo,
675 2729 734 2782 et
789 2727 850 2781 in
898 2725 1245 2798 Carignano,
1279 2730 1334 2781 et
1380 2741 1482 2797 per
1528 2724 1641 2780 alia
1669 2724 1815 2788 loca,
1851 2726 1908 2778 et

251 2817 538 2876 vocabula
567 2816 626 2871 in
651 2820 772 2871 tota
783 2816 910 2887 jam
943 2814 1106 2869 dicta
1138 2814 1394 2871 ecclesia
1416 2812 1905 2886 parochia,eidem

255 2907 516 2965 ecclesia
547 2905 795 2960 ﬁrmiter
848 2903 1254 2972 concedimus;
1313 2908 1370 2959 et
1425 2903 1666 2974 insuper
1703 2917 1906 2956 omnes

255 2997 516 3053 decimas
538 2993 836 3050 novalium
853 2993 923 3048 de
939 2991 1100 3048 silvis
1113 2992 1583 3065 supradictorum
1598 2990 1904 3047 hominum

255 3085 598 3155 ubicunque
632 3081 992 3148 laborantur,
1007 3081 1094 3136 vel
1107 3081 1546 3148 laborabuntur,
1561 3085 1620 3136 et
1639 3079 1906 3135 omnium

254 3174 514 3233 aliarum
543 3171 822 3228 silvarum
845 3187 1206 3244 quacunque
1229 3170 1585 3238 laborantur,
1616 3168 1702 3224 vel
1741 3167 1905 3222 labo-

2020 595 2275 666 potentis
2303 595 2425 662 Dei,
2460 600 2774 668 nostraque
2803 600 2862 652 et
2892 601 3227 653 nostrorum
3261 613 3666 654 successorum

2019 682 2287 750 tuitione,
2322 683 2658 757 nulliusque
2690 685 3037 757 subjiciatur
3066 686 3344 754 dominio,
3379 686 3492 741 nisi
3538 686 3668 741 Flo-

2020 771 2248 827 rentino
2279 773 2575 846 episcopo.
2608 774 2855 845 Ipseque
2876 773 3184 845 episcopus
3214 774 3463 844 benigne
3489 776 3543 828 et
3571 772 3671 828 ho-

2019 864 2182 915 neste
2213 863 2535 924 tractando.
2565 862 2722 917 omni
2750 863 3046 934 superﬂua
3097 862 3396 917 exactione
3429 865 3670 934 postpo-

2025 950 2162 1015 sita,
2195 967 2293 1007 eos
2323 967 2553 1023 semper
2583 951 2866 1006 hortetur.
2901 951 2958 1006 Si
2995 951 3128 1023 quis
3174 967 3332 1022 ergo,
3365 950 3519 1021 quod
3553 964 3668 1005 non

2015 1039 3002 1112 credimus,sacrilegamente,quod
3018 1040 3073 1094 in
3086 1043 3397 1110 conspectu
3413 1037 3671 1110 episcopi

2016 1126 2274 1183 Umberti
2295 1129 2609 1184 cardinalis
2631 1129 2796 1184 Silva
2817 1129 3111 1197 Candida,
3133 1133 3305 1201 atque
3336 1127 3666 1184 Ildebrandi

2016 1217 2074 1272 S.
2111 1218 2176 1272 Β.
2210 1218 2271 1272 Ε.
2306 1218 2718 1286 archidioconi,
2745 1235 2851 1274 nec
2885 1236 2998 1273 non
3030 1219 3438 1290 episcoporum
3493 1220 3665 1275 Peru-

2015 1305 2128 1361 sini
2160 1311 2216 1362 et
2248 1306 2562 1373 ltoselloni,
2598 1307 2844 1362 Rozonis
2875 1324 3108 1379 quoque
3127 1311 3182 1361 S.
3203 1307 3544 1363 Florentina
3563 1309 3664 1363 Ec-

2015 1394 2202 1450 clesia
2234 1395 2718 1468 archipresbyteri
2751 1397 2912 1466 juste
2958 1395 3370 1464 stabilivimus,
3418 1401 3662 1452 conatus

2005 1477 2189 1538 ‘i'uerit
2217 1483 2552 1556 infringere,
2585 1484 2785 1540 decem
2837 1484 2966 1539 auri
2996 1483 3178 1539 libras
3229 1486 3480 1556 pralata
3510 1484 3663 1540 basi-

2012 1571 2134 1627 lica
2183 1577 2426 1644 cogatur
2482 1573 2831 1644 persolvere,
2900 1572 3273 1628 medietatem
3331 1573 3662 1629 Florentino

2013 1660 2304 1733 episcopo,
2340 1665 2397 1717 et
2428 1661 2800 1717 medietatem
2834 1660 3061 1717 clericis
3091 1662 3150 1716 in
3181 1663 3383 1717 eadem
3419 1662 3665 1718 ecclesia

2014 1749 2493 1816 consistentibus,
2528 1751 2887 1806 descendant
2943 1767 3119 1823 super
3151 1767 3283 1806 eum
3317 1767 3520 1806 omnes
3550 1751 3662 1807 illa

2014 1837 2476 1905 maledictiones,
2510 1839 2623 1894 nisi
2655 1838 2990 1895 admonitus
3021 1839 3388 1906 satisfecerit,
3423 1857 3570 1912 quas
3602 1840 3662 1896 in

2011 1927 2458 1984 Deuteronomio
2479 1927 2792 2000 descripsit
2821 1932 3063 1984 sanctus
3095 1929 3340 1999 Moyses,
3378 1933 3552 2000 atque
3578 1928 3662 1984 iu-

2013 2017 2258 2071 terficiat
2281 2032 2415 2071 eum
2449 2021 2598 2072 Deus
2627 2016 2838 2088 spiritu
2865 2017 2982 2072 oris
3016 2016 3132 2081 sui,
3166 2016 3565 2072 sicutDathan
3603 2021 3662 2073 et

2013 2105 2253 2172 Abiron,
2288 2121 2434 2176 quos
2464 2105 2624 2160 vivos
2653 2105 2957 2176 deglutivit
3004 2110 3176 2170 terra,
3211 2109 3268 2160 et
3322 2105 3563 2177 insuper
3608 2105 3658 2162 si

2014 2193 2259 2250 clericus
2290 2194 2482 2261 fuerit,
2516 2193 2606 2249 sui
2637 2195 2862 2250 ordinis
2893 2193 3082 2248 officio
3117 2194 3394 2265 privetur.
3420 2195 3658 2250 Prater-

2014 2299 2101 2347 ea,
2135 2283 2342 2338 uthac
2369 2283 2586 2355 pagina
2615 2281 2846 2354 plenam
2898 2283 3076 2338 ﬁdem
3122 2284 3506 2352 prasentibus
3555 2301 3658 2340 seu

2013 2371 2190 2427 etiam
2225 2371 2470 2443 posteris
2501 2375 2748 2437 astruat,
2782 2371 3026 2442 propria
3073 2370 3405 2441 apostolica
3448 2389 3672 2430 manus

2015 2461 2445 2532 subscriptione
2471 2460 2854 2515 munivimus.

2086 2550 2204 2622 Ego
2234 2548 2526 2613 Nicolaus,
2561 2565 2765 2605 servus
2825 2564 3123 2603 servorum
3160 2547 3276 2614 Dei,
3312 2547 3447 2604 huic
3480 2549 3660 2620 privi-

2013 2637 2146 2710 legii
2179 2638 2402 2711 pagina
2435 2637 2781 2710 subscripsi.

2087 2730 2204 2799 Ego
2229 2727 2634 2792 lldebrandus,
2665 2727 2723 2781 S.
2760 2727 2824 2781 R.
2851 2727 2910 2780 E.
2943 2725 3657 2791 archidiaconus,subscr.

2087 2819 2202 2887 Ego
2233 2815 2549 2882 Gerardus,
2584 2819 2797 2870 sancta
2829 2813 3150 2869 Rosellana
3200 2812 3467 2870 Ecclesia
3507 2815 3658 2887 epis-

2015 2919 2216 2974 copus,
2248 2902 2486 2958 interfui
2517 2907 2574 2958 et
2601 2902 2946 2974 subscripsi.

2089 2991 2203 3064 Ego
2236 2991 2406 3058 Rozo,
2440 2995 2653 3047 sancta
2686 2990 3027 3046 Florentina
3045 2990 3310 3047 Ecclesia
3333 2991 3657 3065 archipres-

2016 3080 2199 3152 byter.

2088 3169 2233 3225 Data
2265 3170 2478 3226 ibidem
2497 3187 2570 3224 xv
2591 3169 2716 3223 Kal.
2763 3170 3058 3225 Februarii
3099 3186 3202 3241 per
3225 3187 3437 3225 manus
3473 3171 3656 3226 Hum-

253 3263 546 3319 rabuntur
576 3260 726 3315 inl’ra
750 3265 941 3314 totum
999 3243 1187 3330 ipsius
1236 3259 1494 3315 ecclesia
1519 3259 1897 3322 territorium,
1932 3243 1975 3310 C
2012 3257 2159 3314 berti
2190 3259 2446 3331 episcopi
2474 3262 2686 3314 sancta
2719 3258 2982 3314 Ecclesia
3017 3257 3181 3313 Silva
3229 3259 3500 3314 Candida
3530 3276 3655 3315 car-

251 3349 530 3408 similiter
556 3349 618 3404 in
674 3349 875 3405 eadem
934 3348 1215 3403 canonica
1269 3347 1662 3403 concedimus.
1713 3343 1901 3400 Simili

251 3439 435 3497 modo
465 3453 668 3494 omnes
699 3435 987 3510 primitias
1019 3436 1219 3508 populi
1243 3437 1525 3509 pradicta
1557 3435 1830 3500 ecclcsia,
1847 3437 1903 3488 et

247 3529 519 3601 integras
550 3531 905 3598 spontaneas
937 3524 1260 3581 oblationes
1289 3525 1570 3592 vivorum,
1597 3529 1655 3580 et
1693 3523 1900 3579 defun-

250 3621 572 3684 ctorum,et
591 3614 818 3686 integra
836 3614 1522 3682 testamenta,et1iberam
1538 3613 1900 3684 sepulturam

249 3707 439 3764 totius
463 3705 553 3761 sui
568 3703 850 3777 populi,et
872 3702 1123 3758 maxime
1144 3708 1617 3776 patronorum,et
1636 3701 1900 3758 omnium

250 3797 360 3870 qui
393 3795 547 3852 infra
575 3792 1012 3863 diacesimjam
1035 3791 1201 3848 dicta
1231 3793 1483 3849 ecclesia
1502 3793 1788 3858 habitant,
1814 3789 1900 3846 vel

249 3884 629 3949 habitabunt,
661 3881 850 3938 eidem
890 3880 1148 3937 ecclesia
1195 3880 1628 3954 perpetualiter,
1677 3888 1731 3936 et
1777 3879 1902 3934 sine

255 3975 375 4031 fine
387 3972 694 4045 largimur.
711 3971 954 4026 Prorsus
968 3970 1438 4042 pradiaomniaa
1452 3970 1903 4042 quibuscunque

253 4061 534 4119 ﬁdelibus
556 4075 906 4132 quocunque
927 4059 1274 4127 modojuste
1291 4053 1901 4129 acquisita,velacqui-

252 4151 460 4209 renda.
491 4147 843 4204 Electionem
874 4163 1107 4219 quoque
1129 4146 1344 4218 pr0prii
1368 4145 1701 4218 pastoris,et
1722 4148 1904 4198 totam

252 4237 688 4298 ordinationem
721 4235 909 4308 ipsius
930 4235 1162 4302 domus,
1196 4239 1253 4290 et
1299 4234 1642 4290 clericorum
1695 4249 1903 4304 repra-

254 4327 654 4388 sentationem
685 4330 817 4380 ante
847 4325 1149 4396 proprium
1180 4323 1518 4396 episcopum
1541 4323 1612 4378 ad
1637 4321 1908 4377 ordinan-

256 4420 407 4476 dum
437 4413 736 4472 canonicis
767 4414 1034 4484 ejusdem
1090 4412 1346 4468 ecclesia
1405 4412 1588 4467 libera
1635 4409 1910 4465 facultate

257 4504 682 4581 perpetualiter
701 4501 1076 4559 concedimus
1094 4506 1152 4557 et
1164 4501 1516 4557 stabilimus.
1539 4501 1668 4556 Hac
1713 4499 1911 4556 omnia

259 4593 644 4654 concedimus
666 4591 890 4647 clericis
919 4589 980 4645 in
1012 4589 1142 4662 ipsa
1163 4590 1296 4646 aula
1317 4591 1590 4645 canonice
1623 4589 1908 4644 manenti-
1945 4611 1992 4676 D

261 4681 549 4754 bus,quia
567 4679 859 4737 olimdum
884 4678 1210 4751 simplicem
1237 4679 1607 4751 episcopatus
1637 4677 1918 4750 pralatio-

264 4789 407 4832 nem
429 4784 830 4828 exerceremus
861 4767 1148 4824 sacerdoti
1177 4767 1389 4823 Joanni
1411 4768 1538 4838 jam
1581 4767 1734 4822 dicto
1766 4784 1910 4838 pra-

263 4861 483 4938 posito,
500 4864 556 4915 et
578 4858 702 4914 suis
721 4856 1459 4927 confratribus,eorumque
1475 4855 1916 4911 successoribus

264 4947 685 5014 stabilivimus,
708 4951 765 5003 et
784 4947 1205 5002 concessimus.
1228 4945 1598 5002 Absolvimus
1622 4949 1913 5016 praeterea,

263 5041 644 5109 liberumque
675 5036 946 5092 eumdem
977 5035 1367 5091 venerabilem
1389 5033 1581 5090 locum
1604 5032 1920 5105 apostolica

265 5127 575 5186 sanctione
595 5124 905 5198 persistere
916 5125 1218 5196 jubemus,
1238 5140 1311 5178 ne
1327 5123 1497 5180 liceat
1514 5123 1685 5177 alicui
1712 5140 1917 5194 parva.

267 5229 620 5288 magnaque
647 5229 925 5286 persona,
948 5211 1154 5268 clerico
1183 5211 1272 5266 vel
1306 5212 1450 5267 laico
1479 5211 1716 5275 ibidem,
1755 5229 1922 5266 cano-

271 5308 405 5365 nice
434 5306 864 5360 commorantes
909 5301 1148 5358 clericos
1206 5301 1608 5365 dehonestare,
1652 5304 1709 5355 et
1747 5300 1921 5371 placi-

269 5395 454 5454 tando
486 5393 784 5458 infestare,
835 5389 924 5447 vel
971 5390 1232 5446 debitum
1285 5390 1510 5456 tributi,
1543 5387 1630 5444 vel
1675 5387 1926 5459 alicujus

273 5481 665 5556 subjectionis
713 5481 784 5536 ab
842 5480 926 5536 eis
963 5479 1210 5551 exigere,
1242 5495 1340 5533 seu
1371 5479 1566 5550 aliqua
1600 5479 1826 5534 occasio
1859 5493 1930 5533 ne

275 5573 393 5634 sibi
413 5590 448 5628 a
476 5568 667 5639 nobis,
701 5573 801 5625 aut
830 5569 903 5625 ab
935 5568 1232 5640 aliquibus
1264 5566 1540 5623 fidelibus
1571 5583 1662 5622 res
1694 5583 1930 5622 conces-

279 5680 409 5732 sas,
441 5660 566 5720 sive
593 5659 995 5718 concedendas
1023 5657 1312 5724 invadere,
1359 5655 1723 5726 subtrahere,
1757 5657 1932 5713 dimi-

2011 3346 2243 3416 dinalis,
2277 3347 2605 3419 apostolica
2635 3347 2794 3402 sedis
2823 3346 3269 3413 bibliothecarii,
3301 3365 3454 3404 anno
3484 3349 3652 3404 Dom.

2009 3435 2170 3501 4059,
2203 3436 2576 3507 pontificatus
2607 3441 2799 3491 autem
2834 3436 2900 3490 D.
2946 3453 3104 3508 papa
3154 3435 3373 3492 Nicolai
3411 3436 3653 3492 secundi

2009 3525 2220 3595 primo,
2246 3525 2429 3580 indict
2456 3543 2558 3591 xn,
2590 3542 2705 3596 quo
2738 3524 3001 3580 videlicet
3031 3526 3124 3581 die
3171 3525 3230 3580 in
3281 3527 3519 3597 pral'ata
3567 3543 3654 3582 ec-

2011 3611 2187 3669 clesia
2216 3614 2288 3668 ab
2319 3615 2521 3669 eodem
2549 3614 2819 3686 episcopo
2848 3613 3165 3669 Humberto
3188 3615 3360 3684 jussu
3387 3615 3651 3684 ejusdem

2012 3703 2077 3758 D.
2112 3719 2271 3774 papa
2317 3704 2432 3758 duo
2480 3702 2708 3768 altaria,
2742 3720 2926 3757 unum
2960 3703 3019 3756 in
3051 3703 3331 3758 honorem
3363 3705 3425 3758 B.
3460 3702 3652 3758 Maria

2012 3809 2242 3864 semper
2270 3792 2550 3862 Virginis,
2582 3797 2640 3847 et
2669 3796 3003 3846 sanctarum
3038 3791 3331 3860 virginum
3363 3791 3570 3846 Prisca
3599 3794 3658 3846 et

2014 3880 2358 3952 Margarila,
2381 3885 2438 3934 et
2468 3879 2718 3934 alterum
2738 3879 2795 3932 in
2821 3878 3096 3933 honorem
3122 3879 3178 3933 S.
3220 3878 3416 3943 Blasii,
3443 3883 3499 3933 et
3529 3895 3660 3934 san-

2012 3974 2239 4024 ctorum
2273 3967 2508 4023 Fabiani
2541 3972 2598 4022 et
2627 3966 2953 4022 Sebastiani
2984 3970 3124 4022 sunt
3153 3973 3509 4023 consecrata.

2754 4073 2921 4128 XVII.

2015 4165 2178 4220 Bulla
2208 4163 2444 4234 Nz'colaz'z'
2473 4163 2523 4218 11
2550 4179 2705 4234 papa
2753 4163 2818 4218 de
2869 4166 3276 4219 consecratione
3334 4164 3572 4219 basilica
3602 4164 3657 4220 S.

2087 4233 2375 4362 Ibaurcntii
2402 4234 2467 4290 de
2506 4233 2804 4299 Florentia,
2837 4237 2930 4290 cui
2983 4237 3301 4308 subscripsit
3355 4236 3411 4290 S.
3471 4240 3664 4292 Petrus

2133 4323 2405 4362 amzunus.

2639 4395 2825 4464 (Anno
2858 4395 3042 4463 1060.)

2055 4482 2450 4554 [Ml'l'l‘ARELLI,
2483 4483 2681 4538 Annal.
2717 4483 3030 4538 Camaldul.
3066 4482 3135 4549 ll,
3181 4483 3445 4554 Append.
3487 4483 3626 4554 [64.]

2093 4589 2380 4645 NICOLAUS
2411 4590 2741 4661 episcopus,
2776 4605 2978 4644 servus
3009 4604 3307 4644 servorum
3331 4587 3667 4652 Dei,dilecto

2027 4678 2144 4732 lilio
2176 4678 2399 4742 GISONI,
2433 4677 2683 4733 ecclesia
2714 4677 2898 4732 sancti
2920 4677 3217 4732 Laurentii
3245 4678 3412 4747 juxta
3435 4676 3668 4733 Floren-

2023 4768 2156 4822 tina
2189 4767 2438 4822 civitatis
2469 4784 2669 4822 muros
2702 4767 2850 4830 sita,
2875 4767 3104 4831 rectori,
3155 4766 3388 4838 tuisque
3439 4783 3669 4824 succes-

2025 4856 2257 4912 soribus
2279 4856 2553 4910 canonice
2580 4854 2796 4910 ibidem
2827 4854 3190 4923 ordinandis,
3225 4855 3500 4912 omnibus
3521 4873 3672 4928 quo-

2027 4961 2140 5017 que
2169 4942 2560 4999 communiter
2591 4942 2830 4998 victuris
2860 4943 2918 4997 in
2945 4948 3314 5015 perpetuum.

2100 5032 2384 5097 Quoniam
2415 5030 2843 5101 Omnipotentis
2857 5030 3116 5103 dignatio
3140 5050 3246 5088 suo
3266 5033 3522 5106 gratuito
3554 5050 3679 5087 mu-

2031 5137 2166 5177 nere
2191 5121 2261 5176 ad
2296 5120 2402 5174 hoc
2425 5123 2684 5174 nostram
2719 5118 3113 5176 humilitatem
3144 5121 3384 5193 dignata
3413 5126 3501 5177 est
3549 5137 3680 5190 pro-

2032 5211 2257 5277 vehere,
2281 5214 2572 5280 quatenus
2602 5225 2704 5278 per
2733 5225 2838 5262 nos
2873 5209 3088 5280 ubique
3140 5214 3423 5264 terrarum
3457 5209 3682 5262 diﬁ'usa

2038 5299 2300 5354 Ecclesia
2333 5298 2529 5352 lumen
2562 5296 2930 5351 administrat
2954 5299 3313 5363 indeﬁciens,
3341 5295 3684 5351 rationabile

2039 5387 2277 5443 omnino
2297 5387 2568 5442 ducimus
2583 5383 2817 5456 speciali
2835 5384 3114 5456 regimine
3128 5389 3339 5440 nostra
3353 5402 3506 5440 cura
3527 5401 3684 5440 com-

2041 5477 2230 5531 missa
2262 5476 2599 5531 Florentina
2633 5473 2899 5530 Ecclesia
2944 5479 3360 5546 congruentem
3408 5475 3686 5546 provisio-

2042 5581 2176 5620 nem
2197 5564 2556 5635 impcndercj
2569 5564 2866 5636 ugiter,sic
2880 5579 3054 5634 namq
3066 5580 3134 5618 ue
3149 5563 3412 5621 Doctoris
3425 5564 3688 5636 gentium

2045 5653 2264 5711 imitari
2287 5652 2610 5710 valebimus
2638 5651 2874 5710 salubre
2905 5653 3341 5725 documeutum,
3376 5671 3510 5711 cum
3555 5668 3687 5726 pro-
