4116 6188
418 329 577 406 1385

1776 342 2084 410 NICOLAI
2125 342 2181 411 ῙῙ
2214 337 2452 409 »ΡᾹΡιΕ

3655 333 3818 402 1836

413 473 640 534 Viribus
675 474 1020 551 nostris,qui
1051 479 1271 538 bonum
1303 478 1586 553 impertiri
1611 480 2066 552 omnibusjubet
2092 480 2148 548 Α
2175 481 2296 537 sive
2332 478 2732 536 concedendas
2760 475 3050 548 invadere,
3073 472 3440 543 subtraham,
3463 471 3820 539 diminuam,

416 569 568 637 opus
598 565 670 620 ad
701 566 1052 624 domesticos
1086 570 1217 626 ﬁdei
1248 570 1520 640 maxime,
1549 587 1681 626 cum
1713 588 1816 642 pro
1850 569 2064 626 nostris

415 652 642 709 viribus
673 655 868 712 divino
891 657 1070 712 cultui
1089 658 1230 713 locis
1250 659 1456 714 dicatis
1487 659 1665 731 digna
1693 659 2065 731 providemus

419 743 723 815 obsequia,
757 749 821 800 ut
876 745 1172 802 indefessa
1226 749 1481 804 laudatio
1538 749 1597 803 in
1630 749 1713 804 eis
1743 748 2067 804 celebretur

418 849 524 906 per
554 833 754 888 omnia
782 835 1010 890 saecula.
1036 838 1142 891 Sed
1169 838 1307 908 quia
1336 837 1546 907 lapidei
1579 838 1828 909 parietes
1856 855 1968 892 non
1992 838 2065 893 ob

420 922 531 979 hoc
553 927 694 978 sunt
723 924 1042 988 constituti,
1079 929 1140 978 ut
1172 926 1285 980 Deo
1319 927 1541 997 possint
1571 927 1779 998 dignas
1801 943 2066 998 promere

419 1010 978 1084 laudes,congruum
1013 1015 1265 1084 profecto
1297 1015 1525 1069 videtur
1554 1015 1625 1071 ad
1657 1015 1836 1070 divini
1877 1015 2065 1088 operis

420 1099 1222 1172 perfectionem,clericorum
1255 1104 1406 1159 circa
1437 1104 1790 1160 venerabilia
1817 1105 1944 1160 loca
1973 1122 2064 1160 or-

425 1189 629 1245 dinare
660 1189 923 1248 sedulam
960 1191 1504 1262 frequentationem.
1530 1193 1636 1259 Qui
1661 1193 1918 1264 quidem,
1953 1193 2064 1249 nisi

422 1277 670 1334 terrenis
699 1279 1096 1350 temporaliter
1114 1285 1515 1336 sustentantur
1536 1281 2062 1353 stipendiis,idonei

421 1365 516 1423 vix
531 1367 1032 1438 possuntexistere
1055 1368 1310 1424 cultibus
1333 1370 1704 1436 divinis,cum
1723 1371 1847 1442 ipse
1862 1371 2064 1426 mundi

423 1455 700 1512 Conditor
731 1457 1056 1511 secundum
1089 1457 1410 1512 humanam
1442 1459 1668 1515 unitam
1723 1460 1833 1515 sibi
1881 1450 2125 1515 mate-”

422 1543 572 1599 riam
604 1544 880 1615 dignatus
912 1546 987 1598 sit
1016 1547 1267 1616 perferre
1293 1547 1450 1602 sitim
1473 1552 1530 1602 et
1550 1549 1822 1615 esuriem,
1847 1550 1928 1603 Ad
1944 1548 2066 1621 glo-

422 1631 572 1688 riam
605 1632 801 1704 itaque
832 1633 1013 1703 illius,
1056 1652 1157 1705 per
1215 1652 1387 1707 quem
1434 1637 1684 1692 vivimus
1743 1641 1800 1693 et
1835 1654 2064 1704 sumus,

423 1720 836 1793 pretiosissimi
864 1724 1136 1795 martyris
1167 1725 1378 1780 Christi
1412 1727 1708 1781 Laurentii
1739 1727 2065 1797 basilicam,

2175 571 2367 641 sitque
2388 568 2671 625 immunis
2689 569 2998 640 pradictus
3016 567 3182 623 locus
3207 565 3278 620 ab
3309 563 3471 620 omni
3511 561 3819 634 pensione,

2173 658 2284 714 sub
2313 660 2372 714 S.
2416 657 2707 713 Laurentii
2753 657 3018 722 tuitione,
3070 654 3410 724 nulliusque
3463 650 3821 721 subjiciatur

2173 746 2915 812 dominio,nisiFlorentino
2935 741 3288 816 episcOpo.Si
3311 741 3446 812 quis
3477 756 3640 811 ergo,
3666 739 3822 810 quod

2175 853 2290 891 non
2321 835 2634 903 credimus,
2658 835 2941 906 sacrilega
2972 836 3182 898 mente,
3218 831 3375 903 quod
3407 830 3467 885 in
3501 833 3822 900 conspectu

2174 925 2428 997 episcopi
2452 925 2752 981 Humberti
2776 921 3091 979 cardinalis
3129 920 3295 976 Silva
3321 919 3618 982 Candida,
3647 921 3824 988 atque

2175 1014 2502 1071 Ildebrandi
2525 1018 2744 1069 Sancta
2784 1013 3061 1068 Romana
3097 1009 3363 1066 Ecclesia
3399 1004 3824 1070 archidiaconi,

2174 1119 2279 1160 nec
2305 1120 2420 1159 non
2441 1103 2844 1174 episcoporum
2869 1096 3497 1165 Perusinii,Rosellani,
3529 1100 3586 1151 et
3606 1096 3824 1150 Furca-

2176 1191 2396 1258 nensis,
2422 1196 2582 1263 juste
2613 1191 2961 1255 stabilitum,
2993 1192 3237 1245 conatus
3268 1186 3443 1242 fuerit
3477 1185 3822 1256 infringere,

2175 1284 2409 1337 centum
2440 1281 2566 1336 auri
2593 1280 2774 1335 libras
2797 1279 3044 1351 prafata
3064 1275 3318 1332 basilica
3344 1277 3588 1347 cogatur
3605 1271 3826 1346 persol-

2169 1385 2320 1436 vere,
2354 1369 2724 1425 medietatem
2751 1367 3080 1424 Florentino
3105 1366 3396 1438 episcopo,
3428 1367 3488 1419 et
3532 1362 3822 1418 medieta-

2173 1463 2293 1515 tem
2325 1458 2551 1515 clericis
2593 1458 2855 1528 ejusdem
2898 1454 3161 1512 Ecclesia
3208 1451 3696 1519 consistentibus,
3729 1450 3830 1506 de-

2176 1549 2575 1620 scendantque
2592 1562 2767 1618 super
2779 1562 2914 1602 eum
2929 1544 3099 1600 Omni
3107 1542 3363 1616 potentis
3375 1539 3826 1596 maledictiones

2176 1636 2290 1692 nisi
2321 1635 2656 1696 admonitus
2685 1633 3049 1701 satisfecerit,
3082 1648 3230 1704 quas
3279 1630 3342 1685 in
3374 1629 3829 1685 Deuteronomio

2175 1728 2417 1782 sanctus
2448 1723 2760 1797 descripsit
2806 1723 3056 1795 Moyses,
3106 1724 3282 1792 atque
3336 1717 3652 1774 interﬁciat
3689 1733 3830 1772 eum

424 1813 623 1866 nostro
655 1811 893 1882 quidam
926 1812 1274 1881 hortamine,
1309 1814 1775 1871 Florentinorum
1823 1833 1956 1872 vero
1987 1817 2070 1871 ci-
2097 1854 2145 1918 B
2175 1813 2329 1869 Deus
2361 1812 2572 1885 spiritu
2603 1812 2722 1868 oris
2745 1811 2858 1878 sui,
2891 1810 3043 1866 sicut
3072 1808 3298 1864 Dathan
3333 1812 3390 1863 et
3409 1805 3651 1873 Abiron,
3677 1822 3830 1875 quos

424 1898 574 1918 μέημ-
622 1917 629 1918 ,
692 1917 735 1918 κη
798 1900 852 1918 ,οι
1070 1902 1078 1918 ι
1122 1902 1134 1918 ι
1393 1904 1403 1914 ο
1473 1903 1484 1916 ο
1571 1908 1579 1918 .
1743 1909 1750 1918 .
1886 1908 1909 1918 u-
1988 1905 2001 1918 ο
2216 1903 2226 1913 -
2361 1906 2371 1918 ι
2539 1903 2554 1918 ι
2634 1900 2648 1918 1
2701 1899 2738 1918 ,9
2782 1901 2818 1918 ςι
2876 1901 3143 1918 n,,,_.__,_4
3184 1901 3243 1918 --ι
3289 1896 3407 1918 1...-
3458 1894 3668 1918 ___2__
3702 1893 3800 1918 -ΙΔ

421 1898 584 1954 vium
615 1900 951 1972 sumptibus
983 1902 1228 1973 pulchra
1250 1904 1441 1976 specie
1470 1903 2068 1977 instauratamﬁepis-

425 2004 706 2060 ooporum
737 1993 1225 2064 aggregatojccctu
1271 1994 1522 2065 propriis
1569 1994 1843 2049 manibus
1883 1994 2071 2050 reddi-

426 2078 626 2134 dimus
651 2079 977 2136 dedicatam
1009 2098 1186 2152 quam
1211 2083 1428 2138 nudam
1454 2082 1746 2154 sine'jdote
1775 2084 2070 2139 dimittere

426 2166 738 2238 indignum
770 2168 934 2224 valde
957 2170 1376 2239 judicavimus,
1405 2171 1721 2242 apostolica
1757 2171 2070 2240 soliditate,

427 2257 521 2311 cui
543 2257 830 2329 pracipue
853 2259 1131 2330 competit
1160 2259 1449 2315 honestati
1481 2261 1767 2316 studendo
1797 2261 2072 2317 omnibus

426 2345 954 2416 nedumlinjuriam
979 2345 1342 2417 patientibus
1373 2349 1468 2420 pia
1497 2348 1891 2404 sollicitudine
1931 2351 2070 2405 sub-

424 2433 642 2489 venire.
676 2433 1094 2489 Assistentium
1127 2452 1260 2508 ergo
1282 2437 1526 2491 fratrum
1561 2438 1814 2504 hortatu,
1840 2439 2072 2510 preprio

427 2538 663 2594 quoque
677 2521 918 2578 consilio
931 2523 1500 2595 roborati,prasente
1516 2527 1729 2598 populo
1743 2526 2072 2583 Florentino

426 2627 531 2684 pro
554 2612 806 2684 peccatis
828 2612 1090 2682 ejusdem
1114 2612 1362 2668 civitatis
1381 2614 1798 2686 prasulum,ob
1819 2620 2072 2672 vestram

428 2717 662 2774 quoque
691 2701 1078 2770 devotionem,
1113 2702 1364 2774 denique
1396 2708 1631 2776 propter
1660 2705 1842 2761 totius
1875 2705 2074 2778 populi

427 2791 678 2848 salutem
711 2808 745 2846 a
766 2790 935 2846 nobis
959 2796 1297 2847 consecrato
1319 2791 1486 2848 altari
1510 2793 2074 2867 pradiorumfetom-

426 2881 594 2936 nium
626 2896 869 2936 suarum
901 2896 1118 2946 rerum,
1151 2881 1304 2952 quod
1337 2881 1546 2937 saltem
1577 2884 1648 2939 ad
1689 2901 1944 2956 prasens
1975 2902 2072 2957 po-

425 2968 1085 3037 tuimus,investituram
1099 2970 1475 3041 apostolicam
1491 2973 2080 3048 obtulimus.Suscipe

429 3058 631 3131 igitur,
666 3056 1038 3112 sanctissime
1067 3059 1360 3126 Laurenti,
1393 3060 1497 3114 tibi
1517 3062 1873 3132 jamdudum
1907 3064 2076 3119 devo-

428 3145 646 3204 tissimi
677 3163 837 3218 papa
867 3145 1087 3202 Nicolai
1117 3146 1513 3203 voluntarium
1545 3166 1781 3219 munus,
1816 3156 2081 3208 tuarum-

432 3252 545 3308 que
573 3251 768 3293 rerum
796 3251 897 3307 per
923 3251 1014 3290 me
1046 3236 1256 3290 amodo
1283 3237 1614 3308 etusquein
1648 3239 2072 3311 sempiternum
2105 3219 2147 3286 δ

432 3323 730 3395 singulare
783 3327 840 3377 et
883 3323 1199 3395 integrum,
1261 3323 1386 3380 sine
1444 3325 1642 3398 aliqua
1687 3329 2081 3385 controversia

432 3411 746 3483 aggredere
777 3411 1125 3478 dominium,
1159 3417 1451 3483 quatenus
1481 3412 1541 3468 in
1576 3414 1710 3470 aula
1730 3419 1830 3472 tuo
1856 3417 2079 3472 nomini

436 3499 703 3556 dedicata
730 3498 1038 3570 religiosus
1059 3498 1249 3555 clerus
1279 3502 1394 3557 Deo
1425 3502 1808 3574 omnipotenti
1836 3506 2080 3561 laudum

436 3588 635 3645 reboat
662 3587 908 3644 cantica.
943 3588 1330 3659 Designentur
1359 3595 1554 3646 autem
1585 3596 1688 3647 tua
1736 3595 1951 3664 praedia
1980 3612 2084 3667 per

437 3678 704 3749 subjecta
727 3676 1440 3748 vocabula,scilieet,totus
1461 3679 1737 3736 circuitus
1759 3683 1828 3737 ad
1828 3684 1852 3754 j
1861 3685 2081 3740 acentis

434 3766 693 3824 ecclesia
719 3766 780 3822 in
806 3765 1122 3840 integrum,
1156 3783 1259 3822 nec
1290 3784 1403 3823 non
1443 3768 1887 3839 dominicatum,
1925 3774 2078 3844 quod

436 3856 692 3914 adhaeret
720 3855 877 3930 regio
908 3873 1112 3928 campo
1146 3857 1217 3912 ab
1244 3858 1560 3925 occidente,
1593 3860 1664 3915 ad
1697 3861 2021 3930 meridiem,
2047 3881 2081 3918 a

435 3944 833 4016 septentrione
861 3949 918 4000 et
950 3945 1168 4001 oriente
1229 3946 1629 4002 circumdatur
1687 3948 1776 4003 via
1818 3948 2076 4020 publica.

433 4035 715 4089 Praterea
735 4033 904 4102 juxta
933 4033 1175 4088 ﬂuvium
1209 4035 1524 4104 Munionis,
1567 4037 1784 4092 fundus
1829 4055 2080 4111 magnus

433 4121 687 4177 habetur
734 4121 913 4191 hujus
961 4122 1213 4178 ecclesia
1272 4124 1564 4196 proprius,
1612 4125 1774 4182 Alios
1831 4128 2080 4200 denique

427 4211 582 4281 duos
615 4209 825 4264 fundos
856 4225 1105 4281 quorum
1163 4229 1316 4267 unus
1370 4214 1597 4283 positus
1643 4218 1734 4270 est
1761 4215 2076 4284 Carditulo,

436 4297 583 4355 alter
630 4299 914 4366 Junkero,
946 4299 1045 4371 qui
1098 4300 1425 4356 retinentur
1455 4303 1764 4374 nepotibus
1796 4305 2081 4361 Teuzonis

435 4387 652 4454 clerici,
687 4391 1090 4443 monstramus
1144 4389 1374 4460 proprie
1426 4392 1497 4446 ad
1550 4393 1806 4464 regimen
1829 4395 2078 4464 praefata

433 4475 704 4533 Ecclesiae
756 4477 1037 4533 retineri:
1082 4494 1253 4533 mons
1302 4480 1487 4534 sancti
1523 4481 1818 4536 Laurentii
1852 4482 1950 4551 qui
2011 4500 2080 4539 ex

2177 1903 2337 1958 vivos
2357 1899 2843 1974 terradeglutivit.
2876 1901 3155 1955 Praterea
3183 1901 3249 1952 ut
3289 1896 3410 1951 hac
3458 1894 3676 1968 pagina
3702 1893 3830 1966 pie-

2177 2008 2312 2048 nam
2344 1992 2518 2047 fidem
2551 1989 2938 2063 prasentibus
2961 2005 3064 2044 seu
3095 1987 3272 2043 etiam
3305 1985 3554 2056 posteris
3574 1988 3827 2050 astruat,

2179 2086 2238 2137 et
2266 2081 2511 2153 propria
2542 2096 2757 2135 manus
2770 2076 3216 2148 subscriptione,
3239 2078 3298 2129 et
3315 2072 3616 2146 apostolici
3649 2072 3834 2145 sigilli

2181 2169 2541 2225 munivimus
2577 2167 2980 2240 impressione.

2180 2275 2471 2315 CONFIRMA
2512 2273 2640 2324 HOC,
2683 2273 2850 2324 DEUS,
2893 2271 3048 2318 QUOD
3087 2266 3383 2308 OPEBATUS
3421 2267 3485 2306 BS
3531 2267 3590 2306 IN
3630 2266 3829 2306 κοειιε.

2179 2349 2298 2422 Ego
2331 2353 2582 2416 Brunus,
2615 2343 3006 2402 Pranestinus
3036 2342 3370 2415 episcopus,
3401 2340 3499 2396 SS.

2181 2439 2298 2512 Ego
2330 2438 2551 2504 Petrus,
2583 2437 2855 2492 Peccator
2884 2431 3230 2498 monachus,
3252 2431 3352 2486 SS.

2181 2537 2299 2610 Ego
2328 2536 2557 2600 Petrus,
2589 2530 2998 2588 Lavicanensis
3019 2529 3349 2603 episcopus,
3381 2527 3482 2584 SS.

2180 2627 2296 2697 Ego
2328 2623 2681 2690 Bonifacius,
2707 2619 3053 2677 Albanensis
3081 2619 3410 2692 episcopus,
3439 2616 3538 2672 SS.

2181 2716 2301 2787 Ego
2331 2711 2686 2780 Desiderius,
2720 2710 3026 2783 presbyter
3055 2705 3372 2764 cordinalis
3403 2704 3676 2761 Romana
3719 2703 3840 2759 Ec-

2185 2803 2396 2869 clesia,
2426 2802 2528 2857 SS.

2255 2892 2470 2947 Datum
2509 2888 2806 2945 Florentia
2850 2903 2955 2943 xm
3000 2885 3126 2942 Kal.
3188 2883 3483 2948 Februari,
3511 2880 3696 2937 'anno
3757 2883 3842 2938 ab

2187 2979 2589 3038 Incarnatione
2622 2977 2852 3032 Domini
2914 2976 3069 3042 1060,
3128 2989 3232 3047 per
3269 2989 3480 3028 manus
3522 2971 3842 3028 Humberti

2185 3072 2410 3127 Sanctae
2442 3066 2705 3122 Ecclesia
2727 3065 2909 3138 Sylva
2929 3062 3200 3122 Candida
3231 3060 3484 3134 episcopi
3515 3063 3572 3115 et
3599 3064 3843 3131 aposto-

2187 3159 2311 3214 lica
2343 3157 2497 3214 sedis
2529 3153 2975 3218 bibliothecarii,
3008 3169 3161 3210 anno
3209 3151 3397 3224 primo
3434 3149 3634 3206 domui
3668 3164 3842 3221 papa

2186 3247 2405 3304 Nicolai
2441 3246 2509 3311 II,
2542 3244 2859 3300 indictione
2888 3260 3011 3298 xm.

2224 3444 2390 3498 Bulla
2418 3441 2630 3497 Nicolai
2655 3441 2707 3496 II
2727 3454 2892 3512 papae
2910 3349 3326 3510 ἔχιῐῗιληοηὶίλδ
3351 3436 3798 3491 Ρίδαιινεηείὺαε.

2824 3529 3011 3601 {Anno
3043 3527 3224 3597 4060).

2190 3622 2493 3695 [Οιινιειιῃ
2527 3619 2784 3695 Memoria
2809 3634 2908 3695 per
2938 3618 2993 3672 la
3037 3616 3230 3695 s_toria-
3253 3613 3639 3695 detlfz‘AChjes‘a
3672 3618 3838 3669 Pesc-

2437 3707 2555 3747 rese
2582 3691 2673 3747 ne!
2701 3686 2872 3746 sectile
2901 3705 3024 3744 xm.
3049 3688 3280 3754 Pesaro,
3314 3687 3473 3754 1779,
3506 3686 3608 3756 l'.)

2259 3782 2547 3840 NICOLAUS
2579 3778 2909 3851 episcopus,
2943 3793 3144 3832 servus
3173 3791 3474 3831 servorum
3531 3773 3654 3841 Dei,
3690 3773 3837 3830 dile-

2190 3871 2297 3926 ctis
2326 3869 2386 3924 in
2417 3869 2646 3926 Christo
2677 3867 2813 3923 ﬁliis
2852 3867 3072 3922 Unsom
3127 3863 3439 3920 venerabili
3497 3862 3835 3936 praeposito,

2188 3959 2528 4030 caterisque
2560 3956 2856 4013 canonicis
2888 3959 3102 4012 sancta
3138 3953 3528 4010 Pisauriensis
3573 3952 3838 4009 ecclesia

2188 4063 2509 4119 eorumque
2540 4045 2979 4102 successoribus
3009 4043 3229 4100 ibidem
3248 4042 3492 4099 victuris
3531 4041 3591 4098 in
3621 4057 3839 4114 perpe-

2187 4143 2381 4195 tuum.

2258 4226 2530 4282 Debitum
2560 4224 2886 4281 commissa
2919 4223 3088 4280 nobis
3119 4221 3535 4295 speculationis
3569 4221 3842 4293 exsequi-

2192 4333 2326 4371 mur
2349 4314 2398 4370 si
2431 4313 2543 4386 piis
2575 4317 2631 4369 et
2660 4309 3250 4368 venerabilibuslocis
3271 4314 3605 4383 opportuna
3645 4325 3846 4365 muni-

2189 4403 2348 4460 mina
2379 4407 2582 4459 contra
2606 4401 2969 4458 sacularium
2992 4400 3247 4472 impetus
3283 4399 3845 4473 providemus.0ua-

2188 4497 2422 4565 propter
2442 4492 2499 4545 in
2514 4489 2805 4546 canonica
2828 4489 3285 4545 conversationis
3319 4489 3620 4562 proposito
3661 4488 3840 4560 proﬁ-

433 4583 550 4656 Ψιο
581 4565 760 4656 latere
789 4566 1154 4656 ΡῐῖΟΧίωᾶῑυΡ
1184 4573 1347 4623 terra?
1365 4569 1561 4624 Sancti
1591 4571 1856 4638 Joannis,
1875 4588 1943 4627 6X
1965 4572 2076 4628 81ίο
2107 4593 2154 4656 D
2185 4598 2313 4638 cere
2333 4585 2388 4637 et
2410 4595 2773 4652 perseverare
2791 4596 2892 4634 vos
2914 4578 3280 4650 cupientes...
3310 4577 3611 4650 petitionis
3631 4582 3838 4633 vestra

434 4655 629 4711 Sancti
662 4654 913 4722 Romuli,
973 4656 1142 4712 tertio
1198 4656 1420 4712 Sancta
1476 4658 1668 4714 Maria
1709 4660 1830 4730 juri
1870 4665 2077 4717 vestra
2107 4654 2140 4656 _
2183 4676 2444 4726 tenorem
2493 4669 2791 4741 prafatam
2851 4666 3191 4722 canonicam
3253 4671 3312 4722 et
3366 4683 3469 4722 vos
3521 4671 3838 4738 vestraque

431 4741 700 4798 Ecclesia
731 4743 1086 4800 conceditur.
1128 4746 1367 4802 Fundus
1414 4747 1704 4819 siquidem
1763 4749 1821 4803 in
1881 4755 2080 4806 monte

431 4831 668 4902 Ugonis,
695 4833 921 4903 positus
939 4833 1209 4890 similiter
1229 4837 1432 4892 ditioni
1466 4842 1796 4896 memorata
1818 4840 2076 4896 ecclesia

431 4919 832 4991 consignatur,
871 4921 990 4977 hac
1021 4941 1151 4978 vero
1175 4926 1372 4981 omnia
1410 4932 1818 4984 summotenus
1849 4946 2074 4984 memo-

430 5008 713 5064 ravimus.
729 5009 809 5064 Ne
825 5009 956 5082 quis
970 5015 1159 5067 tamen
1176 5015 1403 5072 dubitet
1421 5016 1603 5082 multo
1618 5017 1904 5089 ampliora
1935 5035 2074 5089 pra-

429 5097 524 5154 dia
557 5097 678 5152 hac
699 5097 943 5153 ecclesia
965 5117 1079 5155 non
1114 5102 1378 5170 detineri,
1412 5105 1770 5161 absolvimus
1801 5111 2074 5178 praterea

425 5187 795 5260 liberumque
817 5190 1086 5244 eumdem
1111 5193 1496 5249 venerabilem
1529 5195 1724 5250 locum
1756 5196 2073 5267 apostolica

427 5275 729 5332 sanctione
758 5277 1066 5348 persistere
1087 5279 1390 5351 jubemus,
1417 5301 1521 5338 nec
1551 5283 1720 5339 liceat
1750 5284 1922 5339 alicui
1955 5303 2072 5342 ma-

425 5380 549 5436 gna
575 5383 877 5438 parvaque
906 5385 1161 5439 persona
1185 5369 1402 5426 ibidem
1434 5373 1710 5427 canonice
1727 5379 2071 5446 aggregatos

425 5451 666 5508 clericos
696 5454 1077 5513 dehonestare
1107 5464 1163 5514 et
1193 5459 1521 5531 placitando
1541 5461 1816 5517 infestare
1847 5463 1934 5517 vel
1969 5467 2068 5520 de-

425 5539 616 5595 bitum
648 5542 930 5600 tributum
965 5547 1036 5601 ab
1063 5547 1144 5602 eis
1172 5549 1397 5621 exigere
1421 5565 1518 5604 seu
1541 5549 1738 5622 aliqua
1765 5553 2069 5611 occasione

425 5629 505 5685 ibi
535 5647 569 5686 a
615 5631 784 5688 nobis
826 5638 926 5690 aut
953 5635 1247 5706 aliquibus
1288 5638 1559 5696 ﬁdelibus
1611 5657 1702 5697 res
1761 5659 2067 5702 concessas

2195 4759 2394 4816 omnia
2425 4759 2534 4814 sub
2594 4761 2808 4812 nostra
2839 4755 3194 4812 defensionis
3237 4755 3422 4812 tutela
3449 4755 3837 4828 suscipimus,

2187 4852 2245 4904 et
2266 4846 2551 4919 quidquid
2587 4846 2656 4902 ad
2691 4861 2947 4917 praesens
2974 4844 3032 4899 in
3057 4844 3291 4918 scriptis
3319 4843 3408 4900 vel
3439 4843 3567 4900 sine
3599 4843 3834 4916 scriptis

2176 4938 2338 5007 juste
2366 4941 2423 4991 et
2478 4934 2744 5007 legaliter
2786 4934 3017 4989 videtur
3063 4934 3298 5002 habere,
3357 4939 3461 4989 aut
3516 4934 3575 4988 in
3637 4933 3834 4988 futuro

2184 5041 2533 5098 quocunque
2559 5023 2731 5079 modo
2781 5023 3058 5079 humanis
3117 5027 3173 5078 et
3227 5022 3442 5078 divinis
3474 5021 3711 5095 legibus
3741 5039 3831 5078 co-

2181 5115 2341 5187 gnito
2364 5114 2620 5187 potuerit
2650 5111 2948 5184 acquirere
2967 5127 3071 5184 per
3098 5112 3277 5182 huius
3310 5111 3494 5168 nostri
3543 5110 3827 5184 pri-viiegii

2180 5203 2454 5276 paginam
2487 5203 2546 5257 in
2573 5205 2916 5274 perpetuum
2945 5202 3384 5257 conﬁrmamus.
3417 5201 3478 5256 Id
3508 5205 3595 5257 est
3629 5200 3828 5256 Domi-

2181 5291 2435 5347 nicatam
2468 5292 2711 5346 domum
2727 5290 2897 5360 juxta
2917 5289 3235 5345 Ecclesium
3263 5289 3420 5345 intra
3451 5289 3829 5356 civitatem,et

2180 5396 2310 5452 qua
2336 5384 2530 5438 vestra
2561 5378 2714 5434 circa
2769 5395 2898 5434 eam
2958 5384 3119 5446 sunt,
3150 5383 3207 5434 et
3261 5377 3580 5434 Ecclesiam
3642 5375 3821 5434 sancti

2177 5469 2490 5525 Clementis
2508 5483 2643 5524 cum
2666 5467 2944 5523 omnibus
2975 5468 3100 5524 suis
3131 5467 3523 5540 pertinentiis,
3556 5471 3614 5522 et
3663 5482 3820 5523 man-

2179 5575 2310 5614 sum
2342 5574 2519 5629 quem
2546 5556 2964 5614 Constantinus
2996 5555 3154 5614 ﬁlius
3201 5557 3498 5630 quondam
3549 5557 3822 5612 Constan-

2176 5647 2282 5704 tini
2315 5647 2564 5720 prafata
2596 5645 2884 5704 canonica
2913 5645 3216 5720 delegavit,
3261 5662 3485 5705 necnon
3534 5650 3592 5703 et
3632 5643 3816 5703 omnia
