4138 6186
279 359 440 440 188!

1448 355 1858 424 EPISTOLE
1885 353 2002 422 ET
2040 352 2521 424 DI‘PLOMATA.

3527 362 3684 430 1338

285 512 415 570 qua
436 495 565 568 jam
595 493 752 552 dicta
773 494 1056 552 canonica
1085 491 1349 552 noscitur
1376 492 1610 563 habere,
1645 491 1932 563 autfdein-
1959 491 2015 558 Α
2041 489 2240 546 lumus
2271 492 2617 547 auctoritate
2646 491 2984 564 apostolica,
3035 495 3391 556 contulimus
3434 503 3492 557 et
3535 517 3679 573 pra-

284 602 420 659 ceps
450 584 903 657 quibuscumque
931 583 1121 640 modis
1156 584 1318 655 juste
1349 587 1408 639 et
1434 581 1697 654 legaliter
1726 581 1926 654 acqui-

284 679 373 732 rat
400 679 525 731 tam
550 675 610 729 in
641 673 922 739 ecclesiis,
955 673 1128 738 casis,
1158 671 1354 737 terris,
1407 670 1614 739 vineis,
1657 687 1836 742 quam
1867 670 1927 724 in

286 763 551 832 decimis,
576 762 870 835 primitiis,
895 761 1290 818 oblationibus
1308 760 1571 816 vivorum
1595 763 1652 815 et
1671 763 1930 816 mortuo-

287 867 464 922 rum,‘
496 869 645 925 quas
675 851 749 907 ab
795 851 926 923 ipsa
977 851 1219 906 matrice
1265 853 1461 906 vestra
1511 848 1789 914 Ecclesia,
1831 852 1933 904 aut

287 943 679 1013 undecunque
709 940 922 995 habere
952 938 1196 1004 debetis,
1247 938 1414 994 vobis
1443 938 1770 1009 vestrisque
1799 953 1931 992 suc-

288 1029 619 1088 cessoribus
649 1027 878 1096 deinde,
911 1033 979 1083 ut
1009 1045 1191 1099 supra
1219 1027 1441 1082 dictum
1494 1030 1602 1095 est,
1635 1042 1933 1082 conversa-

286 1120 461 1190 turis,
494 1119 556 1174 in
585 1122 933 1191 perpetuum
964 1118 1406 1184 conﬁrmamus,
1425 1119 1482 1171 et
1513 1133 1613 1188 per
1637 1115 1817 1186 hujus
1840 1131 1936 1169 no-

289 1213 424 1266 stra
436 1206 878 1264 constitutionis
893 1205 1168 1279 paginam
1180 1204 1936 1270 corroboramus.Quocirca

291 1297 610 1370 apostolica
630 1295 975 1353 auctoritate
1005 1295 1319 1352 statuimus
1343 1299 1407 1350 ut
1432 1293 1594 1349 nullo
1615 1295 1934 1365 cujuscun-

292 1403 406 1460 que
437 1385 659 1442 ordinis
685 1387 787 1441 aut
806 1383 1107 1458 dignitatis
1129 1383 1524 1439 ecclesiastica
1543 1382 1826 1448 videlicet,
1848 1381 1937 1436 vel

293 1475 590 1544 sacularis
646 1489 860 1547 magna
923 1488 1218 1544 parvaque
1275 1488 1544 1544 persona,
1600 1471 1934 1544 praedictam

293 1565 658 1629 canonicam,
703 1579 805 1619 seu
835 1578 937 1618 vos
981 1565 1320 1632 vestrosque
1349 1577 1718 1617 successores
1750 1577 1932 1632 qua...

291 1655 508 1712 audeat
536 1652 840 1708 disvestire
869 1651 940 1706 de
967 1649 1137 1706 bonis
1185 1650 1311 1705 suis
1359 1649 1448 1704 vel
1496 1649 1767 1721 spoliare,
1813 1648 1940 1704 sine

293 1741 650 1800 canonicalis
692 1745 794 1798 aut
821 1738 1024 1795 localis
1047 1738 1290 1810 judiciis
1344 1738 1663 1794 sanctione.
1715 1737 1775 1793 Si
1805 1738 1939 1809 quis

292 1833 478 1906 igitur
500 1831 681 1887 nostri
700 1829 882 1901 hujus
903 1829 1106 1884 statuti
1124 1827 1769 1884 edictum...temerario
1791 1843 1941 1882 ausu

293 1921 612 1994 infringere
633 1917 1092 1992 praesumpserit,
1122 1920 1179 1972 et
1199 1915 1601 1972 ecclesiastica
1617 1915 1937 1972 institutio-

294 2011 388 2066 nis
423 2025 584 2065 more
605 2007 1000 2063 commonitus
1021 2005 1333 2060 emendare
1353 2004 1943 2076 contempserit,sciat

294 2115 358 2155 se
388 2094 783 2154 anathematis
811 2092 1042 2148 vinculo
1072 2091 1477 2148 innodandum
1507 2096 1565 2147 et
1585 2093 1785 2146 decem
1814 2091 1942 2147 auri

292 2187 543 2243 libras...
569 2183 1058 2256 compositurum,
1095 2179 1467 2236 medietatem
1495 2180 1746 2252 praefata
1769 2197 1941 2236 cano-

292 2276 461 2344 nica,
496 2279 552 2331 et
579 2273 949 2330 medietatem
981 2287 1144 2326 sacro
1166 2272 1366 2325 nostro
1387 2268 1764 2325 Lateranensi
1788 2269 1944 2341 pala-

293 2363 398 2420 tio.
446 2365 554 2430 Qui
580 2378 715 2419 vero
745 2362 855 2418 hoc
913 2363 1149 2433 propter
1178 2357 1559 2414 reverentiam
1616 2357 1943 2432 apostolica

294 2453 456 2510 sedis
468 2451 717 2508 ﬁdeliter
737 2448 1488 2514 observaverit,sanctorum
1518 2447 1791 2519 precibus
1807 2463 1941 2518 pos-

297 2559 498 2600 sessor
526 2542 604 2598 sit
632 2541 798 2613 regni
823 2537 1097 2595 caelestis.

370 2632 526 2687 Bene
552 2630 754 2686 valete.

334 2737 631 2777 CONFIRMA
659 2735 788 2783 HOC,
819 2733 987 2785 θεοῦ,
1017 2731 1172 2779 QUOD
1211 2730 1504 2771 OPERATUS
1533 2730 1598 2770 ES
1628 2732 1689 2770 IN
1721 2731 1908 2772 NOBIS.

371 2810 588 2865 Datum
619 2807 758 2864 Fani
789 2824 846 2862 χι
890 2805 1014 2862 Kal.
1053 2803 1184 2859 Maii
1215 2819 1370 2859 anno
1401 2804 1542 2859 ab...
1589 2803 1761 2860 Verbi
1785 2805 1944 2872 1060,

301 2915 406 2972 per
421 2913 634 2953 manus
655 2895 959 2952 Humberti
980 2898 1196 2950 sancta
1212 2892 1478 2950 Ecclesia
1496 2891 1661 2948 Silva
1679 2894 1948 2950 Candida

301 2986 563 3060 episcopi
592 2990 650 3042 et
677 2984 1008 3057 apostolica
1032 2983 1188 3040 sedis
1207 2981 1656 3049 bibliothecarii,
1691 2997 1843 3038 anno
1865 3000 1950 3038 se-

301 3077 497 3140 cundo
526 3074 901 3147 pontiﬁcatus
931 3072 1130 3129 domni
1153 3087 1314 3144 papa
1336 3070 1555 3126 Nicolai
1582 3072 1844 3139 secundi,
1866 3072 1951 3128 in-

302 3164 561 3222 dictione
587 3179 710 3219 xm.

1065 3231 1188 3288 XIX

300 3325 562 3382 Nicotaus
591 3324 639 3381 II
691 3324 977 3394 conﬁrmat
1021 3321 1405 3394 fundatiomem
1459 3320 1690 3394 abbatia
1737 3319 1795 3394 S.
1844 3323 1952 3394 Pee

378 3399 455 3454 tri
505 3398 560 3452 in
610 3395 744 3451 urbe
794 3393 1086 3463 lgerensi,
1120 3401 1172 3448 et
1218 3393 1512 3464 privilegia
1561 3393 1833 3448 nonnulla
1885 3393 1954 3448 ad

378 3468 619 3542 ejusdem
641 3467 948 3542 libertatem
975 3465 1235 3542 concedit.

931 3537 1123 3607 (Anno
1157 3535 1339 3606 1060.)

790 3606 1224 3685 [Οοᾳφειικει
1253 3607 1296 3673 Ι,
1331 3606 1478 3677 404.]

379 3699 674 3756 Νιεοωῠε
702 3696 1038 3770 episcopus,
1069 3712 1270 3752 servus
1300 3710 1598 3751 servorum
1621 3694 1745 3764 Dei,
1767 3695 1953 3751 omni-

305 3791 423 3846 bus
449 3788 682 3844 clericis
715 3785 993 3843 canonice
1020 3785 1352 3841 viventibus
1369 3787 1426 3840 et
1443 3783 1684 3841 victuris
1705 3784 1763 3839 in
1780 3784 1958 3842 eccle-

308 3879 420 3947 sia,
454 3894 584 3950 qua
614 3880 705 3933 est
736 3879 1072 3933 constructa
1100 3876 1171 3930 ad
1211 3874 1492 3930 honorem
1541 3874 1727 3930 sancti
1779 3874 1956 3946 Petri,

312 3966 717 4041 apostolorum
749 3964 1032 4038 principis
1063 3963 1123 4019 in
1154 3962 1432 4034 Agerensi
1464 3967 1674 4032 castro,
1708 3962 1958 4019 salutem

310 4063 367 4113 et
397 4055 862 4114 benedictionem
893 4053 954 4109 in
986 4056 1354 4126 perpetuum.

371 4146 527 4210 Quia
553 4144 616 4200 in
647 4143 965 4200 commissa
1019 4140 1189 4197 nobis
1249 4139 1637 4195 Ecclesiarum
1667 4140 1770 4195 Dei
1817 4157 1960 4196 cura

307 4231 560 4290 sollicite
600 4231 770 4288 nobis
815 4235 907 4286 est
947 4228 1331 4303 vigilandum,
1382 4227 1628 4299 dignum
1676 4231 1733 4283 et
1778 4228 1956 4284 hone-

308 4322 646 4380 stissimum
679 4320 850 4376 nobis
872 4319 1103 4375 videtur
1133 4321 1197 4372 ut
1225 4315 1502 4372 omnibus
1543 4316 1640 4372 Dei
1687 4316 1958 4374 Ecclesiis

309 4410 648 4478 subvenire,
680 4409 1012 4474 defendere,
1037 4405 1305 4463 auxiliari
1335 4409 1392 4461 et
1411 4421 1624 4478 augere
1645 4423 1760 4462 non
1782 4407 1961 4463 desis-

302 4504 528 4556 tamus.
553 4499 918 4569 Quapropter
937 4495 1245 4552 ecclesiam
1277 4492 1476 4549 Sancti
1508 4493 1660 4550 Petri
1693 4510 1818 4565 qua
1849 4495 1961 4550 sita

2038 579 2287 651 cipimus
2310 584 2374 634 ut
2403 579 2722 636 inviolabili
2753 582 2948 655 vigore
2969 583 3180 641 habeat
3207 587 3491 660 quidquid
3513 607 3685 647 cano-

2037 668 2165 724 nice
2195 673 2253 724 et
2274 671 2435 739 juste
2486 669 2592 725 tibi
2619 671 2758 726 dare
2796 688 3108 742 possumus
3155 675 3213 730 in
3272 677 3683 736 ecclesiasticis

2039 762 2096 813 et
2127 759 2442 814 mundanis
2475 761 2648 814 rebus
2675 779 2686 828 ;
2719 760 2801 816 ita
2821 765 2885 816 ut
2915 762 3109 818 nullus
3140 765 3449 838 episcopus
3478 767 3564 823 vel
3582 768 3680 823 ali-

2041 847 2174 918 quis
2205 864 2347 902 suus
2382 849 2622 904 nuntius
2639 854 2739 904 aut
2761 851 3036 922 qualibet
3058 852 3170 908 alia
3190 870 3445 925 persona
3465 873 3497 910 a
3519 857 3682 913 cleri-

2042 936 2124 992 cis
2153 936 2372 992 ibidem
2403 938 2862 994 deservientibus
2925 940 3161 1013 aliquod
3211 945 3532 1012 servitium,
3586 953 3687 1002 aut

2042 1025 2335 1081 redditum
2369 1027 2578 1098 exigat,
2613 1028 2698 1083 vel
2731 1029 3154 1100 subjectionem
3179 1032 3438 1104 aliquam
3470 1036 3540 1090 de
3561 1053 3683 1091 om-

2044 1115 2239 1182 nibus,
2275 1131 2403 1186 qua
2452 1133 2605 1171 nunc
2653 1117 2850 1185 habet,
2881 1119 2968 1173 vel
3000 1119 3272 1177 habitura
3301 1126 3408 1192 est,
3443 1127 3508 1178 ut
3539 1124 3684 1180 nulli

2045 1203 2315 1274 episcopo
2347 1202 2518 1258 liceat
2548 1205 2797 1276 praefata
2829 1206 3083 1262 ecclesia
3133 1209 3394 1266 divinum
3426 1212 3685 1268 ofﬁcium

2045 1291 2374 1363 prohibere,
2406 1297 2509 1347 aut
2538 1294 2608 1348 de
2655 1293 2880 1350 clericis
2922 1297 3140 1352 ibidem
3191 1301 3688 1358 commorantibus

2047 1396 2403 1452 quemquam
2434 1383 2958 1451 excommunicare,
2986 1391 3087 1440 aut
3107 1387 3199 1442 sui
3222 1388 3394 1444 ofﬁcii
3429 1391 3689 1460 persolu-

2045 1469 2262 1525 tionem
2297 1471 2659 1541 perturbare,
2711 1475 2813 1527 aut
2858 1473 3087 1545 aliquos
3134 1491 3311 1532 causa
3357 1480 3689 1534 conversio-

2049 1559 2140 1614 nis
2168 1559 2518 1630 pcenitentia
2550 1561 2621 1616 ad
2655 1577 2788 1616 eum
2819 1562 3117 1618 venientes
3145 1564 3232 1620 vel
3257 1565 3518 1622 divinum
3559 1568 3693 1623 ofﬁ-

2049 1647 2202 1703 cium
2235 1647 2538 1704 audituros
2566 1648 2655 1703 vel
2681 1649 2898 1705 ibidem
2922 1668 3316 1721 remansuros,
3343 1655 3414 1709 ab
3437 1672 3504 1712 ea
3523 1673 3694 1727 sepa-

2050 1753 2198 1805 rare,
2259 1741 2361 1792 aut
2429 1733 2804 1807 interdicere,
2855 1739 2943 1795 vel
2999 1744 3408 1814 quoquomodo
3466 1744 3692 1815 ladere,

2049 1829 2340 1897 quatenus
2371 1828 2806 1898 perturbatione
2835 1831 2992 1885 omni
3027 1835 3248 1888 remota
3275 1832 3335 1887 in
3387 1833 3549 1890 nullo
3580 1835 3697 1890 imo

2055 1914 2364 1986 pediantur
2435 1917 2708 1972 canonice
2784 1919 3057 1985 viventes,
3131 1921 3244 1976 nisi
3313 1922 3478 1991 forte,
3539 1925 3694 1995 quod

2054 2003 2241 2059 absit!
2272 2009 2476 2060 contra
2505 2007 2786 2062 canonica
2836 2008 3106 2064 instituta
3154 2009 3213 2064 in
3255 2027 3431 2066 suum
3473 2012 3695 2084 episco-

2055 2109 2195 2164 pum
2229 2091 2452 2164 aliquid
2488 2095 2723 2163 faciant,
2757 2097 2912 2152 unde
2941 2097 3051 2152 hoc
3081 2097 3303 2170 perpeti
3329 2101 3596 2156 debeant.
3631 2101 3700 2156 Et

2054 2179 2331 2236 volumus
2362 2198 2490 2247 nos,
2541 2187 2598 2238 et
2642 2186 2985 2240 auctoritate
3035 2186 3435 2258 apostolorum
3476 2189 3696 2261 princi-

2055 2285 2197 2340 pum
2231 2269 2380 2324 Petri
2415 2270 2576 2326 Pauli
2605 2277 2662 2328 et
2691 2272 3232 2344 ﬁrmiterjubemus
3265 2281 3328 2331 ut
3366 2293 3570 2334 omnes
3600 2294 3698 2335 ec-

2055 2355 2286 2424 clesias,
2309 2358 2507 2425 cellas,
2532 2363 2587 2415 et
2614 2361 2830 2432 pradia
2861 2363 3109 2433 praefata
3132 2363 3386 2420 ecclesia
3407 2366 3699 2433 omnium,

2057 2462 2183 2516 qua
2203 2447 2374 2503 modo
2387 2448 2580 2516 habet,
2602 2454 2658 2504 et
2674 2449 2946 2506 habitura
2961 2456 3050 2507 est
3065 2451 3125 2508 in
3148 2458 3493 2525 perpetuum
3509 2454 3702 2526 quiete

2057 2534 2270 2590 habeat
2299 2540 2357 2591 et
2413 2537 2727 2608 possideat,
2780 2545 2836 2594 ct
2891 2539 3035 2596 nulli
3089 2541 3346 2598 ecclesia
3399 2559 3518 2598 sua
3577 2541 3703 2599 sine

2058 2624 2232 2697 culpa
2278 2625 2618 2683 clericorum
2672 2633 2875 2684 contra
2897 2630 3068 2700 jussa
3113 2647 3403 2686 canonum
3437 2630 3700 2686 divinum

2058 2713 2317 2770 ofﬁcium
2350 2715 2749 2786 prohibeatur,
2783 2721 2886 2772 aut
2916 2719 3470 2775 excommunicetur.

2129 2805 2460 2858 Statuentes
2475 2804 2790 2874 apostolica
2801 2821 3048 2862 censura
3070 2807 3440 2864 decernimus
3460 2812 3526 2864 ut
3543 2807 3705 2864 nulla

2059 2906 2311 2961 persona
2341 2908 2516 2962 parva
2545 2891 2630 2947 vel
2657 2909 2869 2965 magna
2889 2893 3115 2950 nullum
3139 2890 3383 2952 censum
3405 2897 3476 2953 ab
3501 2899 3704 2954 eadem

2061 2977 2305 3034 ecclesia
2336 2995 2470 3034 cum
2521 2980 2794 3036 omnibus
2841 2983 2953 3037 sibi
3002 2984 3431 3055 pertinentibus
3481 2986 3706 3060 exigere

2063 3071 2397 3138 prasumat,
2425 3067 2512 3124 vel
2544 3069 2780 3138 habeat,
2812 3071 2922 3126 nisi
2956 3073 3221 3130 Romana
3253 3074 3530 3143 Ecclesia,
3579 3093 3706 3148 qua

2061 3156 2274 3214 habeat
2303 3174 2406 3228 per
2434 3158 2910 3230 quinquennium
2962 3177 3205 3218 censum
3236 3163 3437 3219 decem
3486 3163 3707 3220 solidos

1980 3235 2022 3300 C
2063 3260 2291 3301 aureos.
2327 3247 2442 3301 Iste
2473 3251 2531 3302 et
2559 3248 2874 3317 Arnaldus,
2907 3250 2997 3305 vir
3026 3251 3548 3323 prudentissimus,
3572 3269 3706 3308 cum

2063 3351 2171 3390 sua
2199 3351 2376 3391 uxore
2406 3340 2463 3391 et
2495 3336 2634 3404 ﬁlio,
2683 3341 2740 3393 et
2784 3339 3032 3410 posteris
3063 3341 3132 3395 de
3163 3359 3271 3397 sua
3301 3341 3575 3414 progenie
3603 3342 3707 3397 ha-

2064 3424 2198 3479 beat
2237 3424 2475 3496 dignam
2521 3426 2945 3498 subjectionem
2977 3433 3035 3486 et
3084 3430 3385 3497 honorem,
3435 3447 3502 3487 eo
3552 3432 3708 3504 quod

2065 3512 2167 3568 Dei
2199 3513 2413 3570 auxilio
2435 3513 2765 3572 liberaverit
2802 3521 3018 3574 terram
3045 3518 3207 3574 illam
3240 3521 3311 3576 de
3342 3524 3625 3592 potestate
3653 3524 3710 3576 et

2065 3617 2256 3657 errore
2277 3605 2698 3674 Agarenorum,
2731 3609 2788 3662 et
2815 3606 2985 3663 liceat
3014 3607 3097 3663 eis
3129 3608 3397 3665 ordinare
3434 3609 3707 3665 abbatem

2058 3690 2125 3754 _in
2152 3708 2332 3763 supra
2352 3693 2508 3748 dicta
2529 3693 2776 3751 ecclesia
2796 3696 3119 3752 secundum
3143 3713 3312 3752 suam
3328 3696 3706 3765 voluntatem,

2068 3795 2242 3852 quem
2275 3797 2598 3852 congruum
2630 3786 2686 3838 et
2712 3783 2988 3839 idoneum
3019 3788 3075 3839 et
3105 3783 3336 3839 servitio
3362 3784 3465 3839 Dei
3505 3789 3709 3856 aptum

2066 3868 2192 3940 ipse
2220 3885 2352 3924 cum
2376 3869 2599 3926 clericis
2619 3870 2872 3927 ecclesia
2893 3871 3089 3928 Sancti
3118 3872 3268 3928 Petri
3293 3872 3566 3929 canonice
3593 3871 3710 3930 ele-

2068 3958 2279 4031 gerint.
2313 3959 2382 4013 Et
2412 3958 2609 4015 abbati
2635 3960 2923 4031 praedicta
2955 3960 3209 4018 ecclesia
3240 3961 3400 4018 nullo
3438 3962 3611 4018 modo
3640 3961 3710 4017 li-

2068 4049 2194 4101 ceat
2210 4046 2286 4101 de
2308 4046 2543 4118 pradiis
2559 4049 2702 4103 etde
2723 4048 2978 4106 castellis
3003 4051 3254 4107 vendere
3276 4052 3708 4124 quoquomodo,

2068 4138 2171 4190 aut
2200 4134 2454 4191 alineare
2475 4137 2548 4192 ad
2569 4137 2855 4194 damnum
2879 4138 3151 4196 ecclesia.
3178 4140 3239 4197 Si
3260 4142 3394 4214 quis
3413 4141 3596 4215 igitur
3609 4141 3715 4197 hu.

2061 4224 2165 4295 jus
2216 4225 2398 4280 nostri
2432 4225 2716 4300 privilegii
2770 4231 2991 4285 temere
3039 4229 3284 4285 violator
3329 4231 3615 4286 exstiterit
3657 4235 3716 4286 et

2069 4312 2330 4369 monitus
2362 4315 2637 4372 canonice
2666 4319 2980 4374 emendare
3011 4319 3446 4392 contempserit,
3478 4319 3623 4374 sciat
3653 4337 3714 4374 se

2070 4403 2367 4476 perpetuis
2379 4405 2770 4463 anathematis
2786 4408 3034 4464 vinculis
3047 4409 3390 4463 innodatum
3407 4413 3463 4463 et
3475 4408 3714 4479 insuper

2070 4497 2306 4548 centum
2336 4493 2618 4550 librarum
2651 4497 2777 4552 auri
2811 4514 2978 4568 pana
3008 4496 3401 4564 multandum,
3436 4495 3712 4551 medieta-

303 4588 488 4646 estin
520 4587 944 4660 pranominato
966 4588 1176 4653 castro,
1211 4584 1270 4638 in
1304 4582 1543 4639 tutelam
1576 4583 1762 4638 sancti
1805 4582 1955 4639 Petri
1986 4600 2034 4664 Ι)
2068 4585 2190 4638 tem
2217 4599 2380 4639 sacro
2427 4588 2624 4639 nostro
2657 4585 2892 4657 palatio,
2937 4589 2992 4641 et
3043 4585 3415 4640 medietatem
3465 4584 3712 4656 praefata

305 4681 366 4734 et
396 4675 815 4750 proprietatem
857 4672 1264 4750 suscipientes,
1297 4671 1572 4729 omnibus
1603 4672 1794 4729 modis
1826 4677 1953 4728 stu-

304 4766 447 4824 dere
474 4764 772 4833 volumus,
803 4762 988 4820 nostri
1036 4760 1384 4836 muniminis
1428 4759 1706 4832 prasidio
1727 4760 1956 4828 fultam,

302 4859 764 4925 nostrorumque
786 4866 1216 4918 successorum,
1241 4865 1473 4921 semper
1494 4865 1751 4918 manere,
1777 4867 1954 4922 quam

303 4961 376 5002 eo
407 4944 563 5017 quod
588 4942 924 5016 nuperrime
951 4941 1022 4996 de
1044 4942 1330 5013 potestate
1354 4954 1717 5011 paganorum
1741 4946 1797 4994 et
1815 4954 1956 5012 gen-

301 5033 542 5091 tilitatis
570 5048 768 5090 errore
787 5031 1069 5088 divinitus
1086 5028 1394 5085 liberatam
1420 5044 1523 5100 per
1542 5027 1955 5083 charissimum
2003 5036 2010 5041 ‘

305 5120 910 5180 nostrumArnaldum
924 5118 1359 5175 nobilissimum
1373 5120 1430 5172 et
1442 5116 1955 5190 religiosissimum

304 5213 524 5281 virum,
557 5211 928 5267 inimicorum
962 5207 1062 5264 Dei
1103 5212 1507 5279 Agarenorum
1556 5206 1956 5262 adversarium

305 5306 367 5358 et
394 5301 838 5367 debellatorem,
873 5297 1144 5355 novimus
1176 5314 1241 5352 ac
1272 5295 1526 5353 oblatam
1549 5295 1664 5352 Deo
1682 5300 1741 5352 et
1756 5299 1957 5352 sancto

303 5395 478 5448 Petro
510 5392 583 5447 ab
612 5391 816 5448 eodem
847 5393 906 5446 et
926 5389 997 5444 ab
1018 5403 1194 5443 uxore
1216 5403 1322 5442 suo
1341 5385 1590 5442 Arsendi
1611 5402 1715 5459 pro
1734 5386 1957 5442 redem-

307 5481 511 5555 ptione
540 5480 872 5538 animarum
925 5492 1164 5534 suarum
1196 5479 1254 5531 et
1282 5492 1317 5530 a
1345 5474 1654 5532 Guillelmo
1703 5475 1958 5532 ﬁliorum

306 5586 535 5639 eorum,
567 5573 625 5626 et
654 5585 758 5643 pro
789 5572 1013 5625 aterna
1059 5563 1457 5622 retributionis
1504 5565 1743 5638 pramio
1773 5565 1958 5621 susci-

309 5659 510 5733 pimus
541 5658 601 5716 in
655 5660 717 5716 S.
751 5657 906 5717 Petri
962 5655 1376 5730 proprietatem
1433 5659 1490 5712 et
1545 5660 1805 5714 nostram
1858 5673 1956 5713 vo-

2066 4671 2340 4728 ecolesia.
2373 4673 2480 4739 Qui
2513 4689 2643 4729 vero
2675 4675 2771 4746 pia
2819 4674 3121 4730 devotione
3168 4677 3537 4729 conservator
3586 4690 3715 4730 esse

2069 4761 2380 4826 studuerit,
2415 4765 2472 4817 et
2496 4763 2566 4817 de
2595 4779 2702 4818 suo
2733 4763 2955 4835 aliquid
2976 4762 3228 4834 prafata
3257 4760 3516 4819 ecclesia
3545 4762 3716 4820 dede-

2069 4849 2164 4916 rit,
2186 4850 2274 4906 vel
2297 4849 2578 4906 auxilium
2603 4851 2818 4919 fecerit,
2845 4852 3117 4924 precibus
3139 4851 3537 4926 apostolorum
3561 4853 3716 4925 prin-

2067 4939 2264 5011 cipum
2295 4939 2447 4994 Petri
2478 4945 2534 4994 et
2562 4939 2725 4995 Pauli
2757 4946 3130 5013 peccatorum
3162 4959 3403 4999 suorum
3442 4943 3711 4999 omnium

2066 5029 2140 5083 ab
2171 5028 2556 5100 omnipotenti
2590 5034 2700 5085 Deo
2722 5029 2972 5101 veniam,
2997 5036 3054 5088 et
3083 5037 3307 5090 aterna
3333 5032 3715 5089 beatitudinis

2069 5121 2462 5190 consequatur
2491 5117 2759 5190 gloriam.

2138 5206 2428 5278 Scriptum
2458 5225 2566 5280 par
2594 5225 2806 5265 manus
2837 5210 3158 5280 Octaviani,
3190 5208 3481 5267 scriniarii
3522 5212 3580 5263 et
3610 5225 3714 5264 no-

2066 5296 2201 5352 tarii
2232 5296 2380 5352 sacri
2409 5296 2633 5368 palatii,
2664 5298 2722 5353 in
2749 5316 2947 5356 mense
2968 5299 3150 5372 Aprili
3177 5303 3232 5356 et
3252 5297 3568 5354 indictione
3587 5315 3708 5355 xm.

2138 5385 2350 5440 Datum
2383 5389 2577 5442 Roma
2607 5405 2745 5444 xvm
2786 5389 2911 5444 Kal.
2941 5389 3100 5455 Maii,
3152 5403 3305 5443 anno
3339 5386 3410 5442 ab
3443 5387 3712 5444 lncarna-

2068 5474 2225 5530 tione
2253 5475 2393 5530 Jesu
2428 5476 2641 5533 Christi
2675 5479 2834 5544 1060,
2867 5478 3242 5550 pontiﬁcatus
3274 5477 3470 5534 domni
3494 5478 3711 5537 Nicolai

2068 5580 2232 5638 papa
2263 5567 2502 5622 secundi
2531 5585 2682 5626 anno
2715 5569 2989 5626 secundo.

2138 5655 2258 5726 Ego
2291 5654 2506 5726 Bruno,
2533 5659 2924 5720 Pranestinus
2955 5659 3283 5734 cpiscopus.
