4116 6188
489 345 647 412 1339
1843 336 2114 408 NICOLA

2197 338 2252 406 II
2293 338 2524 412 ΡΑΡΑΞ
3676 356 3785 426 mo

558 455 677 530 Ego
705 451 1021 524 Arnoldus,
1049 452 1320 512 Aretinus
1348 450 1677 528 episcopus.
2169 448 2226 518 Α
2253 452 2340 510 vel
2363 454 2477 514 alia
2507 455 2709 533 aliqua
2728 459 2976 534 persona
3003 475 3219 535 magna
3235 455 3320 519 vel
3339 476 3502 535 parva
3519 459 3711 537 aliquod
3734 465 3791 522 in.

556 547 675 620 Ego
703 545 1077 611 Cumbertus,
1107 542 1560 601 Taurinensium
1591 539 1826 616 prasul.
2245 540 2393 600 ferre
2425 553 2741 619 prasumat
2767 549 3182 607 detrimentum
3203 549 3288 607 vel
3306 557 3672 609 nocumentum
3693 571 3793 627 pre-

559 641 678 713 Ego
707 636 1041 701 Anselmus,
1065 633 1167 690 Dei
1190 631 1590 690 misericordia
1610 630 1889 688 Lucensis
1911 629 2134 702 episco-
2243 633 2398 691 dicto
2429 639 2784 696 monasterio
2813 639 3009 699 Sancti
3039 639 3274 696 Thema
3319 640 3543 712 ejusque
3585 643 3792 700 omnibus

489 748 622 805 pus,
655 728 916 802 cognovi.
2238 723 2428 793 bonis,
2463 726 2680 798 quibus
2711 745 2866 784 nunc
2896 728 3094 798 habet,
3123 727 3214 784 vel
3242 727 3298 783 in
3329 733 3640 800 perpetuum
3663 730 3786 787 habi-

560 822 678 893 Ego
700 817 986 886 Dodo,Dei
1006 818 1152 870 nutu
1171 811 1518 868 Rosellanus
1531 808 2130 882 episcopus,cognovi.
2240 816 2410 870 turus
2440 819 2544 870 est.
2571 816 2817 890 Insuper
2834 816 3208 874 concedimus
3229 821 3284 872 et
3302 817 3674 874 confirmamus
3690 837 3794 890 pra-

563 916 678 982 Ego
697 906 1029 971 Anselmus,
1081 901 1183 958 Dei
1231 900 1417 972 gratia
1447 897 1772 956 Castrensis
1801 898 2130 970 episcopus.
2242 902 2397 958 dicto
2415 905 2768 962 monasterio
2789 921 3025 962 omnem
3045 905 3232 978 ipsam
3252 909 3456 961 terram
3475 921 3595 962 cum
3619 907 3798 978 capellis

568 1002 682 1072 Ego
713 995 1084 1061 Godefridus,
1116 991 1434 1048 Perusinus
1463 989 1795 1060 episcopus.
2241 995 2299 1047 et
2325 991 2450 1047 suis
2481 994 2873 1064 pertinentiis,
2907 1010 3088 1066 quam
3121 992 3366 1048 domnus
3413 1009 3553 1066 papa
3595 994 3798 1052 Clemens

561 1089 679 1160 Ego
706 1088 964 1143 Joannes
985 1081 1450 1154 archipresbyter
1467 1074 2133 1149 subscripsi.Lucenica-
2245 1080 2342 1152 qui
2376 1081 2454 1135 ibi
2488 1081 2652 1152 obiit,
2685 1081 2898 1138 obtulit
2927 1081 3200 1155 pradicto
3231 1081 3564 1137 monasterio
3582 1081 3634 1137 in
3651 1099 3800 1155 perpe-

490 1196 602 1235 nus
650 1175 1115 1246 archipresbyter
1144 1172 1202 1226 S.
1236 1169 1410 1235 Petri,
1451 1169 1707 1224 Joannes
1737 1166 1797 1222 S.
1830 1165 2002 1221 Petri.
2033 1164 2131 1219 ΑΙ·-
2239 1171 2405 1224 tuum
2438 1187 2540 1241 pro
2572 1170 2827 1227 remedio
2857 1172 3066 1227 anima
3093 1187 3210 1227 sua
3241 1173 3298 1226 et
3326 1171 3703 1227 restauratione
3717 1172 3792 1228 Ec-

489 1269 691 1324 bertus
722 1263 1190 1335 archipresbyter
1223 1256 1569 1328 subscripsi.
2243 1256 2454 1326 clesia,
2489 1259 2737 1331 positam
2784 1259 3064 1316 comitatu
3121 1259 3517 1327 Pensaurensi,
3563 1259 3691 1316 inter
3724 1259 3801 1316 hos

556 1357 768 1412 Datum
820 1352 1016 1406 Roma
1064 1365 1178 1403 xvn
1209 1345 1336 1402 Kal.
1385 1344 1520 1400 Maii
1553 1361 1706 1399 anno
1733 1343 1805 1398 ab
1865 1343 2132 1398 Incarna-
2239 1347 2406 1413 fines,
2439 1365 2472 1404 a
2501 1348 2691 1420 primo
2722 1349 2901 1405 latere
2930 1349 3119 1404 rivum
3148 1347 3426 1414 Reanum,
3448 1365 3480 1403 a
3508 1348 3722 1404 secundo
3735 1347 3797 1403 la-

485 1447 643 1500 tione
679 1443 818 1499 Jesu
852 1437 1064 1495 Christi
1095 1437 1252 1502 1060,
1287 1451 1389 1506 per
1420 1450 1631 1488 manus
1661 1431 1968 1487 Humberti
1994 1448 2128 1486 san-
2245 1443 2362 1493 tere
2418 1437 2606 1508 ripam
2639 1438 2710 1492 de
2771 1436 2979 1505 Pizele,
3011 1437 3163 1492 sicut
3217 1436 3375 1491 vadit
3418 1434 3474 1492 in
3525 1439 3713 1507 petram
3754 1436 3804 1491 de

486 1541 590 1589 cla
622 1532 896 1586 Romana
926 1524 1193 1582 Ecclesia
1211 1527 1267 1578 et
1289 1520 1618 1594 apostolica
1641 1519 1799 1576 sedis
1814 1519 2128 1576 bibliotbe-
2242 1529 2446 1593 Acero,
2479 1530 2538 1582 et
2565 1525 2723 1582 venit
2779 1526 2852 1582 ad
2882 1525 3032 1582 viam
3066 1524 3386 1598 publicam,
3427 1541 3542 1597 qua
3593 1524 3724 1579 ducit
3766 1525 3808 1579 in

487 1620 649 1686 carii,
681 1623 740 1675 et
778 1620 990 1672 sancta
1038 1611 1304 1668 Ecclesia
1334 1609 1498 1664 Silva
1530 1609 1798 1665 Candida
1847 1607 2125 1681 episcopi,
2245 1613 2531 1672 Lavacelli
2559 1632 2572 1683 ;
2605 1631 2640 1669 a
2669 1613 2840 1670 tertio
2892 1613 3070 1670 latere
3100 1613 3314 1684 rivum,
3351 1611 3447 1686 qui
3489 1611 3810 1684 temporalia:

486 1725 640 1766 anno
672 1705 930 1762 secundo
962 1701 1334 1775 pontificatus
1364 1698 1564 1754 domni
1593 1715 1753 1770 papa
1784 1696 2001 1754 Nicolai
2034 1713 2126 1754 se-
2241 1702 2423 1759 currit
2452 1718 2631 1775 super
2677 1706 2937 1759 castrum
2988 1701 3238 1770 Lieiole;
3274 1705 3331 1758 et
3376 1718 3411 1757 ε
3452 1704 3638 1772 quarto
3675 1699 3809 1756 latere

486 1796 684 1863 eundi,
720 1793 1037 1850 indictione
1067 1808 1193 1846 xm.
2160 1821 2209 1887 B
2247 1789 2576 1864 Aposellam
2608 1790 2875 1862 fluvium,
2907 1789 3007 1862 qui
3037 1791 3219 1846 currit
3251 1805 3433 1862 usque
3459 1789 3512 1845 in
3555 1789 3720 1862 ipsum
3739 1803 3807 1844 ve-

1261 1894 1356 1950 xx
2160 1875 2207 1887 ”
2249 1883 2435 1936 strum
2463 1879 3073 1950 monasterium,cum
3123 1883 3324 1935 monte
3367 1876 3598 1935 Calvello
3638 1879 3686 1933 et
3703 1875 3809 1933 valle

483 1995 648 2050 Bulla
676 1990 889 2047 Nicolai
911 1990 1120 2070 _Il.pr;o
1146 1969 1582 2070 ﬁmﬁrmatione
1619 1985 1838 2070 jnriuvn
1885 1992 1936 2038 ει
1966 1984 2131 2070 bam)...
2238 1968 2461 2070 celata,
2488 1973 2546 2070 et
2573 1966 3081 2070 castruaniciole
3113 1983 3252 2070 cum
3286 1967 3545 2066 omnibus
3573 1983 3680 2065 qua
3698 1965 3808 2064 intra

553 2082 680 2121 rum
709 2054 1033 2118 monasterii
1061 2059 1115 2114 S.
1146 2054 1353 2113 Thema
1383 2055 1449 2112 de
1475 2054 1749 2128 Aposelta,
1781 2057 1837 2110 in
1861 2071 1964 2127 quo
1993 2054 2132 2111 obiit
2238 2059 2347 2116 bos
2377 2057 2810 2132 concluduntur
2838 2055 3008 2124 ﬁnes,
3043 2073 3178 2112 cum
3208 2055 3407 2122 terris,
3436 2055 3656 2128 campis,
3677 2055 3805 2119 casis,

560 2137 802 2193 Clemens
833 2134 880 2188 II
913 2148 1078 2204 papa.
1335 2217 1340 2218 γ
1372 2217 1375 2218 ν
1408 2217 1450 2218 Π
1494 2216 1499 2218 ν

2236 2147 2442 2214 vineis,
2475 2145 2803 2213 arboribus,
2826 2143 3128 2218 pomiferis
3158 2149 3216 2202 et
3248 2145 3628 2210 infruetiferis,
3647 2148 3805 2199 etcum

1104 2219 1290 2308 (Anno
1325 2216 1541 2308 _
1609 2304 1616 2308 ,
1812 2302 1827 2308 _
1921 2302 2010 2308 ,η
2237 2237 2513 2294 omnibus
2538 2235 2610 2292 ad
2641 2216 2977 2307 pradictam
3008 2237 3222 2290 terram
3257 2233 3591 2308 generaliter
3625 2237 3672 2288 et
3711 2231 3805 2288 uni-

558 2314 954 2385 [MIT’I‘ARELLL
978 2307 1178 2362 Annal.
1215 2304 1468 2360 Camald.
1495 2304 1562 2370 Il,
1591 2302 1877 2375 Append.,
1909 2302 2036 2371 473,
2062 2319 2131 2359 ex

2236 2325 2540 2384 versaliter
2567 2302 3018 2397 pertinentibus.
3065 2325 3136 2380 Et
3181 2302 3426 2395 insuper
3466 2322 3807 2379 conﬁrmamus

485 2400 847 2474 autographa
879 2395 1094 2452 archivi
1131 2395 1187 2450 S.
1223 2393 1418 2448 Maria
1449 2394 1656 2448 Portus
1690 2392 2021 2463 Ravenna]
2237 2415 2426 2472 eidem
2457 2392 2812 2470 ωοίηδιθτίο
2844 2411 3004 2468 illam
3036 2411 3252 2468 turrim
3284 2392 3434 2468 iam
3460 2411 3630 2485 ipsum
3656 2409 3808 2466 civim,

555 2507 845 2564 NICOLAUS
874 2503 1206 2576 episcopus.
1231 2515 1437 2555 servus
1467 2515 1766 2554 servorum
1795 2497 1918 2564 Dei.
1942 2497 2128 2553 ΡειἮιο
2235 2509 2355 2560 tem
2378 2504 2858 2568 Pensaurensem,
2879 2517 3009 2572 qua
3032 2499 3694 2559 nominaturCastellioue
3707 2513 3808 2553 cum

483 2593 797 2654 venerabili
830 2589 1027 2648 abbati
1070 2587 1410 2644 monasterii
1463 2586 1660 2642 Sancti
1705 2586 1939 2642 Thema
1987 2603 2126 2658 apo-
2237 2593 2362 2648 suis
2384 2589 2750 2664 pertinentiis
2778 2589 2937 2645 intus
2959 2593 3016 2645 et
3035 2589 3176 2646 foris
3196 2606 3390 2662 usque
3413 2590 3482 2646 ad
3503 2591 3698 2662 portam
3716 2600 3809 2658 qua

481 2685 636 2754 stoli,
670 2682 843 2756 positi
875 2681 934 2736 in
967 2678 1247 2735 comitatu
1278 2676 1663 2733 Pensaurensi
1681 2677 1853 2747 juxta
1882 2677 2125 2732 ﬂuvium
2239 2680 2576 2736 nominatur
2593 2677 2949 2734 Fanestrain
2962 2681 3340 2750 perpetuum.
3365 2678 3810 2736 Undeevacuamus

480 2772 776 2848 Apusella,
809 2771 1051 2842 suisque
1076 2766 1514 2824 successoribus
1536 2764 1750 2821 ibidem
1783 2764 2128 2838 regulariter
2235 2773 2294 2827 et
2321 2771 2665 2825 evacuatum
2698 2783 2930 2838 semper
2950 2782 3079 2822 esse
3110 2765 3387 2823 volumus
3405 2766 3718 2837 etjubemus
3735 2761 3807 2816 illa

484 2860 895 2938 promovendis
927 2859 986 2914 in
1017 2860 1388 2931 perpetuum.
2236 2860 2540 2934 praeepta,
2573 2873 2701 2928 qua
2724 2855 2794 2911 de
2823 2854 2926 2910 illa
2943 2859 3100 2912 terra
3122 2855 3460 2912 habuerunt
3485 2854 3586 2928 ipsi
3614 2851 3702 2908 filii
3726 2849 3808 2938 Un-

552 2954 742 3008 Tanta
768 2952 859 3004 est
888 2947 1044 3004 sedis
1085 2943 1417 3017 apostolica
1448 2943 1785 3011 auctoritas,
1819 2947 1886 2999 ut
1933 2941 2124 2999 omnis
2235 2947 2381 3024 gari,
2413 2950 2479 3002 ut
2504 2943 2732 3001 nullum
2761 2943 3016 3000 valerem
3048 2943 3393 3017 nullamque
3423 2943 3653 3000 habeant
3677 2936 3813 2994 ﬁrmi-

481 3039 813 3112 requiratur
842 3037 912 3093 ab
944 3052 1011 3092 ea
1042 3033 1312 3102 ﬁrmitas,
1345 3047 1450 3088 nec
1482 3035 1718 3104 putetur
1744 3048 1873 3088 esse
1893 3031 2124 3101 stabile,
2235 3042 2439 3104 tatem,
2471 3053 2574 3110 per
2614 3035 2724 3092 hoc
2773 3037 3038 3090 nostrum
3086 3038 3462 3108 praeceptum,
3505 3031 3601 3088 tibi
3627 3029 3810 3099 tuisque

479 3129 593 3186 nisi
623 3128 779 3201 quod
810 3127 939 3198 ejus
969 3124 1144 3180 fuerit
1173 3123 1588 3178 conﬁrmatum
1631 3121 1854 3177 PObOI‘e-
1888 3121 1959 3177 Et
1987 3120 2128 3193 quia
2160 3185 2199 3201 η
2236 3123 2914 3186 successoribusanobis
2927 3139 3031 3195 pro
3050 3124 3311 3180 remedio
3329 3120 3808 3190 animailliuspapa

480 3185 587 3276 nos
617 3185 668 3274 ei
700 3185 1105 3292 prasidemus,
1138 3216 1196 3268 et
1235 3211 1388 3268 vices
1439 3211 1588 3267 beati
1624 3210 1772 3266 Petri
1823 3185 2125 3283 fungimur
2156 3185 2199 3253 C
2237 3185 2550 3274 Clementis
2580 3216 2906 3284 nostraque
2928 3185 2997 3265 in
3027 3215 3402 3284 perpetuum.
3433 3211 3650 3266 Factum
3678 3185 3733 3261 ea
3749 3185 3811 3259 la-

480 3309 614 3364 licet
643 3306 891 3378 indigni,
925 3302 1084 3359 omni
1118 3301 1312 3357 studio
1344 3301 1627 3356 debemus
1659 3299 1975 3356 servientes
2010 3305 2121 3356 Deo
2232 3322 2366 3362 men
2413 3303 2634 3359 ratione
2662 3304 2727 3357 ut
2755 3299 3086 3356 annualiter
3117 3299 3463 3372 persolvatis
3490 3296 3675 3354 exinde
3701 3309 3807 3366 pen-

479 3396 794 3466 divinoque
814 3393 1024 3448 timore
1047 3390 1293 3462 repletos
1315 3388 1565 3461 dirigere
1588 3393 1645 3443 et
1661 3390 1957 3460 adjuvare,
1982 3407 2104 3463 qua

2232 3395 2457 3452 sionem
2490 3391 2616 3448 auri
2648 3389 2928 3446 bisantini
2959 3405 3141 3445 unam
3173 3388 3504 3445 actionariis
3532 3385 3683 3443 certis
3707 3398 3805 3438 san-

479 3490 650 3542 tenus
681 3484 879 3538 nostro
911 3478 1237 3534 munimine
1268 3477 1396 3532 fulti
1427 3478 1651 3548 absque
1681 3478 1839 3533 omni
1871 3478 2104 3552 impedi-

2231 3487 2338 3540 eta
2367 3483 2638 3538 Romana
2660 3477 2928 3535 Ecclesia
2961 3481 3098 3550 apto
3128 3481 3410 3552 tempore.
3443 3477 3500 3532 Si
3531 3475 3648 3549 quis
3673 3470 3809 3544 igitur

479 3576 678 3630 mento
695 3571 810 3626 Deo
832 3568 1068 3633 servire,
1093 3571 1152 3622 et
1174 3566 1230 3621 in
1254 3582 1360 3622 suo
1383 3564 1614 3622 servitio
1637 3564 1879 3623 liberius
1902 3585 2123 3640 perma~
2231 3573 2411 3644 hujus
2442 3569 2625 3626 nostri
2655 3566 2945 3640 privilegii
2973 3565 3221 3623 violator
3250 3571 3465 3623 temere
3490 3561 3751 3626 exstiterit,
3769 3560 3810 3612 et

478 3678 615 3720 nere
639 3660 891 3735 Ροεδίηί·
913 3659 1276 3729 Quapropter
1296 3671 1400 3727 P8P
1419 3653 1896 3711 intercessionem
1919 3657 2121 3713 domni
2232 3660 2490 3717 monitus
2520 3656 2797 3714 canonice
2817 3655 3128 3712 emendare
3149 3653 3584 3728 contempserit,
3602 3645 3806 3724 perpetui

478 3751 628 3808 Petri
659 3747 926 3806 Damiani
955 3743 1283 3802 Hostiensis
1305 3742 1560 3816 episcopi
1585 3743 1893 3802 confratris
1916 3746 2119 3813 nostri,
2233 3747 2622 3806 anathematis
2642 3743 2892 3802 vinculis
2913 3761 2976 3801 se
3000 3745 3350 3802 innodatum
3375 3743 3606 3807 noverit,
3623 3744 3673 3796 et
3691 3739 3808 3793 insu-

476 3845 535 3897 et
565 3839 713 3896 Petri
739 3836 968 3894 abbatis
990 3834 1256 3907 ejusdem
1288 3831 1625 3889 monasterii
1646 3836 1703 3889 et
1723 3833 2122 3905 spiritualium
2229 3854 2332 3912 per
2359 3833 2790 3909 quinquaginta
2814 3832 3098 3889 librarum
3121 3833 3250 3890 auri
3282 3849 3453 3906 pana
3473 3826 3803 3888 multandum,

479 3927 901 3984 monachorum
947 3926 1075 3996 ejus
1125 3921 1471 3996 regulariter
1499 3921 1834 3992 viventium,
1868 3924 2104 3981 decrevi

2232 3926 2603 3984 medietatem
2644 3939 2807 3980 sacro
2866 3926 3065 3979 nostro
3126 3921 3505 3979 Lateranensi
3555 3914 3753 3993 palatio,
3771 3912 3813 3965 et

480 4033 615 4072 mus
637 4014 891 4071 ecclesia
916 4013 1112 4069 Sancti
1143 4013 1381 4068 Thema
1414 4011 1658 4084 apostoli
1700 4015 1756 4067 et
1785 4013 1914 4083 ejus
1945 4019 2124 4072 recto-
2231 4015 2602 4072 medietatem
2634 4011 2870 4085 praefato
2911 4011 3293 4068 monasterio.
3350 4010 3457 4076 Qui
3486 4025 3608 4065 vero
3634 4003 3712 4079 pia
3734 3999 3812 4056 de-

479 4105 644 4159 ribus
674 4103 1062 4175 prasentibus
1089 4105 1147 4157 et
1176 4101 1393 4156 futuris
1425 4105 1546 4156 tam
1577 4101 1730 4158 bona
1759 4103 2120 4172 ammobilia,
2229 4104 2460 4162 votione
2477 4103 2848 4158 conservator
2868 4115 2996 4157 esse
3017 4100 3334 4169 studuerit,
3359 4097 3614 4173 precibus
3632 4091 3811 4165 aposto-

481 4208 659 4266 quam
690 4190 1019 4246 immobilia
1073 4207 1200 4262 qua
1251 4206 1406 4244 nunc
1434 4189 1629 4259 habet,
1662 4189 1750 4246 vel
1807 4191 1866 4246 in
1914 4209 2122 4266 perpeo
2229 4193 2421 4250 lorum
2452 4189 2784 4264 principum
2802 4189 2955 4245 Petri
2977 4193 3035 4246 et
3051 4189 3211 4246 Pauli
3243 4192 3604 4260 peccatorum
3621 4189 3810 4240 suorum

478 4280 954 4352 tuumhabitura
985 4283 1093 4349 est,
1125 4278 1470 4334 conﬁrmare
1490 4281 1547 4333 et
1567 4279 1960 4348 corroborare,
1985 4299 2125 4355 qua-
2233 4281 2499 4339 omnium
2529 4281 2601 4335 ab
2662 4277 3048 4350 omnipotenti
3100 4279 3217 4334 Deo
3280 4277 3505 4336 veniam
3557 4276 3609 4331 et
3634 4271 3808 4328 aeterne

483 4377 652 4428 tenus
682 4386 818 4426 cum
845 4368 1005 4424 omni
1037 4365 1349 4424 securitate
1379 4370 1435 4422 et
1465 4367 1808 4438 quietudine
1839 4374 2127 4426 monaste-
2233 4368 2570 4428 beatudinis
2601 4371 2996 4438 consequatur
3024 4367 3295 4440 gloriam.

481 4461 635 4517 rium
667 4458 954 4532 pradicta
984 4455 1254 4512 Ecclesia
1286 4459 1520 4511 maneat
1550 4459 1606 4512 et
1635 4455 1853 4513 ibidem
1884 4458 2000 4514 Deo
2033 4460 2127 4516 de-
2306 4459 2600 4530 Scriptum
2631 4472 2734 4530 per
2761 4473 2973 4513 manus
3019 4455 3266 4513 Joannis
3320 4450 3606 4513 Scriniarii
3647 4443 3814 4504 sancit

481 4547 949 4606 serviatur.Flexi
973 4544 2123 4621 igiturpreeibus,utdiximus,religioso-
2158 4560 2205 4625 ι)
2238 4551 2510 4607 Romana
2540 4545 2830 4616 Ecclesia,
2880 4545 2940 4601 in
2991 4561 3193 4602 mense
3225 4543 3442 4616 Aprilis
3469 4547 3523 4599 et
3562 4533 3818 4596 indictione

483 4655 614 4694 rum
655 4636 1076 4694 monachorum
1118 4634 1566 4691 corroboramus
1606 4637 1782 4706 atque
1819 4636 2127 4693 conﬁrma-
2238 4638 2410 4695 tertia
2438 4635 2684 4693 decima.

485 4744 618 4782 mus
641 4742 745 4782 nec
768 4742 883 4781 non
907 4723 1244 4781 stabilimus
1270 4722 1376 4778 tibi
1414 4721 1650 4795 tuisque
1687 4725 2127 4784 successoribus
2309 4728 2424 4800 Ego
2455 4726 2678 4793 Petrus,
2711 4721 3060 4780 Gabinensis
3089 4723 3424 4795 episcopus,
3454 4720 3548 4776 SS.

487 4813 676 4870 eidem
713 4811 1090 4880 monasterio,
1122 4809 1214 4866 cui
1250 4826 1405 4865 nunc
1428 4809 1702 4882 prasides
1724 4814 1780 4864 et
1820 4813 2130 4884 prasidere
2310 4815 2425 4889 Ego
2458 4815 2676 4884 Bruno,
2709 4812 3104 4870 Pranestinus
3131 4811 3463 4885 episcopus,
3493 4807 3586 4865 SS.

486 4900 769 4958 debentin
793 4904 1159 4972 perpetuum.
1181 4897 1862 4970 Quininsuperquietum
1883 4899 2130 4957 facimus
2309 4887 2426 4979 Ego
2451 4904 2730 4971 Joannes,
2764 4901 3101 4960 Portuensis
3131 4901 3462 4975 episcopus,
3501 4887 3765 4979 suscripsi:

486 4996 543 5048 et
563 4970 835 5047 securum
858 4970 932 5044 ab
954 4988 1116 5046 omni
1139 4986 1581 5060 impugnatione
1602 4990 1660 5043 et
1677 4985 1910 5044 lasione
1940 4988 2129 5045 bomi-
2309 4970 2426 5067 Ego
2459 4993 2684 5058 Petrus,
2717 4970 2989 5048 Peeeator
3006 4970 3406 5050 monachus—et
3419 4985 3718 5067 episcopus,
3738 4970 3814 5030 SS-

485 5095 655 5148 num,
680 5081 745 5134 ut
764 5095 937 5135 nemo
959 5077 1056 5143 sit,
1079 5077 1179 5150 qui
1204 5077 1415 5132 audeat
1444 5075 1750 5148 quidpiam
1771 5076 2129 5136 molestatio-
2310 5066 2429 5156 Ego
2456 5081 2812 5153 Stephanus,
2836 5084 3077 5137 vocatus
3107 5079 3432 5136 monachus
3472 5079 3529 5132 et
3571 5066 3816 5146 presbyter

485 5169 579 5228 nis
594 5185 660 5226 ac
690 5167 944 5226 Iasionis
974 5169 1164 5225 eidem
1196 5165 1553 5222 monasterio
1587 5165 1819 5237 inferre,
1866 5171 2129 5226 statuen-
2241 5171 2396 5230 tituli
2425 5171 2483 5227 S.
2517 5168 2774 5236 Grisoni,
2807 5169 2903 5224 SS.

485 5265 574 5316 tes
605 5258 923 5332 apostolica
953 5273 1202 5314 censura
1260 5261 1324 5312 ut
1374 5254 1574 5311 nullus
1621 5254 1960 5328 imperator,
2009 5275 2129 5332 rex,
2313 5260 2526 5317 Datum
2558 5258 2752 5315 Roma
2783 5272 2889 5317 xm
2934 5256 3058 5314 Kal.
3095 5256 3251 5325 Maii,
3285 5271 3438 5312 anno
3486 5251 3553 5308 ab
3601 5247 3816 5304 Incarnl-

489 5349 625 5416 dux,
682 5347 960 5415 marchio,
1037 5363 1253 5414 eomes,
1329 5345 1670 5416 vicecomes,
1727 5348 1784 5400 et
1858 5351 2135 5418 praeterea
2240 5350 2397 5407 tione
2419 5346 2646 5405 Domini
2673 5347 2816 5403 Jesu
2850 5347 3007 5416 1060,
3041 5363 3143 5420 per
3171 5361 3380 5401 manus
3410 5332 3688 5398 Humberti
3711 5341 3815 5420 san“

491 5435 686 5492 nullus
701 5435 1541 5510 archiepiscopus,episcopus,
1562 5437 1618 5489 et
1638 5417 1967 5506 specialiter
1984 5439 2138 5510 ejus-
2241 5443 2344 5495 eta
2371 5437 2637 5494 Ecclesia
2675 5435 2841 5492 Silva
2881 5417 3150 5492 Candida
3175 5431 3430 5508 episcopi
3459 5434 3512 5487 et
3538 5417 3808 5510 apostolica

492 5527 625 5581 dem
658 5509 1081 5582 Pensaurensis
1110 5526 1480 5599 episcopatus
1504 5522 1833 5596 cpiscopus,
1857 5526 1959 5598 qui
1980 5509 2135 5587 nunc
2242 5527 2399 5585 sedis
2471 5524 2915 5595 bibliothecarii,
2975 5542 3129 5582 anno
3185 5521 3440 5580 secundo
3499 5509 3808 5590 pontificatus

492 5619 578 5673 est
610 5614 710 5683 ibi,
757 5612 842 5670 vel
876 5615 1108 5670 futurus
1154 5618 1261 5684 est,
1297 5629 1400 5670 nec
1429 5628 1543 5668 non
1592 5611 1745 5670 cives
1794 5612 1903 5672 loci
1948 5617 2130 5692 illius,
2256 5617 2459 5677 domni
2491 5633 2653 5690 papa
2682 5615 2901 5677 Nicolai
2935 5614 3194 5685 secundi,
3225 5610 3534 5670 indictione
3557 5619 3665 5662 xm.
