4138 6186
344 290 496 378 isis

1528 308 1937 374 EPISTDLIE
1977 303 2078 373 E'P
2123 301 2597 372 D‘IPLOMA'I‘A.

3590 314 3742 378 1346

337 445 573 505 vinculo
605 445 951 502 innodatum
985 463 1018 502 a
1038 443 1225 511 Patre,
1260 442 1403 500 Filio
1435 447 1491 501 et
1521 443 1743 516 Spiritu
1766 447 1986 508 sancto,
2017 445 2073 509 Α
2103 446 2223 509 cte;
2254 441 2547 497 maledicti
2578 439 2736 496 intus
2766 444 2823 496 et
2843 441 3004 507 foris,
3029 441 3322 499 maledicti
3345 462 3377 500 a
3398 446 3614 503 dextris
3636 452 3691 502 et
3713 465 3747 503 a

339 540 397 594 et
428 537 499 594 ab
533 535 876 592 auctoritate
903 535 1058 591 beati
1088 535 1236 592 Petri
1258 534 1536 606 principis
1567 533 1986 605 apostolorum,

337 627 511 699 cujus
533 641 640 681 nos
671 625 950 681 immeriti
980 625 1131 680 vices
1153 623 1483 697 fungimur;
1507 639 1612 679 nec
1642 639 1757 678 non
1779 627 1988 677 etcum

341 713 595 783 diabolo,
613 718 670 770 et
696 713 1142 770 Judatraditore
1171 712 1402 768 Domini
1421 711 1606 767 nostri
1628 711 1659 766 J
1665 727 1766 767 esu
1779 709 1990 767 Christi

339 810 557 861 aeterno
586 802 856 860 incendio
886 803 1498 858 concremandum.At
1543 817 1677 856 vero
1735 799 1835 872 qui
1894 799 1991 872 pio

339 893 922 951 intuitu‘observator
944 891 1002 946 in
1027 890 1302 947 omnibus
1325 889 1629 956 exstiterit,
1657 889 1995 945 custodiens

339 982 734 1055 hujusnostri
770 980 1052 1054 privilegii
1112 980 1430 1036 constituta
1486 979 1558 1034 ad
1617 977 1840 1033 cultum
1894 977 1993 1032 Dei

341 1067 734 1145 respicientis,
769 1069 1195 1125 benedictionis
1227 1068 1475 1141 gratiam
1505 1084 1538 1123 a
1569 1066 1995 1123 misericordis-

343 1161 495 1218 simo
533 1161 781 1217 Domino
840 1159 949 1214 Deo
997 1163 1412 1230 consequatur,
1471 1163 1528 1212 et
1582 1157 1712 1212 vita:
1773 1160 1997 1212 aiter-nae

343 1250 636 1324 particeps
651 1265 777 1306 esse
791 1251 1082 1304 mereatur
1096 1247 1154 1302 in
1169 1245 1770 1317 seaculajsaaculorum.
1794 1246 1996 1301 Amen.

417 1339 714 1411 Scriptum
729 1353 830 1410 per
845 1353 1055 1392 manus
1081 1335 1376 1391 Octaviani
1403 1335 1691 1390 scriniarii
1711 1337 1768 1390 et
1789 1335 2000 1406 notarii

346 1432 564 1486 sanctaeI
597 1427 872 1483 Romanae
904 1425 1170 1482 Ecclesiae
1200 1441 1241 1494 Ii
1274 1425 1411 1480 Idus
1468 1424 1624 1491 Maii,
1686 1423 2002 1479 indictione

349 1512 689 1591 supradicta
718 1531 841 1572 xm.
1028 1571 1029 1574 η

420 1611 631 1662 Datum
663 1609 856 1661 Roma
880 1621 994 1661 xvu
1018 1601 1147 1659 Kal.
1178 1603 1365 1671 Junii,
1391 1619 1541 1658 anno
1564 1601 1795 1658 Domini
1818 1601 2008 1657 nostri

344 1697 486 1752 Jesu
517 1695 734 1750 Christi
767 1687 925 1761 1060,
958 1709 1061 1765 per
1078 1708 1289 1747 manus
1309 1691 1636 1759 Humberti,
1661 1695 1877 1746 sanctae
1898 1691 2003 1745 Ec-

346 1784 536 1842 clesiae
568 1781 734 1840 Silvae
764 1783 1036 1838 Candide
1063 1781 1323 1854 episcopi
1349 1784 1407 1835 et
1457 1779 1790 1852 apostolicae
1847 1778 2004 1834 sedis

347 1871 800 1938 bibliotheca'rii,
853 1887 1005 1926 anno
1056 1871 1312 1926 secundo
1373 1868 1752 1941 pontificatus
1803 1867 2002 1923 domni

350 1968 514 2037 papae
542 1961 762 2018 Nicolai
796 1959 1058 2027 secundi,
1095 1957 1410 2014 indictione
1441 1975 1620 2030 supra
1649 1957 1885 2029 scripta.

1098 2065 1294 2120 XXIII.

351 2159 699 2217 Consecratio
729 2157 1000 2212 altarium
1029 2155 1268 2210 basilicae
1293 2155 1579 2225 Farfensis
1599 2171 1633 2208 a
1667 2153 1888 2209 Nicolao
1944 2153 2012 2207 II

421 2237 676 2286 Romano
702 2228 962 2300 pontiﬁce
1003 2229 1169 2300 facta,
1217 2227 1271 2300 et
1299 2227 1626 2281 monasterii
1653 2226 1809 2280 illius
1841 2226 2005 2280 liber-

423 2308 507 2359 tas
535 2303 611 2358 ab
638 2298 822 2357 eodem
847 2299 1105 2372 pontiﬁce
1131 2298 1472 2366 conﬁrmata.

981 2389 1171 2457 (Anno
1201 2387 1386 2456 1060.)

677 2479 1028 2552 [Muna'roaa
1061 2478 1243 2547 Antig.
1272 2476 1405 2532 ital.
1421 2475 1690 2546 V,1039.]

431 2591 504 2644 In
528 2587 765 2644 nomine
793 2584 1048 2652 Domini,
1081 2583 1371 2638 NICOLAUS
1429 2581 1756 2654 episcopus,
1808 2597 2010 2638 servus

357 2693 660 2736 servorum
683 2674 807 2731 Dei.
842 2674 926 2730 0b
951 2673 1337 2728 reverentiam
1369 2671 1714 2743 sanctzeiDei
1766 2670 2011 2744 genitri-

360 2768 445 2824 cis
477 2771 535 2823 et
564 2780 798 2836 semper
826 2761 1104 2836 Virginis,
1136 2766 1192 2817 et
1221 2761 1474 2817 dominae
1521 2765 1736 2816 nostrae
1792 2761 2009 2826 Mariae,

359 2861 674 2930 postquam
698 2851 1131 2908 renovationem
1164 2849 1584 2906 conserationis
1617 2849 1795 2920 hujus
1817 2849 2011 2904 Eccle-

361 2947 460 3002 siae
493 2943 816 3013 Farfensis,
843 2942 958 2997 Deo
990 2940 1260 3013 propitio,
1277 2940 1405 3011 jam
1432 2939 1748 2995 honorifice
1769 2937 2014 3012 explevi-

361 3051 519 3101 mus,
546 3033 804 3089 volentes
836 3030 1044 3086 amodo
1077 3029 1460 3102 comprimere
1492 3045 1556 3083 ac
1577 3029 1876 3085 destruere
1896 3045 2016 3083 om-

363 3125 532 3179 nium
563 3137 874 3196 pravorum
903 3119 1235 3189 hominum,
1268 3118 1676 3190 cujuscunque
1711 3117 2015 3190 dignitatis

363 3213 453 3269 vel
477 3212 690 3285 gradus
721 3211 861 3279 sint,
895 3210 966 3265 de
997 3208 1166 3264 bonis
1192 3207 1371 3279 hujus
1397 3189 1714 3263 monasteri
1758 3189 2010 3262 invasio-

364 3319 469 3359 nes
499 3300 587 3357 vel
614 3298 1076 3372 deprzedationes
1103 3296 1193 3352 vel
1227 3297 1402 3363 furta,
1435 3296 1776 3352 auctoritate
1797 3296 2015 3364 divina,

361 3391 632 3448 videlicet
661 3389 850 3444 Patris
883 3392 941 3443 et
970 3386 1096 3441 Filii
1129 3389 1185 3441 et
1215 3384 1432 3457 Spiritu
1459 3385 1670 3454 sancti,
1723 3389 1782 3440 et
1837 3385 2017 3440 beatze

366 3481 561 3536 Mariae
575 3473 1674 3550 semperVirginis,beatiqueMichaelis
1688 3472 2019 3545 archangeli

366 3575 422 3627 et
452 3567 634 3625 sancti
680 3566 832 3622 Petri
863 3564 1258 3638 apostolorum
1290 3563 1592 3634 principis,
1638 3563 2021 3634 omniumque

366 3663 730 3723 sanctorum,
764 3655 864 3727 qui
896 3653 955 3708 in
988 3652 1146 3708 caelis
1176 3657 1233 3707 et
1262 3652 1318 3707 in
1351 3656 1506 3707 terra
1525 3656 1890 3719 venerantur,
1924 3669 2020 3707 ex-

369 3744 879 3805 communicamus
893 3746 949 3797 et
979 3741 1566 3808 anathematizamus,
1591 3744 1646 3796 et
1665 3757 1698 3795 a
1717 3739 2021 3796 liminibus

370 3839 586 3893 sanetae
614 3832 821 3890 matris
840 3829 1104 3887 Ecclesiae
1128 3828 1644 3903 expellimusillos,
1669 3829 1768 3901 qui
1791 3845 2020 3902 porcos,

371 3927 547 3981 boves
578 3927 681 3979 aut
709 3939 864 3990 oves,
897 3919 984 3977 vel
1017 3919 1129 3976 alia
1160 3919 1430 3992 quzelibet
1449 3919 1746 3985 animalia,
1770 3935 1871 3975 seu
1905 3918 2021 3974 cal-

372 4017 677 4070 ceamenta
695 4011 781 4066 vel
805 4011 1174 4074 vestimenta,
1196 4009 1313 4064 sive
1340 4008 1541 4076 libros,
1566 4007 1653 4064 vel
1685 4008 1901 4081 fruges,
1923 4011 2024 4064 aut

361 4102 626 4159 triticum
649 4099 735 4157 vel
759 4100 960 4155 vinum
979 4097 1069 4153 vel
1093 4112 1329 4170 panem,
1351 4114 1453 4153 seu
1476 4097 1704 4153 diversa
1727 4096 2022 4163 utensilia,

363 4179 558 4248 de‘boc
575 4189 926 4245 monasterio
943 4190 1166 4242 Sanctae
1180 4185 1372 4240 Mariae
1387 4183 1666 4239 violenter
1676 4188 2020 4256 rapuerunt,

366 4281 470 4338 aut
494 4280 770 4351 deinceps
801 4276 1122 4351 rapuerint,
1157 4275 1276 4330 sive
1308 4273 1484 4329 furati
1514 4276 1671 4341 sunt,
1703 4272 1791 4328 vel
1813 4273 2022 4329 amodo

364 4365 872 4442 prsesu'mpserint,
899 4369 1000 4420 aut
1029 4362 1252 4418 diutius
1280 4365 1381 4417 aut
1412 4361 1552 4416 foris
1577 4359 1889 4432 accipiunt.
1917 4359 2022 4432 lgi-

362 4464 462 4516 tur
483 4456 953 4514 maledictionem
970 4452 1163 4526 abyssi
1181 4451 1435 4524 jacentis
1447 4451 1742 4518 deorsum,
1762 4454 1817 4504 et
1843 4449 2022 4504 male-

2100 530 2385 598 sinistris;
2409 531 2526 586 sint
2546 530 2911 586 maledictiin
2936 530 3108 586 domo
3129 535 3186 587 et
3208 532 3264 587 in
3289 521 3458 605 a'gro;
3482 535 3604 590 sint
3623 553 3745 592 ma-

2098 619 2291 676 ledicti
2325 623 2546 675 stantes
2568 623 2624 675 et
2644 621 2931 686 sedentes,
2948 620 3317 677 ambulantes
3339 627 3396 678 et
3421 640 3644 680 moram
3662 627 3747 681 fa-

2100 709 2352 776 cientes;
2388 709 2506 764 sint
2537 708 2828 764 maledicti
2862 709 3127 765 bibentes
3167 713 3224 765 et
3281 712 3744 782 manducantes;

2099 798 2217 854 sint
2247 796 2540 853 maledicti
2570 796 2876 870 vigilantes
2906 803 2961 853 et
2990 797 3361 854 dormientes.
3398 801 3748 858 Obtenebre-

2103 891 2228 942 seat
2257 886 2341 942 eis
2372 885 2480 952 sol,
2515 903 2646 941 cum
2680 886 2870 941 adhuc
2900 887 3089 941 media
3123 887 3295 942 fuerit
3316 889 3460 955 dies,
3485 894 3540 945 et
3561 891 3752 946 incur-

2104 981 2309 1031 sentur
2330 993 2362 1030 a
2384 974 2612 1030 diabolo
2627 978 2681 1030 et
2703 974 2926 1047 angelis
2946 974 3091 1029 suis.
3113 975 3527 1032 Excrucientur
3543 979 3750 1034 animai

2105 1079 2306 1119 eorum
2336 1063 2653 1130 doloribus,
2688 1066 2744 1119 et
2772 1064 3179 1135 exstinguatur
3207 1063 3442 1120 lucerna
3464 1083 3667 1122 eorum
3692 1069 3752 1123 in

2107 1152 2320 1209 saecula
2349 1151 2718 1219 saeculorum,
2751 1169 2943 1217 amen,
2978 1151 3090 1206 nisi
3119 1154 3383 1208 venerint
3413 1155 3483 1208 ad
3522 1156 3751 1212 satisfa-

2108 1242 2358 1296 ctionem
2390 1245 2446 1295 et
2477 1257 2793 1312 congruam
2827 1239 3314 1296 emendationem.

2110 1402 2324 1458 Nicolai
2352 1402 2403 1454 II
2445 1401 2676 1470 epistola
2721 1401 2791 1455 ad
2835 1403 2967 1455 IL...
3029 1406 3278 1458 comitem
3336 1406 3751 1461 Rutennensem.

2181 1504 2250 1514 —
2280 1476 2549 1527 Hortatur
2577 1481 2636 1527 ut
2664 1472 3016 1547 ecclesiarum
3044 1479 3096 1529 et
3122 1493 3426 1547 pauperum
3464 1479 3535 1531 sit
3571 1477 3756 1547 defen-

2181 1561 2291 1612 sor,
2321 1551 2371 1599 et
2389 1545 2715 1618 monasterio
2754 1544 3077 1600 Virdunensi
3121 1544 3482 1618 possessiones
3519 1544 3758 1618 aliquas,

2183 1632 2315 1688 quas
2339 1614 2540 1686 injuste
2565 1615 2787 1684 detinet,
2821 1618 3088 1673 restituat.

2185 1705 2472 1759 NICOLAUS
2494 1704 2825 1775 episcopus,
2850 1721 3051 1762 servus
3073 1723 3375 1763 servorum
3398 1706 3521 1775 Dei,
3548 1708 3614 1763 Β.
3644 1712 3758 1763 Ru-

2035 1817 2082 1882 B
2111 1792 2339 1882 tenensi
2371 1792 2571 1882 comiti
2603 1791 2813 1848 dilecto
2847 1792 2984 1863 ﬁlio,
3020 1795 3267 1851 salutem
3300 1801 3357 1852 et
3377 1796 3760 1868 apostolicam

2114 1880 2599 1936 benedictionem.

2186 1969 2610 2043 Cognoscentes
2640 1969 2724 2024 tui
2753 1971 2934 2026 animi
2967 1973 3354 2046 propositum,
3386 1978 3443 2030 et
3461 1975 3614 2046 quod
3635 1992 3764 2048 pro-

2115 2066 2241 2134 pter
2271 2077 2515 2133 regnum
2548 2053 2659 2115 Dei‘
2680 2061 3050 2131 etjustitiam
3080 2065 3209 2134 ejus
3249 2062 3500 2121 volueris
3546 2083 3762 2121 renun-

2114 2151 2260 2206 tiare
2299 2147 2606 2221 temporali
2634 2149 2864 2221 fastigio
2897 2150 3266 2207 saecularium
3289 2157 3765 2226 occupationum,

2117 2257 2220 2296 con
2232 2239 2476 2294 fidenter
2493 2237 2596 2292 tibi
2612 2239 3032 2295 denuntiamus
3046 2245 3127 2307 ut,
3149 2242 3470 2298 secundum
3493 2245 3645 2315 quod
3662 2244 3765 2299 tibi

2115 2328 2481 2399 injunximus
2512 2343 2645 2382 cum
2678 2344 2774 2382 ore
2816 2327 2887 2383 ad
2919 2345 2984 2384 os
3041 2328 3434 2402 loqueremur,
3496 2332 3770 2389 Ecclesiis

2117 2418 2219 2474 Dei
2239 2422 2293 2472 et
2312 2416 2669 2490 pauperibus
2687 2415 3050 2472 defensorem
3069 2422 3125 2473 te
3147 2435 3432 2491 opponas,
3447 2421 3769 2491 justitiam-

2119 2524 2230 2580 que
2261 2507 2345 2561 eis
2376 2505 2750 2578 acquirendo,
2770 2505 2830 2561 in
2852 2512 3169 2580 conspectu
3194 2508 3289 2563 Dei
3311 2514 3622 2565 excusatus
3649 2511 3767 2566 exi-

2120 2601 2260 2663 stas,
2287 2595 2441 2666 quod
2475 2611 2590 2649 non
2624 2594 2750 2650 sine
2771 2612 2951 2651 causa
2975 2595 3235 2668 gladium
3269 2603 3486 2669 portas.
3523 2601 3592 2654 Et
3630 2599 3770 2670 quia

2121 2689 2387 2740 nostrum
2451 2689 2538 2739 est
2568 2689 2622 2739 te
2652 2685 2987 2750 admonere,
3023 2684 3072 2739 si
3114 2703 3231 2756 qua
3264 2703 3376 2740 non
3425 2686 3772 2759 negligenda

2121 2773 2563 2846 cognoverimus
2594 2777 2650 2828 tc
2679 2771 2994 2845 negligere,
3028 2774 3245 2828 orando
3278 2773 3454 2828 simul
3485 2778 3542 2830 et
3570 2776 3769 2846 praeci-

2121 2863 2334 2936 piendo
2367 2860 2711 2917 auctoritate
2729 2860 3046 2932 apostolica
3067 2878 3376 2917 monemus
3394 2867 3458 2918 ut
3482 2868 3770 2920 monaste-

2122 2954 2206 3008 rio
2235 2952 2292 3007 S.
2326 2949 2479 3006 Petri
2511 2950 2621 3006 sito
2655 2949 2900 3004 Virduni
2933 2950 3087 3022 quod
3118 2951 3464 3008 venerabilis
3503 2953 3592 3007 vir
3628 2969 3770 3009 con-

2126 3040 2484 3112 sanguineus
2515 3043 2653 3094 tuus
2694 3039 3038 3095 Waleranus
3094 3040 3276 3096 abbas
3333 3042 3498 3114 regit,
3555 3049 3770 3113 curtes,

2125 3147 2272 3202 quas
2297 3128 2355 3183 in
2386 3134 2542 3184 terra
2570 3128 2958 3200 possessionis
2990 3133 3102 3184 tuae
3135 3129 3346 3186 habere
3386 3130 3768 3203 dignoscitur,

2126 3219 2441 3274 restituas:
2476 3235 2566 3286 ne,
2600 3217 2754 3288 quod
2785 3215 2973 3273 absit!
3007 3219 3076 3273 ad
3119 3218 3503 3290 perditionem
3561 3222 3770 3276 animae

2127 3313 2237 3363 ture
2273 3306 2496 3362 diutius
2526 3323 2624 3362 eas
2653 3305 2978 3375 retinendo,
3011 3308 3672 3366 excommunicationem
3698 3313 3770 3368 ab

2127 3395 2594 3453 antecessoribus
2610 3397 2827 3452 nostris
2847 3400 3270 3468 comprecatam
3288 3397 3656 3456 invasoribus
3677 3417 3772 3456 eo-

2127 3503 2258 3541 rum
2291 3485 2578 3541 ineurras.
2601 3486 2716 3541 Nec
2742 3484 3014 3540 volumus
3032 3485 3212 3550 dicas,
3231 3503 3266 3541 a
3295 3489 3636 3559 parentibus
3657 3491 3775 3545 tuis

2130 3576 2216 3632 vel
2247 3575 2443 3631 uxoris
2472 3579 2605 3644 tuae,
2639 3591 2737 3630 eas
2768 3576 2948 3630 servis
2980 3575 3076 3630 Dei
3112 3575 3475 3645 subtractas;
3508 3578 3646 3649 quia
3677 3580 3774 3650 ju-

2129 3669 2256 3722 stus
2287 3666 2562 3720 dominus
2593 3664 2782 3719 reddit
2804 3663 3172 3735 iniquitatem
3197 3670 3430 3736 patrum
3463 3667 3518 3719 in
3546 3667 3694 3722 filios
3717 3669 3775 3722 in

2128 3755 2357 3811 tertiam
2374 3759 2432 3808 et
2448 3757 2717 3825 quartam
2732 3753 3187 3824 generationem.
3203 3753 3365 3808 Sicut
3377 3754 3529 3808 enim
3546 3756 3779 3811 conscia

2128 3843 2392 3900 veritatis
2425 3845 2673 3897 testatur
2690 3841 3033 3912 antiquitas,
3057 3841 3114 3895 S.
3137 3841 3444 3895 Amantius
3467 3842 3777 3913 peculiaris

2130 3936 2317 3989 vester
2351 3934 2632 4003 patronus
2665 3946 2763 3984 eas
2797 3928 3150 3984 contradidit
3173 3929 3518 3985 servitorum
3541 3933 3596 3986 S.
3625 3931 3778 3988 Petri

2131 4021 2356 4078 usibus.

2876 4089 3039 4145 XXV.

2132 4163 2375 4236 Epistola
2419 4161 2635 4238 Nicolaj
2688 4162 2757 4216 II
2781 4161 2874 4238 ad
2920 4162 3126 4238 clerum
3179 4165 3608 4235 Sistarz'censem,
3672 4181 3779 4238 qua

2199 4233 2538 4360 commenbdpt
2587 4232 2891 4288 Gerardum
2944 4237 3273 4308 episCOpum,
3332 4244 3383 4292 et
3429 4232 3694 4308 quaedam
3726 4240 3782 4294 ei

2201 4323 2425 4360 oraescrz
2464 4323 2478 4360 ι
2513 4348 2524 4360 .

2196 4323 2524 4380 praesonuit.

2621 4379 2812 4445 (Anno
2844 4376 3070 4433 circiter
3098 4378 3280 4446 4060.)

2331 4448 2418 4519 [D.
2455 4448 2744 4517 Bouous'r,
2781 4449 3176 4511 Recueilptom.
3210 4451 3302 4520 ΧΙ,
3336 4467 3391 4522 p.
3427 4450 3573 4520 494.]

363 4547 682 4606 dictionem
715 4546 1006 4601 caelestem
1050 4546 1106 4598 et
1162 4540 1629 4598 maledictionem
1687 4543 2018 4595 terrestrem
2050 4557 2096 4622 D
2203 4538 2488 4593 NICOLAUS
2521 4537 2850 4610 episcopus,
2886 4555 3086 4593 servus
3119 4555 3417 4593 servorum
3449 4539 3571 4607 Dei,
3604 4538 3777 4604 clero,

365 4638 713 4712 suscipiant,
750 4638 1095 4708 praesentem
1119 4629 1588 4688 maledictionem
1621 4629 1678 4682 in
1713 4645 2020 4702 corporum

364 4727 774 4784 debilitatione
832 4723 1136 4795 recipiant,
1198 4719 1521 4794 perditione
1578 4722 1635 4773 et
1691 4719 2023 4773 animarum

367 4817 726 4874 cruciatione
755 4813 1185 4870 maledicantur
1225 4827 1357 4866 cum
1420 4807 1766 4874 maledictis,
1825 4806 2024 4880 ﬂagel-

366 4906 566 4963 lentur
641 4919 777 4960 cum
863 4901 1128 4974 ingratis,
1207 4904 1446 4973 pereant
1525 4915 1656 4953 cum
1733 4895 2022 4969 superbis,

370 4995 709 5053 crucientur
739 5009 872 5048 cum
931 4989 1315 5062 blasphemis,
1373 4990 1760 5059 torqueantur
1816 4986 1876 5040 in
1936 4985 2023 5039 in-

371 5087 552 5154 feris;
586 5085 705 5140 sint
730 5081 1024 5138 maledicti
1059 5096 1192 5134 cum
1225 5075 1776 5150 blasphemantibus
1815 5091 2025 5130 nomen

370 5174 635 5240 Domini;
656 5172 775 5230 sint
798 5170 1090 5227 maledicti
1119 5185 1252 5225 cum
1275 5167 1618 5239 desperatis,
1645 5165 1764 5221 sint
1783 5163 2025 5220 maledi-

371 5266 415 5321 ti
439 5265 499 5320 in
515 5264 805 5322 orienteet
825 5255 1664 5317 occidente:sintmaledictiet
1695 5255 1754 5309 in
1787 5253 2027 5310 meridie

371 5358 431 5410 et
480 5352 895 5424 septentrione,
947 5349 1065 5404 sint
1113 5345 1405 5402 maledicti
1472 5345 1531 5400 in
1581 5343 1674 5399 die
1723 5347 1780 5398 et
1822 5343 1880 5397 in
1929 5359 2029 5398 no-

416 5539 424 5546 _
449 5478 528 5550 (3)
548 5473 791 5550 Summi
823 5474 1068 5550 quidam
1101 5471 1408 5550 pontifices
1437 5469 1761 5550 litterarum
1785 5481 2028 5550 suarum

377 5538 755 5609 inscriptioni
790 5538 966 5602 verba
994 5538 1120 5600 haec
1163 5541 1544 5609 addiderant;
1605 5555 1807 5596 verum
1861 5538 2026 5595 Nico-

377 5566 558 5608 inseri
613 5565 755 5603 ueni
790 5565 966 5602 verba
995 5565 1118 5600 meo
1163 5565 1544 5609 auuluuraut;
1609 5565 1807 5596 verum
1861 5565 2026 5595 nicu-

373 5621 509 5682 laus
543 5565 601 5680 II
623 5623 755 5697 post
783 5618 1018 5677 salutem
1046 5615 1252 5684 datam,
1285 5613 1514 5691 primus
1543 5610 1833 5672 constanti
1855 5610 2027 5671 modo

2136 4625 2348 4694 ordini,
2384 4625 2558 4698 plebi,
2583 4624 3110 4680 consistentibusin
3138 4625 3365 4680 civitate
3387 4625 3777 4696 Sistaricensi,

2133 4714 2382 4770 salutem
2407 4718 2463 4769 et
2491 4713 2866 4784 apostolicam
2900 4713 2976 4785 (3)
3016 4714 3476 4770 benedictionem
3538 4715 3586 4770 si
3646 4715 3780 4770 obe-

2133 4804 2365 4859 dierint.

2205 4895 2348 4949 Cum
2383 4889 2564 4945 nostri
2597 4889 2674 4945 sit
2703 4889 2876 4944 ofﬁcii
2909 4890 3252 4947 universalis
3285 4892 3551 4948 Ecclesiae
3580 4912 3781 4950 curam

2135 4997 2352 5054 gerere,
2387 4984 2612 5051 oportet
2643 4996 2748 5033 nos
2778 4980 3011 5035 studere
3042 4981 3318 5038 omnibus
3375 4983 3592 5056 ubique
3648 4999 3779 5055 pro-

2135 5072 2322 5126 desse.
2354 5068 2515 5124 Unde
2547 5085 2650 5139 pro
2677 5073 2866 5123 vestra
2888 5068 3073 5124 salute
3104 5070 3341 5126 fratrem
3375 5072 3550 5127 etiam
3582 5076 3638 5126 et
3685 5085 3798 5126 θοο-

2135 5160 2470 5232 episcopum
2493 5161 2756 5212 nostrum
2773 5157 3094 5214 Gerardum
3121 5159 3192 5230 (li)
3207 5161 3369 5214 vobis
3383 5160 3782 5214 ordinavimus

2137 5248 2520 5315 sacerdotem,
2553 5263 2587 5301 a
2615 5245 2898 5318 religiosis
2927 5247 3068 5303 viris
3096 5248 3153 5302 in
3186 5247 3662 5319 partibusGallia:
3686 5247 3784 5304 ha-

2138 5337 2464 5393 bitantibus
2494 5335 2763 5406 electum,
2799 5336 3020 5392 scilicet
3050 5353 3082 5391 a
3107 5335 3423 5392 venerabili
3454 5337 3628 5393 fratre
3658 5336 3786 5393 Clu-

2138 5467 2194 5520 et
2249 5461 2527 5518 unitormi
2588 5459 2856 5532 adhibuit
2920 5461 3281 5532 apostolicam
3341 5461 3780 5519 benedictionem.

2138 5536 2297 5608 (Hist.
2322 5535 2463 5608 tite,
2496 5537 2537 5608 ι.
2571 5531 2701 5608 v11,_
2727 5549 2782 5606 p.
2815 5531 2965 5608 s21);

2210 5606 2286 5682 (4)
2311 5605 2622 5682 Gerardus,
2655 5603 2774 5662 sive
2804 5603 3094 5664 Gerardus
3127 5604 3175 5664 ΙΙ
3209 5604 3424 5666 electus
3446 5610 3535 5666 est
3561 5607 3784 5684 episco-
