4138 6186
429 217 583 282 1347

1782 213 2096 282 NICOLAI
2142 215 2193 280 II
2236 215 2332 280 PA
2346 213 2470 281 ΡᾸΞ

3633 214 3764 287 1348

425 353 680 409 niacensi
714 352 953 425 Hugone
985 351 1080 424 qui
1117 356 1321 408 nostra
1360 352 1481 408 vice
1539 353 1594 406 in
1639 352 1905 425 partibus
1963 351 2078 408 illis
2108 354 2164 420 Α
2194 353 2558 408 contristare.
2593 351 2766 407 Scitis
2797 351 2951 408 enim
2985 369 3160 424 quam
3191 348 3437 424 benigna
3463 353 3608 410 vobis
3625 355 3762 412 fuerit

424 443 794 514 fungebatur,
819 440 1140 496 Arelatensi
1165 440 1622 513 archiepiscopo,
1648 442 1918 513 episcopo
1936 446 2077 496 Ave-

421 530 709 597 nionensi,
743 530 1015 602 episcopo
1045 530 1438 596 Cabilonensi,
1483 530 1756 601 episcopo
1813 529 2074 601 Aptensi,

418 619 690 691 episcopo
746 617 1014 686 Vasensi,
1073 617 1725 690 cpiscopo’-;Dignensi,
1805 618 2076 688 episcopo

421 706 636 764 Diensi.
672 705 893 772 Quibus
929 706 1182 762 testibus
1213 707 1285 762 de
1318 707 1445 778 ejus
1466 705 1585 761 vita
1609 706 1688 761 nil
1713 706 2072 762 dubitamus.

421 795 524 850 Cui
556 795 825 850 dedimus
862 795 921 850 in
940 795 1254 861 mandatis,
1289 812 1360 851 ne
1383 811 1640 866 unquam
1675 795 2076 850 ordinationes

419 888 736 956 praesumat
765 884 822 938 in
858 899 1016 949 eum,
1053 884 1150 955 qui
1183 883 1468 956 virginem
1511 901 1626 939 non
1683 889 1774 939 est
1832 882 2076 939 sortitus

419 990 679 1039 uxorem,
699 989 887 1045 neque
911 972 1317 1038 inlitteratum,
1340 972 1425 1028 vel
1450 973 1506 1027 in
1524 971 1785 1043 quolibet
1815 971 2076 1045 corporis

419 1068 581 1135 parte
611 1063 901 1130 vitiatum,
935 1067 1037 1118 aut
1059 1079 1125 1118 ex
1148 1063 1484 1134 pmnitente,
1513 1063 1602 1117 vel
1637 1079 1810 1130 curae,
1836 1071 1938 1117 aut
1959 1063 2072 1117 cui-

418 1152 561 1207 libet
591 1151 909 1208 conditioni
942 1151 1280 1219 obnoxium,
1316 1155 1720 1222 notatumque,
1753 1151 1823 1205 ad
1877 1167 2073 1206 sacros

417 1241 652 1297 ordines
683 1241 986 1314 permittat
1015 1241 1286 1296 accedere
1311 1258 1324 1307 ;
1349 1241 1448 1294 sed
1481 1240 1528 1295 si
1562 1256 1709 1311 quos
1730 1240 2071 1310 hujusmodi

418 1329 564 1385 forte
585 1329 888 1400 comperit,
914 1345 1026 1384 non
1049 1329 1262 1383 audeat
1283 1343 1637 1400 promovere.
1658 1328 1826 1382 Afros
1851 1328 2069 1400 passim

418 1419 488 1473 ad
512 1417 938 1472 ecclesiasticos
956 1416 1190 1472 ordines
1210 1417 1656 1488 praetendentes,
1673 1415 1834 1471 nulla
1847 1417 2071 1473 ratione

417 1505 722 1576 suscipiat,
749 1505 888 1576 quia
918 1503 1100 1576 aliqui
1120 1521 1321 1560 eorum
1345 1505 1670 1572 Manichaei,
1703 1504 1882 1578 aliqui
1908 1505 2070 1562 reba-

417 1592 614 1666 ptisati
649 1598 788 1648 sunt
818 1593 1064 1664 probati.
1098 1592 1421 1649 Ministeria
1451 1598 1627 1666 atque
1659 1601 1934 1650 ornatum
1965 1598 2067 1649 Ec-

417 1680 627 1748 clesiae,
659 1680 747 1736 vel
780 1681 1067 1754 quidquid
1100 1681 1242 1737 illud
1275 1687 1364 1738 est
1419 1683 1477 1740 in
1540 1683 1891 1754 patrimonio
1938 1684 2066 1754 ejus

417 1771 682 1826 minuere
715 1787 829 1826 non
852 1771 1084 1826 studeat
1113 1772 1212 1827 sed
1237 1788 1470 1844 augere.
1503 1772 1583 1827 De
1605 1772 1792 1827 reditu
1815 1789 1947 1828 vero
1970 1777 2068 1828 Ec-

414 1859 626 1927 clesiae,
649 1859 740 1916 vel
768 1859 1057 1915 oblatione
1079 1859 1338 1915 fidelium
1360 1864 1610 1932 quatuor
1640 1863 1714 1933 (5)
1738 1862 1911 1917 faciat
1933 1879 2066 1934 por-

412 1950 625 2015 tiones,
658 1966 909 2021 quarum
937 1965 1112 2004 unam
1135 1949 1242 2004 sibi
1277 1950 1542 2018 retineat,
1565 1949 1806 2006 alteram
1841 1950 2064 2006 clericis

413 2056 515 2110 pro
533 2038 861 2094 ofﬁciorum
884 2055 1125 2094 suorum
1150 2037 1459 2094 sedulitate
1483 2039 1814 2106 distribuat,
1830 2040 2062 2096 tertiam

411 2145 543 2184 vero
576 2129 934 2200 pauperibus
964 2132 1019 2183 et
1035 2126 1392 2200 peregrinis,
1421 2131 1691 2199 quartam
1723 2144 1857 2184 vero
1877 2130 2062 2184 eccle-

413 2217 669 2272 siasticis
702 2216 936 2272 fabricis
958 2215 1179 2270 noverit
1209 2217 1632 2272 observandam
1659 2235 1672 2284 ;
1715 2218 1785 2272 de
1846 2218 2063 2288 quibus

412 2305 605 2360 divino
620 2304 1308 2374 eritredditurusjudicio
1332 2305 1634 2360 rationem.
1654 2300 2063 2361 Ordinationes

411 2409 544 2448 vero
560 2392 1030 2464 presbyterorum
1059 2407 1159 2446 seu
1181 2392 1581 2459 diaconorum,
1598 2392 1830 2448 nonnisi
1846 2395 2059 2464 quarti,

411 2481 667 2554 septimi,
702 2479 787 2535 vel
820 2478 1028 2534 decimi
1063 2481 1378 2547 mensium,
1404 2481 1670 2551 jejuniis,
1705 2482 1806 2537 sed
1855 2488 1912 2538 et
1967 2483 2061 2538 in-

411 2586 615 2642 gressu
641 2568 1132 2641 quadragesimali
1161 2573 1334 2640 atque
1359 2568 1638 2624 medianae
1663 2587 1898 2643 vespere
1927 2574 2063 2628 Sab-

410 2659 527 2715 bati
545 2658 766 2714 noverit
779 2657 1173 2713 celebrandas.
1196 2657 1769 2730 Sacrosanctiiautem
1785 2661 2060 2732 baptismi

411 2751 777 2804 sacramenta
841 2746 1075 2802 nonnisi
1140 2746 1198 2800 in
1255 2746 1556 2803 Paschatis
1616 2748 1945 2819 festivitate,
2005 2755 2061 2806 et

411 2837 778 2892 Pentecostcs
812 2835 1148 2891 meminerit
1169 2853 1297 2891 esse
1331 2837 1669 2908 praebenda;
1695 2838 1946 2910 exceptis
1969 2838 2060 2894 his

410 2926 513 2998 qui
544 2925 749 2980 mortis
776 2929 1061 2997 urgentur
1090 2924 1369 2996 periculo,
1403 2943 1473 2981 ne
1503 2926 1562 2980 in
1619 2931 1901 2982 aeternum
1961 2945 2057 3000 pe-

411 3018 594 3081 reant,
633 3013 848 3069 talibus
879 3014 1051 3069 debet
1082 3013 1357 3069 remediis
1386 3015 1703 3070 subveniri.
1730 3017 1895 3072 Nunc
1925 3025 2060 3088 ergo

410 3103 566 3160 sedis
597 3106 807 3158 nostra:
841 3107 1127 3174 praecepta
1149 3103 1423 3174 servanti,

411 3191 576 3265 sequi
609 3195 858 3263 oportet,
892 3195 956 3246 ut
985 3191 1494 3262 irreprehensibile
1514 3191 1929 3265 placidumque
1959 3193 2061 3249 ﬁat

411 3297 623 3353 corpus
654 3279 920 3336 Ecclesia:
955 3296 1056 3350 per
1083 3280 1286 3335 Jesum
1311 3281 1632 3349 Christum,
1665 3287 1771 3337 etc.

1142 3385 1330 3441 XXVI.

413 3475 656 3533 Nicolaii
711 3474 762 3529 II
787 3474 1013 3544 epistola
1041 3473 1113 3528 ad
1147 3473 1467 3556 Cervasium
1510 3479 1822 3533 Rmzensem
1873 3479 2060 3534 archi-

1065 3560 1394 3616 episwpum.

980 3633 1167 3705 (Anno
1198 3634 1486 3706 1059—61.)

592 3723 942 3795 [DUCHBSNI-Z,
978 3725 1102 3780 Rer.
1132 3728 1332 3780 Franc.
1369 3724 1564 3797 Script.
1600 3726 1690 3796 IV,
1729 3729 1873 3798 198.]

485 3813 790 3877 NICOLAUS,
825 3829 1028 3868 servus
1059 3829 1356 3870 servorum
1390 3814 1512 3885 Dei,
1545 3817 1831 3872 Gsavasro
1890 3834 2060 3874 vene-

415 3900 586 3956 rabili
642 3900 1100 3974 archiepiscopo,
1161 3901 1409 3958 salutem
1469 3920 1601 3960 cum
1662 3906 2063 3963 benedictione

414 3987 750 4059 apostolica.

488 4075 644 4132 Licet
673 4077 744 4131 de
767 4080 959 4132 vestra
981 4078 1341 4136 fraternitate
1373 4083 1640 4153 quaedam
1674 4083 1935 4149 sinistra,
1959 4101 2064 4141 nec

416 4163 541 4220 sine
573 4163 938 4221 discussione
970 4164 1336 4235 dimittenda,
1359 4172 1724 4240 pervenerint
1738 4172 1811 4226 ad
1841 4177 2067 4243 aposto-

417 4253 589 4308 licam
612 4253 842 4309 sedem:
871 4253 1094 4310 scilicet
1114 4257 1269 4327 quod
1296 4257 1424 4327 ejus
1446 4257 1816 4315 invasoribus
1840 4260 2062 4327 faverit,

417 4342 572 4414 quod
604 4342 968 4415 pontiﬁcales
1000 4348 1165 4400 actus
1187 4347 1617 4418 postposuerit;
1671 4353 1868 4404 tamen
1928 4350 2067 4421 quia

2185 442 2517 497 communis
2540 445 2728 496 mater
2747 444 2946 497 sancta
2963 442 3223 497 Romana
3235 440 3500 509 Ecclesia,
3520 457 3765 516 quamque

2187 532 2256 586 de
2288 536 2343 586 te
2376 547 2590 604 magna
2621 531 2672 586 ei
2705 530 2939 599 fiducia,
2973 535 3038 587 ut
3065 535 3165 586 tua
3209 529 3440 586 solertia
3466 531 3764 590 Francorum

2186 624 2382 692 posset
2394 634 2732 675 succurrere
2753 635 2897 690 pene
2914 618 3090 692 lapsae
3101 618 3381 674 Ecclesiae.
3397 619 3622 674 Proinde
3632 636 3766 693 agere

2186 709 2356 764 stude
2386 709 2540 780 quod
2575 709 2644 763 de
2673 712 2728 763 te
2760 708 3012 780 speravit
3039 707 3354 779 apostolica
3391 708 3569 776 sedes,
3597 711 3647 764 et
3691 727 3766 766 ve-

2188 801 2375 853 strum
2409 812 2605 868 regem
2638 795 2960 869 gloriosum
2990 797 3230 866 castiga,
3261 812 3507 867 precare,
3544 796 3766 865 admone,

2183 902 2255 941 ne
2276 890 2641 957 pervertatur
2660 885 3050 957 pessimorum
3068 883 3327 952 consillo,
3353 885 3448 957 qui
3481 889 3656 940 nostra
3673 886 3766 942 dis-

2182 975 2380 1031 cordia
2409 979 2620 1046 putant
2645 990 2706 1029 se
2744 973 3126 1046 apostolicam
3180 990 3481 1029 censuram
3534 974 3764 1029 evadere:

2181 1068 2494 1134 caveatque
2524 1063 2708 1119 sacris
2739 1063 3082 1130 canonibus,
3111 1062 3227 1118 imo
3259 1062 3421 1118 beato
3461 1061 3610 1117 Petro
3655 1061 3769 1118 resi-

2182 1157 2353 1220 stere,
2381 1168 2626 1224 nosque,
2659 1151 2758 1223 qui
2807 1168 2940 1208 eum
3001 1151 3155 1206 sicut
3211 1149 3487 1223 pupillam
3539 1150 3766 1206 volumus

2181 1257 2376 1296 amare
2404 1239 2579 1307 oculi,
2612 1246 2811 1296 contra
2840 1257 2902 1296 se
2933 1256 3179 1295 movere.
3210 1239 3362 1295 Satis
3406 1238 3550 1294 enim
3601 1239 3765 1294 mirari

2179 1335 2387 1403 potest,
2421 1329 2470 1384 si
2503 1345 2605 1401 pro
2636 1328 2830 1400 aliquo
2860 1327 3061 1394 stulto,
3095 1328 3248 1383 sicut
3277 1332 3382 1394 est,
3433 1344 3594 1400 quem
3618 1327 3766 1382 voluit

2179 1419 2454 1485 ordinari,
2491 1417 2938 1474 Matisconensis
2969 1417 3302 1489 episc0pus,
3353 1415 3472 1471 vult
3523 1416 3684 1472 Deum
3726 1419 3771 1472 et

2177 1511 2234 1564 et
2263 1511 2531 1564 sanctum
2564 1510 2799 1562 Petrum
2832 1505 3159 1575 oﬂ‘endere;
3193 1510 3454 1561 nostram
3481 1505 3770 1561 charitatem

2177 1601 2352 1668 atgue
2384 1597 2672 1652 sinceram
2705 1595 3078 1651 dilectionem
3109 1594 3265 1650 circa
3294 1609 3355 1650 se
3385 1593 3769 1666 parvipendere.

2177 1690 2265 1740 An
2290 1689 2454 1758 putat
2474 1684 2691 1757 aliquis
2713 1685 3108 1739 membrorum
3129 1682 3492 1749 Antichristi,
3511 1681 3650 1753 quod
3666 1681 3772 1752 plus

2176 1792 2293 1830 non
2327 1773 2511 1846 possit
2540 1775 2591 1828 ei
2622 1774 2898 1846 prodesse
2918 1771 3105 1844 gratia
3133 1771 3292 1828 beati
3314 1772 3480 1839 Petri,
3504 1786 3662 1842 quam
3677 1785 3770 1825 om-

2177 1865 2340 1919 nium
2372 1863 2686 1934 impiorum
2721 1862 2944 1934 perﬁda
2971 1860 3226 1917 ﬁdelitas
3246 1860 3274 1914 ‘I
3302 1862 3446 1933 Agat
3473 1858 3651 1931 itaque
3673 1857 3769 1930 glo-

2174 1955 2366 2010 riosus
2395 1967 2514 2017 rex,
2547 1956 2612 2006 ut
2641 1951 2803 2016 libet,
2835 1953 3037 2006 contra
3065 1965 3192 2017 nos,
3231 1950 3370 2021 quia
3407 1964 3507 2004 nos
3559 1963 3649 2019 pro
3692 1945 3768 2000 illo

2172 2044 2419 2114 ejusque
2448 2039 2701 2096 exercitu
2733 2039 2916 2095 Deum
2948 2054 3180 2110 semper
3208 2037 3428 2111 precari
3475 2035 3643 2109 parati
3687 2052 3772 2092 su-

2174 2149 2328 2186 mus.
2357 2135 2432 2186 De
2462 2130 2608 2185 duce
2628 2145 2759 2184 vero
2791 2127 3074 2184 Gotifrido
3099 2143 3274 2183 nemo
3304 2143 3404 2184 vos
3432 2129 3645 2191 terreat,
3664 2140 3767 2180 cum

2172 2220 2347 2275 fuerit
2377 2236 2526 2292 opus
2554 2235 2655 2274 vos
2687 2217 2880 2274 venire
2909 2217 3176 2284 Romam,
3233 2216 3370 2288 quia
3425 2233 3534 2273 non
3581 2216 3767 2272 tantum

2172 2308 2334 2365 vobis
2363 2309 2850 2381 impedimentum
2884 2323 2999 2362 non
3020 2306 3213 2374 faciet,
3241 2307 3341 2362 sed
3371 2305 3538 2362 etiam
3560 2303 3765 2358 ﬁdeliter

2172 2399 2474 2454 servitium
2507 2396 2823 2470 impendet.
2849 2394 3119 2452 Salutant
3143 2411 3249 2449 vos
3267 2393 3584 2450 charissimi
3601 2392 3768 2446 fratres

2173 2488 2356 2543 nostri
2386 2485 2713 2542 cardinales
2742 2484 3022 2557 episcopi,
3089 2499 3320 2540 necnon
3365 2482 3644 2539 humilitas
3686 2478 3767 2534 ﬁlii

2171 2575 2355 2633 nostri
2391 2573 2789 2631 Hildebrandi.

2884 2661 3106 2718 XXVII.

2169 2757 2419 2812 Nicotaus
2493 2755 2545 2808 II
2626 2752 2843 2807 Annam
2895 2753 3142 2822 reginam
3201 2751 3396 2806 Galliae
3448 2748 3670 2822 hortatur
3714 2749 3763 2799 ut

2242 2825 2515 2896 regemad
2561 2825 2782 2895 pietatis
2837 2820 3224 2896 aequitatisque
3285 2820 3765 2896 gubernaculum-

2240 2892 2500 2964 dei'anda,
2522 2892 2832 2967 statumque
2860 2892 3482 2950 Ecclesiw’retinendum
3499 2892 3683 2948 incitet.

2739 2985 2928 3056 (Anno
2959 2983 3188 3039 1059-64
3207 2984 3250 3056 .)

1457 3065 2056 3160 asa‘gi‘;;.‘..‘.;;;.'.§:
2086 3092 2129 3158 C
2169 3077 2341 3147 Huius
2396 3073 2643 3160 epistola?
2705 3077 2909 3160 Petri“.
2938 3073 3246 3160 θαφίαητέδ
3272 3074 3374 3160 ,εει
3417 3073 3610 3160 siets-
3667 3065 3764 3123 νίίίε

2407 3141 2550 3201 inter
2575 3146 2693 3214 eius
2721 3145 2992 3216 epistolas,
3021 3144 3152 3216 Opp.
3184 3147 3231 3199 t.
3271 3146 3311 3214 Ι,
3337 3161 3392 3216 p.
3426 3141 3562 3212 124.]

2867 3250 3108 3306 XXVIII.

2169 3343 2422 3398 Nicotaus
2482 3342 2532 3396 11
2589 3340 2842 3395 Gervasio
2889 3339 3292 3411 archiepiscopo
3351 3336 3603 3411 Remensi,
3651 3344 3764 3404 pra?-

2240 3415 2373 3485 cipit
2391 3421 2440 3468 et
2469 3412 2671 3468 damna
2725 3411 2982 3467 Ecclesiae
3038 3409 3372 3467 Virdunensi
3426 3409 3575 3465 illata
3614 3419 3764 3460 recon-

2241 3488 2442 3541 cinnet.

2739 3554 2928 3622 (Anno
2965 3551 3251 3618 l059-61.)

2354 3645 2700 3712 menssana,
2731 3644 2873 3698 Hist.
2906 3643 3099 3697 Franc.
3125 3640 3326 3712 Script.
3362 3639 3450 3706 IV,
3485 3636 3617 3706 199.]

2244 3734 2527 3790 NICOLAUS
2557 3732 2888 3804 episcopus,
2921 3746 3122 3787 servus
3155 3745 3458 3786 servorum
3485 3725 3599 3795 Dei,
3649 3721 3765 3778 Gen-

2171 3839 2334 3878 vasro
2366 3819 2670 3876 Remensis
2703 3819 2965 3876 Ecclesia:
2997 3819 3459 3891 archiepiscopo,
3489 3814 3705 3872 salutem
3723 3809 3766 3863 et

2173 3910 2552 3984 apostolicam
2582 3909 3068 3965 benedictionem.

2244 3999 2527 4066 Quoniam
2559 3999 2728 4054 nobis
2763 3997 3147 4054 commissum
3197 4000 3311 4063 est,
3371 4000 3428 4052 et
3477 3988 3767 4048 auctoritate

2173 4089 2325 4144 beati
2361 4087 2513 4143 Petri
2544 4087 2848 4154 traditum,
2898 4103 3077 4158 supra
3135 4101 3313 4157 quem
3373 4081 3763 4140 fundamentum

2174 4175 2524 4233 universalis
2554 4174 2824 4231 Ecclesiae
2855 4174 3171 4231 solidatum
3194 4178 3304 4242 est,
3330 4176 3610 4245 quatenus
3635 4169 3681 4222 et
3699 4178 3768 4217 er-

2173 4270 2299 4321 rata
2327 4263 2712 4336 corrigamus,
2744 4267 2800 4318 et
2831 4263 3096 4318 membra
3115 4267 3314 4319 nostro
3345 4260 3517 4334 capiti
3536 4255 3772 4314 coheren-

2173 4355 2277 4422 tia,
2310 4370 2381 4410 ne
2411 4353 2736 4418 dissonent,
2768 4352 3112 4408 studeamus
3136 4368 3149 4406 :
3177 4351 3307 4420 tibi,
3340 4353 3533 4423 utpote
3560 4343 3692 4401 velut
3714 4337 3769 4393 de

416 4431 752 4486 testimonio
785 4449 899 4488 non
929 4432 1070 4488 levis
1086 4450 1344 4505 personae
1375 4435 1724 4505 defenderis,
1745 4437 1846 4492 sed
1872 4439 2066 4510 potius
2096 4464 2143 4528 Ι)
2175 4443 2393 4501 nostris
2422 4445 2480 4498 et
2509 4445 2722 4497 sanctae
2753 4441 3024 4497 Romana
3057 4438 3327 4496 Ecclesia;
3359 4435 3640 4498 membris,
3690 4442 3767 4500 p8-

416 4521 487 4575 de
519 4520 797 4577 ﬁdelitate
828 4523 1013 4577 sancti
1046 4523 1196 4578 Petri
1227 4522 1506 4590 laudaris,
1535 4525 1840 4598 praemissa
1868 4531 2064 4584 trans-

417 4609 592 4677 imus,
618 4615 674 4664 et
699 4615 968 4666 utvcrum
986 4612 1145 4668 sitdo
1162 4612 1745 4670 vobistestimonium
1770 4619 2062 4688 optamus.

414 4696 531 4752 Vos
562 4702 757 4753 autem
790 4700 949 4754 omni
976 4703 1282 4757 conamine
1312 4701 1543 4758 studete
1590 4703 1671 4758 ita
1726 4705 1935 4774 vivere,
1999 4710 2064 4760 ut

417 4785 593 4840 vestri
624 4802 737 4840 non
771 4786 1025 4843 habeant
1055 4789 1274 4844 inimici
1307 4791 1461 4846 unde
1483 4808 1590 4846 nos
1631 4794 1857 4864 possint
1879 4794 1936 4848 in
1962 4811 2061 4850 vos

311 4993 317 5000 η
416 4944 529 5054 gus
560 4927 965 4984 Sistaricensis
996 4931 1055 4985 in
1089 4948 1299 5003 magno
1331 4934 1576 4989 concilio
1608 4936 1990 4992 Avcnionensi
2031 4955 2064 4993 a

463 5041 475 5054 .
497 4998 736 5054 Hueone
751 5001 956 5054 abbate
969 5001 1354 5054 Cluniacensi.
1373 5004 1560 5054 legato
1575 5007 1788 5054 Ninnlni
1812 5026 1971 5054 nnnm
1993 5010 2058 5054 ΠΔ

463 4998 736 5080 λΗυεοηθ
751 5001 956 5080 abbate
969 4998 1354 5080 Cluniacensi,
1373 5004 1560 5080 legato
1575 5007 1791 5062 Nicolai
1812 5026 1971 5080 papae
1993 5010 2059 5065 ll.

417 5071 636 5154 Missus
667 5072 965 5158 ago‘ncil'io
983 5074 1053 5158 ad
1082 5074 1406 5158 Nicolaum,
1429 5071 1503 5132 ab
1536 5071 2066 5158 ipseconsectratur

417 5141 477 5197 in
509 5144 686 5215 episc.
717 5143 969 5219 Sittaric.
1005 5149 1122 5219 H_ac
1154 5145 1313 5219 bulla
1342 5163 1444 5202 seu
1476 5141 1722 5219 epistola
1744 5151 2060 5219 munitum,

418 5229 569 5340 ἕδρα
601 5231 732 5270 eum
763 5215 970 5270 direxit
989 5216 1058 5270 ad
1084 5217 1279 5272 sedem
1303 5235 1493 5274 suam.
1512 5215 1756 5291 Indigne
1774 5221 2010 5279 habitus
2031 5215 2064 5279 a

463 5286 1090 5340 ittaricensibus.venit
1111 5288 1606 5340 Forcalquierum-
1627 5293 1723 5340 ubi
1750 5292 2064 5340 honoriﬁce

463 5286 1090 5360 ittaricensibus,venit
1111 5288 1606 5360 Forcalquierum,
1627 5286 1724 5346 ubi
1748 5292 2065 5350 honoriﬁce

419 5361 507 5428 est
535 5362 828 5428 exceptus.
863 5357 1185 5415 Consilium
1225 5357 1350 5416 hoc'
1372 5363 1768 5418 Avenionense
1827 5371 2064 5428 praeter-

420 5427 689 5484 missum’
704 5433 792 5484 est
816 5428 875 5484 in
909 5430 1287 5487 conciliorum
1310 5431 1771 5490 collectionibus.
1807 5427 2064 5492 Honora-

416 5503 515 5564 tus
525 5498 756 5562 Bouche
776 5501 1241 5581 observatipsius
1261 5509 1390 5566 acta
1408 5504 1549 5568 olim
1570 5511 1865 5568 asservata
1885 5508 2067 5572 fuisse

2173 4537 2335 4588 terne
2352 4531 2678 4587 intimando
2702 4529 3094 4602 praecipimus,
3114 4532 3406 4599 quatenus
3426 4543 3522 4599 per
3541 4528 3606 4588 te,
3629 4529 3768 4590 quem

2176 4621 2234 4677 in
2266 4619 2486 4693 gremio
2502 4619 2708 4674 matris
2729 4622 2865 4687 tuae,
2888 4616 3236 4674 universalis
3249 4615 3509 4673 videlicet
3526 4604 3766 4693 Ecclesia,

2175 4691 2517 4765 conclusum
2533 4724 2659 4764 esse
2680 4723 3016 4780 speramus;
3037 4722 3142 4762 nec
3153 4701 3502 4761 Virdunensi
3524 4691 3767 4756 Ecclesia,

2173 4815 2297 4870 quae
2329 4796 2497 4853 nobis
2530 4796 2847 4853 commissa
2875 4799 2966 4853 est
2998 4812 3130 4850 cum
3163 4794 3463 4858 fratribus,
3494 4786 3768 4860 quidquam

2173 4940 2232 4994 in
2266 4939 2496 5010 archivo
2530 4936 3240 5010 Forcalqueriensi,_nunc
3292 4949 3444 5010 vero-
3478 4924 3765 5010 desigﬁflfg

2171 4992 2850 5086 Tempus-habitighujus
2897 4992 3148 5086 concilii
3185 4997 3561 5086 nan-“potest

2175 5057 2570 5139 ulvtrarannum
2604 5057 2892 5148 IO61,Jquo
2913 5081 3100 5136 vivere
3117 5078 3289 5134 desiit
3306 5057 3565 5148 Nicolaus
3593 5057 3762 5148 11,89?

2173 5135 2753 5224 cujusvpontiﬁcatu'
2794 5135 2906 5206 Iuit
2975 5135 3351 5208 celebratum.
3411 5143 3565 5218 (Gell.
3599 5135 3762 5193 Christ.

2171 5223 2319 5300 non,
2351 5223 2504 5300 ῥᾴω..
2533 5225 2573 5292 Ι,
2601 5223 2716 5300 col.
2749 5225 2896 5290 483.)
2973 5293 2986 5300 _
3063 5292 3074 5300 _
3200 5291 3238 5300 η
3284 5291 3294 5300 _
3338 5289 3349 5300 ,
3532 5285 3671 5300 ,μη
3715 5270 3727 5300 ς

2246 5285 2321 5367 (5)
2353 5285 2811 5350 Hmc'redditum
2835 5285 3127 5367 ecclesia:
3163 5289 3389 5367 _divi_si_o
3437 5285 3763 5367 ⁸(ιιιειιιιξξιζῃξξ

2175 5355 2369 5438 partes
2399 5371 2490 5439 est
2518 5367 2575 5421 S.
2610 5365 2870 5439 Gregorii
2901 5362 3310 5439 scribentisad
3339 5361 3392 5416 S.
3421 5355 3761 5439 August‘ipum

2172 5419 2651 5511 Canrtu‘ariensem
2664 5419 3171 5511 archiepiscopum
3192 5419 3314 5511 (lib.
3337 5448 3417 5502 x1,
3437 5419 3592 5502 epist.
3613 5419 3688 5476 64.
3707 5439 3762 5456 -ι

2173 5510 2318 5573 Gali.
2357 5509 2604 5587 Christ).
