  <div class='ocr_page' id='page_1' title='image "/cluster/home/n/w/nwhite01/storage/ocr_20150623/143/hvd.32044054760038/682.png"; bbox 0 0 4138 6186; ppageno 0'>
   <div class='ocr_carea' id='block_1_1' title="bbox 344 285 503 348">
    <p class='ocr_par' dir='ltr' id='par_1_1' title="bbox 344 285 503 348">
     <span class='ocr_line' id='line_1_1' title="bbox 344 285 503 348; baseline 0.019 -3"><span class='ocrx_word' id='word_1_1' title='bbox 344 285 503 348; x_wconf 70' lang='grc'>1349</span> 
     </span>
    </p>
   </div>
   <div class='ocr_carea' id='block_1_2' title="bbox 1517 284 2582 357">
    <p class='ocr_par' dir='ltr' id='par_1_2' title="bbox 1517 284 2582 357">
     <span class='ocr_line' id='line_1_2' title="bbox 1517 284 2582 357; baseline 0.001 -4"><span class='ocrx_word' id='word_1_2' title='bbox 1517 284 1923 355; x_wconf 70' lang='lat' dir='ltr'>EPISTOLIE</span> <span class='ocrx_word' id='word_1_3' title='bbox 1963 285 2066 354; x_wconf 79' lang='lat' dir='ltr'>ET</span> <span class='ocrx_word' id='word_1_4' title='bbox 2107 287 2582 357; x_wconf 82' lang='lat' dir='ltr'>DIPLOMATA.</span> 
     </span>
    </p>
   </div>
   <div class='ocr_carea' id='block_1_3' title="bbox 3591 297 3748 364">
    <p class='ocr_par' dir='ltr' id='par_1_3' title="bbox 3591 297 3748 364">
     <span class='ocr_line' id='line_1_3' title="bbox 3591 297 3748 364; baseline 0.006 -2"><span class='ocrx_word' id='word_1_5' title='bbox 3591 297 3748 364; x_wconf 76' lang='grc'>1350</span> 
     </span>
    </p>
   </div>
   <div class='ocr_carea' id='block_1_4' title="bbox 344 417 3750 496">
    <p class='ocr_par' dir='ltr' id='par_1_4' title="bbox 344 417 3750 496">
     <span class='ocr_line' id='line_1_4' title="bbox 344 417 3750 496; baseline 0.005 -23"><span class='ocrx_word' id='word_1_6' title='bbox 344 417 574 490; x_wconf 69' lang='lat' dir='ltr'>injuriae</span> <span class='ocrx_word' id='word_1_7' title='bbox 605 422 725 475; x_wconf 90' lang='lat' dir='ltr'>tam</span> <span class='ocrx_word' id='word_1_8' title='bbox 756 435 860 493; x_wconf 89' lang='lat' dir='ltr'>per</span> <span class='ocrx_word' id='word_1_9' title='bbox 887 425 943 478; x_wconf 91' lang='lat' dir='ltr'>te</span> <span class='ocrx_word' id='word_1_10' title='bbox 975 437 1150 496; x_wconf 90' lang='lat' dir='ltr'>quam</span> <span class='ocrx_word' id='word_1_11' title='bbox 1199 438 1302 496; x_wconf 91' lang='lat' dir='ltr'>per</span> <span class='ocrx_word' id='word_1_12' title='bbox 1347 427 1481 478; x_wconf 89' lang='lat' dir='ltr'>tuos</span> <span class='ocrx_word' id='word_1_13' title='bbox 1535 423 1746 480; x_wconf 86' lang='lat' dir='ltr'>inferre</span> <span class='ocrx_word' id='word_1_14' title='bbox 1779 425 1989 480; x_wconf 91' lang='lat' dir='ltr'>amodo</span> <span class='ocrx_word' id='word_1_15' title='bbox 2021 427 2076 492; x_wconf 81' lang='grc' dir='ltr'>Α</span> <span class='ocrx_word' id='word_1_16' title='bbox 2109 425 2290 482; x_wconf 91' lang='lat' dir='ltr'>torica</span> <span class='ocrx_word' id='word_1_17' title='bbox 2311 431 2430 482; x_wconf 89' lang='lat' dir='ltr'>arte</span> <span class='ocrx_word' id='word_1_18' title='bbox 2461 425 2728 483; x_wconf 90' lang='lat' dir='ltr'>charitati</span> <span class='ocrx_word' id='word_1_19' title='bbox 2750 431 2953 485; x_wconf 66' lang='lat' dir='ltr'>vestras</span> <span class='ocrx_word' id='word_1_20' title='bbox 2983 429 3274 488; x_wconf 85' lang='lat' dir='ltr'>mittimus</span> <span class='ocrx_word' id='word_1_21' title='bbox 3305 431 3649 491; x_wconf 89' lang='lat' dir='ltr'>edocendos.</span> <span class='ocrx_word' id='word_1_22' title='bbox 3675 435 3750 492; x_wconf 93' lang='lat' dir='ltr'>Ut</span> 
     </span>
    </p>
   </div>
   <div class='ocr_carea' id='block_1_5' title="bbox 346 506 1990 583">
    <p class='ocr_par' dir='ltr' id='par_1_5' title="bbox 346 506 1990 583">
     <span class='ocr_line' id='line_1_5' title="bbox 346 506 1990 583; baseline 0.003 -20"><span class='ocrx_word' id='word_1_23' title='bbox 346 506 611 579; x_wconf 85' lang='lat' dir='ltr'>patiaris.</span> <span class='ocrx_word' id='word_1_24' title='bbox 635 508 797 572; x_wconf 87' lang='lat' dir='ltr'>Quod</span> <span class='ocrx_word' id='word_1_25' title='bbox 820 515 1017 568; x_wconf 87' lang='lat' dir='ltr'>autem</span> <span class='ocrx_word' id='word_1_26' title='bbox 1039 516 1242 568; x_wconf 88' lang='lat' dir='ltr'>contra</span> <span class='ocrx_word' id='word_1_27' title='bbox 1280 512 1544 583; x_wconf 85' lang='lat' dir='ltr'>ejusdem</span> <span class='ocrx_word' id='word_1_28' title='bbox 1586 511 1851 568; x_wconf 73' lang='lat' dir='ltr'>Ecclesiaa</span> <span class='ocrx_word' id='word_1_29' title='bbox 1876 514 1990 568; x_wconf 86' lang='lat' dir='ltr'>fra-</span> 
     </span>
    </p>
   </div>
   <div class='ocr_carea' id='block_1_6' title="bbox 2108 515 3748 591">
    <p class='ocr_par' dir='ltr' id='par_1_6' title="bbox 2108 515 3748 591">
     <span class='ocr_line' id='line_1_6' title="bbox 2108 515 3748 591; baseline 0.007 -22"><span class='ocrx_word' id='word_1_30' title='bbox 2108 515 2261 570; x_wconf 90' lang='lat' dir='ltr'>sicut</span> <span class='ocrx_word' id='word_1_31' title='bbox 2283 520 2338 570; x_wconf 91' lang='lat' dir='ltr'>te</span> <span class='ocrx_word' id='word_1_32' title='bbox 2360 520 2473 576; x_wconf 92' lang='lat' dir='ltr'>Deo</span> <span class='ocrx_word' id='word_1_33' title='bbox 2514 516 2732 589; x_wconf 82' lang='lat' dir='ltr'>gratias</span> <span class='ocrx_word' id='word_1_34' title='bbox 2763 518 3120 591; x_wconf 81' lang='lat' dir='ltr'>singularem</span> <span class='ocrx_word' id='word_1_35' title='bbox 3163 521 3221 575; x_wconf 91' lang='lat' dir='ltr'>in</span> <span class='ocrx_word' id='word_1_36' title='bbox 3256 522 3364 578; x_wconf 92' lang='lat' dir='ltr'>hoc</span> <span class='ocrx_word' id='word_1_37' title='bbox 3403 523 3554 578; x_wconf 90' lang='lat' dir='ltr'>bivio</span> <span class='ocrx_word' id='word_1_38' title='bbox 3577 524 3748 580; x_wconf 88' lang='lat' dir='ltr'>audi-</span> 
     </span>
    </p>
   </div>
   <div class='ocr_carea' id='block_1_7' title="bbox 344 599 3748 684">
    <p class='ocr_par' dir='ltr' id='par_1_7' title="bbox 344 599 3748 684">
     <span class='ocr_line' id='line_1_7' title="bbox 344 599 3748 684; baseline 0.004 -31"><span class='ocrx_word' id='word_1_39' title='bbox 344 603 468 653; x_wconf 86' lang='lat' dir='ltr'>tres</span> <span class='ocrx_word' id='word_1_40' title='bbox 501 613 659 652; x_wconf 92' lang='lat' dir='ltr'>nunc</span> <span class='ocrx_word' id='word_1_41' title='bbox 688 599 931 667; x_wconf 89' lang='lat' dir='ltr'>noviter,</span> <span class='ocrx_word' id='word_1_42' title='bbox 967 605 1024 655; x_wconf 91' lang='lat' dir='ltr'>et</span> <span class='ocrx_word' id='word_1_43' title='bbox 1051 604 1138 670; x_wconf 87' lang='lat' dir='ltr'>tu,</span> <span class='ocrx_word' id='word_1_44' title='bbox 1168 605 1226 656; x_wconf 90' lang='lat' dir='ltr'>et</span> <span class='ocrx_word' id='word_1_45' title='bbox 1263 600 1366 668; x_wconf 89' lang='lat' dir='ltr'>tui,</span> <span class='ocrx_word' id='word_1_46' title='bbox 1416 600 1617 656; x_wconf 90' lang='lat' dir='ltr'>damni</span> <span class='ocrx_word' id='word_1_47' title='bbox 1661 604 1717 656; x_wconf 91' lang='lat' dir='ltr'>et</span> <span class='ocrx_word' id='word_1_48' title='bbox 1765 600 1992 672; x_wconf 85' lang='lat' dir='ltr'>injuriae</span> <span class='ocrx_word' id='word_1_49' title='bbox 2100 602 2315 669; x_wconf 85' lang='lat' dir='ltr'>vimus,</span> <span class='ocrx_word' id='word_1_50' title='bbox 2340 603 2423 659; x_wconf 91' lang='lat' dir='ltr'>sic</span> <span class='ocrx_word' id='word_1_51' title='bbox 2444 603 2589 660; x_wconf 91' lang='lat' dir='ltr'>istos</span> <span class='ocrx_word' id='word_1_52' title='bbox 2610 604 2938 678; x_wconf 82' lang='lat' dir='ltr'>singulares</span> <span class='ocrx_word' id='word_1_53' title='bbox 2960 613 3152 664; x_wconf 83' lang='lat' dir='ltr'>tecum</span> <span class='ocrx_word' id='word_1_54' title='bbox 3181 625 3358 681; x_wconf 88' lang='lat' dir='ltr'>quam</span> <span class='ocrx_word' id='word_1_55' title='bbox 3399 611 3510 668; x_wconf 89' lang='lat' dir='ltr'>cito</span> <span class='ocrx_word' id='word_1_56' title='bbox 3531 613 3748 684; x_wconf 91' lang='lat' dir='ltr'>poteris</span> 
     </span>
    </p>
   </div>
   <div class='ocr_carea' id='block_1_8' title="bbox 345 685 1992 754">
    <p class='ocr_par' dir='ltr' id='par_1_8' title="bbox 345 685 1992 754">
     <span class='ocr_line' id='line_1_8' title="bbox 345 685 1992 754; baseline 0.002 -14"><span class='ocrx_word' id='word_1_57' title='bbox 345 685 654 754; x_wconf 78' lang='lat' dir='ltr'>intulistis,</span> <span class='ocrx_word' id='word_1_58' title='bbox 679 687 1069 744; x_wconf 90' lang='lat' dir='ltr'>communiter</span> <span class='ocrx_word' id='word_1_59' title='bbox 1089 692 1146 744; x_wconf 85' lang='lat' dir='ltr'>et</span> <span class='ocrx_word' id='word_1_60' title='bbox 1176 693 1389 746; x_wconf 65' lang='lat' dir='ltr'>sanctae</span> <span class='ocrx_word' id='word_1_61' title='bbox 1419 688 1685 745; x_wconf 60' lang='lat' dir='ltr'>Ecclesia;</span> <span class='ocrx_word' id='word_1_62' title='bbox 1717 689 1992 746; x_wconf 71' lang='lat' dir='ltr'>Romanis</span> 
     </span>
    </p>
   </div>
   <div class='ocr_carea' id='block_1_9' title="bbox 348 777 1995 847">
    <p class='ocr_par' dir='ltr' id='par_1_9' title="bbox 348 777 1995 847">
     <span class='ocr_line' id='line_1_9' title="bbox 348 777 1995 847; baseline 0.002 -17"><span class='ocrx_word' id='word_1_63' title='bbox 348 790 458 830; x_wconf 89' lang='lat' dir='ltr'>cau</span> <span class='ocrx_word' id='word_1_64' title='bbox 476 791 561 843; x_wconf 91' lang='lat' dir='ltr'>sa,</span> <span class='ocrx_word' id='word_1_65' title='bbox 594 778 651 830; x_wconf 89' lang='lat' dir='ltr'>et</span> <span class='ocrx_word' id='word_1_66' title='bbox 663 777 844 832; x_wconf 85' lang='lat' dir='ltr'>nostri</span> <span class='ocrx_word' id='word_1_67' title='bbox 868 792 1063 833; x_wconf 90' lang='lat' dir='ltr'>amore</span> <span class='ocrx_word' id='word_1_68' title='bbox 1085 779 1395 834; x_wconf 88' lang='lat' dir='ltr'>emendare</span> <span class='ocrx_word' id='word_1_69' title='bbox 1411 783 1486 847; x_wconf 92' lang='lat' dir='ltr'>te,</span> <span class='ocrx_word' id='word_1_70' title='bbox 1511 778 1670 834; x_wconf 90' lang='lat' dir='ltr'>omni</span> <span class='ocrx_word' id='word_1_71' title='bbox 1690 778 1995 835; x_wconf 81' lang='lat' dir='ltr'>occasione</span> 
     </span>
    </p>
   </div>
   <div class='ocr_carea' id='block_1_10' title="bbox 349 864 1996 938">
    <p class='ocr_par' dir='ltr' id='par_1_10' title="bbox 349 864 1996 938">
     <span class='ocr_line' id='line_1_10' title="bbox 349 864 1996 938; baseline 0.003 -20"><span class='ocrx_word' id='word_1_72' title='bbox 349 867 596 929; x_wconf 86' lang='lat' dir='ltr'>remota,</span> <span class='ocrx_word' id='word_1_73' title='bbox 629 864 996 921; x_wconf 86' lang='lat' dir='ltr'>admonendo</span> <span class='ocrx_word' id='word_1_74' title='bbox 1021 866 1322 936; x_wconf 90' lang='lat' dir='ltr'>jubemus,</span> <span class='ocrx_word' id='word_1_75' title='bbox 1353 867 1463 922; x_wconf 90' lang='lat' dir='ltr'>hoc</span> <span class='ocrx_word' id='word_1_76' title='bbox 1501 871 1590 922; x_wconf 92' lang='lat' dir='ltr'>est</span> <span class='ocrx_word' id='word_1_77' title='bbox 1636 869 1889 938; x_wconf 68' lang='lat' dir='ltr'>praedam</span> <span class='ocrx_word' id='word_1_78' title='bbox 1925 868 1996 923; x_wconf 93' lang='lat' dir='ltr'>de</span> 
     </span>
    </p>
   </div>
   <div class='ocr_carea' id='block_1_11' title="bbox 349 950 1993 1028">
    <p class='ocr_par' dir='ltr' id='par_1_11' title="bbox 349 950 1993 1028">
     <span class='ocr_line' id='line_1_11' title="bbox 349 950 1993 1028; baseline 0.003 -21"><span class='ocrx_word' id='word_1_79' title='bbox 349 950 676 1019; x_wconf 87' lang='lat' dir='ltr'>Postviller,</span> <span class='ocrx_word' id='word_1_80' title='bbox 709 969 836 1024; x_wconf 75' lang='lat' dir='ltr'>quae</span> <span class='ocrx_word' id='word_1_81' title='bbox 865 955 1136 1025; x_wconf 84' lang='lat' dir='ltr'>potestati</span> <span class='ocrx_word' id='word_1_82' title='bbox 1169 961 1281 1011; x_wconf 65' lang='lat' dir='ltr'>tua;</span> <span class='ocrx_word' id='word_1_83' title='bbox 1311 955 1574 1028; x_wconf 81' lang='lat' dir='ltr'>contigit,</span> <span class='ocrx_word' id='word_1_84' title='bbox 1606 961 1664 1012; x_wconf 91' lang='lat' dir='ltr'>et</span> <span class='ocrx_word' id='word_1_85' title='bbox 1692 957 1763 1012; x_wconf 90' lang='lat' dir='ltr'>de</span> <span class='ocrx_word' id='word_1_86' title='bbox 1790 956 1993 1024; x_wconf 90' lang='lat' dir='ltr'>Mecla,</span> 
     </span>
    </p>
   </div>
   <div class='ocr_carea' id='block_1_12' title="bbox 351 1041 1997 1117">
    <p class='ocr_par' dir='ltr' id='par_1_12' title="bbox 351 1041 1997 1117">
     <span class='ocr_line' id='line_1_12' title="bbox 351 1041 1997 1117; baseline 0.002 -21"><span class='ocrx_word' id='word_1_87' title='bbox 351 1057 533 1112; x_wconf 88' lang='lat' dir='ltr'>quam</span> <span class='ocrx_word' id='word_1_88' title='bbox 565 1041 990 1113; x_wconf 88' lang='lat' dir='ltr'>Engobrandus</span> <span class='ocrx_word' id='word_1_89' title='bbox 1019 1041 1390 1116; x_wconf 84' lang='lat' dir='ltr'>depraedatus</span> <span class='ocrx_word' id='word_1_90' title='bbox 1420 1049 1526 1112; x_wconf 91' lang='lat' dir='ltr'>est,</span> <span class='ocrx_word' id='word_1_91' title='bbox 1569 1046 1794 1116; x_wconf 70' lang='lat' dir='ltr'>praedae,</span> <span class='ocrx_word' id='word_1_92' title='bbox 1829 1047 1997 1117; x_wconf 87' lang='lat' dir='ltr'>cujus</span> 
     </span>
    </p>
   </div>
   <div class='ocr_carea' id='block_1_13' title="bbox 355 1128 1997 1206">
    <p class='ocr_par' dir='ltr' id='par_1_13' title="bbox 355 1128 1997 1206">
     <span class='ocr_line' id='line_1_13' title="bbox 355 1128 1997 1206; baseline 0.003 -23"><span class='ocrx_word' id='word_1_93' title='bbox 355 1145 638 1185; x_wconf 90' lang='lat' dir='ltr'>numerus</span> <span class='ocrx_word' id='word_1_94' title='bbox 659 1128 811 1185; x_wconf 89' lang='lat' dir='ltr'>infra</span> <span class='ocrx_word' id='word_1_95' title='bbox 836 1131 1090 1203; x_wconf 82' lang='lat' dir='ltr'>scriptus</span> <span class='ocrx_word' id='word_1_96' title='bbox 1111 1136 1218 1198; x_wconf 90' lang='lat' dir='ltr'>est,</span> <span class='ocrx_word' id='word_1_97' title='bbox 1247 1133 1501 1189; x_wconf 80' lang='lat' dir='ltr'>ducenta</span> <span class='ocrx_word' id='word_1_98' title='bbox 1520 1133 1834 1206; x_wconf 83' lang='lat' dir='ltr'>sexaginta</span> <span class='ocrx_word' id='word_1_99' title='bbox 1853 1149 1997 1205; x_wconf 89' lang='lat' dir='ltr'>qua-</span> 
     </span>
    </p>
   </div>
   <div class='ocr_carea' id='block_1_14' title="bbox 356 1217 2002 1278">
    <p class='ocr_par' dir='ltr' id='par_1_14' title="bbox 356 1217 2002 1278">
     <span class='ocr_line' id='line_1_14' title="bbox 356 1217 2002 1278; baseline 0.002 -6"><span class='ocrx_word' id='word_1_100' title='bbox 356 1224 492 1274; x_wconf 84' lang='lat' dir='ltr'>tuor</span> <span class='ocrx_word' id='word_1_101' title='bbox 515 1217 812 1274; x_wconf 82' lang='lat' dir='ltr'>animalia.</span> <span class='ocrx_word' id='word_1_102' title='bbox 844 1219 1096 1276; x_wconf 86' lang='lat' dir='ltr'>Clericos</span> <span class='ocrx_word' id='word_1_103' title='bbox 1127 1226 1324 1277; x_wconf 90' lang='lat' dir='ltr'>autem</span> <span class='ocrx_word' id='word_1_104' title='bbox 1376 1222 1448 1277; x_wconf 92' lang='lat' dir='ltr'>de</span> <span class='ocrx_word' id='word_1_105' title='bbox 1495 1222 1698 1278; x_wconf 88' lang='lat' dir='ltr'>eadem</span> <span class='ocrx_word' id='word_1_106' title='bbox 1745 1221 2002 1277; x_wconf 87' lang='lat' dir='ltr'>Ecclesia</span> 
     </span>
    </p>
   </div>
   <div class='ocr_carea' id='block_1_15' title="bbox 353 1306 2000 1378">
    <p class='ocr_par' dir='ltr' id='par_1_15' title="bbox 353 1306 2000 1378">
     <span class='ocr_line' id='line_1_15' title="bbox 353 1306 2000 1378; baseline 0.003 -17"><span class='ocrx_word' id='word_1_107' title='bbox 353 1306 668 1363; x_wconf 85' lang='lat' dir='ltr'>canonicos</span> <span class='ocrx_word' id='word_1_108' title='bbox 701 1307 864 1363; x_wconf 87' lang='lat' dir='ltr'>nulla</span> <span class='ocrx_word' id='word_1_109' title='bbox 892 1310 1306 1365; x_wconf 86' lang='lat' dir='ltr'>interveniente</span> <span class='ocrx_word' id='word_1_110' title='bbox 1350 1327 1536 1378; x_wconf 90' lang='lat' dir='ltr'>mora,</span> <span class='ocrx_word' id='word_1_111' title='bbox 1588 1311 1807 1366; x_wconf 88' lang='lat' dir='ltr'>recludi</span> <span class='ocrx_word' id='word_1_112' title='bbox 1840 1328 1873 1366; x_wconf 92' lang='lat' dir='ltr'>a</span> <span class='ocrx_word' id='word_1_113' title='bbox 1901 1327 2000 1366; x_wconf 90' lang='lat' dir='ltr'>ca-</span> 
     </span>
    </p>
   </div>
   <div class='ocr_carea' id='block_1_16' title="bbox 353 1397 1998 1471">
    <p class='ocr_par' dir='ltr' id='par_1_16' title="bbox 353 1397 1998 1471">
     <span class='ocr_line' id='line_1_16' title="bbox 353 1397 1998 1471; baseline 0.001 -19"><span class='ocrx_word' id='word_1_114' title='bbox 353 1401 527 1469; x_wconf 89' lang='lat' dir='ltr'>ptura</span> <span class='ocrx_word' id='word_1_115' title='bbox 559 1397 880 1469; x_wconf 70' lang='lat' dir='ltr'>principias,</span> <span class='ocrx_word' id='word_1_116' title='bbox 910 1402 972 1452; x_wconf 91' lang='lat' dir='ltr'>ut</span> <span class='ocrx_word' id='word_1_117' title='bbox 1004 1415 1108 1470; x_wconf 92' lang='lat' dir='ltr'>pro</span> <span class='ocrx_word' id='word_1_118' title='bbox 1139 1398 1248 1454; x_wconf 91' lang='lat' dir='ltr'>hac</span> <span class='ocrx_word' id='word_1_119' title='bbox 1277 1403 1334 1455; x_wconf 90' lang='lat' dir='ltr'>et</span> <span class='ocrx_word' id='word_1_120' title='bbox 1364 1399 1654 1471; x_wconf 77' lang='lat' dir='ltr'>praedictis</span> <span class='ocrx_word' id='word_1_121' title='bbox 1678 1401 1852 1456; x_wconf 89' lang='lat' dir='ltr'>rebus</span> <span class='ocrx_word' id='word_1_122' title='bbox 1876 1408 1998 1456; x_wconf 82' lang='lat' dir='ltr'>stu-</span> 
     </span>
    </p>
   </div>
   <div class='ocr_carea' id='block_1_17' title="bbox 355 1485 2004 1561">
    <p class='ocr_par' dir='ltr' id='par_1_17' title="bbox 355 1485 2004 1561">
     <span class='ocr_line' id='line_1_17' title="bbox 355 1485 2004 1561; baseline 0.001 -19"><span class='ocrx_word' id='word_1_123' title='bbox 355 1486 524 1542; x_wconf 90' lang='lat' dir='ltr'>diose</span> <span class='ocrx_word' id='word_1_124' title='bbox 545 1485 814 1558; x_wconf 78' lang='lat' dir='ltr'>peractis,</span> <span class='ocrx_word' id='word_1_125' title='bbox 836 1491 898 1542; x_wconf 87' lang='lat' dir='ltr'>et</span> <span class='ocrx_word' id='word_1_126' title='bbox 927 1487 1176 1559; x_wconf 84' lang='lat' dir='ltr'>gratiam</span> <span class='ocrx_word' id='word_1_127' title='bbox 1206 1487 1604 1560; x_wconf 86' lang='lat' dir='ltr'>apostolorum</span> <span class='ocrx_word' id='word_1_128' title='bbox 1638 1488 1919 1561; x_wconf 87' lang='lat' dir='ltr'>principis</span> <span class='ocrx_word' id='word_1_129' title='bbox 1947 1492 2004 1543; x_wconf 86' lang='lat' dir='ltr'>et</span> 
     </span>
    </p>
   </div>
   <div class='ocr_carea' id='block_1_18' title="bbox 357 1574 1305 1647">
    <p class='ocr_par' dir='ltr' id='par_1_18' title="bbox 357 1574 1305 1647">
     <span class='ocr_line' id='line_1_18' title="bbox 357 1574 1305 1647; baseline 0.003 -18"><span class='ocrx_word' id='word_1_130' title='bbox 357 1579 622 1630; x_wconf 88' lang='lat' dir='ltr'>nostram</span> <span class='ocrx_word' id='word_1_131' title='bbox 651 1574 866 1632; x_wconf 85' lang='lat' dir='ltr'>habere</span> <span class='ocrx_word' id='word_1_132' title='bbox 897 1575 1305 1647; x_wconf 87' lang='lat' dir='ltr'>promerearis.</span> 
     </span>
    </p>
   </div>
   <div class='ocr_carea' id='block_1_19' title="bbox 1092 1682 1281 1738">
    <p class='ocr_par' dir='ltr' id='par_1_19' title="bbox 1092 1682 1281 1738">
     <span class='ocr_line' id='line_1_19' title="bbox 1092 1682 1281 1738; baseline 0 0"><span class='ocrx_word' id='word_1_133' title='bbox 1092 1682 1281 1738; x_wconf 85' lang='lat' dir='ltr'>XXIX.</span> 
     </span>
    </p>
   </div>
   <div class='ocr_carea' id='block_1_20' title="bbox 2104 692 3748 767">
    <p class='ocr_par' dir='ltr' id='par_1_20' title="bbox 2104 692 3748 767">
     <span class='ocr_line' id='line_1_20' title="bbox 2104 692 3748 767; baseline 0.005 -20"><span class='ocrx_word' id='word_1_134' title='bbox 2104 692 2302 748; x_wconf 65' lang='lat' dir='ltr'>Romae</span> <span class='ocrx_word' id='word_1_135' title='bbox 2329 692 2415 748; x_wconf 89' lang='lat' dir='ltr'>vel</span> <span class='ocrx_word' id='word_1_136' title='bbox 2447 692 2593 749; x_wconf 85' lang='lat' dir='ltr'>forte</span> <span class='ocrx_word' id='word_1_137' title='bbox 2623 711 2758 749; x_wconf 91' lang='lat' dir='ltr'>cum</span> <span class='ocrx_word' id='word_1_138' title='bbox 2805 697 2960 767; x_wconf 91' lang='lat' dir='ltr'>apud</span> <span class='ocrx_word' id='word_1_139' title='bbox 3013 714 3116 754; x_wconf 91' lang='lat' dir='ltr'>vos</span> <span class='ocrx_word' id='word_1_140' title='bbox 3159 699 3271 754; x_wconf 90' lang='lat' dir='ltr'>cito</span> <span class='ocrx_word' id='word_1_141' title='bbox 3316 715 3526 756; x_wconf 90' lang='lat' dir='ltr'>venero</span> <span class='ocrx_word' id='word_1_142' title='bbox 3555 701 3748 756; x_wconf 85' lang='lat' dir='ltr'>videa-</span> 
     </span>
    </p>
   </div>
   <div class='ocr_carea' id='block_1_21' title="bbox 2105 780 3749 859">
    <p class='ocr_par' dir='ltr' id='par_1_21' title="bbox 2105 780 3749 859">
     <span class='ocr_line' id='line_1_21' title="bbox 2105 780 3749 859; baseline 0.005 -23"><span class='ocrx_word' id='word_1_143' title='bbox 2105 797 2261 837; x_wconf 89' lang='lat' dir='ltr'>mus.</span> <span class='ocrx_word' id='word_1_144' title='bbox 2287 780 2346 836; x_wconf 90' lang='lat' dir='ltr'>Si</span> <span class='ocrx_word' id='word_1_145' title='bbox 2368 797 2502 837; x_wconf 92' lang='lat' dir='ltr'>vero</span> <span class='ocrx_word' id='word_1_146' title='bbox 2524 781 2738 850; x_wconf 91' lang='lat' dir='ltr'>divina,</span> <span class='ocrx_word' id='word_1_147' title='bbox 2768 790 2833 840; x_wconf 90' lang='lat' dir='ltr'>ut</span> <span class='ocrx_word' id='word_1_148' title='bbox 2850 786 3202 854; x_wconf 86' lang='lat' dir='ltr'>audivimus,</span> <span class='ocrx_word' id='word_1_149' title='bbox 3229 788 3437 859; x_wconf 82' lang='lat' dir='ltr'>pagina</span> <span class='ocrx_word' id='word_1_150' title='bbox 3458 790 3530 844; x_wconf 92' lang='lat' dir='ltr'>ab</span> <span class='ocrx_word' id='word_1_151' title='bbox 3553 789 3749 859; x_wconf 88' lang='lat' dir='ltr'>hujus-</span> 
     </span>
    </p>
   </div>
   <div class='ocr_carea' id='block_1_22' title="bbox 2104 868 3752 946">
    <p class='ocr_par' dir='ltr' id='par_1_22' title="bbox 2104 868 3752 946">
     <span class='ocr_line' id='line_1_22' title="bbox 2104 868 3752 946; baseline 0.005 -22"><span class='ocrx_word' id='word_1_152' title='bbox 2104 868 2263 924; x_wconf 90' lang='lat' dir='ltr'>modi</span> <span class='ocrx_word' id='word_1_153' title='bbox 2295 870 2490 925; x_wconf 89' lang='lat' dir='ltr'>studio</span> <span class='ocrx_word' id='word_1_154' title='bbox 2523 887 2624 926; x_wconf 91' lang='lat' dir='ltr'>vos</span> <span class='ocrx_word' id='word_1_155' title='bbox 2669 872 2897 939; x_wconf 88' lang='lat' dir='ltr'>retinet,</span> <span class='ocrx_word' id='word_1_156' title='bbox 2948 891 3016 930; x_wconf 85' lang='lat' dir='ltr'>ex</span> <span class='ocrx_word' id='word_1_157' title='bbox 3065 881 3226 946; x_wconf 88' lang='lat' dir='ltr'>parte</span> <span class='ocrx_word' id='word_1_158' title='bbox 3275 877 3459 932; x_wconf 85' lang='lat' dir='ltr'>sancti</span> <span class='ocrx_word' id='word_1_159' title='bbox 3511 878 3662 933; x_wconf 88' lang='lat' dir='ltr'>Petri</span> <span class='ocrx_word' id='word_1_160' title='bbox 3696 883 3752 933; x_wconf 90' lang='lat' dir='ltr'>et</span> 
     </span>
    </p>
   </div>
   <div class='ocr_carea' id='block_1_23' title="bbox 2105 958 3751 1032">
    <p class='ocr_par' dir='ltr' id='par_1_23' title="bbox 2105 958 3751 1032">
     <span class='ocr_line' id='line_1_23' title="bbox 2105 958 3751 1032; baseline 0.005 -19"><span class='ocrx_word' id='word_1_161' title='bbox 2105 963 2308 1013; x_wconf 85' lang='lat' dir='ltr'>nostra</span> <span class='ocrx_word' id='word_1_162' title='bbox 2337 958 2500 1014; x_wconf 83' lang='lat' dir='ltr'>vobis</span> <span class='ocrx_word' id='word_1_163' title='bbox 2531 960 2923 1032; x_wconf 63' lang='lat' dir='ltr'>precipimus,</span> <span class='ocrx_word' id='word_1_164' title='bbox 2957 968 3012 1018; x_wconf 90' lang='lat' dir='ltr'>et</span> <span class='ocrx_word' id='word_1_165' title='bbox 3032 979 3100 1018; x_wconf 88' lang='lat' dir='ltr'>ex</span> <span class='ocrx_word' id='word_1_166' title='bbox 3121 981 3251 1019; x_wconf 89' lang='lat' dir='ltr'>vera</span> <span class='ocrx_word' id='word_1_167' title='bbox 3271 965 3600 1020; x_wconf 87' lang='lat' dir='ltr'>obedientia</span> <span class='ocrx_word' id='word_1_168' title='bbox 3619 966 3751 1021; x_wconf 89' lang='lat' dir='ltr'>illos</span> 
     </span>
    </p>
   </div>
   <div class='ocr_carea' id='block_1_24' title="bbox 2105 1037 3752 1115">
    <p class='ocr_par' dir='ltr' id='par_1_24' title="bbox 2105 1037 3752 1115">
     <span class='ocr_line' id='line_1_24' title="bbox 2105 1037 3752 1115; baseline 0.004 -22"><span class='ocrx_word' id='word_1_169' title='bbox 2105 1037 2432 1094; x_wconf 89' lang='lat' dir='ltr'>edocendos</span> <span class='ocrx_word' id='word_1_170' title='bbox 2456 1039 2620 1094; x_wconf 88' lang='lat' dir='ltr'>vobis</span> <span class='ocrx_word' id='word_1_171' title='bbox 2641 1042 3012 1104; x_wconf 87' lang='lat' dir='ltr'>mandamus.</span> <span class='ocrx_word' id='word_1_172' title='bbox 3037 1060 3186 1115; x_wconf 88' lang='lat' dir='ltr'>quos</span> <span class='ocrx_word' id='word_1_173' title='bbox 3209 1044 3400 1100; x_wconf 90' lang='lat' dir='ltr'>adhuc</span> <span class='ocrx_word' id='word_1_174' title='bbox 3431 1051 3633 1102; x_wconf 66' lang='lat' dir='ltr'>vestrae</span> <span class='ocrx_word' id='word_1_175' title='bbox 3664 1047 3752 1101; x_wconf 92' lang='lat' dir='ltr'>di-</span> 
     </span>
    </p>
   </div>
   <div class='ocr_carea' id='block_1_25' title="bbox 2106 1124 3750 1194">
    <p class='ocr_par' dir='ltr' id='par_1_25' title="bbox 2106 1124 3750 1194">
     <span class='ocr_line' id='line_1_25' title="bbox 2106 1124 3750 1194; baseline 0.007 -15"><span class='ocrx_word' id='word_1_176' title='bbox 2106 1124 2343 1182; x_wconf 87' lang='lat' dir='ltr'>lectioni</span> <span class='ocrx_word' id='word_1_177' title='bbox 2375 1127 2686 1194; x_wconf 84' lang='lat' dir='ltr'>mittimus,</span> <span class='ocrx_word' id='word_1_178' title='bbox 2719 1134 2775 1183; x_wconf 92' lang='lat' dir='ltr'>et</span> <span class='ocrx_word' id='word_1_179' title='bbox 2819 1135 3024 1185; x_wconf 68' lang='lat' dir='ltr'>vestrae</span> <span class='ocrx_word' id='word_1_180' title='bbox 3071 1132 3340 1187; x_wconf 85' lang='lat' dir='ltr'>charitati</span> <span class='ocrx_word' id='word_1_181' title='bbox 3385 1133 3443 1188; x_wconf 89' lang='lat' dir='ltr'>in</span> <span class='ocrx_word' id='word_1_182' title='bbox 3477 1135 3750 1190; x_wconf 88' lang='lat' dir='ltr'>omnibus</span> 
     </span>
    </p>
   </div>
   <div class='ocr_carea' id='block_1_26' title="bbox 2109 1215 3752 1288">
    <p class='ocr_par' dir='ltr' id='par_1_26' title="bbox 2109 1215 3752 1288">
     <span class='ocr_line' id='line_1_26' title="bbox 2109 1215 3752 1288; baseline 0.006 -20"><span class='ocrx_word' id='word_1_183' title='bbox 2109 1215 2540 1269; x_wconf 88' lang='lat' dir='ltr'>subveniendos</span> <span class='ocrx_word' id='word_1_184' title='bbox 2553 1215 2964 1288; x_wconf 87' lang='lat' dir='ltr'>relinquimus.</span> <span class='ocrx_word' id='word_1_185' title='bbox 2988 1219 3267 1275; x_wconf 85' lang='lat' dir='ltr'>Comitem</span> <span class='ocrx_word' id='word_1_186' title='bbox 3283 1239 3354 1276; x_wconf 91' lang='lat' dir='ltr'>au</span> <span class='ocrx_word' id='word_1_187' title='bbox 3364 1227 3480 1278; x_wconf 91' lang='lat' dir='ltr'>tem</span> <span class='ocrx_word' id='word_1_188' title='bbox 3495 1227 3752 1278; x_wconf 86' lang='lat' dir='ltr'>vestrum</span> 
     </span>
    </p>
   </div>
   <div class='ocr_carea' id='block_1_27' title="bbox 2109 1302 3752 1376">
    <p class='ocr_par' dir='ltr' id='par_1_27' title="bbox 2109 1302 3752 1376">
     <span class='ocr_line' id='line_1_27' title="bbox 2109 1302 3752 1376; baseline 0.007 -19"><span class='ocrx_word' id='word_1_189' title='bbox 2109 1302 2365 1358; x_wconf 89' lang='lat' dir='ltr'>amicum</span> <span class='ocrx_word' id='word_1_190' title='bbox 2392 1308 2682 1374; x_wconf 91' lang='lat' dir='ltr'>nostrum,</span> <span class='ocrx_word' id='word_1_191' title='bbox 2712 1321 2885 1376; x_wconf 86' lang='lat' dir='ltr'>quem</span> <span class='ocrx_word' id='word_1_192' title='bbox 2902 1309 3108 1363; x_wconf 82' lang='lat' dir='ltr'>vestris</span> <span class='ocrx_word' id='word_1_193' title='bbox 3122 1310 3456 1365; x_wconf 85' lang='lat' dir='ltr'>audivimus</span> <span class='ocrx_word' id='word_1_194' title='bbox 3473 1312 3617 1367; x_wconf 88' lang='lat' dir='ltr'>satis</span> <span class='ocrx_word' id='word_1_195' title='bbox 3637 1312 3752 1368; x_wconf 91' lang='lat' dir='ltr'>Deo</span> 
     </span>
    </p>
   </div>
   <div class='ocr_carea' id='block_1_28' title="bbox 2107 1391 3755 1467">
    <p class='ocr_par' dir='ltr' id='par_1_28' title="bbox 2107 1391 3755 1467">
     <span class='ocr_line' id='line_1_28' title="bbox 2107 1391 3755 1467; baseline 0.007 -23"><span class='ocrx_word' id='word_1_196' title='bbox 2107 1391 2325 1462; x_wconf 80' lang='lat' dir='ltr'>gratias</span> <span class='ocrx_word' id='word_1_197' title='bbox 2347 1392 2716 1464; x_wconf 88' lang='lat' dir='ltr'>acquiescere</span> <span class='ocrx_word' id='word_1_198' title='bbox 2737 1394 3016 1463; x_wconf 88' lang='lat' dir='ltr'>consiliis,</span> <span class='ocrx_word' id='word_1_199' title='bbox 3041 1397 3120 1451; x_wconf 90' lang='lat' dir='ltr'>ita</span> <span class='ocrx_word' id='word_1_200' title='bbox 3157 1399 3524 1467; x_wconf 86' lang='lat' dir='ltr'>custodiatis,</span> <span class='ocrx_word' id='word_1_201' title='bbox 3558 1406 3623 1454; x_wconf 90' lang='lat' dir='ltr'>ut</span> <span class='ocrx_word' id='word_1_202' title='bbox 3661 1401 3755 1456; x_wconf 89' lang='lat' dir='ltr'>hic</span> 
     </span>
    </p>
   </div>
   <div class='ocr_carea' id='block_1_29' title="bbox 2111 1480 3756 1554">
    <p class='ocr_par' dir='ltr' id='par_1_29' title="bbox 2111 1480 3756 1554">
     <span class='ocr_line' id='line_1_29' title="bbox 2111 1480 3756 1554; baseline 0.007 -19"><span class='ocrx_word' id='word_1_203' title='bbox 2111 1483 2170 1535; x_wconf 90' lang='lat' dir='ltr'>et</span> <span class='ocrx_word' id='word_1_204' title='bbox 2198 1480 2257 1534; x_wconf 93' lang='lat' dir='ltr'>in</span> <span class='ocrx_word' id='word_1_205' title='bbox 2287 1480 2517 1538; x_wconf 84' lang='lat' dir='ltr'>Christo</span> <span class='ocrx_word' id='word_1_206' title='bbox 2549 1482 2738 1537; x_wconf 89' lang='lat' dir='ltr'>valere</span> <span class='ocrx_word' id='word_1_207' title='bbox 2771 1484 2973 1554; x_wconf 90' lang='lat' dir='ltr'>possit.</span> <span class='ocrx_word' id='word_1_208' title='bbox 3024 1485 3261 1542; x_wconf 91' lang='lat' dir='ltr'>Conﬁdo</span> <span class='ocrx_word' id='word_1_209' title='bbox 3303 1488 3458 1543; x_wconf 91' lang='lat' dir='ltr'>enim</span> <span class='ocrx_word' id='word_1_210' title='bbox 3510 1491 3656 1545; x_wconf 90' lang='lat' dir='ltr'>bene</span> <span class='ocrx_word' id='word_1_211' title='bbox 3685 1491 3756 1546; x_wconf 91' lang='lat' dir='ltr'>de</span> 
     </span>
    </p>
   </div>
   <div class='ocr_carea' id='block_1_30' title="bbox 2077 1567 3757 1639">
    <p class='ocr_par' dir='ltr' id='par_1_30' title="bbox 2077 1567 3757 1639">
     <span class='ocr_line' id='line_1_30' title="bbox 2077 1567 3757 1639; baseline 0.008 -19"><span class='ocrx_word' id='word_1_212' title='bbox 2077 1617 2080 1620; x_wconf 83' lang='lat'>.</span> <span class='ocrx_word' id='word_1_213' title='bbox 2111 1567 2236 1633; x_wconf 94' lang='lat' dir='ltr'>illo,</span> <span class='ocrx_word' id='word_1_214' title='bbox 2269 1568 2438 1639; x_wconf 85' lang='lat' dir='ltr'>cujus</span> <span class='ocrx_word' id='word_1_215' title='bbox 2469 1569 2781 1626; x_wconf 87' lang='lat' dir='ltr'>concilium</span> <span class='ocrx_word' id='word_1_216' title='bbox 2821 1576 2878 1627; x_wconf 91' lang='lat' dir='ltr'>et</span> <span class='ocrx_word' id='word_1_217' title='bbox 2923 1575 3422 1631; x_wconf 89' lang='lat' dir='ltr'>conversationem</span> <span class='ocrx_word' id='word_1_218' title='bbox 3454 1578 3757 1633; x_wconf 88' lang='lat' dir='ltr'>vobiscum</span> 
     </span>
    </p>
   </div>
   <div class='ocr_carea' id='block_1_31' title="bbox 2114 1656 3760 1737">
    <p class='ocr_par' dir='ltr' id='par_1_31' title="bbox 2114 1656 3760 1737">
     <span class='ocr_line' id='line_1_31' title="bbox 2114 1656 3760 1737; baseline 0.006 -25"><span class='ocrx_word' id='word_1_219' title='bbox 2114 1656 2308 1712; x_wconf 89' lang='lat' dir='ltr'>audio.</span> <span class='ocrx_word' id='word_1_220' title='bbox 2342 1658 2404 1712; x_wconf 89' lang='lat' dir='ltr'>In</span> <span class='ocrx_word' id='word_1_221' title='bbox 2437 1657 2588 1714; x_wconf 91' lang='lat' dir='ltr'>clero</span> <span class='ocrx_word' id='word_1_222' title='bbox 2621 1664 2815 1714; x_wconf 90' lang='lat' dir='ltr'>autem</span> <span class='ocrx_word' id='word_1_223' title='bbox 2847 1666 2903 1716; x_wconf 86' lang='lat' dir='ltr'>et</span> <span class='ocrx_word' id='word_1_224' title='bbox 2932 1663 3050 1717; x_wconf 80' lang='lat' dir='ltr'>fero</span> <span class='ocrx_word' id='word_1_225' title='bbox 3081 1661 3180 1719; x_wconf 91' lang='lat' dir='ltr'>illo</span> <span class='ocrx_word' id='word_1_226' title='bbox 3204 1664 3418 1736; x_wconf 91' lang='lat' dir='ltr'>populo</span> <span class='ocrx_word' id='word_1_227' title='bbox 3438 1666 3488 1720; x_wconf 88' lang='lat' dir='ltr'>si</span> <span class='ocrx_word' id='word_1_228' title='bbox 3515 1667 3760 1737; x_wconf 87' lang='lat' dir='ltr'>potestis</span> 
     </span>
    </p>
   </div>
   <div class='ocr_carea' id='block_1_32' title="bbox 359 1745 3761 1860">
    <p class='ocr_par' dir='ltr' id='par_1_32' title="bbox 359 1745 3761 1860">
     <span class='ocr_line' id='line_1_32' title="bbox 359 1745 3761 1860; baseline 0.003 -36"><span class='ocrx_word' id='word_1_229' title='bbox 359 1768 586 1826; x_wconf 77' lang='lat' dir='ltr'>Nicolai</span> <span class='ocrx_word' id='word_1_230' title='bbox 614 1772 664 1827; x_wconf 89' lang='lat' dir='ltr'><strong><em>II</em></strong></span> <span class='ocrx_word' id='word_1_231' title='bbox 708 1772 936 1843; x_wconf 73' lang='lat' dir='ltr'>epistola</span> <span class='ocrx_word' id='word_1_232' title='bbox 1102 1772 1429 1860; x_wconf 57' lang='lat' dir='ltr'>Cercusium</span> <span class='ocrx_word' id='word_1_233' title='bbox 1462 1774 1777 1829; x_wconf 81' lang='lat' dir='ltr'>Remensem</span> <span class='ocrx_word' id='word_1_234' title='bbox 1823 1774 2004 1828; x_wconf 79' lang='lat' dir='ltr'>archi-</span> <span class='ocrx_word' id='word_1_235' title='bbox 2035 1796 2083 1860; x_wconf 82' lang='lat' dir='ltr'><strong>B</strong></span> <span class='ocrx_word' id='word_1_236' title='bbox 2116 1745 3494 1860; x_wconf 35' lang='lat' dir='ltr'>figﬁigcnafLufﬂﬁffiegfomvokistéo‘mmisso</span> <span class='ocrx_word' id='word_1_237' title='bbox 3546 1771 3761 1812; x_wconf 48' lang='lat' dir='ltr'>metu“</span> 
     </span>
    </p>
   </div>
   <div class='ocr_carea' id='block_1_33' title="bbox 1022 1845 1353 1915">
    <p class='ocr_par' dir='ltr' id='par_1_33' title="bbox 1022 1845 1353 1915">
     <span class='ocr_line' id='line_1_33' title="bbox 1022 1845 1353 1915; baseline 0 -17"><span class='ocrx_word' id='word_1_238' title='bbox 1022 1845 1353 1915; x_wconf 76' lang='lat' dir='ltr'>episcOpum.</span> 
     </span>
    </p>
   </div>
   <div class='ocr_carea' id='block_1_34' title="bbox 925 1932 1446 2003">
    <p class='ocr_par' dir='ltr' id='par_1_34' title="bbox 925 1932 1446 2003">
     <span class='ocr_line' id='line_1_34' title="bbox 925 1932 1446 2003; baseline 0.008 -17"><span class='ocrx_word' id='word_1_239' title='bbox 925 1932 1118 2003; x_wconf 82' lang='lat' dir='ltr'>(Anno</span> <span class='ocrx_word' id='word_1_240' title='bbox 1150 1932 1380 1988; x_wconf 66' lang='lat'>4059-64</span> <span class='ocrx_word' id='word_1_241' title='bbox 1400 1933 1446 2003; x_wconf 90' lang='lat'>.)</span> 
     </span>
    </p>
   </div>
   <div class='ocr_carea' id='block_1_35' title="bbox 539 2021 1830 2096">
    <p class='ocr_par' dir='ltr' id='par_1_35' title="bbox 539 2021 1830 2096">
     <span class='ocr_line' id='line_1_35' title="bbox 539 2021 1830 2096; baseline 0.002 -20"><span class='ocrx_word' id='word_1_242' title='bbox 539 2021 895 2093; x_wconf 73' lang='lat' dir='ltr'>(Ducassns,</span> <span class='ocrx_word' id='word_1_243' title='bbox 937 2023 1062 2076; x_wconf 80' lang='lat' dir='ltr'>Hist</span> <span class='ocrx_word' id='word_1_244' title='bbox 1091 2023 1285 2076; x_wconf 85' lang='lat' dir='ltr'>Franc.</span> <span class='ocrx_word' id='word_1_245' title='bbox 1321 2021 1520 2094; x_wconf 80' lang='lat' dir='ltr'>Script.</span> <span class='ocrx_word' id='word_1_246' title='bbox 1554 2023 1648 2090; x_wconf 91' lang='lat' dir='ltr'>IV,</span> <span class='ocrx_word' id='word_1_247' title='bbox 1682 2024 1830 2096; x_wconf 82' lang='lat'>199.)</span> 
     </span>
    </p>
   </div>
   <div class='ocr_carea' id='block_1_36' title="bbox 431 2111 2008 2181">
    <p class='ocr_par' dir='ltr' id='par_1_36' title="bbox 431 2111 2008 2181">
     <span class='ocr_line' id='line_1_36' title="bbox 431 2111 2008 2181; baseline 0.002 -15"><span class='ocrx_word' id='word_1_248' title='bbox 431 2111 740 2179; x_wconf 79' lang='lat' dir='ltr'>NICOLAUS,</span> <span class='ocrx_word' id='word_1_249' title='bbox 772 2127 978 2166; x_wconf 89' lang='lat' dir='ltr'>servus</span> <span class='ocrx_word' id='word_1_250' title='bbox 1021 2127 1323 2166; x_wconf 89' lang='lat' dir='ltr'>servorum</span> <span class='ocrx_word' id='word_1_251' title='bbox 1354 2111 1475 2181; x_wconf 88' lang='lat' dir='ltr'>Dei,</span> <span class='ocrx_word' id='word_1_252' title='bbox 1517 2111 1798 2168; x_wconf 75' lang='lat' dir='ltr'>GERVASIO</span> <span class='ocrx_word' id='word_1_253' title='bbox 1843 2129 2008 2169; x_wconf 68' lang='lat' dir='ltr'>venev</span> 
     </span>
    </p>
   </div>
   <div class='ocr_carea' id='block_1_37' title="bbox 360 2198 2009 2272">
    <p class='ocr_par' dir='ltr' id='par_1_37' title="bbox 360 2198 2009 2272">
     <span class='ocr_line' id='line_1_37' title="bbox 360 2198 2009 2272; baseline 0.001 -18"><span class='ocrx_word' id='word_1_254' title='bbox 360 2198 533 2254; x_wconf 89' lang='lat' dir='ltr'>rabili</span> <span class='ocrx_word' id='word_1_255' title='bbox 563 2198 1021 2271; x_wconf 90' lang='lat' dir='ltr'>archiepiscopo,</span> <span class='ocrx_word' id='word_1_256' title='bbox 1054 2198 1304 2255; x_wconf 89' lang='lat' dir='ltr'>salutem</span> <span class='ocrx_word' id='word_1_257' title='bbox 1335 2203 1392 2255; x_wconf 88' lang='lat' dir='ltr'>et</span> <span class='ocrx_word' id='word_1_258' title='bbox 1421 2199 1800 2272; x_wconf 88' lang='lat' dir='ltr'>apostolicam</span> <span class='ocrx_word' id='word_1_259' title='bbox 1833 2201 2009 2257; x_wconf 90' lang='lat' dir='ltr'>bene-</span> 
     </span>
    </p>
   </div>
   <div class='ocr_carea' id='block_1_38' title="bbox 360 2288 699 2343">
    <p class='ocr_par' dir='ltr' id='par_1_38' title="bbox 360 2288 699 2343">
     <span class='ocr_line' id='line_1_38' title="bbox 360 2288 699 2343; baseline 0 -1"><span class='ocrx_word' id='word_1_260' title='bbox 360 2288 699 2343; x_wconf 88' lang='lat' dir='ltr'>dictionem.</span> 
     </span>
    </p>
   </div>
   <div class='ocr_carea' id='block_1_39' title="bbox 436 2375 2009 2441">
    <p class='ocr_par' dir='ltr' id='par_1_39' title="bbox 436 2375 2009 2441">
     <span class='ocr_line' id='line_1_39' title="bbox 436 2375 2009 2441; baseline 0.003 -11"><span class='ocrx_word' id='word_1_261' title='bbox 436 2377 584 2441; x_wconf 87' lang='lat' dir='ltr'>Quia</span> <span class='ocrx_word' id='word_1_262' title='bbox 608 2377 886 2432; x_wconf 84' lang='lat' dir='ltr'>referente</span> <span class='ocrx_word' id='word_1_263' title='bbox 920 2375 1039 2432; x_wconf 89' lang='lat' dir='ltr'>ﬁlio</span> <span class='ocrx_word' id='word_1_264' title='bbox 1072 2381 1272 2433; x_wconf 89' lang='lat' dir='ltr'>nostro</span> <span class='ocrx_word' id='word_1_265' title='bbox 1301 2381 1366 2433; x_wconf 91' lang='lat' dir='ltr'>G.</span> <span class='ocrx_word' id='word_1_266' title='bbox 1399 2381 1457 2433; x_wconf 91' lang='lat' dir='ltr'>te</span> <span class='ocrx_word' id='word_1_267' title='bbox 1476 2377 1535 2433; x_wconf 91' lang='lat' dir='ltr'>in</span> <span class='ocrx_word' id='word_1_268' title='bbox 1560 2378 1836 2434; x_wconf 89' lang='lat' dir='ltr'>ﬁdelitate</span> <span class='ocrx_word' id='word_1_269' title='bbox 1855 2379 2009 2434; x_wconf 91' lang='lat' dir='ltr'>beati</span> 
     </span>
    </p>
   </div>
   <div class='ocr_carea' id='block_1_40' title="bbox 363 2465 2011 2539">
    <p class='ocr_par' dir='ltr' id='par_1_40' title="bbox 363 2465 2011 2539">
     <span class='ocr_line' id='line_1_40' title="bbox 363 2465 2011 2539; baseline 0.002 -18"><span class='ocrx_word' id='word_1_270' title='bbox 363 2465 521 2521; x_wconf 90' lang='lat' dir='ltr'>Petri</span> <span class='ocrx_word' id='word_1_271' title='bbox 543 2465 877 2538; x_wconf 84' lang='lat' dir='ltr'>persistere,</span> <span class='ocrx_word' id='word_1_272' title='bbox 897 2465 1141 2538; x_wconf 88' lang='lat' dir='ltr'>ejusque</span> <span class='ocrx_word' id='word_1_273' title='bbox 1163 2466 1495 2523; x_wconf 89' lang='lat' dir='ltr'>auctoritati</span> <span class='ocrx_word' id='word_1_274' title='bbox 1517 2484 1620 2539; x_wconf 93' lang='lat' dir='ltr'>per</span> <span class='ocrx_word' id='word_1_275' title='bbox 1640 2467 1838 2523; x_wconf 89' lang='lat' dir='ltr'>omnia</span> <span class='ocrx_word' id='word_1_276' title='bbox 1859 2485 2011 2524; x_wconf 88' lang='lat' dir='ltr'>reve-</span> 
     </span>
    </p>
   </div>
   <div class='ocr_carea' id='block_1_41' title="bbox 366 2555 2013 2628">
    <p class='ocr_par' dir='ltr' id='par_1_41' title="bbox 366 2555 2013 2628">
     <span class='ocr_line' id='line_1_41' title="bbox 366 2555 2013 2628; baseline 0.001 -17"><span class='ocrx_word' id='word_1_277' title='bbox 366 2559 564 2612; x_wconf 88' lang='lat' dir='ltr'>renter</span> <span class='ocrx_word' id='word_1_278' title='bbox 604 2570 913 2627; x_wconf 87' lang='lat' dir='ltr'>assurgere</span> <span class='ocrx_word' id='word_1_279' title='bbox 964 2555 1382 2628; x_wconf 89' lang='lat' dir='ltr'>comperimus,</span> <span class='ocrx_word' id='word_1_280' title='bbox 1447 2560 1688 2628; x_wconf 88' lang='lat' dir='ltr'>paterna</span> <span class='ocrx_word' id='word_1_281' title='bbox 1732 2557 2013 2614; x_wconf 90' lang='lat' dir='ltr'>charitate</span> 
     </span>
    </p>
   </div>
   <div class='ocr_carea' id='block_1_42' title="bbox 365 2642 2011 2718">
    <p class='ocr_par' dir='ltr' id='par_1_42' title="bbox 365 2642 2011 2718">
     <span class='ocr_line' id='line_1_42' title="bbox 365 2642 2011 2718; baseline 0.001 -18"><span class='ocrx_word' id='word_1_282' title='bbox 365 2645 522 2700; x_wconf 87' lang='lat' dir='ltr'>sicut</span> <span class='ocrx_word' id='word_1_283' title='bbox 551 2642 967 2700; x_wconf 87' lang='lat' dir='ltr'>charissimum</span> <span class='ocrx_word' id='word_1_284' title='bbox 999 2643 1186 2699; x_wconf 92' lang='lat' dir='ltr'>ﬁlium</span> <span class='ocrx_word' id='word_1_285' title='bbox 1235 2643 1668 2716; x_wconf 88' lang='lat' dir='ltr'>amplectimur,</span> <span class='ocrx_word' id='word_1_286' title='bbox 1707 2649 1765 2700; x_wconf 91' lang='lat' dir='ltr'>et</span> <span class='ocrx_word' id='word_1_287' title='bbox 1793 2646 2011 2718; x_wconf 90' lang='lat' dir='ltr'>ample-</span> 
     </span>
    </p>
   </div>
   <div class='ocr_carea' id='block_1_43' title="bbox 365 2735 2013 2809">
    <p class='ocr_par' dir='ltr' id='par_1_43' title="bbox 365 2735 2013 2809">
     <span class='ocr_line' id='line_1_43' title="bbox 365 2735 2013 2809; baseline 0.001 -18"><span class='ocrx_word' id='word_1_288' title='bbox 365 2735 578 2791; x_wconf 87' lang='lat' dir='ltr'>ctendo</span> <span class='ocrx_word' id='word_1_289' title='bbox 599 2738 720 2790; x_wconf 91' lang='lat' dir='ltr'>toto</span> <span class='ocrx_word' id='word_1_290' title='bbox 743 2735 957 2791; x_wconf 90' lang='lat' dir='ltr'>mentis</span> <span class='ocrx_word' id='word_1_291' title='bbox 975 2736 1182 2791; x_wconf 86' lang='lat' dir='ltr'>aflectu</span> <span class='ocrx_word' id='word_1_292' title='bbox 1205 2735 1528 2809; x_wconf 89' lang='lat' dir='ltr'>diligimus.</span> <span class='ocrx_word' id='word_1_293' title='bbox 1549 2736 1810 2808; x_wconf 90' lang='lat' dir='ltr'>Denique</span> <span class='ocrx_word' id='word_1_294' title='bbox 1832 2753 2013 2808; x_wconf 88' lang='lat' dir='ltr'>quan-</span> 
     </span>
    </p>
   </div>
   <div class='ocr_carea' id='block_1_44' title="bbox 367 2823 2016 2897">
    <p class='ocr_par' dir='ltr' id='par_1_44' title="bbox 367 2823 2016 2897">
     <span class='ocr_line' id='line_1_44' title="bbox 367 2823 2016 2897; baseline 0 -17"><span class='ocrx_word' id='word_1_295' title='bbox 367 2825 471 2880; x_wconf 92' lang='lat' dir='ltr'>diu</span> <span class='ocrx_word' id='word_1_296' title='bbox 503 2827 558 2880; x_wconf 89' lang='lat' dir='ltr'>te</span> <span class='ocrx_word' id='word_1_297' title='bbox 590 2823 821 2880; x_wconf 89' lang='lat' dir='ltr'>ﬁdelem</span> <span class='ocrx_word' id='word_1_298' title='bbox 854 2823 1038 2879; x_wconf 88' lang='lat' dir='ltr'>ﬁlium</span> <span class='ocrx_word' id='word_1_299' title='bbox 1067 2825 1389 2891; x_wconf 88' lang='lat' dir='ltr'>exhibebis,</span> <span class='ocrx_word' id='word_1_300' title='bbox 1437 2830 1642 2882; x_wconf 88' lang='lat' dir='ltr'>nostra</span> <span class='ocrx_word' id='word_1_301' title='bbox 1689 2826 2016 2897; x_wconf 89' lang='lat' dir='ltr'>paternitas</span> 
     </span>
    </p>
   </div>
   <div class='ocr_carea' id='block_1_45' title="bbox 366 2913 2019 2987">
    <p class='ocr_par' dir='ltr' id='par_1_45' title="bbox 366 2913 2019 2987">
     <span class='ocr_line' id='line_1_45' title="bbox 366 2913 2019 2987; baseline 0 -18"><span class='ocrx_word' id='word_1_302' title='bbox 366 2913 475 2970; x_wconf 86' lang='lat' dir='ltr'>tibi</span> <span class='ocrx_word' id='word_1_303' title='bbox 516 2929 776 2984; x_wconf 89' lang='lat' dir='ltr'>nuquam</span> <span class='ocrx_word' id='word_1_304' title='bbox 829 2913 1043 2969; x_wconf 89' lang='lat' dir='ltr'>deerit:</span> <span class='ocrx_word' id='word_1_305' title='bbox 1069 2913 1189 2969; x_wconf 92' lang='lat' dir='ltr'>imo</span> <span class='ocrx_word' id='word_1_306' title='bbox 1209 2915 1405 2970; x_wconf 91' lang='lat' dir='ltr'>debita</span> <span class='ocrx_word' id='word_1_307' title='bbox 1442 2914 1723 2970; x_wconf 91' lang='lat' dir='ltr'>charitate</span> <span class='ocrx_word' id='word_1_308' title='bbox 1745 2914 2019 2987; x_wconf 78' lang='lat' dir='ltr'>saﬁ’raga—</span> 
     </span>
    </p>
   </div>
   <div class='ocr_carea' id='block_1_46' title="bbox 369 3003 2015 3073">
    <p class='ocr_par' dir='ltr' id='par_1_46' title="bbox 369 3003 2015 3073">
     <span class='ocr_line' id='line_1_46' title="bbox 369 3003 2015 3073; baseline 0.001 -16"><span class='ocrx_word' id='word_1_309' title='bbox 369 3003 552 3069; x_wconf 88' lang='lat' dir='ltr'>bitur,</span> <span class='ocrx_word' id='word_1_310' title='bbox 584 3007 898 3073; x_wconf 83' lang='lat' dir='ltr'>nostraque</span> <span class='ocrx_word' id='word_1_311' title='bbox 943 3004 1288 3059; x_wconf 85' lang='lat' dir='ltr'>auctoritate</span> <span class='ocrx_word' id='word_1_312' title='bbox 1333 3003 1696 3060; x_wconf 87' lang='lat' dir='ltr'>incessanter</span> <span class='ocrx_word' id='word_1_313' title='bbox 1735 3003 2015 3058; x_wconf 89' lang='lat' dir='ltr'>tuebitur.</span> 
     </span>
    </p>
   </div>
   <div class='ocr_carea' id='block_1_47' title="bbox 369 3090 2016 3162">
    <p class='ocr_par' dir='ltr' id='par_1_47' title="bbox 369 3090 2016 3162">
     <span class='ocr_line' id='line_1_47' title="bbox 369 3090 2016 3162; baseline 0.002 -18"><span class='ocrx_word' id='word_1_314' title='bbox 369 3090 536 3154; x_wconf 85' lang='lat' dir='ltr'>Quod</span> <span class='ocrx_word' id='word_1_315' title='bbox 570 3090 642 3145; x_wconf 91' lang='lat' dir='ltr'>de</span> <span class='ocrx_word' id='word_1_316' title='bbox 657 3090 930 3162; x_wconf 89' lang='lat' dir='ltr'>episcopo</span> <span class='ocrx_word' id='word_1_317' title='bbox 952 3090 1366 3148; x_wconf 88' lang='lat' dir='ltr'>Silvanectensi</span> <span class='ocrx_word' id='word_1_318' title='bbox 1389 3091 1558 3147; x_wconf 91' lang='lat' dir='ltr'>nobis</span> <span class='ocrx_word' id='word_1_319' title='bbox 1579 3107 1682 3162; x_wconf 90' lang='lat' dir='ltr'>per</span> <span class='ocrx_word' id='word_1_320' title='bbox 1701 3091 1886 3146; x_wconf 89' lang='lat' dir='ltr'>ﬁlium</span> <span class='ocrx_word' id='word_1_321' title='bbox 1912 3108 2016 3147; x_wconf 88' lang='lat' dir='ltr'>no-</span> 
     </span>
    </p>
   </div>
   <div class='ocr_carea' id='block_1_48' title="bbox 2117 1833 3631 1912">
    <p class='ocr_par' dir='ltr' id='par_1_48' title="bbox 2117 1833 3631 1912">
     <span class='ocr_line' id='line_1_48' title="bbox 2117 1833 3631 1912; baseline 0.008 -24"><span class='ocrx_word' id='word_1_322' title='bbox 2117 1833 2258 1889; x_wconf 88' lang='lat' dir='ltr'>mini</span> <span class='ocrx_word' id='word_1_323' title='bbox 2293 1836 2526 1891; x_wconf 88' lang='lat' dir='ltr'>tandem</span> <span class='ocrx_word' id='word_1_324' title='bbox 2559 1837 2797 1892; x_wconf 88' lang='lat' dir='ltr'>audire:</span> <span class='ocrx_word' id='word_1_325' title='bbox 2832 1838 3008 1911; x_wconf 88' lang='lat' dir='ltr'>Euge,</span> <span class='ocrx_word' id='word_1_326' title='bbox 3043 1857 3208 1902; x_wconf 81' lang='lat' dir='ltr'>serve</span> <span class='ocrx_word' id='word_1_327' title='bbox 3238 1843 3407 1912; x_wconf 88' lang='lat' dir='ltr'>bone,</span> <span class='ocrx_word' id='word_1_328' title='bbox 3440 1860 3631 1899; x_wconf 89' lang='lat' dir='ltr'>amen.</span> 
     </span>
    </p>
   </div>
   <div class='ocr_carea' id='block_1_49' title="bbox 2842 1944 3026 2000">
    <p class='ocr_par' dir='ltr' id='par_1_49' title="bbox 2842 1944 3026 2000">
     <span class='ocr_line' id='line_1_49' title="bbox 2842 1944 3026 2000; baseline 0.005 -1"><span class='ocrx_word' id='word_1_329' title='bbox 2842 1944 3026 2000; x_wconf 88' lang='lat' dir='ltr'>XXXI.</span> 
     </span>
    </p>
   </div>
   <div class='ocr_carea' id='block_1_50' title="bbox 2116 2031 3762 2114">
    <p class='ocr_par' dir='ltr' id='par_1_50' title="bbox 2116 2031 3762 2114">
     <span class='ocr_line' id='line_1_50' title="bbox 2116 2031 3762 2114; baseline 0.009 -29"><span class='ocrx_word' id='word_1_330' title='bbox 2116 2031 2280 2086; x_wconf 82' lang='lat' dir='ltr'>Bulla</span> <span class='ocrx_word' id='word_1_331' title='bbox 2309 2032 2525 2088; x_wconf 79' lang='grc' dir='ltr'>Νίσοιαὶ</span> <span class='ocrx_word' id='word_1_332' title='bbox 2552 2033 2599 2087; x_wconf 87' lang='grc' dir='ltr'><strong><em>ΙΙ</em></strong></span> <span class='ocrx_word' id='word_1_333' title='bbox 2622 2049 2786 2114; x_wconf 48' lang='lat' dir='ltr'>papae</span> <span class='ocrx_word' id='word_1_334' title='bbox 2834 2033 2902 2088; x_wconf 87' lang='lat' dir='ltr'>ad</span> <span class='ocrx_word' id='word_1_335' title='bbox 2945 2035 3284 2114; x_wconf 81' lang='lat' dir='ltr'>Grimaldum</span> <span class='ocrx_word' id='word_1_336' title='bbox 3325 2042 3589 2097; x_wconf 82' lang='lat' dir='ltr'>Joannem</span> <span class='ocrx_word' id='word_1_337' title='bbox 3614 2059 3762 2114; x_wconf 78' lang='lat' dir='ltr'>pres-</span> 
     </span>
    </p>
   </div>
   <div class='ocr_carea' id='block_1_51' title="bbox 2736 2105 3145 2176">
    <p class='ocr_par' dir='ltr' id='par_1_51' title="bbox 2736 2105 3145 2176">
     <span class='ocr_line' id='line_1_51' title="bbox 2736 2105 3145 2176; baseline 0.007 -16"><span class='ocrx_word' id='word_1_338' title='bbox 2736 2105 3005 2176; x_wconf 77' lang='lat' dir='ltr'>byterum,</span> <span class='ocrx_word' id='word_1_339' title='bbox 3037 2112 3145 2163; x_wconf 88' lang='lat' dir='ltr'>etc.</span> 
     </span>
    </p>
   </div>
   <div class='ocr_carea' id='block_1_52' title="bbox 2736 2196 3139 2269">
    <p class='ocr_par' dir='ltr' id='par_1_52' title="bbox 2736 2196 3139 2269">
     <span class='ocr_line' id='line_1_52' title="bbox 2736 2196 3139 2269; baseline 0.005 -21"><span class='ocrx_word' id='word_1_340' title='bbox 2736 2196 2925 2261; x_wconf 90' lang='lat' dir='ltr'>(Anno</span> <span class='ocrx_word' id='word_1_341' title='bbox 2958 2197 3139 2269; x_wconf 78' lang='grc'>1061.)</span> 
     </span>
    </p>
   </div>
   <div class='ocr_carea' id='block_1_53' title="bbox 2441 2283 3440 2361">
    <p class='ocr_par' dir='ltr' id='par_1_53' title="bbox 2441 2283 3440 2361">
     <span class='ocr_line' id='line_1_53' title="bbox 2441 2283 3440 2361; baseline 0.008 -25"><span class='ocrx_word' id='word_1_342' title='bbox 2441 2283 2804 2352; x_wconf 75' lang='grc' dir='ltr'>[8ΡΕΒΔΝΒΙΟ,</span> <span class='ocrx_word' id='word_1_343' title='bbox 2844 2285 3052 2340; x_wconf 79' lang='lat' dir='ltr'>Sabina</span> <span class='ocrx_word' id='word_1_344' title='bbox 3079 2303 3258 2358; x_wconf 64' lang='lat' dir='ltr'>aegra,</span> <span class='ocrx_word' id='word_1_345' title='bbox 3290 2291 3440 2361; x_wconf 86' lang='lat'>272.]</span> 
     </span>
    </p>
   </div>
   <div class='ocr_carea' id='block_1_54' title="bbox 2189 2370 3765 2448">
    <p class='ocr_par' dir='ltr' id='par_1_54' title="bbox 2189 2370 3765 2448">
     <span class='ocr_line' id='line_1_54' title="bbox 2189 2370 3765 2448; baseline 0.01 -24"><span class='ocrx_word' id='word_1_346' title='bbox 2189 2370 2440 2426; x_wconf 66' lang='lat' dir='ltr'>Joannss</span> <span class='ocrx_word' id='word_1_347' title='bbox 2483 2372 2816 2443; x_wconf 87' lang='lat' dir='ltr'>episcopus,</span> <span class='ocrx_word' id='word_1_348' title='bbox 2869 2390 3070 2429; x_wconf 89' lang='lat' dir='ltr'>servus</span> <span class='ocrx_word' id='word_1_349' title='bbox 3121 2391 3418 2434; x_wconf 90' lang='lat' dir='ltr'>servorum</span> <span class='ocrx_word' id='word_1_350' title='bbox 3462 2380 3584 2448; x_wconf 91' lang='lat' dir='ltr'>Dei,</span> <span class='ocrx_word' id='word_1_351' title='bbox 3637 2383 3765 2439; x_wconf 77' lang='lat' dir='ltr'>Giu-</span> 
     </span>
    </p>
   </div>
   <div class='ocr_carea' id='block_1_55' title="bbox 2122 2459 3764 2536">
    <p class='ocr_par' dir='ltr' id='par_1_55' title="bbox 2122 2459 3764 2536">
     <span class='ocr_line' id='line_1_55' title="bbox 2122 2459 3764 2536; baseline 0.009 -24"><span class='ocrx_word' id='word_1_352' title='bbox 2122 2459 2534 2514; x_wconf 74' lang='lat' dir='ltr'>MALDOJOANNI</span> <span class='ocrx_word' id='word_1_353' title='bbox 2563 2461 2918 2533; x_wconf 87' lang='lat' dir='ltr'>presbytsro,</span> <span class='ocrx_word' id='word_1_354' title='bbox 2936 2462 3254 2520; x_wconf 67' lang='lat' dir='ltr'>Bsnsmc’ro</span> <span class='ocrx_word' id='word_1_355' title='bbox 3265 2467 3472 2536; x_wconf 86' lang='lat' dir='ltr'>judici.</span> <span class='ocrx_word' id='word_1_356' title='bbox 3500 2470 3764 2528; x_wconf 80' lang='lat' dir='ltr'>MARTINO</span> 
     </span>
    </p>
   </div>
   <div class='ocr_carea' id='block_1_56' title="bbox 2121 2548 3763 2631">
    <p class='ocr_par' dir='ltr' id='par_1_56' title="bbox 2121 2548 3763 2631">
     <span class='ocr_line' id='line_1_56' title="bbox 2121 2548 3763 2631; baseline 0.009 -29"><span class='ocrx_word' id='word_1_357' title='bbox 2121 2548 2241 2603; x_wconf 88' lang='lat' dir='ltr'>ﬁlio</span> <span class='ocrx_word' id='word_1_358' title='bbox 2273 2549 2494 2618; x_wconf 83' lang='lat' dir='ltr'>Sabini,</span> <span class='ocrx_word' id='word_1_359' title='bbox 2523 2553 2737 2605; x_wconf 73' lang='grc' dir='ltr'>ΒισαΗο</span> <span class='ocrx_word' id='word_1_360' title='bbox 2769 2567 2837 2605; x_wconf 83' lang='lat' dir='ltr'>DE</span> <span class='ocrx_word' id='word_1_361' title='bbox 2867 2551 3180 2620; x_wconf 76' lang='lat' dir='ltr'>RAYNERIO,</span> <span class='ocrx_word' id='word_1_362' title='bbox 3203 2557 3412 2611; x_wconf 89' lang='lat' dir='ltr'>Joanni</span> <span class='ocrx_word' id='word_1_363' title='bbox 3437 2575 3504 2612; x_wconf 79' lang='lat' dir='ltr'>ns</span> <span class='ocrx_word' id='word_1_364' title='bbox 3530 2565 3763 2631; x_wconf 75' lang='lat' dir='ltr'>ABIZEA,</span> 
     </span>
    </p>
   </div>
   <div class='ocr_carea' id='block_1_57' title="bbox 2125 2638 3763 2717">
    <p class='ocr_par' dir='ltr' id='par_1_57' title="bbox 2125 2638 3763 2717">
     <span class='ocr_line' id='line_1_57' title="bbox 2125 2638 3763 2717; baseline 0.007 -23"><span class='ocrx_word' id='word_1_365' title='bbox 2125 2639 2373 2694; x_wconf 90' lang='lat' dir='ltr'>Martino</span> <span class='ocrx_word' id='word_1_366' title='bbox 2405 2656 2475 2694; x_wconf 86' lang='lat' dir='ltr'>DE</span> <span class='ocrx_word' id='word_1_367' title='bbox 2503 2638 2744 2708; x_wconf 62' lang='lat' dir='ltr'>Joanne,</span> <span class='ocrx_word' id='word_1_368' title='bbox 2783 2639 2947 2696; x_wconf 90' lang='lat' dir='ltr'>Petro</span> <span class='ocrx_word' id='word_1_369' title='bbox 2981 2657 3050 2695; x_wconf 77' lang='lat' dir='ltr'>na</span> <span class='ocrx_word' id='word_1_370' title='bbox 3083 2641 3257 2711; x_wconf 82' lang='lat' dir='ltr'>Uaso,</span> <span class='ocrx_word' id='word_1_371' title='bbox 3293 2647 3464 2700; x_wconf 90' lang='lat' dir='ltr'>Leoni</span> <span class='ocrx_word' id='word_1_372' title='bbox 3488 2663 3558 2701; x_wconf 88' lang='lat' dir='ltr'>DE</span> <span class='ocrx_word' id='word_1_373' title='bbox 3582 2650 3763 2717; x_wconf 87' lang='lat' dir='ltr'>LUPO,</span> 
     </span>
    </p>
   </div>
   <div class='ocr_carea' id='block_1_58' title="bbox 2127 2727 3764 2801">
    <p class='ocr_par' dir='ltr' id='par_1_58' title="bbox 2127 2727 3764 2801">
     <span class='ocr_line' id='line_1_58' title="bbox 2127 2727 3764 2801; baseline 0.007 -19"><span class='ocrx_word' id='word_1_374' title='bbox 2127 2727 2291 2784; x_wconf 91' lang='lat' dir='ltr'>Petro</span> <span class='ocrx_word' id='word_1_375' title='bbox 2323 2745 2393 2783; x_wconf 74' lang='lat' dir='ltr'>nn</span> <span class='ocrx_word' id='word_1_376' title='bbox 2423 2728 2640 2796; x_wconf 73' lang='lat' dir='ltr'>Hanno,</span> <span class='ocrx_word' id='word_1_377' title='bbox 2676 2729 2858 2785; x_wconf 88' lang='lat' dir='ltr'>Homo</span> <span class='ocrx_word' id='word_1_378' title='bbox 2891 2746 2960 2784; x_wconf 86' lang='lat' dir='ltr'>DE</span> <span class='ocrx_word' id='word_1_379' title='bbox 2977 2729 3265 2801; x_wconf 78' lang='lat' dir='ltr'>MARTINO,</span> <span class='ocrx_word' id='word_1_380' title='bbox 3290 2750 3392 2788; x_wconf 90' lang='lat' dir='ltr'>seu</span> <span class='ocrx_word' id='word_1_381' title='bbox 3417 2735 3551 2791; x_wconf 87' lang='lat' dir='ltr'>ﬁliis</span> <span class='ocrx_word' id='word_1_382' title='bbox 3567 2743 3624 2792; x_wconf 89' lang='lat' dir='ltr'>et</span> <span class='ocrx_word' id='word_1_383' title='bbox 3650 2739 3764 2794; x_wconf 71' lang='lat' dir='ltr'>has-</span> 
     </span>
    </p>
   </div>
   <div class='ocr_carea' id='block_1_59' title="bbox 2126 2817 3766 2897">
    <p class='ocr_par' dir='ltr' id='par_1_59' title="bbox 2126 2817 3766 2897">
     <span class='ocr_line' id='line_1_59' title="bbox 2126 2817 3766 2897; baseline 0.007 -26"><span class='ocrx_word' id='word_1_384' title='bbox 2126 2817 2363 2873; x_wconf 87' lang='lat' dir='ltr'>redibus</span> <span class='ocrx_word' id='word_1_385' title='bbox 2384 2833 2607 2883; x_wconf 90' lang='lat' dir='ltr'>eorum,</span> <span class='ocrx_word' id='word_1_386' title='bbox 2633 2821 2806 2888; x_wconf 91' lang='lat' dir='ltr'>atque</span> <span class='ocrx_word' id='word_1_387' title='bbox 2825 2819 3194 2875; x_wconf 87' lang='lat' dir='ltr'>consortibus</span> <span class='ocrx_word' id='word_1_388' title='bbox 3219 2821 3672 2897; x_wconf 77' lang='lat' dir='ltr'>quibuscumque</span> <span class='ocrx_word' id='word_1_389' title='bbox 3694 2829 3766 2883; x_wconf 90' lang='lat' dir='ltr'>ab</span> 
     </span>
    </p>
   </div>
   <div class='ocr_carea' id='block_1_60' title="bbox 2126 2904 3765 2985">
    <p class='ocr_par' dir='ltr' id='par_1_60' title="bbox 2126 2904 3765 2985">
     <span class='ocr_line' id='line_1_60' title="bbox 2126 2904 3765 2985; baseline 0.007 -25"><span class='ocrx_word' id='word_1_390' title='bbox 2126 2905 2211 2961; x_wconf 91' lang='lat' dir='ltr'>eis</span> <span class='ocrx_word' id='word_1_391' title='bbox 2242 2904 2535 2960; x_wconf 86' lang='lat' dir='ltr'>advocatis</span> <span class='ocrx_word' id='word_1_392' title='bbox 2560 2904 2617 2959; x_wconf 92' lang='lat' dir='ltr'>in</span> <span class='ocrx_word' id='word_1_393' title='bbox 2651 2921 2711 2960; x_wconf 91' lang='lat' dir='ltr'>re</span> <span class='ocrx_word' id='word_1_394' title='bbox 2741 2905 2985 2961; x_wconf 85' lang='lat' dir='ltr'>inferius</span> <span class='ocrx_word' id='word_1_395' title='bbox 3018 2906 3264 2979; x_wconf 88' lang='lat' dir='ltr'>legenda</span> <span class='ocrx_word' id='word_1_396' title='bbox 3307 2910 3364 2965; x_wconf 90' lang='lat' dir='ltr'>in</span> <span class='ocrx_word' id='word_1_397' title='bbox 3396 2918 3765 2985; x_wconf 89' lang='lat' dir='ltr'>perpetuum.</span> 
     </span>
    </p>
   </div>
   <div class='ocr_carea' id='block_1_61' title="bbox 2199 2993 3768 3062">
    <p class='ocr_par' dir='ltr' id='par_1_61' title="bbox 2199 2993 3768 3062">
     <span class='ocr_line' id='line_1_61' title="bbox 2199 2993 3768 3062; baseline 0.009 -14"><span class='ocrx_word' id='word_1_398' title='bbox 2199 2994 2340 3048; x_wconf 90' lang='lat' dir='ltr'>Cum</span> <span class='ocrx_word' id='word_1_399' title='bbox 2376 2993 2550 3048; x_wconf 82' lang='lat' dir='ltr'>ofﬁcii</span> <span class='ocrx_word' id='word_1_400' title='bbox 2581 2994 2764 3048; x_wconf 91' lang='lat' dir='ltr'>nostri</span> <span class='ocrx_word' id='word_1_401' title='bbox 2806 2995 2884 3050; x_wconf 88' lang='lat' dir='ltr'>sit</span> <span class='ocrx_word' id='word_1_402' title='bbox 2932 2996 3196 3052; x_wconf 90' lang='lat' dir='ltr'>omnium</span> <span class='ocrx_word' id='word_1_403' title='bbox 3246 2998 3634 3059; x_wconf 83' lang='lat' dir='ltr'>Ecclesiarum</span> <span class='ocrx_word' id='word_1_404' title='bbox 3666 3005 3768 3062; x_wconf 91' lang='lat' dir='ltr'>Dei</span> 
     </span>
    </p>
   </div>
   <div class='ocr_carea' id='block_1_62' title="bbox 2131 3081 3769 3162">
    <p class='ocr_par' dir='ltr' id='par_1_62' title="bbox 2131 3081 3769 3162">
     <span class='ocr_line' id='line_1_62' title="bbox 2131 3081 3769 3162; baseline 0.007 -24"><span class='ocrx_word' id='word_1_405' title='bbox 2131 3082 2483 3139; x_wconf 83' lang='lat' dir='ltr'>utilitatibus</span> <span class='ocrx_word' id='word_1_406' title='bbox 2503 3081 2826 3155; x_wconf 86' lang='lat' dir='ltr'>invigilare,</span> <span class='ocrx_word' id='word_1_407' title='bbox 2852 3084 3126 3140; x_wconf 68' lang='lat' dir='ltr'>Romanae</span> <span class='ocrx_word' id='word_1_408' title='bbox 3149 3094 3340 3142; x_wconf 81' lang='lat' dir='ltr'>tamen</span> <span class='ocrx_word' id='word_1_409' title='bbox 3364 3094 3421 3145; x_wconf 92' lang='lat' dir='ltr'>et</span> <span class='ocrx_word' id='word_1_410' title='bbox 3440 3093 3769 3162; x_wconf 64' lang='lat' dir='ltr'>apostolica</span> 
     </span>
    </p>
   </div>
   <div class='ocr_carea' id='block_1_63' title="bbox 375 3163 3770 3250">
    <p class='ocr_par' dir='ltr' id='par_1_63' title="bbox 375 3163 3770 3250">
     <span class='ocr_line' id='line_1_63' title="bbox 375 3163 3770 3250; baseline 0.001 -15"><span class='ocrx_word' id='word_1_411' title='bbox 375 3185 564 3235; x_wconf 85' lang='lat' dir='ltr'>strum</span> <span class='ocrx_word' id='word_1_412' title='bbox 596 3179 910 3245; x_wconf 87' lang='lat' dir='ltr'>mandasti,</span> <span class='ocrx_word' id='word_1_413' title='bbox 943 3179 1082 3250; x_wconf 87' lang='lat' dir='ltr'>quia</span> <span class='ocrx_word' id='word_1_414' title='bbox 1122 3181 1470 3236; x_wconf 88' lang='lat' dir='ltr'>canonicum</span> <span class='ocrx_word' id='word_1_415' title='bbox 1502 3184 1610 3247; x_wconf 90' lang='lat' dir='ltr'>est,</span> <span class='ocrx_word' id='word_1_416' title='bbox 1644 3195 1780 3236; x_wconf 92' lang='lat' dir='ltr'>cum</span> <span class='ocrx_word' id='word_1_417' title='bbox 1811 3179 2014 3234; x_wconf 89' lang='lat' dir='ltr'>eodem</span> <span class='ocrx_word' id='word_1_418' title='bbox 2047 3163 2090 3230; x_wconf 88' lang='lat' dir='ltr'>C</span> <span class='ocrx_word' id='word_1_419' title='bbox 2129 3173 2308 3239; x_wconf 84' lang='lat' dir='ltr'>sedis,</span> <span class='ocrx_word' id='word_1_420' title='bbox 2333 3172 2426 3227; x_wconf 88' lang='lat' dir='ltr'>cui</span> <span class='ocrx_word' id='word_1_421' title='bbox 2450 3171 2813 3228; x_wconf 88' lang='lat' dir='ltr'>auctoreDeo</span> <span class='ocrx_word' id='word_1_422' title='bbox 2831 3174 3594 3248; x_wconf 68' lang='lat' dir='ltr'>prtesidemus,oportetnos</span> <span class='ocrx_word' id='word_1_423' title='bbox 3611 3199 3770 3238; x_wconf 92' lang='lat' dir='ltr'>com-</span> 
     </span>
    </p>
   </div>
   <div class='ocr_carea' id='block_1_64' title="bbox 373 3267 2021 3340">
    <p class='ocr_par' dir='ltr' id='par_1_64' title="bbox 373 3267 2021 3340">
     <span class='ocr_line' id='line_1_64' title="bbox 373 3267 2021 3340; baseline 0.001 -18"><span class='ocrx_word' id='word_1_424' title='bbox 373 3267 497 3322; x_wconf 84' lang='lat' dir='ltr'>ﬁlio</span> <span class='ocrx_word' id='word_1_425' title='bbox 527 3272 723 3323; x_wconf 87' lang='lat' dir='ltr'>nostro</span> <span class='ocrx_word' id='word_1_426' title='bbox 753 3267 859 3323; x_wconf 91' lang='lat' dir='ltr'>tibi</span> <span class='ocrx_word' id='word_1_427' title='bbox 885 3268 1281 3329; x_wconf 88' lang='lat' dir='ltr'>concedimus.</span> <span class='ocrx_word' id='word_1_428' title='bbox 1337 3273 1538 3340; x_wconf 86' lang='lat' dir='ltr'>Neque</span> <span class='ocrx_word' id='word_1_429' title='bbox 1579 3267 1732 3324; x_wconf 88' lang='lat' dir='ltr'>enim</span> <span class='ocrx_word' id='word_1_430' title='bbox 1776 3267 2021 3340; x_wconf 69' lang='lat' dir='ltr'>justitiae</span> 
     </span>
    </p>
   </div>
   <div class='ocr_carea' id='block_1_65' title="bbox 373 3355 2021 3429">
    <p class='ocr_par' dir='ltr' id='par_1_65' title="bbox 373 3355 2021 3429">
     <span class='ocr_line' id='line_1_65' title="bbox 373 3355 2021 3429; baseline 0 -17"><span class='ocrx_word' id='word_1_431' title='bbox 373 3355 662 3413; x_wconf 90' lang='lat' dir='ltr'>contraire</span> <span class='ocrx_word' id='word_1_432' title='bbox 689 3356 981 3424; x_wconf 90' lang='lat' dir='ltr'>volumus,</span> <span class='ocrx_word' id='word_1_433' title='bbox 1008 3356 1111 3429; x_wconf 92' lang='lat' dir='ltr'>pro</span> <span class='ocrx_word' id='word_1_434' title='bbox 1134 3374 1250 3429; x_wconf 91' lang='lat' dir='ltr'>qua</span> <span class='ocrx_word' id='word_1_435' title='bbox 1278 3358 1445 3426; x_wconf 92' lang='lat' dir='ltr'>mori,</span> <span class='ocrx_word' id='word_1_436' title='bbox 1471 3358 1519 3413; x_wconf 90' lang='lat' dir='ltr'>si</span> <span class='ocrx_word' id='word_1_437' title='bbox 1552 3372 1790 3413; x_wconf 88' lang='lat' dir='ltr'>necesse</span> <span class='ocrx_word' id='word_1_438' title='bbox 1811 3357 1906 3423; x_wconf 88' lang='lat' dir='ltr'>sit,</span> <span class='ocrx_word' id='word_1_439' title='bbox 1932 3357 2021 3412; x_wconf 80' lang='lat' dir='ltr'>lu~</span> 
     </span>
    </p>
   </div>
   <div class='ocr_carea' id='block_1_66' title="bbox 373 3445 2022 3518">
    <p class='ocr_par' dir='ltr' id='par_1_66' title="bbox 373 3445 2022 3518">
     <span class='ocr_line' id='line_1_66' title="bbox 373 3445 2022 3518; baseline 0.001 -17"><span class='ocrx_word' id='word_1_440' title='bbox 373 3462 538 3502; x_wconf 91' lang='lat' dir='ltr'>crum</span> <span class='ocrx_word' id='word_1_441' title='bbox 561 3449 861 3518; x_wconf 89' lang='lat' dir='ltr'>putamus.</span> <span class='ocrx_word' id='word_1_442' title='bbox 885 3446 1170 3502; x_wconf 83' lang='lat' dir='ltr'>Caeterum</span> <span class='ocrx_word' id='word_1_443' title='bbox 1192 3447 1262 3502; x_wconf 92' lang='lat' dir='ltr'>de</span> <span class='ocrx_word' id='word_1_444' title='bbox 1284 3452 1483 3503; x_wconf 90' lang='lat' dir='ltr'>nostro</span> <span class='ocrx_word' id='word_1_445' title='bbox 1495 3447 1746 3503; x_wconf 88' lang='lat' dir='ltr'>adventu</span> <span class='ocrx_word' id='word_1_446' title='bbox 1764 3445 1821 3500; x_wconf 94' lang='lat' dir='ltr'>in</span> <span class='ocrx_word' id='word_1_447' title='bbox 1842 3446 2022 3502; x_wconf 83' lang='lat' dir='ltr'>Fran-</span> 
     </span>
    </p>
   </div>
   <div class='ocr_carea' id='block_1_67' title="bbox 377 3533 2021 3607">
    <p class='ocr_par' dir='ltr' id='par_1_67' title="bbox 377 3533 2021 3607">
     <span class='ocr_line' id='line_1_67' title="bbox 377 3533 2021 3607; baseline -0.001 -16"><span class='ocrx_word' id='word_1_448' title='bbox 377 3535 548 3602; x_wconf 89' lang='lat' dir='ltr'>ciam,</span> <span class='ocrx_word' id='word_1_449' title='bbox 565 3533 788 3590; x_wconf 88' lang='lat' dir='ltr'>nullam</span> <span class='ocrx_word' id='word_1_450' title='bbox 803 3535 875 3590; x_wconf 91' lang='lat' dir='ltr'>ad</span> <span class='ocrx_word' id='word_1_451' title='bbox 891 3551 1110 3607; x_wconf 76' lang='lat' dir='ltr'>praesen</span> <span class='ocrx_word' id='word_1_452' title='bbox 1123 3553 1150 3591; x_wconf 93' lang='lat' dir='ltr'>s</span> <span class='ocrx_word' id='word_1_453' title='bbox 1167 3535 1271 3591; x_wconf 91' lang='lat' dir='ltr'>tibi</span> <span class='ocrx_word' id='word_1_454' title='bbox 1286 3534 2021 3591; x_wconf 87' lang='lat' dir='ltr'>scribimuscertitudinem</span> 
     </span>
    </p>
   </div>
   <div class='ocr_carea' id='block_1_68' title="bbox 373 3623 2025 3695">
    <p class='ocr_par' dir='ltr' id='par_1_68' title="bbox 373 3623 2025 3695">
     <span class='ocr_line' id='line_1_68' title="bbox 373 3623 2025 3695; baseline 0.001 -16"><span class='ocrx_word' id='word_1_455' title='bbox 373 3625 519 3680; x_wconf 89' lang='lat' dir='ltr'>Cum</span> <span class='ocrx_word' id='word_1_456' title='bbox 544 3628 738 3679; x_wconf 86' lang='lat' dir='ltr'>autem</span> <span class='ocrx_word' id='word_1_457' title='bbox 761 3623 834 3678; x_wconf 90' lang='lat' dir='ltr'>ad</span> <span class='ocrx_word' id='word_1_458' title='bbox 855 3628 910 3679; x_wconf 88' lang='lat' dir='ltr'>te</span> <span class='ocrx_word' id='word_1_459' title='bbox 931 3630 1132 3681; x_wconf 90' lang='lat' dir='ltr'>noster</span> <span class='ocrx_word' id='word_1_460' title='bbox 1168 3624 1327 3680; x_wconf 86' lang='lat' dir='ltr'>filius</span> <span class='ocrx_word' id='word_1_461' title='bbox 1371 3624 1614 3690; x_wconf 88' lang='lat' dir='ltr'>venerit,</span> <span class='ocrx_word' id='word_1_462' title='bbox 1655 3624 1780 3695; x_wconf 91' lang='lat' dir='ltr'>ipse</span> <span class='ocrx_word' id='word_1_463' title='bbox 1799 3628 1920 3679; x_wconf 89' lang='lat' dir='ltr'>tam</span> <span class='ocrx_word' id='word_1_464' title='bbox 1952 3625 2025 3680; x_wconf 90' lang='lat' dir='ltr'>de</span> 
     </span>
    </p>
   </div>
   <div class='ocr_carea' id='block_1_69' title="bbox 376 3712 2024 3784">
    <p class='ocr_par' dir='ltr' id='par_1_69' title="bbox 376 3712 2024 3784">
     <span class='ocr_line' id='line_1_69' title="bbox 376 3712 2024 3784; baseline -0.001 -15"><span class='ocrx_word' id='word_1_465' title='bbox 376 3713 486 3769; x_wconf 89' lang='lat' dir='ltr'>hoc</span> <span class='ocrx_word' id='word_1_466' title='bbox 516 3729 694 3784; x_wconf 87' lang='lat' dir='ltr'>quam</span> <span class='ocrx_word' id='word_1_467' title='bbox 725 3712 798 3767; x_wconf 90' lang='lat' dir='ltr'>de</span> <span class='ocrx_word' id='word_1_468' title='bbox 829 3713 1104 3769; x_wconf 90' lang='lat' dir='ltr'>omnibus</span> <span class='ocrx_word' id='word_1_469' title='bbox 1134 3712 1264 3769; x_wconf 90' lang='lat' dir='ltr'>allis</span> <span class='ocrx_word' id='word_1_470' title='bbox 1295 3718 1352 3769; x_wconf 89' lang='lat' dir='ltr'>te</span> <span class='ocrx_word' id='word_1_471' title='bbox 1384 3713 1747 3770; x_wconf 91' lang='lat' dir='ltr'>certiﬁcabit.</span> <span class='ocrx_word' id='word_1_472' title='bbox 1782 3713 2024 3769; x_wconf 88' lang='lat' dir='ltr'>Manda-</span> 
     </span>
    </p>
   </div>
   <div class='ocr_carea' id='block_1_70' title="bbox 378 3802 2020 3876">
    <p class='ocr_par' dir='ltr' id='par_1_70' title="bbox 378 3802 2020 3876">
     <span class='ocr_line' id='line_1_70' title="bbox 378 3802 2020 3876; baseline -0.001 -17"><span class='ocrx_word' id='word_1_473' title='bbox 378 3819 513 3859; x_wconf 88' lang='lat' dir='ltr'>mus</span> <span class='ocrx_word' id='word_1_474' title='bbox 541 3807 737 3859; x_wconf 90' lang='lat' dir='ltr'>autem</span> <span class='ocrx_word' id='word_1_475' title='bbox 760 3806 818 3858; x_wconf 87' lang='lat' dir='ltr'>et</span> <span class='ocrx_word' id='word_1_476' title='bbox 837 3803 1228 3875; x_wconf 70' lang='lat' dir='ltr'>praecipimus,</span> <span class='ocrx_word' id='word_1_477' title='bbox 1253 3808 1544 3876; x_wconf 89' lang='lat' dir='ltr'>quatenus</span> <span class='ocrx_word' id='word_1_478' title='bbox 1565 3819 1698 3858; x_wconf 90' lang='lat' dir='ltr'>cum</span> <span class='ocrx_word' id='word_1_479' title='bbox 1720 3803 1866 3858; x_wconf 91' lang='lat' dir='ltr'>duce</span> <span class='ocrx_word' id='word_1_480' title='bbox 1886 3802 2020 3858; x_wconf 87' lang='lat' dir='ltr'>cha-</span> 
     </span>
    </p>
   </div>
   <div class='ocr_carea' id='block_1_71' title="bbox 379 3891 2020 3964">
    <p class='ocr_par' dir='ltr' id='par_1_71' title="bbox 379 3891 2020 3964">
     <span class='ocr_line' id='line_1_71' title="bbox 379 3891 2020 3964; baseline -0.001 -17"><span class='ocrx_word' id='word_1_481' title='bbox 379 3891 616 3949; x_wconf 81' lang='lat' dir='ltr'>rissima</span> <span class='ocrx_word' id='word_1_482' title='bbox 648 3891 770 3948; x_wconf 88' lang='lat' dir='ltr'>ﬁlio</span> <span class='ocrx_word' id='word_1_483' title='bbox 800 3897 1000 3948; x_wconf 91' lang='lat' dir='ltr'>nostro</span> <span class='ocrx_word' id='word_1_484' title='bbox 1030 3909 1232 3964; x_wconf 87' lang='lat' dir='ltr'>pacem</span> <span class='ocrx_word' id='word_1_485' title='bbox 1264 3892 1448 3958; x_wconf 90' lang='lat' dir='ltr'>ineas,</span> <span class='ocrx_word' id='word_1_486' title='bbox 1480 3896 1546 3947; x_wconf 93' lang='lat' dir='ltr'>ut</span> <span class='ocrx_word' id='word_1_487' title='bbox 1570 3891 1654 3947; x_wconf 88' lang='lat' dir='ltr'>tui</span> <span class='ocrx_word' id='word_1_488' title='bbox 1689 3892 1759 3946; x_wconf 91' lang='lat' dir='ltr'>ad</span> <span class='ocrx_word' id='word_1_489' title='bbox 1795 3908 1902 3947; x_wconf 90' lang='lat' dir='ltr'>nos</span> <span class='ocrx_word' id='word_1_490' title='bbox 1933 3907 2020 3947; x_wconf 91' lang='lat' dir='ltr'>se-</span> 
     </span>
    </p>
   </div>
   <div class='ocr_carea' id='block_1_72' title="bbox 375 3979 2019 4052">
    <p class='ocr_par' dir='ltr' id='par_1_72' title="bbox 375 3979 2019 4052">
     <span class='ocr_line' id='line_1_72' title="bbox 375 3979 2019 4052; baseline -0.002 -14"><span class='ocrx_word' id='word_1_491' title='bbox 375 3998 515 4038; x_wconf 90' lang='lat' dir='ltr'>cure</span> <span class='ocrx_word' id='word_1_492' title='bbox 544 3981 776 4037; x_wconf 89' lang='lat' dir='ltr'>valeant</span> <span class='ocrx_word' id='word_1_493' title='bbox 802 3981 1017 4050; x_wconf 90' lang='lat' dir='ltr'>venire,</span> <span class='ocrx_word' id='word_1_494' title='bbox 1051 3997 1275 4052; x_wconf 90' lang='lat' dir='ltr'>nosque</span> <span class='ocrx_word' id='word_1_495' title='bbox 1325 3998 1426 4036; x_wconf 90' lang='lat' dir='ltr'>eos</span> <span class='ocrx_word' id='word_1_496' title='bbox 1468 3979 1767 4052; x_wconf 88' lang='lat' dir='ltr'>possimus</span> <span class='ocrx_word' id='word_1_497' title='bbox 1796 3981 2019 4036; x_wconf 89' lang='lat' dir='ltr'>audire.</span> 
     </span>
    </p>
   </div>
   <div class='ocr_carea' id='block_1_73' title="bbox 372 4068 2024 4126">
    <p class='ocr_par' dir='ltr' id='par_1_73' title="bbox 372 4068 2024 4126">
     <span class='ocr_line' id='line_1_73' title="bbox 372 4068 2024 4126; baseline -0.001 0"><span class='ocrx_word' id='word_1_498' title='bbox 372 4070 660 4126; x_wconf 87' lang='lat' dir='ltr'>Nolumus</span> <span class='ocrx_word' id='word_1_499' title='bbox 685 4070 899 4126; x_wconf 89' lang='lat' dir='ltr'>etenim</span> <span class='ocrx_word' id='word_1_500' title='bbox 932 4071 1078 4126; x_wconf 93' lang='lat' dir='ltr'>duos</span> <span class='ocrx_word' id='word_1_501' title='bbox 1106 4074 1228 4125; x_wconf 90' lang='lat' dir='ltr'>tam</span> <span class='ocrx_word' id='word_1_502' title='bbox 1251 4069 1631 4125; x_wconf 89' lang='lat' dir='ltr'>cbarissimos</span> <span class='ocrx_word' id='word_1_503' title='bbox 1655 4068 1807 4126; x_wconf 90' lang='lat' dir='ltr'>ﬁlios</span> <span class='ocrx_word' id='word_1_504' title='bbox 1824 4069 1884 4124; x_wconf 90' lang='lat' dir='ltr'>in</span> <span class='ocrx_word' id='word_1_505' title='bbox 1907 4069 2024 4125; x_wconf 85' lang='lat' dir='ltr'>dis-</span> 
     </span>
    </p>
   </div>
   <div class='ocr_carea' id='block_1_74' title="bbox 370 4159 861 4215">
    <p class='ocr_par' dir='ltr' id='par_1_74' title="bbox 370 4159 861 4215">
     <span class='ocr_line' id='line_1_74' title="bbox 370 4159 861 4215; baseline -0.002 0"><span class='ocrx_word' id='word_1_506' title='bbox 370 4159 575 4215; x_wconf 86' lang='lat' dir='ltr'>cordia</span> <span class='ocrx_word' id='word_1_507' title='bbox 605 4175 861 4215; x_wconf 90' lang='lat' dir='ltr'>manere.</span> 
     </span>
    </p>
   </div>
   <div class='ocr_carea' id='block_1_75' title="bbox 1112 4247 1283 4304">
    <p class='ocr_par' dir='ltr' id='par_1_75' title="bbox 1112 4247 1283 4304">
     <span class='ocr_line' id='line_1_75' title="bbox 1112 4247 1283 4304; baseline 0.012 -2"><span class='ocrx_word' id='word_1_508' title='bbox 1112 4247 1256 4303; x_wconf 88' lang='lat' dir='ltr'>XXX</span> <span class='ocrx_word' id='word_1_509' title='bbox 1271 4289 1283 4304; x_wconf 93' lang='lat'>.</span> 
     </span>
    </p>
   </div>
   <div class='ocr_carea' id='block_1_76' title="bbox 579 4336 1732 4410">
    <p class='ocr_par' dir='ltr' id='par_1_76' title="bbox 579 4336 1732 4410">
     <span class='ocr_line' id='line_1_76' title="bbox 579 4336 1732 4410; baseline -0.004 -16"><span class='ocrx_word' id='word_1_510' title='bbox 579 4366 588 4368; x_wconf 91' lang='lat'>-</span> <span class='ocrx_word' id='word_1_511' title='bbox 655 4339 869 4394; x_wconf 83' lang='lat' dir='ltr'>Nicolai</span> <span class='ocrx_word' id='word_1_512' title='bbox 894 4339 944 4394; x_wconf 89' lang='lat' dir='ltr'>ll</span> <span class='ocrx_word' id='word_1_513' title='bbox 969 4337 1198 4410; x_wconf 77' lang='lat' dir='ltr'>epistola</span> <span class='ocrx_word' id='word_1_514' title='bbox 1231 4336 1301 4392; x_wconf 89' lang='lat' dir='ltr'>ad</span> <span class='ocrx_word' id='word_1_515' title='bbox 1340 4338 1732 4407; x_wconf 74' lang='lat' dir='ltr'>Lan/‘rancum.</span> 
     </span>
    </p>
   </div>
   <div class='ocr_carea' id='block_1_77' title="bbox 944 4425 1451 4498">
    <p class='ocr_par' dir='ltr' id='par_1_77' title="bbox 944 4425 1451 4498">
     <span class='ocr_line' id='line_1_77' title="bbox 944 4425 1451 4498; baseline -0.006 -16"><span class='ocrx_word' id='word_1_516' title='bbox 944 4426 1134 4498; x_wconf 85' lang='lat' dir='ltr'>(Anno</span> <span class='ocrx_word' id='word_1_517' title='bbox 1167 4425 1451 4493; x_wconf 74' lang='grc'>1059-61.)</span> 
     </span>
    </p>
   </div>
   <div class='ocr_carea' id='block_1_78' title="bbox 479 4511 1914 4590">
    <p class='ocr_par' dir='ltr' id='par_1_78' title="bbox 479 4511 1914 4590">
     <span class='ocr_line' id='line_1_78' title="bbox 479 4511 1914 4590; baseline -0.005 -16"><span class='ocrx_word' id='word_1_518' title='bbox 479 4519 858 4590; x_wconf 76' lang='lat' dir='ltr'>[Tusinsaus,</span> <span class='ocrx_word' id='word_1_519' title='bbox 892 4517 1310 4587; x_wconf 69' lang='lat' dir='ltr'>Disquisitiones</span> <span class='ocrx_word' id='word_1_520' title='bbox 1343 4515 1570 4582; x_wconf 54' lang='lat' dir='ltr'>critica,</span> <span class='ocrx_word' id='word_1_521' title='bbox 1603 4529 1731 4586; x_wconf 81' lang='lat' dir='ltr'>pag.</span> <span class='ocrx_word' id='word_1_522' title='bbox 1763 4511 1914 4585; x_wconf 80' lang='lat'>206.]</span> 
     </span>
    </p>
   </div>
   <div class='ocr_carea' id='block_1_79' title="bbox 441 4600 2015 4676">
    <p class='ocr_par' dir='ltr' id='par_1_79' title="bbox 441 4600 2015 4676">
     <span class='ocr_line' id='line_1_79' title="bbox 441 4600 2015 4676; baseline -0.004 -15"><span class='ocrx_word' id='word_1_523' title='bbox 441 4607 731 4662; x_wconf 68' lang='lat' dir='ltr'>Nrcouus</span> <span class='ocrx_word' id='word_1_524' title='bbox 761 4604 1090 4676; x_wconf 89' lang='lat' dir='ltr'>episcopus,</span> <span class='ocrx_word' id='word_1_525' title='bbox 1125 4619 1326 4659; x_wconf 90' lang='lat' dir='ltr'>servus</span> <span class='ocrx_word' id='word_1_526' title='bbox 1356 4617 1654 4658; x_wconf 80' lang='lat' dir='ltr'>servorum</span> <span class='ocrx_word' id='word_1_527' title='bbox 1685 4600 1806 4669; x_wconf 90' lang='lat' dir='ltr'>Dei,</span> <span class='ocrx_word' id='word_1_528' title='bbox 1855 4600 2015 4656; x_wconf 80' lang='lat' dir='ltr'>fratri</span> 
     </span>
    </p>
   </div>
   <div class='ocr_carea' id='block_1_80' title="bbox 369 4688 2010 4764">
    <p class='ocr_par' dir='ltr' id='par_1_80' title="bbox 369 4688 2010 4764">
     <span class='ocr_line' id='line_1_80' title="bbox 369 4688 2010 4764; baseline -0.004 -13"><span class='ocrx_word' id='word_1_529' title='bbox 369 4697 738 4761; x_wconf 63' lang='lat' dir='ltr'>Lanmanco,</span> <span class='ocrx_word' id='word_1_530' title='bbox 771 4692 1022 4750; x_wconf 88' lang='lat' dir='ltr'>salutem</span> <span class='ocrx_word' id='word_1_531' title='bbox 1045 4697 1104 4749; x_wconf 90' lang='lat' dir='ltr'>et</span> <span class='ocrx_word' id='word_1_532' title='bbox 1125 4691 1502 4764; x_wconf 87' lang='lat' dir='ltr'>apostolicam</span> <span class='ocrx_word' id='word_1_533' title='bbox 1528 4688 2010 4746; x_wconf 85' lang='lat' dir='ltr'>benedictionem.</span> 
     </span>
    </p>
   </div>
   <div class='ocr_carea' id='block_1_81' title="bbox 442 4779 2018 4848">
    <p class='ocr_par' dir='ltr' id='par_1_81' title="bbox 442 4779 2018 4848">
     <span class='ocr_line' id='line_1_81' title="bbox 442 4779 2018 4848; baseline -0.004 -9"><span class='ocrx_word' id='word_1_534' title='bbox 442 4784 600 4839; x_wconf 88' lang='lat' dir='ltr'>Satis</span> <span class='ocrx_word' id='word_1_535' title='bbox 631 4782 1020 4838; x_wconf 88' lang='lat' dir='ltr'>desideratam</span> <span class='ocrx_word' id='word_1_536' title='bbox 1051 4785 1323 4848; x_wconf 86' lang='lat' dir='ltr'>vestram,</span> <span class='ocrx_word' id='word_1_537' title='bbox 1357 4779 1701 4836; x_wconf 87' lang='lat' dir='ltr'>charissime</span> <span class='ocrx_word' id='word_1_538' title='bbox 1730 4779 1924 4847; x_wconf 85' lang='lat' dir='ltr'>frater,</span> <span class='ocrx_word' id='word_1_539' title='bbox 1954 4779 2018 4834; x_wconf 91' lang='lat' dir='ltr'>li-</span> 
     </span>
    </p>
   </div>
   <div class='ocr_carea' id='block_1_82' title="bbox 367 4867 2018 4943">
    <p class='ocr_par' dir='ltr' id='par_1_82' title="bbox 367 4867 2018 4943">
     <span class='ocr_line' id='line_1_82' title="bbox 367 4867 2018 4943; baseline -0.002 -15"><span class='ocrx_word' id='word_1_540' title='bbox 367 4874 575 4928; x_wconf 89' lang='lat' dir='ltr'>benter</span> <span class='ocrx_word' id='word_1_541' title='bbox 591 4872 845 4928; x_wconf 89' lang='lat' dir='ltr'>viderem</span> <span class='ocrx_word' id='word_1_542' title='bbox 871 4871 1241 4943; x_wconf 69' lang='lat' dir='ltr'>praesentiam</span> <span class='ocrx_word' id='word_1_543' title='bbox 1274 4871 1332 4925; x_wconf 93' lang='lat' dir='ltr'>in</span> <span class='ocrx_word' id='word_1_544' title='bbox 1367 4867 1776 4925; x_wconf 90' lang='lat' dir='ltr'>ecclesiasticis</span> <span class='ocrx_word' id='word_1_545' title='bbox 1798 4867 2018 4924; x_wconf 87' lang='lat' dir='ltr'>nostris</span> 
     </span>
    </p>
   </div>
   <div class='ocr_carea' id='block_1_83' title="bbox 366 4956 2014 5029">
    <p class='ocr_par' dir='ltr' id='par_1_83' title="bbox 366 4956 2014 5029">
     <span class='ocr_line' id='line_1_83' title="bbox 366 4956 2014 5029; baseline -0.004 -11"><span class='ocrx_word' id='word_1_546' title='bbox 366 4961 529 5018; x_wconf 88' lang='lat' dir='ltr'>curis</span> <span class='ocrx_word' id='word_1_547' title='bbox 563 4961 812 5018; x_wconf 85' lang='lat' dir='ltr'>libenter</span> <span class='ocrx_word' id='word_1_548' title='bbox 839 4961 1048 5016; x_wconf 90' lang='lat' dir='ltr'>vestris</span> <span class='ocrx_word' id='word_1_549' title='bbox 1078 4975 1368 5016; x_wconf 89' lang='lat' dir='ltr'>recrearer</span> <span class='ocrx_word' id='word_1_550' title='bbox 1413 4957 1695 5026; x_wconf 90' lang='lat' dir='ltr'>consiliis,</span> <span class='ocrx_word' id='word_1_551' title='bbox 1749 4973 1924 5029; x_wconf 89' lang='lat' dir='ltr'>quem</span> <span class='ocrx_word' id='word_1_552' title='bbox 1955 4956 2014 5011; x_wconf 90' lang='lat' dir='ltr'>in</span> 
     </span>
    </p>
   </div>
   <div class='ocr_carea' id='block_1_84' title="bbox 369 5046 2014 5122">
    <p class='ocr_par' dir='ltr' id='par_1_84' title="bbox 369 5046 2014 5122">
     <span class='ocr_line' id='line_1_84' title="bbox 369 5046 2014 5122; baseline -0.004 -15"><span class='ocrx_word' id='word_1_553' title='bbox 369 5051 655 5107; x_wconf 83' lang='lat' dir='ltr'>Romanis</span> <span class='ocrx_word' id='word_1_554' title='bbox 689 5054 748 5106; x_wconf 90' lang='lat' dir='ltr'>et</span> <span class='ocrx_word' id='word_1_555' title='bbox 774 5049 1108 5122; x_wconf 87' lang='lat' dir='ltr'>apostolicis</span> <span class='ocrx_word' id='word_1_556' title='bbox 1148 5048 1400 5105; x_wconf 90' lang='lat' dir='ltr'>servitiis</span> <span class='ocrx_word' id='word_1_557' title='bbox 1445 5046 1586 5103; x_wconf 90' lang='lat' dir='ltr'>satis</span> <span class='ocrx_word' id='word_1_558' title='bbox 1617 5051 2014 5118; x_wconf 89' lang='lat' dir='ltr'>opportunum</span> 
     </span>
    </p>
   </div>
   <div class='ocr_carea' id='block_1_85' title="bbox 367 5135 2013 5211">
    <p class='ocr_par' dir='ltr' id='par_1_85' title="bbox 367 5135 2013 5211">
     <span class='ocr_line' id='line_1_85' title="bbox 367 5135 2013 5211; baseline -0.004 -16"><span class='ocrx_word' id='word_1_559' title='bbox 367 5139 724 5195; x_wconf 89' lang='lat' dir='ltr'>audivimus.</span> <span class='ocrx_word' id='word_1_560' title='bbox 749 5139 860 5195; x_wconf 92' lang='lat' dir='ltr'>Sed</span> <span class='ocrx_word' id='word_1_561' title='bbox 884 5139 1020 5211; x_wconf 87' lang='lat' dir='ltr'>quia</span> <span class='ocrx_word' id='word_1_562' title='bbox 1039 5143 1161 5194; x_wconf 91' lang='lat' dir='ltr'>tam</span> <span class='ocrx_word' id='word_1_563' title='bbox 1184 5137 1348 5194; x_wconf 73' lang='lat' dir='ltr'>facile</span> <span class='ocrx_word' id='word_1_564' title='bbox 1366 5153 1520 5193; x_wconf 91' lang='lat' dir='ltr'>nunc</span> <span class='ocrx_word' id='word_1_565' title='bbox 1542 5137 1736 5191; x_wconf 88' lang='lat' dir='ltr'>forsan</span> <span class='ocrx_word' id='word_1_566' title='bbox 1757 5135 1879 5189; x_wconf 91' lang='lat' dir='ltr'>ﬁeri</span> <span class='ocrx_word' id='word_1_567' title='bbox 1898 5151 2013 5190; x_wconf 90' lang='lat' dir='ltr'>non</span> 
     </span>
    </p>
   </div>
   <div class='ocr_carea' id='block_1_86' title="bbox 367 5222 2017 5300">
    <p class='ocr_par' dir='ltr' id='par_1_86' title="bbox 367 5222 2017 5300">
     <span class='ocr_line' id='line_1_86' title="bbox 367 5222 2017 5300; baseline -0.004 -17"><span class='ocrx_word' id='word_1_568' title='bbox 367 5231 583 5300; x_wconf 90' lang='lat' dir='ltr'>potest,</span> <span class='ocrx_word' id='word_1_569' title='bbox 624 5227 896 5284; x_wconf 89' lang='lat' dir='ltr'>volumus</span> <span class='ocrx_word' id='word_1_570' title='bbox 944 5228 1133 5300; x_wconf 91' lang='lat' dir='ltr'>ipsam</span> <span class='ocrx_word' id='word_1_571' title='bbox 1155 5230 1409 5282; x_wconf 89' lang='lat' dir='ltr'>vestram</span> <span class='ocrx_word' id='word_1_572' title='bbox 1432 5223 1744 5281; x_wconf 89' lang='lat' dir='ltr'>stationem</span> <span class='ocrx_word' id='word_1_573' title='bbox 1769 5222 1940 5278; x_wconf 90' lang='lat' dir='ltr'>nobis</span> <span class='ocrx_word' id='word_1_574' title='bbox 1960 5227 2017 5278; x_wconf 92' lang='lat' dir='ltr'>et</span> 
     </span>
    </p>
   </div>
   <div class='ocr_carea' id='block_1_87' title="bbox 365 5314 2014 5377">
    <p class='ocr_par' dir='ltr' id='par_1_87' title="bbox 365 5314 2014 5377">
     <span class='ocr_line' id='line_1_87' title="bbox 365 5314 2014 5377; baseline -0.005 -4"><span class='ocrx_word' id='word_1_575' title='bbox 365 5317 643 5373; x_wconf 74' lang='lat' dir='ltr'>Romanis</span> <span class='ocrx_word' id='word_1_576' title='bbox 675 5317 881 5373; x_wconf 87' lang='lat' dir='ltr'>matris</span> <span class='ocrx_word' id='word_1_577' title='bbox 932 5316 1194 5372; x_wconf 70' lang='lat' dir='ltr'>Ecclesiae</span> <span class='ocrx_word' id='word_1_578' title='bbox 1243 5331 1370 5371; x_wconf 90' lang='lat' dir='ltr'>esse</span> <span class='ocrx_word' id='word_1_579' title='bbox 1415 5314 1800 5377; x_wconf 86' lang='lat' dir='ltr'>fructuosam,</span> <span class='ocrx_word' id='word_1_580' title='bbox 1854 5314 1918 5365; x_wconf 92' lang='lat' dir='ltr'>ut</span> <span class='ocrx_word' id='word_1_581' title='bbox 1946 5326 2014 5366; x_wconf 86' lang='lat' dir='ltr'>ex</span> 
     </span>
    </p>
   </div>
   <div class='ocr_carea' id='block_1_88' title="bbox 365 5398 2014 5475">
    <p class='ocr_par' dir='ltr' id='par_1_88' title="bbox 365 5398 2014 5475">
     <span class='ocr_line' id='line_1_88' title="bbox 365 5398 2014 5475; baseline -0.005 -14"><span class='ocrx_word' id='word_1_582' title='bbox 365 5405 563 5461; x_wconf 87' lang='lat' dir='ltr'>fructu</span> <span class='ocrx_word' id='word_1_583' title='bbox 583 5408 790 5462; x_wconf 70' lang='lat' dir='ltr'>vestris</span> <span class='ocrx_word' id='word_1_584' title='bbox 817 5405 1086 5461; x_wconf 88' lang='lat' dir='ltr'>stationis</span> <span class='ocrx_word' id='word_1_585' title='bbox 1127 5407 1510 5475; x_wconf 87' lang='lat' dir='ltr'>cognoscatur</span> <span class='ocrx_word' id='word_1_586' title='bbox 1531 5404 1588 5456; x_wconf 92' lang='lat' dir='ltr'>et</span> <span class='ocrx_word' id='word_1_587' title='bbox 1620 5401 1840 5455; x_wconf 88' lang='lat' dir='ltr'>fructus</span> <span class='ocrx_word' id='word_1_588' title='bbox 1863 5398 2014 5454; x_wconf 92' lang='lat' dir='ltr'>desi-</span> 
     </span>
    </p>
   </div>
   <div class='ocr_carea' id='block_1_89' title="bbox 365 5486 2013 5565">
    <p class='ocr_par' dir='ltr' id='par_1_89' title="bbox 365 5486 2013 5565">
     <span class='ocr_line' id='line_1_89' title="bbox 365 5486 2013 5565; baseline -0.004 -14"><span class='ocrx_word' id='word_1_589' title='bbox 365 5493 646 5551; x_wconf 86' lang='lat' dir='ltr'>derabilis</span> <span class='ocrx_word' id='word_1_590' title='bbox 660 5495 942 5550; x_wconf 87' lang='lat' dir='ltr'>adventus</span> <span class='ocrx_word' id='word_1_591' title='bbox 953 5497 1090 5550; x_wconf 88' lang='lat' dir='ltr'>.Hos</span> <span class='ocrx_word' id='word_1_592' title='bbox 1103 5492 1283 5565; x_wconf 90' lang='lat' dir='ltr'>igitur</span> <span class='ocrx_word' id='word_1_593' title='bbox 1296 5495 1505 5548; x_wconf 61' lang='lat' dir='ltr'>nostris</span> <span class='ocrx_word' id='word_1_594' title='bbox 1519 5487 1848 5546; x_wconf 90' lang='lat' dir='ltr'>dilectionis</span> <span class='ocrx_word' id='word_1_595' title='bbox 1859 5486 2013 5544; x_wconf 90' lang='lat' dir='ltr'>ﬁlios</span> 
     </span>
    </p>
   </div>
   <div class='ocr_carea' id='block_1_90' title="bbox 364 5577 2009 5662">
    <p class='ocr_par' dir='ltr' id='par_1_90' title="bbox 364 5577 2009 5662">
     <span class='ocr_line' id='line_1_90' title="bbox 364 5577 2009 5662; baseline -0.004 -19"><span class='ocrx_word' id='word_1_596' title='bbox 364 5583 737 5662; x_wconf 87' lang='lat' dir='ltr'>imperatoris</span> <span class='ocrx_word' id='word_1_597' title='bbox 758 5582 1089 5661; x_wconf 87' lang='lat' dir='ltr'>capellanos</span> <span class='ocrx_word' id='word_1_598' title='bbox 1127 5585 1186 5640; x_wconf 90' lang='lat' dir='ltr'>et</span> <span class='ocrx_word' id='word_1_599' title='bbox 1204 5586 1435 5643; x_wconf 84' lang='lat' dir='ltr'>nostros</span> <span class='ocrx_word' id='word_1_600' title='bbox 1465 5577 1773 5644; x_wconf 83' lang='lat' dir='ltr'>dialectica</span> <span class='ocrx_word' id='word_1_601' title='bbox 1791 5580 1847 5640; x_wconf 83' lang='lat' dir='ltr'>et</span> <span class='ocrx_word' id='word_1_602' title='bbox 1871 5577 2009 5645; x_wconf 84' lang='lat' dir='ltr'>rhe-</span> 
     </span>
    </p>
   </div>
   <div class='ocr_carea' id='block_1_91' title="bbox 2132 3260 3772 3340">
    <p class='ocr_par' dir='ltr' id='par_1_91' title="bbox 2132 3260 3772 3340">
     <span class='ocr_line' id='line_1_91' title="bbox 2132 3260 3772 3340; baseline 0.007 -24"><span class='ocrx_word' id='word_1_603' title='bbox 2132 3261 2327 3317; x_wconf 90' lang='lat' dir='ltr'>modis</span> <span class='ocrx_word' id='word_1_604' title='bbox 2393 3260 2678 3316; x_wconf 84' lang='lat' dir='ltr'>sollicitus</span> <span class='ocrx_word' id='word_1_605' title='bbox 2726 3262 2978 3318; x_wconf 90' lang='lat' dir='ltr'>studere.</span> <span class='ocrx_word' id='word_1_606' title='bbox 3033 3263 3395 3338; x_wconf 90' lang='lat' dir='ltr'>Quapropter</span> <span class='ocrx_word' id='word_1_607' title='bbox 3440 3269 3772 3340; x_wconf 88' lang='lat' dir='ltr'>castellum,</span> 
     </span>
    </p>
   </div>
   <div class='ocr_carea' id='block_1_92' title="bbox 2135 3350 3774 3428">
    <p class='ocr_par' dir='ltr' id='par_1_92' title="bbox 2135 3350 3774 3428">
     <span class='ocr_line' id='line_1_92' title="bbox 2135 3350 3774 3428; baseline 0.009 -25"><span class='ocrx_word' id='word_1_608' title='bbox 2135 3350 2291 3421; x_wconf 93' lang='lat' dir='ltr'>quod</span> <span class='ocrx_word' id='word_1_609' title='bbox 2323 3354 2701 3421; x_wconf 86' lang='lat' dir='ltr'>nuncupatur</span> <span class='ocrx_word' id='word_1_610' title='bbox 2731 3350 2960 3406; x_wconf 84' lang='lat' dir='ltr'>Roccha</span> <span class='ocrx_word' id='word_1_611' title='bbox 2988 3352 3059 3408; x_wconf 90' lang='lat' dir='ltr'>de</span> <span class='ocrx_word' id='word_1_612' title='bbox 3101 3353 3379 3426; x_wconf 86' lang='lat' dir='ltr'>Antiquo,</span> <span class='ocrx_word' id='word_1_613' title='bbox 3428 3359 3705 3428; x_wconf 90' lang='lat' dir='ltr'>quoniam</span> <span class='ocrx_word' id='word_1_614' title='bbox 3739 3379 3774 3418; x_wconf 85' lang='lat' dir='ltr'>a</span> 
     </span>
    </p>
   </div>
   <div class='ocr_carea' id='block_1_93' title="bbox 2131 3437 3768 3522">
    <p class='ocr_par' dir='ltr' id='par_1_93' title="bbox 2131 3437 3768 3522">
     <span class='ocr_line' id='line_1_93' title="bbox 2131 3437 3768 3522; baseline 0.007 -29"><span class='ocrx_word' id='word_1_615' title='bbox 2131 3437 2431 3494; x_wconf 89' lang='lat' dir='ltr'>Grimaldo</span> <span class='ocrx_word' id='word_1_616' title='bbox 2453 3439 2572 3495; x_wconf 89' lang='lat' dir='ltr'>ﬁlio</span> <span class='ocrx_word' id='word_1_617' title='bbox 2591 3439 2886 3495; x_wconf 87' lang='lat' dir='ltr'>Benedicti</span> <span class='ocrx_word' id='word_1_618' title='bbox 2906 3441 3196 3497; x_wconf 92' lang='lat' dir='ltr'>Teobaldo</span> <span class='ocrx_word' id='word_1_619' title='bbox 3215 3459 3351 3499; x_wconf 91' lang='lat' dir='ltr'>cum</span> <span class='ocrx_word' id='word_1_620' title='bbox 3371 3447 3646 3504; x_wconf 90' lang='lat' dir='ltr'>omnibus</span> <span class='ocrx_word' id='word_1_621' title='bbox 3668 3466 3768 3522; x_wconf 87' lang='lat' dir='ltr'>ap-</span> 
     </span>
    </p>
   </div>
   <div class='ocr_carea' id='block_1_94' title="bbox 2132 3526 3773 3610">
    <p class='ocr_par' dir='ltr' id='par_1_94' title="bbox 2132 3526 3773 3610">
     <span class='ocr_line' id='line_1_94' title="bbox 2132 3526 3773 3610; baseline 0.007 -26"><span class='ocrx_word' id='word_1_622' title='bbox 2132 3526 2438 3600; x_wconf 90' lang='lat' dir='ltr'>pendiciis,</span> <span class='ocrx_word' id='word_1_623' title='bbox 2462 3533 2519 3582; x_wconf 90' lang='lat' dir='ltr'>et</span> <span class='ocrx_word' id='word_1_624' title='bbox 2539 3527 2912 3600; x_wconf 89' lang='lat' dir='ltr'>pertinenciis</span> <span class='ocrx_word' id='word_1_625' title='bbox 2933 3530 3058 3586; x_wconf 90' lang='lat' dir='ltr'>suis</span> <span class='ocrx_word' id='word_1_626' title='bbox 3084 3537 3282 3588; x_wconf 91' lang='lat' dir='ltr'>sancto</span> <span class='ocrx_word' id='word_1_627' title='bbox 3302 3534 3466 3591; x_wconf 90' lang='lat' dir='ltr'>Petro</span> <span class='ocrx_word' id='word_1_628' title='bbox 3498 3543 3773 3610; x_wconf 89' lang='lat' dir='ltr'>perpetuo</span> 
     </span>
    </p>
   </div>
   <div class='ocr_carea' id='block_1_95' title="bbox 2125 3616 3772 3690">
    <p class='ocr_par' dir='ltr' id='par_1_95' title="bbox 2125 3616 3772 3690">
     <span class='ocr_line' id='line_1_95' title="bbox 2125 3616 3772 3690; baseline 0.007 -20"><span class='ocrx_word' id='word_1_629' title='bbox 2125 3617 2259 3688; x_wconf 89' lang='lat' dir='ltr'>jure</span> <span class='ocrx_word' id='word_1_630' title='bbox 2291 3616 2712 3688; x_wconf 90' lang='lat' dir='ltr'>acquisivimus</span> <span class='ocrx_word' id='word_1_631' title='bbox 2742 3635 2756 3685; x_wconf 92' lang='lat'><strong>;</strong></span> <span class='ocrx_word' id='word_1_632' title='bbox 2789 3617 2894 3672; x_wconf 90' lang='lat' dir='ltr'>tibi</span> <span class='ocrx_word' id='word_1_633' title='bbox 2923 3623 2982 3673; x_wconf 88' lang='lat' dir='ltr'>et</span> <span class='ocrx_word' id='word_1_634' title='bbox 3030 3618 3175 3690; x_wconf 89' lang='lat' dir='ltr'>ipsis</span> <span class='ocrx_word' id='word_1_635' title='bbox 3206 3623 3574 3680; x_wconf 89' lang='lat' dir='ltr'>consortibus</span> <span class='ocrx_word' id='word_1_636' title='bbox 3603 3630 3659 3680; x_wconf 91' lang='lat' dir='ltr'>et</span> <span class='ocrx_word' id='word_1_637' title='bbox 3681 3627 3772 3682; x_wconf 90' lang='lat' dir='ltr'>his</span> 
     </span>
    </p>
   </div>
   <div class='ocr_carea' id='block_1_96' title="bbox 2134 3703 3774 3777">
    <p class='ocr_par' dir='ltr' id='par_1_96' title="bbox 2134 3703 3774 3777">
     <span class='ocr_line' id='line_1_96' title="bbox 2134 3703 3774 3777; baseline 0.006 -18"><span class='ocrx_word' id='word_1_638' title='bbox 2134 3709 2307 3776; x_wconf 88' lang='lat' dir='ltr'>atque</span> <span class='ocrx_word' id='word_1_639' title='bbox 2337 3703 2454 3760; x_wconf 90' lang='lat' dir='ltr'>iliis</span> <span class='ocrx_word' id='word_1_640' title='bbox 2484 3705 2544 3760; x_wconf 92' lang='lat' dir='ltr'>in</span> <span class='ocrx_word' id='word_1_641' title='bbox 2575 3706 2776 3761; x_wconf 90' lang='lat' dir='ltr'>eadem</span> <span class='ocrx_word' id='word_1_642' title='bbox 2809 3721 2870 3761; x_wconf 89' lang='lat' dir='ltr'>re</span> <span class='ocrx_word' id='word_1_643' title='bbox 2901 3707 3197 3762; x_wconf 91' lang='lat' dir='ltr'>advocatis</span> <span class='ocrx_word' id='word_1_644' title='bbox 3227 3726 3261 3762; x_wconf 93' lang='lat' dir='ltr'>a</span> <span class='ocrx_word' id='word_1_645' title='bbox 3289 3711 3477 3777; x_wconf 87' lang='lat' dir='ltr'>vobis,</span> <span class='ocrx_word' id='word_1_646' title='bbox 3511 3729 3611 3767; x_wconf 91' lang='lat' dir='ltr'>seu</span> <span class='ocrx_word' id='word_1_647' title='bbox 3636 3713 3774 3770; x_wconf 90' lang='lat' dir='ltr'>ﬁliis</span> 
     </span>
    </p>
   </div>
   <div class='ocr_carea' id='block_1_97' title="bbox 2131 3794 3774 3872">
    <p class='ocr_par' dir='ltr' id='par_1_97' title="bbox 2131 3794 3774 3872">
     <span class='ocr_line' id='line_1_97' title="bbox 2131 3794 3774 3872; baseline 0.004 -23"><span class='ocrx_word' id='word_1_648' title='bbox 2131 3800 2189 3850; x_wconf 91' lang='lat' dir='ltr'>et</span> <span class='ocrx_word' id='word_1_649' title='bbox 2220 3794 2549 3849; x_wconf 63' lang='lat' dir='ltr'>heredibus</span> <span class='ocrx_word' id='word_1_650' title='bbox 2578 3795 2782 3850; x_wconf 87' lang='lat' dir='ltr'>vestris</span> <span class='ocrx_word' id='word_1_651' title='bbox 2822 3811 2924 3866; x_wconf 90' lang='lat' dir='ltr'>per</span> <span class='ocrx_word' id='word_1_652' title='bbox 2969 3795 3302 3864; x_wconf 86' lang='lat' dir='ltr'>hujusmodi</span> <span class='ocrx_word' id='word_1_653' title='bbox 3355 3799 3538 3853; x_wconf 88' lang='lat' dir='ltr'>nostri</span> <span class='ocrx_word' id='word_1_654' title='bbox 3591 3801 3774 3872; x_wconf 89' lang='lat' dir='ltr'>privi-</span> 
     </span>
    </p>
   </div>
   <div class='ocr_carea' id='block_1_98' title="bbox 2131 3881 3774 3961">
    <p class='ocr_par' dir='ltr' id='par_1_98' title="bbox 2131 3881 3774 3961">
     <span class='ocr_line' id='line_1_98' title="bbox 2131 3881 3774 3961; baseline 0.006 -25"><span class='ocrx_word' id='word_1_655' title='bbox 2131 3881 2266 3954; x_wconf 89' lang='lat' dir='ltr'>legii</span> <span class='ocrx_word' id='word_1_656' title='bbox 2290 3883 2563 3954; x_wconf 79' lang='lat' dir='ltr'>paginam</span> <span class='ocrx_word' id='word_1_657' title='bbox 2593 3883 2987 3950; x_wconf 89' lang='lat' dir='ltr'>concedimus,</span> <span class='ocrx_word' id='word_1_658' title='bbox 3021 3887 3079 3938; x_wconf 89' lang='lat' dir='ltr'>et</span> <span class='ocrx_word' id='word_1_659' title='bbox 3110 3885 3548 3955; x_wconf 85' lang='lat' dir='ltr'>conﬁrmamus,</span> <span class='ocrx_word' id='word_1_660' title='bbox 3595 3895 3774 3961; x_wconf 87' lang='lat' dir='ltr'>atque</span> 
     </span>
    </p>
   </div>
   <div class='ocr_carea' id='block_1_99' title="bbox 2130 3971 3775 4044">
    <p class='ocr_par' dir='ltr' id='par_1_99' title="bbox 2130 3971 3775 4044">
     <span class='ocr_line' id='line_1_99' title="bbox 2130 3971 3775 4044; baseline 0.006 -20"><span class='ocrx_word' id='word_1_661' title='bbox 2130 3971 2190 4026; x_wconf 89' lang='lat' dir='ltr'>in</span> <span class='ocrx_word' id='word_1_662' title='bbox 2222 3975 2568 4042; x_wconf 86' lang='lat' dir='ltr'>perpetuum</span> <span class='ocrx_word' id='word_1_663' title='bbox 2598 3986 2664 4025; x_wconf 93' lang='lat' dir='ltr'>eo</span> <span class='ocrx_word' id='word_1_664' title='bbox 2698 3971 2868 4026; x_wconf 91' lang='lat' dir='ltr'>modo</span> <span class='ocrx_word' id='word_1_665' title='bbox 2898 3976 2954 4026; x_wconf 91' lang='lat' dir='ltr'>et</span> <span class='ocrx_word' id='word_1_666' title='bbox 2983 3977 3179 4028; x_wconf 90' lang='lat' dir='ltr'>tenore</span> <span class='ocrx_word' id='word_1_667' title='bbox 3211 3976 3675 4044; x_wconf 87' lang='lat' dir='ltr'>corroboramus,</span> <span class='ocrx_word' id='word_1_668' title='bbox 3709 3984 3775 4034; x_wconf 89' lang='lat' dir='ltr'>ut</span> 
     </span>
    </p>
   </div>
   <div class='ocr_carea' id='block_1_100' title="bbox 2131 4058 3777 4133">
    <p class='ocr_par' dir='ltr' id='par_1_100' title="bbox 2131 4058 3777 4133">
     <span class='ocr_line' id='line_1_100' title="bbox 2131 4058 3777 4133; baseline 0.007 -19"><span class='ocrx_word' id='word_1_669' title='bbox 2131 4075 2260 4114; x_wconf 92' lang='lat' dir='ltr'>eam</span> <span class='ocrx_word' id='word_1_670' title='bbox 2290 4074 2424 4113; x_wconf 88' lang='lat' dir='ltr'>cum</span> <span class='ocrx_word' id='word_1_671' title='bbox 2457 4058 2818 4130; x_wconf 86' lang='lat' dir='ltr'>appendiciis</span> <span class='ocrx_word' id='word_1_672' title='bbox 2849 4059 2974 4130; x_wconf 89' lang='lat' dir='ltr'>ejus</span> <span class='ocrx_word' id='word_1_673' title='bbox 3023 4061 3294 4118; x_wconf 90' lang='lat' dir='ltr'>domibus</span> <span class='ocrx_word' id='word_1_674' title='bbox 3339 4065 3689 4133; x_wconf 70' lang='lat' dir='ltr'>raediﬁcatis,</span> <span class='ocrx_word' id='word_1_675' title='bbox 3718 4072 3777 4125; x_wconf 93' lang='lat' dir='ltr'>et</span> 
     </span>
    </p>
   </div>
   <div class='ocr_carea' id='block_1_101' title="bbox 2131 4147 3775 4224">
    <p class='ocr_par' dir='ltr' id='par_1_101' title="bbox 2131 4147 3775 4224">
     <span class='ocr_line' id='line_1_101' title="bbox 2131 4147 3775 4224; baseline 0.007 -22"><span class='ocrx_word' id='word_1_676' title='bbox 2131 4147 2488 4204; x_wconf 89' lang='lat' dir='ltr'>habitatores</span> <span class='ocrx_word' id='word_1_677' title='bbox 2505 4147 2584 4204; x_wconf 86' lang='lat' dir='ltr'>ibi</span> <span class='ocrx_word' id='word_1_678' title='bbox 2607 4151 2858 4221; x_wconf 91' lang='lat' dir='ltr'>quantos</span> <span class='ocrx_word' id='word_1_679' title='bbox 2879 4150 3122 4221; x_wconf 89' lang='lat' dir='ltr'>potestis</span> <span class='ocrx_word' id='word_1_680' title='bbox 3144 4153 3436 4210; x_wconf 88' lang='lat' dir='ltr'>advocetis</span> <span class='ocrx_word' id='word_1_681' title='bbox 3461 4173 3494 4210; x_wconf 91' lang='lat' dir='ltr'>a</span> <span class='ocrx_word' id='word_1_682' title='bbox 3511 4157 3696 4224; x_wconf 90' lang='lat' dir='ltr'>vobis,</span> <span class='ocrx_word' id='word_1_683' title='bbox 3717 4162 3775 4213; x_wconf 91' lang='lat' dir='ltr'>et</span> 
     </span>
    </p>
   </div>
   <div class='ocr_carea' id='block_1_102' title="bbox 2132 4235 3774 4316">
    <p class='ocr_par' dir='ltr' id='par_1_102' title="bbox 2132 4235 3774 4316">
     <span class='ocr_line' id='line_1_102' title="bbox 2132 4235 3774 4316; baseline 0.007 -24"><span class='ocrx_word' id='word_1_684' title='bbox 2132 4235 2383 4309; x_wconf 90' lang='lat' dir='ltr'>singulis</span> <span class='ocrx_word' id='word_1_685' title='bbox 2416 4241 2673 4296; x_wconf 88' lang='lat' dir='ltr'>vestrum</span> <span class='ocrx_word' id='word_1_686' title='bbox 2700 4254 2804 4309; x_wconf 92' lang='lat' dir='ltr'>per</span> <span class='ocrx_word' id='word_1_687' title='bbox 2827 4238 3057 4311; x_wconf 86' lang='lat' dir='ltr'>domos,</span> <span class='ocrx_word' id='word_1_688' title='bbox 3080 4244 3137 4295; x_wconf 91' lang='lat' dir='ltr'>et</span> <span class='ocrx_word' id='word_1_689' title='bbox 3156 4240 3430 4310; x_wconf 88' lang='lat' dir='ltr'>familias,</span> <span class='ocrx_word' id='word_1_690' title='bbox 3450 4245 3667 4316; x_wconf 90' lang='lat' dir='ltr'>quique</span> <span class='ocrx_word' id='word_1_691' title='bbox 3689 4263 3774 4303; x_wconf 87' lang='lat' dir='ltr'>se-</span> 
     </span>
    </p>
   </div>
   <div class='ocr_carea' id='block_1_103' title="bbox 2131 4327 3773 4400">
    <p class='ocr_par' dir='ltr' id='par_1_103' title="bbox 2131 4327 3773 4400">
     <span class='ocr_line' id='line_1_103' title="bbox 2131 4327 3773 4400; baseline 0.005 -18"><span class='ocrx_word' id='word_1_692' title='bbox 2131 4327 2390 4383; x_wconf 92' lang='lat' dir='ltr'>cundum</span> <span class='ocrx_word' id='word_1_693' title='bbox 2420 4327 2806 4398; x_wconf 89' lang='lat' dir='ltr'>quantitatem</span> <span class='ocrx_word' id='word_1_694' title='bbox 2854 4329 3262 4400; x_wconf 88' lang='lat' dir='ltr'>possibilitatis</span> <span class='ocrx_word' id='word_1_695' title='bbox 3311 4349 3430 4386; x_wconf 62' lang='lat' dir='ltr'>suae</span> <span class='ocrx_word' id='word_1_696' title='bbox 3481 4334 3773 4391; x_wconf 89' lang='lat' dir='ltr'>annaliter</span> 
     </span>
    </p>
   </div>
   <div class='ocr_carea' id='block_1_104' title="bbox 2131 4414 3769 4488">
    <p class='ocr_par' dir='ltr' id='par_1_104' title="bbox 2131 4414 3769 4488">
     <span class='ocr_line' id='line_1_104' title="bbox 2131 4414 3769 4488; baseline 0.004 -16"><span class='ocrx_word' id='word_1_697' title='bbox 2131 4414 2472 4488; x_wconf 75' lang='lat' dir='ltr'>persolvetis</span> <span class='ocrx_word' id='word_1_698' title='bbox 2494 4415 2793 4488; x_wconf 89' lang='lat' dir='ltr'>pensionis</span> <span class='ocrx_word' id='word_1_699' title='bbox 2815 4417 3050 4473; x_wconf 90' lang='lat' dir='ltr'>nomine</span> <span class='ocrx_word' id='word_1_700' title='bbox 3071 4417 3128 4472; x_wconf 92' lang='lat' dir='ltr'>in</span> <span class='ocrx_word' id='word_1_701' title='bbox 3153 4419 3375 4476; x_wconf 89' lang='lat' dir='ltr'>Pascha</span> <span class='ocrx_word' id='word_1_702' title='bbox 3395 4422 3769 4479; x_wconf 84' lang='lat' dir='ltr'>resurrectio-</span> 
     </span>
    </p>
   </div>
   <div class='ocr_carea' id='block_1_105' title="bbox 2048 4505 3770 4593">
    <p class='ocr_par' dir='ltr' id='par_1_105' title="bbox 2048 4505 3770 4593">
     <span class='ocr_line' id='line_1_105' title="bbox 2048 4505 3770 4593; baseline 0.004 -33"><span class='ocrx_word' id='word_1_703' title='bbox 2048 4529 2095 4593; x_wconf 83' lang='lat' dir='ltr'><strong>D</strong></span> <span class='ocrx_word' id='word_1_704' title='bbox 2129 4507 2222 4562; x_wconf 91' lang='lat' dir='ltr'>nis</span> <span class='ocrx_word' id='word_1_705' title='bbox 2253 4505 2481 4561; x_wconf 90' lang='lat' dir='ltr'>Domini</span> <span class='ocrx_word' id='word_1_706' title='bbox 2516 4506 2682 4562; x_wconf 88' lang='lat' dir='ltr'>beato</span> <span class='ocrx_word' id='word_1_707' title='bbox 2717 4506 2904 4574; x_wconf 86' lang='lat' dir='ltr'>Petro,</span> <span class='ocrx_word' id='word_1_708' title='bbox 2935 4511 2990 4562; x_wconf 90' lang='lat' dir='ltr'>et</span> <span class='ocrx_word' id='word_1_709' title='bbox 3030 4509 3199 4564; x_wconf 91' lang='lat' dir='ltr'>nobis</span> <span class='ocrx_word' id='word_1_710' title='bbox 3233 4525 3299 4564; x_wconf 90' lang='lat' dir='ltr'>ac</span> <span class='ocrx_word' id='word_1_711' title='bbox 3330 4511 3770 4567; x_wconf 87' lang='lat' dir='ltr'>successoribus</span> 
     </span>
    </p>
   </div>
   <div class='ocr_carea' id='block_1_106' title="bbox 2127 4595 3773 4667">
    <p class='ocr_par' dir='ltr' id='par_1_106' title="bbox 2127 4595 3773 4667">
     <span class='ocr_line' id='line_1_106' title="bbox 2127 4595 3773 4667; baseline 0.004 -16"><span class='ocrx_word' id='word_1_712' title='bbox 2127 4595 2348 4652; x_wconf 91' lang='lat' dir='ltr'>nostris</span> <span class='ocrx_word' id='word_1_713' title='bbox 2377 4612 2497 4663; x_wconf 91' lang='lat' dir='ltr'>vos,</span> <span class='ocrx_word' id='word_1_714' title='bbox 2533 4603 2589 4650; x_wconf 88' lang='lat' dir='ltr'>et</span> <span class='ocrx_word' id='word_1_715' title='bbox 2618 4595 2897 4661; x_wconf 66' lang='lat' dir='ltr'>baaredes,</span> <span class='ocrx_word' id='word_1_716' title='bbox 2930 4612 2995 4650; x_wconf 88' lang='lat' dir='ltr'>ac</span> <span class='ocrx_word' id='word_1_717' title='bbox 3027 4613 3392 4653; x_wconf 90' lang='lat' dir='ltr'>successores</span> <span class='ocrx_word' id='word_1_718' title='bbox 3422 4601 3620 4667; x_wconf 88' lang='lat' dir='ltr'>vestri,</span> <span class='ocrx_word' id='word_1_719' title='bbox 3654 4618 3773 4658; x_wconf 86' lang='lat' dir='ltr'>ma-</span> 
     </span>
    </p>
   </div>
   <div class='ocr_carea' id='block_1_107' title="bbox 2119 4683 3768 4756">
    <p class='ocr_par' dir='ltr' id='par_1_107' title="bbox 2119 4683 3768 4756">
     <span class='ocr_line' id='line_1_107' title="bbox 2119 4683 3768 4756; baseline 0.004 -16"><span class='ocrx_word' id='word_1_720' title='bbox 2119 4685 2274 4756; x_wconf 86' lang='lat' dir='ltr'>jores</span> <span class='ocrx_word' id='word_1_721' title='bbox 2298 4683 2520 4740; x_wconf 88' lang='lat' dir='ltr'>scilicet</span> <span class='ocrx_word' id='word_1_722' title='bbox 2541 4683 2830 4750; x_wconf 90' lang='lat' dir='ltr'>denarios,</span> <span class='ocrx_word' id='word_1_723' title='bbox 2865 4683 3195 4750; x_wconf 90' lang='lat' dir='ltr'>duodecim,</span> <span class='ocrx_word' id='word_1_724' title='bbox 3238 4686 3540 4744; x_wconf 89' lang='lat' dir='ltr'>inferiores</span> <span class='ocrx_word' id='word_1_725' title='bbox 3572 4694 3768 4746; x_wconf 90' lang='lat' dir='ltr'>autem</span> 
     </span>
    </p>
   </div>
   <div class='ocr_carea' id='block_1_108' title="bbox 2128 4772 3768 4850">
    <p class='ocr_par' dir='ltr' id='par_1_108' title="bbox 2128 4772 3768 4850">
     <span class='ocr_line' id='line_1_108' title="bbox 2128 4772 3768 4850; baseline 0.004 -22"><span class='ocrx_word' id='word_1_726' title='bbox 2128 4773 2463 4845; x_wconf 87' lang='lat' dir='ltr'>retrogradu</span> <span class='ocrx_word' id='word_1_727' title='bbox 2480 4777 2610 4827; x_wconf 84' lang='lat' dir='ltr'>octo</span> <span class='ocrx_word' id='word_1_728' title='bbox 2629 4772 3099 4840; x_wconf 90' lang='lat' dir='ltr'>denarios,tertio</span> <span class='ocrx_word' id='word_1_729' title='bbox 3117 4775 3387 4833; x_wconf 89' lang='lat' dir='ltr'>denarios</span> <span class='ocrx_word' id='word_1_730' title='bbox 3409 4795 3530 4846; x_wconf 84' lang='lat' dir='ltr'>sex,</span> <span class='ocrx_word' id='word_1_731' title='bbox 3563 4784 3768 4850; x_wconf 89' lang='lat' dir='ltr'>quarto</span> 
     </span>
    </p>
   </div>
   <div class='ocr_carea' id='block_1_109' title="bbox 2127 4861 3770 4940">
    <p class='ocr_par' dir='ltr' id='par_1_109' title="bbox 2127 4861 3770 4940">
     <span class='ocr_line' id='line_1_109' title="bbox 2127 4861 3770 4940; baseline 0.002 -21"><span class='ocrx_word' id='word_1_732' title='bbox 2127 4861 2399 4918; x_wconf 85' lang='lat' dir='ltr'>denarios</span> <span class='ocrx_word' id='word_1_733' title='bbox 2429 4861 2605 4915; x_wconf 92' lang='lat' dir='ltr'>duos:</span> <span class='ocrx_word' id='word_1_734' title='bbox 2641 4877 2744 4916; x_wconf 89' lang='lat' dir='ltr'>nec</span> <span class='ocrx_word' id='word_1_735' title='bbox 2775 4877 2890 4916; x_wconf 86' lang='lat' dir='ltr'>non</span> <span class='ocrx_word' id='word_1_736' title='bbox 2915 4865 2973 4916; x_wconf 93' lang='lat' dir='ltr'>et</span> <span class='ocrx_word' id='word_1_737' title='bbox 3000 4861 3263 4919; x_wconf 88' lang='lat' dir='ltr'>foderum</span> <span class='ocrx_word' id='word_1_738' title='bbox 3297 4866 3540 4934; x_wconf 85' lang='lat' dir='ltr'>facietis,</span> <span class='ocrx_word' id='word_1_739' title='bbox 3574 4871 3630 4924; x_wconf 91' lang='lat' dir='ltr'>et</span> <span class='ocrx_word' id='word_1_740' title='bbox 3650 4866 3770 4940; x_wconf 89' lang='lat' dir='ltr'>pla-</span> 
     </span>
    </p>
   </div>
   <div class='ocr_carea' id='block_1_110' title="bbox 2125 4949 3768 5022">
    <p class='ocr_par' dir='ltr' id='par_1_110' title="bbox 2125 4949 3768 5022">
     <span class='ocr_line' id='line_1_110' title="bbox 2125 4949 3768 5022; baseline 0.004 -16"><span class='ocrx_word' id='word_1_741' title='bbox 2125 4952 2241 5006; x_wconf 90' lang='lat' dir='ltr'>cita</span> <span class='ocrx_word' id='word_1_742' title='bbox 2274 4949 2523 5005; x_wconf 81' lang='lat' dir='ltr'>ﬁdeliter</span> <span class='ocrx_word' id='word_1_743' title='bbox 2551 4949 2870 5006; x_wconf 76' lang='lat' dir='ltr'>observetis</span> <span class='ocrx_word' id='word_1_744' title='bbox 2903 4950 3070 5006; x_wconf 83' lang='lat' dir='ltr'>nobis</span> <span class='ocrx_word' id='word_1_745' title='bbox 3112 4957 3169 5008; x_wconf 90' lang='lat' dir='ltr'>et</span> <span class='ocrx_word' id='word_1_746' title='bbox 3210 4957 3668 5022; x_wconf 82' lang='lat' dir='ltr'>successoribus,</span> <span class='ocrx_word' id='word_1_747' title='bbox 3700 4973 3768 5013; x_wconf 90' lang='lat' dir='ltr'>ac</span> 
     </span>
    </p>
   </div>
   <div class='ocr_carea' id='block_1_111' title="bbox 2125 5037 3765 5110">
    <p class='ocr_par' dir='ltr' id='par_1_111' title="bbox 2125 5037 3765 5110">
     <span class='ocr_line' id='line_1_111' title="bbox 2125 5037 3765 5110; baseline 0.002 -14"><span class='ocrx_word' id='word_1_748' title='bbox 2125 5039 2349 5096; x_wconf 87' lang='lat' dir='ltr'>nuntiis</span> <span class='ocrx_word' id='word_1_749' title='bbox 2371 5037 2586 5094; x_wconf 90' lang='lat' dir='ltr'>nostris</span> <span class='ocrx_word' id='word_1_750' title='bbox 2610 5055 2711 5110; x_wconf 89' lang='lat' dir='ltr'>pro</span> <span class='ocrx_word' id='word_1_751' title='bbox 2735 5038 2826 5094; x_wconf 92' lang='lat' dir='ltr'>his</span> <span class='ocrx_word' id='word_1_752' title='bbox 2855 5041 3024 5095; x_wconf 90' lang='lat' dir='ltr'>rebus</span> <span class='ocrx_word' id='word_1_753' title='bbox 3044 5041 3171 5100; x_wconf 88' lang='lat' dir='ltr'>sitis</span> <span class='ocrx_word' id='word_1_754' title='bbox 3204 5044 3259 5099; x_wconf 90' lang='lat' dir='ltr'>in</span> <span class='ocrx_word' id='word_1_755' title='bbox 3283 5045 3572 5101; x_wconf 87' lang='lat' dir='ltr'>territorio</span> <span class='ocrx_word' id='word_1_756' title='bbox 3603 5046 3765 5101; x_wconf 85' lang='lat' dir='ltr'>Sabi-</span> 
     </span>
    </p>
   </div>
   <div class='ocr_carea' id='block_1_112' title="bbox 2124 5128 3766 5204">
    <p class='ocr_par' dir='ltr' id='par_1_112' title="bbox 2124 5128 3766 5204">
     <span class='ocr_line' id='line_1_112' title="bbox 2124 5128 3766 5204; baseline 0.002 -18"><span class='ocrx_word' id='word_1_757' title='bbox 2124 5130 2313 5186; x_wconf 88' lang='lat' dir='ltr'>nensi.</span> <span class='ocrx_word' id='word_1_758' title='bbox 2347 5128 2672 5185; x_wconf 89' lang='lat' dir='ltr'>Statuimus</span> <span class='ocrx_word' id='word_1_759' title='bbox 2703 5145 2954 5200; x_wconf 91' lang='lat' dir='ltr'>quoque,</span> <span class='ocrx_word' id='word_1_760' title='bbox 2988 5135 3044 5187; x_wconf 90' lang='lat' dir='ltr'>et</span> <span class='ocrx_word' id='word_1_761' title='bbox 3073 5135 3389 5204; x_wconf 88' lang='lat' dir='ltr'>apostolica</span> <span class='ocrx_word' id='word_1_762' title='bbox 3421 5134 3766 5190; x_wconf 86' lang='lat' dir='ltr'>auctoritate</span> 
     </span>
    </p>
   </div>
   <div class='ocr_carea' id='block_1_113' title="bbox 2123 5216 3762 5294">
    <p class='ocr_par' dir='ltr' id='par_1_113' title="bbox 2123 5216 3762 5294">
     <span class='ocr_line' id='line_1_113' title="bbox 2123 5216 3762 5294; baseline 0.003 -19"><span class='ocrx_word' id='word_1_763' title='bbox 2123 5220 2443 5285; x_wconf 90' lang='lat' dir='ltr'>sancimus,</span> <span class='ocrx_word' id='word_1_764' title='bbox 2477 5221 2542 5272; x_wconf 88' lang='lat' dir='ltr'>ut</span> <span class='ocrx_word' id='word_1_765' title='bbox 2570 5216 2698 5273; x_wconf 82' lang='lat' dir='ltr'>sitis</span> <span class='ocrx_word' id='word_1_766' title='bbox 2738 5219 2848 5274; x_wconf 91' lang='lat' dir='ltr'>sub</span> <span class='ocrx_word' id='word_1_767' title='bbox 2898 5221 3214 5291; x_wconf 91' lang='lat' dir='ltr'>apostolica</span> <span class='ocrx_word' id='word_1_768' title='bbox 3245 5223 3600 5279; x_wconf 85' lang='lat' dir='ltr'>defensionis</span> <span class='ocrx_word' id='word_1_769' title='bbox 3632 5239 3762 5294; x_wconf 86' lang='lat' dir='ltr'>pro-</span> 
     </span>
    </p>
   </div>
   <div class='ocr_carea' id='block_1_114' title="bbox 2121 5307 3768 5378">
    <p class='ocr_par' dir='ltr' id='par_1_114' title="bbox 2121 5307 3768 5378">
     <span class='ocr_line' id='line_1_114' title="bbox 2121 5307 3768 5378; baseline 0.003 -15"><span class='ocrx_word' id='word_1_770' title='bbox 2121 5308 2371 5364; x_wconf 86' lang='lat' dir='ltr'>tectione</span> <span class='ocrx_word' id='word_1_771' title='bbox 2393 5307 2596 5378; x_wconf 88' lang='lat' dir='ltr'>quieti,</span> <span class='ocrx_word' id='word_1_772' title='bbox 2637 5311 2693 5361; x_wconf 92' lang='lat' dir='ltr'>et</span> <span class='ocrx_word' id='word_1_773' title='bbox 2722 5307 2796 5362; x_wconf 90' lang='lat' dir='ltr'>ab</span> <span class='ocrx_word' id='word_1_774' title='bbox 2824 5309 2983 5363; x_wconf 91' lang='lat' dir='ltr'>omni</span> <span class='ocrx_word' id='word_1_775' title='bbox 3018 5309 3420 5367; x_wconf 81' lang='lat' dir='ltr'>molestatione</span> <span class='ocrx_word' id='word_1_776' title='bbox 3449 5317 3505 5367; x_wconf 88' lang='lat' dir='ltr'>et</span> <span class='ocrx_word' id='word_1_777' title='bbox 3534 5311 3768 5368; x_wconf 56' lang='lat' dir='ltr'>infesta.</span> 
     </span>
    </p>
   </div>
   <div class='ocr_carea' id='block_1_115' title="bbox 2121 5394 3764 5475">
    <p class='ocr_par' dir='ltr' id='par_1_115' title="bbox 2121 5394 3764 5475">
     <span class='ocr_line' id='line_1_115' title="bbox 2121 5394 3764 5475; baseline 0.004 -24"><span class='ocrx_word' id='word_1_778' title='bbox 2121 5396 2278 5452; x_wconf 89' lang='lat' dir='ltr'>tione</span> <span class='ocrx_word' id='word_1_779' title='bbox 2299 5396 2486 5452; x_wconf 88' lang='lat' dir='ltr'>securi</span> <span class='ocrx_word' id='word_1_780' title='bbox 2513 5414 2525 5451; x_wconf 91' lang='lat'>:</span> <span class='ocrx_word' id='word_1_781' title='bbox 2551 5411 2654 5450; x_wconf 92' lang='lat' dir='ltr'>nec</span> <span class='ocrx_word' id='word_1_782' title='bbox 2677 5394 2850 5450; x_wconf 90' lang='lat' dir='ltr'>alicui</span> <span class='ocrx_word' id='word_1_783' title='bbox 2868 5395 3228 5469; x_wconf 85' lang='lat' dir='ltr'>imperatori,</span> <span class='ocrx_word' id='word_1_784' title='bbox 3251 5399 3764 5475; x_wconf 90' lang='lat' dir='ltr'>duci.marcbioni,</span> 
     </span>
    </p>
   </div>
   <div class='ocr_carea' id='block_1_116' title="bbox 2118 5483 3763 5565">
    <p class='ocr_par' dir='ltr' id='par_1_116' title="bbox 2118 5483 3763 5565">
     <span class='ocr_line' id='line_1_116' title="bbox 2118 5483 3763 5565; baseline 0.005 -24"><span class='ocrx_word' id='word_1_785' title='bbox 2118 5483 2206 5541; x_wconf 90' lang='lat' dir='ltr'>vel</span> <span class='ocrx_word' id='word_1_786' title='bbox 2237 5485 2456 5556; x_wconf 89' lang='lat' dir='ltr'>comiti,</span> <span class='ocrx_word' id='word_1_787' title='bbox 2497 5485 2599 5541; x_wconf 91' lang='lat' dir='ltr'>sed</span> <span class='ocrx_word' id='word_1_788' title='bbox 2649 5489 2714 5542; x_wconf 89' lang='lat' dir='ltr'>ut</span> <span class='ocrx_word' id='word_1_789' title='bbox 2763 5487 2973 5541; x_wconf 90' lang='lat' dir='ltr'>amodo</span> <span class='ocrx_word' id='word_1_790' title='bbox 3025 5487 3298 5544; x_wconf 71' lang='lat' dir='ltr'>Romanis</span> <span class='ocrx_word' id='word_1_791' title='bbox 3347 5495 3404 5546; x_wconf 90' lang='lat' dir='ltr'>et</span> <span class='ocrx_word' id='word_1_792' title='bbox 3433 5490 3763 5565; x_wconf 65' lang='lat' dir='ltr'>apostolicae</span> 
     </span>
    </p>
   </div>
   <div class='ocr_carea' id='block_1_117' title="bbox 2119 5574 3766 5661">
    <p class='ocr_par' dir='ltr' id='par_1_117' title="bbox 2119 5574 3766 5661">
     <span class='ocr_line' id='line_1_117' title="bbox 2119 5574 3766 5661; baseline 0.005 -25"><span class='ocrx_word' id='word_1_793' title='bbox 2119 5574 2264 5646; x_wconf 84' lang='lat' dir='ltr'>sedi,</span> <span class='ocrx_word' id='word_1_794' title='bbox 2297 5591 2364 5637; x_wconf 84' lang='lat' dir='ltr'>ac</span> <span class='ocrx_word' id='word_1_795' title='bbox 2393 5574 2626 5635; x_wconf 84' lang='lat' dir='ltr'>nunciis</span> <span class='ocrx_word' id='word_1_796' title='bbox 2645 5575 2774 5652; x_wconf 83' lang='lat' dir='ltr'>ejus</span> <span class='ocrx_word' id='word_1_797' title='bbox 2797 5575 3066 5649; x_wconf 85' lang='lat' dir='ltr'>subjecti.</span> <span class='ocrx_word' id='word_1_798' title='bbox 3089 5577 3148 5637; x_wconf 88' lang='lat' dir='ltr'>Si</span> <span class='ocrx_word' id='word_1_799' title='bbox 3171 5595 3296 5658; x_wconf 79' lang='lat' dir='ltr'>quae</span> <span class='ocrx_word' id='word_1_800' title='bbox 3315 5579 3496 5660; x_wconf 87' lang='lat' dir='ltr'>igitur</span> <span class='ocrx_word' id='word_1_801' title='bbox 3513 5597 3766 5661; x_wconf 69' lang='lat' dir='ltr'>persona</span> 
     </span>
    </p>
   </div>
  </div>
