4138 6186
526 247 677 314 1351

1883 241 2190 305 NICOLAI
2229 237 2288 307 Π
2331 239 2560 304 ΡᾺΡΕ

3691 219 3814 316 ίθὲε

529 398 743 455 magna
785 382 1077 452 autparva
1108 382 1309 437 contra
1345 375 1686 449 hujusmodi
1710 374 1993 448 privilegii
2015 373 2173 446 pagi-
2200 377 2256 444 Α
2286 380 2638 447 peratorum,
2674 389 2774 431 seu
2808 389 3032 448 regum,
3055 371 3384 448 plenissime
3401 374 3701 434 continetur.
3719 380 3814 438 Hac

528 487 662 526 nam
684 469 874 524 venire
890 468 1498 540 prmsumpserit,sciat
1511 484 1570 523 se
1583 464 1970 522 anathematis
1983 464 2175 518 vincu-

526 558 582 613 lo
597 557 1331 628 innodataui,etinsupersi
1349 556 1480 626 quis
1495 559 1756 610 nostrum
1771 558 2174 608 autsucccsso-

527 663 657 701 rum
690 650 1023 702 nostrorum
1053 651 1154 701 aut
1177 645 1389 717 aliquis
1418 647 1676 700 vestrum
1714 659 1814 698 seu
1850 642 2172 710 hmredum,

528 751 1051 807 successorumque
1113 738 1216 788 aut
1271 734 1631 789 consortium
1683 736 2005 787 vestrorum
2055 731 2175 786 haec

539 823 738 878 omnia
772 829 899 878 acta
929 827 986 878 et
1033 827 1252 878 statuta
1281 840 1394 877 non
1429 821 1838 888 observaverit,
1862 820 2087 876 noverit
2113 835 2174 875 se

526 916 990 984 composnurum
1025 928 1125 983 per
1157 927 1634 982 unamquamque
1665 911 1942 984 domum,
1961 913 2063 964 aut
2093 909 2173 963 fa-

527 951 990 984 w...pw..........
1027 951 1114 983 γυ.
1161 951 1634 982 μνωμιμιμωμν
1666 951 1902 965 πων...
1961 951 2063 964 ην
2093 951 2148 963 η.

527 1001 772 1069 miliam,
804 1001 928 1056 auri
957 1001 1164 1072 optimi
1192 999 1402 1056 libram
1433 1017 1632 1056 unam.
1659 999 1766 1065 Qui
1788 951 2042 1070 vem’pia
2070 999 2173 1054 de-

525 1091 754 1146 votione
770 1091 1106 1146 observator
1128 1106 1254 1145 esse
1277 1088 1868 1160 studuerit,precibus
1891 1087 2175 1158 apostolo-

527 1197 658 1234 rum
691 1179 1045 1252 principium
1079 1178 1230 1234 Petri
1259 1183 1317 1234 et
1348 1178 1508 1233 Pauli
1533 1181 1904 1249 peccatorum
1929 1192 2171 1231 suorum

525 1269 793 1324 omnium
815 1269 887 1322 ab
911 1267 1294 1338 omnipotenti
1328 1267 1442 1322 Deo
1477 1267 1701 1322 veniam
1746 1269 1973 1320 aeterna:
2006 1265 2170 1320 retri-

524 1356 784 1412 butionis
813 1361 1225 1427 consequatur,
1258 1359 1314 1410 et
1343 1355 1613 1426 gloriam.

594 1445 889 1516 Scriptum
930 1461 1032 1516 per
1064 1460 1304 1499 manum
1330 1443 1626 1499 Octaviani
1671 1442 1962 1499 scriniarii
1993 1446 2050 1498 et
2078 1459 2175 1498 no-

527 1533 658 1588 tarii
690 1533 838 1588 sacri
871 1531 1070 1604 palatii
1099 1532 1158 1587 in
1192 1549 1393 1587 mense
1425 1531 1656 1603 Aprilis,
1708 1530 2025 1586 indictione
2053 1548 2170 1588 xxv.
2207 1545 2210 1550 '

596 1621 809 1676 Datum
834 1621 1026 1676 Romae
1067 1637 1163 1675 xxv
1188 1620 1480 1676 Kalendas
1507 1620 1665 1688 Maii,
1709 1636 1861 1676 anno
1884 1621 1957 1676 ab
1986 1620 2173 1676 incar-

527 1709 760 1765 natione
781 1709 1010 1765 Domini
1034 1709 1218 1764 nostri
1238 1709 1376 1764 Jesu
1418 1708 1631 1764 Christi
1659 1708 1973 1765 millesimo
2017 1726 2174 1765 sexa-
2203 1746 2252 1811 B

524 1797 747 1869 gesimo
762 1798 970 1869 primo,
994 1814 1097 1870 per
1120 1815 1332 1854 manus
1356 1797 1661 1854 Humberti
1679 1803 1891 1854 sanctae
1910 1798 2172 1854 Ecclesizs

526 1885 693 1943 Silvae
737 1886 1007 1942 Candida:
1065 1887 1322 1960 episcopi
1397 1891 1454 1942 et
1503 1887 1834 1959 apostolicae
1885 1888 2042 1944 sedis
2093 1887 2175 1943 bi-

525 1975 912 2046 bliothecarii,
969 1993 1122 2033 anno
1194 1977 1365 2032 tertio
1423 1977 1626 2032 domni
1694 1975 1936 2044 Nicolai,
1990 1977 2173 2033 indic-

526 2065 683 2121 tione
714 2081 831 2120 xw.

530 2272 694 2326 Bulla
723 2272 941 2328 Νίσοιαί
977 2273 1026 2325 II
1065 2285 1227 2341 papae
1249 2181 1754 2340 Iiiwnasterio
1800 2276 1854 2327 S.
1902 2273 2174 2344 Dionysii.

1137 2377 1320 2446 (Anno
1363 2376 1547 2448 1061.)

528 2484 838 2555 [DOUBLE‘I‘,
890 2484 1036 2538 Hist.
1086 2481 1151 2538 de
1210 2483 1456 2554 l'abbaye
1502 2483 1566 2538 de
1613 2483 1981 2554 Saint-Dcnis,
2027 2487 2177 2557 464.]

602 2601 884 2655 NICOLAUS
915 2599 1246 2671 episcopus,
1299 2616 1500 2655 servus
1549 2616 1847 2656 servorum
1899 2601 2022 2666 Dei,
2056 2618 2180 2657 om-

539 2689 712 2744 nibus
744 2687 1002 2760 regibus,
1021 2687 1310 2760 episcopis
1330 2692 1386 2744 et
1407 2687 1773 2760 principibus
1796 2690 2176 2760 praesentibus

537 2783 595 2834 et
633 2777 842 2832 futuris
875 2793 1029 2832 nunc
1059 2781 1116 2832 et
1143 2776 1403 2832 venturis
1435 2777 1819 2849 temporibus.

604 2865 983 2922 Petitionibus
1004 2866 1280 2937 congruis
1299 2866 1682 2938 apostolicam
1704 2867 2047 2939 dignitatem
2077 2870 2177 2925 de-

533 2961 623 3011 cet
642 2971 841 3010 aurem
864 2956 1326 3020 accommodare,
1361 2960 1426 3010 ut
1445 2956 1795 3012 venerabilia
1816 2957 1940 3013 loca
1961 2959 2178 3015 nostris

534 3043 978 3100 auctoritatibus
1001 3044 1049 3098 si
1077 3044 1290 3100 fuerint
1311 3044 1628 3101 sublimata
1649 3063 1804 3101 nunc
1820 3051 1876 3102 et
1891 3047 2016 3117 ejus
2038 3052 2178 3104 tem-

2284 463 2482 536 itaque
2507 482 2634 537 quae
2658 464 2837 536 hujus
2864 464 3125 534 praecepti
3149 464 3462 535 decretique
3485 465 3639 521 nostri
3656 468 3818 540 pagina

2284 555 2560 621 continet,
2585 558 2705 609 tam
2721 553 2884 609 vobis
2905 569 3082 624 quam
3105 552 3324 608 cunctis
3345 553 3436 623 qui
3457 553 3513 608 in
3531 570 3587 610 eo
3614 572 3708 626 quo
3719 559 3821 614 esus

2286 642 2489 697 ordine
2521 642 2763 712 locoque
2794 641 3198 706 successerint,
3228 640 3286 694 in
3316 644 3625 713 perpetuum
3649 659 3821 700 conser-

2283 731 2471 786 vanda
2486 730 2854 786 decernimus
2889 730 3226 789 auctoritate
3256 732 3310 784 et
3336 729 3534 786 honore
3552 736 3729 787 saneta
3741 733 3822 790 Ro-

2285 836 2468 874 manae
2517 819 2783 876 Ecclesiae
2828 823 2885 874 et
2926 819 3084 875 sedis
3133 817 3441 889 apostolicae
3483 819 3750 892 privilegio.
3781 822 3822 877 Si

2285 909 2418 979 quis
2447 913 2640 963 autem
2673 908 2982 964 temerario
3012 923 3160 964 ausu
3210 923 3416 980 magna
3461 924 3709 981 parvaque
3731 926 3824 980 per-

2285 1013 2430 1053 sona
2471 1001 2674 1053 contra
2725 997 2834 1054 hoc
2880 1001 3150 1053 nostrum
3197 996 3554 1069 apostolicum
3593 997 3822 1054 decretum

2283 1101 2453 1158 agere
2483 1085 2940 1157 praesumpserit,
2975 1085 3126 1142 sciat
3164 1101 3226 1142 se
3270 1085 3629 1142 anathematis
3653 1086 3824 1144 vinculo

2283 1191 2411 1232 esse
2434 1174 2802 1240 innodatum,
2833 1180 2889 1230 et
2917 1192 2951 1230 a
2980 1189 3158 1247 regno
3201 1175 3300 1230 Dei
3351 1191 3570 1246 prorsus
3611 1174 3823 1241 alienum,

2283 1279 2416 1318 cum
2447 1263 2721 1318 omnibus
2752 1261 2948 1334 impiis
2978 1264 3178 1319 aeterni
3206 1262 3450 1319 incendii
3469 1262 3714 1335 supplicio
3735 1279 3836 1346 con;

2281 1354 2648 1408 demnatum.
2680 1356 2756 1407 At
2795 1369 2926 1408 vero
2958 1352 3059 1424 qui
3104 1353 3433 1409 observator
3472 1352 3630 1423 hujus
3669 1351 3825 1408 decreti

2282 1442 2584 1510 exstiterit,
2617 1441 2865 1514 gratiam
2897 1447 3072 1515 atque
3101 1441 3564 1506 misericordiam,
3600 1441 3827 1512 vitamque

2283 1536 2557 1587 aeternam
2589 1548 2622 1585 a
2651 1531 3077 1603 benignissimo
3113 1531 3350 1588 Domino
3373 1535 3507 1588 Jesu
3526 1529 3716 1586 Christo
3731 1545 3828 1585 con-

2283 1619 2448 1692 sequi
2473 1625 2782 1675 mereatur.
2817 1620 2969 1676 Bene
3001 1621 3204 1676 valete.

2358 1708 2502 1764 Data
2529 1725 2623 1764 xxv
2653 1708 2776 1765 Kal.
2810 1708 2947 1764 Maii
2978 1726 3079 1780 per
3118 1725 3327 1766 manus
3366 1707 3642 1764 Humberti
3666 1705 3830 1762 cancel-

2285 1797 2411 1853 larii
2441 1801 2656 1854 sanctae
2687 1797 3018 1868 apostolica
3049 1797 3230 1864 sedis,
3260 1797 3318 1853 in
3349 1796 3685 1853 Lateranensi
3717 1794 3830 1850 basi-

2283 1886 2415 1950 lica,
2449 1903 2600 1942 anno
2629 1903 2687 1941 ιιι
2720 1885 2944 1942 domini
2976 1885 3197 1943 Nicolai
3237 1886 3470 1943 secundi
3513 1901 3670 1957 papae,
3696 1885 3831 1940 indic~

2286 1976 2443 2032 tione
2470 1993 2572 2031 xu.

2987 2065 3240 2121 XXXIII.

2286 2155 2504 2212 Nicolai
2531 2155 2586 2210 II
2621 2171 2776 2227 papa
2813 2155 3174 2238 priuilegia-pe
3218 2170 3324 2238 pro
3367 2153 3668 2238 monasterio
3688 2150 3732 2206 S.
3757 2150 3836 2204 Tri-

2780 2227 2971 2282 nitatis
3008 2225 3430 2282 Vindocinensis.

2910 2313 3095 2386 (Anno
3129 2313 3316 2387 1061.)

2727 2402 2987 2476 [Launoii
3020 2403 3186 2476 Opp.,
3227 2406 3325 2474 III,
3348 2404 3492 2475 355.]

2368 2511 2656 2567 NICOLAUS
2685 2510 3017 2582 episcopus,
3060 2527 3268 2567 servus
3302 2525 3583 2568 servorum
3625 2505 3709 2564 Dei
3731 2505 3838 2560 0n:-

2286 2617 2416 2656 aico
2447 2599 2718 2672 religioso
2749 2599 2944 2655 abbati
2972 2600 3326 2656 venerabilis
3357 2596 3665 2656 monasterii
3685 2591 3840 2648 Vindo-

2285 2689 2564 2754 cinensis,
2592 2687 2938 2760 cunctisque
2969 2689 3410 2747 successoribus
3438 2690 3558 2760 ejus
3582 2685 3760 2742 ibidem
3781 2695 3842 2735 re-

2285 2777 2566 2851 gulariter
2600 2777 3009 2848 promovendis
3036 2778 3093 2833 in
3136 2783 3499 2851 perpetuum.

2353 2867 2541 2923 Justis
2572 2866 2951 2938 petitionibus
2990 2871 3046 2923 et
3092 2867 3594 2939 quietiservoram
3619 2862 3702 2919 Dei
3726 2873 3842 2932 pros-

2288 2954 2635 3027 picientibus
2667 2960 3002 3028 competens
3031 2961 3087 3012 et
3119 2956 3312 3012 facilis
3341 2957 3572 3013 debetur
3611 2961 3842 3008 assensus.

2287 3047 2648 3115 Quapropter
2676 3044 3016 3100 monasterii
3055 3049 3274 3101 sanctae
3304 3049 3361 3102 et
3405 3043 3682 3100 individua:
3705 3033 3842 3094 Trini-

536 3132 775 3205 poribus
807 3137 934 3189 rata
963 3137 1137 3205 atque
1179 3133 1523 3190 inconvulsa
1561 3135 1917 3191 omnimodis
1948 3152 2174 3208 perma-
2207 3111 2250 3178 (ἶ
2286 3135 2423 3189 tatis
2455 3133 2609 3203 apud
2641 3137 2898 3190 castrum
2941 3133 3336 3191 Vindocinum
3381 3133 3498 3204 siti,
3542 3129 3678 3204 quod
3709 3144 3737 3182 ι
3758 3121 3844 3180 suis

535 3228 729 3278 neant.
758 3223 939 3294 Igitur
959 3223 1224 3278 noverint
1245 3223 1511 3279 omnium
1544 3225 1910 3294 prmsentium
1934 3231 1990 3279 et
2020 3227 2176 3280 futu-

535 3327 732 3366 rorum
765 3328 990 3382 regum,
1015 3312 1443 3383 episcoporum,
1485 3313 2010 3384 universorumque
2039 3332 2176 3386 apo-

535 3399 750 3454 stolica:
767 3401 924 3454 sedis
938 3399 1197 3454 ﬁdelium
1212 3400 1591 3463 unanimitas,
1610 3401 1812 3456 fratres
1829 3403 2178 3460 venerabilis

537 3487 1108 3544 monasteriiChristi
1146 3489 1422 3559 martyris
1464 3489 1744 3557 Dionysii,
1788 3490 1888 3545 ubi
1918 3491 2042 3560 ipse
2076 3498 2179 3548 Do-

535 3575 727 3631 minus
757 3574 814 3629 in
848 3591 1088 3646 corpore
1140 3575 1472 3646 requiescit,
1525 3581 1785 3632 nostram
1837 3578 2180 3650 implorasse

536 3663 994 3720 benevolentiam
1030 3668 1092 3720 ut
1122 3663 1487 3736 privilegium
1519 3665 1847 3736 apostolicae
1879 3669 2178 3740 dignitatis

536 3755 608 3808 de
632 3755 884 3826 quadam
917 3753 1174 3810 Praedicti
1214 3752 1322 3808 loci
1361 3753 1652 3809 abbatiola
1689 3754 1772 3810 eis
1804 3756 1973 3812 edere
2004 3759 2178 3816 debe-

537 3860 754 3898 remus.
790 3843 889 3898 Est
919 3849 1114 3898 autem
1149 3841 1440 3898 abbatiola
1473 3843 1529 3897 in
1584 3860 1732 3916 pago
1777 3843 2086 3903 Alsatiensi
2119 3849 2177 3905 in

535 3932 688 3988 saltu
721 3932 960 4004 quidam
984 3931 1196 4003 Vosagi
1238 3931 1370 3999 sita,
1423 3931 1864 4004 appellaturque
1896 3935 2177 4010 chroha,

538 4037 717 4091 quam
753 4018 1079 4074 Fuldradus
1106 4019 1285 4076 abbas
1315 4020 1374 4074 in
1407 4037 1513 4076 suo
1560 4022 1787 4092 proprio
1833 4025 2177 4083 munificen-

537 4109 620 4163 tia
649 4108 846 4162 domni
894 4107 1083 4167 Caroli
1130 4107 1499 4180 imperatoris
1543 4109 1934 4178 invictissimi,
1984 4115 2179 4171 condi-

537 4197 640 4260 dit,
679 4199 852 4266 atque
881 4194 1303 4267 gloriosissimo
1335 4202 1577 4268 patrono
1616 4215 1722 4254 suo
1757 4200 1974 4256 domno
2021 4203 2176 4258 scili-

537 4289 626 4340 cet
683 4284 957 4357 Dionysio
1007 4286 1376 4340 contradidit.
1428 4288 1685 4350 Quorum
1743 4289 2178 4348 considerantes

537 4381 707 4446 atque
758 4379 1143 4446 agnoscentes
1183 4374 1408 4443 justam
1456 4390 1584 4429 esse
1633 4376 1991 4446 petitionem,
2047 4381 2176 4448 hoc,

2288 3221 2716 3288 fundatorihus,
2759 3222 3042 3278 Gaufredo
3091 3221 3318 3280 scilicet
3362 3222 3754 3293 Andegavorum
3773 3227 3840 3267 co-

2289 3311 2428 3366 mite
2457 3316 2514 3367 et
2542 3315 2763 3383 Agnete
2792 3310 3160 3367 nobilissima
3182 3311 3484 3367 comitissa
3502 3308 3717 3379 conjuge
3737 3302 3842 3372 eius.

2287 3400 2544 3456 oblatum
2569 3402 2630 3456 B.
2663 3401 2851 3469 Petro,
2873 3406 2931 3456 et
2971 3401 3247 3458 Romanae
3285 3401 3536 3458 Ecclesiae
3570 3399 3625 3454 in
3649 3391 3840 3453 alodium

2287 3494 2344 3545 et
2375 3489 2794 3560 patrimonium
2827 3489 3117 3557 novimus,
3149 3493 3275 3545 tam
3301 3491 3461 3560 juxta
3486 3491 3663 3544 votum
3691 3478 3841 3536 funda-

2288 3577 2698 3649 torumiipsius
2727 3577 2860 3644 loci,
2911 3595 3096 3650 quam.
3140 3578 3322 3635 etiam
3363 3580 3525 3650 juxta
3563 3568 3839 3630 desiderium

2288 3667 2614 3724 sanctitatis
2646 3672 2782 3734 tuae,
2829 3667 3172 3724 charissima
3228 3668 3313 3723 fili
3356 3668 3505 3723 abba
3549 3661 3763 3722 Oderice.
3794 3654 3846 3707 ill

2288 3755 2586 3811 beatorum
2629 3755 3026 3825 apostolorum
3076 3756 3225 3812 Petri
3274 3762 3334 3813 et
3380 3755 3538 3812 Pauli
3582 3745 3846 3808 auctoritate

2287 3844 2611 3913 sancimus,
2643 3850 2930 3915 quatenus
2962 3845 3112 3901 inter
3141 3846 3472 3917 apostolicae
3502 3842 3644 3899 sedis
3673 3829 3844 3909 pontiﬁ-

2288 3948 2412 3989 cem
2445 3938 2504 3988 et
2533 3932 2801 3988 abbatem
2836 3932 2995 3989 illius
3025 3933 3376 3991 venerabilis
3403 3933 3534 4002 loci,
3573 3926 3712 3986 nulla
3731 3931 3847 3994 pror-

2289 4039 2390 4078 sus
2423 4038 2672 4092 persona
2702 4022 2894 4078 media
2922 4021 3227 4078 habeatur.
3266 4023 3588 4080 Statnimus
3627 4015 3763 4103 etiam
3787 4008 3845 4103 ut.

2288 4111 2559 4166 defuncto
2591 4111 2820 4179 abbate,
2855 4111 3040 4183 ipsius
3071 4113 3412 4168 monasterii
3436 4092 3851 4167 successoreieli-

2287 4205 2460 4272 gatur
2501 4201 2573 4254 de
2615 4199 2814 4255 eadem
2864 4201 3336 4272 congregatione,
3384 4202 3431 4257 si
3477 4204 3655 4255 tamen
3691 4190 3854 4260 dignus

2289 4293 2451 4344 tanto
2478 4288 2762 4361 regimine
2783 4289 3132 4345 inveniatur.
3156 4289 3319 4352 Quod
3348 4291 3398 4347 si
3422 4289 3620 4361 dignus
3643 4275 3850 4352 αρυάθοθ

2286 4394 2400 4433 non
2432 4378 2606 4433 fuerit
2637 4377 2928 4446 inventus,
2960 4379 3115 4451 quod
3149 4379 3306 4435 absit
3339 4379 3350 4433 !
3386 4396 3420 4435 a
3443 4374 3707 4434 Cluniaco,
3732 4373 3850 4420 seu!

536 4462 687 4518 beati
723 4461 873 4518 Petri
904 4464 1297 4533 apostolorum
1334 4461 1614 4533 principis
1654 4465 2020 4533 auctoritate,
2055 4488 2182 4540 pro-
2216 4481 2260 4546 ι)
2293 4467 2496 4537 majori
2529 4467 2902 4533 monasterio,
2955 4465 3041 4522 vel
3091 4467 3480 4539 undecunque
3525 4459 3707 4520 melius
3740 4451 3849 4546 99W

539 4551 872 4623 mulgantes
898 4551 1217 4616 sancimus,
1255 4555 1317 4604 ut
1357 4551 1594 4621 praedita
1625 4551 1914 4608 abbatiola
1953 4567 2183 4626 aposto-

538 4641 650 4696 lica
671 4641 1137 4696 corroboratione
1161 4639 1408 4694 subnixa
1424 4641 1661 4711 perenni
1679 4647 1932 4712 tempore
1956 4645 2178 4705 illibata

541 4730 663 4784 loco
695 4729 883 4784 sancti
915 4729 1169 4800 Dionysii
1209 4729 1446 4800 profusa
1473 4736 1827 4800 permaneat.
1864 4734 2176 4792 Constitui-

541 4835 673 4872 mus
695 4833 926 4888 quoque
941 4818 1276 4872 auctoritate
1295 4818 1445 4873 beati
1459 4817 1630 4885 Petri,
1649 4824 1711 4872 ut
1737 4820 1935 4877 nullus
1954 4841 2175 4894 regum,

541 4923 712 4961 nemo
737 4905 1091 4973 antistitum,
1116 4906 1198 4961 vel
1225 4907 1523 4974 abbatum,
1547 4923 1644 4962 seu
1663 4908 2178 4983 quilibetquacun-

541 5011 654 5067 que
701 4994 980 5066 praeditus
1029 4995 1324 5065 dignitate,
1371 4996 1563 5067 ipsum
1615 4996 1806 5052 locnm
1855 5001 1975 5055 ullo
2008 5005 2180 5060 modo

541 5084 867 5156 inquietare
899 5083 1128 5153 audeat,
1166 5100 1275 5138 non
1312 5087 1366 5137 in
1405 5083 1578 5148 villis,
1611 5101 1725 5140 non
1759 5088 1815 5143 in
1847 5092 2180 5164 mancipiis,

542 5191 657 5230 non
689 5174 746 5229 in
781 5189 943 5241 auro,
982 5191 1095 5228 non
1129 5171 1187 5226 in
1217 5177 1476 5244 argento,
1511 5191 1624 5228 non
1659 5173 1715 5228 in
1747 5177 2026 5246 vestibus,
2063 5182 2182 5236 sive

429 5265 434 5270 ’
542 5263 601 5318 in
629 5263 1080 5335 quibuscumque
1108 5262 1301 5328 rebus,
1334 5261 1484 5316 sicut
1512 5261 1568 5316 in
1618 5263 1934 5336 privilegiis
1965 5270 2182 5338 prmde-

544 5367 844 5406 cessorum
863 5355 1188 5407 nsstrorum
1203 5349 1400 5404 domni
1415 5348 2182 5425 scilicetStephani,Leonis,

544 5439 900 5511 alteriusque
930 5438 1166 5508 Nicolai,
1199 5437 1287 5494 vel
1315 5437 1490 5494 etiam
1523 5437 1580 5492 in
1605 5441 1902 5510 praeceptis
1922 5445 2183 5515 praedicti

543 5526 728 5586 Caroli
767 5529 985 5604 magni,
1008 5528 1262 5588 Heiurici
1296 5543 1550 5605 quoque,
1592 5530 2050 5610 ceterorumque
2079 5533 2186 5594 im.

2295 4560 2450 4623 runt,
2498 4560 2810 4627 procurent
2859 4556 3129 4610 monachi
3181 4556 3294 4611 sibi
3349 4560 3561 4628 patrem
3601 4540 3853 4604 secundum

2288 4649 2466 4700 Deum
2495 4642 2729 4715 eligere,
2763 4660 2880 4700 non
2912 4647 3106 4699 tamen
3134 4645 3262 4700 sine
3287 4645 3462 4700 trium
3483 4641 3733 4697 abbatum
3745 4639 3852 4725 eo}?

2287 4732 2606 4803 silio,quos
2641 4731 3028 4803 religiosiores
3070 4733 3139 4788 de
3162 4733 3370 4790 vicinis
3393 4731 3530 4788 locis
3566 4719 3774 4800 potuerit
3795 4719 3855 4767 in-

2288 4821 2501 4877 venire.
2529 4821 2757 4876 Electus
2770 4827 2965 4877 autem
2991 4839 3062 4878 ne
3085 4822 3284 4878 statim
3304 4823 3544 4878 Romam
3560 4813 3859 4872 venirewG"

2288 4916 2452 4976 tur,a
2483 4927 2834 4982 quocunque
2848 4910 3391 4967 volueritcatholico
3421 4908 3672 4980 episcopo
3709 4902 3863 4982 οοηξε·

2289 4977 2606 5054 crationem
2629 4977 3148 5070 suscipiat.Electio
3163 5000 3247 5057 vel
3270 4977 3548 5056 ordinatio
3577 4987 3786 5064 qualiter
3801 4977 3859 5032 fa-

2290 5092 2382 5143 cta
2415 5087 2607 5154 fuerit,
2631 5089 2904 5144 studeant
2927 5089 3202 5144 monachi
3223 5105 3387 5160 papae
3411 5085 3607 5143 litteris
3634 5073 3859 5157 intimare!

2293 5182 2356 5232 ut
2383 5180 2484 5231 aut
2503 5176 2794 5244 emendet,
2825 5176 2870 5232 si
2903 5194 3051 5248 opus
3073 5159 3267 5245 fuerit,
3298 5159 3858 5248 emendandummuttl

2293 5265 2466 5320 fuerit
2497 5242 2822 5320 secundum
2856 5242 3038 5321 Deum
3070 5271 3128 5323 et
3166 5242 3431 5322 nostrum
3463 5261 3729 5318 decretum
3754 5242 3862 5301 fit?“

2292 5353 2494 5410 electio
2521 5353 2636 5408 sive
2666 5355 3050 5423 consecratio,
3083 5355 3236 5412 bono
3266 5353 3457 5410 studio
3481 5336 3860 5423 congratuletnf.

2293 5443 2436 5500 etab
2466 5441 2594 5514 ipso
2616 5443 3014 5501 confirmetur.
3039 5421 3414 5516 Praecipimus
3450 5439 3610 5496 etiam
3645 5436 3698 5488 ut
3722 5421 3858 5516 abbe

2293 5533 2439 5608 ipse,
2469 5504 2568 5608 qui
2600 5531 2919 5594 alodiariue
2952 5504 3237 5594 Romanis
3277 5529 3544 5592 Ecclesia
3572 5504 3859 5584 ιιοεοὶιαυδ
