4138 6186
1477 293 1884 359 EPISTOLIE
1924 291 2026 357 ET
2071 292 2145 356 DI
2155 293 2544 357 PLOMA'I‘A.

3552 305 3706 366 1354

301 427 434 499 ipso
458 427 753 501 episcopo,
785 428 874 486 vel
907 447 940 486 a
967 427 1229 502 quolibet
1258 428 1590 501 apostolica:
1623 429 1781 486 sedis
1799 430 1952 486 vica-
1983 429 2037 496 Α
2065 427 2598 484 Vindocinensibus
2621 433 2675 484 et
2697 429 2766 485 ab
2781 429 3068 486 universis
3085 430 3423 490 hominibus
3445 432 3708 506 ipsorum

290 515 498 581 'rio,ad
522 516 838 574 concilium
864 536 978 575 non
1011 522 1267 585 vocetur,
1302 535 1407 574 nec
1457 522 1693 575 coactus
1721 518 1917 574 veniat
1944 537 1958 586 ;

301 604 409 660 sed
433 604 757 662 Romanam
775 606 1092 664 Ecclesiam
1113 607 1240 680 ipse
1261 611 1364 662 aut
1383 623 1487 678 per
1504 606 1762 678 legatum
1786 624 1961 662 suum

303 693 544 749 studeat
558 694 818 751 visitare.
845 700 1096 753 Censum
1117 713 1250 752 vero
1285 696 1356 751 ad
1387 695 1735 751 memoriam
1765 695 1961 767 cogni-

301 781 644 855 tionemque
692 785 1114 856 sempiternam
1172 783 1484 840 duodecim
1532 783 1857 839 solidorum
1890 784 1962 838 de

305 876 546 927 moneta
575 873 840 943 ejusdem
872 873 1074 945 patriae
1104 889 1224 930 suae
1257 876 1545 929 statutum
1581 889 1613 926 a
1645 870 1963 926 fundatori-

301 957 419 1015 bus
448 957 561 1015 loci
592 960 760 1016 beato
793 961 958 1016 Petro
990 961 1150 1016 reddi
1186 976 1288 1033 per
1318 975 1504 1015 unum
1538 975 1833 1030 quemque
1865 975 1962 1014 an-

301 1063 448 1104 num
480 1046 776 1105 volumus.
792 1050 955 1117 Quod
980 1051 1028 1106 si
1055 1051 1200 1106 forte
1221 1049 1450 1120 legatus
1476 1052 1748 1104 Romanae
1769 1047 1961 1102 Eccle-

303 1136 408 1192 siae
429 1137 834 1210 su'pradictum
856 1139 1010 1194 beati
1030 1139 1184 1195 Petri
1204 1138 1400 1194 locum
1429 1138 1667 1192 visitare
1695 1135 1958 1204 voluerit,

299 1225 381 1280 ibi
405 1243 541 1282 cum
575 1227 734 1282 omni
757 1227 1041 1284 charitate
1070 1227 1462 1300 suscipiatur,
1495 1231 1553 1282 et
1583 1243 1708 1298 quae
1739 1225 1966 1298 corpori

298 1319 477 1371 erunt
508 1315 920 1383 necessaria,ei
942 1333 975 1372 a
997 1316 1279 1372 fratribus
1305 1315 1620 1388 diligenter
1645 1317 1809 1386 juxta
1838 1331 1966 1386 pos-

301 1403 648 1461 sibilitatem
675 1404 785 1461 loci
831 1405 1262 1461 ministrentur.
1297 1405 1432 1477 Ipse
1452 1421 1586 1460 vero
1609 1403 1756 1458 nihil
1787 1404 1846 1458 in
1879 1419 1968 1459 eo-

301 1493 438 1549 dem
463 1491 590 1549 loco
607 1509 712 1566 per
752 1509 816 1549 se
857 1494 1146 1567 corrigere
1173 1510 1363 1566 neque
1392 1493 1697 1549 occasione
1726 1491 1964 1564 legatio-

299 1581 404 1637 nis
424 1585 713 1638 rectorem
743 1581 856 1638 loci
884 1582 975 1639 vel
1015 1583 1229 1638 fratres
1275 1581 1587 1638 molestare
1626 1583 1963 1652 praesumat,

303 1669 408 1727 sed
433 1669 483 1726 si
515 1669 657 1743 quid
684 1669 895 1727 viderit
918 1670 1524 1743 corrigendum,papze
1554 1669 1765 1730 litteris
1797 1668 1848 1724 ei
1876 1669 1965 1724 in-

295 1758 520 1815 timare
538 1757 757 1816 licebit.
794 1759 944 1816 Illud
976 1759 1152 1816 etiam
1202 1759 1646 1826 confirmamus,
1681 1763 1748 1813 ut
1797 1757 1964 1813 locus

299 1845 509 1904 Sancti
530 1847 848 1905 Salvatoris
871 1864 1053 1921 prope
1082 1863 1290 1904 muros
1339 1847 1591 1903 civitatis
1625 1845 1968 1918 Andegavizs

301 1940 684 1993 constructus
713 1937 825 1993 sub
874 1937 1248 1993 monasterio
1294 1934 1708 1991 Vindocinensi
1739 1949 1971 2006 semper

299 2028 561 2093 maneat,
593 2041 701 2080 nec
729 2024 1048 2097 aliquando
1083 2024 1165 2080 ibi
1204 2023 1510 2080 ordinetur
1539 2021 1753 2094 aliquis
1783 2026 1970 2078 rector

307 2112 398 2169 vel
429 2114 802 2186 praepositus,
837 2113 952 2169 nisi
981 2113 1280 2170 voluntate
1321 2112 1550 2168 abbatis
1575 2110 1966 2166 Vindocinen-

313 2199 417 2258 sis.
449 2200 570 2258 Hoc
593 2202 793 2273 etiam,
817 2202 945 2259 freti
978 2202 1195 2259 ﬁducia
1223 2200 1554 2274 apostolica
1585 2199 1968 2272 auctoritatis,

321 2289 724 2363 prohibemus,
751 2306 824 2346 ne
871 2291 930 2346 in
981 2289 1400 2346 Vindocinensi
1461 2288 1745 2356 cmnobio,
1779 2304 1880 2344 seu
1909 2287 1968 2342 in

316 2378 595 2452 praedicta
622 2380 682 2436 S.
725 2379 1042 2436 Salvatoris
1088 2378 1353 2448 ecclesia,
1386 2376 1492 2434 ulli
1546 2393 1807 2449 unquam
1841 2391 1971 2448 per-

304 2467 606 2536 sonze,nisi
629 2467 738 2524 soli
773 2485 936 2541 papae
953 2468 1125 2525 liceat
1177 2471 1520 2540 potestatem
1562 2471 1662 2521 aut
1698 2465 1969 2520 domina-

301 2557 521 2614 tionem
552 2572 837 2626 exercere,
870 2561 972 2613 aut
1031 2555 1568 2623 excommunicare,
1595 2571 1695 2610 seu
1726 2552 1967 2609 interdi-

307 2661 461 2712 cere,
491 2645 725 2701 etiamsi
757 2645 1133 2702 Carnotensis
1163 2643 1252 2700 vel
1307 2641 1744 2716 Andegavensis
1785 2639 1972 2713 patria

297 2733 708 2792 excommun-ic
724 2738 819 2790 ata
849 2733 1024 2790 fuerit
1055 2737 1158 2790 aut
1199 2733 1546 2800 interdicta;
1579 2729 1971 2787 excommuni-

303 2827 468 2880 catos
498 2827 698 2879 tamen
725 2840 841 2879 non
861 2839 890 2879 s
907 2823 1219 2895 nscipiant.
1242 2826 1360 2877 Nos
1381 2825 1575 2877 autem
1611 2819 1809 2876 omnia
1838 2834 1967 2889 quae

305 2913 390 2969 ab
407 2911 553 2985 ipsis
576 2911 1101 2982 fundatoribus,vel
1123 2912 1195 2966 ab
1217 2909 1348 2967 aliis
1370 2909 1678 2967 hominum
1702 2908 1967 2980 personis

296 3018 373 3058 us
387 3017 503 3074 que
533 3003 606 3057 ad
637 3001 790 3058 hanc
829 3000 984 3056 diem
1011 3001 1201 3057 eidem
1235 2999 1361 3056 loco
1377 2998 1573 3055 oblata
1600 3001 1965 3064 sunt,nostra

299 3090 655 3148 auctoritate
683 3090 994 3146 ﬁrmamus
1018 3095 1075 3145 et
1095 3089 1642 3154 corroboramus,ut
1667 3087 1727 3140 in
1759 3100 1962 3158 perpe-

293 3181 471 3234 tuum
495 3176 615 3248 juri
637 3177 902 3248 ejusdem
933 3176 1046 3234 loci
1078 3177 1206 3232 sine
1228 3175 1618 3232 diminutione
1646 3173 1735 3228 vel
1766 3157 1956 3244 quali-
1987 3157 2030 3225 C

294 3266 401 3322 bet
432 3266 838 3322 retractatione
868 3266 1084 3337 persist
1095 3269 1212 3321 ant.
1224 3265 1283 3320 Si
1317 3265 1448 3336 quis
1469 3280 1600 3319 vero
1622 3267 1823 3318 contra
1844 3278 1962 3317 me-

303 3357 607 3411 moratum
637 3355 793 3411 beati
823 3355 976 3411 Petri
1017 3354 1210 3411 locum
1270 3369 1375 3426 pro
1433 3351 1730 3424 aliquibus
1786 3351 1960 3406 rebus

306 3443 540 3500 causari
571 3442 842 3512 voluerit,
876 3460 990 3500 non
1039 3441 1092 3498 ei
1145 3443 1328 3498 abbas
1353 3441 1443 3499 vel
1474 3441 1681 3497 fratres
1718 3454 1958 3513 respon-

299 3533 502 3600 deant,
541 3534 860 3604 antequam
897 3532 1225 3588 Romanum
1266 3530 1599 3603 pontificem
1629 3528 1958 3596 consulant,

299 3621 447 3694 quia
470 3620 760 3693 quidquid
796 3621 924 3676 sine
949 3626 1156 3676 nostro
1186 3619 1271 3675 vel
1307 3635 1714 3675 successorum
1741 3621 1965 3674 nostrO‘

307 3725 446 3766 rum
473 3708 699 3780 judicio
727 3707 1188 3777 deﬁnitum,sive
1217 3708 1578 3764 diminutum
1610 3707 1801 3773 fuerit,
1830 3705 1960 3761 irri-

301 3803 438 3855 tum
468 3799 596 3854 erit.
624 3799 737 3854 Res
766 3813 910 3854 vero
945 3815 1072 3870 quae
1103 3797 1173 3853 ad
1207 3799 1509 3870 praefatum
1543 3795 1964 3853 monasterium

300 3886 620 3960 pertinent,
652 3886 712 3942 in
744 3885 1053 3959 praesentis
1085 3885 1370 3959 privilegii
1394 3887 1605 3959 pagina
1626 3885 1838 3940 idcirco
1869 3902 1966 3941 no-

300 3974 520 4031 minari
534 3979 591 4030 et
613 3975 858 4047 exprimi
875 3975 1240 4041 volumus,ut
1255 3974 1415 4029 nulla
1427 3975 1699 4046 deinceps
1718 3990 1966 4046 persona

307 4063 536 4136 aliquid
559 4064 630 4118 de
650 4063 870 4119 eisdem
885 4064 1058 4119 rebus
1088 4063 1276 4119 eidem
1297 4062 1650 4118 monasterio
1667 4062 1970 4117 subtrahe-

304 4169 393 4220 re,
416 4151 705 4220 minuere,
733 4156 836 4208 aut
865 4151 1132 4223 qualibet
1161 4151 1465 4206 occasione
1492 4151 1718 4206 auferre
1747 4167 1964 4221 praesu-

304 4245 454 4298 mat.
469 4240 598 4297 Haec
614 4245 896 4314 suntquae
909 4241 979 4296 ad
992 4239 1334 4314 praedictum
1353 4238 1774 4294 monasterium
1795 4237 1965 4310 perti-

304 4346 447 4386 nere
468 4335 797 4386 noscuntur
825 4348 838 4386 :
867 4331 926 4386 in
972 4346 1122 4402 pago
1171 4328 1584 4384 Vindocinensi
1616 4327 1870 4382 Ecclesia
1895 4325 1966 4380 de

305 4417 575 4473 Ferraria
596 4423 653 4474 et
690 4418 828 4473 villa
851 4419 922 4473 de
952 4419 1243 4485 Pruneto;
1276 4417 1530 4473 ecclesia:
1560 4432 1791 4488 quoque
1817 4432 1966 4486 quas

304 4505 710 4562 Theodericus
753 4507 1131 4562 Carnotensis
1185 4506 1494 4578 episcopus
1548 4503 1964 4561 Vindocinensi

306 4594 670 4651 monasterio
721 4595 923 4664 dedit;
957 4593 1200 4650 ecclesia
1248 4593 1444 4650 Sancti
1490 4594 1689 4662 Beati;
1718 4592 1963 4649 ecclesia

295 4683 504 4739 Sancti
531 4685 772 4739 Joannis
822 4685 893 4739 de
933 4683 1428 4750 Castrodunensi;
1460 4681 1705 4738 ecclesia
1735 4683 1806 4738 de
1832 4682 1961 4738 Bal-

292 4771 524 4836 neolis;
561 4772 809 4829 ecclesia
836 4772 909 4829 de
936 4771 1098 4829 Valle
1129 4771 1346 4838 Rebla;
1379 4771 1624 4827 ecclesia
1659 4771 1908 4827 Authcni
1938 4787 1952 4826 :

298 4862 366 4916 In
396 4861 735 4933 episcopatu
758 4859 1467 4927 Cenomanensi,ecclesia
1498 4861 1688 4916 Sancti
1712 4860 1959 4915 Joannis

297 4949 376 5004 de
398 4947 772 5021 Villa-Dei,et
785 4949 925 5006 villa
963 4950 1092 5022 ipsa
1113 4966 1244 5004 cum
1270 4948 1796 5005 consuetudinibus
1826 4948 1959 5004 uni-

296 5036 530 5107 versis;
563 5037 811 5095 ecclesia
838 5039 1031 5095 Sancti
1083 5038 1386 5095 Michaelis
1423 5038 1494 5094 de
1538 5036 1789 5104 Hulleto,
1823 5053 1957 5093 cum

297 5124 662 5182 molendinis
690 5131 748 5183 et
774 5128 988 5193 boscis,
1011 5132 1067 5183 et
1099 5144 1234 5183 cum
1265 5127 1544 5183 omnibus
1574 5126 1954 5181 consuetudi-

299 5214 485 5272 nibus
515 5215 662 5272 suis.
699 5217 761 5271 In
795 5217 1004 5272 forests
1032 5216 1316 5272 Wastinze
1363 5220 1552 5271 totum
1600 5215 1957 5287 pannagium

295 5303 373 5360 de
406 5304 666 5376 propriis
706 5305 899 5376 porcis
940 5304 1205 5360 omnium
1265 5303 1686 5360 monachorum
1746 5306 1960 5358 sanctae

300 5392 639 5459 Trinitatis,
667 5399 724 5449 et
756 5392 1036 5449 medietas
1067 5395 1138 5448 de
1172 5393 1462 5464 pannagio
1494 5390 1740 5447 aliorum
1775 5390 1962 5446 homi-

299 5498 472 5550 num,
504 5487 565 5538 et
611 5481 728 5538 mel
787 5487 843 5538 et
891 5499 1022 5538 cera
1075 5481 1339 5552 ejusdem
1407 5480 1584 5548 silvae,
1636 5480 1961 5553 assumptio

305 5570 492 5635 etiam
546 5569 811 5632 omnium
862 5571 1137 5628 arborum
1194 5568 1267 5627 ab
1323 5569 1599 5628 omnibus
1658 5569 1962 5638 monachis

641 5699 905 5787 Pareat.
948 5696 1210 5770 CXLIII.

2071 518 2141 572 ad
2169 533 2373 574 omnes
2415 517 2693 574 utilitates
2738 535 2878 574 suas
2923 519 2980 574 in
3011 520 3184 576 terris
3214 523 3552 578 monasterii
3583 526 3711 583 sine

2070 605 2302 660 licentia
2331 607 2790 662 forestariorum.
2824 608 2886 662 In
2919 607 3260 680 episcopatu
3308 611 3710 684 Andegavensi
3773 665 3776 668 .

2069 693 2315 750 ecclesia
2343 696 2401 750 S.
2433 695 2747 752 Salvatoris
2788 698 2958 768 juxta
3004 700 3422 771 Andegavum;
3469 701 3714 759 ecclesia

2069 783 2266 839 Sancti
2285 784 2526 839 Joannis
2540 802 2716 856 super
2737 785 3194 859 Ligerim,super
3214 789 3411 844 decem
3435 793 3492 844 et
3507 807 3710 846 novem

2070 889 2359 944 arpennos
2408 873 2734 941 vinearum,
2781 879 2838 930 et
2887 876 3000 931 duo
3060 877 3418 946 molendini;
3470 879 3716 936 ecclesia

2069 960 2267 1016 Sancti
2321 962 2619 1017 Saturnini
2672 967 2729 1018 et
2777 959 3052 1036 parochia
3101 969 3241 1031 tota,
3293 970 3348 1020 et
3391 967 3534 1024 silva
3588 986 3714 1040 quae

2069 1048 2286 1104 dicitur
2312 1050 2498 1117 Later,
2532 1055 2589 1105 et
2633 1055 2787 1107 terra
2817 1052 2992 1121 silvae,
3028 1053 3076 1109 si
3107 1053 3252 1110 silva
3306 1055 3481 1110 fuerit
3505 1058 3713 1113 exstir-

2072 1141 2209 1209 pata
2231 1139 2404 1209 ;apud
2431 1144 2690 1194 castrum
2714 1141 3080 1198 Credonense
3105 1142 3453 1213 parochialis
3476 1145 3720 1203 esclesia

2072 1227 2130 1282 S.
2163 1225 2517 1297 Clementis;
2552 1229 2623 1283 de
2649 1228 2757 1283 hac
2783 1229 2936 1284 inter
2977 1230 3434 1288 Vindocinenses
3483 1238 3540 1290 et
3564 1234 3718 1291 beati

2070 1314 2265 1370 Albini
2295 1316 2613 1371 monachos
2643 1317 2701 1370 in
2749 1318 3059 1388 praesentia
3099 1324 3295 1375 nostra
3353 1323 3721 1392 querimonia

2072 1408 2199 1460 orta
2225 1403 2352 1474 fuit,
2385 1407 2440 1459 et
2472 1405 2799 1475 apostolicae
2834 1407 2990 1461 sedis
3030 1407 3252 1477 judicio
3303 1409 3718 1467 Vindocinensi

2074 1493 2428 1548 monasterio
2460 1492 2829 1564 adjudicata;
2865 1493 3111 1550 ecclesia
3145 1495 3315 1569 burgi
3347 1498 3719 1572 Meduanilis,

2074 1585 2130 1636 et
2159 1581 2384 1654 burgus
2410 1585 2568 1638 totus
2598 1599 2733 1638 cum
2765 1583 3096 1655 integritate
3126 1601 3270 1650 sua;
3296 1586 3540 1643 ecclesia
3569 1588 3723 1644 beati

2076 1669 2224 1725 Petri
2257 1671 2327 1725 de
2357 1670 2610 1726 Maziaco
2641 1675 2798 1740 tota;
2831 1673 2889 1726 in
2921 1688 3070 1744 pago
3101 1673 3451 1731 Pictaviensi
3478 1675 3722 1733 ecclesia

2075 1758 2146 1813 de
2177 1757 2377 1826 Olona,
2408 1763 2465 1814 et
2493 1758 2740 1814 ecclesia
2786 1759 2940 1815 beati
2989 1761 3223 1817 Martini
3277 1764 3347 1818 de
3394 1765 3626 1834 Avalia;
3661 1765 3722 1822 in

2076 1861 2225 1919 pago
2258 1847 2502 1903 Seonico
2524 1848 2582 1901 in
2628 1847 2872 1904 Olerone
2895 1849 3142 1906 ecclesia
3165 1851 3358 1906 Sancti
3383 1852 3633 1926 Georgii,
3666 1857 3724 1910 et

2076 1936 2246 1991 tertia
2272 1953 2406 2007 pars
2445 1935 2700 1992 ecclesiae
2746 1936 2952 1992 insulae
3003 1954 3137 1993 cum
3196 1941 3724 1998 consuetudinibus

2077 2023 2488 2091 universis;in
2531 2028 2720 2080 castro
2769 2025 3039 2081 Oleronis
3089 2027 3334 2084 ecclesia
3372 2029 3722 2101 parochialis

2077 2113 2302 2168 Sanctae
2333 2112 2548 2179 Mariae,
2579 2113 2825 2169 ecclesia
2854 2114 3024 2169 Rodii
3075 2115 3330 2183 rebellis,
3377 2117 3623 2175 ecclesia
3651 2120 3724 2178 de

2081 2199 2749 2271 Blasnceriaco,ecclesia
2778 2202 2975 2257 Sancti
3007 2203 3332 2275 Saturnini,
3352 2209 3506 2262 terra
3528 2208 3722 2264 Sancti

2078 2290 2401 2351 Saturnini.
2435 2294 2491 2346 et
2519 2295 2676 2346 terra
2723 2290 2918 2346 Sancti
2976 2291 3187 2347 Aniani
3246 2309 3380 2349 cum
3436 2295 3641 2353 salinis
3666 2300 3724 2354 et

2078 2377 2502 2450 piscationibus
2527 2383 2582 2434 et
2597 2379 2889 2435 universis
2907 2380 3274 2450 pertinentiis
3301 2383 3507 2438 suis.Si
3526 2387 3723 2442 autem

2078 2467 2258 2522 abbas
2289 2467 2548 2540 praedicti
2582 2467 2690 2524 loci
2714 2469 2994 2524 adversus
3021 2470 3298 2526 comitem
3330 2471 3723 2529 Vindocinen-

2077 2572 2221 2624 sem,
2249 2555 2337 2611 vel
2372 2556 2694 2628 quemlibet
2741 2557 3040 2613 hominem
3098 2575 3273 2614 suum
3321 2561 3726 2633 cujuscunque

2077 2645 2313 2700 honoris
2342 2645 2431 2700 vir
2459 2643 2556 2700 ille
2587 2645 2783 2712 fuerit,
2819 2645 3119 2717 querelam
3167 2647 3460 2719 habuerit,
3493 2649 3724 2707 incuria

2077 2732 2415 2788 monasterii
2443 2732 2912 2802 Vindocinensis,
2947 2750 3048 2805 pro
3082 2734 3366 2806 dignitate
3396 2741 3453 2791 et
3482 2753 3722 2795 venera-

2076 2821 2233 2876 tione
2279 2820 2388 2877 loci
2448 2822 2814 2892 querimonia
2861 2823 2990 2893 ipsa
3039 2823 3299 2892 ﬁniatur,
3333 2839 3438 2880 nec
3477 2825 3536 2880 in
3592 2825 3724 2898 ipsa

2075 2911 2237 2965 curia
2267 2910 2608 2966 monasterii
2657 2910 2904 2965 dimidia
2954 2928 3091 2982 pars
3141 2913 3457 2983 cujuslibet
3493 2913 3721 2972 forfacti

2074 3001 2368 3069 quaeratur
2397 2999 2469 3054 ab
2502 2999 2700 3071 aliquo
2731 2997 2818 3054 vel
2880 3001 3146 3056 donetur.
3189 3001 3472 3059 Praeterea
3514 3006 3719 3060 notum

2072 3101 2200 3142 esse
2223 3086 2495 3142 volumus
2526 3091 2738 3143 sancta
2768 3087 2870 3143 Dei
2903 3087 3164 3144 Ecclesiae
3183 3089 3472 3156 fidelibus,
3493 3095 3550 3146 et
3580 3090 3718 3147 huic

2069 3178 2278 3230 nostrae
2310 3174 2739 3230 conﬁrmaticni
2779 3176 3231 3245 adnectendum,
3263 3179 3418 3248 quod
3451 3177 3709 3235 Theode-

2069 3263 2228 3319 ricus
2257 3263 2631 3319 Carnotensis
2662 3263 2994 3335 episcopus,
3023 3264 3083 3319 in
3135 3264 3305 3335 cujus
3354 3266 3586 3323 dimcesi
3618 3284 3713 3324 su-

2067 3351 2399 3424 pradictum
2432 3352 2852 3407 monasterium
2872 3352 3297 3409 Vindocinense
3319 3353 3497 3410 situm
3519 3356 3712 3412 nosci-

2067 3444 2184 3510 tur,
2217 3439 2534 3496 Clementis
2565 3457 2727 3513 papze
2758 3440 3077 3512 praesentiae
3118 3459 3288 3498 suam
3319 3435 3717 3500 transmiserit

2068 3528 2399 3601 epistolam,
2460 3545 2673 3602 rogans
2730 3546 2887 3596 eum,
2945 3533 3235 3602 quatenus
3287 3532 3711 3589 monasterium

2070 3617 2265 3689 ipsum
2298 3617 2380 3673 sic
2414 3634 2522 3673 sua
2551 3618 2855 3673 roboretur
2907 3619 3271 3687 auctoritate,
3301 3623 3366 3674 ut
3399 3620 3545 3675 nulli
3578 3637 3711 3677 suc-

2072 3723 2369 3763 cessorum
2401 3723 2643 3762 suorum
2678 3711 2808 3778 post
2838 3723 2971 3761 eum
3005 3723 3096 3762 res
3136 3707 3315 3777 hujus
3345 3707 3454 3763 loci
3487 3709 3712 3766 auferre

2071 3795 2161 3852 vel
2190 3797 2473 3860 minuere,
2505 3795 2590 3850 vel
2619 3795 3141 3862 excommunicare,
3177 3795 3293 3850 sive
3341 3795 3709 3867 interdicere,

2069 3884 2158 3940 vel
2183 3888 2528 3956 potestatem
2555 3887 2656 3938 aut
2676 3875 3133 3938 dominationem
3155 3883 3214 3937 in
3246 3884 3372 3955 ipso
3393 3883 3518 3940 loco
3548 3902 3714 3941 exer-

2072 3989 2202 4028 cere
2232 3971 2447 4038 liceret,
2483 3988 2580 4026 seu
2615 3968 2874 4041 quolibet
2921 3971 3092 4026 modo
3145 3975 3426 4028 rectorem
3478 3973 3588 4030 loci
3624 3973 3714 4031 vel

2074 4063 2280 4116 fratres
2303 4060 2627 4131 inquietare
2659 4059 2915 4126 auderet,
2949 4060 3104 4130 quod
3157 4061 3407 4134 benigne
3450 4062 3714 4120 Clemens

2075 4166 2225 4221 papa
2249 4149 2475 4214 annuit,
2507 4152 2562 4203 et
2593 4165 2698 4204 nos
2729 4151 2928 4204 nostra
2962 4150 3303 4206 auctoritate
3334 4152 3580 4223 dignum
3611 4168 3715 4207 an-

2075 4253 2254 4292 nuere
2304 4237 2664 4292 censuimus.
2699 4236 2755 4291 Si
2813 4236 2946 4308 quis
2991 4241 3187 4293 autem
3246 4238 3490 4295 violator
3535 4241 3716 4310 hujus

2074 4324 2258 4380 nostri
2291 4325 2560 4396 praecepti
2600 4325 2905 4394 exstiterit,
2938 4325 3051 4380 nisi
3100 4327 3429 4397 resipuerit,
3463 4343 3566 4382 nec
3599 4343 3716 4382 non

2075 4412 2344 4469 Ecclesiae
2371 4413 2737 4481 satisfecerit,
2754 4414 2900 4469 sciat
2932 4431 2992 4468 se
3021 4414 3338 4485 apostolica
3367 4415 3716 4469 auctoritate

1995 4525 2040 4591 D
2075 4507 2351 4575 perpetuo
2383 4503 2756 4558 anathemate
2809 4519 3182 4574 percussum,
3209 4508 3385 4574 atque
3415 4521 3448 4558 a
3477 4519 3717 4575 corpore

2072 4591 2354 4664 praedictae
2386 4591 2654 4648 Ecclesiae
2688 4591 3321 4663 divisum,diaboloque
3347 4609 3480 4647 cum
3512 4591 3714 4664 impiis

2069 4682 2363 4738 traditum.
2397 4680 2504 4746 Qui
2554 4696 2685 4735 vero
2736 4683 3104 4736 conservator
3151 4685 3207 4735 et
3250 4681 3528 4737 obediens
3574 4680 3714 4736 huic

2069 4775 2278 4826 nostrae
2300 4766 3137 4839 conﬁrmationietapostolicze
3161 4768 3490 4824 auctoritati
3514 4769 3708 4827 fuerit.

2066 4858 2465 4915 benedictione
2495 4862 2551 4912 et
2578 4857 2766 4929 gratia
2799 4857 3216 4928 omnipotentis
3239 4859 3332 4914 Dei
3355 4860 3712 4930 perfruatur,

2049 4952 2123 5003 'et
2150 4947 2301 5002 inter
2331 4961 2610 5018 prospera
2638 4944 2904 5016 humilis,
2938 4951 2994 5000 et
3024 4947 3174 5002 inter
3207 4947 3450 5004 adversa
3482 4953 3717 5005 maneat

2069 5053 2330 5102 securus,
2354 5037 2418 5089 ut
2449 5034 2645 5090 divina
2676 5034 3074 5090 misericordia
3105 5037 3371 5093 munitus
3402 5037 3591 5093 valeat
3611 5053 3719 5110 per

2070 5127 2306 5182 beatum
2357 5123 2592 5179 Petrum
2653 5122 2910 5179 cmlestia
2967 5141 3146 5197 regna
3202 5127 3419 5180 intrare
3475 5134 3529 5181 et
3580 5140 3716 5182 cum

2067 5214 2298 5269 Christo
2324 5212 2384 5267 in
2416 5215 2697 5268 aeternum
2729 5213 3003 5283 gaudere.

2141 5301 2435 5372 Scriptum
2468 5318 2570 5372 per
2600 5317 2810 5358 manus
2859 5301 3161 5373 Octaviani
3201 5301 3491 5358 scriniarii
3524 5305 3577 5359 et
3611 5318 3715 5359 no-

2069 5391 2201 5446 tarii
2232 5389 2381 5444 sacri
2407 5389 2606 5461 palatii
2643 5391 2700 5446 in
2733 5406 2932 5446 mense
2978 5391 3181 5462 Aprili,
3213 5389 3530 5447 indictione
3564 5409 3640 5447 1v.

2145 5479 2357 5536 Datum
2380 5496 2414 5535 v
2436 5479 2824 5534 Kalend.Maii
2847 5479 3040 5533 Romae
3063 5496 3166 5550 per
3186 5480 3717 5538 manusHumberti

2073 5568 2230 5630 card.
2264 5567 2524 5646 episcopi
2570 5572 2782 5629 sanctae
2837 5566 3092 5629 ecclesiae
3140 5567 3304 5627 Silvae
3334 5570 3626 5643 Candidas,
3660 5575 3718 5652 et

3325 5696 3403 5768 $3

3366 5773 3404 5788 »ς
