4138 6186
265 310 416 375 1357

1432 314 1837 379 EPISTULA?
1878 310 1979 375 ET
2022 310 2500 375 DIPLDMATA.

3505 264 3660 385 135D

263 449 396 522 prim
425 445 699 503 utilitatis
730 446 1025 521 stipendia
1055 454 1511 521 consequantur;
1536 450 1662 505 ideo
1686 422 1896 506 conve-
1931 448 1978 514 Α
2014 446 2159 502 mini
2190 447 2351 513 2051,
2382 463 2531 502 anno
2562 446 2731 502 tertio
2782 446 3158 519 pontificatus
3215 447 3432 506 Nicolai
3493 454 3658 527 Papa:

262 537 345 594 ait
372 552 481 593 nos
510 539 627 591 tota
646 537 863 593 mentis
884 536 1216 610 integritate
1238 537 1459 594 eisdem
1472 537 1904 594 venerabilibus

258 625 396 683 locis
424 629 493 680 ut
520 641 586 680 ea
616 640 745 697 quis
776 642 883 682 sua
915 630 1054 682 sunt
1084 624 1345 682 stabilita
1375 630 1758 699 permaneant
1779 644 1905 699 pro-

173 774 177 777 λ
257 714 466 770 videre.
504 714 686 787 Igitur
710 715 851 785 quia
880 713 1078 787 petisti
1110 732 1144 771 a
1165 715 1352 783 nobis,
1405 715 1750 772 charissima
1796 714 1902 784 ﬁli,

258 819 385 860 cum
418 802 695 859 Edwardi
726 804 880 876 regis
939 803 1173 877 legatis,
1222 809 1396 877 atque
1452 804 1661 861 litteris
1718 804 1903 861 nostri

255 890 515 948 videlicet
544 891 740 959 amici,
775 896 840 947 ut
887 909 991 965 pa-
1036 893 1236 950 nostri.
1279 892 1568 966 privilegii
1627 893 1903 966 paginam

256 984 361 1037 tute
392 979 680 1051 Ecclesiae,
710 980 958 1053 tibique,
991 997 1095 1037 nec
1125 998 1241 1037 non
1274 982 1714 1038 successoribus
1760 982 1902 1050 tuis,

258 1068 450 1125 omnia
480 1068 898 1141 perpetualiter
942 1070 1430 1126 conﬁrmaremus
1477 1086 1604 1141 quae
1656 1071 1903 1143 praefata:

256 1156 523 1213 Ecclesiae
544 1157 705 1228 juste
736 1161 793 1213 et
822 1151 1087 1231 legalite'r
1116 1162 1458 1231 competunt
1482 1177 1495 1225 ;
1543 1159 1901 1231 suggestioni

182 1236 187 1242 ’
254 1250 366 1302 tuae
404 1248 701 1318 gratanter
729 1250 1075 1317 annuentes,
1104 1264 1208 1320 per
1235 1247 1416 1317 hujus
1461 1251 1674 1303 nostrae
1734 1264 1901 1304 cons-

254 1334 544 1391 titutionis
590 1335 890 1392 decretum
940 1340 999 1391 et
1053 1335 1389 1408 apostolica:
1449 1336 1606 1392 sedis
1664 1336 1905 1393 liberale

256 1423 506 1481 edictum
539 1424 940 1492 concedimus,
989 1428 1047 1480 et
1107 1424 1527 1481 conﬁrmamus
1574 1426 1703 1491 tibi,
1755 1425 1906 1481 sicut

255 1528 430 1584 supra
458 1512 690 1586 legitur,
727 1512 965 1585 tuisque
1022 1514 1467 1570 successoribus
1528 1514 1750 1570 ibidem
1809 1531 1903 1570 ca-

254 1600 458 1657 nonice
485 1601 896 1674 promovendis
930 1601 988 1657 in
1020 1606 1396 1675 perpetuum,
1447 1619 1700 1675 quaeque
1751 1619 1903 1675 prae-

252 1690 378 1746 fatae
402 1689 666 1747 Ecclesia
696 1691 1012 1763 pertinent,
1046 1695 1166 1747 tam
1199 1708 1326 1764 qua
1373 1692 1905 1764 impraesentiarum

2015 552 2079 605 II,
2114 535 2315 591 indict.
2349 553 2464 591 XIV.

2709 650 2951 706 XXXVI.

2013 741 2257 827 Epic-tota
2276 740 2496 827 {Vicetini
2524 741 2575 822 I]
2626 739 2697 827 qd
2722 739 3060 827 ξάςιυανιίψη
3097 741 3406 827 'Anglorum
3433 760 3656 827 regem.

2084 813 2214 882 Ejus
2242 812 2501 881 pietatem
2532 812 2591 866 in
2619 812 2683 865 Β.
2714 812 2939 866 Petrum
2975 811 3184 881 laudat,
3236 811 3661 889 monasteriaque

2084 884 2145 936 Β.
2182 883 2341 956 Petri
2367 883 2953 937 Westmonasterz'ensz’s
2979 884 3275 954 privilegia
3304 893 3355 941 et
3370 889 3661 956 possessio-

2083 969 2180 1008 nes
2208 954 2514 1024 conﬁrmat.

2636 1042 3036 1112 (Ann01061.)

2404 1130 2637 1201 [ΜΑΝεῃ
2672 1131 2876 1186 Concil.
2909 1130 3050 1197 XIX,
3082 1132 3264 1203 1054.)

2084 1248 2370 1303 NICOLAUS
2403 1247 2736 1318 episcopus,
2772 1264 2974 1302 servus
3021 1264 3319 1304 servorum
3352 1250 3473 1319 Dei,
3506 1246 3657 1324 glo-

2012 1335 2336 1392 riosissimo
2369 1352 2434 1390 ac
2464 1334 3039 1407 piissimo,omnique
3068 1335 3288 1392 honore
3310 1337 3657 1411 dignissimo

2013 1423 2304 1498 spirituali
2337 1440 2569 1495 quoque
2600 1423 2717 1479 ﬁlio
2751 1426 2969 1489 nostro,
3011 1424 3300 1492 Eovmno,
3336 1426 3657 1499 Anglorum

2012 1512 2549 1586 regi,visitationem
2581 1512 3003 1580 omnimodam,
3037 1512 3285 1569 salutem
3318 1512 3660 1574 mellifluam

2013 1607 2071 1659 et
2099 1602 2558 1659 benedictionem
2597 1601 2995 1673 apostolicam.

2084 1690 2483 1762 Omnipotenti
2514 1690 2629 1745 Deo
2662 1689 2970 1745 referimus
3001 1693 3216 1761 grates,
3256 1691 3355 1761 qui
3406 1695 3656 1749 vestram

253 1778 534 1851 possidet,
562 1778 650 1835 vel
682 1779 961 1851 possedit,
990 1783 1048 1835 et
1077 1780 1330 1835 maxime
1371 1780 1709 1853 parochiam
1771 1780 1902 1835 Lin-
1933 1817 1980 1881 B
2014 1779 2538 1853 prudentissimam
2567 1778 2965 1834 excellentiam
2999 1778 3055 1832 in
3102 1778 3378 1835 omnibus
3434 1782 3661 1837 ornavit

252 1866 386 1934 disi,
419 1865 841 1940 ecclesiamque
897 1870 1054 1923 Stov.
1114 1884 1247 1924 cum
1278 1869 1557 1925 Newerca
1589 1873 1646 1925 et
1675 1886 1898 1941 appen-

253 1954 442 2023 diciis,
475 1971 625 2028 quas
654 1955 876 2026 injuste
914 1954 1176 2012 Alvricus
1221 1957 1697 2030 archiepiscopus
1750 1957 1895 2013 Eho-

251 2043 509 2101 racensis
538 2044 773 2115 invasit,
807 2044 891 2101 uti
925 2061 1029 2118 per
1056 2044 1377 2118 legatorum
1413 2049 1745 2102 nostrorum
1777 2045 1897 2101 dic-

250 2136 328 2201 ta,
382 2136 440 2189 et
497 2149 600 2205 per
672 2137 1108 2190 antecessorum
1181 2134 1519 2189 testimonia
1573 2139 1630 2190 et
1682 2134 1900 2207 scripta

253 2223 618 2295 agnovimus,
660 2239 839 2294 quam
869 2239 995 2294 quas
1028 2223 1086 2278 in
1122 2224 1322 2279 futuro
1350 2239 1701 2295 quocunque
1726 2223 1897 2279 modo

249 2310 464 2367 divinis
494 2314 551 2367 et
577 2310 858 2368 humanis
887 2311 1116 2384 legibus
1147 2312 1447 2384 acquirere
1477 2311 1708 2383 poterit,
1744 2310 1898 2367 scili-

248 2404 338 2456 cet
366 2399 789 2473 praanominata
820 2399 1088 2467 Ecclesia,
1121 2416 1255 2456 cum
1296 2399 1569 2455 omnibus
1620 2400 1796 2455 rebus
1846 2402 1903 2455 et

252 2488 730 2561 possessionibus
744 2488 867 2545 suis
890 2505 955 2545 ac
980 2488 1347 2561 pertinentiis
1374 2488 1691 2544 mobilibus
1712 2493 1767 2543 et
1788 2488 1898 2543 im-

251 2577 595 2644 mobilibus,
620 2593 867 2651 seseque
896 2577 1287 2645 moventibus,
1320 2577 1523 2633 castris
1555 2577 1902 2650 scilicet,ca-

249 2665 354 2734 sis,
385 2664 561 2734 villis,
591 2664 920 2732 territoriis,
967 2655 1251 2734 ecclesiis,
1304 2683 1438 2721 cum
1497 2666 1794 2738 primitiis,
1844 2669 1903 2721 et

250 2754 909 2821 decimationibus,cum
940 2754 1216 2810 omnibus
1248 2770 1483 2826 quoque
1515 2770 1642 2825 quae
1674 2755 1770 2826 pia
1801 2755 1899 2810 de-

247 2842 405 2899 votio
436 2843 700 2899 ﬁdelium
753 2843 937 2899 sacris
986 2842 1234 2898 contulit
1274 2842 1411 2909 sibi,
1455 2841 1543 2898 vel
1595 2842 1905 2898 contulerit

251 2930 671 2999 oblationibus,
702 2948 805 3003 pro
836 2930 1025 2987 salute
1048 2930 1309 2987 vivorum
1343 2936 1517 3003 atque
1538 2930 1713 2986 etiam
1748 2947 1900 2986 mor-

249 3021 856 3076 tuorum.Statuentes
887 3037 990 3092 per
1018 3019 1197 3092 hujus
1226 3024 1433 3075 nostrae
1467 3018 1795 3091 apostolicae
1820 3036 1903 3075 se-

248 3108 367 3174 dis,
395 3107 513 3175 cui,
544 3107 658 3163 Deo
702 3112 956 3175 auctore,
1009 3106 1412 3179 prsesidemus,
1469 3106 1899 3174 auctoritatem,

2009 1873 2065 1925 et
2096 1868 2387 1924 decoravit
2415 1883 2553 1940 erga
2575 1867 2811 1922 beatum
2832 1867 3070 1923 Petrum
3086 1867 3480 1938 apostolorum
3502 1870 3660 1941 prin-

2009 1958 2216 2029 cipem,
2251 1959 2307 2012 et
2328 1956 2637 2011 nobiscum
2669 1955 2883 2011 habere
2913 1954 3370 2024 dﬂectionem,et
3390 1956 3450 2011 in
3475 1958 3661 2013 omnia

2008 2046 2119 2101 bus
2151 2043 2432 2118 apostolis
2463 2043 2789 2100 consentire
2839 2043 3122 2099 censuris.
3181 2044 3422 2101 Litteras
3479 2046 3660 2119 igitur

2004 2138 2206 2190 vestrae
2246 2132 2533 2189 nobilitati
2567 2132 3046 2200 transmittimus,
3078 2136 3135 2187 et
3163 2149 3266 2204 per
3293 2151 3390 2189 eas
3410 2134 3659 2191 societa-

2006 2227 2123 2279 tem
2153 2226 2493 2278 sanctorum
2538 2220 2934 2293 apostolorum
2969 2225 3024 2275 et
3054 2226 3314 2277 nostram
3344 2223 3508 2279 vobis
3557 2224 3659 2280 da—

2007 2328 2160 2378 mus,
2196 2316 2435 2367 orantes
2468 2309 2931 2366 misericordiam
2959 2308 3121 2365 illius
3145 2311 3245 2382 qui
3269 2315 3355 2365 est
3374 2312 3661 2369 Dominus

2011 2400 2364 2465 omnium,et
2396 2415 2495 2453 rex
2526 2415 2701 2469 super
2730 2397 2927 2453 omnia
2958 2396 3140 2461 solus,
3160 2403 3225 2453 ut
3254 2398 3379 2471 ipse
3409 2417 3511 2456 vos
3533 2417 3662 2473 par-

2008 2487 2249 2560 ticipem
2283 2487 2454 2543 faciat
2486 2504 2553 2543 ex
2584 2486 2935 2552 omnibus,si
2969 2503 3086 2558 qua
3118 2491 3259 2542 sunt
3291 2505 3486 2543 coram
3518 2489 3655 2558 Deo,

2009 2577 2181 2632 bonis
2213 2576 2488 2649 operibus
2520 2576 2765 2631 nostris:
2799 2579 2856 2629 et
2885 2576 3091 2629 fratres
3122 2592 3249 2643 nos,
3284 2593 3351 2631 ac
3382 2578 3570 2633 socios
3599 2578 3660 2632 in

2011 2682 2118 2721 sua
2153 2664 2463 2720 dilectione
2494 2663 2813 2719 constituat
2842 2662 2898 2717 in
2932 2664 3090 2717 omni
3125 2666 3383 2734 tempore
3405 2665 3663 2736 amplius

2012 2770 2078 2809 ac
2110 2770 2226 2809 non
2261 2753 2543 2809 minorem
2579 2757 2801 2824 partem
2838 2752 3022 2806 nostri
3072 2752 3333 2824 obsequii
3374 2754 3538 2809 vobis
3570 2771 3660 2810 re-

2012 2842 2314 2915 consignet
2345 2841 2402 2896 in
2435 2857 2540 2896 suo
2571 2856 2955 2913 regno,quam
2988 2840 3427 2912 nobismetipsis
3457 2859 3659 2915 proves

2011 2930 2137 2987 nire
2159 2930 2691 3003 optamus.Erimus
2714 2929 2885 2984 etiam
2912 2928 3187 3001 deinceps
3218 2946 3321 3001 pro
3342 2930 3507 2986 vobis
3529 2932 3657 2988 sine

2012 3020 2189 3075 dubio
2222 3024 2453 3075 orantes
2486 3018 2741 3084 assidue,
2767 3022 2832 3071 ut
2853 3017 2978 3089 ipse
3007 3016 3163 3071 Deus
3188 3018 3351 3074 vobis
3381 3020 3659 3090 subjiciat

2010 3107 2209 3163 hostes
2240 3112 2295 3163 et
2318 3106 2589 3162 inimicos
2622 3105 2722 3177 qui
2754 3111 2953 3161 contra
2982 3122 3083 3160 vos
3114 3105 3405 3162 voluerint
3462 3108 3656 3165 insur-

246 3201 308 3252 et
339 3195 530 3252 nostri
559 3196 729 3252 edicti
758 3195 1154 3251 inviolabilem
1188 3195 1685 3263 constitutionem,
1718 3198 1783 3249 ut
1804 3212 1897 3251 ne-
1928 3180 1971 3246 C
2008 3212 2163 3268 gere,
2201 3200 2258 3251 et
2290 3195 2594 3251 confirmet
2621 3210 2721 3249 vos
2754 3194 2810 3248 in
2843 3197 3081 3266 paterno
3120 3193 3265 3249 solio
3312 3201 3369 3250 et
3424 3198 3661 3269 propria

244 3301 363 3358 que
392 3301 514 3353 rex,
547 3301 734 3358 neque
762 3284 1260 3357 archiepiscopus,
1284 3284 1403 3339 sive
1434 3284 1570 3351 dux,
1592 3285 1711 3339 sive
1745 3299 1909 3338 mar-

242 3373 411 3440 chio,
445 3390 557 3429 seu
590 3377 915 3444 comes,aut
942 3373 1395 3440 vicecomes,nec
1417 3370 1531 3427 alia
1561 3371 1679 3427 sive
1700 3387 1913 3444 magna

241 3462 372 3520 sive
395 3479 572 3534 parva
602 3479 853 3535 persona
874 3463 1275 3534 cujuscunque
1293 3461 1597 3534 dignitatis
1627 3460 1716 3515 vel
1756 3460 1911 3517 ordi-

241 3552 368 3617 nis,
395 3555 599 3607 contra
618 3551 725 3607 hoc
748 3556 1013 3608 nostrum
1037 3549 1403 3623 privilegium
1438 3554 1753 3622 praesumat
1769 3566 1915 3621 pra:-

242 3640 434 3697 fatam
455 3638 796 3708 Ecclesiam,
845 3643 947 3695 aut
965 3648 1041 3707 te,
1063 3638 1409 3696 charissima
1431 3639 1914 3704 confrater,tuos-

245 3744 371 3801 que
398 3728 462 3784 in
496 3732 841 3800 perpetuum
873 3743 1239 3785 successores
1270 3727 1341 3782 de
1384 3727 1567 3784 bonis.
1587 3726 1711 3782 suis
1747 3726 1909 3782 dein-

252 3817 601 3883 vestire,aut
631 3816 1084 3889 inquietare,aut
1107 3815 1329 3889 aliquid
1354 3815 1433 3871 ibi
1457 3821 1657 3872 contra
1679 3820 1915 3872 sanctos

262 3920 525 3962 canones
554 3904 1019 3971 constituere,vel
1051 3905 1322 3961 ordinare
1346 3905 1465 3974 ;sed
1499 3905 1581 3960 ita
1609 3904 1763 3960 sicut
1779 3921 1916 3977 prae-

256 3994 424 4050 dicta
465 3993 747 4064 Ecclesia,
779 4010 904 4066 quae
945 3994 1139 4049 omnia
1191 3992 1644 4065 praelibavimus,
1706 3991 1916 4048 melius

254 4082 570 4137 ﬁrmiusve
598 4099 633 4137 a
662 4099 778 4138 suae
812 4080 1249 4139 constitutionis
1282 4080 1448 4136 initio
1471 4081 1915 4150 tenuit,teneas,

260 4169 840 4244 possideasque,tam
870 4176 934 4227 tu
959 4187 1136 4243 quam
1158 4186 1527 4226 successores
1548 4168 1635 4224 tui
1657 4169 1766 4224 sub
1789 4186 1918 4223 con-

256 4258 594 4316 stitutionis
624 4260 801 4330 hujus
831 4260 1046 4332 pagina
1074 4265 1131 4315 et
1163 4258 1482 4332 apostolica
1511 4258 1832 4314 sanctione.
1859 4256 1917 4313 Si

257 4347 405 4420 quis
434 4346 635 4420 igitur,
669 4348 825 4420 quod
858 4365 971 4403 non
1004 4347 1313 4419 Optamus!
1347 4352 1549 4402 contra
1596 4346 1701 4401 hoc
1736 4345 1917 4401 nostri

251 4434 843 4509 privilegiumvenire
876 4436 1202 4506 tentaverit,
1220 4439 1278 4491 et
1301 4435 1470 4490 sicuti
1500 4435 1569 4489 ab
1602 4434 1921 4505 apostolica

258 4522 619 4581 auctoritate
648 4527 1002 4596 praeceptum
1028 4540 1093 4579 ac
1116 4524 1553 4580 corroboratum
1577 4526 1667 4579 est
1691 4539 1918 4595 perma-
1950 4545 1996 4609 Β

256 4627 409 4669 nere
442 4629 556 4668 non
589 4611 904 4680 dimiserit,
947 4611 1094 4667 sciat
1141 4628 1203 4668 se
1256 4611 1648 4668 anathematis
1690 4611 1921 4667 vinculo

260 4701 646 4767 innodatum,
676 4705 734 4757 et
762 4718 896 4757 cum
924 4701 1079 4757 Juda
1128 4700 1426 4767 traditore,
1482 4704 1538 4756 et
1589 4700 1810 4755 Dathan
1866 4705 1931 4756 et

255 4790 491 4846 Abiron
521 4793 745 4862 partem
776 4789 1139 4860 habere,nisi
1162 4790 1306 4845 forte
1336 4788 1731 4861 resipuerit,et
1753 4789 1928 4862 digne

255 4877 753 4942 satisfecerit.Qui
782 4895 915 4934 vero
946 4878 1040 4951 pio
1071 4877 1290 4933 intuitu
1323 4878 1383 4932 in
1415 4877 1691 4933 omnibus
1721 4879 1918 4933 obser-

256 4969 441 5023 vator
469 4966 783 5035 exstiterit,
848 4967 1187 5023 custodiens
1217 4966 1395 5037 hujus
1437 4964 1722 5038 privilegii
1754 4964 1934 5021 nostri

264 5054 701 5124 constituta,ad
724 5055 947 5111 cultum
979 5054 1078 5111 Dei
1111 5053 1934 5127 respicientis,benedictionis

265 5143 597 5217 gratiama
646 5144 1199 5201 misericordissimo
1257 5142 1506 5200 Domino
1566 5142 1682 5199 Deo
1739 5145 1936 5198 nostro

269 5236 701 5306 consequatur,
734 5236 791 5291 et
816 5234 945 5289 vita:
976 5237 1199 5290 aeternae
1231 5232 1522 5305 particeps
1554 5231 1679 5287 fieri
1717 5248 1935 5288 merea-

272 5327 408 5381 tur.

358 5502 493 5560 Dat.
527 5519 563 5557 v
590 5501 713 5559 Non
746 5502 881 5559 Maii
911 5516 1016 5576 per
1066 5518 1277 5558 manus
1323 5498 1624 5567 Bernardi,
1684 5500 1941 5574 episcOpi

279 5591 348 5656 8.
374 5589 643 5654 Ecclesia
676 5591 1048 5664 Penestrinte,
1082 5607 1234 5649 anno
1264 5590 1338 5648 ab
1385 5588 1790 5648 Incaruatione
1829 5589 1942 5650 Do-

2018 3284 2373 3340 haereditate.
2406 3288 2481 3338 At
2510 3283 2716 3337 beatus
2746 3282 2950 3337 Petrus
2982 3282 3056 3337 sit
3070 3282 3234 3338 vobis
3265 3288 3464 3341 custos
3494 3289 3551 3340 et
3564 3288 3662 3342 ad-

2012 3374 2175 3444 jutor
2205 3389 2435 3444 semper
2462 3372 2521 3426 in
2553 3372 2711 3426 omni
2734 3369 3326 3427 tribulationeZClaret
3355 3374 3511 3429 enim
3543 3380 3662 3432 An-

2020 3461 2251 3535 glorum
2282 3477 2446 3534 reges
2478 3477 2579 3533 pro
2628 3460 2949 3516 reverentia
2971 3464 3026 3515 et
3047 3460 3346 3517 devotione
3370 3479 3548 3533 quam
3566 3480 3663 3521 ex-

2020 3551 2340 3607 hibuerunt
2368 3551 2535 3606 beato
2567 3548 2947 3622 Petro,gloria
2976 3552 3033 3604 et
3061 3548 3280 3605 honore
3304 3550 3666 3620 ﬂoruisse,ac

2023 3639 2210 3712 ipsius
2253 3638 2570 3711 patrocinio
2623 3639 2879 3693 famosos
2929 3637 3260 3709 triumphos
3307 3639 3665 3696 obtinuisse:

2023 3729 2194 3799 cujus
2221 3727 2375 3784 beati
2406 3726 2653 3800 apostoli
2685 3725 2933 3792 meritis,
2959 3728 3150 3780 vestro
3173 3725 3463 3782 desiderio
3495 3731 3551 3782 et
3569 3744 3667 3784 vo-

2022 3817 2231 3873 luntati
2259 3815 2629 3887 omnipotens
2658 3815 2812 3869 Deus
2836 3817 3066 3885 praestet
3085 3813 3440 3882 effectum,et
3458 3816 3667 3872 conﬁr-

2027 3909 2147 3962 met
2175 3905 2339 3960 vobis
2370 3904 2593 3975 paterni
2626 3901 2786 3973 regni
2822 3902 3158 3974 imperium,
3192 3905 3247 3958 et
3269 3902 3490 3960 tribuat
3509 3904 3669 3978 pacis

2025 3996 2484 4049 incrementum:
2519 3995 2576 4046 et
2625 3994 2755 4062 post
2803 3990 3106 4061 prmscntis
3160 3991 3288 4046 vita:
3330 3992 3668 4052 decurs'um.

2027 4082 2305 4155 perducat
2325 4080 2395 4135 ad
2410 4083 2694 4135 aeternum
2718 4080 3114 4151 permanentis
3143 4079 3670 4155 gloriaeimperium

2026 4176 2394 4227 Renovamus
2424 4185 2581 4241 ergo,
2611 4173 2671 4224 et
2696 4169 3138 4239 conﬁrmamus,
3169 4188 3236 4226 ac
3266 4189 3551 4245 augemus
3574 4191 3671 4230 vo-

2029 4260 2118 4314 bis
2153 4258 2453 4331 privilcgia
2498 4261 2709 4326 vestra,
2767 4257 2988 4314 scilicet
3021 4263 3083 4313 ut
3122 4259 3373 4314 absoluti
3429 4262 3560 4316 sitis
3599 4263 3671 4318 ab

2026 4347 2125 4403 illo
2156 4352 2287 4402 voto
2317 4348 2471 4418 quod
2503 4346 2822 4414 timebatis,
2857 4351 2913 4402 et
2942 4348 3013 4402 ab
3046 4347 3333 4416 omnibus
3363 4349 3492 4403 aliis
3541 4366 3672 4421 pec-

2029 4435 2173 4492 catis
2203 4441 2258 4491 et
2288 4434 2697 4507 iniquitatibus
2727 4435 2953 4502 vestris,
2987 4436 3335 4491 auctoritate
3386 4436 3543 4493 illius
3574 4438 3675 4510 qui

2031 4542 2145 4593 me,
2179 4523 2313 4579 licet
2343 4523 2674 4596 indignum,
2708 4540 2826 4578 suae
2861 4528 3064 4578 sancta
3092 4539 3340 4594 prmesse
3363 4524 3547 4580 voluit
3574 4526 3674 4582 Ec-

2032 4614 2240 4670 clesim.
2274 4611 2556 4668 Praeterea
2584 4611 2670 4666 illi
2703 4610 2847 4677 loco,
2882 4627 3055 4682 quem
3089 4611 3199 4666 sub
3231 4613 3463 4668 nomine
3508 4631 3681 4671 sanc-

2038 4707 2109 4758 tae
2134 4700 2483 4774 pmnitentiae
2515 4700 2989 4754 constituendum
3016 4703 3076 4753 et
3103 4699 3528 4758 meliorandum
3558 4721 3685 4760 sus-

2041 4791 2301 4862 cepistis,
2332 4788 2630 4861 quoniam,
2664 4792 2727 4841 ut
2757 4788 3156 4858 fertur,primo
3189 4789 3514 4862 antiquitus
3547 4810 3684 4850 con-

2042 4879 2423 4936 secrationem
2454 4893 2488 4931 a
2516 4878 2684 4932 beato
2705 4875 2871 4931 Petro
2904 4877 3143 4948 accepit,
3176 4878 3510 4948 cujus,licet
3538 4882 3688 4938 indi-

2044 4967 2164 5041 gni,
2197 4966 2391 5022 vicarii
2429 4981 2659 5033 sumus,
2692 4968 2749 5019 et
2781 4964 2921 5035 quia
2951 4966 3111 5037 regia
3160 4967 3488 5039 antiquitus
3518 4972 3688 5026 sedes

2044 5060 2151 5124 est,
2184 5072 2253 5112 ex
2279 5048 2619 5111 auctoritate
2646 5053 2747 5107 Dei
2779 5058 2841 5115 et.
2890 5064 3229 5110 sanctorum
3263 5057 3683 5127 apostolorum,

2046 5149 2222 5217 atque
2250 5145 2428 5215 hujus
2458 5148 2730 5198 Romanis
2762 5142 2943 5210 sedis,
2975 5148 3033 5198 et
3064 5146 3687 5215 nostra,concedimus,

2046 5229 3690 5307 permittimus,etsolidissimaconfirmamus,utamplius

2048 5323 2106 5379 in
2138 5326 2485 5395 perpetuum
2517 5320 2684 5393 regiae
2706 5320 3144 5376 constitutionis
3168 5325 3224 5376 et
3236 5323 3692 5382 consecrationis

2046 5409 2212 5466 locus
2237 5409 2333 5474 sit,
2366 5412 2542 5479 atque
2572 5405 2979 5479 repositorium
3030 5404 3315 5478 regalium
3350 5407 3691 5482 insignium,

2051 5503 2106 5555 et
2130 5496 2407 5553 habitatio
2428 5500 2705 5569 perpetua
2729 5494 3272 5566 monachorum,qui
3299 5497 3695 5556 nulliomnino

2054 5600 2313 5669 personae
2338 5582 2454 5642 nisi
2485 5582 2605 5661 regi
2637 5583 2988 5657 subdantur,
3038 5582 3409 5665 habeantque
3438 5572 3694 5663 potesta.
