4138 6186
267 346 416 415 1361

1437 351 1841 417 ΕΡῙδΤΟΙΑΕ
1883 353 1984 416 E'l‘
2025 348 2505 417 DIPLOMATA.

3510 345 3673 420 1362

265 499 444 560 quem
472 498 588 542 non
621 480 748 544 sine
776 485 1096 546 multorum
1128 486 1513 558 admiratione
1558 493 1787 545 tantum
1819 489 1906 545 in-
1937 487 2361 561 A'cooperator
2381 487 2649 546 existam.
2669 485 2879 547 Dicant
2901 484 3216 547 adversarii
3238 485 3700 562 quantumlibet-

263 574 594 633 horruerat.
625 575 855 634 Gratias
899 576 1286 634 nihilominus
1313 595 1420 651 ago
1442 583 1648 636 vestra:
1678 578 1913 635 humili-

263 664 369 722 tati
402 665 606 736 [Forte,
640 665 992 724 huManitati.
1026 668 1265 739 Huan.]:
1314 684 1440 740 qua:
1489 673 1710 741 quanta
1755 669 1913 741 prin-

263 753 454 827 cipem
487 758 545 810 et
573 760 868 826 pastorem
895 760 1107 813 sanctae
1131 758 1404 813 Romanae
1426 757 1695 814 Ecclesiae
1719 758 1913 813 decuit

261 843 645 916 benignitate,
676 851 908 902 nostros
925 846 1146 919 legatos
1178 864 1352 902 sanos
1384 847 1627 920 accepit,
1649 847 1915 903 infirmos

260 932 538 999 visitavit,
571 938 835 990 mortuos
882 935 1168 1007 sepelivit.
1204 935 1328 991 Etsi
1360 935 1514 990 enim
1549 936 1651 990 uni
1681 940 1912 991 tantum

262 1021 416 1094 apud
448 1039 550 1077 vos
580 1021 872 1080 infirmato
893 1028 952 1078 et
975 1028 1204 1079 mortuo
1229 1023 1350 1079 haec
1374 1023 1723 1078 visitationis
1747 1027 1800 1079 et
1823 1040 1911 1079 se-

261 1109 513 1182 pultura;
543 1110 755 1166 solatia
784 1111 1179 1184 impendistis,
1211 1112 1269 1166 in
1304 1130 1418 1167 uno
1450 1117 1644 1167 tamen
1678 1116 1912 1168 caeteros

258 1198 567 1265 visitastis,
593 1204 832 1257 caateros
864 1201 1178 1273 sepelistis.
1212 1200 1314 1257 Cui
1348 1218 1463 1257 non
1496 1218 1601 1273 ego
1632 1201 1731 1273 qui
1766 1201 1910 1256 nihil

261 1304 417 1356 sum,
441 1289 543 1344 sed
563 1292 684 1344 tota
714 1289 1020 1346 Bernensis
1040 1289 1304 1357 ecclesia,
1331 1290 1493 1346 bonae
1517 1291 1910 1346 conversatio-

261 1375 356 1434 nis
368 1377 774 1434 testimonium
789 1377 1910 1450 perhibet.Cujusobitum,c;nterorum-

261 1481 396 1538 que,
429 1465 530 1537 qui
562 1482 708 1537 pene
739 1482 943 1522 omnes
975 1466 1263 1533 obierunt,
1293 1467 1558 1533 audiens,
1586 1467 1910 1523 incredibili

257 1553 502 1610 tristitia
526 1571 661 1610 sum
690 1555 950 1621 affectus,
985 1571 1090 1611 nec
1112 1572 1372 1627 unquam
1396 1573 1509 1611 non
1531 1555 1724 1612 odisse
1750 1555 1909 1612 valeo

257 1641 432 1698 illum
464 1643 630 1713 cujus
655 1643 938 1715 superbia
979 1645 1037 1699 id
1079 1645 1268 1700 effecit
1299 1649 1362 1699 ut
1391 1645 1487 1699 isti
1521 1645 1909 1701 mitterentur.

257 1731 321 1788 Si
353 1730 513 1786 enim
547 1731 778 1804 qualem
811 1732 1135 1789 existimavi
1169 1733 1424 1805 legatum
1461 1732 1776 1800 misissem,
1812 1734 1909 1789 isti

258 1835 368 1876 nec
388 1819 782 1886 mitterentur,
806 1837 910 1877 nec
935 1822 1179 1878 fortasse
1203 1826 1569 1878 morerentur
1596 1839 1607 1877 :
1642 1823 1794 1894 quod
1821 1839 1911 1878 ve-
1942 1863 1989 1927 B

259 1913 382 1964 stra
411 1909 725 1981 prudentia
755 1909 973 1982 optime
995 1911 1376 1982 recognoscit.
1413 1911 1694 1968 Praeterea
1725 1911 1910 1966 multo

257 1997 668 2071 graviorangit
683 2015 774 2054 me
797 1998 1038 2054 tristitia
1057 1999 1128 2054 de
1142 1999 1303 2054 obitu
1329 1999 1550 2055 domini
1575 2001 1909 2073 regis,quod

257 2086 438 2142 etiam
466 2091 719 2142 vestram
753 2104 869 2143 non
918 2086 1058 2142 latet
1089 2088 1482 2159 prudentiam.
1534 2089 1708 2144 Scitis
1752 2090 1909 2144 enim

258 2177 550 2247 quantum
581 2175 840 2231 infrenes
865 2179 919 2231 et
950 2176 1220 2231 indomiti
1251 2181 1390 2231 sunt
1420 2181 1732 2244 nostrates,
1767 2195 1908 2249 quo-

257 2280 393 2320 rum
424 2264 769 2320 divisionem
820 2264 997 2320 timeo
1031 2265 1193 2337 regni
1227 2265 1409 2321 nostri
1443 2267 1562 2321 fore
1597 2265 1909 2322 desolatio-

258 2369 416 2410 nem.
449 2353 535 2408 Ad
558 2369 735 2426 quam
764 2353 1116 2419 evitandum,
1143 2357 1402 2409 vestrum
1432 2354 1576 2410 mihi
1599 2355 1908 2411 consilium

255 2446 316 2498 et
327 2441 612 2498 auxilium
627 2440 846 2513 ﬂagito,
870 2458 996 2513 quae
1021 2441 1172 2497 nulli
1191 2459 1370 2515 regno
1388 2447 1581 2515 utpote
1606 2447 1769 2514 pater
1790 2461 1910 2500 om-

256 2529 665 2602 nium,negare
679 2531 1294 2603 poteritis,prazsertim
1312 2547 1380 2586 cu
1392 2549 1447 2586 m
1463 2535 1660 2586 nostro
1676 2549 1908 2606 semper

257 2618 521 2675 debeatis
549 2619 702 2690 quod
738 2619 943 2690 optimi
966 2619 1071 2674 viri
1095 2621 1294 2692 patria:
1315 2621 1507 2676 deberi
1533 2627 1904 2677 censuerunt.

256 2697 342 2765 Die
369 2712 562 2764 vestro
593 2709 845 2764 adventu
880 2707 934 2762 in
959 2713 1220 2764 nostram
1250 2709 1497 2765 Galliam
1530 2710 1673 2782 quid
1725 2711 1906 2766 animi

253 2797 586 2864 habuerim,
610 2797 838 2853 vivente
860 2797 1098 2854 domino
1125 2797 1420 2871 rege,licet
1438 2799 1775 2855 diffamatus
1796 2800 1908 2856 sim

254 2887 319 2943 id
351 2885 628 2954 noluisse,
663 2886 828 2954 satis,
864 2889 928 2941 ut
976 2890 1136 2958 puto,
1199 2887 1521 2959 significavi
1572 2889 1908 2960 paternitati

256 2980 498 3043 vestrae;
533 2980 591 3031 et
620 2991 774 3030 nunc
808 2975 866 3030 in
899 2991 965 3031 eo
996 2976 1048 3031 is
1080 2976 1224 3031 mihi
1258 2977 1494 3032 animus
1524 2980 1632 3045 est,
1677 2982 1792 3032 Deo
1823 2981 1907 3032 te-

257 3067 471 3133 stante,
496 3069 562 3120 ut
579 3080 694 3120 non
714 3068 944 3119 tantum
960 3079 1096 3120 eum
1119 3064 1466 3130 desiderem,
1490 3066 1589 3121 sed
1618 3065 1908 3132 etsitiam,

255 3155 345 3209 ita
373 3158 441 3208 ut
465 3153 791 3209 venientem
837 3152 1243 3209 auctoritatem
1274 3158 1528 3210 vestram
1578 3171 1713 3209 cum
1744 3157 1904 3210 tanto

254 3241 476 3318 gaudio
507 3245 561 3298 et
587 3241 806 3297 honore
837 3241 1178 3314 suscipiam,
1209 3248 1426 3315 quanto
1457 3244 1622 3298 decet
1652 3243 1802 3298 Petri
1827 3244 1905 3298 vi-
1936 3241 1979 3306 C
2078 3303 2082 3307 η

249 3331 484 3388 carium
515 3331 756 3403 suscipi,
789 3335 844 3385 et
897 3331 1226 3403 apostolicae
1258 3347 1516 3388 censurae
1562 3349 1663 3403 per
1710 3331 1908 3387 omnia

2023 593 2117 634 me
2129 576 2422 634 infidelem
2435 583 2492 636 et
2513 577 2786 636 rebellem
2800 576 3169 652 magistratui
3182 581 3390 647 vestro;
3415 593 3522 652 ego
3533 578 3674 636 sub-

2013 665 2333 738 jectionem
2363 683 2555 723 meam
2575 668 2744 724 vobis
2763 669 3069 740 proﬁteor;
3094 671 3149 724 et
3179 667 3521 740 quicunque
3539 683 3669 725 eam

2021 755 2186 810 vobis
2219 756 2573 829 negaverint,
2609 757 2927 829 cujuslibet
2949 756 3170 813 ordinis
3188 756 3324 828 sint,
3351 755 3494 812 mihi
3519 768 3673 813 com-

2023 845 2325 902 municare
2359 863 2472 901 non
2507 850 2803 918 poterunt.
2830 845 3183 920 Obloquitur
3210 846 3386 902 etiam
3410 846 3674 903 adversa-

2022 933 2127 988 riis
2149 932 2250 992 illa
2269 933 2806 1006 obedientia,quam
2829 936 2958 992 sine
2972 934 3133 991 omni
3152 939 3416 1007 respectu
3429 945 3680 1008 suspen~

2023 1021 2202 1077 sionis
2223 1022 2586 1079 etinterdicti
2602 1023 2775 1080 vestri
2791 1027 3153 1091 conservant,
3169 1040 3284 1079 non
3308 1025 3436 1080 sine
3456 1039 3670 1098 magno
3689 1056 3694 1061 ~

2022 1111 2238 1165 damno
2265 1111 2658 1166 Ecclesiarum
2682 1116 3018 1168 nostrarum
3045 1116 3102 1169 et
3124 1116 3342 1168 nostro.
3365 1113 3674 1186 Impedivit

2022 1214 2256 1270 quoque
2287 1215 2484 1254 meum
2511 1216 2648 1271 erga
2675 1217 2775 1255 vos
2808 1199 3158 1257 famulatum
3190 1199 3290 1256 illa
3335 1203 3668 1275 suspensio.

2021 1287 2108 1342 Ad
2137 1288 2290 1358 quod
2319 1288 2790 1355 restaurandum,
2824 1289 2977 1345 sicut
3007 1305 3352 1362 recuperare
3392 1290 3688 1362 possibile

2021 1379 2130 1440 est,
2159 1375 2209 1430 si
2240 1377 2320 1430 ita
2351 1375 2423 1430 ad
2455 1379 2659 1431 caetera
2711 1376 3163 1449 redintegranda
3207 1376 3418 1434 saltem
3471 1377 3672 1451 aliqua

2023 1480 2156 1536 spes
2187 1467 2451 1531 restaret,
2477 1465 2548 1520 de
2569 1468 2729 1519 tanto
2753 1463 2970 1531 dolore,
2998 1466 3166 1537 quasi
3190 1466 3261 1522 de
3281 1466 3440 1539 gravi
3463 1468 3669 1524 somno

2020 1569 2411 1626 resurgerem.
2445 1553 2548 1609 Est
2569 1553 2728 1609 enim
2755 1552 2899 1608 mihi
2925 1553 3178 1622 animus,
3204 1570 3308 1610 nec
3339 1554 3581 1627 despero
3611 1551 3671 1610 id

2019 1642 2308 1709 futurum,
2341 1659 2475 1697 cum
2505 1641 2720 1714 gaudio
2760 1646 2934 1714 atque
2964 1642 3284 1699 reverentia
3315 1643 3674 1715 quandoque

2020 1730 2414 1803 apostolatum
2435 1735 2696 1786 vestrum
2715 1730 3034 1803 suscipere,
3058 1734 3410 1803 tantumque
3429 1730 3671 1789 honoris

2018 1819 2184 1875 vobis
2217 1820 2578 1892 impendere,
2597 1824 2885 1896 quantum
2909 1836 3168 1891 personas
3195 1824 3252 1875 et
3270 1819 3462 1876 ofﬁcio
3476 1823 3686 1876 vestro

2020 1909 2325 1964 convenire
2355 1909 2734 1964 manifestum
2767 1911 2874 1964 est.
2907 1908 3021 1964 Nec
3058 1907 3275 1964 nostris
3306 1907 3671 1981 temporibus

2020 1997 2222 2066 fuisse,
2255 1997 2341 2053 vel
2374 1999 2641 2054 futurum
2673 2014 2802 2054 esse
2850 1996 2911 2052 in
2968 2001 3162 2052 vestra
3219 1997 3357 2054 sede
3410 1995 3669 2068 aliquem

2018 2087 2211 2155 credo,
2246 2103 2417 2159 quem
2468 2087 2761 2159 copiosius
2807 2086 3091 2141 honorare
3121 2084 3472 2142 desiderem.
3519 2085 3668 2141 Nam

2019 2176 2119 2248 qui
2144 2192 2248 2231 nos
2271 2175 2354 2232 sic
2377 2175 2709 2232 honorastis
2731 2173 3041 2247 prudentia
3059 2179 3112 2230 et
3133 2173 3666 2244 sanctitatevestra,

2017 2269 2084 2320 ut
2105 2265 2176 2320 de
2199 2281 2375 2338 regno
2397 2269 2596 2321 nostro
2615 2265 2801 2320 Roma
2824 2263 3264 2336 eligeret,quem
3288 2262 3402 2318 sibi
3423 2267 3479 2317 et
3501 2262 3670 2319 mun-

2019 2354 2092 2409 do
2122 2358 2301 2425 caput
2331 2353 2661 2409 ordinaret:
2719 2369 2825 2408 nos
2863 2367 3099 2423 quoque
3129 2355 3291 2406 tanto
3320 2350 3539 2407 honore
3564 2367 3671 2407 vos

2020 2443 2356 2515 dignamur,
2391 2446 2611 2514 quanto
2640 2441 2926 2496 Dominus
2970 2443 3166 2496 noster
3201 2439 3376 2495 Jesus
3403 2437 3694 2496 Christus;

2019 2531 2252 2586 Petrum
2271 2531 2584 2598 decoravit,
2610 2529 2705 2586 ubi
2731 2529 3000 2585 Ecclesiae
3023 2527 3354 2600 principatu
3374 2525 3542 2600 illum
3563 2531 3669 2584 eu:

2019 2619 2302 2676 blimavit.
2319 2620 2605 2676 Dominus
2628 2619 3000 2691 omnipotens
3018 2618 3391 2674 sanctitatem
3415 2617 3680 2674 vestram

2018 2709 2090 2764 ad
2126 2708 2434 2765 utilitatem
2462 2712 2678 2764 sanctas
2702 2706 2967 2764 Ecclesiae
2989 2705 3324 2761 diutissime
3342 2709 3667 2772 conservet,

2019 2803 2075 2854 et
2095 2803 2314 2854 avertat
2333 2815 2368 2854 a
2384 2797 2696 2870 prudentia
2714 2800 2925 2861 vestra,
2951 2811 3024 2850 ne
3044 2794 3295 2865 alicujus
3316 2792 3666 2849 levissermo

2017 2888 2264 2960 gratiam
2294 2892 2546 2942 vestram
2571 2885 2737 2950 mihi,
2762 2902 2902 2941 neve
2923 2883 3226 2941 servitium
3249 2886 3305 2939 et
3325 2879 3663 2940 fidelitatem

2018 2992 2209 3032 meam
2240 2977 2405 3032 vobis
2436 2975 2680 3032 auferat.

2793 3091 2886 3145 XL

2159 3199 2413 3270 Epistolas
2441 3199 2500 3253 S.
2533 3198 2688 3254 Petri
2723 3197 2986 3253 Damiam'
3011 3195 3082 3252 ad
3109 3195 3402 3251 Nicolaum
3449 3189 3519 3250 II.

2189 3331 2355 3404 (Vide
2387 3329 2723 3402 Patrologiaa
2755 3334 2896 3386 tom.
2929 3329 3166 3396 CXLIV,
3199 3326 3309 3384 col.
3339 3326 3493 3399 210.)

251 3451 3669 3486 W

1637 3575 2298 3680 APPENDIX.

806 3822 1146 3880 EPISTOLA
1185 3822 1318 3880 SUB
1360 3823 1561 3880 FICTO
1601 3821 1837 3879 ULRlCI
1875 3821 2152 3879 NOMINE
2191 3823 2285 3878 AD
2324 3821 2696 3879 NFCOLAUM
2739 3822 2786 3876 ΙΙ
2827 3819 3097 3878 PAPAM.

1289 3949 1379 4018 (D.
1413 3948 1710 4016 MARTENE,
1744 3942 2094 4018 Amplissima
2133 3947 2375 4016 ϐοηθοίη
2410 3948 2453 4015 l,
2488 3947 2637 4016 449.)

1776 4178 2140 4236 MONITUM.

324 4299 458 4376 Hac
486 4301 732 4376 epistola
760 4319 828 4358 ex
843 4304 1046 4359 eodem
1074 4303 1231 4376 fonte
1253 4301 1543 4372 prodiisse
1565 4303 1755 4372 potuit
1775 4319 1841 4358 ac
1858 4301 1962 4359 illa
1982 4319 2155 4376 quam
2176 4305 2234 4376 in
2257 4305 2537 4360 eumdum
2561 4303 2739 4376 finem
2763 4301 3047 4376 scriptam
3070 4296 3670 4376 edidimus_The‘sauri
3697 4297 3702 4308 '

249 4372 443 4445 nostri
470 4368 918 4445 Anecdotorum.
951 4380 1093 4430 tom.
1131 4375 1172 4441 Ι,
1206 4368 1340 4445 pag.
1371 4368 1675 4445 230,cujus
1700 4368 2390 4431 auctorem'oredidimus
2412 4374 2768 4431 Guenricum
2793 4368 3196 4445 Trévirensem
3223 4368 3668 4435 scholasticam,

252 4441 452 4522 virum
483 4441 1233 4522 impudentissimum._Eam
1266 4441 1459 4522 autem
1480 4441 1827 4522 hic'damus,
1863 4451 1926 4522 ut
1957 4463 2132 4522 quam
2165 4448 2418 4522 corrupti
2453 4447 2670 4522 fuerint
2699 4446 2798 4522 illo
2829 4461 2945 4522 avo
2977 4443 3669 4522 presbyterorummores
3697 4449 3702 4522 ξ

253 4509 756 4592 demonstremus,
788 4521 1053 4592 etquam
1087 4518 1234 4592 bene
1266 4517 1344 4592 de
1369 4515 1623 4592 Ecclesia
1643 4509 1933 4592 meruerit
1961 4509 2275 4592 Gregorius
2314 4509 2466 4592 papa
2497 4519 2618 4586 VII,
2649 4517 2751 4590 qui
2782 4509 3252 4590 presbyterorum
3293 4509 3670 4567 matrimonia
3697 4519 3701 4546 ί

249 4601 360 4641 seu
394 4586 590 4658 potius
619 4586 1075 4644 concubinatum
1107 4586 1435 4644 incredibili
1468 4603 1612 4659 pene
1643 4587 1838 4644 labore
1867 4586 2132 4644 abstulit.

245 4713 392 4768 Hac
443 4713 528 4783 est,
574 4713 864 4782 rosa-iptio
921 4713 1101 4766 sancti
1160 4711 1338 4769 Ulrici
1389 4713 1647 4782 episcopi,
1708 4713 1765 4767 in
1799 4728 1905 4783 qua
1934 4714 1980 4778 υ
2016 4718 2167 4770 stam
2186 4713 2595 4770 conculcantes
2615 4711 2816 4779 libere,
2843 4702 3708 4783 onemsa,imo_i_mportahil_i,-

315 4797 478 4864 papa;
505 4776 822 4864 Nicolao'de
860 4785 1197 4864 continentia
1236 4776 1578 4864 clericorum
1609 4798 1717 4864 non
1759 4776 1906 4864 justo
1935 4776 1968 4778 _
2016 4786 2266 4864 pastoris
2297 4783 2766 4864 praevaricatione
2787 4776 3067 4864 praecepti
3098 4795 3160 4836 se
3179 4776 3664 4864 obligarent.'l_‘ri-

322 4851 417 4908 sed
447 4853 636 4980 mi,
666 4870 776 4911 non
809 4856 1072 4911 canonice
1101 4854 1192 4910 sed
1221 4854 1517 4910 indiscrete
1548 4851 1814 4909 tractanti
1836 4857 1907 4911 ita

326 4939 450 4980 resn
621 4966 634 4979 .

326 4939 634 4994 respondet.

327 5011 581 5085 Niceno
612 5013 931 5070 dominoet
979 5014 1154 5081 Patri,
1208 5012 1469 5085 pervigili
1520 5017 1576 5067 S.
1631 5015 1904 5070 Romanae

246 5082 848 5157 Eeclesissprovisori,
873 5086 963 5152 U.,
988 5085 1112 5142 solo
1133 5082 1724 5157 nomine—episcopus,
1749 5103 1908 5142 amo-

247 5170 382 5211 rem
415 5159 481 5211 ut
513 5156 692 5225 filius,
727 5159 999 5214 timorem
1033 5162 1097 5212 ut
1128 5173 1351 5212 servus.

328 5226 474 5299 Gum
503 5231 626 5295 tua,
685 5245 717 5284 o
749 5229 925 5285 Pater.
944 5233 1001 5284 et
1047 5228 1306 5295 domine,
1347 5228 1576 5299 decreta
1606 5228 1683 5299 (6)
1735 5243 1912 5299 super

249 5295 606 5371 qlericorum
627 5300 999 5371 continentia
1027 5315 1216 5371 nuper
1240 5298 1594 5371 transmissa
1614 5295 1673 5354 'a'
1693 5295 1908 5371 discre-

244 5367 416 5442 tione
444 5369 766 5442 invenirem
798 5370 1012 5438 aliena,
1041 5367 1220 5426 timor
1251 5386 1343 5442 me
1384 5369 1908 5442 perturbavitrcum

247 5439 743 5525 tistitia..Timor
772 5443 1008 5525 quidem
1042 5439 1417 5525 propteroboc
1449 5442 1603 5525 quod
1656 5441 1906 5525 dicitur:

259 5531 286 5561 ι
316 5511 574 5568 Pastoris
598 5511 890 5569 sententia
915 5511 1222 5584 sive—justo.
1253 5511 1372 5567 sive
1402 5511 1622 5583 injusta
1651 5513 1913 5568 timenda

249 5585 367 5655 ost.
394 5603 422 5631 ››
456 5584 762 5639 Timebam
793 5586 949 5640 enim
985 5583 1236 5638 infirmis
1266 5583 1578 5655 Scriptura;
1629 5585 1908 5639 auditori-

252 5653 394 5722 bus,
429 5655 530 5726 qui
559 5655 647 5711 vel
673 5657 852 5728 justai
878 5655 975 5712 vix
1006 5655 1290 5712 obediunt
1310 5653 1631 5723 sententiae,
1662 5673 1733 5711 ne
1762 5656 1914 5727 inju-

332 5776 410 5849 (6)
439 5777 749 5837 Decretum
806 5779 964 5838 istud
996 5781 1183 5836 exstat
1236 5779 1297 5833 in
1357 5777 1602 5833 concilio
1653 5779 1912 5834 Romano

256 5851 500 5909 centum
529 5851 806 5912 tredecim
838 5851 1248 5926 episcoporum
1270 5851 1380 5908 sub
1401 5849 1634 5907 Nioolao
1655 5849 1914 5923 Ilponti-

2018 4848 2178 4913 stitia
2205 4848 2340 4913 vero
2371 4856 2459 4912 vel
2509 4848 2859 4926 compassio,
2894 4869 2967 4908 ne
2986 4848 3118 4923 'qua
3148 4848 3370 4926 ratione
3387 4848 3669 4926 membra
3707 4875 3710 4880 -

2019 4933 2482 5006 possentAcarere
2513 4919 2700 5006 capite
2733 4919 2852 5006 suo
2895 4919 3207 5006 tam—gravi
3231 4919 3460 5006 “morb‘o

2019 4991 2204 5056 rante.
2259 4999 2407 5065 Quid
2438 4991 2612 5069 enim',
2651 4997 2908 5069 gravius,
2967 4991 3109 5068 quid
3165 4993 3346 5050 totius
3381 4991 3671 5069 Ecclesia:
3703 5018 3707 5020 ·

2019 5062 2426 5144 compassione
2456 5062 2715 5144 digniu's,
2748 5083 2926 5144 quam
2949 5062 3006 5144 te
3029 5082 3283 5144 summai
3300 5063 3458 5122 sedis
3477 5062 3672 5134 ponti-

2020 5139 2187 5198 ficem
2220 5143 2501 5217 adquem
2524 5139 2724 5217 'totius
2755 5139 3019 5217 Ecclesiae
3069 5140 3604 5217 spectatexameg,
3636 5149 3700 5189 α’

2020 5219 2224 5270 sancta
2255 5203 2606 5270 discretione
2635 5215 2721 5267 vel
2765 5211 3080 5266 minimum
3103 5203 3456 5264 'exorbitare
3480 5207 3504 5258 ἓ
3542 5203 3674 5260 Non

2020 5303 2228 5358 parum
2259 5287 2478 5358 quippe
2495 5285 2566 5339 ab
2588 5281 2988 5358 hacdeviasti,
3013 5297 3148 5358 cum
3170 5275 3394 5334 clericis
3414 5291 3564 5358 quos
3585 5275 3659 5330 ad

2019 5345 2436 5428 abstinentiam
2463 5354 2725 5428 conjugii
2760 5345 2995 5409 monere
3013 5423 3026 5428 _
3045 5352 3354 5428 debueras,
3400 5345 3482 5428 ad.
3509 5345 3671 5428 hanc

2019 5429 2337 5504 imperiosa
2364 5418 2892 5504 violentia-cogere
2938 5423 3197 5504 volebas.
3248 5418 3686 5504 Nunquidnam'

2020 5489 2546 5576 me‘ritocommuni
2580 5489 2844 5553 omnium
2871 5493 3231 5576 sapientium
3279 5489 3498 5561 iudicio
3549 5489 3671 5576 haec

2021 5589 2136 5628 non
2169 5575 2258 5625 est
2276 5569 2574 5633 violentia,
2597 5585 2730 5624 cum
2753 5573 2955 5624 contra
2974 5567 3404 5620 institutionem
3425 5575 3672 5633 evange-

2021 5644 2195 5698 licam
2226 5659 2292 5697 ac
2325 5641 2510 5697 sancti
2542 5631 2796 5713 Spiritus
2816 5637 3196 5694 dictationem
3217 5635 3290 5690 ad
3322 5633 3548 5706 privata
3566 5631 3672 5688 an.

2023 5770 2129 5824 fice
2158 5765 2445 5824 celebrato
2481 5782 2634 5822 anno
2670 5764 2826 5831 1039,
2857 5781 2984 5836 cap.
3012 5762 3066 5830 3,
3102 5759 3457 5833 renovatque
3480 5755 3704 5815 simile

2024 5843 2314 5899 statutum
2348 5856 2381 5899 a
2411 5838 2596 5896 Leone
2625 5854 2778 5911 papa
2807 5837 2878 5894 IX
2908 5835 3153 5894 editum.
