4138 6186
288 315 445 380 13⁸73

636 379 638 381 .
667 317 1106 384 FRANGONIS
1140 319 1412 382 SCHOL.
1447 318 1675 381 LEOD.
1710 319 1808 380 EX
1841 318 2096 381 OPERE
2131 321 2227 380 DE
2262 321 2490 394 QUAD.
2533 325 2845 390 ClltCULI
2879 325 3295 389 SPECIMEN.

2029 125 2046 164 Ι

3533 331 3684 392 1374

288 452 487 521 matis,
521 457 868 522 moreretur,
901 454 1106 528 quinta
1136 453 1250 523 die,
1274 469 1400 526 quae
1431 453 1487 508 S.
1517 452 1774 509 Matthaei
1803 468 1936 525 apo-
1961 453 2018 520 Α
2044 454 2232 525 ptistae
2282 455 2700 524 celebritatem,
2746 474 2873 530 quae
2923 473 3111 532 nuper
3159 441 3447 520 celebrata
3484 473 3592 532 est,
3626 465 3685 520 in

286 541 424 600 stoli
453 545 510 597 et
547 542 915 616 evangelista:
947 547 1086 598 tunc
1116 541 1398 614 temporis
1422 541 1694 613 passione
1722 558 1931 597 verna-

287 631 411 699 bat,
437 631 725 704 quidquid
751 633 958 704 praedae
984 631 1205 687 invenit
1227 629 1469 686 abduxit
1493 647 1505 685 :
1529 646 1783 701 cumque
1803 647 1934 684 san-

287 719 367 776 cti
399 719 584 775 Patris
615 720 799 775 nostri
832 737 1043 794 corpus
1087 724 1448 793 opponentes
1497 718 1630 785 sibi,
1663 718 1931 774 timorem

286 807 392 864 Dei
421 809 763 881 regiamque
803 808 1132 865 libertatem
1165 808 1645 875 reclamaremus,
1689 807 1932 878 quidam

287 914 531 954 suorum
547 904 1072 966 nostros,sanctum
1093 915 1304 968 corpus
1323 901 1740 962 sustentantes,
1757 894 1935 950 tantis

289 987 631 1042 verberibus
673 988 1011 1055 affecerunt,
1043 991 1106 1041 ut
1137 986 1364 1042 loculus
1413 986 1600 1040 sancti
1649 983 1936 1056 sanguine

286 1075 733 1132 vulneratorum
757 1075 1132 1146 pollueretur.
1159 1075 1281 1130 Heu
1305 1075 1318 1130 l
1345 1078 1487 1145 quot
1503 1090 1698 1129 servos
1716 1079 1771 1128 et
1794 1073 1936 1128 ﬁde-

290 1164 377 1220 les
401 1163 657 1220 ecclesice
699 1168 908 1219 nostrae
952 1163 1264 1235 plageariis
1308 1162 1436 1217 suis
1463 1162 1722 1234 captivos
1755 1161 1933 1216 tradi-

289 1263 397 1329 dit,
417 1267 474 1318 et
498 1263 695 1318 omnia
717 1262 868 1316 bona
888 1260 1124 1316 illorum
1146 1260 1414 1332 diripuit!
1443 1260 1567 1315 Heu
1594 1259 1605 1313 l
1633 1263 1775 1330 quot
1799 1276 1938 1330 prae~

292 1352 399 1408 das
423 1367 535 1406 non
560 1349 751 1405 solum
773 1349 1128 1404 familiarum
1153 1353 1508 1415 nostrarum,
1525 1348 1624 1403 sed
1648 1364 1717 1403 ex
1737 1351 1937 1402 nostro

290 1438 520 1512 peculio
545 1438 815 1494 ducentis
836 1436 1004 1493 libris
1027 1442 1084 1493 et
1104 1454 1168 1492 eo
1200 1436 1453 1508 amplius
1479 1435 1746 1491 meliores
1771 1435 1938 1491 nobis

291 1526 574 1600 arripuit!
611 1527 744 1590 Quae
771 1526 970 1582 omnia
991 1525 1241 1597 qualiter
1260 1524 1615 1592 distraxerit,
1646 1541 1717 1579 ne
1748 1525 1937 1596 regias

291 1633 466 1673 aures
495 1616 883 1683 offendamus,
917 1615 1106 1670 dicere
1155 1615 1458 1671 timemus.
1495 1615 1556 1668 In
1607 1613 1715 1668 hoc
1749 1613 1938 1668 adhuc

290 1704 564 1778 praesenti
586 1721 738 1760 anno
751 1703 938 1776 ipsius
954 1719 1220 1775 rapacem
1238 1703 1494 1758 furorem
1512 1718 1749 1773 quoquo
1765 1696 1936 1756 modo

2043 543 2223 598 altera
2246 542 2381 598 villa
2441 562 2568 616 qua:
2611 546 2891 614 Erchana,
2937 554 3170 604 centum
3222 551 3539 610 solidorum
3575 574 3686 626 pra:

2042 633 2174 686 dam
2205 637 2262 687 et
2290 649 2356 688 eo
2388 633 2640 702 amplius
2671 635 2973 692 meliorem
3007 638 3188 694 servis
3237 645 3293 694 et
3335 643 3564 698 ancillis
3596 662 3685 700 ec-

2043 719 2230 776 clesiae
2255 727 2464 776 nostrae
2491 725 2760 794 arripuit,
2788 729 2845 780 et
2868 724 3109 797 insuper
3131 728 3232 782 uni
3267 732 3684 789 monachorum

2045 813 2377 865 nostrorum
2410 829 2648 881 equum,
2683 830 2798 883 quo
2832 814 2888 868 in
2936 816 3150 871 nostris
3187 821 3530 876 necessariis
3565 829 3688 879 ute-

2044 898 2237 964 batur,
2270 899 2533 954 abstulit.
2568 901 2732 956 Nunc
2755 903 2904 972 jam,
2939 919 3170 959 summe
3197 907 3405 976 Caesar,
3439 910 3689 981 gloriose

2046 1003 2143 1042 rex
2172 1004 2237 1042 ac
2267 988 2518 1057 domine,
2553 990 2829 1060 quoniam
2854 990 3040 1046 honor
3067 993 3524 1065 regisjudicium
3557 1000 3687 1054 dili-

2045 1075 2148 1146 git,
2181 1079 2256 1141 et,
2291 1080 2434 1132 teste
2463 1079 2761 1148 Apostolo,
2785 1096 2897 1134 non
2924 1081 3049 1138 sine
3075 1099 3253 1138 causa
3274 1084 3533 1155 gladium
3559 1106 3688 1159 por-

2045 1169 2267 1236 tas,pro
2283 1165 2372 1219 ani
2385 1183 2476 1221 ma
2487 1165 2711 1221 domini
2725 1169 2908 1223 nostri
2927 1170 3069 1224 divae
3092 1173 3386 1228 memoriae
3403 1176 3590 1230 Patris
3606 1177 3686 1232 tui

2047 1253 2216 1323 cujus
2237 1254 2392 1326 regia
2413 1255 2690 1325 majestas
2711 1273 2817 1313 nos
2852 1256 3104 1313 libertati
3126 1261 3493 1329 condonavit,
3518 1283 3688 1322 aures

2045 1341 2278 1412 pietatis
2300 1343 2371 1396 ad
2387 1342 2702 1400 clamorem
2717 1349 2983 1401 nostrum
3002 1348 3181 1417 aperi,
3203 1351 3495 1406 dexteram
3514 1355 3690 1423 justi-

2047 1431 2139 1485 tiaa
2164 1430 2406 1486 viriliter
2434 1449 2652 1500 exsere,
2681 1434 2752 1490 ad
2782 1433 2967 1490 instar
2997 1437 3312 1508 evangelici
3355 1442 3506 1512 regis
3539 1460 3690 1498 mor-

2047 1525 2168 1574 tem
2200 1520 2304 1574 ﬁlii
2331 1520 2518 1577 viduae
2555 1522 2927 1592 vindicantis,
2976 1525 3205 1580 vindica
3255 1544 3361 1583 nos
3391 1530 3462 1583 de
3491 1532 3690 1586 adver-

2049 1609 2202 1680 sario
2235 1614 2469 1665 nostro:
2505 1628 2574 1666 ne
2606 1616 2806 1668 sancta
2837 1617 3023 1669 mater
3064 1614 3322 1671 Ecclesia
3368 1619 3694 1676 reclamans

2047 1697 2399 1754 invindicaia
2419 1700 2668 1756 venienti
2692 1702 2749 1756 in
2766 1702 2989 1772 judicio
3011 1703 3285 1775 suggillet
3303 1708 3376 1760 te.
3410 1707 3583 1779 Regis
3608 1728 3691 1766 re-

290 1795 497 1852 sedare
525 1794 862 1867 gestientes,
896 1793 1096 1848 decem
1130 1807 1358 1847 marcas
1390 1791 1613 1862 argenti
1642 1807 1709 1845 ex
1739 1794 1941 1846 nostra
1972 1819 2019 1883 Β
2050 1803 2190 1859 gum
2217 1788 2617 1844 misericordia
2638 1795 2693 1845 et
2717 1790 3418 1858 Dominidominantium.
3443 1796 3501 1850 in
3521 1800 3690 1868 cujus

292 1885 636 1954 paupertate
694 1897 796 1953 pro
864 1880 1036 1935 nobis
1080 1879 1382 1951 notrisque
1429 1877 1720 1945 dedimus,
1770 1879 1940 1951 quasi
1972 1877 2013 1883 ’⁷
2052 1893 2229 1931 manu
2265 1881 2406 1931 sunt
2447 1879 2622 1933 corda
2642 1895 2844 1950 regum
2881 1879 2968 1934 vel
2991 1885 3480 1952 tempora,vestra
3510 1886 3694 1959 impe-

268 1970 454 2044 .pacis
485 1986 551 2025 ac
594 1969 1038 2041 tranquillitatis
1087 1968 1342 2025 obsides.
1393 1967 1616 2032 Quibus
1668 1968 1939 2040 receptis,

294 2077 431 2117 mox
478 2059 707 2116 cuidam
753 2059 900 2114 villa:
948 2061 1180 2125 nostrae,
1223 2073 1350 2129 quae
1400 2055 1636 2122 Villare,
1693 2055 1938 2126 insiluit,

295 2165 522 2205 necnon
551 2147 703 2204 inter
731 2147 949 2203 atrium
988 2145 1244 2202 ecclesia:
1277 2144 1457 2200 totius
1505 2143 1650 2198 villae
1684 2145 1940 2216 praedam

298 2236 583 2309 diripiens
614 2222 918 2292 abscessit.
954 2235 1090 2290 Post
1119 2234 1269 2290 hanc
1313 2233 1502 2290 sancti
1547 2233 1794 2289 Joannis
1823 2233 1929 2288 Ba-

2052 1964 2139 2020 ria
2169 1964 2251 2020 sic
2283 1966 2513 2021 ordinet
2541 1971 2596 2022 et
2629 1967 2901 2039 disponat
2931 1973 2994 2024 ut
3032 1974 3090 2024 et
3136 1970 3334 2026 hostes
3369 1979 3607 2043 pacatos
3639 1982 3696 2032 et

2051 2054 2344 2125 subjectos
2366 2055 2567 2122 facias,
2595 2055 2793 2112 fideles
2823 2061 2880 2112 et
2900 2059 3120 2113 amicos
3143 2059 3492 2133 multiplicat
3517 2070 3572 2119 et
3595 2084 3694 2121 cu-

2052 2142 2288 2198 stodiat.
2323 2143 2481 2211 Vale,
2517 2145 2702 2201 ducus
2743 2146 2993 2218 imperii.

301 2409 3703 2452 ω

1697 2561 1846 2600 ANNO
1885 2560 2091 2600 DOMINI
2132 2560 2306 2598 MLXV.

1400 2699 2607 2870 FRANCO

1103 2964 2042 3060 SCHOLASTICUS
2113 2963 2897 3058 LEODIENSIS.

1680 3282 2323 3372 FRANCONIS
2425 3339 2444 3362 .

571 3485 725 3594 EX
791 3481 1170 3596 OPEBE
1238 3487 1387 3595 DE
1457 3485 2231 3614 QUADRATURA
2309 3483 2762 3596 CIRCULI
2830 3483 3436 3600 SPECIMEN.
3516 3597 3528 3622 ν

1486 3701 1644 3772 (MAI,
1677 3701 1909 3758 Classici
1937 3707 2207 3767 auctores,
2241 3701 2340 3772 ΙΙΙ,
2374 3701 2525 3772 346.)

1784 3849 2209 3862 -—_—

367 3975 638 4047 Diximus
669 3974 814 4047 falso
843 3975 1026 4030 videri
1075 3977 1333 4031 Bertium
1381 3975 1594 4031 referre
1642 3976 1713 4031 ad
1761 3975 2076 4047 Boethium
2120 3975 2371 4047 opusde
2402 3973 2603 4047 circuli
2643 3974 3022 4047 quadratum,
3057 3974 3212 4047 quod
3243 3978 3332 4031 est
3362 3975 3702 4032 Frauconis.

285 4047 460 4118 Nunc
480 4045 671 4118 placet
690 4062 758 4102 ex
779 4046 887 4102 hoc
913 4047 1131 4103 inedito
1152 4063 1323 4118 opere
1373 4048 1526 4118 quod
1549 4047 1608 4100 in
1634 4062 1734 4102 sex
1759 4045 1988 4101 libellos
2025 4045 2421 4118 distribuitur,
2449 4045 2745 4118 specimen
2787 4045 3184 4118 proferre,'ita
3211 4050 3410 4102 tamen
3439 4053 3504 4104 ut
3534 4055 3705 4104 antea

282 4115 559 4190 hominis
577 4115 1286 4190 operisquenotitiam'ex
1324 4115 1623 4190 Sigeberto
1666 4134 1972 4190 ponamus.
2025 4117 2117 4190 Sic
2148 4115 2328 4190 igitur
2369 4116 2726 4187 Sigebertus,
2759 4115 2887 4190 cap.
2923 4119 3044 4190 164.
3078 4139 3111 4190 ν‹‹
3134 4119 3354 4174 Franco
3386 4119 3700 4176 Scholasti-

282 4186 1089 4268 cus_‘Leodie'nsis,__religione
1120 4194 1178 4268 et_
1208 4186 1454 4268 utraque
1487 4186 1814 4268 litterarum
1847 4187 2097 4268 scientia
2147 4186 2505 4268 nominatus,
2532 4186 2848 4268 quantum
2867 4189 3121 4268 valuerit
3136 4190 3470 4268 scribendo
3513 4192 3705 4247 notiti-

280 4259 435 4342 cavit
465 4261 734 4342 posteris.
765 4258 1068 4342 Amatores
1098 4258 1681 4342 scientias—smmum
1715 4263 1914 4342 taaent
1940 4259 2069 4329 ejus
2099 4258 2404 4342 scientiam
2437 4274 2505 4314 ex
2532 4258 2885 4342 libroﬁquem
2917 4260 3152 4342 scripsit
3191 4262 3698 4342 ad__Hermannu_m

281 4329 537 4404 coloniae
564 4331 1068 4404 archiepiscopum
1104 4333 1180 4387 De
1210 4331 1570 4404 quiadratura
1602 4329 1955 4404 circuli_;__de
1986 4346 2105 4404 qua
2131 4329 2475 4404 Aristoteles
2521 4329 2633 4385 ait:
2687 4329 3053 4404 Quadratura
3101 4331 3302 4387 circuli
3335 4337 3442 4404 est
3471 4333 3698 4397 scibilc,

280 4403 532 4475 scientia
561 4400 802 4475 quidem
835 4400 1097 4459 nondum
1122 4400 1525 4475 estiObiillud
1557 4418 1689 4475 vero
1707 4401 1924 4475 Ascibile
1954 4400 2256 4475 conferant
2284 4400 2372 4456 vel
2403 4402 2580 4475 etiam
2627 4403 2938 4473 praeferant
2986 4419 3120 4459 eum
3179 4402 3486 4475 saeculares
3518 4404 3703 4475 philo-

281 4473 487 4546 sophi;
520 4471 627 4530 nos
655 4473 966 4530 laudamus
996 4490 1131 4529 eum
1163 4473 1300 4546 quia
1338 4473 1544 4528 divinae
1594 4473 1914 4544 Scriptura

279 4545 502 4600 librum
535 4562 743 4602 unum.
773 4550 830 4601 et
866 4545 982 4602 alia
1037 4562 1162 4602 quae
1194 4546 1265 4601 ab
1333 4544 1464 4600 aliis
1524 4543 1836 4600 habentur.
1870 4568 1898 4594 ››

2046 4471 2287 4544 vigilavit
2336 4477 2392 4527 et
2439 4471 2914 4545 plura—scripsit,
2959 4479 3026 4528 ut
3073 4475 3144 4528 de
3188 4474 3410 4530 ratione
3441 4471 3699 4546 computi

2046 4545 2174 4598 dem
2237 4547 2440 4599 narrat
2500 4545 2570 4599 de
2634 4545 2928 4601 Francone
2965 4545 3324 4600 Trithemius
3385 4562 3512 4602 cap.
3571 4547 3697 4602 34‘3.

287 4562 502 4600 uorum
535 4562 743 4614 unum,
773 4562 830 4601 et
866 4562 982 4602 ana
1037 4562 1162 4617 quae
1194 4562 1265 4601 an
1333 4562 1464 4600 8.1118
1524 4562 1836 4600 naoentur.
1870 4568 1898 4594 »
1959 4562 2174 4599 manem
2237 4562 2440 4599 narrar.
2500 4562 2570 4599 ae
2634 4562 2928 4601 r'rancone
2965 4562 3324 4600 'i'mnemius
3385 4562 3512 4617 cap.
3571 4562 3697 4607 aqu,

287 4616 573 4686 additque
604 4616 887 4672 claruisse
917 4631 1051 4671 eum
1085 4617 1194 4671 sub
1235 4615 1480 4671 Henrico
1509 4614 1858 4686 imperatore
1919 4615 2106 4681 tertio,
2170 4631 2320 4686 anno
2379 4615 2600 4686 domini
2663 4617 2816 4671 1060.
2879 4617 3037 4671 Idem
3097 4615 3418 4671 Tritemius
3461 4617 3700 4671 adnotat

283 4685 661 4744 Maecenatem
693 4687 863 4742 illum
897 4688 1214 4743 Frauconis
1244 4687 1426 4743 fuisse
1457 4685 1856 4741 Hermannum
1891 4685 1957 4753 Il,
1992 4701 2164 4756 quem
2196 4685 2598 4741 Coloniensem
2633 4687 2831 4741 sedem
2871 4688 2942 4741 ab
2975 4703 3125 4740 anno
3158 4687 3297 4741 1036
3346 4687 3416 4742 ad
3448 4690 3586 4742 1055
3621 4697 3698 4741 te-

282 4758 491 4815 nuisse
517 4758 778 4827 scimus;
811 4758 1139 4830 undesatis
1168 4757 1351 4830 liquet
1404 4758 1722 4830 Frauconis
1775 4773 1922 4830 Opus
1954 4757 2110 4830 intra
2148 4756 2271 4830 hoc
2303 4757 2890 4830 temporisﬂspatium
2923 4757 3116 4830 fuisse
3167 4758 3579 4829 conscriptum.
3616 4761 3694 4813 En

281 4833 484 4912 autem
507 4833 737 4912 partem
767 4828 990 4912 prologi
1007 4830 1079 4911 ad
1112 4827 1370 4912 primum
1401 4828 1824 4912 librumhit‘em
1845 4827 2076 4912 initium
2098 4827 2328 4912 pperis,
2379 4828 2618 4912 etntertii
2651 4827 3121 4912 librioprologum
3155 4846 3332 4912 prOpe
3365 4827 3690 4903 integrum:

280 4901 398 4957 hos
427 4898 585 4957 enim
616 4898 786 4957 locos
803 4902 874 4958 ad
907 4898 1201 4973 specimen
1232 4901 1609 4973 praebendum
1641 4898 1849 4971 delegi,
1884 4899 2024 4970 quia
2051 4898 2357 4954 historicas
2386 4898 2609 4970 aliquot
2640 4899 2876 4955 notitias
2917 4898 3233 4956 continent.

613 5069 871 5126 INCIPIT
901 5068 1275 5126 PROLOGUS
1306 5068 1380 5124 IN
1413 5067 1700 5123 PRIMUM
1732 5068 1964 5124 DOMNI
1994 5067 2393 5124 FRANCONIS
2424 5067 2514 5122 DE
2542 5067 3031 5134 QUADRATURA
3061 5070 3367 5128 CIRCULI.

361 5209 442 5264 Ex
472 5226 608 5282 quo,
642 5211 720 5266 mi
753 5227 903 5284 papa
935 5210 1249 5284 praesulum
1280 5211 1478 5278 decus,
1512 5226 1724 5267 corona
1753 5210 1936 5266 totius
1967 5210 2009 5278 C
2050 5209 2192 5264 tiam
2212 5209 2562 5281 promerceri
2585 5211 2876 5267 deberem.
2907 5214 3129 5285 Quippe
3147 5211 3527 5285 pecuniarum
3548 5211 3691 5265 nihil

283 5314 391 5372 per
415 5299 615 5354 orbem
638 5299 800 5370 cleri,
825 5299 1644 5372 nulliusunquamimmemor
1663 5301 1930 5356 honesta-
2040 5301 2182 5366 erat,
2217 5315 2332 5354 non
2365 5314 2498 5353 cava
2527 5300 2763 5371 superbi
2785 5301 3115 5372 cornipedis
3167 5298 3400 5370 ungula,
3426 5316 3539 5355 non
3583 5300 3690 5354 Mi-

285 5387 388 5455 tis,
412 5403 480 5442 ex
502 5404 618 5459 quo
638 5386 1048 5445 liberalitatem
1067 5393 1232 5444 tuam
1257 5389 1508 5461 gratuito
1531 5388 1590 5444 in
1614 5405 1707 5445 me
1729 5391 1934 5446 conﬁr-
2041 5385 2271 5443 nervalc
2295 5387 2548 5458 pretium
2573 5404 2825 5458 operosa:
2870 5393 3106 5460 arteque
3145 5388 3450 5444 elaboratae
3491 5392 3691 5454 vestis,

289 5476 465 5531 masti
495 5495 508 5544 ;
542 5493 610 5532 ex
638 5479 843 5534 eodem
867 5479 992 5550 jam
1027 5481 1286 5549 tempore
1307 5475 1466 5532 nulla
1486 5477 1631 5533 hora
1647 5477 1934 5534 sollicitus
2045 5494 2160 5532 non
2182 5474 2374 5531 fusilis
2391 5475 2989 5533 motalliadmirandis
3005 5478 3205 5548 ﬁguris
3228 5495 3374 5550 opus
3394 5478 3686 5544 incusum,

286 5580 418 5622 esse
443 5583 560 5622 non
584 5566 767 5638 potui,
792 5567 1100 5638 cujusdam
1123 5563 1297 5621 ofﬁcii
1320 5565 1540 5623 ratione
1557 5571 1776 5623 tantum
1799 5584 1929 5640 gra-
2044 5582 2160 5622 non
2211 5564 2730 5638 peregrinilapidis
2748 5565 3053 5640 multiplex
3070 5586 3133 5624 ac
3149 5567 3286 5624 varii
3308 5567 3514 5624 coloris
3531 5585 3691 5642 aspe-
