  <div class='ocr_page' id='page_1' title='image "/cluster/home/n/w/nwhite01/storage/ocr_20150623/143/hvd.32044054760038/695.png"; bbox 0 0 4138 6186; ppageno 0'>
   <div class='ocr_carea' id='block_1_1' title="bbox 517 285 3807 421">
    <p class='ocr_par' dir='ltr' id='par_1_1' title="bbox 517 285 3807 421">
     <span class='ocr_line' id='line_1_1' title="bbox 517 285 3807 421; baseline 0.001 -25"><span class='ocrx_word' id='word_1_1' title='bbox 517 333 671 397; x_wconf 71' lang='lat'>1375</span> <span class='ocrx_word' id='word_1_2' title='bbox 1510 329 1582 393; x_wconf 89' lang='lat' dir='ltr'>B.</span> <span class='ocrx_word' id='word_1_3' title='bbox 1630 329 1989 395; x_wconf 86' lang='lat' dir='ltr'>MAURILII</span> <span class='ocrx_word' id='word_1_4' title='bbox 2034 285 2400 394; x_wconf 73' lang='lat' dir='ltr'>ARCBIEP.</span> <span class='ocrx_word' id='word_1_5' title='bbox 2447 329 2907 421; x_wconf 69' lang='lat' dir='ltr'>no&#39;rHoiuAe.</span> <span class='ocrx_word' id='word_1_6' title='bbox 3170 317 3171 320; x_wconf 61' lang='lat'>‘</span> <span class='ocrx_word' id='word_1_7' title='bbox 3689 335 3807 402; x_wconf 70' lang='lat'>1315</span> 
     </span>
    </p>
   </div>
   <div class='ocr_carea' id='block_1_2' title="bbox 513 461 3812 539">
    <p class='ocr_par' dir='ltr' id='par_1_2' title="bbox 513 461 3812 539">
     <span class='ocr_line' id='line_1_2' title="bbox 513 461 3812 539; baseline 0 -14"><span class='ocrx_word' id='word_1_8' title='bbox 513 468 1159 539; x_wconf 85' lang='lat' dir='ltr'>etus.Quanquamego,</span> <span class='ocrx_word' id='word_1_9' title='bbox 1180 461 1231 523; x_wconf 88' lang='lat' dir='ltr'>si</span> <span class='ocrx_word' id='word_1_10' title='bbox 1263 463 1554 538; x_wconf 76' lang='lat' dir='ltr'>ejusmodi</span> <span class='ocrx_word' id='word_1_11' title='bbox 1585 479 1781 522; x_wconf 86' lang='lat' dir='ltr'>rerum</span> <span class='ocrx_word' id='word_1_12' title='bbox 1795 463 2155 522; x_wconf 83' lang='lat' dir='ltr'>abundantia</span> <span class='ocrx_word' id='word_1_13' title='bbox 2186 467 2241 533; x_wconf 75' lang='grc' dir='ltr'><strong>Α</strong></span> <span class='ocrx_word' id='word_1_14' title='bbox 2270 465 2427 523; x_wconf 88' lang='lat' dir='ltr'>niam</span> <span class='ocrx_word' id='word_1_15' title='bbox 2449 466 2704 523; x_wconf 89' lang='lat' dir='ltr'>edictum</span> <span class='ocrx_word' id='word_1_16' title='bbox 2726 471 2834 535; x_wconf 89' lang='lat' dir='ltr'>est,</span> <span class='ocrx_word' id='word_1_17' title='bbox 2862 471 2919 523; x_wconf 90' lang='lat' dir='ltr'>te</span> <span class='ocrx_word' id='word_1_18' title='bbox 2941 465 3015 524; x_wconf 87' lang='lat' dir='ltr'>ad</span> <span class='ocrx_word' id='word_1_19' title='bbox 3049 463 3248 524; x_wconf 85' lang='lat' dir='ltr'>studia</span> <span class='ocrx_word' id='word_1_20' title='bbox 3285 479 3390 523; x_wconf 84' lang='lat' dir='ltr'>nos</span> <span class='ocrx_word' id='word_1_21' title='bbox 3426 463 3812 526; x_wconf 83' lang='lat' dir='ltr'>beneﬂciisinvi-</span> 
     </span>
    </p>
   </div>
   <div class='ocr_carea' id='block_1_3' title="bbox 513 553 3814 630">
    <p class='ocr_par' dir='ltr' id='par_1_3' title="bbox 513 553 3814 630">
     <span class='ocr_line' id='line_1_3' title="bbox 513 553 3814 630; baseline 0.001 -17"><span class='ocrx_word' id='word_1_22' title='bbox 513 557 813 630; x_wconf 91' lang='lat' dir='ltr'>pollerem,</span> <span class='ocrx_word' id='word_1_23' title='bbox 844 555 1001 612; x_wconf 84' lang='lat' dir='ltr'>haud</span> <span class='ocrx_word' id='word_1_24' title='bbox 1035 571 1294 628; x_wconf 82' lang='lat' dir='ltr'>unquam</span> <span class='ocrx_word' id='word_1_25' title='bbox 1327 555 1384 609; x_wconf 90' lang='lat' dir='ltr'>in</span> <span class='ocrx_word' id='word_1_26' title='bbox 1417 553 1680 610; x_wconf 90' lang='lat' dir='ltr'>animum</span> <span class='ocrx_word' id='word_1_27' title='bbox 1714 555 2026 627; x_wconf 82' lang='lat' dir='ltr'>subrepere</span> <span class='ocrx_word' id='word_1_28' title='bbox 2051 571 2156 610; x_wconf 85' lang='lat' dir='ltr'>au-</span> <span class='ocrx_word' id='word_1_29' title='bbox 2264 558 2426 612; x_wconf 85' lang='lat' dir='ltr'>tante</span> <span class='ocrx_word' id='word_1_30' title='bbox 2463 555 2707 612; x_wconf 80' lang='lat' dir='ltr'>alterius</span> <span class='ocrx_word' id='word_1_31' title='bbox 2755 573 2903 628; x_wconf 90' lang='lat' dir='ltr'>opus</span> <span class='ocrx_word' id='word_1_32' title='bbox 2950 555 3063 612; x_wconf 90' lang='lat' dir='ltr'>nisi</span> <span class='ocrx_word' id='word_1_33' title='bbox 3112 558 3280 611; x_wconf 87' lang='lat' dir='ltr'>tuum</span> <span class='ocrx_word' id='word_1_34' title='bbox 3326 571 3445 612; x_wconf 89' lang='lat' dir='ltr'>esse</span> <span class='ocrx_word' id='word_1_35' title='bbox 3488 573 3588 612; x_wconf 92' lang='lat' dir='ltr'>non</span> <span class='ocrx_word' id='word_1_36' title='bbox 3633 559 3814 629; x_wconf 87' lang='lat' dir='ltr'>poterit.</span> 
     </span>
    </p>
   </div>
   <div class='ocr_carea' id='block_1_4' title="bbox 512 643 3816 718">
    <p class='ocr_par' dir='ltr' id='par_1_4' title="bbox 512 643 3816 718">
     <span class='ocr_line' id='line_1_4' title="bbox 512 643 3816 718; baseline 0 -15"><span class='ocrx_word' id='word_1_37' title='bbox 512 647 674 703; x_wconf 91' lang='lat' dir='ltr'>deret</span> <span class='ocrx_word' id='word_1_38' title='bbox 692 651 865 702; x_wconf 61' lang='lat' dir='ltr'>tantae</span> <span class='ocrx_word' id='word_1_39' title='bbox 887 645 1175 700; x_wconf 83' lang='lat' dir='ltr'>nobilitati</span> <span class='ocrx_word' id='word_1_40' title='bbox 1196 648 1488 715; x_wconf 85' lang='lat' dir='ltr'>tantaeque</span> <span class='ocrx_word' id='word_1_41' title='bbox 1529 643 1798 716; x_wconf 88' lang='lat' dir='ltr'>dignitati</span> <span class='ocrx_word' id='word_1_42' title='bbox 1831 660 1898 698; x_wconf 86' lang='lat' dir='ltr'>ex</span> <span class='ocrx_word' id='word_1_43' title='bbox 1931 645 2152 699; x_wconf 90' lang='lat' dir='ltr'>eisdem</span> <span class='ocrx_word' id='word_1_44' title='bbox 2261 645 2653 708; x_wconf 83' lang='lat' dir='ltr'>Quamobrem</span> <span class='ocrx_word' id='word_1_45' title='bbox 2685 650 2879 702; x_wconf 88' lang='lat' dir='ltr'>certus</span> <span class='ocrx_word' id='word_1_46' title='bbox 2909 650 3033 701; x_wconf 85' lang='lat' dir='ltr'>esto</span> <span class='ocrx_word' id='word_1_47' title='bbox 3065 661 3294 700; x_wconf 91' lang='lat' dir='ltr'>omnem</span> <span class='ocrx_word' id='word_1_48' title='bbox 3341 646 3461 716; x_wconf 82' lang='lat' dir='ltr'>ejus</span> <span class='ocrx_word' id='word_1_49' title='bbox 3500 645 3816 718; x_wconf 84' lang='lat' dir='ltr'>diligentiam,</span> 
     </span>
    </p>
   </div>
   <div class='ocr_carea' id='block_1_5' title="bbox 513 729 3823 806">
    <p class='ocr_par' dir='ltr' id='par_1_5' title="bbox 513 729 3823 806">
     <span class='ocr_line' id='line_1_5' title="bbox 513 729 3823 806; baseline 0 -16"><span class='ocrx_word' id='word_1_50' title='bbox 513 733 866 790; x_wconf 90' lang='lat' dir='ltr'>munuscula</span> <span class='ocrx_word' id='word_1_51' title='bbox 887 735 1111 789; x_wconf 73' lang='lat' dir='ltr'>offerre.</span> <span class='ocrx_word' id='word_1_52' title='bbox 1136 733 1266 788; x_wconf 71' lang='lat' dir='ltr'>Haec</span> <span class='ocrx_word' id='word_1_53' title='bbox 1286 732 1442 788; x_wconf 90' lang='lat' dir='ltr'>enim</span> <span class='ocrx_word' id='word_1_54' title='bbox 1465 749 1599 788; x_wconf 90' lang='lat' dir='ltr'>cum</span> <span class='ocrx_word' id='word_1_55' title='bbox 1628 733 1956 804; x_wconf 86' lang='lat' dir='ltr'>principum</span> <span class='ocrx_word' id='word_1_56' title='bbox 1980 732 2153 805; x_wconf 89' lang='lat' dir='ltr'>largi-</span> <span class='ocrx_word' id='word_1_57' title='bbox 2262 733 2381 789; x_wconf 84' lang='lat' dir='ltr'>sive</span> <span class='ocrx_word' id='word_1_58' title='bbox 2412 733 2646 806; x_wconf 84' lang='lat' dir='ltr'>penitus</span> <span class='ocrx_word' id='word_1_59' title='bbox 2677 735 3112 806; x_wconf 88' lang='lat' dir='ltr'>reprobandum</span> <span class='ocrx_word' id='word_1_60' title='bbox 3142 734 3236 796; x_wconf 87' lang='lat' dir='ltr'>sit,</span> <span class='ocrx_word' id='word_1_61' title='bbox 3271 733 3385 789; x_wconf 87' lang='lat' dir='ltr'>sive</span> <span class='ocrx_word' id='word_1_62' title='bbox 3415 734 3468 788; x_wconf 91' lang='lat' dir='ltr'>in</span> <span class='ocrx_word' id='word_1_63' title='bbox 3513 739 3655 805; x_wconf 90' lang='lat' dir='ltr'>parte</span> <span class='ocrx_word' id='word_1_64' title='bbox 3681 729 3823 791; x_wconf 9' lang='lat' dir='ltr'>corri-l</span> 
     </span>
    </p>
   </div>
   <div class='ocr_carea' id='block_1_6' title="bbox 512 821 3817 894">
    <p class='ocr_par' dir='ltr' id='par_1_6' title="bbox 512 821 3817 894">
     <span class='ocr_line' id='line_1_6' title="bbox 512 821 3817 894; baseline 0.001 -17"><span class='ocrx_word' id='word_1_65' title='bbox 512 824 667 879; x_wconf 85' lang='lat' dir='ltr'>tione</span> <span class='ocrx_word' id='word_1_66' title='bbox 691 822 1194 880; x_wconf 88' lang='lat' dir='ltr'>distribuunturin</span> <span class='ocrx_word' id='word_1_67' title='bbox 1223 821 1445 893; x_wconf 87' lang='lat' dir='ltr'>vulgus,</span> <span class='ocrx_word' id='word_1_68' title='bbox 1467 822 1796 892; x_wconf 65' lang='lat' dir='ltr'>indigentiae</span> <span class='ocrx_word' id='word_1_69' title='bbox 1819 827 1876 876; x_wconf 91' lang='lat' dir='ltr'>et</span> <span class='ocrx_word' id='word_1_70' title='bbox 1899 823 2153 876; x_wconf 86' lang='lat' dir='ltr'>necessi-</span> <span class='ocrx_word' id='word_1_71' title='bbox 2260 822 2538 894; x_wconf 87' lang='lat' dir='ltr'>gendum,</span> <span class='ocrx_word' id='word_1_72' title='bbox 2571 823 2691 878; x_wconf 89' lang='lat' dir='ltr'>sive</span> <span class='ocrx_word' id='word_1_73' title='bbox 2723 839 2790 878; x_wconf 86' lang='lat' dir='ltr'>ex</span> <span class='ocrx_word' id='word_1_74' title='bbox 2821 826 2940 878; x_wconf 91' lang='lat' dir='ltr'>toto</span> <span class='ocrx_word' id='word_1_75' title='bbox 2971 821 3423 894; x_wconf 90' lang='lat' dir='ltr'>provehendum,</span> <span class='ocrx_word' id='word_1_76' title='bbox 3447 821 3499 876; x_wconf 90' lang='lat' dir='ltr'>id</span> <span class='ocrx_word' id='word_1_77' title='bbox 3515 826 3606 876; x_wconf 89' lang='lat' dir='ltr'>tua</span> <span class='ocrx_word' id='word_1_78' title='bbox 3623 822 3817 879; x_wconf 83' lang='lat' dir='ltr'>maxime</span> 
     </span>
    </p>
   </div>
   <div class='ocr_carea' id='block_1_7' title="bbox 509 908 3820 982">
    <p class='ocr_par' dir='ltr' id='par_1_7' title="bbox 509 908 3820 982">
     <span class='ocr_line' id='line_1_7' title="bbox 509 908 3820 982; baseline -0.001 -15"><span class='ocrx_word' id='word_1_79' title='bbox 509 916 611 967; x_wconf 89' lang='lat' dir='ltr'>tati</span> <span class='ocrx_word' id='word_1_80' title='bbox 636 912 1008 979; x_wconf 79' lang='lat' dir='ltr'>subvenitur;</span> <span class='ocrx_word' id='word_1_81' title='bbox 1030 927 1160 965; x_wconf 89' lang='lat' dir='ltr'>cum</span> <span class='ocrx_word' id='word_1_82' title='bbox 1186 927 1313 966; x_wconf 84' lang='lat' dir='ltr'>vero</span> <span class='ocrx_word' id='word_1_83' title='bbox 1345 927 1548 966; x_wconf 90' lang='lat' dir='ltr'>eorum</span> <span class='ocrx_word' id='word_1_84' title='bbox 1571 910 1861 966; x_wconf 91' lang='lat' dir='ltr'>oblatione</span> <span class='ocrx_word' id='word_1_85' title='bbox 1885 911 2151 982; x_wconf 83' lang='lat' dir='ltr'>ipsorum</span> <span class='ocrx_word' id='word_1_86' title='bbox 2261 908 2561 965; x_wconf 89' lang='lat' dir='ltr'>interesse.</span> <span class='ocrx_word' id='word_1_87' title='bbox 2597 909 2786 966; x_wconf 86' lang='lat' dir='ltr'>Habes</span> <span class='ocrx_word' id='word_1_88' title='bbox 2818 910 2973 965; x_wconf 90' lang='lat' dir='ltr'>enim</span> <span class='ocrx_word' id='word_1_89' title='bbox 3007 908 3378 982; x_wconf 90' lang='lat' dir='ltr'>quamplures</span> <span class='ocrx_word' id='word_1_90' title='bbox 3407 909 3667 964; x_wconf 89' lang='lat' dir='ltr'>etTuccas</span> <span class='ocrx_word' id='word_1_91' title='bbox 3685 916 3729 965; x_wconf 89' lang='lat' dir='ltr'>et</span> <span class='ocrx_word' id='word_1_92' title='bbox 3745 911 3820 965; x_wconf 86' lang='lat' dir='ltr'>Va-</span> 
     </span>
    </p>
   </div>
   <div class='ocr_carea' id='block_1_8' title="bbox 508 997 3819 1072">
    <p class='ocr_par' dir='ltr' id='par_1_8' title="bbox 508 997 3819 1072">
     <span class='ocr_line' id='line_1_8' title="bbox 508 997 3819 1072; baseline -0 -18"><span class='ocrx_word' id='word_1_93' title='bbox 508 1001 840 1072; x_wconf 87' lang='lat' dir='ltr'>principum</span> <span class='ocrx_word' id='word_1_94' title='bbox 901 999 1287 1056; x_wconf 86' lang='lat' dir='ltr'>benivolentia</span> <span class='ocrx_word' id='word_1_95' title='bbox 1325 1005 1715 1069; x_wconf 84' lang='lat' dir='ltr'>comparatur,</span> <span class='ocrx_word' id='word_1_96' title='bbox 1747 999 1945 1072; x_wconf 87' lang='lat' dir='ltr'>procul</span> <span class='ocrx_word' id='word_1_97' title='bbox 1972 999 2151 1054; x_wconf 93' lang='lat' dir='ltr'>dubio</span> <span class='ocrx_word' id='word_1_98' title='bbox 2261 1013 2375 1064; x_wconf 90' lang='lat' dir='ltr'>ros,</span> <span class='ocrx_word' id='word_1_99' title='bbox 2411 997 2629 1070; x_wconf 84' lang='lat' dir='ltr'>quibus</span> <span class='ocrx_word' id='word_1_100' title='bbox 2661 999 2903 1054; x_wconf 88' lang='lat' dir='ltr'>minime</span> <span class='ocrx_word' id='word_1_101' title='bbox 2935 999 3012 1054; x_wconf 85' lang='lat' dir='ltr'>sit</span> <span class='ocrx_word' id='word_1_102' title='bbox 3043 997 3225 1054; x_wconf 89' lang='lat' dir='ltr'>moris</span> <span class='ocrx_word' id='word_1_103' title='bbox 3273 997 3471 1053; x_wconf 90' lang='lat' dir='ltr'>alienis</span> <span class='ocrx_word' id='word_1_104' title='bbox 3504 997 3686 1053; x_wconf 81' lang='lat' dir='ltr'>studiis</span> <span class='ocrx_word' id='word_1_105' title='bbox 3709 999 3819 1053; x_wconf 85' lang='lat' dir='ltr'>invi-</span> 
     </span>
    </p>
   </div>
   <div class='ocr_carea' id='block_1_9' title="bbox 506 1085 3820 1161">
    <p class='ocr_par' dir='ltr' id='par_1_9' title="bbox 506 1085 3820 1161">
     <span class='ocr_line' id='line_1_9' title="bbox 506 1085 3820 1161; baseline -0.001 -16"><span class='ocrx_word' id='word_1_106' title='bbox 506 1091 746 1146; x_wconf 87' lang='lat' dir='ltr'>avaritia</span> <span class='ocrx_word' id='word_1_107' title='bbox 773 1089 1011 1145; x_wconf 86' lang='lat' dir='ltr'>illorum</span> <span class='ocrx_word' id='word_1_108' title='bbox 1044 1089 1268 1145; x_wconf 90' lang='lat' dir='ltr'>occulto</span> <span class='ocrx_word' id='word_1_109' title='bbox 1301 1089 1556 1161; x_wconf 90' lang='lat' dir='ltr'>quodam</span> <span class='ocrx_word' id='word_1_110' title='bbox 1606 1087 1790 1159; x_wconf 79' lang='lat' dir='ltr'>elogio</span> <span class='ocrx_word' id='word_1_111' title='bbox 1845 1089 2152 1159; x_wconf 86' lang='lat' dir='ltr'>exprobra-</span> <span class='ocrx_word' id='word_1_112' title='bbox 2261 1087 2414 1142; x_wconf 84' lang='lat' dir='ltr'>dere.</span> <span class='ocrx_word' id='word_1_113' title='bbox 2440 1087 2657 1143; x_wconf 91' lang='lat' dir='ltr'>Horum</span> <span class='ocrx_word' id='word_1_114' title='bbox 2683 1087 3056 1156; x_wconf 84' lang='lat' dir='ltr'>ﬁdei,horum</span> <span class='ocrx_word' id='word_1_115' title='bbox 3072 1086 3339 1143; x_wconf 86' lang='lat' dir='ltr'>charitati</span> <span class='ocrx_word' id='word_1_116' title='bbox 3355 1085 3592 1142; x_wconf 89' lang='lat' dir='ltr'>laborem</span> <span class='ocrx_word' id='word_1_117' title='bbox 3612 1092 3820 1143; x_wconf 85' lang='lat' dir='ltr'>nostrum</span> 
     </span>
    </p>
   </div>
   <div class='ocr_carea' id='block_1_10' title="bbox 508 1175 3819 1250">
    <p class='ocr_par' dir='ltr' id='par_1_10' title="bbox 508 1175 3819 1250">
     <span class='ocr_line' id='line_1_10' title="bbox 508 1175 3819 1250; baseline -0.001 -16"><span class='ocrx_word' id='word_1_118' title='bbox 508 1185 628 1247; x_wconf 88' lang='lat' dir='ltr'>tur;</span> <span class='ocrx_word' id='word_1_119' title='bbox 651 1195 832 1250; x_wconf 89' lang='lat' dir='ltr'>neque</span> <span class='ocrx_word' id='word_1_120' title='bbox 854 1178 1011 1235; x_wconf 91' lang='lat' dir='ltr'>enim</span> <span class='ocrx_word' id='word_1_121' title='bbox 1048 1178 1256 1233; x_wconf 88' lang='lat' dir='ltr'>redimi</span> <span class='ocrx_word' id='word_1_122' title='bbox 1294 1177 1638 1233; x_wconf 88' lang='lat' dir='ltr'>muneribus</span> <span class='ocrx_word' id='word_1_123' title='bbox 1678 1181 1937 1248; x_wconf 86' lang='lat' dir='ltr'>possent,</span> <span class='ocrx_word' id='word_1_124' title='bbox 1961 1176 2009 1232; x_wconf 92' lang='lat' dir='ltr'>si</span> <span class='ocrx_word' id='word_1_125' title='bbox 2034 1193 2149 1232; x_wconf 92' lang='lat' dir='ltr'>non</span> <span class='ocrx_word' id='word_1_126' title='bbox 2261 1176 2612 1241; x_wconf 90' lang='lat' dir='ltr'>committes,</span> <span class='ocrx_word' id='word_1_127' title='bbox 2645 1179 2710 1230; x_wconf 88' lang='lat' dir='ltr'>ut</span> <span class='ocrx_word' id='word_1_128' title='bbox 2741 1192 2856 1231; x_wconf 93' lang='lat' dir='ltr'>non</span> <span class='ocrx_word' id='word_1_129' title='bbox 2900 1179 3126 1231; x_wconf 90' lang='lat' dir='ltr'>tantum</span> <span class='ocrx_word' id='word_1_130' title='bbox 3179 1175 3464 1246; x_wconf 88' lang='lat' dir='ltr'>superﬂua</span> <span class='ocrx_word' id='word_1_131' title='bbox 3482 1179 3718 1239; x_wconf 87' lang='lat' dir='ltr'>resecent,</span> <span class='ocrx_word' id='word_1_132' title='bbox 3745 1175 3819 1231; x_wconf 80' lang='lat' dir='ltr'>sed</span> 
     </span>
    </p>
   </div>
   <div class='ocr_carea' id='block_1_11' title="bbox 507 1263 3820 1339">
    <p class='ocr_par' dir='ltr' id='par_1_11' title="bbox 507 1263 3820 1339">
     <span class='ocr_line' id='line_1_11' title="bbox 507 1263 3820 1339; baseline -0.002 -15"><span class='ocrx_word' id='word_1_133' title='bbox 507 1285 626 1333; x_wconf 90' lang='lat' dir='ltr'>eos,</span> <span class='ocrx_word' id='word_1_134' title='bbox 651 1269 807 1339; x_wconf 92' lang='lat' dir='ltr'>quod</span> <span class='ocrx_word' id='word_1_135' title='bbox 824 1268 1104 1322; x_wconf 88' lang='lat' dir='ltr'>nimirum</span> <span class='ocrx_word' id='word_1_136' title='bbox 1129 1267 1356 1332; x_wconf 91' lang='lat' dir='ltr'>accidit,</span> <span class='ocrx_word' id='word_1_137' title='bbox 1380 1283 1450 1322; x_wconf 83' lang='lat' dir='ltr'>ex</span> <span class='ocrx_word' id='word_1_138' title='bbox 1471 1265 1571 1322; x_wconf 92' lang='lat' dir='ltr'>illo</span> <span class='ocrx_word' id='word_1_139' title='bbox 1609 1266 1864 1322; x_wconf 67' lang='lat' dir='ltr'>avaritiae</span> <span class='ocrx_word' id='word_1_140' title='bbox 1888 1270 2150 1322; x_wconf 89' lang='lat' dir='ltr'>monstro</span> <span class='ocrx_word' id='word_1_141' title='bbox 2260 1264 2466 1319; x_wconf 88' lang='lat' dir='ltr'>erratis</span> <span class='ocrx_word' id='word_1_142' title='bbox 2497 1280 2729 1336; x_wconf 88' lang='lat' dir='ltr'>quoque</span> <span class='ocrx_word' id='word_1_143' title='bbox 2759 1264 3097 1332; x_wconf 88' lang='lat' dir='ltr'>adhibeant,</span> <span class='ocrx_word' id='word_1_144' title='bbox 3129 1269 3185 1320; x_wconf 93' lang='lat' dir='ltr'>te</span> <span class='ocrx_word' id='word_1_145' title='bbox 3237 1263 3526 1336; x_wconf 83' lang='lat' dir='ltr'>probante,</span> <span class='ocrx_word' id='word_1_146' title='bbox 3574 1264 3820 1319; x_wconf 87' lang='lat' dir='ltr'>correctio-</span> 
     </span>
    </p>
   </div>
   <div class='ocr_carea' id='block_1_12' title="bbox 505 1351 3824 1428">
    <p class='ocr_par' dir='ltr' id='par_1_12' title="bbox 505 1351 3824 1428">
     <span class='ocr_line' id='line_1_12' title="bbox 505 1351 3824 1428; baseline -0.002 -16"><span class='ocrx_word' id='word_1_147' title='bbox 505 1357 635 1428; x_wconf 88' lang='lat' dir='ltr'>ipsa</span> <span class='ocrx_word' id='word_1_148' title='bbox 668 1372 908 1412; x_wconf 85' lang='lat' dir='ltr'>munera</span> <span class='ocrx_word' id='word_1_149' title='bbox 929 1355 1303 1423; x_wconf 88' lang='lat' dir='ltr'>delectarent,</span> <span class='ocrx_word' id='word_1_150' title='bbox 1338 1361 1446 1410; x_wconf 87' lang='lat' dir='ltr'>etc.</span> <span class='ocrx_word' id='word_1_151' title='bbox 1483 1360 1686 1427; x_wconf 81' lang='lat' dir='ltr'>Itaque</span> <span class='ocrx_word' id='word_1_152' title='bbox 1723 1355 1830 1410; x_wconf 88' lang='lat' dir='ltr'>hac</span> <span class='ocrx_word' id='word_1_153' title='bbox 1852 1356 1942 1409; x_wconf 83' lang='lat' dir='ltr'>via</span> <span class='ocrx_word' id='word_1_154' title='bbox 1965 1355 2149 1410; x_wconf 89' lang='lat' dir='ltr'>addu-</span> <span class='ocrx_word' id='word_1_155' title='bbox 2261 1368 2415 1408; x_wconf 91' lang='lat' dir='ltr'>nem.</span> <span class='ocrx_word' id='word_1_156' title='bbox 2444 1354 2641 1424; x_wconf 86' lang='lat' dir='ltr'>Itaque</span> <span class='ocrx_word' id='word_1_157' title='bbox 2659 1353 2767 1408; x_wconf 91' lang='lat' dir='ltr'>hoc</span> <span class='ocrx_word' id='word_1_158' title='bbox 2787 1369 2936 1426; x_wconf 90' lang='lat' dir='ltr'>opus</span> <span class='ocrx_word' id='word_1_159' title='bbox 2964 1370 3086 1410; x_wconf 71' lang='lat' dir='ltr'>sua:</span> <span class='ocrx_word' id='word_1_160' title='bbox 3108 1351 3518 1409; x_wconf 86' lang='lat' dir='ltr'>emendationis</span> <span class='ocrx_word' id='word_1_161' title='bbox 3533 1367 3683 1424; x_wconf 87' lang='lat' dir='ltr'>opera</span> <span class='ocrx_word' id='word_1_162' title='bbox 3699 1351 3824 1407; x_wconf 81' lang='lat' dir='ltr'>casti-</span> 
     </span>
    </p>
   </div>
   <div class='ocr_carea' id='block_1_13' title="bbox 506 1439 3823 1514">
    <p class='ocr_par' dir='ltr' id='par_1_13' title="bbox 506 1439 3823 1514">
     <span class='ocr_line' id='line_1_13' title="bbox 506 1439 3823 1514; baseline -0.001 -15"><span class='ocrx_word' id='word_1_163' title='bbox 506 1450 636 1499; x_wconf 89' lang='lat' dir='ltr'>ctus</span> <span class='ocrx_word' id='word_1_164' title='bbox 677 1461 808 1499; x_wconf 90' lang='lat' dir='ltr'>sum</span> <span class='ocrx_word' id='word_1_165' title='bbox 860 1449 922 1499; x_wconf 91' lang='lat' dir='ltr'>ut</span> <span class='ocrx_word' id='word_1_166' title='bbox 940 1442 1446 1498; x_wconf 88' lang='lat' dir='ltr'>ederemlibellum</span> <span class='ocrx_word' id='word_1_167' title='bbox 1466 1443 1542 1497; x_wconf 91' lang='lat' dir='ltr'>de</span> <span class='ocrx_word' id='word_1_168' title='bbox 1557 1443 2150 1514; x_wconf 85' lang='lat' dir='ltr'>circuliquadratura,</span> <span class='ocrx_word' id='word_1_169' title='bbox 2259 1445 2416 1513; x_wconf 92' lang='lat' dir='ltr'>gent,</span> <span class='ocrx_word' id='word_1_170' title='bbox 2451 1445 2516 1497; x_wconf 91' lang='lat' dir='ltr'>ut</span> <span class='ocrx_word' id='word_1_171' title='bbox 2549 1458 2663 1497; x_wconf 93' lang='lat' dir='ltr'>non</span> <span class='ocrx_word' id='word_1_172' title='bbox 2697 1442 2774 1497; x_wconf 89' lang='lat' dir='ltr'>sit</span> <span class='ocrx_word' id='word_1_173' title='bbox 2803 1442 3113 1514; x_wconf 88' lang='lat' dir='ltr'>indignum</span> <span class='ocrx_word' id='word_1_174' title='bbox 3147 1445 3300 1514; x_wconf 89' lang='lat' dir='ltr'>quod</span> <span class='ocrx_word' id='word_1_175' title='bbox 3327 1445 3423 1498; x_wconf 88' lang='lat' dir='ltr'>tuo</span> <span class='ocrx_word' id='word_1_176' title='bbox 3447 1440 3667 1505; x_wconf 90' lang='lat' dir='ltr'>nomini,</span> <span class='ocrx_word' id='word_1_177' title='bbox 3690 1439 3823 1496; x_wconf 84' lang='lat' dir='ltr'>veluti</span> 
     </span>
    </p>
   </div>
   <div class='ocr_carea' id='block_1_14' title="bbox 506 1529 3394 1604">
    <p class='ocr_par' dir='ltr' id='par_1_14' title="bbox 506 1529 3394 1604">
     <span class='ocr_line' id='line_1_14' title="bbox 506 1529 3394 1604; baseline 0 -18"><span class='ocrx_word' id='word_1_178' title='bbox 506 1531 797 1603; x_wconf 88' lang='lat' dir='ltr'>imperitia</span> <span class='ocrx_word' id='word_1_179' title='bbox 825 1531 1148 1604; x_wconf 90' lang='lat' dir='ltr'>plurimum</span> <span class='ocrx_word' id='word_1_180' title='bbox 1182 1531 1487 1598; x_wconf 83' lang='lat' dir='ltr'>renitente,</span> <span class='ocrx_word' id='word_1_181' title='bbox 1537 1533 1637 1587; x_wconf 89' lang='lat' dir='ltr'>sed</span> <span class='ocrx_word' id='word_1_182' title='bbox 1687 1533 1759 1588; x_wconf 90' lang='lat' dir='ltr'>ad</span> <span class='ocrx_word' id='word_1_183' title='bbox 1813 1531 2149 1588; x_wconf 86' lang='lat' dir='ltr'>temerarios</span> <span class='ocrx_word' id='word_1_184' title='bbox 2260 1530 2493 1586; x_wconf 90' lang='lat' dir='ltr'>cuidam</span> <span class='ocrx_word' id='word_1_185' title='bbox 2528 1529 2779 1598; x_wconf 90' lang='lat' dir='ltr'>numini,</span> <span class='ocrx_word' id='word_1_186' title='bbox 2809 1531 3026 1586; x_wconf 85' lang='lat' dir='ltr'>debeat</span> <span class='ocrx_word' id='word_1_187' title='bbox 3047 1532 3394 1587; x_wconf 90' lang='lat' dir='ltr'>consecrari.</span> 
     </span>
    </p>
   </div>
   <div class='ocr_carea' id='block_1_15' title="bbox 506 1619 2152 1694">
    <p class='ocr_par' dir='ltr' id='par_1_15' title="bbox 506 1619 2152 1694">
     <span class='ocr_line' id='line_1_15' title="bbox 506 1619 2152 1694; baseline 0 -19"><span class='ocrx_word' id='word_1_188' title='bbox 506 1637 686 1676; x_wconf 90' lang='lat' dir='ltr'>ausus</span> <span class='ocrx_word' id='word_1_189' title='bbox 720 1625 1063 1692; x_wconf 86' lang='lat' dir='ltr'>perurgente</span> <span class='ocrx_word' id='word_1_190' title='bbox 1093 1619 1419 1676; x_wconf 88' lang='lat' dir='ltr'>devotione.</span> <span class='ocrx_word' id='word_1_191' title='bbox 1485 1621 1603 1676; x_wconf 88' lang='lat' dir='ltr'>Hoc</span> <span class='ocrx_word' id='word_1_192' title='bbox 1632 1621 1808 1692; x_wconf 80' lang='lat' dir='ltr'>igitur</span> <span class='ocrx_word' id='word_1_193' title='bbox 1836 1637 1982 1694; x_wconf 92' lang='lat' dir='ltr'>opus</span> <span class='ocrx_word' id='word_1_194' title='bbox 2013 1635 2152 1691; x_wconf 88' lang='lat' dir='ltr'>quo-</span> 
     </span>
    </p>
   </div>
   <div class='ocr_carea' id='block_1_16' title="bbox 960 1714 3456 1780">
    <p class='ocr_par' dir='ltr' id='par_1_16' title="bbox 960 1714 3456 1780">
     <span class='ocr_line' id='line_1_16' title="bbox 960 1714 3456 1780; baseline -0 -6"><span class='ocrx_word' id='word_1_195' title='bbox 960 1718 1193 1774; x_wconf 89' lang='lat' dir='ltr'>DOMNI</span> <span class='ocrx_word' id='word_1_196' title='bbox 1224 1719 1620 1774; x_wconf 84' lang='lat' dir='ltr'>FRANCONIS</span> <span class='ocrx_word' id='word_1_197' title='bbox 1654 1719 1865 1774; x_wconf 90' lang='lat' dir='ltr'>LIBER</span> <span class='ocrx_word' id='word_1_198' title='bbox 1895 1717 2164 1774; x_wconf 84' lang='lat' dir='ltr'>PRIMUS</span> <span class='ocrx_word' id='word_1_199' title='bbox 2204 1715 2468 1772; x_wconf 83' lang='lat' dir='ltr'>INCIPIT</span> <span class='ocrx_word' id='word_1_200' title='bbox 2497 1715 2587 1772; x_wconf 86' lang='lat' dir='ltr'>DE</span> <span class='ocrx_word' id='word_1_201' title='bbox 2625 1715 3113 1780; x_wconf 86' lang='lat' dir='ltr'>QUADRATURA</span> <span class='ocrx_word' id='word_1_202' title='bbox 3145 1714 3456 1774; x_wconf 75' lang='lat' dir='ltr'>CIRCULI.</span> 
     </span>
    </p>
   </div>
   <div class='ocr_carea' id='block_1_17' title="bbox 576 1803 3823 1879">
    <p class='ocr_par' dir='ltr' id='par_1_17' title="bbox 576 1803 3823 1879">
     <span class='ocr_line' id='line_1_17' title="bbox 576 1803 3823 1879; baseline -0.001 -18"><span class='ocrx_word' id='word_1_203' title='bbox 576 1807 936 1873; x_wconf 88' lang='lat' dir='ltr'>Quadratura</span> <span class='ocrx_word' id='word_1_204' title='bbox 964 1806 1168 1862; x_wconf 90' lang='lat' dir='ltr'>circuli</span> <span class='ocrx_word' id='word_1_205' title='bbox 1231 1808 1382 1862; x_wconf 88' lang='lat' dir='ltr'>inter</span> <span class='ocrx_word' id='word_1_206' title='bbox 1409 1807 1669 1863; x_wconf 89' lang='lat' dir='ltr'>occultas</span> <span class='ocrx_word' id='word_1_207' title='bbox 1693 1823 1886 1864; x_wconf 90' lang='lat' dir='ltr'>rerum</span> <span class='ocrx_word' id='word_1_208' title='bbox 1907 1808 2046 1863; x_wconf 92' lang='lat' dir='ltr'>adeo</span> <span class='ocrx_word' id='word_1_209' title='bbox 2063 1811 2152 1863; x_wconf 90' lang='lat' dir='ltr'>est</span> <span class='ocrx_word' id='word_1_210' title='bbox 2183 1814 2230 1879; x_wconf 79' lang='grc' dir='ltr'>Β</span> <span class='ocrx_word' id='word_1_211' title='bbox 2259 1805 2594 1870; x_wconf 85' lang='lat' dir='ltr'>Gerbertus,</span> <span class='ocrx_word' id='word_1_212' title='bbox 2645 1803 2928 1876; x_wconf 87' lang='lat' dir='ltr'>multique</span> <span class='ocrx_word' id='word_1_213' title='bbox 2975 1803 3076 1860; x_wconf 88' lang='lat' dir='ltr'>alii</span> <span class='ocrx_word' id='word_1_214' title='bbox 3127 1805 3390 1861; x_wconf 88' lang='lat' dir='ltr'>studiose</span> <span class='ocrx_word' id='word_1_215' title='bbox 3435 1804 3823 1877; x_wconf 85' lang='lat' dir='ltr'>investigarunt;</span> 
     </span>
    </p>
   </div>
   <div class='ocr_carea' id='block_1_18' title="bbox 505 1892 3825 1967">
    <p class='ocr_par' dir='ltr' id='par_1_18' title="bbox 505 1892 3825 1967">
     <span class='ocr_line' id='line_1_18' title="bbox 505 1892 3825 1967; baseline -0.001 -16"><span class='ocrx_word' id='word_1_216' title='bbox 505 1896 778 1951; x_wconf 88' lang='lat' dir='ltr'>abstrusa</span> <span class='ocrx_word' id='word_1_217' title='bbox 796 1900 1034 1950; x_wconf 85' lang='lat' dir='ltr'>naturas</span> <span class='ocrx_word' id='word_1_218' title='bbox 1058 1900 1122 1951; x_wconf 90' lang='lat' dir='ltr'>ut</span> <span class='ocrx_word' id='word_1_219' title='bbox 1153 1896 1224 1952; x_wconf 90' lang='lat' dir='ltr'>de</span> <span class='ocrx_word' id='word_1_220' title='bbox 1257 1897 1384 1967; x_wconf 89' lang='lat' dir='ltr'>ejus</span> <span class='ocrx_word' id='word_1_221' title='bbox 1426 1897 1645 1952; x_wconf 88' lang='lat' dir='ltr'>ratione</span> <span class='ocrx_word' id='word_1_222' title='bbox 1668 1913 1838 1952; x_wconf 91' lang='lat' dir='ltr'>nemo</span> <span class='ocrx_word' id='word_1_223' title='bbox 1860 1897 2031 1952; x_wconf 89' lang='lat' dir='ltr'>hodie</span> <span class='ocrx_word' id='word_1_224' title='bbox 2060 1895 2148 1951; x_wconf 91' lang='lat' dir='ltr'>vel</span> <span class='ocrx_word' id='word_1_225' title='bbox 2257 1894 2357 1965; x_wconf 88' lang='lat' dir='ltr'>qui</span> <span class='ocrx_word' id='word_1_226' title='bbox 2391 1893 2440 1949; x_wconf 88' lang='lat' dir='ltr'>si</span> <span class='ocrx_word' id='word_1_227' title='bbox 2471 1894 2677 1949; x_wconf 83' lang='lat' dir='ltr'>ell‘ectu</span> <span class='ocrx_word' id='word_1_228' title='bbox 2710 1893 2878 1965; x_wconf 90' lang='lat' dir='ltr'>potiti</span> <span class='ocrx_word' id='word_1_229' title='bbox 2911 1892 3186 1960; x_wconf 78' lang='lat' dir='ltr'>fuissent,</span> <span class='ocrx_word' id='word_1_230' title='bbox 3223 1909 3363 1949; x_wconf 92' lang='lat' dir='ltr'>num</span> <span class='ocrx_word' id='word_1_231' title='bbox 3413 1894 3467 1948; x_wconf 93' lang='lat' dir='ltr'>id</span> <span class='ocrx_word' id='word_1_232' title='bbox 3513 1894 3580 1949; x_wconf 91' lang='lat' dir='ltr'>ab</span> <span class='ocrx_word' id='word_1_233' title='bbox 3606 1892 3703 1948; x_wconf 87' lang='lat' dir='ltr'>illis</span> <span class='ocrx_word' id='word_1_234' title='bbox 3729 1908 3825 1965; x_wconf 89' lang='lat' dir='ltr'>pro-</span> 
     </span>
    </p>
   </div>
   <div class='ocr_carea' id='block_1_19' title="bbox 504 1980 3825 2056">
    <p class='ocr_par' dir='ltr' id='par_1_19' title="bbox 504 1980 3825 2056">
     <span class='ocr_line' id='line_1_19' title="bbox 504 1980 3825 2056; baseline -0.001 -17"><span class='ocrx_word' id='word_1_235' title='bbox 504 1984 814 2052; x_wconf 79' lang='lat' dir='ltr'>dubitaret,</span> <span class='ocrx_word' id='word_1_236' title='bbox 846 1984 955 2039; x_wconf 82' lang='lat' dir='ltr'>nisi</span> <span class='ocrx_word' id='word_1_237' title='bbox 979 1983 1338 2054; x_wconf 89' lang='lat' dir='ltr'>Aristoteles,</span> <span class='ocrx_word' id='word_1_238' title='bbox 1364 2001 1537 2056; x_wconf 89' lang='lat' dir='ltr'>quem</span> <span class='ocrx_word' id='word_1_239' title='bbox 1569 1985 1745 2040; x_wconf 89' lang='lat' dir='ltr'>etiam</span> <span class='ocrx_word' id='word_1_240' title='bbox 1789 1986 2148 2040; x_wconf 89' lang='lat' dir='ltr'>inventorem</span> <span class='ocrx_word' id='word_1_241' title='bbox 2257 1982 2459 2050; x_wconf 88' lang='lat' dir='ltr'>fectos,</span> <span class='ocrx_word' id='word_1_242' title='bbox 2493 1998 2744 2053; x_wconf 90' lang='lat' dir='ltr'>quorum</span> <span class='ocrx_word' id='word_1_243' title='bbox 2775 1980 2956 2053; x_wconf 89' lang='lat' dir='ltr'>aliqui</span> <span class='ocrx_word' id='word_1_244' title='bbox 2989 1981 3184 2037; x_wconf 89' lang='lat' dir='ltr'>adhuc</span> <span class='ocrx_word' id='word_1_245' title='bbox 3234 1986 3563 2054; x_wconf 85' lang='lat' dir='ltr'>supersunt,</span> <span class='ocrx_word' id='word_1_246' title='bbox 3589 1981 3825 2036; x_wconf 74' lang='lat' dir='ltr'>universos</span> 
     </span>
    </p>
   </div>
   <div class='ocr_carea' id='block_1_20' title="bbox 506 2068 3823 2146">
    <p class='ocr_par' dir='ltr' id='par_1_20' title="bbox 506 2068 3823 2146">
     <span class='ocr_line' id='line_1_20' title="bbox 506 2068 3823 2146; baseline -0.002 -19"><span class='ocrx_word' id='word_1_247' title='bbox 506 2075 718 2138; x_wconf 88' lang='lat' dir='ltr'>ferunt,</span> <span class='ocrx_word' id='word_1_248' title='bbox 739 2073 923 2144; x_wconf 89' lang='lat' dir='ltr'>ipsius</span> <span class='ocrx_word' id='word_1_249' title='bbox 949 2073 1304 2128; x_wconf 87' lang='lat' dir='ltr'>mentionem</span> <span class='ocrx_word' id='word_1_250' title='bbox 1327 2074 1799 2146; x_wconf 68' lang='lat' dir='ltr'>praedicamentis</span> <span class='ocrx_word' id='word_1_251' title='bbox 1837 2073 1962 2130; x_wconf 91' lang='lat' dir='ltr'>suis</span> <span class='ocrx_word' id='word_1_252' title='bbox 2003 2073 2149 2128; x_wconf 89' lang='lat' dir='ltr'>indi-</span> <span class='ocrx_word' id='word_1_253' title='bbox 2257 2070 2507 2127; x_wconf 86' lang='lat' dir='ltr'>lateret?</span> <span class='ocrx_word' id='word_1_254' title='bbox 2536 2071 2607 2126; x_wconf 92' lang='lat' dir='ltr'>Et</span> <span class='ocrx_word' id='word_1_255' title='bbox 2635 2070 2895 2126; x_wconf 88' lang='lat' dir='ltr'>Gerherti</span> <span class='ocrx_word' id='word_1_256' title='bbox 2947 2071 3186 2143; x_wconf 91' lang='lat' dir='ltr'>quidem</span> <span class='ocrx_word' id='word_1_257' title='bbox 3238 2070 3604 2144; x_wconf 90' lang='lat' dir='ltr'>geometricus</span> <span class='ocrx_word' id='word_1_258' title='bbox 3649 2068 3823 2124; x_wconf 86' lang='lat' dir='ltr'>libellus</span> 
     </span>
    </p>
   </div>
   <div class='ocr_carea' id='block_1_21' title="bbox 504 2155 3824 2233">
    <p class='ocr_par' dir='ltr' id='par_1_21' title="bbox 504 2155 3824 2233">
     <span class='ocr_line' id='line_1_21' title="bbox 504 2155 3824 2233; baseline -0.002 -17"><span class='ocrx_word' id='word_1_259' title='bbox 504 2161 706 2217; x_wconf 90' lang='lat' dir='ltr'>disset.</span> <span class='ocrx_word' id='word_1_260' title='bbox 741 2162 880 2232; x_wconf 72' lang='lat' dir='ltr'>Ejus</span> <span class='ocrx_word' id='word_1_261' title='bbox 903 2161 1103 2233; x_wconf 89' lang='lat' dir='ltr'>itaque</span> <span class='ocrx_word' id='word_1_262' title='bbox 1137 2162 1442 2217; x_wconf 82' lang='lat' dir='ltr'>scientiam</span> <span class='ocrx_word' id='word_1_263' title='bbox 1475 2163 1630 2218; x_wconf 88' lang='lat' dir='ltr'>haud</span> <span class='ocrx_word' id='word_1_264' title='bbox 1682 2163 1922 2219; x_wconf 85' lang='lat' dir='ltr'>dubiam</span> <span class='ocrx_word' id='word_1_265' title='bbox 1955 2163 2152 2218; x_wconf 89' lang='lat' dir='ltr'>ferunt</span> <span class='ocrx_word' id='word_1_266' title='bbox 2257 2159 2508 2215; x_wconf 86' lang='lat' dir='ltr'>habetur</span> <span class='ocrx_word' id='word_1_267' title='bbox 2539 2159 2636 2231; x_wconf 74' lang='grc'>(1),</span> <span class='ocrx_word' id='word_1_268' title='bbox 2675 2157 2874 2230; x_wconf 87' lang='lat' dir='ltr'>aliqua</span> <span class='ocrx_word' id='word_1_269' title='bbox 2905 2159 3173 2230; x_wconf 86' lang='lat' dir='ltr'>ejusdem</span> <span class='ocrx_word' id='word_1_270' title='bbox 3207 2159 3443 2232; x_wconf 87' lang='lat' dir='ltr'>scripta,</span> <span class='ocrx_word' id='word_1_271' title='bbox 3491 2175 3522 2214; x_wconf 90' lang='lat' dir='ltr'>a</span> <span class='ocrx_word' id='word_1_272' title='bbox 3567 2157 3758 2231; x_wconf 87' lang='lat' dir='ltr'>quibus,</span> <span class='ocrx_word' id='word_1_273' title='bbox 3782 2155 3824 2210; x_wconf 88' lang='lat' dir='ltr'>ni</span> 
     </span>
    </p>
   </div>
   <div class='ocr_carea' id='block_1_22' title="bbox 505 2245 3826 2322">
    <p class='ocr_par' dir='ltr' id='par_1_22' title="bbox 505 2245 3826 2322">
     <span class='ocr_line' id='line_1_22' title="bbox 505 2245 3826 2322; baseline -0.002 -18"><span class='ocrx_word' id='word_1_274' title='bbox 505 2267 693 2322; x_wconf 90' lang='lat' dir='ltr'>usque</span> <span class='ocrx_word' id='word_1_275' title='bbox 713 2251 785 2305; x_wconf 86' lang='lat' dir='ltr'>ad</span> <span class='ocrx_word' id='word_1_276' title='bbox 809 2249 1116 2304; x_wconf 89' lang='lat' dir='ltr'>Boethium</span> <span class='ocrx_word' id='word_1_277' title='bbox 1134 2250 1480 2321; x_wconf 89' lang='lat' dir='ltr'>perdurasse</span> <span class='ocrx_word' id='word_1_278' title='bbox 1505 2269 1518 2317; x_wconf 91' lang='lat'><strong>;</strong></span> <span class='ocrx_word' id='word_1_279' title='bbox 1550 2251 1647 2306; x_wconf 90' lang='lat' dir='ltr'>illo</span> <span class='ocrx_word' id='word_1_280' title='bbox 1671 2256 1865 2307; x_wconf 89' lang='lat' dir='ltr'>autem</span> <span class='ocrx_word' id='word_1_281' title='bbox 1892 2250 2146 2318; x_wconf 90' lang='lat' dir='ltr'>sublato,</span> <span class='ocrx_word' id='word_1_282' title='bbox 2257 2246 2446 2313; x_wconf 84' lang='lat' dir='ltr'>fallor,</span> <span class='ocrx_word' id='word_1_283' title='bbox 2471 2262 2776 2318; x_wconf 90' lang='lat' dir='ltr'>nunquam</span> <span class='ocrx_word' id='word_1_284' title='bbox 2803 2246 3168 2316; x_wconf 86' lang='lat' dir='ltr'>exclusisset,</span> <span class='ocrx_word' id='word_1_285' title='bbox 3209 2248 3495 2320; x_wconf 89' lang='lat' dir='ltr'>siquidem</span> <span class='ocrx_word' id='word_1_286' title='bbox 3515 2247 3628 2318; x_wconf 89' lang='lat' dir='ltr'>ejus</span> <span class='ocrx_word' id='word_1_287' title='bbox 3643 2245 3826 2316; x_wconf 79' lang='lat' dir='ltr'>diligen-</span> 
     </span>
    </p>
   </div>
   <div class='ocr_carea' id='block_1_23' title="bbox 505 2333 3827 2410">
    <p class='ocr_par' dir='ltr' id='par_1_23' title="bbox 505 2333 3827 2410">
     <span class='ocr_line' id='line_1_23' title="bbox 505 2333 3827 2410; baseline -0.002 -18"><span class='ocrx_word' id='word_1_288' title='bbox 505 2339 633 2410; x_wconf 89' lang='lat' dir='ltr'>ipsa</span> <span class='ocrx_word' id='word_1_289' title='bbox 654 2355 884 2410; x_wconf 88' lang='lat' dir='ltr'>quoque</span> <span class='ocrx_word' id='word_1_290' title='bbox 903 2337 1094 2392; x_wconf 91' lang='lat' dir='ltr'>omnis</span> <span class='ocrx_word' id='word_1_291' title='bbox 1112 2337 1293 2392; x_wconf 83' lang='lat' dir='ltr'>simul</span> <span class='ocrx_word' id='word_1_292' title='bbox 1317 2337 1556 2406; x_wconf 87' lang='lat' dir='ltr'>interiit,</span> <span class='ocrx_word' id='word_1_293' title='bbox 1589 2344 1796 2410; x_wconf 80' lang='lat' dir='ltr'>praeter</span> <span class='ocrx_word' id='word_1_294' title='bbox 1819 2338 2003 2394; x_wconf 90' lang='lat' dir='ltr'>solam</span> <span class='ocrx_word' id='word_1_295' title='bbox 2037 2339 2149 2394; x_wconf 87' lang='lat' dir='ltr'>du-</span> <span class='ocrx_word' id='word_1_296' title='bbox 2225 2393 2230 2399; x_wconf 91' lang='lat'>_</span> <span class='ocrx_word' id='word_1_297' title='bbox 2256 2336 2346 2392; x_wconf 72' lang='lat' dir='ltr'>tiae</span> <span class='ocrx_word' id='word_1_298' title='bbox 2371 2352 2547 2408; x_wconf 87' lang='lat' dir='ltr'>super</span> <span class='ocrx_word' id='word_1_299' title='bbox 2566 2335 2676 2392; x_wconf 88' lang='lat' dir='ltr'>hac</span> <span class='ocrx_word' id='word_1_300' title='bbox 2695 2335 2940 2392; x_wconf 88' lang='lat' dir='ltr'>scientia</span> <span class='ocrx_word' id='word_1_301' title='bbox 2956 2341 3327 2409; x_wconf 86' lang='lat' dir='ltr'>compertum</span> <span class='ocrx_word' id='word_1_302' title='bbox 3349 2335 3561 2392; x_wconf 86' lang='lat' dir='ltr'>fuisset.</span> <span class='ocrx_word' id='word_1_303' title='bbox 3585 2333 3714 2390; x_wconf 86' lang='lat' dir='ltr'>Nihil</span> <span class='ocrx_word' id='word_1_304' title='bbox 3731 2347 3827 2404; x_wconf 86' lang='lat' dir='ltr'>ergo</span> 
     </span>
    </p>
   </div>
   <div class='ocr_carea' id='block_1_24' title="bbox 505 2422 3827 2496">
    <p class='ocr_par' dir='ltr' id='par_1_24' title="bbox 505 2422 3827 2496">
     <span class='ocr_line' id='line_1_24' title="bbox 505 2422 3827 2496; baseline -0.002 -14"><span class='ocrx_word' id='word_1_305' title='bbox 505 2426 849 2482; x_wconf 85' lang='lat' dir='ltr'>bitationem</span> <span class='ocrx_word' id='word_1_306' title='bbox 881 2441 1006 2496; x_wconf 79' lang='lat' dir='ltr'>quae</span> <span class='ocrx_word' id='word_1_307' title='bbox 1037 2424 1170 2479; x_wconf 89' lang='lat' dir='ltr'>talis</span> <span class='ocrx_word' id='word_1_308' title='bbox 1201 2442 1266 2480; x_wconf 87' lang='lat' dir='ltr'>ac</span> <span class='ocrx_word' id='word_1_309' title='bbox 1314 2431 1476 2482; x_wconf 87' lang='lat' dir='ltr'>tanta</span> <span class='ocrx_word' id='word_1_310' title='bbox 1522 2432 1610 2482; x_wconf 91' lang='lat' dir='ltr'>est</span> <span class='ocrx_word' id='word_1_311' title='bbox 1658 2433 1721 2482; x_wconf 89' lang='lat' dir='ltr'>ut</span> <span class='ocrx_word' id='word_1_312' title='bbox 1749 2427 1809 2482; x_wconf 91' lang='lat' dir='ltr'>in</span> <span class='ocrx_word' id='word_1_313' title='bbox 1841 2443 1909 2482; x_wconf 91' lang='lat' dir='ltr'>ea</span> <span class='ocrx_word' id='word_1_314' title='bbox 1944 2443 2148 2482; x_wconf 90' lang='lat' dir='ltr'>omnes</span> <span class='ocrx_word' id='word_1_315' title='bbox 2257 2423 2528 2480; x_wconf 80' lang='lat' dir='ltr'>volumus</span> <span class='ocrx_word' id='word_1_316' title='bbox 2561 2423 2922 2496; x_wconf 89' lang='lat' dir='ltr'>promittere,</span> <span class='ocrx_word' id='word_1_317' title='bbox 2956 2431 3164 2496; x_wconf 64' lang='lat' dir='ltr'>praeter</span> <span class='ocrx_word' id='word_1_318' title='bbox 3214 2425 3473 2480; x_wconf 87' lang='lat' dir='ltr'>studium</span> <span class='ocrx_word' id='word_1_319' title='bbox 3517 2428 3568 2479; x_wconf 91' lang='lat' dir='ltr'>et</span> <span class='ocrx_word' id='word_1_320' title='bbox 3610 2422 3827 2485; x_wconf 84' lang='lat' dir='ltr'>laborem,</span> 
     </span>
    </p>
   </div>
   <div class='ocr_carea' id='block_1_25' title="bbox 510 2508 3827 2588">
    <p class='ocr_par' dir='ltr' id='par_1_25' title="bbox 510 2508 3827 2588">
     <span class='ocr_line' id='line_1_25' title="bbox 510 2508 3827 2588; baseline -0.003 -18"><span class='ocrx_word' id='word_1_321' title='bbox 510 2512 934 2581; x_wconf 74' lang='lat' dir='ltr'>Itali:e,Gallize,</span> <span class='ocrx_word' id='word_1_322' title='bbox 959 2525 1132 2584; x_wconf 90' lang='lat' dir='ltr'>atque</span> <span class='ocrx_word' id='word_1_323' title='bbox 1153 2513 1475 2570; x_wconf 73' lang='lat' dir='ltr'>Germania:</span> <span class='ocrx_word' id='word_1_324' title='bbox 1489 2515 1807 2570; x_wconf 82' lang='lat' dir='ltr'>defecerint</span> <span class='ocrx_word' id='word_1_325' title='bbox 1832 2515 2146 2588; x_wconf 88' lang='lat' dir='ltr'>sapientes.</span> <span class='ocrx_word' id='word_1_326' title='bbox 2259 2512 2358 2586; x_wconf 88' lang='lat' dir='ltr'>qui</span> <span class='ocrx_word' id='word_1_327' title='bbox 2381 2513 2571 2584; x_wconf 89' lang='lat' dir='ltr'>primo</span> <span class='ocrx_word' id='word_1_328' title='bbox 2594 2513 2836 2568; x_wconf 86' lang='lat' dir='ltr'>sudabit</span> <span class='ocrx_word' id='word_1_329' title='bbox 2856 2512 2915 2567; x_wconf 90' lang='lat' dir='ltr'>in</span> <span class='ocrx_word' id='word_1_330' title='bbox 2936 2511 3036 2568; x_wconf 91' lang='lat' dir='ltr'>illa</span> <span class='ocrx_word' id='word_1_331' title='bbox 3057 2513 3400 2585; x_wconf 65' lang='lat' dir='ltr'>quaestione,</span> <span class='ocrx_word' id='word_1_332' title='bbox 3433 2529 3551 2586; x_wconf 69' lang='lat' dir='ltr'>quae</span> <span class='ocrx_word' id='word_1_333' title='bbox 3575 2508 3827 2584; x_wconf 84' lang='lat' dir='ltr'>plurimum</span> 
     </span>
    </p>
   </div>
   <div class='ocr_carea' id='block_1_26' title="bbox 507 2597 3827 2675">
    <p class='ocr_par' dir='ltr' id='par_1_26' title="bbox 507 2597 3827 2675">
     <span class='ocr_line' id='line_1_26' title="bbox 507 2597 3827 2675; baseline -0.003 -15"><span class='ocrx_word' id='word_1_334' title='bbox 507 2603 806 2675; x_wconf 83' lang='lat' dir='ltr'>Siquidem</span> <span class='ocrx_word' id='word_1_335' title='bbox 840 2603 989 2656; x_wconf 88' lang='lat' dir='ltr'>hanc</span> <span class='ocrx_word' id='word_1_336' title='bbox 1023 2605 1218 2657; x_wconf 91' lang='lat' dir='ltr'>noster</span> <span class='ocrx_word' id='word_1_337' title='bbox 1246 2602 1625 2670; x_wconf 86' lang='lat' dir='ltr'>Adelboldus,</span> <span class='ocrx_word' id='word_1_338' title='bbox 1672 2603 1823 2658; x_wconf 87' lang='lat' dir='ltr'>hanc</span> <span class='ocrx_word' id='word_1_339' title='bbox 1854 2604 2149 2660; x_wconf 83' lang='lat' dir='ltr'>maximus</span> <span class='ocrx_word' id='word_1_340' title='bbox 2257 2602 2430 2657; x_wconf 88' lang='lat' dir='ltr'>etiam</span> <span class='ocrx_word' id='word_1_341' title='bbox 2464 2601 2725 2673; x_wconf 86' lang='lat' dir='ltr'>fatigavit</span> <span class='ocrx_word' id='word_1_342' title='bbox 2756 2602 3011 2672; x_wconf 79' lang='lat' dir='ltr'>maiores</span> <span class='ocrx_word' id='word_1_343' title='bbox 3043 2608 3301 2670; x_wconf 90' lang='lat' dir='ltr'>nostros,</span> <span class='ocrx_word' id='word_1_344' title='bbox 3347 2603 3417 2658; x_wconf 93' lang='lat' dir='ltr'>de</span> <span class='ocrx_word' id='word_1_345' title='bbox 3463 2597 3827 2673; x_wconf 86' lang='lat' dir='ltr'>comparatione</span> 
     </span>
    </p>
   </div>
   <div class='ocr_carea' id='block_1_27' title="bbox 507 2689 3077 2764">
    <p class='ocr_par' dir='ltr' id='par_1_27' title="bbox 507 2689 3077 2764">
     <span class='ocr_line' id='line_1_27' title="bbox 507 2689 3077 2764; baseline -0.001 -16"><span class='ocrx_word' id='word_1_346' title='bbox 507 2693 809 2748; x_wconf 90' lang='lat' dir='ltr'>doctorum</span> <span class='ocrx_word' id='word_1_347' title='bbox 856 2692 1048 2758; x_wconf 88' lang='lat' dir='ltr'>Wazo,</span> <span class='ocrx_word' id='word_1_348' title='bbox 1099 2690 1248 2746; x_wconf 92' lang='lat' dir='ltr'>hanc</span> <span class='ocrx_word' id='word_1_349' title='bbox 1296 2691 1421 2762; x_wconf 85' lang='lat' dir='ltr'>ipse</span> <span class='ocrx_word' id='word_1_350' title='bbox 1469 2693 1801 2747; x_wconf 89' lang='lat' dir='ltr'>studiorum</span> <span class='ocrx_word' id='word_1_351' title='bbox 1851 2697 2151 2764; x_wconf 89' lang='lat' dir='ltr'>reparator</span> <span class='ocrx_word' id='word_1_352' title='bbox 2257 2689 2528 2745; x_wconf 89' lang='lat' dir='ltr'>videlicet</span> <span class='ocrx_word' id='word_1_353' title='bbox 2555 2689 2930 2762; x_wconf 83' lang='lat' dir='ltr'>angulorum,</span> <span class='ocrx_word' id='word_1_354' title='bbox 2965 2694 3077 2746; x_wconf 90' lang='lat' dir='ltr'>etc.</span> 
     </span>
    </p>
   </div>
   <div class='ocr_carea' id='block_1_28' title="bbox 1768 2787 2656 2846">
    <p class='ocr_par' dir='ltr' id='par_1_28' title="bbox 1768 2787 2656 2846">
     <span class='ocr_line' id='line_1_28' title="bbox 1768 2787 2656 2846; baseline 0 -3"><span class='ocrx_word' id='word_1_355' title='bbox 1768 2789 2142 2846; x_wconf 80' lang='lat' dir='ltr'>PROLOGUS</span> <span class='ocrx_word' id='word_1_356' title='bbox 2173 2787 2414 2845; x_wconf 88' lang='lat' dir='ltr'>TERTII</span> <span class='ocrx_word' id='word_1_357' title='bbox 2444 2787 2656 2843; x_wconf 82' lang='lat' dir='ltr'>LIBRI.</span> 
     </span>
    </p>
   </div>
   <div class='ocr_carea' id='block_1_29' title="bbox 580 2871 3829 2950">
    <p class='ocr_par' dir='ltr' id='par_1_29' title="bbox 580 2871 3829 2950">
     <span class='ocr_line' id='line_1_29' title="bbox 580 2871 3829 2950; baseline -0.003 -14"><span class='ocrx_word' id='word_1_358' title='bbox 580 2881 637 2936; x_wconf 88' lang='lat' dir='ltr'>Si</span> <span class='ocrx_word' id='word_1_359' title='bbox 671 2884 726 2934; x_wconf 89' lang='lat' dir='ltr'>tu</span> <span class='ocrx_word' id='word_1_360' title='bbox 761 2878 812 2934; x_wconf 93' lang='lat' dir='ltr'>is</span> <span class='ocrx_word' id='word_1_361' title='bbox 841 2878 1009 2945; x_wconf 89' lang='lat' dir='ltr'>isses,</span> <span class='ocrx_word' id='word_1_362' title='bbox 1043 2877 1255 2950; x_wconf 69' lang='lat' dir='ltr'>praasul</span> <span class='ocrx_word' id='word_1_363' title='bbox 1296 2877 1524 2946; x_wconf 89' lang='lat' dir='ltr'>eximie,</span> <span class='ocrx_word' id='word_1_364' title='bbox 1565 2879 1738 2950; x_wconf 90' lang='lat' dir='ltr'>cujus</span> <span class='ocrx_word' id='word_1_365' title='bbox 1791 2897 1909 2935; x_wconf 65' lang='lat' dir='ltr'>suae</span> <span class='ocrx_word' id='word_1_366' title='bbox 1941 2879 2146 2934; x_wconf 90' lang='lat' dir='ltr'>laudes</span> <span class='ocrx_word' id='word_1_367' title='bbox 2176 2880 2219 2946; x_wconf 79' lang='lat' dir='ltr'>C</span> <span class='ocrx_word' id='word_1_368' title='bbox 2259 2893 2392 2933; x_wconf 90' lang='lat' dir='ltr'>mus</span> <span class='ocrx_word' id='word_1_369' title='bbox 2423 2877 2716 2949; x_wconf 86' lang='lat' dir='ltr'>regnavit;</span> <span class='ocrx_word' id='word_1_370' title='bbox 2751 2877 2910 2934; x_wconf 88' lang='lat' dir='ltr'>ﬁlius</span> <span class='ocrx_word' id='word_1_371' title='bbox 2936 2877 3092 2950; x_wconf 88' lang='lat' dir='ltr'>apud</span> <span class='ocrx_word' id='word_1_372' title='bbox 3122 2876 3288 2950; x_wconf 90' lang='lat' dir='ltr'>ipsos</span> <span class='ocrx_word' id='word_1_373' title='bbox 3329 2877 3545 2950; x_wconf 89' lang='lat' dir='ltr'>primus</span> <span class='ocrx_word' id='word_1_374' title='bbox 3568 2871 3829 2948; x_wconf 85' lang='lat' dir='ltr'>imperavit.</span> 
     </span>
    </p>
   </div>
   <div class='ocr_carea' id='block_1_30' title="bbox 509 2959 3828 3038">
    <p class='ocr_par' dir='ltr' id='par_1_30' title="bbox 509 2959 3828 3038">
     <span class='ocr_line' id='line_1_30' title="bbox 509 2959 3828 3038; baseline -0.003 -15"><span class='ocrx_word' id='word_1_375' title='bbox 509 2967 774 3024; x_wconf 90' lang='lat' dir='ltr'>animum</span> <span class='ocrx_word' id='word_1_376' title='bbox 813 2967 1164 3023; x_wconf 87' lang='lat' dir='ltr'>delectarent</span> <span class='ocrx_word' id='word_1_377' title='bbox 1206 2971 1263 3022; x_wconf 90' lang='lat' dir='ltr'>et</span> <span class='ocrx_word' id='word_1_378' title='bbox 1301 2971 1626 3038; x_wconf 88' lang='lat' dir='ltr'>pascerent,</span> <span class='ocrx_word' id='word_1_379' title='bbox 1681 2967 1846 3024; x_wconf 91' lang='lat' dir='ltr'>nulla</span> <span class='ocrx_word' id='word_1_380' title='bbox 1875 2968 2152 3024; x_wconf 88' lang='lat' dir='ltr'>facundia</span> <span class='ocrx_word' id='word_1_381' title='bbox 2262 2967 2328 3021; x_wconf 92' lang='lat' dir='ltr'>Et</span> <span class='ocrx_word' id='word_1_382' title='bbox 2377 2965 2594 3036; x_wconf 89' lang='lat' dir='ltr'>quibus</span> <span class='ocrx_word' id='word_1_383' title='bbox 2643 2965 2759 3022; x_wconf 88' lang='lat' dir='ltr'>nisi</span> <span class='ocrx_word' id='word_1_384' title='bbox 2811 2965 2952 3037; x_wconf 85' lang='lat' dir='ltr'>illis,</span> <span class='ocrx_word' id='word_1_385' title='bbox 3003 2967 3320 3024; x_wconf 87' lang='lat' dir='ltr'>Germania</span> <span class='ocrx_word' id='word_1_386' title='bbox 3365 2967 3546 3037; x_wconf 90' lang='lat' dir='ltr'>debet,</span> <span class='ocrx_word' id='word_1_387' title='bbox 3593 2964 3723 3038; x_wconf 90' lang='lat' dir='ltr'>quod</span> <span class='ocrx_word' id='word_1_388' title='bbox 3747 2959 3828 3017; x_wconf 88' lang='lat' dir='ltr'>sibi</span> 
     </span>
    </p>
   </div>
   <div class='ocr_carea' id='block_1_31' title="bbox 508 3049 3829 3129">
    <p class='ocr_par' dir='ltr' id='par_1_31' title="bbox 508 3049 3829 3129">
     <span class='ocr_line' id='line_1_31' title="bbox 508 3049 3829 3129; baseline -0.003 -16"><span class='ocrx_word' id='word_1_389' title='bbox 508 3056 652 3113; x_wconf 86' lang='lat' dir='ltr'>satis</span> <span class='ocrx_word' id='word_1_390' title='bbox 678 3058 832 3112; x_wconf 90' lang='lat' dir='ltr'>esset</span> <span class='ocrx_word' id='word_1_391' title='bbox 859 3054 954 3109; x_wconf 89' lang='lat' dir='ltr'>his</span> <span class='ocrx_word' id='word_1_392' title='bbox 984 3071 1111 3126; x_wconf 68' lang='lat' dir='ltr'>quas</span> <span class='ocrx_word' id='word_1_393' title='bbox 1141 3059 1267 3110; x_wconf 90' lang='lat' dir='ltr'>tum</span> <span class='ocrx_word' id='word_1_394' title='bbox 1299 3055 1370 3110; x_wconf 92' lang='lat' dir='ltr'>de</span> <span class='ocrx_word' id='word_1_395' title='bbox 1401 3060 1456 3111; x_wconf 92' lang='lat' dir='ltr'>te</span> <span class='ocrx_word' id='word_1_396' title='bbox 1488 3055 1635 3127; x_wconf 89' lang='lat' dir='ltr'>ipso,</span> <span class='ocrx_word' id='word_1_397' title='bbox 1671 3060 1800 3111; x_wconf 92' lang='lat' dir='ltr'>tum</span> <span class='ocrx_word' id='word_1_398' title='bbox 1832 3057 1904 3112; x_wconf 90' lang='lat' dir='ltr'>de</span> <span class='ocrx_word' id='word_1_399' title='bbox 1935 3056 2057 3112; x_wconf 90' lang='lat' dir='ltr'>avis</span> <span class='ocrx_word' id='word_1_400' title='bbox 2079 3057 2152 3112; x_wconf 92' lang='lat' dir='ltr'>de</span> <span class='ocrx_word' id='word_1_401' title='bbox 2262 3069 2398 3110; x_wconf 90' lang='lat' dir='ltr'>cum</span> <span class='ocrx_word' id='word_1_402' title='bbox 2421 3058 2630 3110; x_wconf 91' lang='lat' dir='ltr'>cuncto</span> <span class='ocrx_word' id='word_1_403' title='bbox 2653 3055 2791 3111; x_wconf 90' lang='lat' dir='ltr'>orbe</span> <span class='ocrx_word' id='word_1_404' title='bbox 2810 3057 2940 3129; x_wconf 91' lang='lat' dir='ltr'>ipsa</span> <span class='ocrx_word' id='word_1_405' title='bbox 2959 3055 3206 3113; x_wconf 84' lang='lat' dir='ltr'>exsolvit</span> <span class='ocrx_word' id='word_1_406' title='bbox 3246 3057 3528 3113; x_wconf 89' lang='lat' dir='ltr'>tributum</span> <span class='ocrx_word' id='word_1_407' title='bbox 3562 3049 3829 3111; x_wconf 72' lang='lat' dir='ltr'>ItaliaiPer</span> 
     </span>
    </p>
   </div>
   <div class='ocr_carea' id='block_1_32' title="bbox 509 3134 3831 3217">
    <p class='ocr_par' dir='ltr' id='par_1_32' title="bbox 509 3134 3831 3217">
     <span class='ocr_line' id='line_1_32' title="bbox 509 3134 3831 3217; baseline -0.003 -17"><span class='ocrx_word' id='word_1_408' title='bbox 509 3146 734 3217; x_wconf 89' lang='lat' dir='ltr'>preavis</span> <span class='ocrx_word' id='word_1_409' title='bbox 763 3145 952 3216; x_wconf 90' lang='lat' dir='ltr'>deqne</span> <span class='ocrx_word' id='word_1_410' title='bbox 981 3143 1268 3199; x_wconf 90' lang='lat' dir='ltr'>universis</span> <span class='ocrx_word' id='word_1_411' title='bbox 1298 3144 1624 3215; x_wconf 86' lang='lat' dir='ltr'>majoribus</span> <span class='ocrx_word' id='word_1_412' title='bbox 1654 3145 1791 3213; x_wconf 91' lang='lat' dir='ltr'>tuis,</span> <span class='ocrx_word' id='word_1_413' title='bbox 1828 3162 1942 3200; x_wconf 91' lang='lat' dir='ltr'>non</span> <span class='ocrx_word' id='word_1_414' title='bbox 1975 3146 2152 3201; x_wconf 90' lang='lat' dir='ltr'>modo</span> <span class='ocrx_word' id='word_1_415' title='bbox 2263 3159 2412 3214; x_wconf 91' lang='lat' dir='ltr'>quos</span> <span class='ocrx_word' id='word_1_416' title='bbox 2435 3142 2582 3198; x_wconf 91' lang='lat' dir='ltr'>alios</span> <span class='ocrx_word' id='word_1_417' title='bbox 2618 3144 2801 3199; x_wconf 90' lang='lat' dir='ltr'>nostri</span> <span class='ocrx_word' id='word_1_418' title='bbox 2844 3143 3226 3216; x_wconf 89' lang='lat' dir='ltr'>imperatores</span> <span class='ocrx_word' id='word_1_419' title='bbox 3268 3143 3508 3202; x_wconf 91' lang='lat' dir='ltr'>Romani</span> <span class='ocrx_word' id='word_1_420' title='bbox 3529 3140 3712 3214; x_wconf 85' lang='lat' dir='ltr'>sceptri</span> <span class='ocrx_word' id='word_1_421' title='bbox 3733 3134 3831 3194; x_wconf 86' lang='lat' dir='ltr'>facti</span> 
     </span>
    </p>
   </div>
   <div class='ocr_carea' id='block_1_33' title="bbox 510 3228 3830 3305">
    <p class='ocr_par' dir='ltr' id='par_1_33' title="bbox 510 3228 3830 3305">
     <span class='ocr_line' id='line_1_33' title="bbox 510 3228 3830 3305; baseline 0 -15"><span class='ocrx_word' id='word_1_422' title='bbox 510 3236 904 3290; x_wconf 74' lang='lat' dir='ltr'>Romanorum</span> <span class='ocrx_word' id='word_1_423' title='bbox 935 3233 1035 3287; x_wconf 84' lang='lat' dir='ltr'>sed</span> <span class='ocrx_word' id='word_1_424' title='bbox 1066 3231 1396 3287; x_wconf 88' lang='lat' dir='ltr'>Graiorium</span> <span class='ocrx_word' id='word_1_425' title='bbox 1427 3249 1659 3304; x_wconf 89' lang='lat' dir='ltr'>quoque</span> <span class='ocrx_word' id='word_1_426' title='bbox 1699 3233 2054 3305; x_wconf 90' lang='lat' dir='ltr'>principium</span> <span class='ocrx_word' id='word_1_427' title='bbox 2083 3233 2153 3288; x_wconf 91' lang='lat' dir='ltr'>il-</span> <span class='ocrx_word' id='word_1_428' title='bbox 2265 3235 2402 3288; x_wconf 82' lang='lat' dir='ltr'>sunt</span> <span class='ocrx_word' id='word_1_429' title='bbox 2447 3247 2815 3288; x_wconf 87' lang='lat' dir='ltr'>successores</span> <span class='ocrx_word' id='word_1_430' title='bbox 2839 3231 2867 3287; x_wconf 87' lang='lat'><strong>?</strong></span> <span class='ocrx_word' id='word_1_431' title='bbox 2913 3232 3134 3288; x_wconf 84' lang='lat' dir='ltr'>Vellem</span> <span class='ocrx_word' id='word_1_432' title='bbox 3185 3234 3337 3289; x_wconf 88' lang='lat' dir='ltr'>mihi</span> <span class='ocrx_word' id='word_1_433' title='bbox 3385 3234 3593 3289; x_wconf 88' lang='lat' dir='ltr'>diceres</span> <span class='ocrx_word' id='word_1_434' title='bbox 3631 3247 3660 3286; x_wconf 90' lang='grc' dir='ltr'>ο</span> <span class='ocrx_word' id='word_1_435' title='bbox 3701 3228 3830 3290; x_wconf 62' lang='lat' dir='ltr'>Mm,</span> 
     </span>
    </p>
   </div>
   <div class='ocr_carea' id='block_1_34' title="bbox 508 3316 3830 3395">
    <p class='ocr_par' dir='ltr' id='par_1_34' title="bbox 508 3316 3830 3395">
     <span class='ocr_line' id='line_1_34' title="bbox 508 3316 3830 3395; baseline -0.001 -17"><span class='ocrx_word' id='word_1_436' title='bbox 508 3321 906 3390; x_wconf 89' lang='lat' dir='ltr'>lustrissimis,</span> <span class='ocrx_word' id='word_1_437' title='bbox 939 3321 1008 3376; x_wconf 90' lang='lat' dir='ltr'>de</span> <span class='ocrx_word' id='word_1_438' title='bbox 1041 3320 1248 3376; x_wconf 91' lang='lat' dir='ltr'>horum</span> <span class='ocrx_word' id='word_1_439' title='bbox 1281 3321 1606 3388; x_wconf 90' lang='lat' dir='ltr'>nobilitate,</span> <span class='ocrx_word' id='word_1_440' title='bbox 1631 3323 1701 3377; x_wconf 91' lang='lat' dir='ltr'>de</span> <span class='ocrx_word' id='word_1_441' title='bbox 1741 3323 2051 3395; x_wconf 83' lang='lat' dir='ltr'>dignitate,</span> <span class='ocrx_word' id='word_1_442' title='bbox 2085 3323 2156 3378; x_wconf 91' lang='lat' dir='ltr'>de</span> <span class='ocrx_word' id='word_1_443' title='bbox 2264 3319 2404 3392; x_wconf 89' lang='lat' dir='ltr'>quid</span> <span class='ocrx_word' id='word_1_444' title='bbox 2436 3319 2562 3376; x_wconf 77' lang='lat' dir='ltr'>tale</span> <span class='ocrx_word' id='word_1_445' title='bbox 2579 3320 2827 3376; x_wconf 91' lang='lat' dir='ltr'>contulit</span> <span class='ocrx_word' id='word_1_446' title='bbox 2855 3325 3046 3378; x_wconf 89' lang='lat' dir='ltr'>vestro</span> <span class='ocrx_word' id='word_1_447' title='bbox 3076 3321 3240 3378; x_wconf 92' lang='lat' dir='ltr'>Latio</span> <span class='ocrx_word' id='word_1_448' title='bbox 3283 3321 3380 3379; x_wconf 91' lang='lat' dir='ltr'>ille</span> <span class='ocrx_word' id='word_1_449' title='bbox 3423 3326 3572 3389; x_wconf 88' lang='lat' dir='ltr'>tuus,</span> <span class='ocrx_word' id='word_1_450' title='bbox 3615 3317 3696 3375; x_wconf 86' lang='lat' dir='ltr'>ille</span> <span class='ocrx_word' id='word_1_451' title='bbox 3719 3316 3830 3388; x_wconf 74' lang='lat' dir='ltr'>pius.</span> 
     </span>
    </p>
   </div>
   <div class='ocr_carea' id='block_1_35' title="bbox 509 3408 3832 3484">
    <p class='ocr_par' dir='ltr' id='par_1_35' title="bbox 509 3408 3832 3484">
     <span class='ocr_line' id='line_1_35' title="bbox 509 3408 3832 3484; baseline 0.001 -20"><span class='ocrx_word' id='word_1_452' title='bbox 509 3410 714 3483; x_wconf 87' lang='lat' dir='ltr'>gloria,</span> <span class='ocrx_word' id='word_1_453' title='bbox 747 3411 818 3464; x_wconf 93' lang='lat' dir='ltr'>de</span> <span class='ocrx_word' id='word_1_454' title='bbox 847 3408 1128 3480; x_wconf 90' lang='lat' dir='ltr'>potentia,</span> <span class='ocrx_word' id='word_1_455' title='bbox 1159 3409 1231 3464; x_wconf 94' lang='lat' dir='ltr'>de</span> <span class='ocrx_word' id='word_1_456' title='bbox 1269 3409 1472 3479; x_wconf 87' lang='lat' dir='ltr'>copiis,</span> <span class='ocrx_word' id='word_1_457' title='bbox 1523 3410 1594 3464; x_wconf 91' lang='lat' dir='ltr'>de</span> <span class='ocrx_word' id='word_1_458' title='bbox 1643 3410 2030 3482; x_wconf 88' lang='lat' dir='ltr'>amplitudine</span> <span class='ocrx_word' id='word_1_459' title='bbox 2060 3428 2154 3467; x_wconf 91' lang='lat' dir='ltr'>re-</span> <span class='ocrx_word' id='word_1_460' title='bbox 2264 3408 2363 3466; x_wconf 91' lang='lat' dir='ltr'>ille</span> <span class='ocrx_word' id='word_1_461' title='bbox 2386 3425 2658 3481; x_wconf 88' lang='lat' dir='ltr'>magnus,</span> <span class='ocrx_word' id='word_1_462' title='bbox 2682 3409 2780 3466; x_wconf 93' lang='lat' dir='ltr'>ille</span> <span class='ocrx_word' id='word_1_463' title='bbox 2802 3411 2912 3467; x_wconf 90' lang='lat' dir='ltr'>dea</span> <span class='ocrx_word' id='word_1_464' title='bbox 2941 3415 3116 3467; x_wconf 86' lang='lat' dir='ltr'>natus</span> <span class='ocrx_word' id='word_1_465' title='bbox 3137 3412 3371 3468; x_wconf 70' lang='lat' dir='ltr'>Encas.</span> <span class='ocrx_word' id='word_1_466' title='bbox 3401 3416 3663 3484; x_wconf 77' lang='lat' dir='ltr'>Agnosco,</span> <span class='ocrx_word' id='word_1_467' title='bbox 3690 3412 3832 3476; x_wconf 74' lang='lat' dir='ltr'>Augu-</span> 
     </span>
    </p>
   </div>
   <div class='ocr_carea' id='block_1_36' title="bbox 510 3490 3831 3574">
    <p class='ocr_par' dir='ltr' id='par_1_36' title="bbox 510 3490 3831 3574">
     <span class='ocr_line' id='line_1_36' title="bbox 510 3490 3831 3574; baseline -0 -21"><span class='ocrx_word' id='word_1_468' title='bbox 510 3515 664 3562; x_wconf 88' lang='lat' dir='ltr'>rum,</span> <span class='ocrx_word' id='word_1_469' title='bbox 686 3499 756 3552; x_wconf 92' lang='lat' dir='ltr'>de</span> <span class='ocrx_word' id='word_1_470' title='bbox 778 3496 1246 3568; x_wconf 67' lang='lat' dir='ltr'>praeclarissimis</span> <span class='ocrx_word' id='word_1_471' title='bbox 1266 3497 1456 3567; x_wconf 87' lang='lat' dir='ltr'>factis,</span> <span class='ocrx_word' id='word_1_472' title='bbox 1478 3497 1549 3552; x_wconf 91' lang='lat' dir='ltr'>de</span> <span class='ocrx_word' id='word_1_473' title='bbox 1571 3497 1802 3569; x_wconf 91' lang='lat' dir='ltr'>virtute,</span> <span class='ocrx_word' id='word_1_474' title='bbox 1827 3501 1898 3555; x_wconf 91' lang='lat' dir='ltr'>de</span> <span class='ocrx_word' id='word_1_475' title='bbox 1920 3501 2124 3572; x_wconf 88' lang='lat' dir='ltr'>sapien</span> <span class='ocrx_word' id='word_1_476' title='bbox 2140 3530 2153 3540; x_wconf 85' lang='lat'><strong>-</strong></span> <span class='ocrx_word' id='word_1_477' title='bbox 2264 3502 2375 3566; x_wconf 90' lang='lat' dir='ltr'>ste,</span> <span class='ocrx_word' id='word_1_478' title='bbox 2398 3502 2617 3570; x_wconf 89' lang='lat' dir='ltr'>quanto</span> <span class='ocrx_word' id='word_1_479' title='bbox 2639 3498 2718 3554; x_wconf 88' lang='lat' dir='ltr'>sit</span> <span class='ocrx_word' id='word_1_480' title='bbox 2740 3497 2894 3555; x_wconf 91' lang='lat' dir='ltr'>infra</span> <span class='ocrx_word' id='word_1_481' title='bbox 2924 3503 3095 3556; x_wconf 83' lang='lat' dir='ltr'>tuum</span> <span class='ocrx_word' id='word_1_482' title='bbox 3131 3515 3343 3574; x_wconf 92' lang='lat' dir='ltr'>genus,</span> <span class='ocrx_word' id='word_1_483' title='bbox 3385 3500 3494 3573; x_wconf 84' lang='lat' dir='ltr'>piis</span> <span class='ocrx_word' id='word_1_484' title='bbox 3529 3502 3581 3557; x_wconf 89' lang='lat' dir='ltr'>et</span> <span class='ocrx_word' id='word_1_485' title='bbox 3603 3490 3831 3570; x_wconf 70' lang='lat' dir='ltr'>praeclaris</span> 
     </span>
    </p>
   </div>
   <div class='ocr_carea' id='block_1_37' title="bbox 508 3583 3830 3661">
    <p class='ocr_par' dir='ltr' id='par_1_37' title="bbox 508 3583 3830 3661">
     <span class='ocr_line' id='line_1_37' title="bbox 508 3583 3830 3661; baseline -0.002 -19"><span class='ocrx_word' id='word_1_486' title='bbox 508 3586 609 3652; x_wconf 88' lang='lat' dir='ltr'>tia,</span> <span class='ocrx_word' id='word_1_487' title='bbox 641 3586 712 3642; x_wconf 91' lang='lat' dir='ltr'>de</span> <span class='ocrx_word' id='word_1_488' title='bbox 743 3583 968 3641; x_wconf 90' lang='lat' dir='ltr'>meritis</span> <span class='ocrx_word' id='word_1_489' title='bbox 998 3585 1260 3656; x_wconf 90' lang='lat' dir='ltr'>ipsorum</span> <span class='ocrx_word' id='word_1_490' title='bbox 1282 3586 1495 3655; x_wconf 88' lang='lat' dir='ltr'>jactari</span> <span class='ocrx_word' id='word_1_491' title='bbox 1546 3585 1820 3642; x_wconf 83' lang='lat' dir='ltr'>valerent.</span> <span class='ocrx_word' id='word_1_492' title='bbox 1873 3587 2153 3661; x_wconf 88' lang='lat' dir='ltr'>Virgilius</span> <span class='ocrx_word' id='word_1_493' title='bbox 2263 3587 2581 3644; x_wconf 89' lang='lat' dir='ltr'>Octonibus</span> <span class='ocrx_word' id='word_1_494' title='bbox 2607 3594 3031 3659; x_wconf 89' lang='lat' dir='ltr'>comparatum.</span> <span class='ocrx_word' id='word_1_495' title='bbox 3066 3590 3179 3645; x_wconf 90' lang='lat' dir='ltr'>Sed</span> <span class='ocrx_word' id='word_1_496' title='bbox 3203 3594 3330 3646; x_wconf 89' lang='lat' dir='ltr'>esto</span> <span class='ocrx_word' id='word_1_497' title='bbox 3354 3589 3522 3645; x_wconf 84' lang='lat' dir='ltr'>fuerit</span> <span class='ocrx_word' id='word_1_498' title='bbox 3541 3586 3660 3644; x_wconf 86' lang='lat' dir='ltr'>talis</span> <span class='ocrx_word' id='word_1_499' title='bbox 3678 3585 3830 3640; x_wconf 66' lang='lat' dir='ltr'>Encas</span> 
     </span>
    </p>
   </div>
   <div class='ocr_carea' id='block_1_38' title="bbox 508 3668 3828 3748">
    <p class='ocr_par' dir='ltr' id='par_1_38' title="bbox 508 3668 3828 3748">
     <span class='ocr_line' id='line_1_38' title="bbox 508 3668 3828 3748; baseline -0.003 -16"><span class='ocrx_word' id='word_1_500' title='bbox 508 3675 749 3748; x_wconf 87' lang='lat' dir='ltr'>cupiens</span> <span class='ocrx_word' id='word_1_501' title='bbox 778 3673 1565 3746; x_wconf 82' lang='lat' dir='ltr'>aparentibusmagnificare</span> <span class='ocrx_word' id='word_1_502' title='bbox 1586 3676 1938 3746; x_wconf 90' lang='lat' dir='ltr'>Augustum,</span> <span class='ocrx_word' id='word_1_503' title='bbox 1965 3677 2151 3733; x_wconf 68' lang='lat' dir='ltr'>[Enei-</span> <span class='ocrx_word' id='word_1_504' title='bbox 2261 3674 2382 3742; x_wconf 88' lang='lat' dir='ltr'>ille,</span> <span class='ocrx_word' id='word_1_505' title='bbox 2415 3675 2556 3746; x_wconf 90' lang='lat' dir='ltr'>quid</span> <span class='ocrx_word' id='word_1_506' title='bbox 2585 3678 2690 3732; x_wconf 87' lang='lat' dir='ltr'>tua</span> <span class='ocrx_word' id='word_1_507' title='bbox 2719 3675 2937 3732; x_wconf 84' lang='lat' dir='ltr'>refert?</span> <span class='ocrx_word' id='word_1_508' title='bbox 2965 3679 3052 3733; x_wconf 91' lang='lat' dir='ltr'>Tu</span> <span class='ocrx_word' id='word_1_509' title='bbox 3083 3677 3242 3734; x_wconf 86' lang='lat' dir='ltr'>enim</span> <span class='ocrx_word' id='word_1_510' title='bbox 3288 3679 3523 3735; x_wconf 66' lang='lat' dir='ltr'>[Eneam</span> <span class='ocrx_word' id='word_1_511' title='bbox 3563 3675 3647 3731; x_wconf 83' lang='lat' dir='ltr'>vix</span> <span class='ocrx_word' id='word_1_512' title='bbox 3691 3668 3828 3728; x_wconf 82' lang='lat' dir='ltr'>mille-</span> 
     </span>
    </p>
   </div>
   <div class='ocr_carea' id='block_1_39' title="bbox 506 3761 3830 3840">
    <p class='ocr_par' dir='ltr' id='par_1_39' title="bbox 506 3761 3830 3840">
     <span class='ocr_line' id='line_1_39' title="bbox 506 3761 3830 3840; baseline 0 -19"><span class='ocrx_word' id='word_1_513' title='bbox 506 3766 582 3821; x_wconf 83' lang='lat' dir='ltr'>da</span> <span class='ocrx_word' id='word_1_514' title='bbox 633 3765 728 3819; x_wconf 80' lang='lat' dir='ltr'>XII</span> <span class='ocrx_word' id='word_1_515' title='bbox 777 3761 944 3818; x_wconf 90' lang='lat' dir='ltr'>libris</span> <span class='ocrx_word' id='word_1_516' title='bbox 991 3761 1375 3835; x_wconf 87' lang='lat' dir='ltr'>conscripsit;</span> <span class='ocrx_word' id='word_1_517' title='bbox 1429 3767 1646 3834; x_wconf 91' lang='lat' dir='ltr'>quanto</span> <span class='ocrx_word' id='word_1_518' title='bbox 1704 3763 1972 3836; x_wconf 87' lang='lat' dir='ltr'>pluribus</span> <span class='ocrx_word' id='word_1_519' title='bbox 2003 3782 2152 3838; x_wconf 88' lang='lat' dir='ltr'>opus</span> <span class='ocrx_word' id='word_1_520' title='bbox 2261 3763 3830 3840; x_wconf 53' lang='lat' dir='ltr'>simusattingasnepos.PutasneigiturOctonumneposi</span> 
     </span>
    </p>
   </div>
   <div class='ocr_carea' id='block_1_40' title="bbox 504 3846 3831 3928">
    <p class='ocr_par' dir='ltr' id='par_1_40' title="bbox 504 3846 3831 3928">
     <span class='ocr_line' id='line_1_40' title="bbox 504 3846 3831 3928; baseline -0.003 -20"><span class='ocrx_word' id='word_1_521' title='bbox 504 3858 681 3918; x_wconf 87' lang='lat' dir='ltr'>esset,</span> <span class='ocrx_word' id='word_1_522' title='bbox 714 3852 764 3908; x_wconf 92' lang='lat' dir='ltr'>si</span> <span class='ocrx_word' id='word_1_523' title='bbox 791 3851 924 3924; x_wconf 90' lang='lat' dir='ltr'>quis</span> <span class='ocrx_word' id='word_1_524' title='bbox 952 3850 1123 3906; x_wconf 89' lang='lat' dir='ltr'>vellet</span> <span class='ocrx_word' id='word_1_525' title='bbox 1153 3849 1422 3924; x_wconf 89' lang='lat' dir='ltr'>colligere</span> <span class='ocrx_word' id='word_1_526' title='bbox 1453 3867 1582 3923; x_wconf 76' lang='lat' dir='ltr'>quae</span> <span class='ocrx_word' id='word_1_527' title='bbox 1613 3852 1863 3923; x_wconf 90' lang='lat' dir='ltr'>primus,</span> <span class='ocrx_word' id='word_1_528' title='bbox 1896 3869 2024 3924; x_wconf 61' lang='lat' dir='ltr'>qua:</span> <span class='ocrx_word' id='word_1_529' title='bbox 2055 3870 2150 3910; x_wconf 90' lang='lat' dir='ltr'>se-</span> <span class='ocrx_word' id='word_1_530' title='bbox 2260 3851 2309 3908; x_wconf 92' lang='lat' dir='ltr'>si</span> <span class='ocrx_word' id='word_1_531' title='bbox 2331 3850 2567 3924; x_wconf 90' lang='lat' dir='ltr'>qualem</span> <span class='ocrx_word' id='word_1_532' title='bbox 2591 3855 2656 3906; x_wconf 90' lang='lat' dir='ltr'>tu</span> <span class='ocrx_word' id='word_1_533' title='bbox 2674 3851 2983 3925; x_wconf 88' lang='lat' dir='ltr'>Virgilium</span> <span class='ocrx_word' id='word_1_534' title='bbox 3005 3853 3268 3921; x_wconf 88' lang='lat' dir='ltr'>haberet,</span> <span class='ocrx_word' id='word_1_535' title='bbox 3311 3855 3412 3928; x_wconf 92' lang='lat' dir='ltr'>qui</span> <span class='ocrx_word' id='word_1_536' title='bbox 3446 3869 3574 3911; x_wconf 88' lang='lat' dir='ltr'>eum</span> <span class='ocrx_word' id='word_1_537' title='bbox 3601 3846 3831 3908; x_wconf 78' lang='lat' dir='ltr'>extolleret</span> 
     </span>
    </p>
   </div>
   <div class='ocr_carea' id='block_1_41' title="bbox 504 3935 3829 4016">
    <p class='ocr_par' dir='ltr' id='par_1_41' title="bbox 504 3935 3829 4016">
     <span class='ocr_line' id='line_1_41' title="bbox 504 3935 3829 4016; baseline -0 -19"><span class='ocrx_word' id='word_1_538' title='bbox 504 3943 754 4008; x_wconf 89' lang='lat' dir='ltr'>cundus,</span> <span class='ocrx_word' id='word_1_539' title='bbox 785 3957 911 4011; x_wconf 70' lang='lat' dir='ltr'>qua:</span> <span class='ocrx_word' id='word_1_540' title='bbox 941 3940 1148 3996; x_wconf 89' lang='lat' dir='ltr'>tertius</span> <span class='ocrx_word' id='word_1_541' title='bbox 1167 3940 1351 4011; x_wconf 87' lang='lat' dir='ltr'>gessit</span> <span class='ocrx_word' id='word_1_542' title='bbox 1378 3939 1668 3996; x_wconf 85' lang='lat' dir='ltr'>Octonum</span> <span class='ocrx_word' id='word_1_543' title='bbox 1689 3941 1716 3996; x_wconf 91' lang='lat'><strong>?</strong></span> <span class='ocrx_word' id='word_1_544' title='bbox 1749 3957 2005 4014; x_wconf 92' lang='lat' dir='ltr'>quorum</span> <span class='ocrx_word' id='word_1_545' title='bbox 2035 3943 2151 4016; x_wconf 89' lang='lat' dir='ltr'>pri-</span> <span class='ocrx_word' id='word_1_546' title='bbox 2260 3939 2493 3996; x_wconf 8' lang='lat' dir='ltr'>aelaude</span> <span class='ocrx_word' id='word_1_547' title='bbox 2522 3943 2853 4010; x_wconf 88' lang='lat' dir='ltr'>parentum,</span> <span class='ocrx_word' id='word_1_548' title='bbox 2887 3945 3060 4014; x_wconf 80' lang='lat' dir='ltr'>putas</span> <span class='ocrx_word' id='word_1_549' title='bbox 3107 3958 3180 3999; x_wconf 88' lang='lat' dir='ltr'>ne</span> <span class='ocrx_word' id='word_1_550' title='bbox 3229 3947 3396 4001; x_wconf 86' lang='lat' dir='ltr'>tuam</span> <span class='ocrx_word' id='word_1_551' title='bbox 3441 3943 3641 4000; x_wconf 79' lang='lat' dir='ltr'>famam</span> <span class='ocrx_word' id='word_1_552' title='bbox 3665 3935 3829 4009; x_wconf 55' lang='lat' dir='ltr'>quin“</span> 
     </span>
    </p>
   </div>
   <div class='ocr_carea' id='block_1_42' title="bbox 508 4027 2973 4104">
    <p class='ocr_par' dir='ltr' id='par_1_42' title="bbox 508 4027 2973 4104">
     <span class='ocr_line' id='line_1_42' title="bbox 508 4027 2973 4104; baseline 0.001 -19"><span class='ocrx_word' id='word_1_553' title='bbox 508 4047 640 4085; x_wconf 90' lang='lat' dir='ltr'>mus</span> <span class='ocrx_word' id='word_1_554' title='bbox 671 4030 745 4083; x_wconf 88' lang='lat' dir='ltr'>ab</span> <span class='ocrx_word' id='word_1_555' title='bbox 775 4029 1019 4084; x_wconf 88' lang='lat' dir='ltr'>Henrico</span> <span class='ocrx_word' id='word_1_556' title='bbox 1072 4032 1234 4101; x_wconf 87' lang='lat' dir='ltr'>patre</span> <span class='ocrx_word' id='word_1_557' title='bbox 1279 4045 1387 4085; x_wconf 91' lang='lat' dir='ltr'>suo</span> <span class='ocrx_word' id='word_1_558' title='bbox 1435 4031 1699 4102; x_wconf 89' lang='lat' dir='ltr'>suscepit</span> <span class='ocrx_word' id='word_1_559' title='bbox 1746 4046 2015 4104; x_wconf 89' lang='lat' dir='ltr'>regnum,</span> <span class='ocrx_word' id='word_1_560' title='bbox 2047 4033 2150 4089; x_wconf 89' lang='lat' dir='ltr'>sed</span> <span class='ocrx_word' id='word_1_561' title='bbox 2260 4027 2447 4101; x_wconf 89' lang='lat' dir='ltr'>gloria</span> <span class='ocrx_word' id='word_1_562' title='bbox 2473 4028 2834 4086; x_wconf 81' lang='lat' dir='ltr'>oil‘uscaret?</span> <span class='ocrx_word' id='word_1_563' title='bbox 2862 4034 2973 4088; x_wconf 89' lang='lat' dir='ltr'>etc.</span> 
     </span>
    </p>
   </div>
   <div class='ocr_carea' id='block_1_43' title="bbox 509 4116 2152 4192">
    <p class='ocr_par' dir='ltr' id='par_1_43' title="bbox 509 4116 2152 4192">
     <span class='ocr_line' id='line_1_43' title="bbox 509 4116 2152 4192; baseline 0.003 -20"><span class='ocrx_word' id='word_1_564' title='bbox 509 4117 628 4173; x_wconf 86' lang='lat' dir='ltr'>lilio</span> <span class='ocrx_word' id='word_1_565' title='bbox 659 4117 896 4188; x_wconf 87' lang='lat' dir='ltr'>reliquit</span> <span class='ocrx_word' id='word_1_566' title='bbox 917 4116 1229 4189; x_wconf 88' lang='lat' dir='ltr'>imperium</span> <span class='ocrx_word' id='word_1_567' title='bbox 1257 4135 1272 4184; x_wconf 90' lang='lat'><strong>;</strong></span> <span class='ocrx_word' id='word_1_568' title='bbox 1297 4121 1462 4188; x_wconf 89' lang='lat' dir='ltr'>pater</span> <span class='ocrx_word' id='word_1_569' title='bbox 1489 4118 1642 4190; x_wconf 90' lang='lat' dir='ltr'>apud</span> <span class='ocrx_word' id='word_1_570' title='bbox 1674 4119 2008 4177; x_wconf 89' lang='lat' dir='ltr'>Theutones</span> <span class='ocrx_word' id='word_1_571' title='bbox 2042 4121 2152 4192; x_wconf 91' lang='lat' dir='ltr'>pri-</span> 
     </span>
    </p>
   </div>
   <div class='ocr_carea' id='block_1_44' title="bbox 577 4256 3834 4338">
    <p class='ocr_par' dir='ltr' id='par_1_44' title="bbox 577 4256 3834 4338">
     <span class='ocr_line' id='line_1_44' title="bbox 577 4256 3834 4338; baseline -0.001 -26"><span class='ocrx_word' id='word_1_572' title='bbox 577 4260 654 4330; x_wconf 91' lang='grc'>(1)</span> <span class='ocrx_word' id='word_1_573' title='bbox 687 4256 942 4338; x_wconf 63' lang='lat' dir='ltr'>Cerberti</span> <span class='ocrx_word' id='word_1_574' title='bbox 973 4258 1211 4338; x_wconf 69' lang='lat' dir='ltr'>quidem</span> <span class='ocrx_word' id='word_1_575' title='bbox 1241 4262 1298 4312; x_wconf 90' lang='lat' dir='ltr'>et</span> <span class='ocrx_word' id='word_1_576' title='bbox 1327 4257 1631 4338; x_wconf 80' lang='lat' dir='ltr'>Adelboldi</span> <span class='ocrx_word' id='word_1_577' title='bbox 1662 4259 1915 4338; x_wconf 72' lang='lat' dir='ltr'>legimus</span> <span class='ocrx_word' id='word_1_578' title='bbox 1935 4262 2154 4335; x_wconf 88' lang='lat' dir='ltr'>scripta</span> <span class='ocrx_word' id='word_1_579' title='bbox 2264 4264 2358 4320; x_wconf 89' lang='lat' dir='ltr'>nis</span> <span class='ocrx_word' id='word_1_580' title='bbox 2379 4266 2830 4338; x_wconf 88' lang='lat' dir='ltr'>(seuWasonis)</span> <span class='ocrx_word' id='word_1_581' title='bbox 2853 4264 2952 4338; x_wconf 84' lang='lat' dir='ltr'>qui</span> <span class='ocrx_word' id='word_1_582' title='bbox 2981 4263 3091 4338; x_wconf 80' lang='lat' dir='ltr'>fuit</span> <span class='ocrx_word' id='word_1_583' title='bbox 3111 4263 3427 4338; x_wconf 70' lang='lat' dir='ltr'>Franeonjs</span> <span class='ocrx_word' id='word_1_584' title='bbox 3449 4261 3834 4338; x_wconf 39' lang='lat' dir='ltr'>comtaneusgf</span> 
     </span>
    </p>
   </div>
   <div class='ocr_carea' id='block_1_45' title="bbox 509 4318 3837 4410">
    <p class='ocr_par' dir='ltr' id='par_1_45' title="bbox 509 4318 3837 4410">
     <span class='ocr_line' id='line_1_45' title="bbox 509 4318 3837 4410; baseline -0.002 -25"><span class='ocrx_word' id='word_1_585' title='bbox 509 4318 1040 4410; x_wconf 31' lang='lat' dir='ltr'>geoﬂmetricanapu‘d</span> <span class='ocrx_word' id='word_1_586' title='bbox 1073 4329 1322 4410; x_wconf 44' lang='lat' dir='ltr'>Regium.</span> <span class='ocrx_word' id='word_1_587' title='bbox 1349 4330 1618 4410; x_wconf 69' lang='lat' dir='ltr'>anecdot.</span> <span class='ocrx_word' id='word_1_588' title='bbox 1665 4318 1846 4410; x_wconf 44' lang='lat' dir='ltr'>Cm,</span> <span class='ocrx_word' id='word_1_589' title='bbox 1881 4339 2029 4410; x_wconf 81' lang='lat' dir='ltr'>part.</span> <span class='ocrx_word' id='word_1_590' title='bbox 2052 4318 2150 4402; x_wconf 49' lang='grc' dir='ltr'>ἠις</span> <span class='ocrx_word' id='word_1_591' title='bbox 2262 4318 3144 4410; x_wconf 42' lang='grc' dir='ltr'>ξδέῴὸῖᾕίἶῖᾡῖἆἸτθθξῦινίο-ιξώ</span> <span class='ocrx_word' id='word_1_592' title='bbox 3181 4318 3339 4410; x_wconf 54' lang='lat' dir='ltr'>Bibl.</span> <span class='ocrx_word' id='word_1_593' title='bbox 3357 4336 3505 4410; x_wconf 56' lang='lat' dir='ltr'>Lat,</span> <span class='ocrx_word' id='word_1_594' title='bbox 3530 4329 3665 4410; x_wconf 78' lang='lat' dir='ltr'>med.</span> <span class='ocrx_word' id='word_1_595' title='bbox 3685 4318 3837 4381; x_wconf 55' lang='lat' dir='ltr'>etiul&#39;n</span> 
     </span>
    </p>
   </div>
   <div class='ocr_carea' id='block_1_46' title="bbox 510 4399 3680 4476">
    <p class='ocr_par' dir='ltr' id='par_1_46' title="bbox 510 4399 3680 4476">
     <span class='ocr_line' id='line_1_46' title="bbox 510 4399 3680 4476; baseline -0.001 -20"><span class='ocrx_word' id='word_1_596' title='bbox 510 4399 565 4476; x_wconf 69' lang='grc' dir='ltr'><strong>ᾖ.</strong></span> <span class='ocrx_word' id='word_1_597' title='bbox 597 4404 742 4476; x_wconf 81' lang='lat' dir='ltr'>6,_et</span> <span class='ocrx_word' id='word_1_598' title='bbox 769 4417 825 4474; x_wconf 90' lang='lat' dir='ltr'>p.</span> <span class='ocrx_word' id='word_1_599' title='bbox 857 4399 939 4454; x_wconf 59' lang='lat'>82&#39;</span> <span class='ocrx_word' id='word_1_600' title='bbox 958 4417 1047 4476; x_wconf 83' lang='lat' dir='ltr'>sq.</span> <span class='ocrx_word' id='word_1_601' title='bbox 1083 4399 1390 4476; x_wconf 71' lang='lat' dir='ltr'>Adelboldj</span> <span class='ocrx_word' id='word_1_602' title='bbox 1431 4404 1625 4456; x_wconf 90' lang='lat' dir='ltr'>autem</span> <span class='ocrx_word' id='word_1_603' title='bbox 1661 4403 1745 4476; x_wconf 87' lang='lat' dir='ltr'>_de</span> <span class='ocrx_word' id='word_1_604' title='bbox 1791 4399 2153 4476; x_wconf 80' lang='lat' dir='ltr'>quadratura</span> <span class='ocrx_word' id='word_1_605' title='bbox 2261 4410 2304 4462; x_wconf 90' lang='lat' dir='ltr'>t.</span> <span class='ocrx_word' id='word_1_606' title='bbox 2339 4407 2428 4476; x_wconf 87' lang='lat' dir='ltr'>VI,</span> <span class='ocrx_word' id='word_1_607' title='bbox 2462 4409 2600 4464; x_wconf 89' lang='lat' dir='ltr'>edit.</span> <span class='ocrx_word' id='word_1_608' title='bbox 2628 4399 2827 4466; x_wconf 74' lang='lat' dir='ltr'>Patav.</span> <span class='ocrx_word' id='word_1_609' title='bbox 2861 4423 2996 4464; x_wconf 87' lang='lat' dir='ltr'>cum</span> <span class='ocrx_word' id='word_1_610' title='bbox 3033 4406 3243 4462; x_wconf 88' lang='lat' dir='ltr'>Mansii</span> <span class='ocrx_word' id='word_1_611' title='bbox 3270 4399 3680 4463; x_wconf 81' lang='lat' dir='ltr'>additamentis.</span> 
     </span>
    </p>
   </div>
   <div class='ocr_carea' id='block_1_47' title="bbox 508 4471 3680 4568">
    <p class='ocr_par' dir='ltr' id='par_1_47' title="bbox 508 4471 2424 4546">
     <span class='ocr_line' id='line_1_47' title="bbox 508 4471 2424 4546; baseline 0.002 -17"><span class='ocrx_word' id='word_1_612' title='bbox 508 4471 710 4529; x_wconf 69' lang='lat' dir='ltr'>circuli</span> <span class='ocrx_word' id='word_1_613' title='bbox 735 4471 1087 4545; x_wconf 83' lang='lat' dir='ltr'>opusculum</span> <span class='ocrx_word' id='word_1_614' title='bbox 1117 4476 1206 4528; x_wconf 90' lang='lat' dir='ltr'>est</span> <span class='ocrx_word' id='word_1_615' title='bbox 1227 4472 1382 4544; x_wconf 91' lang='lat' dir='ltr'>apud</span> <span class='ocrx_word' id='word_1_616' title='bbox 1409 4487 1503 4527; x_wconf 91' lang='lat' dir='ltr'>me</span> <span class='ocrx_word' id='word_1_617' title='bbox 1521 4488 1635 4528; x_wconf 90' lang='lat' dir='ltr'>ms.</span> <span class='ocrx_word' id='word_1_618' title='bbox 1659 4471 1922 4546; x_wconf 79' lang='lat' dir='ltr'>Denique</span> <span class='ocrx_word' id='word_1_619' title='bbox 1940 4475 2152 4532; x_wconf 86' lang='lat' dir='ltr'>Wazo-</span> <span class='ocrx_word' id='word_1_620' title='bbox 2415 4471 2424 4476; x_wconf 62' lang='grc'><strong><em>⁷</em></strong></span> 
     </span>
    </p>
   </div>
   <div class='ocr_carea' id='block_1_48' title="bbox 3283 4547 3838 4614">
    <p class='ocr_par' dir='ltr' id='par_1_48' title="bbox 3486 4547 3838 4581">
     <span class='ocr_line' id='line_1_48' title="bbox 3486 4547 3838 4581; baseline 0 -23"><span class='ocrx_word' id='word_1_621' title='bbox 3486 4547 3838 4581; x_wconf 69' lang='grc'>,.,,,</span> 
     </span>
    </p>
   </div>
   <div class='ocr_carea' id='block_1_49' title="bbox 513 4565 3280 4615">
    <p class='ocr_par' dir='ltr' id='par_1_49' title="bbox 513 4565 3280 4615">
     <span class='ocr_line' id='line_1_49' title="bbox 513 4565 3280 4615; baseline 0.003 -7"><span class='ocrx_word' id='word_1_622' title='bbox 513 4565 3280 4615; x_wconf 49' lang='lat' dir='ltr'><em>M</em></span> 
     </span>
    </p>
   </div>
   <div class='ocr_carea' id='block_1_50' title="bbox 1886 4679 2535 4721">
    <p class='ocr_par' dir='ltr' id='par_1_50' title="bbox 1886 4679 2535 4721">
     <span class='ocr_line' id='line_1_50' title="bbox 1886 4679 2535 4721; baseline 0.003 -3"><span class='ocrx_word' id='word_1_623' title='bbox 1886 4679 2039 4718; x_wconf 78' lang='lat' dir='ltr'>ANNO</span> <span class='ocrx_word' id='word_1_624' title='bbox 2075 4679 2276 4720; x_wconf 68' lang='lat' dir='ltr'>DOMINI</span> <span class='ocrx_word' id='word_1_625' title='bbox 2313 4681 2535 4721; x_wconf 77' lang='lat' dir='ltr'>MLXVII.</span> 
     </span>
    </p>
   </div>
   <div class='ocr_carea' id='block_1_51' title="bbox 1210 4789 3261 4962">
    <p class='ocr_par' dir='ltr' id='par_1_51' title="bbox 1210 4789 3261 4962">
     <span class='ocr_line' id='line_1_51' title="bbox 1210 4789 3261 4962; baseline 0.004 -9"><span class='ocrx_word' id='word_1_626' title='bbox 1210 4792 2000 4961; x_wconf 85' lang='lat' dir='ltr'>BEATUS</span> <span class='ocrx_word' id='word_1_627' title='bbox 2124 4789 3244 4962; x_wconf 84' lang='lat' dir='ltr'>MAURILIUS</span> 
     </span>
    </p>
   </div>
   <div class='ocr_carea' id='block_1_52' title="bbox 1579 5007 2830 5069">
    <p class='ocr_par' dir='ltr' id='par_1_52' title="bbox 1579 5007 2830 5069">
     <span class='ocr_line' id='line_1_52' title="bbox 1579 5007 2830 5069; baseline 0.002 -6"><span class='ocrx_word' id='word_1_628' title='bbox 1579 5007 2175 5067; x_wconf 86' lang='lat' dir='ltr'>ARCHIEPISCOPUS</span> <span class='ocrx_word' id='word_1_629' title='bbox 2205 5010 2830 5069; x_wconf 83' lang='lat' dir='ltr'>ROTHOMAGENSIS.</span> 
     </span>
    </p>
   </div>
   <div class='ocr_carea' id='block_1_53' title="bbox 1519 5180 2921 5278">
    <p class='ocr_par' dir='ltr' id='par_1_53' title="bbox 1519 5180 2921 5278">
     <span class='ocr_line' id='line_1_53' title="bbox 1519 5180 2921 5278; baseline -0.001 -4"><span class='ocrx_word' id='word_1_630' title='bbox 1519 5181 1808 5274; x_wconf 84' lang='lat' dir='ltr'>VITA</span> <span class='ocrx_word' id='word_1_631' title='bbox 1876 5181 2244 5275; x_wconf 90' lang='lat' dir='ltr'>BEATI</span> <span class='ocrx_word' id='word_1_632' title='bbox 2315 5180 2921 5278; x_wconf 84' lang='lat' dir='ltr'>MAURILII.</span> 
     </span>
    </p>
   </div>
   <div class='ocr_carea' id='block_1_54' title="bbox 1333 5331 3104 5406">
    <p class='ocr_par' dir='ltr' id='par_1_54' title="bbox 1333 5331 3104 5406">
     <span class='ocr_line' id='line_1_54' title="bbox 1333 5331 3104 5406; baseline -0.002 -16"><span class='ocrx_word' id='word_1_633' title='bbox 1333 5331 1597 5404; x_wconf 75' lang='lat' dir='ltr'>(MARILL.</span> <span class='ocrx_word' id='word_1_634' title='bbox 1629 5333 1781 5388; x_wconf 80' lang='lat' dir='ltr'>Acta.</span> <span class='ocrx_word' id='word_1_635' title='bbox 1812 5332 1909 5389; x_wconf 87' lang='lat' dir='ltr'>SS.</span> <span class='ocrx_word' id='word_1_636' title='bbox 1941 5332 2174 5402; x_wconf 70' lang='lat' dir='ltr'>Bendd.,</span> <span class='ocrx_word' id='word_1_637' title='bbox 2207 5335 2346 5388; x_wconf 72' lang='lat' dir='ltr'>Sane.</span> <span class='ocrx_word' id='word_1_638' title='bbox 2378 5332 2474 5399; x_wconf 91' lang='lat' dir='ltr'>VI,</span> <span class='ocrx_word' id='word_1_639' title='bbox 2506 5337 2655 5406; x_wconf 89' lang='lat' dir='ltr'>part.</span> <span class='ocrx_word' id='word_1_640' title='bbox 2694 5349 2756 5402; x_wconf 79' lang='grc' dir='ltr'>ιι,</span> <span class='ocrx_word' id='word_1_641' title='bbox 2787 5347 2919 5405; x_wconf 90' lang='lat' dir='ltr'>pag.</span> <span class='ocrx_word' id='word_1_642' title='bbox 2951 5333 3104 5401; x_wconf 89' lang='lat'>222.)</span> 
     </span>
    </p>
   </div>
   <div class='ocr_carea' id='block_1_55' title="bbox 2007 5111 2416 5126">
    <p class='ocr_par' dir='ltr' id='par_1_55' title="bbox 2007 5111 2416 5126">
     <span class='ocr_line' id='line_1_55' title="bbox 2007 5111 2416 5126; baseline 0.002 -2"><span class='ocrx_word' id='word_1_643' title='bbox 2007 5111 2416 5126; x_wconf 49' lang='grc' dir='ltr'><em>ᾜ</em></span> 
     </span>
    </p>
   </div>
   <div class='ocr_carea' id='block_1_56' title="bbox 2002 5436 2417 5451">
    <p class='ocr_par' dir='ltr' id='par_1_56' title="bbox 2002 5436 2417 5451">
     <span class='ocr_line' id='line_1_56' title="bbox 2002 5436 2417 5451; baseline 0.005 -4"><span class='ocrx_word' id='word_1_644' title='bbox 2002 5436 2417 5451; x_wconf 45' lang='lat'>*—</span> 
     </span>
    </p>
   </div>
   <div class='ocr_carea' id='block_1_57' title="bbox 593 5468 3831 5575">
    <p class='ocr_par' dir='ltr' id='par_1_57' title="bbox 593 5468 3831 5575">
     <span class='ocr_line' id='line_1_57' title="bbox 593 5468 3831 5575; baseline -0.007 -22"><span class='ocrx_word' id='word_1_645' title='bbox 593 5499 771 5554; x_wconf 87' lang='lat' dir='ltr'>I.Hoc</span> <span class='ocrx_word' id='word_1_646' title='bbox 783 5500 1048 5570; x_wconf 79' lang='lat' dir='ltr'>praesenti</span> <span class='ocrx_word' id='word_1_647' title='bbox 1063 5498 1275 5555; x_wconf 65' lang='lat' dir='ltr'>saeculo</span> <span class='ocrx_word' id='word_1_648' title='bbox 1293 5501 1822 5574; x_wconf 83' lang='lat' dir='ltr'>Rothomagensem</span> <span class='ocrx_word' id='word_1_649' title='bbox 1846 5499 2160 5557; x_wconf 89' lang='lat' dir='ltr'>Ecclesiam</span> <span class='ocrx_word' id='word_1_650' title='bbox 2190 5504 2238 5570; x_wconf 88' lang='lat' dir='ltr'><strong>D</strong></span> <span class='ocrx_word' id='word_1_651' title='bbox 2270 5501 2439 5558; x_wconf 88' lang='lat' dir='ltr'>rilius</span> <span class='ocrx_word' id='word_1_652' title='bbox 2468 5503 2714 5559; x_wconf 90' lang='lat' dir='ltr'>antistes</span> <span class='ocrx_word' id='word_1_653' title='bbox 2747 5501 3072 5575; x_wconf 89' lang='lat' dir='ltr'>piissimus,</span> <span class='ocrx_word' id='word_1_654' title='bbox 3103 5501 3271 5572; x_wconf 89' lang='lat' dir='ltr'>cujus</span> <span class='ocrx_word' id='word_1_655' title='bbox 3317 5497 3514 5553; x_wconf 89' lang='lat' dir='ltr'>laudes</span> <span class='ocrx_word' id='word_1_656' title='bbox 3541 5468 3831 5575; x_wconf 70' lang='lat' dir='ltr'>nobilissimi</span> 
     </span>
    </p>
   </div>
   <div class='ocr_carea' id='block_1_58' title="bbox 518 5568 3832 5666">
    <p class='ocr_par' dir='ltr' id='par_1_58' title="bbox 518 5568 3832 5666">
     <span class='ocr_line' id='line_1_58' title="bbox 518 5568 3832 5666; baseline -0.005 -25"><span class='ocrx_word' id='word_1_657' title='bbox 518 5568 928 5661; x_wconf 73' lang='lat' dir='ltr'>Lugdunensis</span> <span class='ocrx_word' id='word_1_658' title='bbox 958 5589 1224 5647; x_wconf 64' lang='lat' dir='ltr'>secundm</span> <span class='ocrx_word' id='word_1_659' title='bbox 1255 5568 1625 5663; x_wconf 75' lang='lat' dir='ltr'>metropolim</span> <span class='ocrx_word' id='word_1_660' title='bbox 1656 5589 1971 5649; x_wconf 87' lang='lat' dir='ltr'>illustravit</span> <span class='ocrx_word' id='word_1_661' title='bbox 2000 5590 2160 5648; x_wconf 82' lang='lat' dir='ltr'>Mau-</span> <span class='ocrx_word' id='word_1_662' title='bbox 2193 5568 2220 5570; x_wconf 20' lang='grc' dir='ltr'><strong>ἡ</strong></span> <span class='ocrx_word' id='word_1_663' title='bbox 2267 5591 2488 5666; x_wconf 88' lang='lat' dir='ltr'>quique</span> <span class='ocrx_word' id='word_1_664' title='bbox 2511 5593 2638 5665; x_wconf 89' lang='lat' dir='ltr'>ejus</span> <span class='ocrx_word' id='word_1_665' title='bbox 2660 5568 2766 5649; x_wconf 63' lang='lat' dir='ltr'>aevi</span> <span class='ocrx_word' id='word_1_666' title='bbox 2799 5591 3110 5664; x_wconf 88' lang='lat' dir='ltr'>scriptores</span> <span class='ocrx_word' id='word_1_667' title='bbox 3151 5568 3510 5647; x_wconf 71' lang='lat' dir='ltr'>celebrarunt</span> <span class='ocrx_word' id='word_1_668' title='bbox 3535 5600 3546 5651; x_wconf 89' lang='lat'>;</span> <span class='ocrx_word' id='word_1_669' title='bbox 3579 5570 3748 5634; x_wconf 86' lang='lat' dir='ltr'>nullus</span> <span class='ocrx_word' id='word_1_670' title='bbox 3771 5568 3832 5619; x_wconf 74' lang='grc' dir='ltr'>ιδ-</span> 
     </span>
    </p>
   </div>
  </div>
