4138 6186
343 284 509 363 .1377

1947 287 2168 359 vnn;

3602 308 3761 373 4373

351 436 507 492 men,
541 421 696 493 quod
731 420 968 494 quidem
1001 422 1206 491 sciam,
1234 422 1422 480 Vitam
1452 424 1582 496 ejus
1602 424 1812 481 litteris
1842 442 2004 481 man-
2031 423 2094 491 Α
2123 427 2432 483 educatum
2463 431 2646 487 fuisse
2701 450 2816 489 non
2873 432 3062 490 solum
3121 439 3468 494 recentiores
3499 438 3759 498 historici

343 507 532 600 davit.
552 508 911 600 ‘I‘lee-gobstat
930 511 1232 567 Trithemii
1267 511 1608 579 auctoritas,
1637 512 1736 584 qui
1770 513 1824 569 in
1858 531 2008 570 nova
2099 516 2703 587 -scripserunt,verum
2727 523 2904 578 etiam
2929 524 3082 579 idem
3103 529 3413 581 attestatur
3432 543 3761 600 anonymus

347 596 622 660 Chronici
663 598 1014 673 Hirsaugien
1027 601 1110 664 sis
1131 600 1495 673 Sangallensi
1528 601 1778 657 editione
1798 602 1868 657 ad
1899 620 2000 658 an-

345 703 491 742 num
519 687 654 744 1064
685 687 839 746 beati
865 689 1126 745 Maurilii
1151 693 1316 747 Gesta
1372 692 1684 762 conscripta
1736 708 1865 747 esse
1913 708 2000 747 re-

347 775 478 831 fert.
511 775 735 838 Quibus
775 777 970 832 verbis
1020 776 1167 832 nihil
1207 776 1366 834 aliud
1400 779 1646 835 fortasse
1699 778 2004 850 designare

345 863 530 920 voluit
562 863 659 919 ille
690 868 910 933 auctor,
936 870 1144 938 prater
1160 867 1321 922 varia
1351 866 1540 939 elogia
1597 867 1850 924 Maurilii
1899 885 2001 924 no-

343 953 476 1020 stri,
511 969 640 1025 qua
669 953 729 1008 in
782 953 956 1010 istius
1001 955 1282 1027 temporis
1341 955 1726 1027 scriptoribus
1783 957 2002 1029 passim

343 1045 676 1100 occurrant.
701 1041 850 1098 Huic
881 1044 1224 1116 conjectura
1256 1044 1407 1100 favet
1464 1045 1588 1116 ipse
1645 1045 2002 1102 Trithemius

342 1131 408 1188 in
439 1131 620 1188 altera
639 1131 903 1202 ejusdem
926 1131 1196 1188 Chronici
1219 1133 1489 1200 editione,
1523 1133 1625 1188 ubi
1655 1135 1805 1190 facta
1836 1135 2000 1191 Mau-

344 1218 462 1276 rilii
493 1219 728 1291 egregia
756 1220 1074 1288 mentione,
1103 1221 1224 1276 hac
1292 1221 1468 1277 verba
1525 1222 1869 1294 subjungit:
1925 1224 2003 1279 De

342 1309 500 1380 cujus
528 1311 722 1364 sancta
743 1311 1152 1366 couversatioue
1171 1311 1442 1381 praecelsa
1503 1311 1731 1366 laudum
1781 1327 1997 1382 praeo-

345 1398 446 1452 nia
481 1399 763 1468 feruntur.
788 1402 856 1452 Et
896 1397 1046 1453 libro
1097 1402 1304 1470 quarto
1366 1400 1442 1454 De
1489 1399 1630 1455 viris
1670 1397 1999 1456 illustribus

345 1485 570 1542 ordinis
599 1485 816 1542 nostris
834 1503 961 1558 cap.
1004 1488 1118 1541 :20.
1150 1486 1511 1544 Maurilius...
1546 1488 1612 1544 de
1660 1503 1765 1560 quo
1819 1489 2000 1547 multa

345 1575 488 1634 bona
513 1575 978 1634 narrantur.Sed
1011 1578 1069 1630 et
1099 1575 1319 1631 frustra
1337 1576 1408 1631 de
1437 1575 1544 1632 hac
1576 1593 1636 1632 re
1668 1576 1856 1634 fusius
1877 1577 1996 1633 dis-

341 1680 631 1730 seremus,
663 1680 796 1718 cum
831 1663 1085 1719 Maurilii
1113 1664 1264 1732 Vita,
1299 1664 1348 1720 si
1381 1682 1641 1737 unquam
1687 1665 1992 1730 exstiterit,

2113 609 2310 660 noster
2338 623 2517 678 supra
2546 608 2840 675 laudatus,
2873 627 2942 667 ex
2963 630 3076 685 quo
3099 614 3273 669 etiam
3319 616 3602 671 discimus
3623 634 3756 673 eum

2109 695 2243 762 post
2262 699 2532 750 navatam
2558 697 2937 771 philosophia
2959 701 3280 757 ediscenda
3307 704 3459 774 apud
3476 705 3752 760 Leodium

2109 783 2871 852 operam,Halberstatensis
2903 788 3167 844 Ecclesia
3200 790 3532 846 scholastici
3564 792 3756 864 digni-

2109 872 2288 924 tatem
2321 872 2663 930 obtinuisse.
2688 877 2796 930 Sed
2829 876 2949 931 hac
2967 878 3165 932 omnia
3187 879 3439 934 Maurilii
3467 879 3756 945 animum,

2109 958 2209 1028 qui
2263 961 2604 1031 perfectiora
2662 963 3018 1020 charismata
3075 966 3446 1035 aemulantur,
3503 968 3758 1024 detinere

2109 1063 2224 1102 non
2257 1052 2590 1119 potuerunt.
2623 1051 2808 1114 Quare
2839 1051 2896 1106 in
2956 1053 3368 1110 Fiscamnense
3397 1057 3751 1121 canobium,

2109 1135 2222 1202 cui,
2256 1140 2321 1190 ut
2350 1137 2586 1209 quidem
2615 1140 2759 1194 mihi
2805 1141 3052 1209 videtur,
3098 1151 3341 1213 praerat
3371 1147 3511 1199 tunc
3543 1145 3750 1201 beatus

2111 1223 2744 1294 Willelmus,secessit;
2772 1245 3025 1300 cumque
3047 1229 3265 1284 multos
3299 1231 3377 1285 ibi
3409 1248 3594 1287 annos
3624 1249 3753 1288 exe-

2107 1312 2309 1384 gisset.
2345 1314 2581 1369 obtenta
2601 1315 2847 1370 exeundi
2870 1316 3198 1384 licentia,in
3229 1318 3452 1387 Italiam
3476 1319 3638 1386 abiit,
3657 1321 3754 1375 ubi

2107 1418 2243 1456 cum
2275 1401 2557 1458 Gerberto
2589 1420 2696 1458 suo
2750 1404 2927 1468 socio,
2988 1405 3086 1475 qui
3146 1407 3527 1476 postmodum
3575 1408 3757 1463 abbas

2103 1491 2290 1546 sancti
2322 1491 2744 1564 Wandregesili
2773 1492 3012 1548 etractus
3043 1498 3151 1559 est,
3176 1494 3641 1550 anachoreticam
3673 1497 3755 1548 vi-

2108 1583 2228 1634 tam
2262 1579 2771 1652 duxit.Utriusque
2789 1587 3052 1636 sanctam
3086 1581 3142 1635 in
3177 1581 3293 1637 illis
3325 1583 3589 1654 partibus
3621 1600 3757 1638 con-

2102 1667 2494 1723 versationem
2553 1668 2882 1740 magniﬁcis
2913 1669 3102 1725 verbis
3155 1669 3378 1725 extollit
3405 1669 3754 1726 Guillelmus

333 1753 464 1824 jam
495 1751 667 1851 plane
685 1751 776 1852 .sit
798 1751 1016 1824 ignota.
1051 1753 1240 1818 Quare
1262 1753 1439 1852 breve
1468 1753 1602 1852 ejus.
1645 1752 1997 1826 elogium,ex
2026 1787 2076 1852 Β
2107 1755 2511 1823 Pictaviensis,
2535 1762 2738 1812 auctor
2756 1757 3017 1828 aqualis,
3041 1758 3097 1812 in
3121 1757 3270 1813 libro
3291 1759 3369 1813 De
3391 1759 3572 1831 gestis
3593 1759 3755 1814 Guil-

341 1841 524 1898 variis
546 1841 646 1914 qui
668 1841 739 1896 de
757 1856 827 1896 eo
847 1844 1096 1913 egerunt
1114 1856 1219 1913 pro
1245 1841 1385 1897 data
1415 1841 1719 1898 occasione
1748 1843 2000 1899 auctori-

342 1928 480 1996 bus',
511 1947 616 2002 pro
648 1946 810 1986 more
839 1935 1040 1986 nostro
1071 1929 1472 1986 conficiemus.

413 2022 471 2074 2.
499 2018 835 2074 Maurilium
869 2018 1066 2075 Remis
1085 2022 1288 2074 natum
1320 2019 1670 2075 diffiteretur
1700 2036 1892 2088 nemo,
1951 2021 2002 2076 si

297 2086 324 2106 ’
343 2107 654 2164 Ordericus
681 2106 888 2164 Vitalis
919 2106 1031 2162 sibi
1061 2107 1173 2179 ipsi
1204 2107 1584 2164 constitisset.
1642 2109 1716 2163 At
1769 2086 1902 2165 cum
1934 2108 2003 2164 li-

342 2196 451 2252 bro
483 2213 537 2250 1v
568 2195 834 2253 Historia
867 2211 986 2251 sua
1016 2194 1419 2251 ecclesiastica
1477 2196 1711 2252 beatum
1770 2197 2002 2253 antisti-

343 2288 466 2342 tem
498 2285 699 2341 Remis
729 2288 924 2341 ortum
955 2300 1026 2340 ex
1054 2284 1242 2356 ipsius
1258 2283 1553 2357 epitaphio
1574 2285 2002 2350 dixerit,aliun-

345 2373 536 2445 deque
560 2372 710 2429 libro
730 2390 766 2428 v
791 2373 1093 2444 scripserit
1114 2373 1384 2429 eumdem
1407 2390 1604 2444 genere
1623 2370 2002 2445 Moguntinum

349 2461 533 2518 fuisse
558 2478 570 2517 :
599 2462 700 2533 qui
735 2461 1110 2534 postmodum
1134 2461 1318 2517 secuti
1344 2467 1484 2518 sunt
1505 2466 1772 2519 auctores
1811 2463 2001 2520 varias

348 2551 411 2606 in
443 2551 764 2608 sententias
784 2550 1074 2607 abierunt.
1099 2551 1265 2606 Viam
1291 2552 1546 2608 mediam
1590 2551 1720 2607 iniit
1774 2553 1998 2609 Menar-

346 2641 462 2698 dus
482 2643 680 2696 noster
698 2641 758 2695 in
774 2640 926 2696 notis
942 2640 1013 2695 ad
1038 2640 1511 2712 Martyrologium
1537 2642 1996 2711 Benedictinum,

350 2729 450 2786 ubi
485 2727 825 2788 Maurilium
850 2728 1047 2784 Remis
1078 2728 1316 2799 quidem
1348 2733 1553 2786 natum
1605 2730 1838 2794 fatetur,
1898 2732 1998 2787 sed

348 2835 421 2874 ex
449 2818 790 2889 parentibus
818 2817 1179 2890 Maguntinis
1205 2835 1217 2872 :
1254 2834 1429 2889 quam
1465 2817 1702 2890 quidem
1725 2819 2000 2876 dirimen-

348 2907 435 2962 da
467 2905 586 2962 litis
609 2907 893 2962 rationem
925 2905 1092 2962 multi
1123 2911 1254 2977 post
1284 2923 1351 2962 ea
1372 2906 1681 2978 amplexati
1713 2913 1999 2981 suut.Ego

345 3011 482 3052 vero
505 2995 835 3052 deMaurilii
856 2995 1198 3066 parentibus
1212 2994 1360 3050 nihil
1385 2995 1570 3051 habeo
1593 2997 1748 3067 quod
1781 2996 1994 3066 dicam,

350 3100 490 3140 cum
521 3084 592 3142 ad
621 3083 680 3138 id
712 3083 875 3140 nulla
905 3087 1222 3156 suppetant
1252 3083 1667 3151 instrumenta,
1706 3085 1814 3141 nisi
1841 3087 1997 3157 quod

2112 1844 2272 1900 lelmi
2302 1845 2490 1912 ducis,
2528 1850 2728 1917 postea
2757 1844 2978 1917 Anglia
3010 1847 3188 1918 regis,
3220 1847 3317 1900 ubi
3347 1847 3431 1902 sic
3463 1846 3755 1919 loquitur:

2113 1934 2276 1988 Ambo
2306 1935 2366 1989 hi
2394 1936 2450 1988 in
2482 1939 2646 1991 aetate
2674 1937 3061 2005 ﬂorentissima
3106 1935 3478 2001 divinitatem,
3510 1939 3561 1990 et
3592 1953 3758 2006 quam

2110 2023 2371 2078 divinitas
2401 2025 2641 2092 largitur
2690 2025 3080 2086 beatitudinem
3126 2025 3413 2095 speculati,
3470 2026 3583 2080 alio
3610 2026 3756 2080 mul-

2111 2121 2267 2183 toque
2285 2115 2672 2184 perspicaciori
2697 2115 2895 2168 mentis
2915 2115 3171 2168 acumine
3199 2131 3364 2184 quam
3394 2113 3580 2180 Plato,
3608 2114 3755 2168 nuda

2108 2202 2442 2271 pro/essione
2472 2201 2855 2272 impedimenta
2886 2218 3068 2256 rerum
3107 2203 3494 2274 temporalium
3521 2219 3754 2268 evasere,

2110 2289 2444 2360 despicantes
2471 2291 2772 2346 mundana?
2790 2290 3152 2361 philosOphia
3180 2292 3481 2346 vehementi
3511 2293 3754 2363 applica-

2111 2379 2258 2433 tione
2284 2396 2318 2432 a
2352 2394 2411 2432 se
2438 2381 2621 2432 amata
2678 2379 2988 2449 gymnasia,
3018 2381 3193 2449 patrii
3231 2380 3337 2434 soli
3365 2380 3580 2434 dulcem
3607 2381 3756 2434 arri-

2107 2483 2250 2533 sum,
2283 2468 2473 2538 apibus
2503 2483 2566 2521 ac
2595 2469 2952 2535 generositate
2981 2468 3191 2522 claram
3218 2469 3581 2538 parentelam,
3609 2483 3757 2540 spem

2108 2557 2429 2611 sublimium
2455 2565 2821 2626 provectuum.
2881 2556 2970 2610 Sic
3025 2559 3218 2610 animo
3266 2559 3468 2613 victore
3495 2556 3754 2629 expediti,

2108 2661 2256 2698 nunc
2311 2644 2411 2698 sub
2459 2645 2595 2714 jugo
2643 2644 3032 2706 cmnobiorum,
3093 2661 3240 2698 nunc
3290 2646 3352 2698 in
3381 2647 3554 2699 eremi
3585 2645 3753 2711 lucta,

2107 2734 2328 2790 armatis
2379 2731 2807 2788 Maehabworum
2876 2732 3224 2786 decertabant
3289 2732 3598 2800 sudoribus,
3656 2747 3756 2801 pro

2110 2821 2514 2876 interminabiti
2541 2824 2590 2876 et
2623 2821 2954 2874 liberalitate
2999 2829 3049 2875 et
3077 2823 3277 2891 quiete,
3329 2836 3544 2874 omnem
3573 2821 3752 2873 extre-

2105 2913 2373 2976 mitatem,
2406 2909 2622 2963 nullam
2649 2908 3041 2979 praelationem
3073 2910 3134 2962 in
3161 2909 3357 2965 exsilio
3386 2908 3583 2963 mundi
3605 2922 3754 2980 prae-

2105 2999 2371 3054 tereuntis
2398 2997 2716 3052 ambientes.

2179 3089 2230 3142 4.
2264 3088 2450 3142 Tanta
2476 3085 2726 3140 Maurilli
2757 3085 2941 3142 virtus
2971 3085 3196 3141 diutius
3238 3085 3349 3140 sub
3379 3084 3573 3140 modio
3605 3084 3750 3141 deli-

349 3189 488 3230 eum
509 3174 724 3242 generis
749 3152 1043 3228 nobilitate
1061 3173 1452 3244 pracelluisse
1470 3178 1736 3230 asserant
1763 3152 1997 3231 Guillel-
2027 3152 2070 3219 Ο
2109 3181 2330 3231 tescere
2361 3191 2476 3230 non
2509 3174 2718 3246 potuit.
2755 3173 2894 3229 Hinc
2917 3178 2983 3229 ut
3011 3174 3142 3228 aliis
3172 3173 3347 3228 etiam
3381 3171 3543 3228 utilis
3574 3180 3749 3239 esset,

350 3278 486 3318 mus
517 3261 913 3327 Pictaviensis,
947 3266 1006 3316 et
1055 3261 1382 3318 monachus
1427 3279 1756 3334 anonymus
1813 3265 2001 3320 sancti

345 3350 617 3407 Audoeni
642 3350 1229 3423 Rothomagensis,au
1241 3354 1366 3408 ctor
1391 3353 1700 3407 Gestorum
1726 3353 2003 3426 archiepi-

348 3455 662 3511 scoporum
695 3439 1257 3511 Rothomagensium
1275 3439 1384 3510 ipsi
1399 3439 1663 3497 Maurilio
1676 3441 1920 3513 aqualis
1933 3459 2001 3498 ex

349 3527 715 3600 autographo
745 3527 938 3583 editus
961 3531 1116 3586 tomo
1136 3531 1185 3581 Il
1204 3526 1640 3596 Analectorum,
1665 3530 1766 3601 qui
1797 3531 2000 3601 paucis

345 3617 543 3674 verbis
574 3615 847 3688 praeclara
875 3615 946 3671 de
976 3620 1176 3672 sancto
1207 3615 1475 3672 Maurilio
1506 3617 1742 3690 scripsit
1769 3619 1828 3673 in
1872 3620 2000 3690 ejus

349 3705 494 3760 Vita
522 3704 890 3776 compendio.
925 3705 1029 3761 Hic
1057 3708 1276 3773 autem,
1310 3705 1479 3775 cujus
1518 3704 1712 3762 locum
1755 3706 2000 3764 inferius

348 3793 647 3866 integrum
676 3793 1348 3861 exhibebimus,diserte>
1395 3794 1608 3851 asserit
1662 3795 1999 3853 Maurilium

352 3882 534 3939 nobili
566 3881 838 3954 prosapia
866 3898 935 3938 ex
959 3883 1227 3939 Remensi
1264 3900 1413 3956 pago
1477 3887 1741 3940 exortum
1797 3877 1997 3942 fuisse.

348 3970 517 4028 Certe
543 3971 903 4042 huncipsum
935 3970 1131 4028 Remis
1151 3975 1357 4027 natum
1409 3973 1608 4044 negari
1664 3990 1778 4028 non
1829 3990 2003 4046 posse

345 4059 639 4126 existimo,
673 4076 806 4115 cum
838 4059 893 4114 id
927 4061 983 4116 in
1011 4058 1310 4130 epitaphio
1340 4059 1608 4131 sepulcro
1639 4062 1766 4130 ejus
1823 4079 2000 4135 appo-

347 4148 459 4204 sito
491 4147 729 4204 disertis
755 4164 1098 4220 expressum
1130 4148 1323 4204 verbis
1355 4147 1661 4204 habeatur.
1695 4149 1856 4211 Quod
1878 4151 2002 4222 qui-

343 4237 477 4302 dem
511 4236 877 4309 epitaphium
907 4252 1024 4293 non
1055 4237 1128 4292 ab
1163 4236 1402 4292 homine
1436 4236 1658 4308 ignoto,
1688 4241 1791 4292 aut
1822 4237 1998 4312 longo

345 4329 484 4398 post
511 4325 664 4384 beati
695 4325 976 4382 antistitis
1004 4323 1231 4382 obitum
1288 4329 1551 4397 tempore
1608 4327 1999 4398 compositum

348 4414 587 4484 fuit,sed
611 4431 644 4470 a
659 4414 782 4470 viro
806 4413 1539 4486 illustri,Rothomagensis
1560 4413 1824 4471 Ecclesia
1836 4433 2004 4473 cano-

2110 3263 2462 3320 monasterio
2493 3263 2726 3318 cuidam
2761 3263 2818 3317 in
2839 3264 3040 3318 eadem
3065 3262 3297 3333 regione
3318 3261 3622 3333 prafectus
3644 3266 3751 3317 est.

2109 3355 2234 3418 Qua
2262 3353 2322 3406 in
2348 3352 2727 3424 dignitate,ut
2755 3351 2964 3406 asserit
2994 3351 3149 3405 idem
3179 3349 3552 3415 Guillelmus,
3584 3366 3754 3422 supra

2108 3447 2332 3499 caeteros
2358 3441 2578 3496 abbates
2606 3442 2846 3497 eximius
2877 3441 3118 3495 emicuit.
3175 3439 3618 3506 Monasterium,
3661 3439 3752 3494 cui

2111 3530 2416 3587 Maurilius
2429 3529 2746 3601 prafuit,in
2762 3529 2891 3600 ipsa
2907 3529 3050 3584 urbe
3062 3527 3354 3583 Florentia
3374 3528 3554 3582 situm
3574 3527 3755 3582 fuisse

2110 3619 2315 3676 scribit
2334 3619 2647 3674 Ordericus
2664 3617 2872 3673 Vitalis
2894 3617 3043 3672 libro
3064 3635 3124 3682 v,
3151 3617 3251 3672 sed
3281 3632 3494 3671 nomen
3515 3616 3644 3686 ejus
3659 3633 3754 3670 ex-

2110 3709 2311 3781 primit
2330 3712 2528 3763 noster
2551 3723 2903 3779 anonymus,
2952 3707 3052 3777 qui
3085 3707 3263 3760 etiam
3294 3705 3496 3760 laudat
3526 3705 3754 3760 Bonifa-

2110 3797 2266 3854 eium
2298 3796 2718 3863 marchiouem,
2772 3811 2888 3866 quo
2938 3798 3145 3866 agente
3193 3791 3496 3847 Maurilius
3526 3791 3756 3846 abbatis

2110 3886 2454 3958 dignitatem
2487 3884 2762 3954 suscepit.
2826 3884 3112 3950 Defuncto,
3160 3879 3370 3952 inquit,
3403 3881 3597 3934 abbate
3627 3881 3752 3934 Flo-

2110 3977 2440 4031 rentinenszs
2470 3973 2756 4035 Ecclesiae,
2790 3985 2912 4041 quae
2944 3972 3001 4024 in
3043 3970 3243 4024 honore
3273 3969 3436 4024 beata
3467 3968 3749 4025 Maria...

2108 4066 2416 4119 constructa
2459 4065 2556 4128 est,
2600 4061 2759 4130 elegit
2805 4075 2932 4114 eum
2984 4058 3221 4113 Marehio
3268 4059 3606 4128 Bonifacius,
3639 4062 3750 4113 etc.

2110 4148 2528 4207 Monasterium
2559 4149 2781 4204 Sancta
2805 4147 3019 4216 Maria,
3052 4145 3226 4218 vulgo
3258 4147 3520 4214 Labadia,
3551 4145 3754 4202 hodie-

2110 4257 2223 4311 que
2265 4241 2595 4310 perseverat
2648 4235 2870 4292 celebre
2915 4236 3068 4308 apud
3128 4234 3502 4302 Florentiam,
3561 4235 3752 4290 ordini

2110 4333 2308 4384 nostro
2329 4326 2768 4390 addictum,sub
2795 4323 3098 4380 Casinensi
3120 4323 3751 4395 congregatione,haud

2109 4415 2310 4489 procul
2367 4433 2401 4470 a
2457 4413 2906 4487 metropolitana
2960 4410 3205 4468 ecclesia
3262 4412 3465 4477 situm,
3523 4411 3595 4466 de
3637 4429 3752 4483 quo

343 4503 496 4570 nico,
528 4507 594 4557 ut
623 4519 799 4574 super
842 4502 1030 4574 ipsius
1080 4519 1297 4574 corpus
1346 4507 1685 4574 poneretur,
1745 4505 2000 4576 ipsomet
2027 4517 2073 4581 Ι)
2104 4503 2382 4577 Ughellus
2408 4503 2582 4559 Italia
2603 4519 2780 4559 sacra
2798 4507 2959 4557 tomo
2985 4501 3051 4567 II,
3079 4504 3136 4556 et
3159 4499 3422 4554 Lubinus
3451 4499 3510 4555 in
3532 4499 3750 4554 Notitia

348 4594 662 4648 attestante
691 4590 963 4647 Orderico
993 4589 1190 4646 Vitali.
1218 4591 1391 4646 Porro
1421 4591 1733 4648 Ordericus
1782 4593 1930 4649 libro
1963 4610 1997 4647 ν

341 4678 680 4735 Maurilium
711 4695 924 4752 genere
951 4679 1358 4752 Moguntinum
1392 4680 1640 4736 fortasse
1668 4681 1996 4754 dixit,quod

345 4768 661 4826 Gerbertus
689 4769 817 4839 ejus
847 4767 1042 4824 socius
1075 4769 1383 4840 Moguntia
1414 4773 1578 4824 ortus
1609 4769 1804 4837 fuerit,
1838 4775 1903 4826 ut
1929 4787 2000 4826 ex

344 4858 476 4929 qius
497 4857 794 4931 epitaphio
825 4862 1004 4929 patet,
1037 4855 1124 4913 vel
1156 4859 1329 4913 etiam
1363 4857 1518 4929 quod
1541 4857 1886 4929 aliquandiu
1935 4860 1996 4913 in

342 4945 686 5018 Moguntina
716 4946 1014 5019 provincia
1062 4952 1457 5002 commoratus
1515 4945 1641 5017 ipse
1694 4946 1997 5002 Maurilius

344 5035 542 5091 fuerit.
577 5035 696 5091 Hoc
715 5035 870 5090 enim
896 5039 1063 5106 pacto
1095 5035 1248 5091 idem
1280 5040 1482 5091 auctor
1509 5035 1796 5091 Joannem
1819 5036 1997 5091 abba-

345 5126 466 5180 tem
497 5123 993 5190 Fisoamnensem,
1038 5140 1211 5195 quem
1264 5123 1476 5180 Italum
1537 5124 1716 5180 fuisse
1759 5141 1828 5181 ex
1865 5124 1998 5180 Vita

347 5211 507 5275 beati
540 5211 837 5272 Guillelmi
870 5217 1093 5268 certum
1141 5216 1230 5268 est
1282 5214 1697 5284 eompatriotam
1745 5212 1994 5269 Maurilii

343 5301 533 5364 nostri
565 5301 842 5374 appellat,
876 5302 1029 5373 quod
1050 5305 1107 5356 et
1130 5300 1255 5373 ipse
1284 5300 1587 5358 Maurilius
1610 5301 1671 5356 in
1704 5301 1872 5358 Italia
1896 5301 2000 5358 ali-

345 5390 610 5462 quandiu
640 5395 926 5458 versatus,
957 5389 1154 5460 ibique
1185 5389 1411 5446 abbatis
1461 5406 1702 5446 munere
1763 5389 1996 5446 functus

345 5478 576 5540 fuisset.

419 5567 666 5629 3.1nter
693 5566 996 5635 Remensis
1040 5563 1308 5628 Ecclesia
1363 5566 1604 5629 clericos
1660 5567 1996 5630 Maurilium

2107 4593 2475 4649 abbatiarum
2509 4590 2684 4647 Italia
2707 4591 3109 4646 disserunt.At
3136 4592 3275 4646 tunc
3296 4591 3486 4655 erant,
3517 4588 3752 4659 quando

2105 4685 2157 4736 ei
2188 4681 2498 4754 prafectus
2526 4685 2616 4734 est
2646 4677 2976 4743 Maurilius,
3025 4677 3154 4747 ejus
3185 4674 3295 4732 loci
3328 4675 3749 4731 monachorum

2105 4770 2362 4842 corrupti
2386 4784 2597 4834 mores,
2625 4767 2724 4838 qui
2747 4783 2812 4822 eo
2832 4765 3134 4822 devenisse
3153 4765 3448 4832 dicuntur,
3475 4768 3540 4820 ut
3561 4765 3750 4820 sancti

2103 4859 2209 4914 viri
2243 4856 2565 4928 disciplina
2592 4857 2870 4910 fervorem
2895 4853 3042 4908 ferre
3061 4870 3173 4908 non
3196 4853 3455 4909 valentes
3477 4854 3751 4910 eumdem

2107 4963 2327 5004 veneno
2377 4961 2617 5000 enecare
2671 4942 2862 4998 conati
2922 4943 3158 4996 fuerint.
3219 4942 3348 4997 Hac
3381 4942 3494 4998 fuit
3526 4941 3752 4998 occasio

2106 5033 2376 5090 Maurilio
2405 5033 2465 5086 in
2497 5031 2713 5087 Gallias
2745 5029 3051 5098 redeundi,
3113 5035 3179 5084 ut
3209 5035 3408 5085 narrat
3436 5030 3747 5086 Ordericus

2104 5125 2168 5178 In
2196 5123 2349 5188 urbe,
2384 5122 2594 5193 inquit,
2627 5121 2909 5177 Florentia
2936 5120 3237 5174 monachili
3263 5120 3502 5174 eoenobio
3541 5119 3753 5173 abbatis

2097 5213 2226 5284 jure
2251 5212 2500 5283 pra/“uit,
2557 5218 2608 5265 et
2661 5225 2854 5264 exosus
2910 5209 3399 5279 transgressoribus
3437 5223 3538 5278 pro
3568 5209 3753 5275 rigore

2103 5299 2436 5370 disciplina,
2468 5315 2734 5354 venenum
2763 5299 2823 5352 in
2851 5304 2981 5368 potu
3009 5296 3119 5350 sibi
3141 5297 3431 5366 propinate
3459 5293 3750 5366 deprehen-

2105 5388 2203 5443 dit.
2244 5388 2389 5444 Unde
2409 5389 2813 5444 sanetissimum
2863 5388 3102 5448 Patrem,
3151 5385 3527 5454 doctoremque
3577 5389 3746 5439 Bene-

2104 5477 2308 5533 dictum
2323 5481 2539 5533 secutus
2566 5473 2965 5546 incorrigibiles
2985 5473 3251 5540 deseruit,
3285 5476 3336 5528 et
3361 5473 3417 5527 in
3441 5474 3751 5529 Neustriam

2103 5581 2228 5628 cum
2261 5564 2514 5626 Gerberto
2541 5566 2777 5644 sapienti
2805 5567 2857 5622 et
2886 5561 3143 5636 religioso
3197 5562 3480 5633 monacho,
3514 5565 3751 5636 tempore
