4138 6186
498 240 655 302 1379

1490 237 1562 298 Β.
1609 235 1967 299 MAUBILII
2021 230 2385 299 ARCHIEP.
2430 236 2890 301 BOTHOMAG.

3674 240 3800 307 i380

496 373 724 430 Joannis
771 370 982 425 abbatis
1029 370 1394 440 compatriotze
1448 371 1539 424 sui
1594 369 1926 424 Fiscannum
1972 369 2136 435 venit,
2166 367 2222 434 Α
2252 372 2517 439 appetiit;
2546 372 2729 443 sicque
2757 372 3138 426 Fiscamnense
3190 370 3481 426 coenobium
3512 370 3691 440 adiens,
3715 392 3805 433 mc-

496 463 687 533 ibique
728 458 978 516 stabilem
1004 457 1075 513 ad
1102 458 1312 513 cultum
1338 473 1564 513 summa:
1591 461 1643 514 et
1683 458 1985 514 individua:
2021 458 2140 513 Tri-

495 551 688 605 nitatis
718 548 1109 603 habitationem
1163 546 1270 601 sibi
1323 546 1500 616 elegit.
1553 546 1765 601 Eadem
1816 546 1934 602 fere
1963 546 2142 601 habet

496 654 847 709 anonymus.

565 730 620 782 5.
654 726 908 797 Regebat
932 724 1026 779 his
1054 723 1415 794 temporibus
1447 722 1765 778 Ecclesiam
1819 723 2140 779 Rothoma-

495 830 735 888 gensem
768 811 1081 883 Malgerius
1111 810 1610 882 archiepiscopus.
1644 811 1939 866 Guillelmi
1971 811 2140 868 ducis

496 901 865 977 patruus,qui
898 901 970 957 ob
1001 900 1160 955 varia
1188 898 1512 955 criminain
1535 900 1782 955 concilio
1805 900 2137 957 Lexoviensi

496 1009 647 1048 anno
680 990 820 1047 4055
848 992 1256 1044 exauctoratus
1314 992 1421 1044 est.
1471 989 1586 1044 Nec
1616 990 1714 1044 diu
1749 988 2136 1045 deliberatum

495 1082 604 1136 fuit
625 1081 695 1135 de
715 1094 1049 1134 successore
1073 1077 1125 1133 ei
1151 1077 1579 1134 substituendo.
1599 1077 1906 1133 Maurilius
1928 1093 2138 1150 nempe

492 1169 757 1225 omnium
788 1171 909 1223 tam
930 1166 1341 1238 episcoporum
1371 1166 2134 1238 comprovincialum,quam

490 1256 689 1313 vicarii
722 1254 879 1315 sedis
920 1253 1249 1326 apostolicae
1298 1254 1397 1325 qui
1458 1254 1703 1310 concilio
1761 1259 2021 1325 praeerat,
2080 1258 2138 1310 et

491 1347 803 1419 ipsiusmet
831 1342 998 1399 ducis
1029 1359 1313 1398 consensu
1350 1343 1420 1397 ad
1454 1342 1604 1398 hanc
1635 1343 1979 1414 dignitatem
2008 1359 2136 1399 eve-

492 1441 621 1491 ctus
633 1438 749 1501 est;
774 1432 937 1488 sicea
956 1433 1024 1488 de
1053 1430 1388 1502 reloquitur
1408 1429 1759 1486 Guillelmus
1781 1430 2138 1487 Pictavensis

490 1524 616 1580 loco
639 1524 764 1592 jam
795 1521 1347 1591 1audato.Princeps,
1382 1534 1590 1592 nempe
1612 1518 1963 1575 Guillelmus
1994 1520 2132 1587 dux,

491 1611 926 1668 animadvertens
945 1610 1068 1681 jam
1095 1624 1203 1663 non
1234 1610 1456 1663 monitis
1486 1610 1582 1677 agi
1609 1612 1853 1679 oportere
1880 1610 1938 1663 in
1970 1626 2135 1665 causa

488 1704 790 1775 praecipuae
838 1700 1143 1771 gravitatis,
1198 1714 1266 1753 ne
1322 1698 1471 1753 ultra
1500 1697 1752 1769 patiendo
1789 1700 2015 1769 superni
2027 1701 2132 1769 ju-

489 1792 625 1847 dicis
648 1792 792 1845 iram
812 1788 1056 1842 irritaret
1084 1788 1141 1841 in
1163 1802 1236 1853 se,
1271 1785 1518 1857 deposuit
1542 1794 1807 1856 patruum
1836 1788 1896 1840 in
1918 1788 2139 1857 publico

489 1884 691 1935 sancta:
720 1875 936 1949 synodi,
995 1875 1283 1943 apostolici
1339 1876 1564 1940 vicario,
1621 1876 1940 1947 cunctisque
1981 1876 2137 1930 Nort-
2176 1913 2183 1919 ε

494 1970 735 2024 mannite
792 1966 1055 2036 episcopis
1100 1964 1270 2034 juxta
1298 1980 1571 2018 canonum
1600 1964 1978 2019 auctoritatem
2015 1979 2136 2019 sen-

492 2060 722 2113 tentiam
748 2054 1005 2110 dantibus
1058 2054 1318 2107 unanimi
1344 2068 1626 2107 consensu.
1659 2052 1985 2107 Maurilium
2013 2066 2139 2106 vero

490 2146 763 2200 cathedrae
817 2143 1068 2197 liberata?
1120 2140 1448 2211 providit...
1508 2140 1890 2209 dignissimum
1928 2156 2139 2196 summa

489 2237 738 2288 omnium
789 2229 1268 2300 archiprwsulatu,
1324 2231 1518 2283 merito
1574 2231 1810 2296 generis,
1866 2244 2137 2301 persona,

486 2324 776 2385 virtutum,
808 2318 1102 2373 docirinte.
1129 2316 1431 2370 Consentit
1456 2315 1806 2371 Guillelmus
1828 2317 2141 2373 Gemmeti-

490 2409 680 2463 censis
712 2406 858 2461 libro
888 2404 1137 2476 septimo
1167 2403 1430 2458 Historiae
1461 2404 1966 2460 Nortmannorum
2007 2423 2134 2477 cap.

490 2498 579 2562 24,
617 2495 710 2551 ubi
767 2493 969 2565 synodi
998 2492 1204 2548 decreto
1262 2492 1740 2563 metropolitanum
1766 2494 1946 2550 sedem
1974 2499 2138 2551 Mau-

490 2586 621 2641 rilio
651 2583 1006 2639 Fzscannensi
1056 2579 1341 2650 monacho,
1400 2582 1592 2636 multis
1631 2582 1928 2637 virtutibus
1954 2584 2138 2638 excel-

493 2675 630 2729 lenti
683 2672 960 2727 traditam
992 2670 1172 2726 fuisse
1203 2670 1426 2726 scribit.
1478 2672 1855 2726 Ecclesiastica
1882 2672 2139 2727 electione

490 2771 828 2833 assumptum
857 2760 1037 2815 fuisse
1068 2760 1140 2815 ad
1170 2759 1322 2814 hanc
1361 2758 1706 2831 dignitatem
1739 2759 2006 2814 observat
2034 2760 2135 2815 Or-

492 2853 724 2907 dericus
744 2850 892 2905 libro
912 2848 1234 2919 v.Denique
1251 2848 1374 2920 ipse
1397 2847 1746 2903 Guillelmus
1769 2848 2139 2920 mortiproxi-

493 2957 647 3001 mus,
698 2937 854 3010 apud
892 2936 1230 2992 Ordericum
1283 2936 1430 2991 libro
1461 2953 1561 3004 v11,
1594 2953 1663 2992 ea
1687 2937 1885 2992 omnia
1913 2954 2043 3009 quae
2076 2938 2135 2993 in

493 3044 735 3084 suorum
755 3025 1104 3099 populorum
1124 3025 1372 3096 gratiam
1395 3029 1551 3080 recte
1573 3025 1786 3080 fecerat
1806 3041 2134 3093 recensens,

2251 459 2461 513 nachus
2490 459 2574 514 ibi
2597 459 2817 531 effectus
2845 461 2940 525 est,
2972 462 3034 514 in
3092 474 3194 531 quo
3219 466 3401 516 sancte
3441 460 3596 517 multo
3620 470 3810 536 tempore

2248 547 2409 613 vixit,
2440 549 2754 619 cceterisque
2780 547 3091 618 exemplum
3130 548 3435 603 sanctitatis
3468 548 3703 606 exhibuit.
3727 551 3808 608 De-

2246 637 2413 705 nique
2442 637 2570 706 igne
2596 635 2775 691 divini
2804 638 3010 691 amoris
3066 643 3387 707 excestuans,
3416 622 3810 696 acrioremvitam

2246 723 2474 793 eligens,
2529 724 2755 780 licentia
2810 725 2878 778 ab
2931 724 3141 791 abbate,
3195 726 3293 798 qui
3339 725 3558 781 ecclesia
3603 735 3810 798 praeerat,

2247 819 2481 884 accepta,
2511 813 2733 868 Italiam
2785 813 2987 884 petiit;
3015 813 3288 884 eremique
3335 811 3527 880 cultor,
3566 814 3814 872 solitaria»

2245 902 2415 956 vitam
2462 900 2681 968 ducens,
2712 916 2872 972 opere
2901 915 3167 956 manuum
3200 902 3361 956 vixit.
3393 901 3631 971 Defuncto
3673 905 3813 975 itaque

2245 989 2438 1046 abbate
2464 991 2901 1049 Florentinensis
2930 989 3201 1057 Ecclesia,
3230 1006 3349 1062 quae
3376 990 3435 1045 in
3479 989 3658 1046 honore
3682 992 3813 1049 beata

2244 1078 2436 1136 Mariae
2488 1095 2703 1151 semper
2757 1080 2993 1148 virginis
3047 1081 3349 1135 constructa
3402 1087 3495 1145 est,
3548 1079 3686 1149 elegit
3720 1095 3814 1135 cum

2244 1168 2490 1224 marchio
2518 1170 2861 1238 Bonefacius,
2920 1170 3006 1223 vir
3028 1168 3234 1223 nobilis
3290 1171 3342 1224 et
3365 1169 3754 1239 potentissimus:
3777 1170 3814 1224 et

2245 1258 2343 1322 ita,
2376 1258 2504 1314 licet
2530 1258 2754 1325 invitus,
2790 1257 3052 1313 bonorum
3080 1264 3263 1312 tamen
3292 1258 3526 1312 virorum

2243 1347 2409 1401 nibus
2433 1354 2741 1417 superatus,
2796 1345 2963 1401 abbas
3018 1346 3265 1413 ejusdem
3296 1344 3398 1401 loci
3449 1344 3701 1400 ordinatus
3722 1347 3813 1406 est;

2243 1434 2338 1489 ubi
2372 1435 2544 1490 multo
2575 1442 2809 1506 tempore
2856 1434 3103 1490 subditos
3132 1449 3233 1506 pro
3300 1449 3450 1506 posse
3494 1449 3582 1488 suo
3606 1436 3811 1488 sandes:

2242 1523 2572 1594 regulariter
2597 1524 2761 1579 rexit.
2796 1522 2897 1580 Sed
2953 1524 3085 1595 quia
3137 1524 3255 1578 vita
3290 1523 3551 1594 justorum
3588 1530 3655 1577 est
3685 1520 3812 1575 detri-

2240 1616 2485 1667 mentum
2507 1612 2890 1682 pessimorum,
2920 1610 3177 1667 monachi
3202 1612 3303 1683 qui
3332 1618 3555 1682 tempore
3577 1608 3810 1681 przdeces-

2244 1702 2384 1755 soris
2412 1701 2504 1754 sui
2533 1698 2946 1770 indisciplinate
2974 1701 3253 1767 viderant,
3282 1699 3627 1754 constantiam
3658 1697 3815 1768 regula

2246 1789 2432 1843 Patris
2459 1788 2761 1853 Benedicti,
2792 1803 2898 1859 qua
2945 1803 3034 1843 eos
3080 1788 3409 1859 regulariter
3466 1788 3812 1849 constrinxerat

2245 1878 2394 1947 ferre
2422 1877 2685 1942 nolentes,
2718 1876 2809 1931 sed
2839 1877 2900 1930 in
2926 1876 3177 1931 omnibus
3210 1876 3364 1932 bonis
3387 1875 3619 1946 operibus
3640 1874 3729 1935 sibi
3748 1887 3813 1928 rt-

2245 1966 2509 2032 sistentes,
2568 1965 2949 2021 detrimentum
3001 1966 3133 2021 vitae
3188 1966 3245 2019 ei
3296 1965 3582 2020 machinati
3624 1971 3740 2018 sunt.
3762 1962 3809 2016 Et

2247 2056 2380 2124 quia
2407 2054 2656 2124 pluribus
2684 2054 2851 2108 annis
2878 2054 2939 2107 in
2967 2053 3064 2108 hoc
3094 2053 3376 2121 laborans,
3403 2050 3687 2109 nullomodo
3709 2065 3752 2104 se
3771 2050 3813 2103 in

2245 2145 2324 2199 eis
2351 2142 2489 2197 vidit
2507 2141 2965 2214 proﬁcere,saluti
2989 2144 3237 2213 propria”;
3262 2142 3582 2214 prospiciens
3595 2138 3812 2195 abbatissa

2244 2232 2498 2298 deseruit,
2527 2238 2578 2285 et
2604 2229 2673 2285 ad
2718 2230 3002 2301 proprium
3044 2230 3247 2296 locum,
3278 2230 3478 2285 scilicet
3504 2229 3809 2291 Fixum,

2245 2320 2432 2384 rediit,
2462 2320 2525 2373 in
2552 2334 2655 2390 quo
2681 2326 2886 2387 sancte,
2920 2334 3197 2390 usquequo
3251 2320 3309 2373 in
3337 2319 3627 2390 episcopatu
3652 2312 3812 2370 inltue-

2244 2411 2465 2463 nizatus
2492 2411 2589 2474 est,
2623 2409 2783 2463 vixit.
2815 2408 2914 2462 Hic
2950 2407 3242 2463 ecclesiam
3269 2424 3303 2462 a
3348 2406 3581 2463 Rotberto
3605 2402 3814 2473 archiepi-

2245 2512 2400 2568 scopo
2428 2499 2715 2569 incceptam
2742 2496 3067 2568 complevit;
3097 2504 3148 2551 et
3179 2499 3394 2551 astante
3429 2493 3668 2551 Willelmo
3690 2492 3811 2546 Nart-

2244 2601 2575 2641 mannorum
2594 2585 2750 2651 duce,
2780 2588 2965 2657 postea
3005 2584 3311 2654 Anglorum
3341 2598 3597 2653 rege,cum
3619 2577 3815 2636 omnibus

2244 2675 2609 2745 suﬂ‘raganeis
2637 2672 3072 2739 suis,concilium
3101 2673 3162 2725 in
3194 2672 3591 2741 Rothomagenst
3634 2663 3815 2721 Ecclesia

2245 2763 2311 2817 de
2337 2764 2586 2818 castitate
2611 2761 2998 2828 conservanda,
3047 2768 3101 2816 et
3142 2761 3360 2815 caeteris
3412 2760 3689 2813 sanctorum
3731 2752 3814 2807 Pa-

2244 2854 2394 2906 trum
2420 2850 2877 2916 institutionibus,
2931 2852 3219 2920 pastorum
3274 2849 3492 2903 incuria
3541 2837 3813 2914 negligenter

2241 2942 2571 3013 postpositis,
2605 2939 2844 2994 viriliter
2888 2936 3266 3003 restituendis,
3295 2936 3540 3005 religiose
3563 2928 3810 2988 celebravit.

2245 3026 2437 3085 Postea
2459 3029 2707 3099 per/ecta
2731 3026 2973 3092 ecclesia,
3033 3024 3305 3081 dedicavit
3343 3040 3480 3093 eam,
3507 3020 3691 3077 astante
3720 3013 3811 3070 Wil-

494 3097 781 3174 memorat
810 3097 1063 3169 Maurilii
1119 3112 1497 3169 electionem:
1546 3119 1888 3182 Protervum,
1921 3115 2133 3188 inquit,
2167 3097 2209 3165 C
2247 3119 2408 3174 letmo
2460 3097 2927 3171 Nortmannorum
2978 3113 3132 3178 duce,
3193 3128 3342 3168 anno
3372 3112 3521 3168 1063.
3574 3106 3814 3165 υοπιίηέεδ

487 3206 805 3278 praesulem,
838 3204 933 3275 qui
958 3218 1057 3258 nec
1086 3203 1190 3257 Deo
1217 3201 1457 3267 devotus,
1514 3219 1613 3258 nec
1639 3202 1784 3258 mihi
1827 3204 1969 3274 ﬁdus
1995 3206 2133 3273 erat,

491 3295 558 3349 de
585 3293 891 3365 pontiﬁcali
940 3290 1064 3345 sede
1114 3306 1215 3361 per
1267 3290 1541 3345 decretum
1591 3306 1757 3362 papae
1811 3292 2054 3364 deposui,
2088 3296 2138 3348 et

493 3382 841 3437 Maurilium
868 3379 1234 3434 venerabilem
1262 3378 1602 3443 ctenobitam,
1642 3396 1802 3450 quem
1831 3381 1973 3436 mihi
1995 3383 2138 3436 Deus

492 3470 557 3525 de
586 3470 863 3524 Florentia
892 3468 1110 3521 civitate
1152 3467 1328 3521 Italiae
1359 3469 1761 3533 transmiserat,
1786 3469 1843 3522 in
1875 3471 1994 3540 ejus
2025 3471 2138 3525 loco

493 3554 1307 3626 substituillothornagensem
1330 3554 1607 3609 thronum
1622 3557 1962 3611 conscendit
1982 3557 2140 3613 Mau-

494 3646 660 3702 rilius
689 3662 841 3701 anno
909 3644 1070 3709 1055,
1100 3647 1166 3697 ut
1192 3660 1261 3698 ex
1309 3642 1553 3699 concilio
1594 3643 1926 3700 Lexoviensi
1961 3663 2140 3718 supra

492 3736 727 3793 laudato
758 3733 1238 3805 colligitur.Idem
1263 3730 1513 3787 habetur
1534 3731 1593 3786 in
1620 3731 1904 3789 Chronico
1923 3733 2137 3790 Rotho-

495 3824 757 3895 magensi
795 3823 948 3895 apud
983 3822 1279 3878 Labbeum
1309 3825 1466 3877 tomo
1498 3822 1519 3876 Ι
1551 3821 1718 3877 Novae
1752 3821 2135 3890 bibliothecae,

493 3915 640 3969 etin
672 3913 952 3967 Chronico
981 3909 1327 3981 Cadomensi
1388 3910 1543 3982 apud
1602 3912 2026 3976 Quercetanum
2078 3911 2136 3966 in

496 4000 749 4057 Historia
771 3999 1286 4053 Nortmannorum.
1320 3997 1436 4053 Nec
1466 4015 1533 4054 ea
1562 3999 1633 4054 de
1665 4015 1725 4054 re
1752 3999 1984 4054 videtur
2010 4015 2140 4055 esse

496 4090 647 4143 inter
706 4089 971 4141 auctores
1000 4085 1198 4156 aliqua
1243 4086 1532 4142 dissensio
1559 4104 1573 4154 ;
1602 4088 1701 4159 qui
1729 4088 1904 4143 etiam
1935 4104 2141 4143 omnes

494 4192 629 4232 eum
656 4191 723 4230 ex
752 4172 1034 4228 monacho
1067 4172 1442 4228 Fiscannensi
1475 4175 1547 4229 ad
1604 4175 1755 4230 hanc
1794 4175 2139 4248 dignitatem

494 4269 759 4321 evectum
794 4262 974 4317 fuisse
1004 4261 1400 4318 consentiunt.

566 4356 619 4408 6.
654 4352 765 4409 Sed
790 4351 1135 4424 priusquam
1162 4348 1405 4405 ulterius
1428 4350 1484 4405 in
1504 4352 1862 4423 exponendis
1886 4352 2143 4409 Maurilii

2245 3206 2666 3269 Incarnationis,
2720 3206 2984 3275 regnante
3044 3204 3280 3258 Henrico
3352 3198 3661 3256 nobilissimo
3724 3202 3812 3260 ποθι

2245 3296 2598 3359 Francorum,
2629 3292 2939 3347 astantibus
2981 3292 3150 3346 etiam
3191 3283 3705 3362 comprovincialibas
3727 3278 3809 3349 epi-

2245 3385 2438 3455 scopis,
2470 3382 2676 3437 scilicet
2735 3379 2915 3436 0done
2969 3381 3276 3451 Bajocensi,
3313 3380 3513 3436 Joanne
3537 3373 3810 3430 Abrinccnﬂ.

2246 3475 2467 3544 Hugone
2539 3470 2885 3535 Lexoviensi,
2942 3469 3240 3525 Guilletmo
3308 3463 3638 3523 Ebroacensi.
3688 3458 3812 3512 Yvont

2244 3563 2523 3630 Sagiensi,
2554 3558 2817 3630 Gaufrido
2853 3558 3344 3624 Constantiniensi,
3375 3554 3670 3622 caeterisque
3690 3557 3807 3600 vene-

2246 3650 2515 3706 rabilibus
2545 3647 2854 3715 abbatibus,
2880 3645 3208 3718 pra‘sidente
3237 3647 3408 3701 etiam
3432 3640 3541 3699 sedi
3564 3632 3811 3711 apostatth

2245 3754 2388 3809 papa
2448 3738 2650 3793 Victore
2704 3737 2771 3791 II.
2831 3735 3017 3790 Multa
3070 3735 3241 3789 etiam
3272 3735 3411 3789 bona
3437 3730 3501 3785 de
3550 3723 3811 3809 Christian?

2248 3806 2457 3897 legis'et
2484 3824 2864 3880 ecclesiasticae
2889 3822 3173 3894 religionis
3202 3822 3538 3878 restitutione
3583 3814 3705 3887 fecit.

2238 3894 2419 3988 juniis
2477 3922 2529 3969 et
2572 3912 2914 3968 orationibus
2967 3920 3018 3967 et
3070 3911 3396 3983 elemosynis
3439 3919 3596 3979 usqu
3633 3899 3690 3956 ad

2247 3992 2398 4060 mum
2427 4003 2573 4058 diem
2625 4002 2904 4069 insistens,
2935 4016 2972 4055 v
3028 3998 3152 4055 Idus
3208 3999 3438 4070 Augusti
3479 3996 3693 4052 animum
3727 3986 3810 4039 DN

2248 4091 2504 4149 reddidit.
2536 4091 2798 4161 Defuncto
2827 4088 3134 4143 venerabili
3159 4088 3407 4143 antistite
3458 4080 3681 4169 laurilio
3699 4081 3805 4169 ρνςτ-

2247 4184 2396 4253 fatus
2431 4176 3082 4244 Willelmus,etc.Narrat
3095 4191 3424 4249 anonymus
3435 4174 3595 4230 Gesta
3605 4167 3810 4253 Joattniﬁi

2251 4248 2351 4343 qui
2381 4270 2546 4324 beato
2574 4268 2697 4323 viro
2727 4265 3083 4323 substitutus
3115 4248 3346 4321 est.Nos
3362 4278 3491 4318 vero
3515 4256 3678 4331 ipsius
3690 4248 3811 4306 Mau-

2250 4358 2361 4415 rilii
2393 4356 2648 4429 elogium
2678 4371 2747 4411 ex
2776 4354 2907 4410 aliis
2940 4353 3300 4420 auctoribus,
3332 4352 3417 4408 uti
3438 4346 3811 4417 inctepemmusv

497 4442 689 4500 Gestis
747 4439 1213 4513 progrediamur,
1273 4439 1669 4495 exhibendum
1727 4446 1815 4496 est
1856 4443 1984 4513 ejus
2012 4441 2140 4498 vitm
2173 4461 2220 4525 Β
2253 4461 2697 4522 prosequamur.

498 4530 909 4604 compendium
932 4546 1000 4586 ex
1021 4544 1311 4598 anonymo
1360 4544 1511 4600 saepe
1530 4526 1768 4584 laudato
1799 4532 2139 4588 monasterii

498 4620 682 4677 sancti
700 4617 954 4674 Audoeni
968 4618 1025 4673 in
1041 4617 1222 4689 gestis
1240 4616 1808 4689 archiepiscoporum
1834 4618 2144 4675 Rothoma-

499 4710 771 4781 gensinm
803 4707 903 4778 qui
925 4706 1008 4762 sic
1025 4706 1200 4761 habet
1217 4706 1623 4761 Analeotorum
1648 4710 1803 4761 tomo
1826 4707 1896 4771 Il,
1920 4725 1979 4779 p.
2002 4708 2136 4763 439:

499 4797 753 4867 Malgerio
807 4795 1081 4864 destituto,
1132 4795 1296 4863 elegit
1324 4794 1439 4849 dua:
1497 4795 1821 4849 Willelmus
1853 4797 2140 4866 quemdam

500 4883 847 4953 monachum,
896 4886 1117 4939 nomine
1170 4882 1512 4947 Maurilium,
1562 4885 1657 4953 qui
1685 4884 1863 4938 nobili
1888 4886 2145 4956 prosapia

500 4990 570 5030 ex
600 4972 849 5035 Remensi
890 4987 1036 5042 pago
1066 4979 1309 5041 exortus,
1341 4980 1392 5026 et
1429 4986 1491 5025 in
1518 4970 1760 5041 ejusdem
1788 4973 2027 5027 civitatis
2053 4988 2145 5028 ec-

501 5065 666 5119 etesia
721 5061 999 5125 educatus,
1058 5061 1189 5115 inde
1242 5062 1304 5114 in
1348 5059 1660 5114 Leodicensi
1714 5060 1949 5116 Ecclesia
1995 5064 2147 5117 omni

503 5152 821 5208 liberalium
874 5150 1078 5206 artium
1133 5149 1334 5220 peritia
1408 5147 1671 5218 imbutus,
1724 5149 2146 5206 Halvertatensis

502 5242 756 5297 Ecclesiae
773 5239 1123 5296 scholasticus
1144 5238 1365 5309 eﬂectus
1383 5244 1499 5293 est:
1530 5240 1628 5310 qui
1656 5237 1802 5293 locus
1824 5239 1885 5292 in
1905 5236 2148 5295 Suetonio

504 5330 807 5385 ditissimus
837 5328 1090 5394 habetur,
1148 5328 1210 5381 in
1238 5342 1343 5397 quo
1367 5326 1627 5397 pluribus
1657 5326 1821 5381 annis
1852 5325 2149 5397 honoriﬁce

501 5418 668 5477 vixit.
702 5418 897 5471 Postea
952 5431 1082 5472 vero
1109 5431 1399 5471 succensus
1452 5430 1641 5469 amore
1669 5414 1897 5469 caelestis
1923 5419 2143 5487 patriae,

506 5508 675 5577 uncta
701 5520 821 5583 quae
848 5504 1045 5567 mundi
1089 5508 1217 5566 sunt
1238 5504 1555 5585 fastidiens,
1595 5504 1952 5563 monasticam
1978 5507 2145 5566 vitam

2318 4539 2372 4591 7.
2404 4508 2612 4591 Factus
2644 4534 2842 4604 itaque
2866 4532 3045 4587 totius
3070 4528 3459 4586 Nortmanniaa
3481 4525 3680 4599 primus
3695 4508 3812 4569 ιιιῑὶο

2252 4621 2545 4690 stes,uihi1
2567 4620 2756 4693 magis
2779 4620 2839 4675 in
2856 4619 3054 4676 animo
3068 4618 3293 4687 habuit,
3327 4631 3495 4690 quam
3519 4616 3577 4668 ut
3599 4610 3812 4698 deum}?

2252 4713 2333 4768 ris
2355 4710 2448 4767 sui
2466 4711 2678 4782 probra
2697 4708 2964 4774 dilueret,
2998 4712 3056 4762 et
3083 4707 3388 4763 resarciret
3414 4705 3612 4759 damna
3628 4699 3810 4767 qui“?

2252 4801 2378 4856 sius
2399 4797 2755 4871 negligentia
2774 4795 3039 4852 Ecclesia:
3060 4795 3228 4851 illata
3250 4790 3566 4851 fuerant.Ea
3590 4785 3652 4841 de
3674 4784 3811 4871 ωυεε

2252 4889 2442 4962 primo
2463 4858 2948 4958 suipontiﬁcatus
2972 4901 3126 4940 anno
3156 4882 3460 4941 concilium
3478 4872 3676 4936 indixit,
3694 4858 3811 4962 qnf’d

2254 4974 2605 5046 Rothomagi
2630 4973 2893 5030 habitum
2915 4972 3175 5029 est.Huic
3192 4973 3424 5029 adfuere
3441 4977 3624 5024 omnes
3637 4962 3813 5046 promi:

2252 5066 2352 5122 ciae
2383 5037 2662 5137 episcopi,
2696 5066 2870 5134 atque
2926 5063 2985 5117 in
3019 5077 3109 5133 eo,
3141 5067 3208 5117 ut
3235 5060 3431 5117 scribit
3457 5046 3734 5112 Bochellus,

2253 5122 2489 5228 quidem
2520 5122 2795 5225 idipsuni
2817 5150 2995 5206 habet
3018 5122 3217 5207 noster
3236 5139 3730 5221 anonymus,actum
3743 5122 3814 5228 Isti

2252 5213 2317 5300 de
2346 5213 2644 5309 castitate;
2674 5243 2727 5295 et
2756 5240 2963 5295 cateris
3017 5243 3251 5296 Patrum
3296 5213 3545 5295 institutis
3566 5213 3808 5314 mante.

2250 5336 2533 5405 pastorum
2564 5299 2785 5385 incuria
2812 5328 3086 5400 neglectis.
3145 5327 3398 5384 Alterum
3426 5299 3809 5405 concilium‘ibi:

2257 5394 2390 5479 dem
2422 5421 2689 5477 habitum
2720 5394 3007 5474 memorat
3059 5417 3333 5474 Dadrteus
3387 5411 3558 5487 primo
3584 5394 3807 5496 ειςξιδξξί

2257 5527 2420 5589 pupis
2453 5510 2523 5570 IX
2553 5524 2728 5583 anno,
2761 5507 2819 5567 id
2873 5511 2962 5567 est
2990 5523 3143 5567 anno
3176 5506 3311 5565 1057
3339 5480 3436 5564 aut
3457 5484 3706 5577 sequenti.
3729 5480 3808 5541 σο·
