4138 6186
275 293 429 363 1381
517 293 522 298 ’

1874 295 2081 357 νΙΤΑ.

3520 305 3546 362 1
3559 301 3676 364 382

272 427 495 485 lebrior
512 426 628 484 fuit
648 428 911 500 synodus
933 444 1035 485 seu
1058 425 1252 500 potius
1265 431 1584 484 conventus
1604 428 1924 484 Cadomen-
1957 429 2011 494 Α
2040 428 2220 495 adem
2254 444 2480 483 sacram
2513 428 2794 485 translata
2824 429 3023 497 fuisse,
3059 431 3158 501 qui
3192 431 3680 507 priorem,nempe

269 516 384 585 sis,
407 514 501 572 cui
533 531 648 571 non
683 515 875 573 solum
928 515 1188 589 epiSOOpi
1235 519 1297 572 et'
1321 516 1581 583 abbates,
1615 516 1715 571 sed
1747 516 1925 572 etiam
2030 532 2201 588 prape
2226 525 2481 572 austrum
2526 517 2796 588 australe,
2829 517 3205 573 Guillelmum
3250 537 3384 576 vero
3412 539 3563 578 secus
3588 540 3676 580 os-

267 604 455 669 totius
470 604 781 677 provincia
798 604 1299 676 optimatesjussu
1320 602 1618 660 Guillelmi
1641 604 1807 659 ducis
1837 604 1924 658 in-

267 692 604 750 terfuerunt
633 708 787 747 anno
820 693 951 747 1061
990 696 1056 746 ut
1092 690 1337 763 publica
1370 691 1669 748 securitati
1709 691 1925 747 utilita-

267 782 435 853 tique
455 784 585 836 tum
606 780 1009 836 ecclesiastica
1032 785 1159 838 tum
1184 781 1448 836 saculari
1466 781 1765 836 communi
1790 797 1924 835 con-

273 868 409 925 silio
438 868 860 940 provideretur.
905 868 1029 924 Huc
1059 870 1235 926 etiam
1284 886 1353 926 ex
1382 868 1626 925 diversis
1665 869 1928 926 ecclesiis

273 974 456 1014 sacra
474 956 734 1029 reliquia
748 962 1066 1030 apportata
1086 957 1577 1027 suntjuxtaducis
1590 957 1924 1029 imperium,

271 1047 453 1119 idque
481 1051 547 1102 ut
577 1046 764 1115 major
781 1062 849 1102 ex
877 1046 1157 1120 religione
1178 1046 1484 1103 celebritas
1508 1046 1817 1102 conventui
1840 1062 1928 1101 ac-

274 1136 526 1201 cederet,
558 1133 1008 1207 religiosiusque
1036 1137 1267 1192 decreta
1310 1151 1344 1190 a
1381 1134 1632 1206 singulis
1656 1135 1926 1191 observa-

272 1227 634 1296 rentur,qua
656 1222 716 1278 in
738 1227 1075 1279 sanctorum
1095 1222 1403 1296 provincia
1422 1223 1763 1279 tutelarium
1783 1241 1927 1296 pra-

281 1311 474 1369 sentia
504 1311 729 1368 sancita
760 1312 1029 1368 fuissent.
1057 1312 1557 1384 Rothomagenses
1586 1318 1929 1368 sanctorum

278 1400 531 1458 Romani
564 1404 623 1456 et
648 1400 912 1457 Audeoni
962 1417 1225 1473 corpora,
1278 1399 1376 1456 alii
1417 1399 1562 1457 alias
1589 1405 1928 1457 sanctorum
2031 1456 2039 1468 .

282 1488 544 1546 detulere
573 1488 871 1561 reliquias.
901 1490 1077 1545 Porro
1126 1490 1205 1545 ibi
1254 1489 1551 1545 indultum
1590 1494 1681 1546 est
1707 1508 1742 1546 a
1770 1491 1928 1562 prin-

281 1578 506 1650 cipe,ut
533 1577 780 1634 inducia
800 1577 1039 1633 cuilibet
1051 1578 1333 1634 darentur
1346 1578 1597 1650 singulis
1614 1577 1929 1634 hebdoma-

278 1667 458 1724 dibus
486 1683 521 1722 a
549 1682 792 1739 vespera
819 1666 974 1722 feria
1023 1671 1244 1738 quarta
1269 1667 1340 1721 ad
1385 1666 1592 1723 feriam
1613 1667 1931 1723 secundam

280 1754 662 1811 hebdomada
685 1754 1007 1826 sequentis,
1032 1771 1160 1826 qua
1206 1754 1452 1810 induciae
1484 1755 1801 1811 Trevia-Dei
1828 1772 1928 1828 ap-

274 1841 504 1916 pellata
536 1842 812 1898 fuerunt:
841 1842 997 1914 quod
1029 1845 1326 1899 decretum
1361 1846 1427 1898 ut
1457 1843 1686 1899 firmius
1726 1847 1925 1911 staret,

274 1930 539 2003 episcopi
559 1931 619 1986 in
637 1929 862 1987 violata
890 1930 1050 2004 pacis
1085 1946 1215 1988 reos
1252 1930 1566 1987 anathema
1586 1932 1925 2003 pronuntia-

276 2022 437 2075 runt.
472 2019 630 2075 Inter
653 2017 774 2075 ulia
807 2019 1014 2086 multa,
1061 2036 1311 2091 quorum
1343 2020 1671 2080 maximam.
1702 2024 1926 2092 partem

276 2107 529 2165 abolevit
557 2112 890 2179 temporum
913 2108 1446 2179 injuria,sancitum
1477 2112 1566 2165 est
1592 2113 1659 2164 ut
1687 2109 1929 2166 abbates

274 2199 335 2253 ct
362 2195 461 2253 alii
493 2195 717 2269 pralati
750 2197 858 2252 huc
881 2197 1122 2269 illucque
1150 2213 1262 2254 non
1306 2205 1640 2269 vagarentur
1665 2215 1791 2254 cum
1817 2216 1928 2270 pu-

275 2284 418 2340 blica
445 2285 759 2357 offensione.
770 2285 934 2353 Item,
956 2293 1016 2340 ut
1041 2286 1282 2358 quotidie
1307 2302 1424 2342 sero
1462 2302 1565 2358 per
1606 2288 1757 2356 signi
1798 2288 1925 2359 pul-

271 2389 399 2429 sum
423 2373 494 2429 ad
506 2389 696 2446 preces
722 2374 829 2430 Deo
848 2374 1161 2445 fundendus
1180 2376 1407 2446 quisque
1449 2376 1804 2434 invitaretur.
1848 2384 1928 2431 at-

274 2478 381 2535 que
405 2463 636 2519 occlusis
663 2463 877 2535 foribus
922 2463 1209 2519 domorum
1253 2463 1408 2519 ultra
1456 2465 1649 2532 vagari
1686 2464 1930 2537 amplius

267 2553 503 2607 vetitum
523 2550 934 2609 admoneretur.

343 2642 400 2696 8.
432 2640 599 2696 Haud
631 2641 828 2697 minus
853 2640 1079 2697 celebre
1099 2640 1212 2696 fuit
1232 2639 1546 2696 concilium
1579 2636 1927 2714 Rothomagi

272 2728 544 2784 habitum
568 2729 642 2785 ad
665 2729 1054 2785 dedicandam
1077 2730 1360 2801 majorem
1392 2728 1718 2797 ecclesiam,
1751 2747 1929 2802 quam

270 2817 403 2889 ipse
433 2817 739 2874 Maurilius
769 2818 1205 2874 absolverat.Ea
1233 2818 1304 2874 de
1334 2835 1394 2873 re
1423 2818 1507 2874 sic
1534 2817 1797 2890 loquitur
1826 2819 1928 2875 Or-

275 2906 513 2962 dericus
541 2906 755 2963 Vitalis
783 2906 931 2963 libro
960 2924 996 2962 v
1021 2923 1035 2962 :
1068 2908 1245 2974 Anno,
1278 2906 1491 2978 inquit,
1513 2908 1816 2965 Dominicae
1844 2909 1931 2963 ln-

273 2997 623 3052 carnationis
652 2995 813 3062 4,063,
846 2996 1144 3051 indictione
1174 3012 1235 3065 ιι,
1274 2996 1757 3067 metropolitanum
1785 2997 1928 3052 basi-

275 3084 449 3138 licam
478 3085 539 3139 in
561 3086 696 3141 urbe
724 3084 1331 3157 Rothomagensi,quam
1362 3084 1677 3140 Rotdbertus
1705 3083 1930 3140 inchoa-

2032 606 2175 659 tium
2206 606 2532 676 aquilonare
2560 607 2870 666 tumulavit.
2904 616 2953 661 et
2981 610 3260 679 epitaphia
3290 626 3477 665 eorum
3516 628 3682 683 super

2035 693 2159 748 illos
2190 694 2387 749 litteris
2417 697 2601 750 aureis
2649 695 2947 751 adnotavit.
3000 697 3129 750 Hac
3181 698 3477 770 epitaphia
3506 703 3681 756 refert

2034 781 2512 854 Ordericus,qua
2546 783 2793 839 Maurilii
2827 802 2975 856 opus
3005 801 3134 840 esse
3150 786 3414 841 nonnulli
3450 792 3675 858 putant.

2036 870 2300 926 Sufﬁciat
2330 871 2553 943 aliquot
2599 889 2668 927 ex
2696 874 2780 928 eis
2810 889 3015 928 versus
3048 874 3159 928 huc
3193 876 3446 945 proferre
3474 879 3575 948 qui
3608 880 3677 933 ad

2038 958 2224 1014 nostri
2255 959 2476 1014 ordinis
2490 958 2794 1017 historiam
2810 962 3269 1033 pertinentlnde
3300 964 3454 1018 enim
3502 966 3677 1021 disci-

2035 1063 2171 1102 mus
2199 1047 2577 1103 Guillelmum
2611 1050 2694 1104 ita
2730 1066 2868 1121 erga
2917 1052 3305 1107 monasticam
3339 1052 3515 1107 vitam
3547 1072 3677 1126 pro-

2036 1152 2285 1207 pensum
2317 1136 2516 1204 fuisse,
2554 1141 2621 1192 ut
2650 1154 2775 1192 eam
2811 1138 2992 1194 fuisse
3022 1139 3325 1210 amplexus
3358 1141 3415 1195 in
3449 1160 3681 1199 monas-

2035 1224 2181 1280 terio
2211 1224 2618 1292 Gemeticensi,
2652 1226 2701 1281 si
2733 1227 2783 1282 ei
2816 1243 2918 1297 per
2956 1227 3224 1283 abbatem
3274 1230 3587 1287 Martinum
3620 1232 3682 1288 li-

2037 1311 2275 1368 cuisset.

2254 1401 2570 1457 Canobium
2598 1402 2824 1473 pulchre
2852 1405 3128 1471 reparavit
3160 1404 3577 1465 Gemmeticense

2324 1494 2389 1545 Et
2417 1489 2654 1545 decrevit
2682 1491 2762 1545 ibi
2788 1492 2934 1560 ferre
2963 1493 3155 1562 iugum
3183 1495 3455 1551 monachi.

2250 1578 2493 1633 Fervidis
2522 1580 2715 1634 invicti
2739 1580 2908 1634 coluit
2935 1596 3188 1635 normam
3216 1583 3512 1639 Benedicti.

2327 1666 2429 1721 Cui
2452 1668 2611 1738 petiit
2638 1669 2827 1738 subdi,
2855 1670 3053 1739 plenus
3081 1686 3264 1726 amore
3293 1672 3406 1727 Dei.

2252 1756 2479 1810 Distulit
2508 1754 2606 1811 hoc
2625 1756 2790 1811 abbas
2819 1759 3117 1824 Martinus,
3150 1758 3279 1813 diva
3305 1769 3543 1831 potestas

2323 1842 2483 1899 Saeva
2498 1860 2598 1915 per
2627 1861 2787 1899 arma
2814 1846 2959 1900 mori
2980 1847 3237 1916 praetulit
3266 1864 3429 1903 omen
3458 1853 3529 1905 ei.

2038 1931 2120 1987 De
2149 1930 2260 1987 hoc
2290 1930 2601 1987 Guillelmo
2619 1937 2675 1987 et
2694 1934 2823 2002 ejus
2846 1933 3148 1988 monastici
3169 1937 3446 2007 propositi
3471 1940 3686 2010 ample-

2038 2020 2233 2075 ctendi
2263 2019 2573 2086 desiderio,
2625 2019 2797 2092 plura
2845 2020 3019 2075 habet
3048 2022 3401 2080 Guillelmus
3431 2026 3684 2083 Gemeti-

2040 2107 2233 2163 censis
2265 2107 2611 2171 monachus,
2645 2125 2772 2179 qua
2802 2108 2917 2163 huc
2949 2110 3162 2166 referre
3195 2129 3307 2167 non
3338 2118 3520 2169 vacat.

2111 2197 2198 2250 10.
2230 2196 2517 2251 (laterum
2549 2196 2747 2252 habita
2780 2202 2870 2252 est
2900 2198 3037 2252 item
3081 2201 3327 2257 celebris
3375 2203 3684 2261 Nortman-

2040 2284 2148 2339 nia
2181 2284 2587 2356 episcoporum
2621 2286 2880 2356 synodus
2911 2303 3062 2341 anno
3097 2288 3236 2342 l067
3267 2293 3570 2349 occasione
3610 2295 3689 2350 al-

2036 2373 2221 2428 terius
2252 2372 2656 2427 dedicationis.
2704 2373 2925 2428 scilicet
2971 2374 3225 2430 ecclesia
3277 2379 3451 2433 beata
3493 2381 3687 2437 Maria

2038 2460 2476 2517 Gemeticensis.
2510 2478 2687 2532 quam
2739 2461 3043 2517 Maurilius
3068 2480 3201 2518 cum
3246 2465 3375 2521 suis
3404 2468 3688 2543 suifraga-

2039 2550 2187 2613 neis,
2223 2554 2504 2621 prasente
2535 2549 2993 2621 Guillelmo,jam
3026 2556 3164 2606 tunc
3186 2554 3402 2625 Anglia
3427 2561 3687 2629 rege,hu-

2038 2639 2250 2693 militer
2267 2646 2318 2693 et
2348 2638 2529 2693 devote
2556 2641 2891 2710 perpetravit
2924 2639 3200 2695 Kalendis
3219 2642 3455 2711 Julii,ut
3478 2650 3691 2703 testan-

2040 2729 2137 2781 tur
2184 2725 2536 2782 Guillclmus
2585 2726 3005 2782 Gemeticensis
3051 2728 3377 2786 monachus
3408 2731 3554 2788 libro
3583 2752 3685 2803 vn,

2039 2831 2166 2886 cap.
2200 2816 2292 2879 37,
2324 2814 2637 2870 Ordericus
2663 2815 2869 2871 Vitatis
2916 2815 3067 2871 libro
3118 2835 3174 2872 ιν
3202 2822 3258 2873 et
3296 2818 3413 2875 alii.
3454 2822 3686 2879 Dedica-

2038 2902 2215 2958 tionis
2246 2902 2424 2973 hujus
2455 2902 2736 2959 memoria
2783 2904 2840 2958 in
2876 2904 3283 2979 Martyrologio
3314 2911 3689 2969 Benedictino

2040 2990 2373 3049 celebratur
2394 2991 2540 3064 ipsis
2566 2991 2841 3048 Kalendis
2862 2993 3025 3050 Julii.
3056 2996 3128 3049 At
3158 3012 3310 3052 anno
3343 3000 3721 3070 pracedenti.

2043 3080 2221 3135 iidem
2253 3079 2547 3139 antistites
2579 3098 2713 3136 cum
2760 3081 3065 3152 provincia
3097 3084 3449 3155 primatibus
3480 3105 3514 3142 a
3541 3090 3689 3145 duce

273 3174 383 3237 uit,
415 3171 705 3228 Haurilius
761 3153 1198 3244 archiepiscopus
1245 3174 1304 3227 in
1361 3172 1569 3229 honore
1603 3181 1806 3228 sanctae
1834 3175 1935 3230 Dei
1961 3153 2004 3222 (ἶ
2041 3168 2207 3224 acciti
2255 3170 2410 3241 apud
2455 3169 2829 3225 Juliobonam
2881 3153 3287 3243 convenerant,
3338 3176 3410 3230 de
3456 3179 3685 3249 expedi-

275 3262 570 3331 genitricis
598 3262 789 3319 Maria
807 3277 929 3317 cum
952 3263 1171 3333 ingenti
1200 3261 1441 3333 tripudio
1489 3277 1671 3317 mense
1720 3261 1938 3318 Octobri

275 3348 846 3411 dedicavit.Ecclesia
881 3348 1372 3423 Rothomagensis
1402 3349 1937 3422 dedicationempa—

276 3437 427 3493 riter
454 3454 607 3493 anno
642 3439 780 3494 1063
802 3437 1397 3511 consignatlaudatus
1418 3438 1936 3509 anonymus.Certe

278 3525 397 3582 hoc
422 3525 549 3598 ipso
581 3543 734 3583 anno
781 3526 938 3583 locat
987 3531 1187 3583 noster
1231 3526 1583 3600 Pomerayus
1623 3527 1935 3584 concilium

276 3615 777 3688 Rothomagense,
799 3615 872 3671 ad
902 3616 1056 3687 quod
1084 3614 1286 3672 referri
1313 3616 1522 3672 debere
1550 3620 1749 3674 censet
1775 3617 1933 3689 quod

275 3703 618 3761 Willelmus
664 3704 1083 3761 Gemeticensis
1116 3709 1173 3760 et
1200 3704 1511 3761 Ordericus
1538 3703 1688 3761 libro
1719 3722 1778 3761 III
1806 3723 1935 3762 nar-

279 3795 421 3848 rant
449 3792 521 3847 de
551 3792 834 3858 Osberno,
886 3792 984 3864 qui
1015 3797 1148 3865 post
1194 3792 1430 3849 Roberti
1478 3793 1707 3851 abbatis
1738 3795 1931 3851 deser-

270 3880 498 3936 tionem
532 3881 886 3936 monasterio
919 3880 1171 3938 Uticensi
1207 3882 1512 3953 pratectus
1552 3883 1685 3951 fuit,
1718 3883 1933 3939 tradita

271 3967 393 4024 sibi
424 3985 459 4025 a
487 3969 754 4025 Maurilio
784 3969 1221 4042 archiepiscopo
1251 3971 1506 4026 cambuta
1532 3971 1830 4043 pastorali.
1856 3977 1932 4028 At

270 4057 567 4115 Robertus
579 4058 863 4115 Uticensis
881 4059 1063 4115 abbas
1079 4059 1278 4129 fugam
1302 4059 1516 4116 inierat
1531 4060 1835 4117 occasione
1846 4061 1931 4116 di-

2041 3257 2199 3313 tione
2218 3256 2540 3330 Anglicana
2569 3258 2908 3314 collocuturi
2931 3261 3061 3327 ;sed
3085 3279 3218 3317 cum
3241 3254 3687 3332 ejusmodi'con-

2042 3350 2250 3401 ventus
2282 3345 2476 3418 potius
2507 3346 2743 3402 comitia
2770 3348 3077 3420 provincia
3095 3350 3346 3406 debeant
3384 3353 3683 3425 appellari,

2042 3450 2221 3506 quam
2251 3434 2516 3501 concilia,
2546 3435 2617 3490 de
2642 3434 2735 3490 bis
2766 3436 2956 3492 dicere
2995 3439 3469 3510 supersedemus.
3500 3444 3563 3497 In
3594 3442 3687 3498 his

2042 3523 2198 3579 enim
2232 3539 2539 3594 procerum
2574 3523 2905 3596 colloquiis,
2939 3526 3010 3581 de
3039 3527 3418 3584 sacularibus
3448 3532 3687 3603 potissi-

2043 3628 2206 3667 mum
2240 3611 2488 3685 negotiis
2517 3613 2817 3685 agebatur,
2841 3631 2969 3686 qua
2983 3619 3124 3671 tunc
3155 3619 3433 3688 temporis
3465 3620 3688 3692 absque

2041 3700 2448 3773 episcoporum
2472 3701 3056 3774 consilio,utquidem
3089 3706 3285 3777 magni
3310 3706 3687 3764 fuissentmo-

2041 3789 2246 3858 menti,
2279 3790 2521 3845 minime
2553 3791 2973 3845 tractabantur.

2110 3879 2198 3933 lt.
2234 3882 2448 3933 Verum
2479 3894 2547 3932 ex
2575 3883 2693 3932 tam
2730 3878 3017 3949 frequenti
3041 3880 3416 3937 conciliorum
3438 3883 3685 3941 celebra-

2036 3966 2196 4022 tione
2226 3965 2496 4038 colligere
2527 3965 2661 4021 licet
2691 3965 3473 4040 Mauriliumvigilantissimi
3496 3978 3686 4046 pasto-

2038 4054 2120 4109 ris
2152 4057 2343 4125 partes
2375 4058 2610 4109 strenue
2642 4053 3414 4130 adimplevissc,meritoque
3433 4062 3559 4131 ejus
3582 4064 3682 4117 avi

268 4146 618 4207 sensionum
650 4164 777 4219 qua
808 4146 961 4203 inter
987 4146 1367 4204 Guillelmum
1417 4151 1476 4203 et
1530 4148 1927 4205 Nortmannia
2036 4142 2351 4214 scriptores
2380 4141 2748 4215 negligentia
2778 4145 3059 4211 accusari,
3094 4146 3192 4217 qui
3226 4148 3455 4205 decreta
3473 4151 3531 4205 in
3552 4150 3683 4207 istis

268 4250 546 4307 proceres
567 4235 800 4291 fuerant
828 4240 1035 4292 exorta
1069 4250 1216 4307 quas
1257 4235 1494 4307 quidem
1530 4235 1928 4293 dissensione
2035 4231 2278 4304 synodis
2310 4230 2534 4286 sancite
2566 4231 2893 4303 posteritati
2916 4249 3030 4289 non
3049 4236 3684 4296 transfuderunt.Gerte

270 4322 469 4379 fusius
498 4324 737 4396 exponit
765 4323 1076 4381 Ordericus
1107 4325 1179 4380 ad
1210 4340 1432 4380 annum
1463 4324 1623 4393 4063,
1650 4342 1777 4397 qua
1808 4343 1929 4382 om-
2036 4323 2255 4393 quanta
2281 4320 2359 4375 sit
2384 4320 2506 4375 hac
2531 4321 2764 4390 jactura
2794 4323 3080 4393 conjicere
3109 4340 3428 4396 possumus
3449 4343 3517 4382 ex
3548 4344 3679 4399 pro-

272 4411 377 4468 nie
406 4412 552 4469 satis
583 4429 874 4485 superque
902 4414 1149 4486 probare
1187 4412 1458 4468 videntur
1498 4414 1925 4472 dedicationem
2034 4407 2286 4464 fessione
2317 4408 2448 4464 fidei
2482 4409 2552 4464 de
2596 4409 2972 4465 Eucharistia
3018 4417 3404 4479 sacramento,
3437 4431 3564 4485 qua
3607 4416 3678 4471 ad

271 4500 545 4557 Ecclesia
586 4501 1078 4575 Rothomagensis
1112 4518 1265 4558 anno
1292 4501 1434 4557 1063
1463 4502 1923 4576 consignandam
1957 4520 2005 4584 D
2036 4513 2143 4552 nos
2173 4498 2450 4568 pervenit,
2483 4498 2541 4551 in
2572 4514 2689 4569 qua
2716 4503 2837 4553 tam
2868 4499 3166 4555 evidenter
3194 4505 3251 4555 et
3282 4500 3464 4557 nitide
3488 4503 3681 4560 catho-

272 4604 428 4659 esse,
461 4590 732 4662 quamvis
763 4591 1002 4647 indictio
1028 4608 1065 4646 n
1094 4591 1166 4646 ab
1194 4590 1466 4647 Orderico
1489 4591 1791 4664 assignate
1804 4591 1927 4649 loco
2035 4584 2147 4641 lica
2177 4586 2388 4641 veritas
2417 4586 2748 4658 exponitur.
2782 4591 2845 4642 ut
2872 4586 3072 4642 nullus
3103 4588 3298 4660 eﬁ'ugii
3317 4587 3479 4644 locus
3499 4589 3680 4647 hare-

268 4693 455 4749 supra.
483 4677 723 4734 laudato
745 4695 967 4735 annum
986 4682 1324 4751 sequentem
1346 4678 1616 4735 videatur
1642 4679 1922 4738 indicare,
2035 4672 2166 4729 ticis
2198 4672 2435 4730 relictus
2464 4674 2727 4730 sit.Hanc
2760 4673 2888 4729 ideo
2912 4675 3198 4746 integram
3231 4677 3680 4748 proferimus,ex

270 4766 493 4823 verum
507 4784 641 4823 cum
664 4766 788 4824 haec
801 4768 1088 4824 dedicatio
1106 4767 1200 4824 die
1226 4785 1245 4823 ι
1278 4767 1564 4834 Octobris,
1583 4771 1648 4823 ut
1675 4785 1744 4824 ex
1773 4769 1926 4825 Mer-
2036 4762 2210 4817 veteri
2243 4760 2564 4817 Pontificali
2598 4761 2865 4817 Ecclesia
2901 4762 3387 4836 Rothomagensis
3416 4783 3450 4821 a
3477 4772 3677 4824 nostro

267 4854 560 4928 tyrologio
591 4856 857 4927 ejusdem
895 4855 1163 4913 Ecclesia
1213 4854 1519 4923 discimus,
1563 4861 1798 4928 peracta
1825 4858 1923 4926 sit,
2034 4851 2414 4921 Pommerayo
2444 4848 2881 4921 descriptam,in
2910 4866 3025 4921 quo
3048 4851 3200 4907 inter
3230 4852 3374 4909 alias
3406 4854 3679 4927 fideipro-

270 4943 424 4999 forte
445 4944 543 4999 hic
556 4943 869 5011 Ordericus
893 4944 1269 5000 indictionem
1296 4959 1547 5000 amense
1575 4945 1922 5016 Septembri,
2036 4940 2319 4996 fessiones
2341 4938 2591 4993 habetur
2609 4939 2669 4994 in
2700 4938 2901 4993 ordine
2924 4941 3127 5011 synodi
3161 4940 3674 5002 celebranda.Mos

267 5035 341 5087 ut
374 5031 643 5089 nonnulli
671 5031 858 5089 facere
906 5032 1190 5101 solebant,
1244 5032 1557 5088 inchoavit.
1586 5032 1734 5089 Nam
1766 5034 1921 5089 idem
2033 5028 2189 5084 enim
2221 5026 2737 5091 exinde'fuitmtab
2767 5043 3120 5100 unoquoque
3140 5030 3412 5103 episcopo
3432 5033 3490 5086 in
3510 5034 3676 5089 Nort-

266 5119 399 5192 ipse
429 5125 634 5176 auctor
663 5120 776 5177 alio
806 5121 865 5176 in
894 5121 1039 5189 loco,
1071 5120 1221 5176 libro
1248 5119 1470 5177 scilicet
1500 5138 1574 5186 ιν,
1607 5120 1921 5177 dedicatio-
2033 5117 2282 5173 mannia
2315 5114 2610 5187 provincia
2639 5117 3032 5172 consecrando
3071 5117 3194 5174 hac
3225 5120 3357 5175 ﬁdei
3390 5121 3673 5191 professio

269 5224 410 5266 nem
442 5209 931 5283 Rothomagensis
952 5209 1217 5266 Ecclesia
1242 5225 1395 5265 anno
1425 5208 1588 5277 4063,
1604 5208 1923 5266 indictione
2030 5205 2377 5278 exigeretur.
2411 5206 2545 5270 Qua
2577 5203 2662 5259 sic
2710 5203 2923 5261 habet:
2971 5204 3189 5278 Oportet
3230 5209 3419 5273 etiam,
3471 5210 3674 5279 fratres

264 5315 311 5366 ι,
345 5301 645 5370 peractam
677 5298 861 5354 fuisse
893 5298 1116 5354 scribit.
2027 5294 2361 5362 charissimi,
2390 5300 2453 5349 ut
2478 5292 2611 5364 ﬁdes
2640 5295 2818 5348 vestra
2844 5294 2911 5349 de
2936 5310 3157 5366 corpore
3182 5304 3234 5351 et
3260 5298 3531 5365 sanguine
3560 5301 3671 5353 Do-

341 5388 397 5442 9.
430 5391 608 5442 Porro
638 5387 792 5442 idem
823 5388 1133 5445 Ordericus
1182 5386 1331 5443 libro
1380 5404 1415 5443 ν
1464 5391 1713 5444 testatur
1741 5387 1920 5460 hujus
2027 5386 2189 5450 mini,
2222 5399 2387 5454 quam
2416 5381 2746 5451 prasidentc
2781 5382 2911 5438 huic
2937 5393 3144 5438 sancta
3195 5383 3312 5439 sedi
3341 5385 3671 5442 venerabilis

263 5475 656 5534 dedicationis
682 5476 984 5533 occasione
1015 5491 1257 5548 corpora
1309 5476 1528 5532 ducum
1572 5476 1835 5534 Rollonis
1863 5481 1921 5534 et
2025 5473 2310 5529 memoria
2336 5472 2611 5536 Maurilio,
2642 5473 2916 5526 communi
2944 5487 3169 5527 assensu
3195 5476 3382 5529 rmitra
3430 5478 3669 5546 spurcis-

263 5563 585 5641 Guillelmi,
619 5569 1005 5644 cognomento
1037 5562 1444 5643 Langa-Spata,
1492 5582 1527 5629 a
1556 5564 1827 5631 Maurilio
1854 5566 1916 5629 in
2025 5564 2195 5623 simas
2222 5562 2546 5636 Berengarii
2572 5561 2790 5638 ejusque
2816 5575 3184 5622 successorum
3208 5578 3357 5623 voces
3392 5562 3667 5642 dif/inivi-
