4138 6186
547 293 709 355 1383

1549 287 1620 346 Β.
1668 283 2032 349 MAUBlLIl
2078 284 2446 348 ARCHIEP.
2497 285 2954 348 ROTHOMAG.

3723 286 3851 354 ιω

549 425 670 497 stis,
699 388 904 477 iterum
927 420 1206 476 recitetur.
1241 417 1408 475 Corde
1436 417 1707 474 credimus
1749 420 1799 472 et
1829 432 1929 472 ore
1970 417 2200 488 proﬁte-
2228 418 2284 484 Α
2311 419 2603 489 corrigere.
2637 417 2788 486 Quod
2815 419 2864 472 si
2884 417 3036 472 utile
3056 423 3108 472 et
3134 418 3314 472 ratum
3349 423 3437 473 tua
3459 417 3742 476 auctoritate
3757 435 3853 478 cen-

531 527 696 575 -mur,
724 525 926 582 panem
953 511 1013 564 in
1040 525 1232 564 mensa
1279 508 1561 564 Dominica
1605 507 1968 578 propositum,
1995 521 2198 578 panem

549 597 922 655 tantummodo
947 612 1063 652 esse
1105 605 1232 651 ante
1282 596 1736 651 consecrationem
1760 613 1778 649 :
1825 594 1920 649 sed
1966 596 2027 649 in
2075 596 2198 666 ipsa

549 688 950 744 consecratione
1006 685 1284 754 ineffabili
1331 685 1577 756 potentia
1621 684 1930 739 divinitatis
1958 685 2198 739 converti

551 780 812 830 naturam
831 777 881 828 et
907 773 1268 828 substantiam
1295 773 1458 842 panis
1488 774 1548 826 in
1575 780 1835 827 naturam
1863 775 1912 827 et
1941 772 2196 827 substan-

549 865 688 918 tiam
715 863 898 919 carnis
918 879 938 922 ,ο
967 863 1150 916 carnis
1180 877 1306 915 vero
1334 876 1446 914 non
1477 862 1670 928 ullius,
1704 862 1953 927 alterius,
2000 861 2095 916 sed
2121 861 2195 915 il-

550 953 659 1008 lius
687 968 805 1022 qua:
834 956 1090 1021 concepta
1118 957 1193 1004 est
1213 949 1277 1004 de
1307 949 1519 1019 Spiritu
1559 958 1766 1015 sancto,
1815 951 1948 1004 nata
1985 965 2054 1003 ea:
2083 947 2193 1003 Ma-

548 1042 637 1094 ria
663 1041 1039 1111 virgine,quaz
1065 1040 1233 1094 etiam
1260 1040 1482 1109 propter
1509 1054 1607 1093 nos
1637 1042 1687 1093 et
1713 1045 1936 1109 propter
1953 1041 2198 1093 nostram

545 1129 778 1184 salutem
807 1127 1043 1196 flagellis
1072 1141 1236 1191 casa,
1271 1129 1321 1181 et
1352 1128 1412 1180 in
1444 1127 1600 1198 ligno
1630 1142 1911 1197 suspensa,
1935 1128 2116 1198 jacuit
2135 1128 2197 1181 in

545 1217 811 1288 sepulcro,
845 1217 1007 1271 tertia
1035 1215 1126 1270 die
1152 1216 1457 1271 resurrexit
1487 1232 1521 1269 a
1546 1217 1800 1280 mortuis,
1842 1224 1893 1270 et
1934 1215 2081 1270 sedet
2126 1215 2197 1270 ad

544 1306 825 1361 dexteram
860 1305 958 1358 Dei
1006 1305 1209 1359 Patris.
1261 1303 1537 1358 Similiter
1582 1305 1797 1372 vinum,
1851 1302 1991 1373 quod
2035 1317 2198 1373 aqua

543 1395 769 1449 mistum
795 1393 856 1448 in
883 1393 1055 1447 calice
1083 1391 1538 1460 sanctiﬁcandum
1585 1393 1938 1462 proponitur,
1991 1407 2116 1447 vere
2144 1395 2197 1446 et

545 1482 907 1538 essentialiter
933 1482 1175 1536 converti
1206 1482 1267 1535 in
1311 1497 1439 1535 eum
1466 1481 1796 1550 sanguinem
1821 1482 1918 1550 qui
1943 1496 2042 1551 per
2071 1481 2197 1535 lan-

543 1588 694 1628 ceam
721 1571 919 1625 militis
947 1569 1012 1624 de
1037 1570 1257 1625 vulnere
1302 1570 1578 1624 Dominici
1622 1569 1813 1624 lateris
1869 1570 1928 1623 in
1978 1568 2194 1624 redem-

543 1661 786 1731 ptionem
816 1657 1012 1714 mundi
1037 1658 1278 1729 feliciter
1304 1659 1602 1713 emanavit.
1652 1657 2197 1713 Anathematizamus

546 1756 730 1804 autem
754 1750 945 1803 contra
974 1746 1116 1803 hanc
1142 1755 1387 1802 sanctam
1425 1750 1474 1800 et
1503 1746 1856 1818 apostolicam
1901 1745 2062 1814 fidem
2105 1762 2194 1800 su-

543 1837 707 1910 perbe
735 1840 898 1908 atque
941 1837 1196 1894 haeretice
1243 1836 1559 1902 sentientes,
1611 1839 1664 1890 et
1688 1836 1861 1906 impia
1887 1835 2196 1890 temeritate

545 1928 865 1997 garrientes.
903 1926 1058 1980 Hanc
1091 1923 1222 1979 ﬁdei
1253 1924 1696 1996 professionem,
1717 1940 1845 1996 qua:
1869 1923 1926 1978 in
1948 1923 2192 1978 concilio

549 2032 701 2070 anno
735 2015 871 2069 1063
901 2013 1100 2068 habito
1131 2013 1361 2068 decreta
1390 2013 1570 2068 fuisse
1600 2012 2060 2078 videtur,contra
2088 2016 2192 2066 Be-

550 2103 798 2176 rengarii
822 2119 1048 2158 errores
1069 2102 1330 2157 ediderat
1356 2101 1683 2169 Maurilius,
1715 2117 1788 2157 ne
1819 2101 1952 2173 quis
2003 2117 2033 2155 e
2082 2099 2195 2156 sibi

549 2191 864 2248 commisso
894 2205 1068 2262 grege
1089 2189 1469 2244 heresiarcha:
1497 2188 1722 2260 laqueis
1753 2205 1881 2244 sese
1921 2189 2192 2244 irretiret.

548 2278 934 2352 Berengarius
955 2278 1578 2349 quippeNortmannos
1602 2293 1709 2331 sua
1732 2277 1936 2332 haeresi
1959 2277 2194 2332 inﬁcere

549 2374 791 2422 conatus
824 2365 1033 2444 fuerat,
1066 2369 1130 2418 ut
1161 2381 1229 2418 ex
1279 2364 1371 2419 his
1419 2368 1577 2436 patet
1620 2380 1746 2435 quas
1796 2365 1868 2420 de
1907 2369 2192 2420 conventu

552 2453 846 2510 Brionensi
877 2454 1032 2524 apud
1063 2453 1403 2507 Durandum
1447 2457 1869 2510 Troarnensem
1903 2453 2196 2508 habentur

550 2543 606 2596 in
639 2541 764 2608 ejus
796 2538 946 2596 libro
977 2540 1056 2594 De
1087 2556 1326 2611 corpore
1357 2545 1414 2595 et
1443 2541 1729 2613 sanguine
1761 2541 2014 2596 Domini.

622 2633 706 2684 l2.
742 2632 1037 2695 Quantum
1068 2646 1201 2684 vero
1233 2629 1408 2685 fuerit
1455 2629 1711 2685 Maurilii
1764 2631 2028 2686 studium
2055 2645 2196 2702 erga

552 2736 641 2774 res
672 2717 1260 2791 divinas,intelligere
1276 2735 1592 2790 possumus
1621 2735 1690 2774 ex
1717 2719 1963 2774 Joannis
1992 2718 2197 2774 Abrin-

547 2807 740 2864 censis
787 2807 1042 2879 episcopi
1093 2806 1340 2878 epistola
1399 2807 1547 2862 libro
1587 2812 1666 2862 De
1711 2807 1920 2863 divinis
1963 2807 2193 2873 officiis,

548 2913 726 2967 quem
757 2895 1028 2951 Maurilio
1061 2897 1440 2968 nuncupavit,
1474 2897 1726 2968 praaﬁxa.
1762 2897 1902 2952 Eam
1926 2895 2198 2952 hucinte-

523 2999 716 3056 .gram
747 2985 981 3047 damus,
1007 2988 1180 3056 prout
1208 2983 1384 3040 simul
1433 3001 1566 3040 cum
1617 2985 1743 3056 ipso
1791 2984 1940 3040 libro
1981 3000 2050 3039 ex
2080 3000 2196 3042 ms.

2301 513 2470 572 setur,
2499 513 2787 578 postquam
2831 505 2898 562 de
2923 504 3340 578 metropolitano
3383 505 3497 561 sede
3523 507 3709 564 stillare
3740 508 3856 567 vids-

2306 595 2500 661 bimus,
2533 610 2809 650 canonum
2836 598 3046 650 statuta
3082 601 3382 665 sequentes,
3419 597 3606 652 nostra
3625 598 3858 668 propinare

2303 683 2664 739 studebimus.

2377 772 2462 826 13.
2515 772 2668 827 Loca
2715 771 2892 827 etiam
2939 785 3107 826 sacra
3154 757 3375 826 colebat
3417 769 3692 829 Mamilius
3717 789 3730 827 :
3758 787 3856 830 nam

2303 864 2512 932 praeter
2541 858 2849 916 ecclesiam
2881 857 3572 931 metropolitanum,quam
3603 860 3667 915 ab
3690 875 3745 917 eo
3765 875 3858 917 oon-

2303 952 2660 1004 summatam
2693 951 2752 1003 et
2777 946 3116 1004 solemniter
3141 951 3526 1004 consecratam
3544 946 3858 1015 diximusdic-

2301 1037 2505 1092 bertus
2536 1052 2732 1092 comes
2759 1035 3044 1092 Aucensis
3066 1037 3123 1090 in
3147 1035 3349 1091 charta
3367 1035 3696 1092 fundationis
3721 1036 3858 1094 sancti

2305 1125 2606 1182 Michaelis
2649 1125 2720 1181 de
2769 1123 3270 1196 Ulteriori-portu,
3321 1123 3426 1180 hoc
3461 1123 3859 1182 monasteriums

2304 1231 2367 1270 se
2398 1214 2696 1270 conditum
2749 1213 2931 1270 fuisse
2970 1217 3222 1269 testatur
3269 1211 3522 1269 consiliis
3559 1213 3860 1286 potissimum

2307 1302 2560 1358 Maurilii
2573 1301 2996 1374 archiepiscopi
3017 1299 3661 1374 Rothomagensistem
3675 1302 3862 1359 antistes

2304 1391 2519 1447 chartis
2552 1390 2788 1447 Roberti
2809 1389 3176 1446 Ebroicensis
3197 1389 3428 1445 comitis
3457 1389 3766 1462 subscripsit
3783 1405 3858 1462 pro

2304 1480 2662 1536 monasterio
2687 1479 2888 1536 Sancti
2901 1477 3218 1535 Salvatoris
3240 1473 3595 1535 Ebroicensis
3611 1477 3861 1534 sanctimo-

2302 1567 2548 1624 nialium
2579 1567 2805 1624 ordinis
2834 1567 3045 1635 nostri,
3093 1567 3252 1638 quod
3283 1567 3355 1622 ab
3384 1567 3576 1622 eodem
3599 1565 3776 1622 comite
3797 1579 3860 1622 so-

2303 1658 2477 1712 dente
2496 1656 2764 1712 Maurilio
2796 1656 3093 1712 conditum
3116 1655 3593 1712 sst.Contendunt
3615 1655 3763 1711 etiam
3786 1670 3864 1710 no-

2302 1746 2408 1801 stri
2425 1746 2699 1801 Divenses
2713 1744 3052 1800 monasterii
3064 1745 3156 1800 sui
3169 1744 3692 1812 ecclesiam,sancta
3700 1741 3864 1799 scilicet

2302 1833 2495 1890 Mariis
2507 1849 2690 1906 supra
2707 1832 2934 1901 Divam,
2957 1833 3031 1890 ab
3071 1833 3278 1889 eodem
3327 1833 3490 1890 beato
3521 1832 3711 1888 antiste
3732 1830 3863 1887 {suos

2301 1927 2698 1978 consecratam
2723 1939 2738 1978 :
2771 1922 2927 1994 quod
2983 1922 3234 1977 innuero
3259 1921 3484 1977 videtur
3509 1919 3774 1976 0rderioue
3794 1917 3862 1973 Vi-

2301 2011 2437 2067 talis
2469 2009 2617 2066 libro
2647 2010 2894 2065 Iv.Idem
2925 2008 3139 2066 telonei
3180 2009 3337 2082 apud
3380 2007 3720 2075 Andeleium,
3751 2006 3863 2077 juris

2303 2100 2396 2155 sui
2435 2099 2788 2168 dominium,
2839 2097 3280 2154 immunitatem
3331 2097 3609 2154 concessit
3633 2093 3864 2152 monachis

2301 2188 2499 2245 Sancti
2534 2188 2682 2244 Petri
2711 2187 3191 2258 Carnotensibus,
3224 2191 3291 2242 ut
3319 2203 3389 2243 ex
3417 2187 3542 2258 ejus
3559 2177 3732 2242 charta
3754 2185 3865 2256 patet

2304 2278 2459 2349 apud
2491 2276 2977 2332 Sammarthanos
3007 2275 3184 2332 edita.

2376 2367 2463 2422 M.
2497 2366 2613 2422 Nec
2643 2366 2844 2422 minus
2872 2365 3117 2421 curabat
3147 2369 3214 2420 ut
3242 2365 3352 2420 viri
3381 2364 3460 2438 pii
3489 2367 3544 2420 et
3571 2363 3636 2424 ad
3664 2359 3866 2418 ministe-

2303 2456 2458 2511 rium
2489 2471 2722 2510 sacrum
2753 2455 2948 2510 idonei
2994 2453 3263 2511 ecclesiis
3311 2453 3726 2526 pmﬁcerentur.
3753 2446 3866 2502 Wal-

2303 2543 2566 2599 kelinum
2599 2560 2633 2599 a
2663 2541 2974 2598 Guillelmo
3021 2541 3350 2614 Anglorum
3399 2555 3530 2614 rege
3555 2529 3866 2595 Wintonieasi

2301 2632 2424 2688 sedi
2456 2633 2584 2702 ejus
2633 2646 2810 2703 opera
2853 2631 3193 2703 praefectum
3245 2631 3429 2688 fuisse
3452 2631 3715 2694 asserunt,
3738 2638 3866 2696 quem

2301 2721 2625 2776 antistitem
2648 2720 2796 2775 tanti
2812 2719 2920 2774 viri
2935 2720 3446 2775 commendatione
3467 2717 3613 2774 haud
3628 2714 3866 2788 indignum

2302 2810 2484 2866 fuisse
2509 2813 2761 2864 testatur
2791 2807 3125 2864 Willelmus
3160 2803 3868 2871 Malmsburiensislibrom

2303 2897 2403 2954 ubi
2434 2899 2505 2953 de
2553 2914 2621 2953 eo
2676 2897 2798 2953 ait:
2867 2896 3221 2954 Walkelinus.
3269 2937 3285 2952 .
3331 2937 3345 2952 .
3377 2896 3530 2970 cujus
3585 2895 3707 2950 bona
3749 2902 3869 2962 opem

2300 2989 2509 3060 famam
2557 2987 2858 3057 vincentia,
2909 2987 3231 3042 vetustatem
3285 2985 3568 3052 oblivioni,
3616 2998 3649 3038 a
3669 2996 3719 3037 se
3739 2976 3870 3050 repel-

547 3071 743 3128 codice
774 3071 1113 3128 monasterii
1152 3071 1474 3128 Salicouasi
1505 3071 1663 3128 edita
1708 3077 1800 3128 est
1825 3090 1859 3127 a
1895 3071 2195 3128 nonnullis
2244 3147 2249 3148 7
2303 3075 2691 3148 lent,quandiu
2710 3075 2859 3130 sedes
2889 3073 3213 3146 episcopalis
3246 3074 3537 3131 Wintonia’
3561 3069 3770 3132 durabit;
3791 3068 3866 3122 etc.

551 3160 1034 3234 liothomagensis
1078 3160 1346 3216 Ecclesiae
1395 3161 1728 3216 canonicis:
1787 3162 2016 3217 Domino
2071 3177 2197 3217 vere
2225 3147 2268 3215 C
2307 3147 2728 3220 TheOderieum
2761 3179 2896 3219 vero
2937 3162 3275 3219 Uticensem
3310 3161 3595 3227 abbatem,
3623 3159 3766 3229 cujus
3786 3151 3870 3209 elo-

545 3251 728 3306 sancio
781 3254 835 3306 et
890 3252 1104 3306 meritis
1161 3249 1476 3305 honorando
1535 3249 1811 3316 Haurilio,
1887 3249 2204 3306 venerabili

545 3347 746 3395 sanctas
796 3340 1238 3410 Rothomagensis
1281 3339 1533 3395 Ecclesia
1585 3339 1987 3411 archiepiscOpo
2035 3341 2202 3395 Joan-

544 3442 639 3482 nes
667 3425 1076 3484 Abrincacensis
1113 3428 1364 3481 omnium
1405 3429 1798 3498 episcoporum
1828 3429 2042 3483 meritis
2070 3428 2202 3498 inﬁ-

545 3530 684 3580 mus,
725 3529 947 3585 corpore
996 3521 1047 3568 et
1100 3516 1306 3584 spiritu
1367 3517 1533 3570 totius
1587 3515 1919 3571 obedientise
1974 3532 2199 3570 munus.

549 3603 826 3672 Quoniam
878 3611 988 3659 tum
1021 3604 1373 3674 paternitatis
1437 3606 1784 3658 sanctitatem
1831 3604 1899 3658 de
1952 3606 2204 3660 ecclesia-

544 3693 698 3748 sticw
723 3690 1023 3758 dignitatis
1050 3693 1299 3763 profectu
1338 3707 1552 3761 semper
1597 3692 1912 3759 sollicitam,
1963 3694 2079 3763 ejus
2127 3693 2206 3747 ιω-

541 3797 649 3852 psu
678 3782 858 3836 nimio
889 3796 1074 3837 errore
1104 3781 1274 3851 afﬁci,
1329 3781 1647 3850 saepissimis
1694 3781 1823 3836 inde
1864 3797 2076 3836 mecum
2104 3781 2204 3836 ha-

547 3871 676 3925 bitis
735 3870 1135 3940 quaestionibus
1191 3870 1476 3942 comperi:
1541 3869 1744 3941 hocque
1805 3869 2042 3925 dolorem
2101 3872 2208 3935 tibi

545 3961 904 4026 augmentare
931 3959 1048 4030 ejus
1089 3960 1496 4028 reparationem
1533 3959 1825 4029 ﬂagranti,
1879 3959 2018 4030 quod
2063 3961 2207 4015 vires

543 4045 614 4100 ad
669 4045 768 4101 hoc
824 4049 937 4102 tum
1000 4047 1355 4102 subtraxerat
1415 4047 1762 4102 imbecillitas
1829 4048 2204 4118 aegritudinis.

549 4135 803 4189 Parvitas
858 4149 980 4188 mea
1036 4138 1143 4188 tua:
1198 4136 1566 4191 sanctissima:
1614 4137 1830 4207 optioni
1885 4137 2204 4208 suffragari,

553 4237 664 4276 non
695 4221 886 4292 aliquo
912 4223 1066 4292 fastu
1091 4237 1368 4287 succensa,
1399 4221 1488 4277 sed
1517 4224 1612 4293 pia
1640 4239 1829 4294 compa
1843 4227 2023 4279 ssione
2063 4240 2206 4279 com-

551 4319 698 4366 mota
727 4311 922 4381 apetiit
946 4328 959 4377 ;
992 4319 1052 4366 ut
1079 4310 1219 4381 quod
1259 4311 1660 4382 negligentium
1703 4316 1990 4384 pastorum
2019 4313 2210 4384 depra-

545 4401 704 4453 vatur
733 4400 976 4467 incuria,
1010 4402 1122 4456 tuae
1147 4403 1358 4456 sanctae
1387 4401 1671 4470 religionis
1723 4405 2014 4472 reparetur
2070 4402 2206 4472 vigi.

2308 3253 2470 3327 gium
2502 3251 2960 3325 supradedimus
2976 3251 3048 3306 ad
3067 3266 3294 3306 annum
3325 3250 3464 3306 1058
3495 3242 3783 3304 monasterii
3807 3255 3871 3294 re-

2308 3343 2504 3415 gimen
2535 3339 2827 3396 dimittere
2853 3339 3232 3411 cogitantem,
3269 3337 3604 3409 aliquandiu
3622 3328 3870 3406 impedivit.

2310 3431 2454 3486 Cum
2486 3429 2644 3485 enim
2676 3428 2811 3500 pius
2843 3427 2940 3483 ille
2967 3428 3150 3483 abbas
3177 3428 3255 3483 ob
3285 3427 3491 3483 turbas
3520 3425 3575 3480 in
3593 3415 3869 3479 monasterio

2311 3536 2414 3576 suo
2435 3520 2663 3574 exortes
2690 3515 2970 3572 baculum
2991 3515 3351 3588 pastoralem
3369 3513 3653 3571 Willelmo
3669 3503 3870 3567 desired-

2309 3606 2700 3674 didisset,dux
2720 3620 2960 3661 causam
2985 3603 3246 3660 scandali
3272 3603 3538 3662 Maurilio
3559 3595 3866 3671 indagandum

2311 3694 2627 3752 commisit.
2661 3695 2854 3760 Quare
2881 3708 3036 3749 anno
3085 3692 3248 3761 4056,
3300 3697 3370 3749 ut
3413 3695 3604 3748 narrat
3635 3682 3868 3745 Ordericus

2311 3784 2412 3840 lib.
2475 3801 2559 3849 III,
2611 3781 2934 3849 Maurilius,
2985 3781 3150 3854 Hugo
3202 3780 3572 3839 Lexoviensis
3618 3776 3869 3849 episcopus.

2310 3873 2622 3929 Ansl‘rinue
2670 3869 3045 3927 Pratellensis
3075 3870 3258 3927 abbas
3309 3875 3367 3927 et
3408 3869 3733 3926 Lanfrancas
3754 3854 3870 3915 Baeti

2313 3963 2490 4036 prior,
2526 3959 2742 4032 aliique
2771 3959 2880 4014 viri
2911 3958 3169 4014 illustres
3198 3958 3435 4015 Uticum
3479 3966 3770 4017 convenere,
3795 3943 3871 4001 ibi-

2315 4068 2428 4124 que
2457 4048 2857 4122 apostolorum
2889 4048 3040 4104 Petri
3060 4051 3119 4103 et
3134 4046 3300 4103 Pauli
3319 4046 3674 4104 solemnitate
3687 4035 3876 4124 parauit,

2313 4123 2519 4195 auditis
2579 4142 2632 4194 et
2683 4139 2881 4193 solerte
2925 4136 3182 4192 discussis
3239 4136 3636 4194 dissensionum
3662 4123 3875 4203 roum,

2320 4228 2702 4285 Theodericum
2750 4225 2995 4281 abbatem
3037 4238 3276 4297 prmesse
3318 4225 3615 4297 jusserunt,
3655 4221 3786 4288 atque
3803 4210 3876 4266 Βο-

2317 4315 2670 4374 bertumloci
2693 4314 2969 4387 priorem,
3019 4313 3121 4385 qui
3167 4314 3466 4370 tumultus
3517 4313 3572 4368 in
3601 4297 3878 4366 monasterio

2315 4404 2622 4471 excitabat,
2657 4411 2717 4459 ut
2735 4404 2896 4458 Patri
2921 4417 3020 4457 suo
3066 4403 3467 4474 obtemperaret
3509 4400 3702 4472 copiosa
3723 4399 3880 4448 serm-

547 4487 748 4577 lantia.
780 4487 919 4542 Hinc
945 4495 1040 4543 tua
1068 4489 1390 4544 auctoritate
1416 4490 1616 4560 fretus,
1648 4491 1946 4546 sententias
1974 4495 2200 4546 sancto-
2233 4511 2281 4577 Β
2311 4495 2593 4552 cinatione
2621 4491 3164 4548 admonuerunt.Ssd
3195 4491 3299 4546 diu
3332 4508 3448 4548 non
3471 4487 3624 4545 stetit
3665 4481 3750 4539 illa
3771 4487 3876 4577 pall

546 4592 671 4632 rum
701 4576 933 4632 Patrum
984 4592 1290 4648 aggressus,
1339 4577 1790 4651 diversarumque
1831 4579 2203 4634 Ecclesiarum
2234 4575 2268 4577 _
2311 4583 2405 4638 vix
2432 4581 2588 4638 enim
2619 4597 2776 4636 unus
2795 4596 2986 4636 anuus
3033 4578 3276 4649 abierat,
3309 4595 3446 4636 cum
3475 4577 3670 4633 iterum
3695 4575 3879 4660 omen-9'

546 4679 724 4720 mores
763 4668 817 4720 et
856 4665 1270 4721 consuetudines
1333 4675 1704 4738 prospectans,
1747 4676 1801 4722 et
1853 4683 1917 4723 ea
1964 4684 2082 4740 qua:
2126 4668 2196 4723 ad
2306 4678 2442 4727 runt
2472 4686 2620 4726 nova
2649 4667 2916 4724 dissidia.
2947 4670 3138 4732 Quare
3165 4667 3574 4733 Theodericus,
3619 4674 3732 4717 νοω
3762 4662 3878 4740 Pw}

547 4753 727 4808 divini
751 4752 933 4808 cultus
960 4754 1146 4824 ofﬁcia
1163 4755 1462 4824 pertinent,
1493 4755 1738 4826 quodque
1779 4757 1836 4811 in
1887 4772 1943 4811 se
1971 4759 2197 4828 mystice

547 4842 848 4908 continent,
878 4839 1248 4896 nihilominus
1293 4843 1664 4909 considerans,
1693 4843 1990 4914 quamdam
2036 4846 2197 4915 quasi

548 4928 937 4998 confectionem
961 4943 1032 4983 ea:
1059 4944 1125 4984 ea
1150 4928 1470 4985 diversitate
1501 4933 1818 5001 composui:
1867 4949 2033 5004 quam
2079 4950 2196 4990 om-

549 5016 711 5071 nibus
767 5014 945 5071 adhuc
999 5016 1268 5072 occultam
1322 5025 1436 5075 tum
1505 5021 1821 5088 sagacitatis
1869 5026 2198 5092 repraesento

549 5104 822 5170 examini,
865 5113 926 5158 ut
972 5113 1274 5175 susceptum
1310 5107 1630 5177 opusculum
1689 5109 1972 5179 inspicias,
2028 5113 2079 5165 et
2109 5113 2199 5165 in-

547 5191 829 5266 spiciendo
859 5207 1001 5258 eam,
1033 5209 1254 5264 precor,
1285 5194 1632 5266 diligentiam
1661 5196 1942 5262 adhibeas,
1991 5215 2100 5270 qua
2147 5203 2201 5255 te

549 5283 708 5338 nobis
736 5297 862 5337 eum
889 5296 1003 5337 esse
1030 5281 1322 5351 significes,
1354 5299 1514 5356 quem
1538 5286 1599 5339 in
1641 5287 1972 5356 paternitate
1993 5302 2057 5341 ac
2083 5303 2200 5344 ma-

549 5371 771 5442 gisterio
797 5376 884 5424 sat
925 5369 1174 5426 decenter
1215 5371 1458 5428 exhibes.
1515 5374 1624 5428 Tua
1665 5375 1868 5444 quippe
1913 5376 2102 5445 refert,
2142 5381 2205 5432 ut

551 5460 606 5514 si
632 5459 824 5530 aliqua
850 5458 962 5514 sint
1005 5474 1133 5531 quae
1182 5461 1398 5516 valeant
1439 5468 1668 5532 paterno
1700 5461 1898 5532 affectu
1942 5465 2078 5519 velis
2107 5482 2206 5521 an-

553 5559 762 5620 nuere;
793 5545 844 5606 si
871 5559 995 5610 vero
1024 5551 1265 5624 econtra,
1313 5549 1598 5627 vigilantis
1637 5551 1945 5627 magisterii
1971 5568 2206 5616 cursura

2303 4759 2639 4827 ﬁlius,onus
2651 4757 2954 4830 regiminis
2965 4772 3160 4812 coram
3171 4765 3381 4813 πωπω
3398 4734 3878 4835 Ρνκειιιὶὸωὰιιᾳπξί

2304 4848 2582 4905 laudatus
2609 4850 2833 4914 auctor,
2891 4844 3040 4901 libro
3096 4861 3175 4914 v1,
3233 4845 3490 4902 Maurilio
3517 4841 3876 4905 WW'

2303 4941 2356 4993 et
2382 4938 2602 5008 Hugone
2632 4935 2951 4991 Lexoviensi
2969 4933 3243 5005 deposuit.

2378 4997 2768 5081 tSiMaurilio
2796 5013 2971 5078 suum
3005 4997 3182 5078 etiam
3213 5021 3388 5078 debet
3424 5014 3740 5088 Anselmum

2308 5111 2670 5168 monasticus
2698 5127 2712 5166 :
2737 5110 2956 5182 quippe
2985 5125 3120 5166 cum
3149 5108 3246 5166 ille
3279 5085 3497 5165 ani-0’
3534 5096 3799 5161 ﬂuctuant
3825 5085 3875 5140 ἀι

2307 5201 2537 5258 vivendi
2573 5201 2760 5256 forma
2789 5214 2967 5270 quam
3007 5193 3756 5270 sequeretur,Lanfrancum

2309 5289 2589 5362 temporis
2619 5287 2783 5344 Becci
2804 5265 3058 5359 priorem
3091 5265 3403 5344 consuluit
3447 5281 3581 5357 quid
3612 5277 3749 5334 esset
3769 5265 3875 5362 ἱεςο

2311 5348 2480 5451 opus.
2517 5348 2888 5448 Lanfrancus,
2919 5375 3113 5449 inquit
3137 5348 3626 5432 Eadmernsinitio
3645 5365 3772 5454 libro

2310 5449 2570 5523 Anselmi
2600 5465 2753 5534 Vita,
2785 5465 2976 5538 differt
3005 5468 3328 5521 sententiam
3349 5465 3512 5535 ferre,

2313 5558 2526 5636 gotium
2572 5555 2644 5617 ad
2693 5553 3044 5617 venerabilis
3069 5552 3318 5614 laurilii
3367 5542 3776 5623 emam
3789 5542 3875 5612 φτ
