4138 6186
284 290 448 361 A385
1888 293 2107 359 Vl'l‘A.‘
3250 372 3253 373 ν
3296 254 3307 262 θ
3548 306 3705 380 1386

290 424 447 495 scopi
478 421 822 511 audientiam
876 427 1053 496 magis
1090 426 1315 495 referre.
1373 425 1705 498 Acquiescit
1751 428 1950 486 Ansel-
1975 434 2030 501 Α
2058 432 2292 502 Augusti
2319 436 2398 491 ad
2428 434 2617 489 Deum.
2651 434 2742 488 sui
2778 432 2874 490 diu
2893 435 3174 500 servierat,
3190 416 3703 511 migravitiCorpus
3778 472 3789 477 -

290 510 636 588 mus,simul
658 512 1089 587 Rothomagum
1126 518 1397 587 pergunt,
1412 515 1944 589 archiepiscOpum-
2058 536 2182 576 vero
2210 525 2328 594 eius
2356 527 2412 579 in
2440 523 2734 594 episcopali
2763 524 3009 589 ecclesia,
3037 540 3199 594 quam
3226 525 3340 595 ipse
3375 533 3499 581 ante
3521 510 3693 584 annos

292 617 409 674 que
433 600 652 657 adeunt
673 601 797 670 ;cui
821 619 955 658 cum
969 602 1282 659 Anselmus
1305 603 1485 659 animi
1508 603 1599 660 sui
1622 606 1943 662 anxietates
2052 612 2291 683 quinque
2313 613 2623 668 indictione
2648 627 2664 664 ι
2689 620 2893 667 sancta:
2919 614 3019 667 Dei
3045 614 3305 683 genitrici
3324 614 3511 670 Mariae
3540 616 3702 674 dedi-

288 690 696 763 exposuisset:
729 692 835 746 Nec
889 707 1063 759 mora,
1124 691 1316 763 inquit
1374 692 1713 763 Eadmerus,
1754 710 1944 751 mona—
2049 705 2284 769 caverat,
2318 703 2572 759 delatum
2615 710 2717 769 est,
2747 709 2798 756 et
2847 704 2975 756 ante
3025 703 3353 772 cruciﬁxum
3409 704 3705 774 honoriﬁce

285 780 480 835 chicus
507 778 638 835 ordo
663 793 787 851 pre:
839 780 1052 837 ceteris
1109 779 1386 847 laudatur,
1445 781 1668 854 ejusque
1698 785 1945 854 pr0posi-
2051 790 2392 846 tumulatum
2412 794 2520 846 est.
2554 790 2921 861 Epitaphium
2979 794 3160 846 autem
3188 792 3304 863 ejus
3355 810 3389 847 a
3434 793 3702 851 Richardo

288 875 408 923 tum
435 868 694 923 omnibus
718 867 851 923 aliis
881 870 1207 940 antefertur.
1240 869 1531 925 Anselmus
1560 871 1681 928 hazc
1709 873 1942 928 audiens
2049 874 2308 934 Herluini
2335 879 2455 949 ﬁlio
2480 879 2723 950 ejusdem
2769 879 3004 934 ecclesiae
3060 881 3321 936 canonico
3365 881 3576 938 editum
3601 887 3699 952 est,

286 959 342 1014 et
370 957 698 1028 approbans,
728 958 939 1012 omissis
966 958 1116 1024 aliis,
1147 959 1343 1015 sucula
1394 959 1602 1027 relicto,
1636 962 1792 1016 Becci
1830 976 1942 1017 mo-

284 1047 497 1101 nachus
523 1048 704 1116 factus
728 1048 805 1101 est
835 1061 981 1102 anno
1009 1047 1193 1103 aetatis
1221 1061 1342 1104 suae
1390 1049 1645 1118 vigesimo
1692 1052 1938 1122 septimo.

286 1134 578 1197 Eumdem
605 1138 825 1206 postea,
856 1135 1109 1207 priorem
1142 1137 1483 1191 monasterii
1505 1135 1754 1194 electum
1796 1155 1830 1193 a
1858 1138 1941 1194 di—

282 1223 580 1285 mittenda
609 1223 856 1279 fratrum
915 1240 1159 1280 suorum
1212 1240 1353 1281 cura
1402 1226 1630 1294 avertit,
1672 1231 1737 1282 ut
1782 1227 1938 1283 idem

285 1312 613 1370 Eadmerus
642 1315 859 1368 narrat.
887 1311 992 1368 Sed
1011 1328 1153 1368 cum.
1179 1311 1395 1384 inquit,
1414 1313 1759 1371 Anselmum
1796 1318 1941 1372 inter

289 1401 410 1458 haec
434 1402 654 1457 diversa
682 1402 1023 1457 diversorum
1071 1403 1289 1470 negotia
1339 1403 1663 1475 fatigarent,
1711 1408 1763 1459 et
1807 1421 1935 1461 non-

284 1506 577 1563 nunquam
598 1489 754 1545 illius
773 1494 1010 1547 mentem
1027 1508 1059 1546 a
1079 1506 1182 1547 sua
1212 1492 1392 1563 quiete
1426 1495 1732 1564 turbarent,
1757 1496 1938 1550 consi-

288 1580 433 1634 lium
459 1594 620 1650 super
648 1578 735 1634 his
761 1597 794 1635 a
823 1582 1134 1652 supradicto
1162 1585 1497 1641 venerandae
1531 1584 1821 1640 memoriae
1847 1600 1939 1639 ar-

283 1668 626 1740 chiepiscopo
652 1667 1096 1741 Rothomagensis
1121 1674 1383 1731 Ecclesiae
1437 1672 1703 1730 Maurilio
1750 1676 1934 1743 postu-

285 1756 511 1813 laturus
557 1755 950 1829 Rothomagum
998 1763 1164 1818 venit.
1228 1763 1468 1833 Cumque
1530 1760 1619 1815 sui
1671 1762 1935 1817 adventus

283 1861 514 1903 causam
528 1847 780 1917 pontiﬁci
806 1857 1119 1918 exponeret,
1149 1867 1213 1907 ac
1241 1852 1389 1906 inter
1442 1849 1606 1904 verba
1646 1865 1751 1920 pro
1778 1851 1941 1905 amis-

285 1951 350 1990 sa
372 1936 466 1991 sui
485 1938 661 1991 status
688 1936 1096 2007 tranquillitate
1150 1939 1621 1995 vehementissime
1661 1939 1837 2008 ﬁeret,
1870 1937 1940 1993 ab

286 2039 451 2081 onere
468 2024 838 2096 prwlatiouis,
873 2026 1017 2097 quod
1081 2028 1193 2082 sibi
1246 2027 1526 2097 fatebatur
1571 2025 1937 2097 importabile,

286 2116 348 2167 ut
374 2112 612 2168 relevari
664 2117 966 2169 mereretur
1020 2131 1349 2188 magnopere
1403 2117 1562 2187 coepit
1613 2130 1825 2185 rogare.
1876 2115 1939 2171 At

287 2201 409 2268 ille,
436 2201 604 2256 sicuti
624 2202 719 2257 vir
762 2217 985 2271 magna
1036 2205 1374 2260 sanctitatis:
1425 2203 1571 2270 Noti,
1616 2204 1820 2272 inquit,
1852 2203 1939 2272 ﬁli

286 2291 370 2345 mi
396 2290 735 2359 eharissime,
754 2290 895 2362 quod
922 2293 1123 2362 quaeris
1178 2307 1445 2365 quaerere,
1502 2307 1603 2347 nec
1655 2294 1710 2347 te
1756 2309 1791 2346 a
1816 2291 1937 2347 sub-

284 2380 528 2435 vectione
551 2377 798 2436 aliorum
826 2381 913 2436 tui
933 2380 1106 2437 solius
1131 2397 1328 2438 curam
1354 2396 1547 2451 gerens
1591 2381 1723 2436 velis
1751 2384 1935 2436 retra-

282 2468 436 2525 here.
472 2468 600 2525 Vere
622 2469 821 2524 etenim
878 2468 998 2525 dico
1044 2470 1148 2525 tibi
1196 2486 1284 2526 me
1336 2469 1401 2525 de
1452 2469 1643 2524 multis
1690 2470 1933 2540 audisse,

283 2557 590 2630 multosque
615 2557 818 2613 vidisse
845 2558 959 2629 qui,
991 2560 1279 2629 quoniam,
1336 2575 1506 2614 causa
1561 2573 1681 2616 suae
1709 2560 1933 2629 quietis,

277 2647 665 2719 proximorum
692 2646 930 2702 utilitati
965 2663 1065 2719 per
1106 2648 1433 2718 pastoralem
1488 2664 1682 2703 curam
1730 2648 1931 2716 invigi-

284 2735 405 2791 lare
432 2736 747 2804 noluerunt,
773 2751 876 2806 per
913 2735 1186 2792 desidiam
1234 2737 1580 2792 ambulantes
1620 2751 1832 2808 semper
1867 2737 1935 2792 de

280 2825 430 2880 malo
459 2825 520 2880 in
543 2825 701 2896 pejus
725 2824 1102 2898 profecerunt.
1139 2826 1498 2898 Quapropter,
1529 2841 1599 2881 ne
1638 2825 1760 2890 tibi,
1793 2824 1933 2897 quod

282 2913 457 2969 absit!
488 2914 585 2968 hoc
613 2914 760 2968 idem
786 2915 1086 2983 contingat,
1120 2930 1222 2985 per
1270 2923 1516 2971 sanctam
1564 2913 1931 2970 obedientiam

276 3003 542 3074 pracipio
588 3005 855 3074 quatenus
904 3003 1285 3074 praelationem
1334 3020 1501 3074 quam
1564 3020 1712 3058 nunc
1765 3003 1929 3059 habes

280 3092 543 3161 retineas,
566 3107 667 3146 nec
692 3107 834 3157 eam,
864 3093 979 3147 nisi
1003 3094 1096 3147 tuo
1116 3092 1348 3163 jubente
1388 3092 1603 3159 abbate,
1634 3090 1928 3163 quomodo-

1968 1802 2015 1869 B

2053 966 2131 1019 ets
2158 982 2292 1037 uper
2324 969 2504 1039 ipsum
2531 968 2591 1022 in
2620 968 2780 1038 capri
2808 968 3033 1023 laminis
3066 984 3135 1023 ea;
3163 985 3305 1025 auro
3332 970 3411 1026 sic
3437 972 3704 1044 scriptum

2048 1057 2130 1108 est
2147 1072 2161 1109 :

2262 1145 2504 1200 Humani
2530 1146 2691 1211 cives,
2729 1143 3037 1216 lacrymam
3064 1146 3234 1203 nolite
3263 1163 3461 1218 negare

2339 1234 2516 1288 Vestro
2540 1232 3097 1305 pontiﬁci,.Maurilio
3127 1237 3411 1292 monacho.

2260 1322 2412 1376 Hunc
2448 1323 2629 1377 Remis
2653 1324 2861 1392 genuit,
2892 1322 3203 1378 studiorum
3230 1326 3401 1396 Legia
3418 1328 3612 1382 nutrix

2331 1412 2549 1466 Potavit
2576 1410 2765 1480 triﬁdo
2793 1413 2942 1480 [ante
2967 1410 3361 1483 philosophice.

2282 1499 2437 1555 Vobis
2466 1500 2608 1554 hanc
2633 1499 2809 1556 sedem
2830 1506 3056 1570 ereptam
3074 1500 3335 1569 perduxit
3352 1503 3425 1557 ad
3443 1519 3698 1574 unguem,

2335 1589 2561 1645 Laetitia
2594 1604 2794 1659 magna
2820 1587 2956 1660 fecit
2981 1591 3032 1642 et
3057 1590 3324 1644 encaenia.

2262 1676 2395 1731 Cum
2424 1677 2547 1744 tibi,
2569 1678 2853 1741 Laurenti.
2880 1677 3076 1746 vigilat
3086 1677 3240 1748 plebs
3267 1680 3453 1735 sobria
3474 1680 3699 1749 Christi,

2336 1766 2576 1833 Transit,
2610 1769 2661 1821 et
2689 1767 2746 1821 in
2778 1765 2926 1820 oculis
2956 1765 3149 1820 laurea
3176 1768 3317 1837 festa
3345 1768 3492 1823 colit.
3530 1758 3542 1767 ’

2120 1850 2209 1905 l7.
2243 1851 2587 1908 Monasticze
2636 1853 2763 1907 vita:
2824 1853 3097 1909 exercitia
3153 1854 3489 1911 Maurilium
3521 1857 3697 1914 etiam

2049 1938 2554 2014 archiepiscopum
2584 1941 2743 1997 haud
2776 1941 3074 1997 dimisisse
3132 1947 3343 2014 praeter
3373 1943 3489 2001 alia
3516 1961 3696 2019 argu-

2048 2031 2248 2083 menta
2278 2045 2347 2085 ex
2378 2047 2443 2086 eo
2475 2031 2709 2102 probari
2735 2034 2928 2102 potest
2947 2031 3103 2102 quod
3122 2030 3215 2086 vix
3245 2049 3547 2104 nunquam
3567 2036 3696 2106 ejus

2046 2133 2257 2173 nomen
2291 2118 2446 2190 apud
2476 2135 2698 2175 coazvos
2724 2123 2991 2175 auctores
3030 2120 3251 2191 absque
3309 2121 3696 2181 monachatus

2046 2206 2342 2262 mentione
2372 2206 2621 2280 legatur.
2657 2207 2776 2263 Hoc
2807 2212 2967 2279 patet
2994 2223 3063 2262 ex
3084 2211 3213 2279 ejus
3234 2209 3531 2282 epitaphio
3544 2210 3640 2266 hic
3661 2228 3697 2269 a

2044 2294 2215 2349 nobis
2235 2294 2608 2364 relato,sicut
2626 2301 2687 2351 et
2714 2313 2782 2351 ex
2804 2296 2935 2353 aliis
2957 2295 3258 2352 Guillelmi
3278 2298 3695 2357 Gemeticensis

2043 2385 2101 2437 et
2128 2381 2387 2438 Orderici
2418 2383 2626 2439 Vitalis
2657 2384 3133 2456 quamplurimus
3164 2385 3539 2461 testimoniis,
3560 2403 3693 2458 quas

2043 2471 2265 2543 passim
2288 2471 2347 2526 in
2368 2471 2478 2527 hoc
2497 2471 2681 2544 elogio
2700 2472 3073 2544 protulimus.
3099 2472 3163 2529 In
3188 2472 3475 2530 Chronico
3518 2476 3696 2532 Cado—

2044 2560 2232 2615 mensi
2260 2560 2510 2633 legitur:
2545 2578 2699 2617 anno
2738 2563 2870 2617 1067
2900 2562 3011 2618 obit
3058 2562 3351 2618 Maurilius
3404 2564 3692 2620 Rothoma-

2038 2650 2219 2719 gemis
2245 2649 2629 2722 archipraesul,
2658 2650 2960 2707 monachus
3001 2652 3422 2707 Fiscamnensis.
3476 2652 3692 2709 Eadem

2039 2737 2216 2794 verba
2250 2737 2427 2795 habet
2453 2739 2802 2795 Chronicum
2833 2738 3302 2812 Rothomagense
3348 2741 3501 2812 apud
3534 2741 3688 2797 Lab-

2039 2825 2236 2894 beum,
2268 2829 2490 2882 tomoI
2546 2827 2713 2883 Novae
2772 2827 3155 2883 bibliothecae.
3209 2828 3281 2882 Et
3337 2827 3688 2891 Guillelmus

2039 2913 2419 2986 Conqusestor
2449 2917 2620 2971 morti
2652 2916 2975 2988 proximus,
3004 2920 3068 2971 ut
3087 2917 3214 2987 jam
3247 2933 3429 2989 supra
3475 2932 3543 2973 ex
3583 2918 3687 2974 Or-

2038 3003 2227 3060 derico
2257 3004 2715 3071 observavimus,
2746 3005 3077 3060 Maurilium
3105 3005 3470 3061 venerabilem
3508 3021 3688 3062 carno-

2038 3093 2207 3147 bitam
2228 3091 2496 3148 Ecclesiae
2530 3092 2983 3165 Rothomagensi
3016 3092 3519 3166 archiepiscopum
3552 3110 3687 3166 pro-

282 3179 419 3235 libet
447 3179 706 3241 deseras;
736 3181 785 3234 et
813 3180 864 3234 si
888 3179 1105 3253 quando
1126 3182 1302 3251 fueris
1344 3179 1415 3236 ad
1470 3182 1733 3248 maiorem
1766 3196 1928 3236 voca-
1960 3164 2002 3231 C
2040 3196 2277 3236 curasse
2308 3180 2417 3235 sibi
2448 3181 2797 3253 gratulatur.

279 3274 394 3335 tus,
444 3283 563 3323 eam
616 3270 891 3340 suscipere
945 3269 1265 3324 nullatenus
1315 3269 1544 3325 abnuas.
1604 3269 1724 3324 Scio
1780 3271 1929 3325 enim

275 3355 425 3429 quod
444 3357 507 3411 in
523 3360 627 3415 hac
643 3372 809 3428 quam
831 3360 978 3413 tenes
1020 3374 1132 3412 non
1180 3358 1279 3413 diu
1329 3356 1593 3426 manebis,
1625 3374 1814 3413 verum
1859 3357 1930 3413 ad

277 3445 551 3500 uitiorum
572 3446 924 3517 prwlationzs
946 3445 1180 3516 gradum
1210 3462 1319 3502 non
1345 3451 1466 3518 post
1487 3447 1724 3502 multum
1740 3462 1929 3518 prove—

273 3534 452 3590 heris.
485 3534 698 3606 Quibus
725 3532 932 3589 auditis
964 3550 977 3588 :
1014 3534 1121 3601 Vae,
1152 3536 1352 3607 inquit,
1411 3537 1609 3592 misero
1654 3538 1828 3591 mihi!
1864 3538 1930 3592 In

274 3638 342 3679 eo
370 3620 513 3695 quod
536 3624 694 3693 porto
722 3620 911 3693 deﬁcio
930 3639 952 3685 ;
970 3626 1023 3678 et
1067 3624 1118 3678 si
1144 3626 1368 3694 gravius
1416 3615 1720 3696 imponitur
1764 3640 1928 3680 onus-

275 3710 509 3781 reiicere
535 3726 649 3766 non
691 3709 887 3766 audeo.
951 3712 1155 3783 Repetit
1194 3713 1408 3783 prwsul
1461 3713 1719 3780 edictum,
1760 3721 1829 3782 et,
1869 3721 1929 3769 ut

272 3800 481 3871 primo,
496 3798 652 3870 jubet
676 3815 747 3855 ne
773 3799 1227 3871 transgrediatur.

362 3888 445 3943 l6.
468 3887 691 3944 Meritis
723 3888 923 3960 itaque
944 3887 1153 3961 plenus
1176 3893 1233 3946 et
1252 3890 1425 3947 annis
1444 3890 1693 3947 antistes
1715 3890 1929 3946 Mauri-

278 3976 404 4032 liur
431 3990 462 4031 e
489 3975 637 4032 vivis
664 3976 913 4033 excessit
934 3993 1088 4034 anno
1108 3976 1267 4034 4067.
1295 3978 1420 4042 Qua
1466 3979 1526 4033 in
1579 3995 1641 4035 re
1683 3994 1930 4035 consen-

268 4064 438 4120 tiunt
466 4080 672 4120 omnes
698 4068 922 4122 veteres
953 4065 1131 4121 simul
1161 4070 1220 4121 et
1250 4068 1603 4123 recentiores
1646 4066 1930 4134 historici,

270 4156 488 4227 praeter
543 4153 785 4209 unicum
846 4154 1326 4212 Fiscamnensem
1393 4154 1929 4228 chronographum,

270 4246 439 4298 tomo
460 4241 483 4297 Ι
504 4240 876 4298 Bibliotheca
910 4259 1071 4301 novae
1103 4242 1339 4310 Labbei,
1369 4242 1430 4298 in
1480 4259 1596 4316 quo
1641 4243 1795 4301 beati
1826 4243 1932 4300 viri

271 4329 476 4385 obitus
505 4346 659 4386 anno
690 4331 964 4402 sequenti
1015 4331 1295 4387 mendose
1352 4331 1750 4404 consignatur.
1784 4332 1932 4387 Eum

270 4433 427 4475 anno
454 4418 614 4487 4067,
648 4436 684 4475 ν
738 4419 866 4474 ldus
916 4420 1150 4490 Augusti
1203 4436 1329 4475 cum
1383 4436 1482 4476 suo
1526 4436 1652 4492 rege
1716 4420 1931 4477 Christo

2105 3268 2194 3325 48.
2220 3269 2331 3324 Hic
2376 3285 2549 3341 porro
2596 3285 2721 3324 rem
2783 3270 2992 3325 miram
3052 3270 3319 3326 omittere
3366 3286 3482 3325 non
3521 3268 3679 3340 licet,

2037 3374 2237 3429 quam,
2256 3358 2536 3413 referente
2566 3356 2860 3414 Willelmo
2893 3357 3426 3425 Malmesburiensi,
3449 3358 3598 3415 libro
3618 3376 3683 3415 III

2037 3446 2117 3501 De
2138 3445 2318 3518 gestis
2340 3462 2545 3518 regum
2561 3445 2799 3518 Anglice,
2820 3446 2993 3518 paulo
3016 3451 3150 3502 ante
3172 3445 3426 3501 Maurilii
3457 3448 3685 3503 obitum

2036 3534 2350 3607 contigisse
2379 3535 2688 3591 discimus.
2723 3538 2907 3601 Quam
2964 3535 3139 3591 etiam
3199 3552 3268 3592 ex
3326 3535 3524 3593 codice
3570 3553 3685 3595 ms.

2037 3623 2225 3679 sancti
2254 3623 2504 3679 Victoris
2536 3623 2881 3680 Parisiensis
2910 3628 3111 3680 noster
3158 3625 3323 3696 Hugo
3373 3625 3690 3683 Menardus

2038 3712 2096 3766 in
2127 3711 2459 3784 Appendice
2491 3713 2558 3767 ad
2609 3712 3045 3768 observationes
3100 3712 3157 3765 in
3206 3711 3690 3785 Martyrologium

2040 3799 2482 3857 Benedictinum
2513 3800 2845 3872 descripsit,
2868 3804 2924 3855 et
2955 3798 3290 3854 Pomeraius
3328 3799 3387 3853 in
3427 3799 3690 3856 Historia

2039 3887 2610 3960 archiepiscoporum
2637 3886 3195 3957 Rothomagensium
3245 3903 3314 3942 ex
3360 3885 3541 3942 altero
3572 3903 3686 3944 ms.

2039 3976 2258 4040 codice,
2291 3974 2514 4030 scilicet
2543 3990 2612 4029 ex
2638 3973 2990 4030 bibliotheca
3019 3973 3371 4030 cathedralis
3421 3972 3690 4031 Ecclesia:

2041 4063 2547 4135 Rothomagensis,
2576 4061 2786 4134 gallico
2843 4062 3120 4118 idiomate
3158 4063 3381 4132 edidit;
3416 4064 3517 4120 sed
3557 4078 3690 4120 eam

2044 4150 2341 4218 Willelmi,
2390 4155 2588 4223 utpote
2674 4151 2929 4207 auctoris
3014 4151 3431 4224 antiquissimi,
3496 4152 3693 4209 verbis

2040 4240 2369 4297 referimus.
2423 4240 2517 4296 Sic
2592 4239 2789 4312 itaque
2863 4240 3078 4297 habet:
3128 4242 3384 4313 Malgerio
3438 4243 3693 4298 successit

2040 4330 2332 4385 Maurilius
2358 4330 2758 4386 Fiscamnensis
2785 4328 3104 4397 monachus,
3137 4331 3328 4386 multis
3374 4330 3688 4399 virtutibus,

2041 4419 2133 4476 sed
2160 4419 2401 4474 niaxime
2459 4420 2791 4475 abstinentia
2841 4418 3115 4473 laudatus.
3174 4420 3223 4473 Is
3276 4423 3398 4490 post
3455 4419 3585 4473 bene
3641 4420 3694 4474 et

272 4508 400 4578 iam
426 4507 704 4561 victurum
720 4507 965 4565 liberum
993 4510 1043 4563 et
1070 4510 1397 4579 gaudentem
1415 4508 1702 4564 decessisse
1735 4508 1937 4564 scribit
1963 4526 2010 4591 Ι)
2040 4511 2226 4563 sancte
2256 4510 2435 4563 actam
2462 4509 2653 4573 vitam,
2684 4524 2807 4562 cum
2837 4506 2906 4562 ad
2936 4510 3264 4574 extremum,
3292 4511 3400 4562 Deo
3445 4508 3691 4573 vocante,

272 4593 636 4652 Guillelmus
657 4594 1103 4663 Gemeticensis,
1126 4596 1274 4653 libro
1327 4614 1427 4665 v11,
1462 4613 1585 4669 cap.
1628 4598 1717 4665 38,
1759 4614 1934 4668 quem

273 4684 451 4739 annis
479 4682 768 4739 duodecim
796 4690 1041 4755 tempore
1089 4685 1339 4756 Victoris,
1389 4679 1675 4757 Stephani,
1721 4683 1941 4741 Nicolai

272 4776 331 4831 et
368 4771 661 4828 Alexandri
680 4789 956 4845 paparum
978 4773 1246 4830 ﬂoruisse
1288 4774 1370 4829 ait
1400 4774 1710 4829 Ordericus
1732 4772 1938 4830 Vitalis

275 4860 435 4916 libro
458 4877 515 4928 v,
548 4861 840 4934 breveque
872 4861 1059 4934 ipsius
1090 4861 1345 4934 elogium
1373 4862 1462 4918 his
1492 4862 1723 4918 duobus
1752 4862 1937 4918 versi-

277 4950 401 5005 bus
429 4965 557 5004 com
568 4949 896 5021 prehendit.

464 5040 675 5095 Praesul
703 5040 1016 5107 Maurilius,
1049 5040 1309 5097 doctrinae
1341 5041 1459 5096 luce
1488 5042 1743 5108 refertus,
1772 5082 1787 5091 .

466 5127 705 5184 Moribus
734 5131 959 5185 eximiis
975 5131 1277 5202 praefulsit,
1306 5136 1359 5186 et
1387 5130 1601 5186 actibus
1630 5131 1812 5185 almis.

279 5219 367 5271 At
394 5214 544 5272 libro
578 5234 635 5271 IV
665 5218 736 5273 ad
765 5234 983 5273 annum
1013 5218 1154 5273 4067
1198 5219 1269 5274 de
1316 5219 1583 5287 ejusdem
1615 5218 1803 5273 sancti
1832 5218 1939 5272 viri

282 5304 452 5362 obitu
482 5293 657 5378 paulo
687 5306 878 5363 fusius
909 5307 1050 5380 agit,
1088 5306 1287 5378 ibique
1343 5308 1519 5363 refert
1575 5306 1940 5378 epitaphium

285 5394 477 5466 ipsius
510 5395 736 5451 tumulo
763 5395 1118 5469 appositum.
1182 5396 1522 5460 Duodecimo,
1565 5396 1777 5467 inquit,
1830 5398 1943 5468 epi-

285 5488 539 5555 scopatus
566 5486 655 5539 sui
682 5501 826 5540 anno
858 5488 917 5540 in
947 5485 1142 5541 lectum
1174 5486 1456 5541 decubuit.
1479 5486 1703 5542 Peracto
1757 5488 1941 5540 autem

287 5572 562 5654 quidquid
610 5572 866 5644 religioso
914 5574 1014 5629 Dei
1083 5574 1327 5630 vernulae
1401 5573 1672 5648 competit,
1722 5590 1757 5635 v
1813 5572 1942 5633 ldus

618 5700 881 5768 Parant.
926 5699 1189 5769 CXLIII.

2043 4598 2293 4664 venisset,
2338 4598 2497 4652 vitali
2549 4599 2796 4667 privatus
2849 4595 3046 4663 halitu,
3095 4597 3267 4665 ferme
3312 4594 3546 4649 dimidia
3597 4594 3696 4651 die

2038 4687 2215 4757 jacuit
2242 4686 2550 4756 defunctus.
2591 4688 2970 4742 Verumtamen
2998 4699 3121 4737 cum
3142 4684 3265 4754 jam
3307 4686 3603 4755 pararetur
3632 4684 3695 4739 in

2045 4775 2327 4831 ecclesiam
2362 4776 2524 4846 ferri,
2555 4775 2743 4828 anima
2766 4780 3043 4843 resumpta
3071 4774 3487 4829 circumstantes
3519 4774 3697 4844 lacry-

2047 4864 2244 4919 mabili
2265 4862 2463 4932 gaudio
2488 4862 2755 4933 perfudit,
2788 4866 3065 4932 stupentes
3098 4860 3196 4917 hoc
3230 4878 3478 4918 sermone
3505 4877 3695 4918 corro-

2051 4953 2237 5031 bqrat:
2273 4953 2475 5008 Attenti
2532 4952 2719 5006 animo
2778 4958 2957 5021 estote,
2991 4952 3191 5006 ultima
3242 4953 3481 5024 pastoris
3530 4953 3700 5008 vestri

2048 5042 2211 5096 verba
2240 5041 2594 5111 excipientes.
2628 5040 2883 5094 Naturali
2937 5042 3109 5095 morte
3157 5042 3428 5097 resolutus
3472 5043 3578 5111 fui,
3604 5039 3699 5095 sed

2048 5134 2111 5185 ut
2138 5129 2290 5186 vobis
2340 5128 2657 5183 intimarcm
2713 5142 2829 5198 qum
2886 5128 2997 5183 vidi
3065 5130 3317 5185 reductus
3379 5145 3543 5203 sum;
3598 5142 3700 5183 nec

2049 5219 2337 5290 aliquanto
2361 5217 2571 5272 diutius
2616 5216 2909 5272 subsistam
2947 5221 3079 5295 quia
3104 5220 3163 5273 in
3187 5220 3414 5274 Domino
3442 5215 3700 5286 soporari

2049 5306 2293 5363 delectat.
2328 5308 2578 5362 Ductores
2605 5306 2838 5377 spiritus
2894 5309 3004 5361 mei
3022 5307 3261 5362 vultibus
3290 5314 3340 5362 et
3369 5304 3599 5360 vestibus
3628 5302 3702 5361 ad

2049 5412 2260 5451 omnem
2291 5396 2620 5467 elegantiam
2649 5397 2810 5449 erant
2838 5397 3139 5465 compositi,
3187 5394 3545 5450 concordabat
3575 5408 3697 5448 ver-

2053 5486 2242 5540 borum
2274 5486 2470 5540 lenitas
2499 5501 2621 5538 cum
2653 5485 2828 5537 nitore
2860 5485 3110 5551 vestium,
3144 5487 3200 5538 ut
3238 5483 3389 5539 nihil
3425 5483 3699 5542 desidera-

2051 5580 2394 5648 rempraeter
2412 5573 2613 5635 talium
2638 5573 2883 5633 virorum
2906 5573 3241 5647 obsequium.
3273 5574 3458 5649 Itaque
3485 5571 3704 5655 blandis

3297 5702 3383 5789 η
