4138 6186
557 300 712 362 4387

1010 298 1081 362 B.
1130 302 1495 365 MAURILII
1541 304 1900 365 Al‘tCHIEP.
1956 304 2415 367 ROTHOMAG.
2463 306 2708 368 EPIST.
2755 310 2858 370 AD
2903 308 3149 372 EPISC.
3195 298 3515 374 uenero.

3722 311 3843 380 4388

554 435 1022 492 assentationibus
1048 437 1530 507 gavisus,ibam,ut
1562 453 1684 493 vere
1712 439 1855 492 mihi
1900 437 2204 507 videbatur,
2239 440 2293 505 Α
2323 442 2439 494 tum
2459 439 2650 496 decore
2673 446 2920 510 ornatus,
2953 442 3240 500 charitatis
3280 444 3679 517 abstinentizeque
3718 450 3850 506 cultor

550 539 738 580 versus
768 524 1059 581 Orientem.
1101 526 1530 580 Promittebatur
1586 526 1736 581 mihi
1782 525 1933 582 sedes
1976 527 2203 599 paradi-

548 610 696 668 siaca
716 629 827 668 non
846 614 1016 669 multo
1036 623 1149 685 post
1171 614 1469 675 intranda;
1501 616 1560 669 in
1609 619 1877 671 momento
1921 618 2203 687 praeterita

548 701 786 774 EurOpa,
819 704 1052 774 ingressi
1092 704 1298 770 Asiam,
1348 705 1595 759 venimus
1650 704 2081 777 Jerosolymam,
2126 705 2206 760 ibi

549 792 755 846 sanctis
812 792 1054 848 adoratis
1106 792 1397 848 Iordanem
1446 792 1862 863 pertundimus:
1931 795 2203 849 eiteriosis

548 881 686 950 ripm
743 881 1263 949 accoladurtorum
1308 897 1556 936 meorum
1614 883 1967 937 contubernio
2026 883 2199 948 misti,

556 968 742 1024 latum
786 971 985 1024 caelum
1026 970 1221 1038 fecere.
1242 969 1373 1039 ,Ego
1442 969 1651 1025 visendi
1706 971 1973 1025 ulteriora
2027 971 2204 1026 studio

554 1058 851 1112 transitum
880 1057 1247 1112 maturabant.
1271 1059 1418 1115 Tunc
1445 1060 1664 1114 comites
1686 1059 1857 1114 Deum
1880 1062 2206 1131 praecepisse

551 1146 737 1216 ferunt
769 1148 828 1199 ut
856 1147 984 1200 ante
1009 1145 1342 1202 daemonium
1368 1148 1577 1203 visione
1620 1147 1982 1218 terriﬁcarer,
2013 1157 2203 1220 quate-

549 1250 653 1289 nus
680 1234 918 1289 veniales
932 1234 1130 1304 culpae,
1164 1250 1297 1305 quas
1334 1234 1677 1308 confessione
1741 1251 1853 1291 non
1904 1236 2200 1305 dilueram,

549 1338 749 1395 pavore
796 1322 1197 1379 horrendarum
1241 1322 1558 1397 formarum
1606 1332 2009 1396 purgarentur.
2072 1324 2208 1382 Cum

553 1411 697 1468 dicto
725 1413 907 1467 astitit
936 1413 1100 1466 alteri
1124 1413 1275 1483 parti
1302 1415 1458 1467 tanta
1485 1412 1791 1468 daemonum
1834 1415 1917 1469 vis
1970 1414 2206 1470 hastilia

553 1506 720 1555 acuta
766 1501 1123 1571 iibruntium,
1155 1502 1308 1571 ignes
1338 1502 1667 1572 efﬂanlium,
1716 1506 1775 1556 ut
1812 1519 1942 1573 ager
1968 1504 2200 1573 ferreus,

552 1605 649 1645 aer
675 1591 961 1660 ﬂammeus
990 1589 1282 1645 uideretur.
1318 1594 1518 1646 Eorum
1549 1592 1775 1646 horrore
1804 1593 1883 1646 ita
1923 1608 2042 1647 sum
2071 1593 2201 1663 affe-

553 1681 691 1746 ctus,
717 1686 778 1733 ut
806 1679 859 1733 si
884 1682 1037 1732 terra
1066 1677 1389 1744 dehisceret,
1421 1682 1472 1734 si
1500 1680 1695 1735 cretum
1738 1683 2056 1751 putesceret,
2090 1683 2204 1736 tuto

552 1765 696 1822 mihi
751 1766 1038 1836 utrobique
1084 1767 1466 1839 refugiendum
1536 1785 1644 1823 non
1700 1770 2059 1831 aestimarem.
2122 1771 2203 1825 Ita

553 1854 928 1926 meticulosus,
978 1855 1110 1911 dum
1164 1872 1268 1927 quo
1317 1856 1516 1912 vadum
1569 1857 1777 1927 dubito,
1838 1862 2072 1930 repente,
2141 1862 2202 1913 ut

554 1944 679 2016 [al.,
711 1944 805 2015 ad]
839 1944 957 2002 lucc
984 1944 1171 2000 dicens
1191 1954 1383 2001 vestrae
1410 1947 1584 2002 saluti
1610 1949 1726 2001 nisi
1752 1948 2034 2018 negligitis
2072 1964 2201 2003 con-

554 2033 810 2101 sulerem,
842 2032 1079 2090 halitum
1107 2036 1289 2107 recepi
1348 2037 1635 2106 confestim
1690 2037 1989 2107 effusuras.
2022 2038 2198 2103 Dixit,

477 2177 480 2180 .
553 2127 608 2179 et
637 2138 763 2178 cum
790 2124 952 2179 verbo
974 2140 1115 2195 pene
1143 2126 1404 2196 spiritum
1427 2126 1628 2180 emisit.
1662 2126 1869 2198 Corpus
1896 2132 1956 2180 in
1979 2126 2204 2182 ecclesia

554 2212 766 2268 Sanctae
821 2211 1006 2267 Mariae
1052 2216 1184 2267 tunc
1233 2214 1387 2269 humi
1435 2214 1733 2284 defossum,
1791 2215 2087 2283 miraculo,
2142 2219 2203 2270 ut

555 2303 733 2369 aiunt,
764 2300 971 2371 divino,
1006 2301 1175 2355 altius
1203 2300 1380 2356 tribus
1402 2302 1633 2372 pedibus
1655 2319 1820 2374 super
1842 2306 2055 2359 terram
2095 2304 2200 2359 ele-

552 2392 742 2445 uatum
768 2392 869 2443 est.

626 2476 714 2532 49.
746 2476 891 2532 Cum
920 2492 1054 2532 vero
1112 2476 1363 2533 Maurilii
1423 2494 1583 2534 mors
1637 2479 1778 2535 adeo
1828 2480 2084 2552 pretiosa
2141 2480 2201 2534 in

553 2568 867 2639 conspectu
900 2564 999 2622 Dei
1037 2565 1228 2635 fuerit,
1262 2567 1478 2623 mirum
1510 2584 1626 2623 non
1677 2571 1765 2623 est
1811 2568 1859 2624 si
1909 2570 2036 2639 ejus
2076 2585 2206 2625 san-

551 2656 815 2714 ctitatem
847 2654 1063 2729 posteri
1094 2656 1456 2728 agnoverint,
1483 2672 1656 2728 quem
1688 2655 1864 2711 etiam
1897 2658 2205 2723 sancti,aut

553 2747 700 2803 beati
721 2744 891 2801 titulo
922 2745 1139 2801 donare
1168 2744 1331 2801 veriti
1367 2762 1478 2800 non
1512 2749 1669 2800 sunt.
1703 2744 1868 2801 Sacer
1914 2747 2204 2802 Maurilius

556 2835 631 2892 ab
660 2834 934 2891 0rderico
960 2833 1193 2903 dicitur,
1226 2833 1377 2890 libro
1404 2851 1482 2889 ιιι.
1535 2833 2064 2907 Rothomagensem
2104 2837 2204 2891 Ec-

553 2924 791 2981 clesium
820 2931 1006 2979 sancto
1035 2940 1099 2978 ac
1142 2923 1445 2979 venerabili
1499 2923 1891 2996 archipraesule
1944 2925 2203 2981 Maurilio

552 3012 852 3070 viduatam
889 3011 1068 3067 fuisse
1098 3010 1298 3067 scribit
1327 3011 1485 3081 Milo,
1519 3028 1644 3083 cap.
1704 3013 1761 3077 5,
1816 3015 2017 3067 auctor
2062 3011 2202 3068 Vitae

554 3100 744 3159 sancti
767 3099 1095 3167 Lanfranci,
1130 3098 1241 3172 ipsi
1273 3098 1657 3172 synchronus.
1677 3100 1822 3155 Eum
1843 3100 2200 3157 Trithemius

2315 529 2581 597 insignis,
2611 529 2676 585 de
2704 532 2862 602 cujus
2891 541 3081 587 sancta
3113 535 3503 589 conversatione
3534 536 3751 606 praecisa
3772 538 3852 593 lau-

2316 615 2445 672 dum
2470 620 2755 690 prwoonia
2780 621 3060 689 feruntur.
3111 622 3323 677 Eadem
3381 621 3488 678 fere
3534 623 3710 695 repetit
3745 623 3854 683 libro

2313 710 2521 778 quarto
2554 708 2632 763 De
2663 707 2803 765 viris
2832 707 3158 766 illustribus
3188 710 3405 766 ordinis
3432 712 3595 767 nostri
3632 729 3736 784 cap.
3765 713 3853 770 420.

2312 796 2458 852 Hinc
2488 812 2700 852 nomen
2733 797 2860 867 ejus
2890 797 2950 852 in
2980 797 3154 854 variis
3185 798 3579 872 Martyrologiis
3606 799 3850 858 Gallicanis

2312 888 2369 939 et
2401 884 2743 940 monasticis
2776 885 3123 959 inscriptum
3156 888 3452 959 reperitur,
3482 888 3565 943 die
3592 889 3622 941 9
3645 890 3849 960 Augusti,

2312 990 2428 1044 quo
2459 974 2772 1029 defunctus
2800 979 2923 1030 est:
2958 974 3225 1057 quamvis
3252 975 3364 1042 alii,
3384 976 3658 1032 occasione
3679 976 3854 1033 alterius

2310 1060 2583 1128 Maurilii,
2617 1063 2959 1118 memoriam
2993 1065 3120 1135 ejus
3151 1064 3247 1119 die
3279 1064 3345 1119 43
3387 1065 3702 1135 Septembris
3742 1081 3853 1121 reco-

2313 1150 2638 1222 lant,atque
2661 1151 2768 1207 hac
2786 1152 2910 1223 ipsa
2932 1152 3025 1207 die
3051 1153 3204 1226 apud
3227 1153 3537 1209 Ferrarium
3557 1159 3853 1209 memoratur.

2312 1239 2625 1296 Bucelinus
2654 1256 2789 1296 eum
2822 1244 3072 1313 utraque
3102 1241 3195 1297 die
3228 1235 3488 1311 celebrat,
3516 1241 3622 1297 imo
3648 1245 3697 1298 et
3719 1242 3789 1299 die
3807 1244 3856 1299 26

2314 1328 2614 1384 Februarii
2672 1328 3009 1385 Maurilium
3069 1329 3420 1387 monachum
3475 1330 3857 1387 Fiscamnensem

2313 1423 2614 1483 memorat,
2643 1418 2811 1490 quasi
2866 1417 2917 1472 is
2967 1418 3116 1473 alius
3159 1422 3313 1474 esset
3367 1418 3436 1474 ab
3472 1418 3854 1492 archiepiscopo:

2312 1505 2403 1560 cui
2436 1506 2743 1571 visionem,
2769 1522 2946 1577 quam
2970 1522 3152 1578 supra
3176 1523 3246 1562 ex
3275 1505 3552 1562 Willelmo
3578 1506 3856 1562 Malmesbu-

2311 1593 2488 1649 riensi
2519 1594 2962 1666 descripsimus,
2995 1595 3286 1651 attribuit.
3316 1595 3457 1651 Eum
3501 1594 3655 1651 etiam
3691 1594 3776 1650 hac
3797 1611 3858 1651 oc-

2311 1683 2544 1738 casione
2568 1686 2853 1738 memorat
2885 1683 3204 1740 Bollandus
3234 1684 3383 1741 inter
3415 1684 3779 1757 praetermissos
3800 1684 3860 1738 die

2309 1773 2381 1826 26
2404 1772 2724 1828 Fehurarii.
2758 1773 3043 1830 Eumdem
3077 1778 3346 1829 sanctum
3396 1772 3686 1829 antistitem
3712 1773 3858 1828 fratres

2310 1860 2742 1917 Sammarthani
2777 1866 2833 1916 et
2866 1866 3064 1917 noster
3094 1862 3490 1919 Pommeraius
3543 1862 3595 1916 in
3648 1861 3859 1933 archiepi-

2310 1949 2502 2021 scopis
2524 1949 3405 2023 Rothomagensibus,Marlotus
3433 1951 3491 2007 in
3511 1948 3767 2023 metropoli
3788 1949 3860 2005 Re-

2312 2037 2524 2104 mensi,
2555 2037 2772 2110 aliique
2805 2038 3029 2110 passim
3077 2044 3368 2107 auctores,
3422 2057 3561 2112 quos
3606 2037 3862 2111 singillatim

2311 2141 2616 2183 recensere
2647 2126 2857 2183 inutile
2900 2126 3065 2195 foret,
3129 2128 3335 2185 multis
3388 2128 3642 2184 laudibus
3681 2125 3859 2183 celebra-

2315 2220 2473 2271 runt.

2381 2305 2470 2359 20.
2496 2304 2764 2359 Nondum
2796 2308 2991 2360 tamen
3027 2304 3218 2362 ullum
3253 2305 3310 2362 in
3342 2302 3861 2378 Rothomagensidioa-

2313 2393 2425 2449 cesi
2454 2393 2711 2449 officium
2746 2392 3050 2466 publicum
3111 2395 3319 2451 beatus
3365 2393 3643 2451 Maurilius
3667 2390 3863 2456 obtinuit,

2314 2482 2581 2554 quamvis
2614 2483 2740 2553 ejus
2771 2481 3129 2554 sepulcrum,
3164 2484 3320 2555 quod
3353 2483 3519 2556 vulgo
3561 2481 3720 2536 tumba
3740 2478 3867 2535 sancti

2312 2571 2570 2629 Maurilii
2593 2569 3097 2643 appellatur,apud
3114 2566 3865 2645 Rothomagenses,prnsertim

2313 2677 2346 2715 a
2376 2657 2835 2732 metropolitanae
2865 2657 3122 2715 ecclesiae
3154 2660 3312 2716 clero
3344 2658 3675 2716 venerationi
3701 2668 3866 2727 semper

2312 2747 2577 2803 habitum
2603 2747 2795 2815 fuerit,
2819 2748 2973 2818 quod
2997 2747 3170 2803 etiam
3200 2749 3371 2806 statis
3392 2748 3585 2804 diebus
3610 2744 3866 2803 solemniter

2310 2835 2637 2891 thurificari
2656 2852 2726 2891 ex
2747 2835 2991 2909 antiqua
3013 2836 3326 2894 traditione
3349 2854 3473 2894 mos
3497 2841 3626 2893 erat.
3647 2834 3736 2891 Sed
3754 2847 3865 2900 cum,

2313 2941 2465 2981 anno
2487 2924 3154 2999 4480,Rolhomagenses
3192 2926 3454 2983 canonici
3483 2923 3751 2982 Guillelmo
3774 2936 3861 2976 car-

2312 3013 2491 3069 dinali
2523 3014 2594 3069 de
2614 3012 2912 3069 Stotavilla
2948 3018 3087 3069 tunc
3145 3015 3575 3088 arehiepiscopo
3616 3008 3859 3069 concessis-

2312 3107 2443 3158 sent
2475 3107 2537 3157 ut
2557 3102 2775 3157 ibidem
2804 3101 3136 3174 sepulcrum
3187 3104 3303 3160 sibi
3336 3104 3689 3168 construeret,
3710 3098 3860 3155 ellossa

546 3191 614 3247 in
646 3188 929 3247 Chronico
955 3188 1356 3262 Hirsaugiensi
1387 3189 1660 3246 editionis
1701 3191 1888 3247 sancti
1921 3190 2090 3257 Galli,
2125 3192 2195 3247 ad
2227 3173 2269 3238 (ἶ
2309 3191 2488 3247 humo
2520 3190 2747 3246 loculus
2777 3173 3045 3263 lapideus
3076 3191 3350 3248 inventus
3380 3197 3482 3260 est,
3513 3191 3567 3247 in
3596 3189 3861 3262 quo,preter

546 3296 771 3335 annum
832 3280 992 3346 1064,
1049 3279 1235 3333 virum
1325 3280 1690 3336 sanctissim
1772 3281 2199 3336 conversationis

543 3367 816 3441 appellat,
848 3367 950 3439 qui
1004 3371 1229 3438 propter
1281 3367 1591 3422 doctrinam
1644 3372 1697 3423 et
1750 3370 1882 3426 vita
1939 3370 2195 3424 meritum

544 3454 822 3527 Malgerio
853 3454 1289 3526 archiepiscopo
1320 3455 1676 3510 substitutus
1699 3455 1826 3511 fuit.
1850 3456 1998 3511 Tum
2034 3458 2104 3512 de
2127 3473 2192 3512 eo

539 3543 625 3600 sic
655 3542 895 3598 scribit:
932 3543 1231 3598 Virtutibus
1279 3550 1329 3598 et
1378 3544 1663 3598 miraculis
1716 3545 1904 3599 clarus
1942 3545 2189 3614 habetur,

535 3633 695 3705 mjus
741 3630 896 3688 Gesta
957 3632 1263 3702 conscripta
1330 3639 1474 3687 sunt.
1530 3632 1591 3686 In
1649 3632 1825 3687 veteri
1895 3632 2186 3691 editione:

536 3722 769 3779 Sanctus
795 3722 1082 3777 Maurilius
1109 3736 1179 3776 ex
1223 3722 1487 3777 monacho
1543 3720 1777 3777 ceenobii
1803 3722 2191 3777 Fiscamnensi

534 3810 756 3870 ordinis
786 3811 961 3868 nostri
986 3810 1446 3881 archiepiccopus.
1498 3854 1509 3866 .
1554 3852 1567 3865 .
1592 3809 1981 3865 virmultarum
2010 3810 2184 3865 virtu-

2304 3280 2455 3335 beati
2486 3279 2593 3335 viri
2614 3279 3071 3352 ossa,particulae
3095 3279 3302 3353 lignea
3336 3280 3617 3347 crucis,ac
3637 3286 3858 3333 sacrarum

2301 3369 2550 3424 vestium
2585 3368 2808 3432 aliquot
2853 3367 3109 3440 reliquiae
3158 3374 3519 3443 supererant.
3569 3367 3762 3425 Positus
3800 3362 3858 3416 est

2300 3460 2495 3512 tamen
2532 3456 2605 3513 ibi
2635 3456 2952 3513 cardinalis
2972 3456 3330 3527 tumulus,in
3357 3475 3470 3530 quo
3499 3473 3637 3513 anno
3665 3452 3774 3509 4483
3792 3462 3858 3503 cor

2298 3547 2427 3617 ejus
2459 3544 2765 3601 conditum
2809 3550 2934 3613 est;
2992 3546 3094 3601 sed
3152 3546 3277 3603 haec
3337 3546 3529 3603 omnia
3581 3540 3855 3601 Calviuiana

2297 3638 2465 3689 sectae
2498 3633 2750 3689 haeretici
2782 3651 2935 3689 anno
2967 3635 3100 3690 1562
3127 3634 3522 3701 violaverunt;
3545 3631 3855 3696 necdeinceps

2295 3721 2416 3777 ulla
2442 3722 2590 3777 beati
2624 3722 2729 3777 viri
2772 3722 3152 3795 reliquiarum
3205 3729 3309 3780 aut
3355 3722 3599 3797 sepulcri
3650 3712 3858 3776 memoria

2293 3809 2605 3882 superfuit.

539 3977 3856 4022 Μ

891 4128 1457 4276 MAURILH
1545 4162 2507 4280 ARCHIEPISGOPl
2559 4164 3576 4284 ROTHOMAGENSIS

2186 4370 2276 4429 ET

1303 4528 1770 4618 JO:\NNIS
1833 4529 2286 4620 ABBATIS
2346 4533 3151 4624 FISCAMNENSIS

1922 4735 2532 4832 EPISTOLA

1677 4939 1771 4998 AD
1813 4938 2207 5000 EPISCOPUM
2247 4941 2767 5003 EBROICENSEM.

935 5090 1354 5165 Conqueruutur
1379 5093 1521 5166 quod
1550 5095 1855 5152 inconsulto
1882 5096 2075 5151 abbate
2101 5096 2434 5153 monachum
2462 5098 2527 5152 ob
2566 5099 2865 5169 infractam
2886 5100 3115 5155 trebiam
3138 5100 3498 5155 matr-laverit.

1744 5246 2032 5319 (Mearm.
2059 5247 2267 5319 Anect.,
2299 5252 2342 5304 t.
2378 5249 2421 5321 Ι,
2455 5265 2508 5320 p.
2538 5248 2691 5321 206.)

586 5503 809 5583 Sanctae
841 5503 1059 5583 matris
1079 5504 1493 5583 Ebrocaccnsis
1524 5505 1791 5583 Ecclesiiu
1824 5505 2307 5583 reverendissimo
2337 5507 2609 5583 episcopo
2641 5508 2714 5566 M.
2750 5508 3234 5579 Rothomagensis
3261 5506 3519 5583 Ecclesia:
3547 5495 3757 5562 humilis
3779 5503 3843 5548 ob

514 5576 943 5652 chiepiscopus,
971 5577 1150 5634 abbas
1183 5594 1417 5653 quoque
1446 5577 1701 5635 Joannes
1734 5576 2241 5637 Fiscamnensium
2263 5576 2555 5652 servulus;
2575 5586 2727 5639 recte
2757 5584 2962 5640 offerre
2992 5576 3049 5641 et
3078 5585 3330 5643 dividere
3359 5581 3579 5643 rectius.
