4138 6186
319 363 475 429 1389

736 364 1251 429 RAIMBALDUS
1287 364 1626 429 ABELA'I‘.
1661 365 1978 431 ECCLES.
2010 364 2374 431 ARCHIEP.
2409 403 2485 418 —-
2515 372 2836 435 NOTITIA
2870 373 3313 437 HISTORICA.

3577 374 3733 439 i390

388 496 739 581 Audivimus
765 502 1028 581 vestram
1053 498 1479 581 fraternitatem
1512 501 1830 581 quemdam
1877 501 2231 581 monachum
2281 504 2623 581 exterminio
2654 505 3042 581 damnavisse,
3076 523 3142 581 eo
3173 507 3600 581 quodtreviam
3624 507 3733 581 Dei

315 569 1354 649 compefiebatur._iniregisseV;_quod
1387 569 1667 649 bene—vos
1698 572 1903 649 fecisse
1923 572 2266 649 laudamus,
2302 569 2403 649 sed
2437 575 2667 631 incaute
2698 576 2844 632 illud
2876 569 3207 649 inspexisse
3222 578 3583 648 judicamus.
3617 580 3733 635 Nec

315 640 475 721 enim
601 640 899 721 Benedicti
928 640 1235 721 institutio
1254 642 1431 721 ullius
1461 643 1609 715 legis
1641 644 2039 721 praescribitur
2075 644 2322 715 judicio.
2350 646 2688 721 Propterea,
2713 649 2891 704 frater
2918 640 3289 721 charissime,
3324 654 3477 705 recte
3506 651 3731 721 offerre,

313 713 618 797 _et_rectius
641 712 1325 797 .prazcipimurndividere.
1344 712 1592 797 Auream
1616 712 1753 797 ergo
1774 716 2052 797 virtutem
2077 712 2425 797 sequamur,
2457 712 2879 797 discretionem
2903 720 3141 787 scilicet,
3165 712 3290 792 quae
3323 721 3589 797 omnium
3608 712 3732 797 vir;

310 783 757 863 tutum_dicitur
787 783 992 863 maler.
1027 785 1271 863 Quando
1301 786 1478 863 enim_
1503 783 1709 863 abbati
1750 803 1890 863 cura
1920 783 2254 863 animarum
2275 789 2623 863 imponitur
2670 792 2741 846 ab
2791 791 3083 863 episcopo,
3116 783 3487 863 pa'storalitas
3533 793 3730 863 ovium

311 854 539 944 Christi
564 854 679 944 sibi
709 855 1059 944 traditarpm
1079 857 1144 944 rei.
1174 856 1621 944 commendatur
1649 857 2008 944 omnimgdo.
2042 859 2163 944 Nisi
2196 854 2457 944 epim_ab
2504 861 2713 944 abbate
2741 854 3080 944 cpiscopus:
3101 854 3377 944 invitetur
3404 881 3507 944 pro
3539 862 3727 936 quali-

313 942 549 1011 cunque
579 927 832 1011 negotio,
866 926 1096 983 nullum
1120 929 1222 1011 jus
1252 928 1563 1011 episcopus
1607 927 1819 1011 habere
1858 929 2199 1011 decernitur
2227 931 2296 1011 in
2320 926 2862 1011 ej_us__monasteri_o;
2898 926 3169 991 siautem
3219 926 3423 991 contra
3448 926 3571 991 hzeé
3600 951 3727 1007 qua:

312 997 569 1055 dicimus
598 997 815 1071 aliquis
845 997 1174 1072 repugnare
1198 997 1529 1070 tentaverit,
1562 999 1825 1072 regulam
1857 1000 2057 1057 Sancti
2087 997 2381 1058 Benedicti
2412 1003 2523 1059 sibi
2554 997 2962 1077 proponimus,

1484 1223 2560 1354 MAUBILLII

605 1397 1043 1459 PROFESSIO
1090 1396 1298 1458 FIDEI
1341 1396 1444 1456 DE
1490 1396 2019 1458 SACRAMENTO
2064 1396 2453 1459 CORPORIS
2499 1400 2600 1461 ET
2644 1402 3063 1465 SANGUlNlS
3108 1403 3420 1465 CHRISTI

1368 1502 1581 1572 (Exstat
1605 1517 1793 1573 supra,
1830 1502 1974 1558 Vitae
1995 1502 2058 1556 Β.
2091 1500 2341 1558 Mam-iiii
2367 1519 2521 1560 num.
2555 1507 2670 1574 11.)

632 1692 1180 1780 EPITAPHIA
1244 1690 1730 1780 ROLLONIS
1788 1690 1914 1778 ET
1964 1689 2512 1781 GUILLELMI
2579 1694 2933 1785 LONGJE
2986 1696 3402 1785 SPATHZE

1653 1813 2108 1870 NORTMANNIA‘
2145 1798 2277 1871 D‘Uc
2284 1815 2379 1871 ΠΜ

1282 1914 1653 1977 AUCTORE
1697 1911 2083 1976 MAURILIO
2127 1914 2753 1979 ARCHIEPISCOPO

697 2018 993 2092 (Onusam.
1032 2019 1226 2077 VITAL.
1261 2020 1447 2076 eccles.
1480 2020 1639 2087 Hist.,
1673 2017 1774 2076 lib.
1808 2017 1881 2090 V,
1916 2018 2071 2091 apud
2102 2017 2433 2089 Ducassns,
2466 2019 2665 2093 Script.
2697 2022 2983 2091 Norman.,
3016 2039 3147 2097 pag.
3179 2024 3331 2096 567.)

822 2343 1179 2415 Epitaphium
1206 2342 1448 2398 Rollom’s

304 2432 439 2489 Dux
458 2431 1024 2499 Northmannorum,
1038 2432 1215 2487 timor
1229 2431 1501 2499 hostis,et
1521 2447 1685 2486 arma
1702 2444 1966 2494 suorum,

376 2520 547 2578 R‘ollo
578 2522 689 2578 sub
724 2520 834 2577 hoc
863 2520 1034 2576 titulo
1064 2520 1357 2576 clauditur
1382 2519 1439 2574 in
1471 2519 1721 2575 tumulo.

312 2609 566 2682 Majores
595 2610 766 2682 cujus
797 2609 1059 2683 probitas
1088 2609 1365 2681 provexit,
1400 2612 1465 2663 ut
1492 2609 1620 2680 ejus

376 2697 654 2755 Servierit
682 2714 787 2754 nec
817 2715 983 2769 avus,
1013 2713 1120 2754 nec
1151 2701 1335 2770 pater,
1369 2714 1473 2753 nec
1499 2714 1767 2770 proavus.

309 2785 633 2843 Ducentem
664 2787 842 2843 fortes
872 2801 1068 2859 regem
1103 2785 1736 2858 multasque_cobortes

378 2874 604 2932 Devicit
630 2874 815 2931 Daciaa
848 2874 1230 2946 congrediens
1261 2874 1403 2931 acie.

310 2963 611 3032 Frixonas,
643 2963 929 3030 Waleros,
961 2963 1753 3030 Halbacenses,‘Hainaucos,

377 3053 496 3111 Hos
527 3052 706 3109 simul
738 3052 1047 3124 adjunctos
1078 3051 1240 3108 Rullo
1272 3052 1432 3108 dedit
1462 3052 1764 3124 profugos.

311 3142 447 3215 Egit
474 3143 543 3198 ad
577 3142 686 3198 hoc
720 3141 944 3198 Fresios
973 3158 1077 3214 per
1106 3141 1359 3214 plurima
1390 3140 1630 3197 vulnera
1657 3141 1858 3204 victos,

386 3229 464 3287 Ut
490 3230 605 3287 sibi
627 3232 917 3303 jurarent,
951 3235 1127 3302 atque
1155 3230 1376 3286 tributa
1406 3230 1628 3286 darent.

311 3320 556 3393 Bajocas
585 3320 768 3393 cepit;
800 3319 891 3376 bis
924 3318 1177 3376 Parisios
1206 3319 1529 3392 superavit;

379 3408 564 3466 Nemo
596 3408 706 3464 fuit
731 3408 971 3466 Francis
996 3408 1258 3481 asperior
1281 3408 1504 3463 cuneis.

308 3498 499 3554 Annis
523 3497 763 3570 triginta
787 3496 1087 3554 Gallorum
1119 3497 1373 3553 caedibus
1404 3513 1543 3553 arva

382 3585 670 3659 Implevit,
703 3585 869 3659 pigro
897 3584 1055 3640 bella
1083 3601 1291 3659 gerens
1322 3584 1545 3641 Carolo.

306 3676 448 3733 Post
477 3674 695 3731 multas
727 3679 973 3747 strages,
1001 3674 1249 3747 praedas,
1283 3673 1576 3741 incendia,
1604 3674 1808 3739 caedes,

379 3762 533 3820 Utile
563 3779 698 3819 cum
729 3761 911 3819 Gallis
942 3762 1132 3819 foedus
1168 3761 1275 3818 init
1299 3762 1547 3836 cupidis.

308 3851 572 3926 Supplex
599 3850 882 3907 Franconi
914 3850 1129 3906 meruit
1162 3851 1514 3924 baptismate
1545 3850 1713 3924 tingi,

1989 2252 2044 2317 Α
2144 2251 2237 2306 Sic
2264 2251 2434 2324 periit
2461 2253 2671 2310 veteris
2703 2269 2877 2310 omne
2907 2255 3070 2312 nefas
3103 2255 3381 2315 hominis.

2081 2338 2154 2395 Ut
2183 2338 2294 2395 fuit
2325 2344 2457 2397 ante
2483 2341 2680 2414 lupus,
2709 2342 2793 2397 sic
2823 2347 2955 2416 post
2985 2344 3051 2399 fit
3076 2344 3322 2401 mitibus
3353 2360 3568 2417 agnus;

2148 2431 2268 2484 Pax
2297 2428 2378 2485 ita
2409 2434 2697 2486 mutatum
2728 2431 2981 2488 mulceat
3006 2436 3139 2488 ante
3169 2432 3375 2490 Deum.

2870 2522 2937 2576 Il.

2318 2607 2675 2679 Epitaphium
2707 2608 2992 2665 Guillelmi
3022 2610 3489 2682 Longw-Spathaz.

2078 2696 2234 2759 Quos
2266 2695 2614 2753 defendebat
2640 2696 3011 2765 Guillelmus,
3042 2714 3213 2754 nemo
3244 2700 3578 2771 premebat;

2147 2782 2379 2840 Auxilio
2411 2784 2624 2851 curuit,
2654 2784 2861 2841 laedere
2893 2802 3067 2859 quem
3098 2786 3299 2844 voluit.

2080 2870 2335 2943 Regibus
2365 2890 2431 2928 ac
2462 2873 2712 2929 ducibus
2744 2876 3060 2931 metuenda
3089 2892 3301 2932 manus
3333 2876 3442 2932 fuit
3471 2877 3601 2948 ejus

2157 2959 2405 3033 Belliger
2434 2961 2716 3017 Henricus
2749 2963 2940 3019 Caesar
2970 2980 3102 3019 eum
3135 2964 3351 3021 timuit.

2078 3054 2246 3112 Rexit
2275 3050 2711 3106 Northmannos
2744 3051 2947 3123 viginti
2982 3052 3242 3125 quinque
3274 3071 3375 3126 per
3403 3072 3610 3124 annos,

2148 3140 2349 3199 Militis
2380 3143 2554 3210 atque
2583 3138 2751 3196 ducis
2782 3145 3091 3213 promptus
3124 3141 3184 3197 in
3215 3142 3443 3199 ofﬁciis.

2077 3229 2413 3290 Cmnobium
2447 3227 2685 3300 pulchre
2718 3230 3005 3302 reparavit
3034 3229 3513 3301 Gemmeticense,

2147 3320 2219 3377 Et
2248 3317 2501 3374 decrevit
2531 3317 2609 3372 ibi
2645 3318 2790 3374 ferre
2812 3319 3027 3390 jugum
3062 3318 3352 3374 monachi.

2081 3408 2361 3465 Fervidus
2393 3405 2587 3462 invicti
2622 3405 2804 3461 coluit
2832 3423 3097 3463 normam
3130 3408 3445 3477 Benedicti,

2151 3497 2253 3552 Cui
2287 3494 2449 3568 petiit
2481 3495 2652 3550 subdi
2685 3495 2895 3568 plenus
2922 3512 3117 3554 amore
3147 3497 3268 3553 Dei.

1994 3621 2041 3686 B
2082 3584 2321 3643 Distulit
2349 3583 2457 3639 hoc
2487 3584 2669 3640 abbas
2700 3584 3018 3653 Martinus;
3046 3585 3179 3640 diva
3206 3590 3484 3658 potestas,

2144 3675 2306 3729 Saeva
2335 3689 2440 3746 per
2469 3690 2635 3729 arma
2669 3673 2813 3729 mori
2847 3673 3101 3745 praetulit
3133 3689 3305 3730 omen
3336 3675 3407 3728 ei.

2075 3764 2342 3835 Namque
2372 3760 2521 3816 dolis
2553 3762 2784 3817 comitis
2814 3761 3036 3816 Arnuiﬁ
3071 3765 3275 3818 nectus
3306 3762 3571 3819 inermis.

2144 3849 2394 3906 Corruit.
2428 3850 2763 3906 lEthereum
2796 3849 2984 3921 possit
3008 3850 3222 3906 habere
3245 3850 3449 3907 Deum.
3484 3853 3694 3907 Amen.
3766 3918 3774 3926 ι

310 3971 2581 4002 w

309 3971 3720 4017 Μ

1675 4135 1839 4182 ANNO
1881 4135 2100 4185 DOMINI
2142 4134 2378 4182 HLXVII.

1366 4278 2678 4443 RAIMBALDUS

1171 4548 1719 4611 ARELATENSIS
1764 4550 2163 4612 ECCLESI/E
2209 4549 2879 4612 ARCHIEPISCOPUS

1376 4779 1885 4873 NOTITIA
1954 4779 2660 4875 HISTOBICA.

1226 4959 1307 5014 Ex
1337 4956 1521 5014 Gallia
1551 4958 1896 5026 Christiana,
1930 4961 2041 5013 vet.
2076 4958 2239 5027 edit.,
2272 4962 2411 5014 tom.
2447 4957 2488 5025 Ι,
2522 4973 2655 5030 pag.
2686 4957 2840 5027 553.)

1813 5088 2236 5106 Μ

388 5192 594 5250 Pontio
624 5188 1047 5251 monasterium
1088 5193 1146 5249 S.
1179 5191 1425 5248 Victoris
1466 5191 1619 5263 apud
1653 5184 1972 5247 Massiliam
2006 5193 2048 5259 C
2088 5191 2286 5247 cteris.
2313 5190 2540 5247 Fratres
2570 5190 2699 5261 ejus
2724 5190 2959 5247 fuerunt
2979 5190 3330 5260 Bonifacius,
3350 5191 3542 5259 Fulco,
3574 5192 3741 5259 Boso,

309 5280 582 5355 ingresso
605 5299 1004 5340 successorem
1029 5280 1423 5354 suppeditavit
1443 5296 1608 5335 sacra
1630 5278 1728 5336 illa
1746 5296 1980 5353 congre-

313 5371 495 5444 gatio,
532 5372 943 5428 Raimbaldum
977 5369 1247 5426 videlicet
1291 5369 1487 5425 Sancti
1534 5369 1717 5424 Isarni
1748 5369 1979 5425 abbatis

319 5461 656 5518 alumnum.
692 5463 745 5518 ls
775 5479 843 5516 ex
873 5461 1053 5517 nobili
1102 5463 1265 5515 ortus
1313 5475 1520 5529 genere
1568 5459 1623 5513 in
1656 5458 1976 5523 Provincia,

313 5552 546 5622 patrem
591 5549 800 5606 habuit
847 5548 1206 5605 Bonifacium
1256 5546 1563 5603 dominum
1595 5547 1665 5602 de
1696 5546 1975 5615 Belliana,

318 5641 575 5699 matrem
604 5636 1086 5708 Vandelnusiam,
1110 5640 1176 5694 ut
1195 5636 1404 5696 docent
1435 5651 1541 5694 nos
1570 5633 1782 5693 tabulis
1804 5636 1863 5695 S.
1885 5635 1979 5693 Vi-

2087 5280 2422 5335 Atanulfus.
2446 5278 2887 5351 Propinquitate
2909 5280 3255 5350 conjunclus
3278 5284 3401 5335 erat
3431 5296 3565 5335 cum
3588 5279 3744 5336 Guil-

2087 5367 2259 5423 lelmo
2318 5372 2374 5422 et
2431 5366 2700 5433 Fulcone,
2761 5367 3032 5423 Massilia:
3088 5368 3549 5424 vicccomitibus.
3597 5369 3740 5426 Cum

2088 5457 2196 5511 sub
2224 5457 2280 5511 S.
2313 5455 2497 5511 Isurni
2531 5456 2759 5511 abbatis
2785 5456 3090 5528 disciplina
3116 5457 3435 5528 plurimum
3470 5460 3741 5531 prol'eciso

2088 5549 2195 5613 set,
2232 5544 2551 5600 Arelatensi
2603 5544 2879 5600 cathedra
2919 5545 3133 5617 dignus
3176 5546 3479 5616 judicatus
3527 5554 3636 5617 est,
3669 5549 3740 5604 ad

2088 5650 2266 5709 quam
2297 5632 2534 5707 cligitur
2561 5651 2714 5692 anno
2750 5634 2904 5715 1031,
2927 5634 3243 5699 indictione
3262 5652 3379 5707 xw,
3400 5650 3605 5696 mense
3630 5638 3744 5705 Au-
