4138 6186
509 311 653 370 1391

1586 302 2011 364 RAIMBALDI
2063 301 2396 381 ABELAT.
2455 303 2498 361 Α
2515 301 2820 361 BCHIEP.

3672 304 3788 365 1392

505 445 699 514 gusto.
732 442 789 494 et
835 437 1012 492 Paulo
1045 440 1174 508 post
1209 437 1358 491 sedit
1389 437 1445 490 in
1479 435 1722 490 concilio
1771 433 2150 489 Narbonensi.
2184 436 2238 499 Α
2270 450 2398 487 rum
2433 434 2685 506 spatium
2711 433 2780 487 ad
2807 433 2924 486 hanc
2948 430 3502 503 omnia'przestanda?
3519 432 3802 506 Praefataesy-

507 531 567 584 In
600 527 938 600 pontiﬁcatu
965 541 1096 582 vero
1119 525 1328 596 prioris
1357 525 1608 580 instituti
1641 524 1730 580 sui
1756 523 2153 587 memor,dum

504 634 716 673 nomen
751 615 1177 679 subscribebat,
1213 632 1326 670 non
1370 615 1556 669 solum
1605 613 2018 685 archiepiscopi
2055 613 2155 668 sed

500 708 678 763 etiam
729 703 998 759 monachi
1032 702 1268 757 titulum
1313 704 1523 758 addere
1553 702 1795 757 solebat.
1831 702 1905 756 Ea
1955 709 2161 772 procul

503 793 684 850 dubio
701 792 922 847 ratione
940 791 1299 862 gratificatus
1322 796 1408 845 est
1426 791 1482 846 S.
1504 791 1750 845 Victoris
1771 790 2158 859 monasterio;

504 883 663 939 dedit
686 882 839 937 enim
865 885 1084 952 partem
1106 896 1279 950 quam
1305 880 1555 934 habebat
1576 881 1628 933 in
1653 884 1842 934 castro
1860 880 1929 933 de
1946 879 2156 942 Aurian,

505 989 656 1026 anno
693 968 1069 1036 1035,indict.
1093 986 1182 1035 III;
1217 969 1375 1024 dedit
1396 986 1628 1040 quoque
1658 968 1714 1022 in
1742 986 1950 1022 manus
1979 968 2154 1022 lsarni

504 1058 751 1123 abbatis,
787 1073 901 1128 quo
935 1057 1217 1128 magistro
1251 1057 1427 1112 vitam
1461 1057 1702 1112 edoctus
1741 1058 1927 1111 fuerat
1959 1073 2157 1110 mona-

503 1147 707 1204 sticam
731 1145 1035 1200 ecclesiam
1064 1146 1120 1200 S.
1147 1145 1379 1201 Genesii
1405 1162 1506 1200 seu
1532 1146 1589 1200 S.
1617 1145 1912 1207 Honorati,
1938 1149 2159 1199 retento

503 1252 606 1307 pro
637 1233 803 1289 altari
833 1233 890 1287 S.
926 1232 1208 1303 Stephani
1241 1233 1325 1289 vel
1353 1234 1409 1288 S.
1437 1233 1738 1304 Trophimi
1773 1249 1949 1287 censu
1986 1231 2160 1286 unius

503 1324 663 1379 librae
695 1321 917 1378 incensi
951 1321 1008 1376 in
1044 1322 1310 1392 ejusdem
1345 1324 1400 1377 S.
1427 1322 1727 1393 Trophimi
1760 1322 1924 1376 festo.
1952 1321 2159 1376 Obser-

500 1413 729 1468 vatione
759 1411 1002 1482 dignum
1035 1415 1121 1464 est
1153 1427 1362 1465 nomen
1397 1415 1452 1465 et
1490 1411 1729 1465 titulum
1763 1411 1821 1465 S.
1857 1410 2156 1482 Trophimi

503 1501 758 1558 ecclesiae
800 1499 1116 1554 Arelatensi
1169 1504 1300 1570 post
1353 1500 1410 1554 S.
1446 1499 1726 1572 Stephani
1782 1516 1992 1553 nomen
2045 1517 2158 1553 non

503 1583 685 1646 fuisse
707 1590 997 1659 adjectum
1025 1593 1156 1643 ante
1180 1589 1581 1659 pontiﬁcatum
1608 1588 1801 1644 Pontii
1827 1605 1980 1643 anno
2002 1588 2159 1655 1029,

504 1684 570 1734 ut
597 1679 788 1733 videre
819 1682 906 1732 est
934 1677 989 1731 in
1026 1677 1290 1747 ejusdem
1316 1677 1537 1743 charta,
1570 1694 1743 1749 quem
1778 1677 2042 1732 imitatus
2075 1681 2164 1732 est

505 1766 910 1866 Raiimbaldns:
938 1771 1106 1865 Anno
1133 1766 1609 1866 1037'subscribit
1631 1766 2154 1866 litterisGa‘utfredi
2188 1801 2234 1866 Β

504 1861 562 1913 et
607 1856 909 1911 Bertrandi
960 1855 1240 1910 comitum
1282 1856 1592 1910 Provinciae
1633 1871 1736 1926 pro
1787 1855 2156 1910 Cluniacensi

505 1945 880 2010 monasterio,
905 1962 972 1998 ex
993 1945 1258 2015 ejusdem
1294 1943 1532 1998 tabulis.
1566 1947 1729 1999 Anno
1763 1945 1920 2008 1040,
1956 1944 2155 1998 Idibus

505 2035 792 2104 Octobris,
849 2033 1037 2089 adfuit
1094 2031 1444 2088 dedicationi
1502 2033 1755 2088 basilicae
1815 2033 1872 2087 S.
1905 2033 2154 2088 Victoris

507 2121 893 2179 Massiliensis
925 2138 1103 2193 opera
1136 2122 1428 2176 Benedicti
1462 2139 1620 2193 papae
1660 2121 1750 2177 1X.
1784 2122 2020 2183 Eodem,
2045 2138 2152 2176 an-

505 2228 602 2279 no,
653 2211 965 2265 indictione
1016 2227 1140 2280 VIII,
1196 2210 1644 2266 controversiam
1705 2210 1940 2265 diremit
2004 2211 2156 2265 inter

506 2298 901 2357 Massilienses
931 2303 988 2353 et
1018 2297 1231 2353 Montis
1265 2297 1501 2369 Majoris
1534 2299 1872 2366 monachos,
1909 2315 2154 2370 praesen-

501 2386 975 2444 tibusGaufredo
1025 2391 1082 2440 et
1129 2387 1444 2441 Bertranno
1493 2387 1826 2453 comitibus,
1862 2387 2154 2442 Willelmo

503 2482 561 2534 et
589 2475 838 2532 Fulcone
868 2474 1305 2530 vicecomitibus
1354 2474 1642 2541 Massiliae,
1678 2475 1795 2530 Hoc
1843 2475 1969 2548 ipso
2002 2492 2154 2531 anno

504 2563 855 2636 subscripsit
882 2562 1092 2618 chartae
1126 2562 1330 2618 Amelii
1365 2564 1729 2620 Seneciensis
1759 2565 2017 2635 episcopi
2049 2581 2153 2635 pro

503 2656 562 2712 S.
595 2654 842 2710 Victore.
878 2652 1172 2724 Frequens
1204 2655 1292 2708 est
1334 2652 1608 2724 deinceps
1639 2653 1903 2723 ejusdem
1936 2653 2153 2707 mentio

505 2745 566 2800 in
597 2741 914 2798 Victorinis
961 2741 1202 2809 tabulis,
1235 2745 1302 2796 ut
1349 2757 1844 2812 supervacaneum
1892 2741 2157 2796 videatur

505 2831 771 2904 singulas
813 2845 1176 2903 percurrere;
1213 2830 1488 2896 maxime,
1517 2847 1650 2886 cum
1701 2830 1816 2886 alia
1861 2831 2156 2887 notatione

508 2921 776 2994 digniora
804 2919 1122 2991 supersint.

581 3014 740 3066 Anno
769 3010 997 3065 circiter
1047 3010 1184 3064 1050
1234 3010 1580 3066 Raimbaldo
1629 3012 2052 3083 subjectionem
2101 3017 2158 3068 et

506 3098 888 3157 reverentiam
913 3097 1200 3171 promisit,
1216 3099 1536 3155 secundum
1561 3105 1845 3173 praecepta
1865 3118 2155 3156 canonum

2265 523 2415 577 nodo
2447 522 2747 578 Tolosanae
2779 539 2990 593 prmses
3014 519 3308 592 delegatus
3341 526 3421 576 est
3450 538 3479 576 a
3510 539 3633 592 papa
3657 527 3806 576 noster

2268 611 2649 666 Raimbaldus
2697 616 2977 682 tanquam
3025 614 3236 665 sanctae
3279 610 3425 664 sedis
3467 611 3694 665 vicarius.
3729 611 3806 664 An.

2267 702 2408 754 1(‘60
2438 701 2666 772 praefuit
2695 699 2938 755 concilio
2967 699 3364 754 Avenionensi.

2340 789 2462 843 Non
2494 793 2802 844 contentus
2833 787 3164 844 benefacere
3196 787 3254 842 in
3285 804 3386 843 sua
3415 787 3636 853 ditecesi,
3657 789 3814 844 funda-

2267 877 2347 932 vit
2378 878 2433 932 in
2471 877 2853 948 l’orojuliensi
2884 876 3185 932 ecclesiam
3217 894 3315 948 pro
3344 875 3568 942 clericis,
3589 894 3710 948 quos
3733 879 3815 932 sub

2270 966 2519 1037 regulari
2555 984 2758 1022 norma
2781 967 3147 1028 constitutos,
3172 965 3424 1021 Ecclesiae
3455 966 3688 1020 Romanae
3709 982 3817 1021 sem-

2269 1072 2372 1127 per
2400 1073 2527 1111 esse
2559 1056 2824 1111 subditos
2845 1055 3048 1127 jussit,
3077 1055 3159 1109 uti
3191 1054 3386 1110 scribit
3412 1055 3477 1108 ad
3505 1053 3818 1109 Alexandrum

2269 1161 2476 1216 papam
2513 1145 2580 1198 ΙΙ.
2618 1145 2979 1216 Proindeque
3016 1143 3073 1198 id
3105 1143 3345 1198 minime
3373 1143 3570 1198 factum
3613 1149 3721 1198 ante
3743 1159 3820 1198 an-

2271 1249 2411 1287 num
2448 1234 2603 1303 1061,
2650 1249 2764 1304 quo
2795 1233 3106 1288 inchoatur
3153 1230 3455 1287 Alexandri
3507 1231 3818 1302 ponliﬁcatus.

2270 1321 2511 1377 Gratum
2547 1322 2656 1376 fuit
2686 1321 3006 1376 Alexandro
3041 1319 3366 1376 Raimbaldi
3397 1319 3818 1389 consilium,ideo-

2270 1427 2383 1482 que
2434 1410 2744 1466 Ecclesiam
2799 1411 3189 1481 Barjolensem
3239 1410 3346 1464 sub
3391 1407 3628 1464 Ecclesiae
3668 1409 3823 1463 Rema-

2271 1518 2357 1553 nae
2391 1499 2570 1553 tutela
2612 1500 2895 1570 suscepit;
2929 1505 2984 1553 et
3033 1499 3090 1552 in
3142 1502 3540 1571 argumentum
3587 1497 3825 1567 subjectis-

2274 1590 2364 1643 nis
2397 1606 2658 1643 annuum
2691 1605 2932 1644 censum
2966 1588 3186 1642 denarii
3220 1586 3376 1642 aurei
3407 1585 3690 1658 imperavit.
3714 1585 3825 1640 idem

2271 1677 2744 1749 archiepiscopus
2783 1677 2853 1731 ad
2905 1676 3317 1731 canonicorum
3364 1674 3826 1748 regulariuminsti-

2272 1771 2465 1822 tutum
2498 1765 2971 1838 amplectcnium
3022 1765 3263 1837 majoris
3300 1764 3553 1820 Ecclesiae
3591 1763 3828 1819 canonicos

2265 1857 2525 1919 adduxit,
2550 1855 2767 1927 quibus
2788 1853 3144 1919 Willelmus,
3173 1853 3547 1909 Massiliensis
3565 1853 3828 1915 vicecomes,

2264 1943 2461 2016 ampla
2493 1944 2796 1999 latifundia
2841 1948 2897 1999 et
2928 1943 3335 2015 possessiones
3380 1943 3437 1997 in
3471 1941 3656 1997 Craudi
3681 1956 3830 2010 campo

2263 2033 2524 2098 donavit;
2576 2049 2754 2103 quam
2815 2031 3245 2087 ordinationem
3316 2030 3636 2086 instauravit
3684 2032 3831 2100 postea

2263 2123 2565 2194 Aycardus
2597 2122 3093 2193 archiepiscopus,
3130 2126 3192 2175 ut
3222 2125 3462 2192 apparet
3505 2135 3567 2174 ex
3607 2117 3771 2173 charta
3788 2116 3830 2170 in

2265 2211 2495 2267 archivo
2540 2209 2860 2266 Arelatensi
2909 2209 3109 2265 relata.
3143 2210 3406 2264 Tandem
3456 2206 3712 2264 benedixit
3738 2206 3830 2259 1065

2261 2299 2567 2356 ecclesiam
2626 2302 2681 2354 S.
2720 2299 2868 2355 Petri
2919 2303 2976 2354 et
3022 2303 3274 2356 Correus
3321 2299 3441 2370 [al.,
3488 2298 3545 2353 Β.
3582 2295 3740 2352 Maria:
3781 2294 3829 2348 de

2262 2390 2532 2459 Correno]
2561 2389 2657 2444 ubi
2691 2388 3111 2444 monasterium
3142 2393 3272 2444 erat
3299 2391 3687 2447 constructum,
3713 2400 3764 2439 ac
3783 2382 3826 2436 in

2262 2480 2354 2534 die
2385 2477 2841 2534 consecrationis
2888 2477 3322 2533 absolutionem
3354 2494 3386 2532 a
3415 2473 3714 2549 paenitentia
3733 2485 3826 2527 om-

2263 2566 2438 2622 nibus
2490 2567 2772 2622 beneficia
2819 2568 3042 2622 daturis
3097 2565 3233 2622 huic
3296 2565 3540 2622 ecclesiae
3583 2561 3828 2625 concessit;

2263 2671 2378 2727 quo
2409 2655 2502 2710 die
2528 2655 2942 2722 anniversario,
2973 2672 3187 2728 magna
3215 2655 3362 2710 olim
3406 2654 3683 2710 festivitate
3717 2647 3829 2705 cele-

2265 2745 2492 2799 bratum
2529 2744 2710 2800 fuisse
2758 2745 3066 2816 jubilaeum
3096 2745 3455 2801 Correnense
3507 2746 3647 2816 patet
3681 2755 3736 2796 ex
3769 2743 3829 2793 ta-

2263 2834 2402 2890 bula
2440 2834 2688 2890 coenobii
2737 2835 2951 2890 Montis
3001 2834 3266 2904 Majoris.
3299 2831 3637 2904 Subscripsit
3675 2823 3831 2883 litteris

2262 2916 2526 2980 Almodis
2555 2923 2866 2979 comitissae
2888 2922 3307 2991 Ruthenensis,
3332 2919 3830 2986 Nemausensis,etc.,

2265 3013 2481 3084 quibus
2547 3011 2748 3068 subdit
2814 3011 3238 3068 monasterium
3303 3013 3360 3068 S.
3417 3009 3634 3084 Egidii,
3680 3001 3829 3060 abbati

2265 3101 2658 3170 Cluniacensi;
2709 3102 2829 3158 dat.
2867 3119 2959 3156 an.
3006 3102 3161 3166 1066,
3198 3119 3303 3158 VIII
3349 3100 3467 3157 Kal.
3514 3096 3751 3156 Januarii.
3787 3092 3831 3147 ln

507 3195 565 3247 et
586 3193 818 3261 patrum
837 3167 1384 3254 instituta,Pontius
1406 3167 1702 3262 Aqua-rum
1725 3167 2050 3246 Sextiarum
2072 3208 2158 3247 ar-
2187 3167 2230 3233 (ἶ
2267 3167 2694 3264 subscriptione
2723 3207 2785 3246 se
2827 3190 3003 3246 simul
3053 3190 3197 3245 dicit
3245 3189 3712 3262 archiepiscopum
3734 3187 3831 3238 Are-

505 3278 935 3351 chiepiscopus;
974 3281 1343 3350 testaturque
1374 3279 1702 3335 Honoratus
1732 3279 1963 3335 Bouche
1999 3280 2154 3336 idem

507 3367 846 3440 praestitisse
879 3367 1256 3421 Bertrandum
1293 3367 2153 3440 Foroju‘liensem,Angelricum

506 3457 854 3526 Regensem,
889 3454 1384 3525 Benedictumque
1415 3456 1896 3524 Avenionensem,
1928 3457 2154 3512 laudat-

507 3559 618 3616 que
639 3542 853 3598 librum
882 3543 1336 3597 sacramentutem
1365 3543 1782 3610 Arelatensem,
1826 3546 1908 3599 sic
1931 3547 2152 3601 dictum

507 3632 661 3704 quod
693 3631 1036 3703 hujusmodi
1069 3637 1433 3687 sacramenta
1465 3633 1775 3688 contineat.
1800 3634 2156 3700 Recensetur

505 3723 658 3778 inter
695 3721 895 3777 Patres
944 3725 1262 3776 conventus
1312 3721 1760 3778 Barcinonensis
1808 3723 1944 3778 anni
1994 3727 2150 3780 1054.

501 3814 609 3867 Αιι.
646 3811 782 3866 1056
813 3811 881 3882 (si
915 3811 1061 3867 bene
1105 3812 1435 3883 conjectant
1479 3809 1747 3866 Baluzius
1778 3817 1833 3868 et
1864 3813 2152 3884 Labbeus)

503 3900 691 3972 pridie
737 3899 931 3956 Nonas
984 3900 1355 3972 septembris.
1396 3917 1531 3956 cum
1583 3901 1934 3974 Leodegario
1980 3902 2152 3958 Vien-

502 3989 692 4055 nensi,
715 3991 771 4043 et
801 3987 1004 4058 legatis
1037 3989 1532 4056 Narbonensibus,
1560 3991 1870 4046 concilium
1899 3991 2150 4048 celebra-

501 4077 585 4131 vit
622 4077 1029 4147 episcoporum
1073 4095 1186 4132 xxn
1219 4079 1371 4150 apud
1406 4081 1462 4134 S.
1497 4079 1809 4151 ngidium.
1834 4081 1944 4136 Sed
1978 4082 2153 4136 citius

502 4165 770 4220 habitum
805 4164 982 4219 fuisse
1015 4182 1159 4235 pene
1189 4178 1409 4222 certum
1434 4169 1662 4222 videtur
1681 4169 1765 4223 vel
1797 4187 1862 4224 ex
1894 4170 2016 4226 solo
2050 4171 2156 4225 Lu-

503 4254 827 4312 tevensium
860 4253 1266 4326 episcoporum
1297 4255 1506 4311 indice.
1532 4258 1775 4326 Constat
1802 4258 1950 4314 hanc
1981 4277 2150 4331 syno-

504 4345 644 4400 dum
674 4347 862 4398 actam
893 4359 1022 4398 esse
1053 4344 1237 4415 pridie
1267 4345 1458 4400 Nonas
1492 4346 1808 4418 Septemb.,
1839 4351 1895 4402 et
1924 4348 2157 4405 Tolosa-

503 4450 639 4488 nam
689 4431 891 4487 Idibus
939 4431 1202 4501 ejusdem
1252 4433 1489 4500 mensis,
1543 4451 1691 4490 anno
1742 4437 1898 4490 1056.
1934 4437 2152 4492 Narbo-

2263 3281 2567 3348 latensem,
2603 3286 2660 3336 et
2690 3281 2960 3335 Romanae
3001 3278 3266 3336 Ecclesiae
3295 3278 3586 3336 vicarium.
3614 3273 3832 3332 Eumdem

2262 3370 2440 3425 vitam
2469 3369 2813 3441 produxisse
2854 3385 3039 3441 usque
3085 3369 3152 3424 ad
3209 3386 3431 3424 annum
3480 3369 3605 3422 1067
3646 3363 3832 3436 probant

2265 3457 2468 3514 littera:
2499 3457 2831 3531 Hieronymi
2863 3459 3195 3528 cujusdam,
3232 3475 3381 3530 quas
3410 3475 3475 3514 ex
3502 3470 3690 3527 magno
3714 3449 3833 3506 char-

2263 3547 2472 3604 tulario
2500 3548 2557 3602 S.
2587 3547 2836 3602 Victoris
2868 3548 3019 3602 eruit
3047 3547 3134 3602 vir
3161 3547 3243 3601 (ιι.
3273 3547 3594 3602 Antoninus
3620 3543 3680 3597 de
3707 3536 3831 3601 Rulli,

2263 3643 2316 3692 et
2347 3637 2418 3691 ad
2454 3654 2559 3692 nos
2589 3653 2690 3708 pro
2723 3635 2895 3692 solita
2926 3636 3086 3692 misit
3116 3636 3500 3692 humanitate.

2333 3728 2602 3780 Attamen
2651 3725 2805 3780 idem
2868 3725 3095 3780 Ruffius
3149 3725 3453 3781 contendit
3502 3717 3834 3778 Raimbaldum

2263 3833 2358 3871 an.
2392 3816 2531 3889 1060
2573 3816 2700 3885 jam
2753 3815 3001 3870 cessisse
3027 3815 3224 3870 sedem
3286 3815 3542 3878 Aicardo,
3571 3827 3671 3883 quo
3710 3819 3838 3868 anno.

2263 3904 2471 3976 inquit,
2506 3902 2856 3974 subscripsit
2893 3903 2988 3958 hic
3036 3903 3271 3958 cuidam
3306 3903 3534 3970 chartae,
3565 3914 3715 3973 quam
3738 3891 3838 3963 legit

2264 3994 2386 4065 ipse
2421 3993 2666 4047 Rufﬁus.
2702 3991 2951 4047 Aliunde
2999 4009 3102 4063 pro
3133 3995 3290 4047 certo
3313 3991 3566 4047 habetur
3608 3979 3835 4044 Baimbal-

2262 4084 2402 4137 dum
2432 4087 2659 4138 mature
2691 4087 2826 4137 ante
2857 4086 3104 4136 mortem
3137 4082 3405 4153 deposito
3434 4076 3687 4152 pastorali
3711 4083 3836 4128 onere

2263 4171 2646 4227 monasticam
2699 4170 2757 4224 in
2806 4171 3066 4225 cmnobio
3119 4170 3416 4225 Victorino
3472 4169 3634 4222 vitam
3678 4163 3835 4216 iterum

2262 4278 2390 4318 esse
2422 4257 2776 4332 amplexum.
2810 4258 2880 4314 Ut
2929 4277 3060 4315 vero
3093 4276 3218 4331 quae
3253 4259 3333 4315 sit
3379 4263 3574 4315 nostra
3616 4243 3841 4310 sententia

2261 4351 2707 4422 depromamus,
2769 4347 3144 4403 manifestum
3205 4349 3378 4404 nobis
3432 4347 3646 4402 videtur
3694 4336 3840 4394 Raim-

2264 4439 2502 4495 baldum
2533 4437 2710 4493 vitam
2763 4437 3105 4508 produxisse
3139 4454 3326 4510 usque
3380 4439 3452 4493 ad
3500 4448 3698 4492 annum
3725 4424 3841 4483 1067.

504 4522 667 4577 nensi
691 4523 844 4594 apud
870 4521 927 4576 S.
959 4520 1248 4593 zEgidium
1273 4523 1462 4578 adfuit
1484 4526 1812 4580 Bernardus
1845 4527 2153 4600 episcopus
2187 4535 2230 4600 Ι]
2263 4528 2408 4583 Ante
2441 4531 2686 4582 mortem
2719 4527 2957 4599 quidem
2990 4527 3166 4583 statui
3199 4527 3518 4583 monastico
3550 4536 3727 4578 rursus
3752 4525 3844 4571 sese

503 4610 862 4675 Lutevensis,
895 4613 952 4664 et
983 4610 1281 4666 Tolosanae
1316 4611 1668 4684 Rostagnus.
1690 4613 1744 4668 Si
1769 4616 1970 4671 eodem
2004 4635 2156 4676 anno

503 4698 800 4754 celebratae
826 4703 965 4754 sunt
996 4699 1082 4753 hae
1106 4701 1334 4772 synodi,
1359 4701 1509 4756 inter
1531 4707 1841 4776 utramque
1868 4705 2158 4763 ﬂuxerunt

502 4790 729 4842 tantum
774 4804 978 4842 novem
1028 4788 1172 4843 dies.
1208 4789 1316 4852 Qui
1355 4806 1489 4845 vero
1537 4793 1657 4847 fieri
1693 4794 1881 4864 potuit
1926 4801 1989 4850 ut
2036 4801 2153 4852 tam

503 4874 662 4930 brevi
693 4879 952 4947 tempore
982 4877 1096 4931 duo
1131 4877 1345 4933 fuerint
1374 4879 1720 4936 Lutevenses
1752 4884 2030 4956 episc0pi,
2055 4883 2156 4958 qui

504 4963 576 5019 iis
595 4964 1112 5020 adfueruntPCcrte
1133 4972 1362 5022 mortuo
1379 4969 1670 5024 Bernardo
1694 4988 1805 5026 non
1829 4973 2014 5044 potuit
2032 4976 2154 5031 fieri

505 5051 724 5121 electio,
758 5053 868 5108 nisi
904 5059 1034 5125 post
1084 5055 1418 5111 facultatem
1472 5060 1898 5131 metropolitani
1934 5064 2151 5119 datam.

505 5141 841 5198 Debuerunt
887 5142 1190 5198 convocari
1240 5145 1494 5218 episcopi
1537 5149 2051 5221 comprovinciales
2083 5154 2155 5209 ad

505 5233 997 5292 consecrationem
1032 5233 1164 5290 novi
1195 5233 1472 5311 episcopi.
1505 5238 1592 5294 An
1625 5237 1768 5295 satis
1799 5239 1910 5296 fuit
1942 5258 1999 5298 Ix
2030 5242 2154 5300 die-

2269 4616 2515 4684 addixit;
2551 4616 2648 4672 sed
2682 4633 2797 4687 quo
2846 4620 3126 4688 tempore,
3161 4633 3273 4670 non
3326 4616 3604 4670 audemus
3639 4604 3843 4665 deﬁnire.

2271 4707 2330 4760 ln
2386 4704 2667 4760 electione
2727 4704 3002 4759 Bernardi
3061 4704 3292 4760 abbatis
3349 4705 3396 4759 Il
3428 4708 3483 4758 ὃ.
3511 4698 3730 4756 Victoris
3774 4705 3842 4745 an.

2272 4797 2425 4860 1065,
2459 4811 2671 4850 nomen
2727 4794 3125 4859 subscribens,
3171 4793 3659 4865 archiepiscopum
3701 4799 3751 4840 se
3789 4777 3845 4833 εἰ·

2267 4883 2388 4938 mul
2438 4889 2494 4939 et
2544 4883 2894 4939 monachum
2953 4882 3109 4938 dicit.
3144 4883 3285 4937 Toto
3347 4882 3443 4936 illo
3497 4886 3727 4949 tempore
3772 4869 3846 4923 aut

2266 4974 2448 5042 nulla,
2509 4981 2609 5029 aut
2664 4979 2817 5029 certe
2892 4991 3020 5028 rara
3071 4973 3298 5027 Aicardi
3375 4965 3704 5026 successoris
3751 4957 3846 5028 ej“s

2266 5064 2566 5119 memeria.
2640 5063 2768 5118 Dies
2833 5062 3214 5134 depositionis
3281 5058 3599 5115 Raimbaldi
3664 5052 3846 5107 notatur

2263 5171 2364 5209 χιιι
2409 5153 2597 5210 Martii
2656 5152 2714 5208 in
2769 5151 3104 5225 Necrologio
3161 5149 3460 5208 Canonicaa
3516 5147 3607 5216 (La
3651 5137 3846 5217 Canoni-

2263 5244 2408 5317 gue).

1775 5523 1856 5539 *⁵
1865 5517 2630 5555 Ἧκον-σε
