4138 6186
510 310 537 376 1
551 310 666 380 395

1318 312 1783 381 RAIMBALIDI
1827 313 2165 378 ARELA'I‘.
2213 312 2579 381 ARCHIEP.
2624 314 3103 385 DIPLOMATA.

3682 315 3802 382 1396

510 452 581 510 de
610 448 744 508 Bale
772 446 1043 509 firmavit.
1067 444 1422 508 Volveradus
1444 454 1501 509 et
1518 450 1783 507 Amelius
1815 449 1991 506 frater
2020 451 2152 522 ejus
2183 450 2237 518 Α
2265 455 2322 508 et
2352 470 2552 526 pacem
2599 453 2854 527 fregerit,
2886 452 3251 510 examinatus
3297 462 3392 526 per
3435 449 3632 509 decreta
3652 450 3803 526 legum

510 540 782 598 ﬁrmavit.
818 539 995 597 Fulco
1028 541 1204 598 frater
1233 539 1652 613 archiepiseOpi
1684 538 1983 595 firmavit.

1286 646 1376 702 IV.

600 738 786 794 Sermo
817 741 867 794 et
894 738 1236 807 conﬁrmatio
1265 744 1575 862 sancgirnm
1607 740 1839 791 Patrum
1870 744 2077 791 sanctae

1153 816 1359 862 trem-a3
1442 824 1511 862 ει.

1153 816 1359 863 Ireurw
1390 816 1511 863 Dei.

1136 896 1322 968 (Anno
1355 896 1515 967 1041)

517 986 732 1055 [Edidit
769 986 913 1042 Dom
958 985 1238 1041 Man-rens
1277 986 1423 1057 Thes.
1461 985 1657 1040 Anecd.
1691 984 1730 1053 1,
1768 985 1891 1052 ol6l,
1941 984 2154 1057 emes.

1192 1055 1491 1127 Talverze.]

584 1165 645 1218 In
693 1164 929 1219 nomine
960 1163 1059 1219 Dei
1098 1163 1289 1219 Patris
1320 1163 1762 1235 omnipotentis,
1814 1166 1869 1217 et
1918 1162 2070 1229 Filii,
2104 1165 2162 1217 et

508 1253 760 1326 Spiritus
793 1253 1002 1319 sancti,
1036 1254 1432 1319 Pammenes,
1466 1251 1823 1308 Arelatensis
1871 1251 2157 1322 archiepi-

515 1360 750 1415 scopus,
801 1359 935 1397 cum
984 1344 1303 1397 BENEDICTO
1353 1341 1762 1408 Avenionensi,
1813 1346 1869 1395 et
1900 1340 2161 1395 NITARDO

514 1431 749 1488 Nicensi
798 1430 1111 1504 episcopis,
1172 1447 1275 1485 nec
1333 1446 1450 1486 non
1499 1433 1554 1485 et
1592 1427 1917 1485 Venerabili
1949 1428 2162 1483 abbate

517 1504 731 1577 domno
764 1520 838 1591 (1)
886 1519 1139 1575 ODILONE
1170 1536 1286 1574 una
1325 1535 1458 1573 cum
1489 1512 1767 1574 omnibus
1796 1515 2086 1588 episcopis
2107 1518 2165 1571 et

520 1609 858 1679 abbatibus,
889 1613 947 1664 et
976 1612 1184 1663 cuncto
1227 1607 1378 1663 clero
1420 1624 1521 1679 per
1550 1606 1880 1663 universam
1914 1603 2161 1661 Galliam

518 1697 950 1764 habitantibus,
1007 1696 1282 1752 omnibus
1314 1692 2159 1768 archiepiscopis,’{episcopis,

2265 542 2658 612 saecularium,
2665 544 2690 615 j
2699 548 2836 600 uxta
2854 544 3092 599 modum
3106 541 3402 616 culparum
3422 541 3806 615 cogaturpersol-

2263 648 2415 698 vere,
2446 636 2503 687 et
2533 649 2633 704 per
2653 637 2991 688 sanctorum
3022 646 3308 687 canonum
3339 628 3548 702 regulas
3573 629 3808 702 duplicata

2266 721 2610 792 paenitentia
2622 722 2645 793 j
2657 722 3007 778 udicabitur.
3034 721 3195 785 Quod
3219 720 3341 775 ideo
3358 719 3577 791 dignum
3598 718 3809 785 dicimus,

2269 816 2351 877 ut,
2384 811 2433 867 si
2468 811 2921 884 promissionem
2952 809 3072 865 illic
3096 809 3303 865 factam
3335 807 3389 862 in
3420 806 3591 880 aliquo
3618 824 3814 863 corrum-

2264 916 2400 972 pere
2421 901 2995 977 praasumpserimus,
3031 898 3324 955 mundano
3346 900 3398 953 et
3427 895 3643 968 spiritali
3649 895 3814 967 judicio

2266 988 2577 1067 dupliciter
2601 990 3095 1045 condemnemur.
3128 986 3421 1044 Credimus
3449 1000 3668 1057 namque
3690 983 3816 1041 istam

2267 1094 2505 1134 causam
2539 1095 2574 1133 a
2601 1078 2719 1134 Deo
2743 1078 2911 1134 nobis
2943 1077 3173 1133 ccelitus
3192 1074 3518 1146 inspiratam
3546 1072 3709 1128 divina
3722 1072 3816 1144 opi-

2267 1166 2569 1235 tulatione,
2606 1166 2745 1239 quia
2777 1166 2932 1239 apud
2965 1183 3093 1232 nos,
3128 1168 3195 1220 ut
3224 1162 3518 1232 credimus,
3562 1159 3683 1216 nihil
3719 1161 3818 1216 boui

2268 1255 2569 1327 agebatur,
2606 1256 2839 1327 quando
2863 1272 2897 1310 a
2916 1255 3032 1310 Deo
3064 1251 3396 1327 populosuo
3423 1251 3725 1306 transmissa
3740 1254 3817 1304 est.

2271 1343 2571 1400 Dominica
2626 1348 2784 1399 certa
2839 1344 2966 1398 dies
3020 1359 3134 1397 non
3191 1340 3524 1406 celebratur,
3552 1339 3638 1395 sed
3664 1341 3820 1394 cuncta

2269 1431 2505 1487 servilia
2524 1447 2700 1504 opera
2717 1432 2775 1487 in
2793 1448 2861 1487 ea
2879 1431 3113 1487 fiebant.
3140 1428 3544 1486 Promissimus
3562 1428 3723 1498 itaque
3736 1425 3819 1482 Deo

2270 1536 2336 1576 ac
2367 1519 2703 1576 devovimus
2749 1519 3154 1591 quatriduum,
3203 1521 3269 1574 ut
3297 1533 3469 1589 supra
3494 1514 3712 1571 diximus
3733 1516 3825 1570 uti

2269 1608 2415 1665 feria
2439 1613 2678 1681 propter
2707 1607 3136 1679 ascensionem,
3168 1624 3224 1664 v1
3257 1606 3396 1663 feria
3434 1608 3644 1677 prepter
3667 1600 3826 1660 Christi

2270 1697 2630 1770 passionem,
2677 1698 3001 1754 Sabbutum
3049 1713 3154 1768 pro
3184 1694 3539 1753 veneratione
3565 1691 3824 1764 sepultura,

517 1786 892 1860 presbyteris,
925 1790 982 1842 et
1011 1791 1222 1842 cuncto
1254 1785 1404 1841 clero
1432 1802 1535 1857 per
1554 1788 1736 1840 totam
1760 1783 1988 1839 Italiam
2011 1799 2164 1881 com-
2196 1827 2242 1891 B
2272 1786 2718 1853 etutDominica
2732 1779 3826 1891 resurrectioinviolabilitercelebratretur,

517 1876 903 1943 morantibus,
939 1875 1128 1948 gratia
1155 1874 1318 1930 vobis
1349 1878 1405 1930 et
1434 1891 1545 1945 pax
1570 1890 1603 1929 a
1638 1874 1748 1929 Deo
1771 1873 1937 1928 Patre
1967 1869 2156 1927 omni-

512 1968 748 2036 potente
773 1964 875 2035 qui
907 1968 997 2019 est
1028 1967 1085 2019 et
1115 1963 1216 2035 qui
1246 1967 1371 2018 erat
1392 1967 1447 2018 et
1478 1961 1578 2034 qui
1608 1965 1893 2017 venturus
1915 1963 2024 2015 est.

587 2054 884 2126 Rogamus
914 2070 1016 2108 vos
1046 2056 1104 2108 et
1125 2054 1525 2119 obsecramus,
1559 2049 1895 2122 omnesgqui
1942 2047 2166 2104 timetis

515 2143 703 2198 Deum
734 2147 790 2197 et
820 2141 1057 2197 creditis
1078 2141 1136 2196 in
1152 2159 1285 2197 eum
1301 2146 1357 2196 et
1376 2141 1563 2212 ipsius
1578 2139 1864 2212 sanguine
1877 2136 2164 2209 redempti

516 2230 682 2297 estis,
713 2235 780 2285 ut
810 2229 1060 2285 caveatis
1091 2235 1147 2284 et
1177 2229 1523 2300 providentis
1553 2246 1655 2284 vos
1675 2229 1747 2284 ad
1775 2227 2026 2283 salutem
2039 2226 2165 2282 ani-

518 2334 751 2374 marum
792 2321 851 2373 et
881 2334 1213 2388 corporum,
1265 2321 1321 2373 et
1350 2316 1683 2388 sequamini
1738 2316 1983 2387 vestigia
2039 2315 2165 2383 Dei,

517 2405 1018 2478 pacemhabentes
1050 2408 1121 2462 ad
1143 2406 1410 2475 invicem,
1432 2410 1495 2460 ut
1517 2422 1651 2460 cum
1673 2405 1800 2477 ipso
1825 2404 2166 2460 mercamini

519 2510 720 2567 pacem
750 2497 807 2549 et
834 2493 1320 2566 tranquillitatem
1345 2498 1686 2567 perpetuam
1710 2493 2027 2566 possidere.
2055 2493 2167 2548 Re-

523 2582 697 2655 cipite
727 2599 861 2655 ergo
893 2587 947 2638 et
978 2587 1167 2639 tenete
1215 2600 1441 2656 pacem,
1473 2586 1530 2638 et
1560 2581 1720 2638 illam
1764 2586 1985 2636 trevam
2044 2580 2163 2650 Dei,

508 2688 702 2744 quam
732 2675 788 2727 et
837 2690 962 2741 nos,
1012 2672 1208 2728 divina
1254 2672 1574 2745 inspirante
1626 2671 2044 2739 misericordia,
2095 2670 2168 2726 de

520 2760 663 2817 cmlo
690 2761 859 2817 nobis
891 2761 1307 2818 transmissam
1326 2762 1451 2833 jam
1478 2760 1814 2832 accepimus
1836 2764 1893 2815 et
1924 2760 2169 2815 ﬁrmiter

522 2855 818 2918 tenemus,
845 2853 925 2906 ita
950 2851 1323 2907 constitutam
1349 2855 1405 2906 et
1427 2848 2077 2922 dispositam,videlicet
2104 2851 2169 2903 ut

523 2940 594 2993 ab
627 2938 770 2994 hora
800 2941 1130 3012 vespertina
1159 2940 1273 2995 diei
1306 2940 1567 2996 Mercurii
1604 2940 1755 2994 inter
1774 2954 1978 2994 omnes
2005 2937 2168 2993 Chri-

524 3027 719 3083 tianos
751 3028 972 3085 amicos
993 3034 1050 3084 et
1078 3029 1372 3098 inimicos,
1396 3027 1617 3083 vicinos
1648 3031 1706 3082 et
1735 3030 2062 3092 extraneos,
2093 3025 2171 3081 sit

520 3116 816 3189 ﬁrmapax
833 3121 888 3173 et
909 3117 1139 3174 stabilis
1162 3122 1364 3174 treuva
1390 3134 1576 3189 usque
1598 3117 1711 3172 inn
1742 3116 1969 3185 feriam,
1994 3116 2052 3170 id
2080 3118 2169 3171 est

2272 1876 2345 1930 ab
2377 1876 2654 1932 omnibus
2692 1874 2887 1932 rurale
2920 1892 3069 1948 opus
3111 1874 3168 1929 in
3203 1890 3274 1929 ca
3314 1872 3538 1929 omnino
3571 1886 3671 1924 nou
3694 1868 3828 1932 ﬁeret,

2271 1964 2549 2020 inimicus
2594 1964 2902 2020 inimicum
2934 1981 3049 2020 non
3082 1963 3441 2030 formidaret,
3465 1958 3740 2017 secundum
3762 1970 3830 2011 au-

2272 2052 2602 2109 ctoritatem
2634 2070 2668 2108 a
2694 2054 2811 2109 Deo
2845 2052 3115 2109 collatam
3139 2056 3196 2108 et
3227 2052 3302 2108 ab
3325 2048 3586 2124 apostolis
3605 2044 3828 2102 traditam.

2273 2142 2490 2198 Omnes
2543 2141 2642 2214 qui
2674 2142 2822 2197 hanc
2845 2136 3045 2214 pacem
3076 2145 3135 2198 et
3166 2140 3269 2196 Dei
3297 2145 3546 2195 treuvam
3589 2131 3834 2192 amaverint

2274 2230 2676 2286 benedicimus
2725 2235 2783 2286 et
2802 2229 3181 2298 absolvimus,
3223 2229 3381 2285 sicut
3411 2224 3655 2299 superius
3672 2223 3832 2278 dictum

2273 2318 2524 2375 est.Illos
2549 2323 2742 2375 autem
2767 2320 2866 2391 qui
2880 2312 3833 2387 contradicunt,excommunicamus,

2276 2406 2684 2464 maledicimus
2722 2412 2779 2463 et
2808 2406 3399 2473 anathematizamus,
3424 2409 3476 2461 et
3520 2421 3549 2459 a
3594 2398 3831 2456 liminibus

2275 2500 2486 2552 sanctae
2520 2498 2724 2552 matris
2777 2495 3040 2554 Ecclesiae
3088 2495 3484 2552 eliminamus.
3528 2495 3656 2548 Cum
3688 2491 3832 2546 autem

2274 2585 2525 2641 evenerit
2557 2585 2832 2658 cuiquam
2880 2584 3174 2641 vindicare
3213 2585 3280 2640 in
3310 2600 3406 2640 eos
3435 2582 3531 2654 qui
3559 2581 3686 2636 hanc
3709 2577 3835 2632 char-

2274 2677 2396 2729 tam
2427 2677 2484 2729 et
2516 2673 2616 2730 Dei
2642 2678 2905 2729 treuvam
2929 2674 3260 2746 irrumpere
3274 2668 3732 2747 praesumpseriut,
3755 2663 3840 2720 viu-

2277 2761 2560 2818 diicantes
2593 2760 2739 2817 nulli
2769 2761 2952 2835 eulpae
2980 2762 3317 2818 habeantur
3345 2759 3584 2825 obnoxii,
3611 2757 3696 2815 sed
3732 2753 3839 2810 sicut

2278 2849 2533 2907 cultores
2560 2867 2749 2906 causa:
2781 2851 2883 2907 Dei
2911 2851 2985 2906 ab
3016 2851 3301 2908 omnibus
3331 2847 3658 2906 Christianis
3693 2842 3842 2900 exeant

2276 2944 2332 2995 et
2361 2940 2600 2996 redeant
2632 2939 2942 2996 benedicti.
2968 2940 3173 2995 Sivero
3194 2939 3451 2996 residuis
3469 2937 3655 2994 diebus
3680 2928 3840 3002 aliquid

2278 3027 2580 3084 sublatum
2635 3029 2837 3095 fuerit,
2870 3033 2928 3085 et
2973 3028 3035 3083 in
3084 3028 3297 3085 diebus
3340 3032 3544 3084 treuvaa
3586 3016 3840 3082 obviaverit.

2282 3118 2523 3173 omnino
2555 3134 2671 3173 non
2703 3122 2994 3187 teneatur,
3026 3134 3099 3173 ne
3144 3118 3377 3174 occasio
3425 3115 3643 3173 inimico
3667 3112 3773 3167 data
3792 3106 3844 3160 vi-

531 3205 625 3261 die
682 3205 835 3261 lunae
867 3207 939 3262 ad
971 3211 1163 3262 ortum
1196 3206 1360 3272 solis,
1408 3211 1471 3261 ut
1500 3205 1630 3261 istis
1661 3208 1914 3277 quatuor
1968 3203 2175 3260 diebus
2206 3193 2249 3259 C
2288 3207 2512 3262 deatur.
2545 3206 2830 3262 Praeterea
2858 3222 3137 3279 rogamus
3168 3223 3294 3275 vos,
3330 3206 3549 3273 fratres,
3579 3206 3638 3258 ut
3660 3201 3710 3255 in
3743 3211 3842 3269 que-

530 3309 596 3349 ac
629 3295 897 3350 noctibus
928 3296 1087 3350 omni
1115 3294 1258 3350 hora
1279 3295 1467 3349 securi
1491 3294 1629 3361 sint,
1653 3299 1709 3349 et
1759 3293 1974 3348 faciant
2007 3291 2174 3364 quid-

531 3381 671 3451 quid
706 3383 814 3436 erit
843 3387 1237 3454 opportunum
1264 3383 1336 3438 ab
1369 3382 1529 3437 omni
1560 3382 1767 3438 timore
1796 3380 2171 3436 inimicorum

530 3468 804 3538 absoluti,
837 3474 893 3525 et
922 3470 982 3524 in
1009 3470 1437 3542 tranquillitate
1480 3471 1641 3542 pacis
1671 3475 1727 3525 et
1757 3470 1928 3526 istius
1958 3474 2170 3525 treuvae

528 3558 878 3615 conﬁrmati.
912 3560 1253 3631 Quicunque
1284 3560 1432 3615 hanc
1466 3577 1663 3631 pacem
1699 3563 1754 3614 et
1784 3563 2045 3615 treuvam
2070 3559 2170 3615 Dei

528 3649 959 3706 observaverint
1005 3666 1095 3704 ac:
1123 3649 1367 3705 firmiter
1394 3649 1711 3714 tenuerint,
1751 3648 1871 3703 sint
1909 3648 2164 3704 absoluti

525 3754 557 3793 a
589 3738 704 3794 Deo
740 3739 903 3795 Patre
924 3738 1322 3811 omnipotente
1352 3742 1409 3793 et
1431 3738 1575 3794 Filio
1605 3738 1734 3809 ejus
1754 3737 1893 3793 Jesu
1915 3736 2164 3806 Christo,

525 3830 583 3883 et
605 3828 824 3900 Spiritu
856 3832 1079 3896 sancto,
1115 3832 1172 3883 et
1202 3828 1272 3883 de
1303 3833 1503 3883 saneta
1552 3827 1736 3882 Maria
1784 3843 1917 3881 cum
1973 3826 2167 3882 choris

520 3916 838 3988 virginum,
865 3922 921 3973 et
942 3918 1011 3972 de
1044 3917 1101 3972 S.
1124 3916 1402 3972 Michaele
1424 3933 1557 3971 cum
1581 3915 1773 3971 choris
1800 3914 2162 3989 angelorum,

524 4007 581 4059 et
609 4005 679 4059 de
700 4004 759 4060 S.
794 4005 957 4060 Petro
986 4005 1247 4077 principe
1276 4005 1675 4076 apostolorum
1715 4021 1849 4059 cum
1890 4004 2166 4061 omnibus

523 4092 745 4147 sanctis
771 4096 827 4146 et
856 4092 1126 4148 ﬁdelibus
1157 4094 1406 4160 cunctis,
1442 4110 1595 4149 nunc
1625 4097 1681 4148 et
1712 4109 1962 4165 semper,
1988 4096 2044 4148 et
2065 4110 2167 4165 per

523 4181 721 4236 omnia
780 4181 994 4237 saecula
1023 4182 1391 4237 saeculorum.
1434 4183 1541 4248 Qui
1574 4199 1704 4237 vero
1735 4187 1999 4237 treuvam
2031 4199 2161 4254 pro-

520 4269 765 4325 missam
795 4269 1130 4341 habuerint,
1162 4274 1218 4326 et
1248 4288 1309 4326 se
1338 4271 1556 4326 sciente
1605 4270 1919 4344 infringere
1964 4270 2160 4326 volue-

519 4358 653 4428 rint,
677 4359 795 4415 sint
807 4359 1287 4421 excommunicati
1311 4360 1470 4414 aDeo
1489 4359 1651 4414 Patre
1668 4359 2086 4432 omnipotente,
2103 4364 2162 4415 et

518 4446 662 4503 Filio
692 4449 821 4518 ejus
839 4448 977 4503 Jesu
1001 4446 1227 4503 Christo
1258 4451 1314 4503 et
1330 4447 1548 4518 Spiritu
1580 4451 1800 4517 sancto,
1834 4451 1892 4503 et
1937 4448 2007 4504 de
2038 4464 2161 4504 om-

514 4535 689 4592 nibus
719 4537 936 4592 sanctis
962 4536 1061 4591 Dei
1093 4536 1213 4590 sint
1231 4535 1739 4603 excommunicati,
1775 4536 2069 4592 maledicti
2097 4542 2156 4592 et

512 4626 803 4691 detestati,
836 4626 929 4681 hic
950 4630 1004 4681 et
1035 4625 1093 4680 in
1130 4630 1561 4698 perpetuum,et
1575 4626 1693 4681 sint
1723 4625 1980 4680 damnati
2003 4626 2158 4683 sicut

514 4714 739 4770 Dathan
771 4719 828 4770 et
851 4714 1088 4783 Abiron,
1113 4720 1170 4770 et
1191 4715 1343 4770 sicut
1361 4713 1544 4770 Judas
1567 4715 1668 4785 qui
1689 4714 1930 4769 tradidit
1958 4714 2155 4770 Domi-

514 4819 677 4869 num,
712 4807 768 4858 et
798 4802 917 4858 sint
961 4804 1199 4859 dimersi
1232 4804 1291 4858 in
1337 4803 1695 4874 profundum
1730 4803 1963 4869 inferni,
2001 4804 2155 4859 sicut

512 4890 735 4946 Pharao
774 4890 833 4946 in
866 4891 1058 4946 medio
1090 4890 1288 4959 maris,
1332 4891 1381 4946 si
1410 4892 1484 4949 ad
1516 4891 1987 4947 emendationem
2038 4908 2151 4947 non

509 4980 791 5047 venerint,
823 4979 973 5035 sicut
990 4980 1373 5034 constitutum
1397 4983 1503 5034 est.
1536 4979 1816 5035 Videlicet
1845 4981 1893 5036 si
1926 4981 2060 5051 quis
2091 4980 2150 5034 in

508 5068 655 5141 ipsis
687 5069 894 5124 diebus
924 5072 1137 5122 treuvaa
1168 5067 1270 5122 Dei
1302 5066 1682 5122 homicidium
1732 5069 1950 5135 fecerit,
1985 5067 2150 5123 exsul

508 5160 716 5226 factus,
741 5162 916 5230 atque
947 5175 980 5212 a
1011 5157 1245 5229 prepria
1288 5156 1477 5228 patria
1522 5158 1763 5227 ejectus,
1821 5156 2149 5213 Jerusalem

506 5249 772 5317 tendens,
802 5246 1187 5320 longinquum
1208 5244 1327 5300 illic
1348 5245 1603 5316 patiatur
1622 5245 1910 5301 exsilium.
1936 5246 1994 5301 Si
2017 5262 2149 5302 vero

506 5337 564 5391 in
596 5337 728 5392 aliis
751 5335 1115 5408 quibuslibet
1137 5335 1311 5391 rebus
1336 5334 1733 5406 supradictam
1756 5340 2016 5391 treuvam
2046 5335 2148 5391 Dei

574 5460 652 5530 (1)
688 5462 847 5528 [iugo
881 5458 1331 5515 Flaviniaeensis
1363 5458 1543 5530 abbas
1570 5462 1788 5513 trevam
1822 5463 2056 5515 auctore
2085 5461 2144 5517 S.

502 5529 816 5588 OdilOnein
844 5531 1047 5601 primis
1063 5534 1357 5586 firmatam
1379 5529 1562 5583 fuisse
1584 5531 1879 5585 annoiOt-l
1910 5531 2146 5587 disertis

498 5601 690 5659 verbis
721 5604 930 5658 asserit
959 5603 1018 5657 in
1047 5603 1354 5668 Chronico,
1389 5616 1636 5671 eamque
1668 5618 1781 5657 non
1814 5602 2005 5658 solum
2030 5602 2147 5657 hu-

2282 3311 2514 3367 cunque
2536 3295 2628 3351 die
2659 3296 2813 3368 apud
2844 3312 2946 3351 vos
2979 3295 3262 3368 praedicta
3279 3313 3395 3368 pax
3418 3299 3473 3351 et
3496 3298 3679 3349 treuva
3694 3282 3844 3343 consti-

2279 3388 2410 3439 tuta
2439 3384 2634 3452 fuerit,
2659 3384 2857 3456 ipsum
2888 3383 3045 3440 diem
3076 3384 3285 3441 devote
3315 3381 3574 3441 recolatis
3599 3381 3652 3436 in
3671 3372 3841 3434 nomine

2281 3478 2494 3529 sanctae
2527 3472 2852 3529 Trinitatis.
2906 3474 3186 3530 Latrones
3218 3486 3596 3546 quoscunque
3630 3469 3690 3524 de
3712 3465 3845 3520 vestit

2281 3562 2514 3633 regione
2561 3561 2809 3633 ejiciatis
2858 3566 2915 3617 et
2962 3562 3413 3632 abominemini,
3466 3551 3843 3617 maledicatisoi

2279 3649 2795 3706 exeommunicetis
2823 3667 2893 3706 ex
2924 3655 3089 3722 parte
3131 3651 3402 3708 omnium
3451 3653 3747 3708 sanctorum
3776 3634 3844 3710 qui

2278 3755 2459 3810 supra
2486 3734 2691 3810 scripti
2727 3744 2886 3794 sunt.
2919 3739 3189 3796 Decimas
3220 3756 3358 3797 vero
3396 3742 3609 3796 vestras
3631 3738 3681 3791 et
3698 3723 3844 3804 Ρτίωί·

2275 3826 2389 3884 tias
2418 3828 2489 3883 de
2518 3825 2817 3883 laboribus
2839 3827 3045 3884 vestris
3066 3828 3184 3884 Deo
3206 3828 3485 3891 offeratis,
3509 3825 3584 3883 De
3602 3818 3742 3880 bouis
3757 3830 3845 3872 ves-

2273 3916 2381 3971 tris
2411 3917 2483 3971 ad
2529 3915 2805 3972 ecclesias
2838 3916 3157 3988 deportetis
3189 3933 3297 3988 pro
3342 3915 3530 3973 salute
3557 3913 3773 3969 vivorum
3805 3902 3845 3956 οἱ

2275 4004 2708 4070 defunctorum,
2740 4009 2804 4059 ut
2836 4004 2990 4061 Deus
3020 4020 3121 4060 vos
3152 4003 3367 4061 liberet
3396 4005 3469 4061 ab
3497 3999 3735 4060 omnibus
3757 4005 3845 4048 ma-

2275 4092 2348 4148 lis
2380 4093 2438 4148 in
2470 4092 2580 4148 hac
2605 4092 2741 4157 vita,
2775 4097 2831 4149 et
2860 4099 2993 4165 post
3023 4093 3173 4149 hanc
3199 4093 3383 4150 vitam
3414 4090 3672 4166 perducat
3690 4097 3768 4139 vos
3788 4075 3843 4133 id

2271 4198 2453 4253 regna
2506 4180 2809 4247 caelorum,
2871 4182 2974 4253 qui
3025 4197 3159 4237 eum
3216 4182 3338 4237 Deo
3398 4165 3560 4237 Patre
3596 4183 3647 4234 et
3674 4165 3844 4244 Spiritu

2271 4275 2470 4325 sancto
2496 4269 2635 4324 vivit
2654 4275 2712 4324 et
2741 4273 2947 4342 regnat
2966 4274 3121 4326 Deus
3142 4286 3249 4344 per
3278 4270 3481 4326 omnia
3509 4264 3702 4325 saecula
3715 4270 3846 4315 secu-

2269 4357 2481 4414 lorum.
2513 4360 2717 4414 Amen.

3058 4448 3106 4502 V

2188 4557 2233 4622 1)
2266 4536 2465 4622 Charis
2496 4536 2828 4622 animi,
2856 4553 2985 4622 sua.
3020 4489 3308 4622 ςεὲὶςιςνξαηξ
3354 4537 3540 4621 ξαηειί
3598 4527 3777 4622 ερεξαίί
3810 4527 3845 4576 εί

2411 4607 2598 4662 Sancti
2630 4604 2909 4675 Honorati,
2943 4609 3043 4663 dat
3087 4610 3399 4664 Victorini:
3435 4604 3709 4663 monachis.

2392 4713 2555 4785 (Gali.
2594 4714 2793 4769 Christ.
2832 4730 2959 4769 nov.
3015 4713 3153 4769 edit.
3179 4714 3233 4785 AI,
3265 4714 3361 4785 95,
3394 4730 3462 4770 ex
3490 4704 3754 4768 Charlario

2904 4785 2962 4840 S.
2986 4783 3266 4858 Caesarii.)

2332 4890 2501 4946 Omni
2511 4890 2764 4963 potentis
2794 4890 2895 4946 Dei
2925 4890 3511 4964 iucomprehensibili
3529 4880 3844 4964 dispositione

2258 4962 2716 5052 adeptushujus
2747 4984 2963 5035 sanctis
2997 4962 3156 5036 sedis
3183 4979 3545 5037 Arelatensis
3571 4962 3845 5049 pontiﬁcale

2260 5068 2515 5135 culmen,
2540 5070 2728 5124 multa
2759 5069 3011 5124 subinde
3041 5086 3270 5126 mecum
3288 5071 3365 5126 de
3393 5069 3589 5125 eodem
3616 5056 3843 5134 resimi“e

2259 5157 2404 5230 coepi
2438 5157 2495 5212 in
2528 5158 2723 5213 animo
2755 5157 3034 5225 evolvere,
3068 5163 3177 5216 etc.
3215 5157 3384 5215 Unde
3414 5155 3659 5239 quadam
3685 5148 3763 5205 die

2259 5246 2528 5317 religioso
2549 5246 2671 5302 loco
2704 5245 2763 5300 in
2796 5246 3077 5302 honorem
3109 5247 3306 5304 Sancti
3342 5244 3566 5303 Geuesii
3586 5238 3668 5296 vel

2258 5335 2536 5391 Honorati
2575 5339 2936 5404 constructo,
2981 5336 3137 5392 foras
3168 5352 3375 5392 muros
3407 5336 3610 5391 nostris
3641 5322 3842 5384 civitati!

2256 5460 2814 5585 [manatauctoritatm
2846 5460 2945 5515 sed
2974 5459 3150 5515 etiam
3182 5458 3399 5515 divinis
3420 5453 3715 5514 terroribus
3738 5458 3839 5501 con-

2275 5547 2426 5585 irma
2455 5547 2570 5585 am.

2275 5547 2547 5586 1rmatam
2559 5572 2570 5584 .
