4138 6186
289 311 447 379 1397

895 317 1336 383 GERVASIUS
1383 317 1746 382 ARCHIEP.
1797 267 2254 380 REMENS..—
2284 315 2597 382 NOTITIA
2649 319 3093 382 HISTORICA.

3543 267 3695 380 .399

284 449 499 525 posito,
533 447 721 507 multa
739 449 975 509 volvens
1007 469 1235 509 mecum
1271 455 1329 508 in
1365 455 1580 518 animo,
1642 452 1933 525 quomodo
1966 456 2018 522 Α
2049 451 2310 519 consilio,
2345 453 2432 510 vel
2455 458 2793 511 caeterorum
2827 454 3234 527 episcoporum
3268 469 3528 509 meorum
3563 467 3696 512 suc-

286 540 361 596 de
387 547 510 596 tam
537 539 788 614 spiritali
810 542 1282 616 priscitemporis
1307 544 1728 600 monachorum
1748 541 1940 598 officio

283 643 490 686 versus
517 635 673 686 esset
701 630 760 684 in
794 632 1186 704 possessionis
1217 631 1516 688 saecularis
1539 632 1796 700 servitio,
1821 647 1940 686 me-

283 733 420 774 cum
452 721 691 774 tractavi
741 724 805 775 ut
861 720 1026 775 illum
1076 720 1269 776 locum
1327 722 1527 777 darem
1587 720 1939 776 monasterio

286 808 475 864 sancti
521 808 770 865 Victoris
830 810 900 864 de
958 810 1240 880 Massilia,
1268 811 1327 866 in
1389 827 1504 882 quo
1561 811 1939 866 constitueret

287 896 528 952 Isarnus
559 897 741 953 abbas
773 899 1092 954 monachos
1115 899 1173 953 in
1207 899 1418 955 Christi
1451 900 1704 955 servitia.
1757 901 1939 972 Igitur

284 1000 392 1058 ego
426 985 831 1053 Raimbaldus,
863 987 1054 1058 gratia
1077 987 1172 1043 Dei
1207 987 1263 1042 in
1288 988 1634 1060 praesulatus
1657 987 1936 1043 honorem

286 1072 669 1140 sublimatus,
702 1074 892 1147 ipsam
925 1075 1229 1132 ecclesiam
1277 1077 1470 1132 Sancti
1521 1076 1749 1132 Genesii
1803 1094 1938 1132 cum

283 1162 561 1216 omnibus
603 1162 711 1218 sibi
745 1163 1024 1235 subjectis
1056 1165 1337 1232 ecclesiis,
1371 1170 1426 1220 et
1482 1170 1688 1220 caetera
1744 1167 1941 1220 omnia

284 1267 414 1322 quas
447 1251 504 1304 in
539 1253 804 1322 praesenti
843 1253 1112 1308 videntur
1143 1257 1360 1322 tenere,
1384 1259 1441 1309 et
1472 1254 1757 1326 quidquid
1779 1255 1833 1308 in
1860 1256 1942 1309 fu-

284 1345 420 1395 turo
451 1342 704 1411 potuerit
735 1341 1056 1412 acquirere,
1082 1343 1152 1396 de
1183 1342 1328 1413 ipsis
1355 1343 1527 1398 rebus
1551 1346 1833 1414 quasjam
1859 1348 1938 1398 te-

287 1428 437 1496 nuit,
470 1427 556 1482 vel
588 1430 741 1485 unde
771 1427 1004 1501 quoque
1036 1430 1271 1486 aliunde
1303 1432 1658 1502 acquisierit,
1689 1433 1942 1504 exceptis

289 1516 412 1572 illis
445 1515 748 1572 laicalibus
772 1517 987 1585 feudis,
1017 1523 1073 1574 et
1105 1519 1394 1590 quidquid
1427 1520 1557 1575 laici
1592 1520 1672 1575 illi
1699 1538 1767 1576 ex
1797 1521 1942 1592 ipsis

288 1604 417 1663 suis
448 1605 638 1660 feudis
665 1606 860 1662 abbati
883 1608 1352 1680 congregationis
1369 1616 1692 1683 cesserunt,
1718 1627 1852 1665 cum
1876 1627 1941 1666 eo

2054 559 2376 611 cessorum,
2409 549 2596 600 totum
2627 545 2686 599 in
2720 561 2932 600 manus
2962 543 3147 600 Isarni
3179 542 3406 599 abbatis
3428 543 3486 599 S.
3510 541 3696 599 Victo-

2051 630 2132 686 ris
2163 631 2547 688 Massiliensis
2578 633 2889 703 tradimus,
2921 634 3227 701 denamus,
3262 631 3524 688 cedimus
3563 633 3698 702 jure

2048 726 2348 792 perpetuo,
2382 722 2548 777 nobis
2579 722 2637 777 in
2678 722 2785 777 hoc
2818 722 3320 778 consentientibus
3352 720 3534 777 totius
3560 737 3694 792 pro-

2045 807 2246 864 vinciaa
2278 810 2640 884 principibus
2673 829 2776 867 seu
2806 811 3120 868 comitibus
3161 810 3462 866 Josefredo
3512 813 3689 880 atque

2049 897 2386 966 Bertranno,
2420 905 2477 954 et
2509 904 2718 956 nostrae
2750 901 2907 955 sedis
2929 898 3695 964 canonicisArelatensibus,

2049 987 2260 1043 Poncio
2279 988 2624 1044 Massiliensi
2649 989 2941 1060 episcopo,
2977 1006 3107 1044 cum
3133 987 3412 1043 fratribus
3437 1005 3451 1054 ;
3477 985 3580 1040 tali
3602 1003 3693 1041 ra-

2049 1076 2206 1131 tione
2239 1083 2303 1131 ut
2333 1095 2366 1131 a
2392 1077 2694 1132 monachis
2726 1078 2810 1132 vel
2845 1078 2917 1132 ab
2948 1077 3158 1132 abbate
3189 1093 3397 1131 census
3439 1092 3541 1147 per
3571 1073 3694 1129 sin-

2049 1164 2219 1236 gulos
2235 1183 2420 1221 annos
2439 1166 2713 1220 reddatur
2725 1166 2889 1220 altari
2904 1165 3097 1220 Sancti
3111 1164 3385 1236 Stephani
3401 1163 3484 1219 vel
3499 1161 3693 1218 Sancti

2050 1253 2373 1325 Trophimi,
2391 1253 2537 1307 libra
2559 1271 2672 1307 una
2691 1254 2910 1307 incensi
2929 1254 2984 1307 in
3011 1252 3348 1307 feslosancti
3369 1251 3692 1322 'l‘rophimi.

2053 1345 2112 1397 Id
2147 1343 2456 1414 ipsumque
2486 1343 2665 1407 enim,
2692 1343 2844 1412 quod
2870 1342 3190 1412 inspirante
3206 1342 3318 1395 Deo
3335 1341 3583 1410 egimus,
3609 1356 3698 1394 sa-

2051 1448 2283 1488 crorum
2317 1446 2604 1485 canonum
2640 1434 2696 1484 et
2726 1429 2927 1501 legalis
2952 1429 3124 1499 jubet
3145 1428 3482 1493 auctoritas,
3514 1432 3580 1482 ut
3626 1427 3697 1481 de

2053 1520 2227 1575 rebus
2253 1518 2532 1592 episc0pii
2566 1522 2938 1573 construatur
2970 1515 3410 1572 monasterium.

293 1724 3696 1775 Μ

1672 1870 1826 1910 ANNO
1866 1871 2071 1910 DOMINI
2095 1871 2313 1910 MLXVII.

1225 2011 2643 2182 GERVASIUS

748 2230 1600 2356 REMENSIS
1692 2227 3198 2358 ARCHIEPISCOPUS.

1396 2546 1848 2634 NOTITIA
1923 2545 2356 2635 HISTOR
2375 2544 2564 2635 ICA
2585 2613 2605 2633 .

1306 2695 1410 2763 (Ex
1468 2697 1655 2752 Gallia
1703 2696 2039 2762 Christiana,
2100 2713 2232 2752 nov.
2291 2697 2432 2752 edit.
2495 2696 2537 2752 Ι.
2598 2695 2690 2766 Χ.)

361 2920 681 2978 Praesulem
712 2921 892 2990 hunc,
924 2940 1099 2995 quem
1132 2925 1389 2997 plerique
1419 2943 1624 2984 omnes
1675 2927 1936 2996 laudant,
1971 2929 2172 3000 Bjure
2205 2929 2534 2998 obvenerat,
2569 2927 2742 2982 etiam
2789 2925 2993 2982 nolens
3023 2925 3270 2982 cederet.
3303 2924 3382 2979 Ex
3426 2921 3598 2996 longo
3644 2923 3702 2978 et

292 3009 628 3067 Willelmus
659 3012 841 3068 abbas
868 3012 1144 3069 Metensis
1186 3015 1556 3072 vehementer
1602 3023 1658 3072 et
1711 3017 1942 3073 inimice

287 3099 614 3156 insectatus
643 3105 730 3157 est
761 3100 1112 3173 maledictis,
1144 3108 1445 3176 tyrannum
1461 3106 1635 3162 etiam
1664 3107 1943 3162 illumvo-

289 3204 435 3244 cans
458 3205 471 3255 ;
495 3192 554 3243 et
576 3192 766 3245 tamen
800 3191 981 3246 abbas
1013 3191 1110 3247 ille
1145 3193 1491 3264 praedicatur
1520 3196 1700 3250 fuisse
1721 3198 1806 3250 vir
1827 3196 1942 3250 Deo

289 3276 549 3344 deditus,
565 3281 622 3333 et
641 3279 1026 3335 sanctissimae
1046 3281 1198 3348 vitaz;
1226 3299 1338 3337 non
1362 3283 1733 3339 difiitendum
1748 3291 1943 3340 tamen

288 3369 383 3421 est
412 3363 601 3432 illum,
634 3366 684 3422 si
706 3367 853 3423 ﬁdes
875 3369 1210 3425 adhibenda
1225 3371 1300 3426 sit
1316 3371 1570 3427 historiae
1593 3373 1744 3428 beati
1765 3373 1946 3427 Theo-

295 3445 478 3508 derici
510 3454 738 3510 abbatis
765 3457 1216 3529 Andaginensis,
1252 3461 1518 3530 quamvis
1550 3462 1619 3516 ad
1646 3463 1834 3516 omnia
1862 3478 1947 3516 sa-

287 3557 479 3615 gacem
504 3547 554 3598 et
597 3547 904 3611 strenuum,
935 3548 1348 3620 episcOpatuque
1410 3550 1660 3619 dignum,
1743 3559 1948 3606 natura

294 3638 481 3688 tamen
517 3635 569 3687 et
599 3634 841 3690 moribus
861 3637 1154 3707 plusquam
1184 3641 1482 3708 oportuerit
1523 3639 1726 3712 ferum,
1763 3642 1941 3695 immi-

291 3725 406 3780 tem
434 3730 487 3777 et
517 3723 890 3779 truculentum
919 3725 1118 3781 fuisse.
1152 3727 1336 3783 Natus
1362 3733 1448 3783 est
1475 3728 1572 3784 ille
1602 3748 1753 3785 anno
1786 3731 1807 3786 4
1820 3731 1944 3797 007,

290 3810 356 3866 id
387 3813 478 3867 est
506 3810 654 3867 forte
685 3811 847 3880 4008,
871 3829 1006 3868 non.
1034 3814 1306 3871 Februar.
1331 3817 1484 3888 apud
1503 3822 1768 3874 Castrum
1793 3818 1946 3887 Ledi,

295 3899 643 3971 parentibus
674 3900 980 3956 Hamelino
1032 3917 1135 3957 seu
1184 3904 1427 3959 Aimone
1483 3906 1718 3962 domino
1765 3906 1950 3962 Castri

296 3987 438 4042 Ledi
470 3992 526 4042 et
555 3979 903 4061 Hildegarde
927 4007 1028 4046 seu
1062 3990 1410 4062 Hildeburge
1443 3993 1512 4047 de
1544 3994 1950 4061 Bellismo,so-

295 4092 426 4132 rore
454 4076 780 4148 Avesgandi
813 4078 1072 4150 episcopi
1109 4078 1584 4136 Cenomanensis.
1610 4083 1949 4152 Avesgando

2052 3018 2289 3073 taedioso
2312 3033 2540 3072 carcere
2562 3015 2870 3073 Gervasius
2886 3018 3121 3086 ereptus
3143 3014 3200 3067 in
3215 3011 3698 3068 Northmanniam

2051 3105 2313 3173 secessit,
2346 3107 2468 3173 ubi,
2501 3123 2534 3161 a
2561 3104 2871 3160 Guillelmo
2921 3105 3066 3159 duce
3119 3103 3364 3158 comiter
3399 3103 3697 3171 exceptus,

2051 3212 2213 3256 auro,
2246 3199 2507 3265 argento,
2539 3195 2777 3259 honore,
2813 3193 3133 3264 multisque
3166 3190 3400 3263 praediis
3430 3187 3699 3244 cumula-

2051 3287 2166 3338 tur.
2191 3287 2367 3338 Fama
2387 3283 2515 3353 ejus
2539 3300 2638 3355 per
2657 3283 2989 3337 universam
3009 3280 3253 3337 Galliam
3277 3280 3698 3346 crebrescente,

2054 3390 2152 3427 rex
2181 3376 2409 3427 tantum
2436 3371 2740 3443 praesulem
2772 3371 3003 3426 allicere
3033 3387 3099 3426 ac
3131 3369 3428 3425 beneﬁciis
3461 3367 3574 3422 sibi
3597 3367 3702 3421 de-

2055 3461 2284 3516 vincerc
2309 3461 2569 3533 cupiens,
2599 3478 2732 3516 eum
2765 3461 2954 3533 primo
2984 3477 3018 3514 a
3047 3458 3308 3515 consiliis
3339 3455 3699 3524 essevoluit;

2054 3554 2180 3605 tum
2203 3549 2464 3606 Gindone
2485 3550 2919 3622 archiepiscopo
2945 3549 3077 3603 fatis
3100 3549 3359 3613 cedente,
3386 3547 3706 3601 Remenses

2055 3638 2273 3695 infulas
2304 3639 2354 3695 ei
2386 3638 2767 3710 cupidissime
2797 3636 3147 3702 conciliavit,
3197 3651 3346 3706 quas
3404 3637 3704 3689 annuente

2058 3728 2208 3785 clero
2237 3733 2293 3784 et
2350 3727 2564 3800 populo
2615 3728 2860 3798 adeptus
2919 3729 3009 3781 est
3059 3724 3198 3778 idib.
3259 3722 3494 3778 Octobr.
3554 3737 3707 3777 anno

2057 3817 2521 3971 wgsuadriennio
2545 3907 2695 3975 post,
2716 3921 2752 3957 x
2766 3901 2888 3957 Kal.
2908 3906 3040 3957 Jun.
3071 3900 3197 3974 ipso
3215 3901 3307 3956 die
3319 3901 3708 3966 Pentecostes,

2062 3993 2395 4064 Philippum
2432 3995 2472 4060 Ι,
2507 4009 2640 4064 rege
2669 3991 2914 4047 Henrico
2946 3995 3106 4064 patre
3127 3993 3433 4062 praesente,
3456 3987 3711 4056 inunxit,

2059 4081 2389 4138 astantibus
2420 4081 2626 4152 viginti
2658 4086 2909 4152 quatuor
2937 4079 3248 4152 episcopis.
3298 4095 3364 4133 ac
3413 4077 3630 4133 Nicolai
3663 4077 3711 4130 V

297 4164 588 4220 avunculo
606 4166 892 4221 successit
915 4166 1522 4238 inepiscOpatu,anno
1551 4170 1840 4236 1036;sed
1860 4170 1953 4225 vix
1983 4197 2025 4262 Ε
2063 4169 2475 4244 papmlegatis.
2517 4175 2657 4224 Rem
2709 4174 2933 4242 gestam
2982 4167 3218 4240 exponit
3267 4171 3441 4262 vetus
3489 4166 3727 4262 charta,

295 4253 626 4326 episcopale
656 4253 870 4310 solium
921 4257 1360 4324 conscenderat,
1411 4256 1605 4327 inquit
1652 4259 1949 4325 Marlotus,

297 4358 435 4398 cum
463 4342 799 4410 Herbertus,
832 4345 1179 4416 cognomine
1209 4345 1457 4412 Baccho,
1482 4346 1950 4418 quijamdudum

294 4431 640 4502 Avesgando
671 4431 954 4488 molestus
1008 4434 1216 4501 fuerat,
1250 4434 1302 4489 ei
1344 4434 1590 4491 insidias
1650 4436 1846 4502 struit,
1899 4441 1954 4491 et

297 4518 567 4574 inaudita
595 4520 900 4590 tyrannide
923 4522 994 4575 ab
1022 4520 1292 4594 ingressu
1316 4523 1478 4579 urbis
1497 4525 1955 4580 Cenomanensis

297 4623 405 4678 per
435 4606 583 4662 duos
612 4625 798 4663 annos
829 4609 1102 4664 excludit.
1128 4611 1952 4668 SubindeGodel‘ridusAnde-

297 4694 591 4768 gavensis,
624 4696 716 4750 cui
745 4697 1106 4768 episcopium
1141 4701 1448 4755 Gervasius
1475 4703 1735 4772 quandiu
1761 4719 1959 4774 super-

301 4787 426 4839 stes
447 4789 620 4852 esset,
655 4786 914 4840 Ilerberti
942 4786 1223 4857 pravitate
1239 4789 1427 4844 denuo
1451 4790 1725 4862 fatigatus
1747 4791 1960 4862 promi-

301 4875 481 4939 serat,
517 4872 568 4927 ei
591 4889 658 4928 ex
675 4874 862 4929 amico
885 4874 1072 4930 hostis
1089 4875 1273 4931 factus
1288 4881 1377 4931 est
1401 4895 1414 4943 ;
1441 4896 1575 4934 nam
1601 4896 1661 4934 se
1685 4881 1956 4935 delusum

294 4960 624 5018 arbitratus
647 4961 952 5017 castellum
977 4964 1110 5018 Ledi
1137 4965 1437 5021 obsidione
1451 4967 1649 5034 cinxit,
1678 4973 1799 5023 tum
1825 4986 1960 5040 pra:-

301 5052 468 5105 textu
495 5049 764 5104 ineundae
798 5051 957 5122 pacis
989 5052 1328 5107 Gcrvasium
1360 5055 1430 5108 ad
1468 5055 1752 5111 familiare
1787 5057 1958 5111 collo-

302 5139 515 5211 quium
542 5138 808 5194 alliciens
829 5157 962 5194 cum
987 5141 1232 5195 subdole
1255 5143 1425 5213 cepit,
1451 5145 1696 5214 atquein
1717 5145 1961 5201 vinculis

305 5227 604 5300 captivum
639 5245 740 5300 per
769 5232 992 5300 septem
1044 5246 1230 5285 annos
1277 5231 1546 5298 detinuit,
1582 5239 1646 5288 ut
1702 5251 1769 5289 ex
1817 5235 1963 5290 actis

303 5315 544 5372 concilii
575 5317 880 5373 Remensis
911 5318 1022 5374 sub
1046 5321 1230 5374 Leone
1261 5318 1333 5373 IX
1365 5319 1690 5391 colligitur;
1727 5323 1823 5377 ubi
1854 5328 1962 5378 Go-

303 5403 536 5461 defrido
567 5406 676 5460 sub
709 5406 1082 5462 anathemate
1112 5406 1447 5478 injunc'tum
1499 5415 1561 5463 ut
1620 5411 1961 5466 Gervasiqu

2064 4276 2241 4331 quam
2274 4277 2308 4314 a
2355 4265 2512 4314 torno
2575 4259 2622 4314 II
2671 4258 3029 4314 Libertatem
3088 4255 3348 4312 ecclesiae
3402 4254 3711 4310 Gallicana:

2062 4347 2372 4402 transcribi
2403 4347 2739 4402 curavimus
2772 4347 2921 4401 inter
2950 4346 3361 4400 instrumenta.
3409 4342 3568 4397 Hanc
3615 4359 3714 4396 au-

2061 4441 2178 4491 tem
2213 4440 2419 4491 nactus
2439 4436 2806 4492 occasionem
2840 4433 3171 4496 Gervasius,
3220 4431 3537 4486 vindicavit
3589 4429 3702 4485 sibi

2063 4526 2244 4580 totius
2275 4525 2471 4580 Galliae
2496 4526 2834 4596 primatum,
2857 4525 3201 4594 potestatem
3228 4519 3606 4575 consecrandi
3630 4534 3716 4573 re-

2067 4631 2167 4687 ges
2187 4616 2540 4669 Francorum
2573 4618 2629 4667 et
2653 4628 2955 4667 summum
3014 4608 3486 4665 cancellariatum
3540 4624 3714 4680 quem

2067 4708 2462 4758 antecessores
2485 4703 2576 4756 sui
2601 4701 2992 4756 obtinuerant.
3015 4703 3375 4753 Caeternmex
3398 4697 3597 4753 charta
3618 4697 3719 4753 illa

2069 4791 2160 4847 cui
2194 4792 2511 4847 concinunt
2535 4789 2658 4843 aliaeI
2692 4804 2934 4842 numero
2987 4785 3457 4859 quamplurima},
3511 4789 3720 4859 praeter

2067 4880 2398 4935 Albcricum
2430 4879 2628 4933 Trium
2656 4877 2946 4941 Fontium,
2979 4876 3305 4932 Chronicon
3331 4877 3636 4945 Remense,
3663 4880 3721 4930 et

2070 4969 2448 5041 appendicem
2485 4967 2554 5022 ad
2605 4966 2919 5021 chronicon
2980 4965 3442 5036 Mesomagense,
3488 4967 3717 5020 constat

2071 5057 2412 5113 Gervasium
2446 5057 2646 5111 sedere
2676 5055 2920 5126 cmpisse
2952 5071 3104 5109 anno
3131 5056 3303 5118 1055;
3336 5054 3490 5124 quod
3519 5053 3566 5107 si
3599 5052 3722 5122 qui-

2071 5129 2320 5201 busdam
2356 5145 2487 5200 aliis
2509 5143 2916 5198 instrumentis
2931 5160 3254 5214 repugnare
3273 5142 3518 5205 videtur,
3537 5140 3591 5193 in
3619 5138 3721 5192 ho-

2075 5252 2204 5288 rum
2239 5233 2391 5289 notis
2409 5232 2837 5304 chronologicis
2857 5233 3135 5287 mendum
3159 5230 3466 5302 irrepsisse
3484 5243 3722 5283 necesse

2074 5327 2164 5377 est
2193 5323 2518 5376 scribarum
2551 5327 2652 5376 aut
2681 5320 3055 5375 librariorum
3089 5319 3248 5373 vitio.
3299 5317 3524 5372 Videtis
3573 5315 3726 5372 infra

2078 5427 2202 5480 quae
2227 5426 2292 5463 ea
2321 5409 2390 5464 de
2417 5427 2470 5464 re
2500 5410 2712 5465 dicturi
2748 5424 2955 5464 sumus
2987 5407 3045 5460 in
3078 5406 3312 5461 abbatia
3342 5407 3400 5460 S.
3463 5404 3723 5477 Dionysii

302 5494 578 5551 libertate
608 5494 887 5550 donaret:
923 5512 1100 5566 quam
1137 5462 1330 5551 tamen
1364 5462 1460 5552 ille
1480 5462 1590 5554 non
1993 5462 2036 5524 D
2074 5462 2396 5553 itemensis.
2425 5500 2633 5553 Extant
2681 5497 2948 5570 plurimae
2997 5496 3067 5550 ad
3125 5495 3464 5550 Gervasium
3523 5462 3727 5548 litterae

302 5588 408 5642 tus
439 5583 580 5655 quin
609 5583 770 5655 prius
803 5583 1109 5640 castellum
1141 5585 1448 5656 Lediquod
1482 5586 1589 5642 sibi
1624 5587 1960 5660 patrimonii

2071 5585 2349 5658 Stephani
2385 5584 2428 5640 X
2478 5604 2659 5658 papae,
2702 5587 2801 5658 qui
2831 5585 2998 5640 illum
3022 5599 3126 5656 pro
3179 5583 3457 5656 religione
3506 5581 3731 5638 fortiter
