4116 6188
535 368 694 436 1399

1655 357 2023 434 GERVASII
2071 363 2436 434 ARCHIEP.
2481 360 2827 436 REMENSI

3702 371 3815 440 mo

534 522 705 582 agere
742 505 968 576 invitat,
992 501 1390 579 auxiliumque
1407 503 1562 562 sedis
1577 504 1904 579 apostolicae
1927 521 2042 560 non
2073 505 2174 559 de-
2200 505 2257 572 Α
2285 506 2429 578 ipsis
2457 506 2657 564 Idibus
2685 505 2950 563 Octobris
2995 505 3047 563 si
3101 503 3311 564 viveret
3357 502 3603 576 ﬁniendo,
3631 520 3684 564 tu
3725 508 3814 568 Kal.

532 597 800 653 futurum
832 596 1156 669 pollicetur,
1186 600 1494 668 postquam
1521 594 1632 650 sibi
1665 611 1798 649 cum
1840 593 1939 648 illo
1980 591 2180 647 amici-

532 685 677 742 tiam
708 685 926 758 optavit
948 689 1308 758 perpetuam,
1338 685 1722 754 hortaturque
1744 699 1877 738 eum
1903 686 1964 736 ut
1980 682 2053 736 ad
2076 682 2182 736 Ito-

532 789 771 830 manam
806 775 1093 848 synodum
1117 773 1455 830 conveniat:
1491 772 1632 827 item
1655 770 1874 826 Nicolai
1894 771 2182 841 II,juben-

532 863 611 918 tis
641 863 1107 919 Bellovacensem
1139 862 1498 934 episcopum,
1531 860 1882 926 Simoniace,
1907 863 1971 913 ut
1990 859 2184 914 crede-

532 951 725 1017 batur,
743 957 1096 1023 promotum,
1117 968 1248 1006 cum
1274 949 1690 1006 Silvanectensi
1708 949 1971 1019 ejusdem
1985 946 2181 1001 crimi-

534 1041 629 1096 nis
648 1058 754 1096 reo
785 1041 856 1096 ab
885 1040 1074 1096 ofﬁcio
1104 1040 1420 1112 suSpendi;
1454 1040 1591 1093 item
1624 1036 1937 1093 Alexandri
1961 1037 2027 1104 II,
2060 1036 2184 1107 qui-

533 1129 645 1184 bus
676 1146 809 1184 eum
832 1130 1102 1185 hortatur
1146 1134 1211 1184 ut
1240 1129 1299 1183 in
1332 1145 1511 1183 causa
1539 1126 1849 1183 abbatissa:
1886 1141 1916 1179 e
1949 1125 2180 1180 Laudu-

532 1217 703 1275 nensi
734 1217 1088 1273 monasterio
1119 1217 1337 1287 injuste
1367 1218 1562 1287 ejecta:
1595 1214 2023 1285 cognoscenda,
2067 1211 2180 1267 Eli-

533 1308 728 1363 nando
747 1306 1201 1378 episcopojuxta
1219 1309 1475 1360 tenorem
1499 1302 1933 1359 commissionis
1954 1306 2182 1372 aposto-

533 1396 657 1451 lica:
670 1397 939 1464 assistat;
955 1394 1407 1467 prohibetetiam
1431 1411 1499 1448 ne
1513 1393 1849 1448 consacretJ
1859 1390 2180 1446 osselinum

534 1485 1015 1541 Suessionensem
1046 1482 1387 1554 episcopum
1418 1483 1488 1536 de
1520 1481 1781 1536 Simonia
1809 1480 2137 1535 convictum
2165 1496 2178 1546 ;

532 1572 997 1628 Bellovacensem
1014 1570 1246 1641 corrigi,
1267 1574 1324 1625 et
1342 1570 1793 1625 Ambianensem
1816 1567 2178 1639 obinjuriam

534 1661 865 1719 Corbeiensi
893 1661 1137 1716 abbatis:
1166 1658 1388 1715 illatam
1415 1660 1484 1714 ad
1534 1657 1993 1714 satisfactionem
2025 1655 2181 1728 adigi

534 1751 800 1824 praecipit
821 1767 833 1818 ;
849 1766 1060 1821 corpus
1080 1748 1332 1820 denique
1346 1749 1403 1803 S.
1422 1746 1703 1813 Memmii,
1726 1746 1797 1801 ab
1810 1744 2055 1800 ecclesia
2071 1760 2183 1800 sua

533 1839 791 1895 indebite
822 1855 923 1910 per
950 1836 1433 1894 Catalaunensem
1466 1835 1790 1891 antistitem
1828 1832 2179 1889 translatum
2208 1876 2256 1941 Β

535 1929 606 1983 ad
640 1927 933 2001 propriam
968 1925 1295 1991 basilicam,
1328 1924 1782 1981 comminatione
1797 1937 2178 1978 censurarum

533 2015 1062 2073 ecclesiasticarum
1094 2014 1295 2070 referri
1348 2014 1688 2069 demandat.
1726 2017 1858 2067 Duae
1891 2026 2123 2083 quoque
2147 2026 2182 2064 a

535 2105 808 2161 Gervasio
821 2105 1047 2176 scriptae
1062 2105 1337 2175 leguntur
1358 2102 1645 2174 epistola;
1678 2101 2023 2157 alteraanno
2043 2100 2180 2154 1060

535 2197 608 2252 ad
636 2194 939 2251 Nicolaum
970 2195 1040 2262 II,
1075 2197 1207 2266 post
1253 2192 1659 2247 fundationem
1706 2206 1805 2246 seu
1839 2189 2033 2261 potius
2089 2203 2177 2243 re-

533 2284 955 2341 staurationem
975 2281 1315 2337 monasterii
1345 2280 1652 2337 S.Martini
1685 2297 1719 2335 a
1754 2279 1984 2350 Campis
2029 2277 2183 2332 Pari-

535 2373 768 2440 siensis,
799 2370 893 2426 cui
923 2370 1297 2441 subscripsit,
1321 2373 1378 2423 et
1409 2374 1657 2424 mortem
1686 2367 1963 2423 HenriciI
1992 2364 2176 2438 regis;

534 2460 719 2517 altera
744 2476 893 2515 anno
925 2460 1057 2514 1061
1088 2458 1159 2513 ad
1189 2457 1583 2513 Alexandrum
1616 2457 1665 2510 ΙΙ
1691 2474 1703 2524 ;
1757 2456 1974 2527 quibus
2018 2453 2182 2509 obse-

534 2548 741 2623 quium
756 2565 930 2604 suum
944 2563 1082 2619 erga
1094 2546 1290 2601 sedem
1313 2546 1635 2600 Romanam
1658 2548 1854 2616 aperte
1868 2542 2177 2615 signiﬁcat.

531 2637 778 2709 Scripsit
805 2636 979 2692 etiam
1011 2636 1081 2691 de
1112 2633 1411 2690 miraculis
1442 2638 1498 2688 S.
1531 2632 1765 2687 Melanii
1797 2630 2053 2704 episcopi
2072 2631 2179 2685 Re-

532 2715 829 2784 donensis.
853 2726 1042 2780 Vitam
1066 2723 1317 2794 denique
1336 2724 1395 2779 S.
1420 2721 1730 2777 Donatiani
1757 2718 2179 2792 archiepiscopi

535 2815 841 2873 Remensis
871 2815 1086 2869 dicitur
1115 2812 1539 2884 composuisse.

603 2932 714 2985 Sed
744 2931 802 2984 in
823 2929 933 2985 hoc
955 2929 1066 2985 sibi
1090 2928 1402 2983 maximam
1426 2927 1659 2982 laudem
1680 2924 1924 2998 peperit,
1949 2924 2103 2996 quod
2125 2926 2183 2978 et

536 3021 877 3075 numeretur
904 3018 1059 3072 inter
1088 3016 1426 3071 fundatores
1482 3014 1738 3070 ecclesiae
1789 3011 2178 3081 Castri-Ledi,

536 3107 802 3163 dioecesis
830 3103 1305 3173 Cenomanensis,
1339 3108 1397 3159 et
1425 3108 1543 3159 tres
1575 3103 1634 3158 in
1662 3104 1806 3158 urbe
1836 3119 1946 3158 sua
1976 3104 2184 3157 metro-

534 3196 795 3269 politana
823 3194 1097 3251 ecclesias
1128 3194 1184 3249 id
1220 3194 1511 3266 integrum
1553 3192 1889 3248 restituerit.
1923 3193 2002 3246 Ae
2059 3189 2181 3261 pri-

538 3302 703 3341 mum
736 3283 971 3357 quidem
994 3281 1297 3339 basilicam
1315 3281 1512 3337 Sancti
1535 3280 1771 3347 Nicasii,
1791 3280 1963 3351 cujus
1986 3282 2184 3351 paten-

535 3377 627 3428 tes
656 3374 915 3443 undique
944 3372 1168 3437 ruinas,
1202 3371 1691 3442 deturpatamque
1722 3369 1885 3423 intus
1927 3375 1985 3424 et
2041 3366 2180 3421 foris

536 3460 886 3533 elegantiam
915 3463 971 3515 et
997 3464 1362 3514 venustatem
1394 3475 1509 3513 non
1543 3456 1732 3529 potuit
1761 3456 1888 3512 sine
1908 3455 2182 3528 lacrymis

535 3550 772 3616 intueri,
808 3548 1100 3620 reparavit
1122 3546 1247 3602 suis
1268 3546 1584 3618 impendiis
1607 3562 1757 3600 anno
1776 3546 1934 3600 1060.
1963 3544 2183 3600 Deinde

533 3638 593 3694 in
626 3637 871 3694 ecclesia
900 3637 997 3693 SS.
1047 3634 1336 3693 Timothei
1367 3638 1424 3689 et
1468 3633 1823 3705 Apollinaris
1871 3634 2181 3688 canonicos

532 3727 842 3784 duodecim
874 3725 1137 3781 fundavit
1166 3740 1318 3780 anno
1352 3725 1509 3791 1064,
1534 3738 1705 3794 opem
1728 3721 2048 3777 ferentibus
2071 3722 2181 3777 Re-

530 3816 806 3889 migianis
829 3815 1152 3882 monachis,
1170 3814 1243 3870 ad
1265 3830 1413 3885 quos
1435 3811 1534 3867 illa
1551 3810 1896 3883 pertinebat.
1921 3809 2182 3883 Denique

530 3907 686 3977 apud
719 3905 778 3960 S.
810 3904 1152 3976 Dionysium
1183 3907 1240 3958 et
1260 3901 1566 3957 basilicam
1590 3899 1907 3968 renovavit,
1936 3904 1994 3954 et
2015 3916 2183 3955 cano-

528 3993 689 4048 nicos
720 3993 1016 4064 regulares
1037 3991 1361 4046 introduxit
1376 4007 1527 4045 anno
1548 3989 1707 4044 4067.
1737 3988 2065 4044 Guidonem
2087 4004 2178 4042 or-

526 4080 826 4135 dinaverat
856 4080 923 4134 10
944 4082 993 4133 ‘3
1025 4084 1125 4134 aut
1154 4080 1287 4133 1064
1319 4077 1656 4149 episcopum
1681 4075 2176 4145 Bellovacensem,

528 4171 586 4237 et
624 4167 1013 4239 chirographo
1050 4184 1155 4222 suo
1186 4167 1517 4221 ﬁrmaverat
1571 4178 1724 4220 anno
1780 4166 1918 4220 1065
1965 4164 2180 4219 instru-

529 4260 729 4313 menta
758 4255 1027 4312 Balduini
1057 4255 1290 4311 comitis
1323 4254 1677 4309 Flandrimet
1696 4252 1946 4326 Philippi
1971 4254 1993 4308 Ι
2026 4253 2177 4325 regis

530 4347 787 4403 Francia;
819 4347 890 4401 de
910 4343 1336 4400 instauratione
1362 4342 1608 4398 coenohii
1640 4341 2082 4397 Hasnoniensis.

599 4462 758 4519 Obiit
781 4480 837 4518 1v
866 4462 1010 4517 Non.
1048 4460 1170 4516 Kal.
1205 4476 1357 4515 anno
1391 4460 1548 4527 1067,
1584 4463 1716 4531 post
1750 4459 1952 4514 datum
1983 4458 2043 4513 in
2075 4474 2175 4513 ex-

523 4551 749 4617 tremis,
782 4568 912 4607 cum
948 4566 1179 4605 sacrum
1202 4547 1477 4603 viaticum
1504 4547 1841 4619 perciperet,
1893 4547 2171 4604 eximium

529 4599 749 4617 ---.---s,
785 4599 912 4607 η---
948 4599 1179 4605 __-_---_-

524 4640 656 4696 ﬁdei
688 4658 807 4696 sum
839 4643 1273 4712 argumentum.
1308 4637 1369 4693 Id
1401 4653 1468 4692 ex
1497 4637 1692 4692 codice
1724 4636 2027 4692 Remensis
2068 4638 2174 4693 Ec-
2214 4599 2254 4662 D

525 4728 714 4785 clesia
743 4729 1072 4800 conscripto
1103 4728 1175 4783 ab
1206 4725 1469 4782 Odelrico
1493 4724 1820 4797 praeposito,
1854 4725 1953 4796 qui
1976 4726 2057 4781 rei
2079 4743 2177 4799 ge-

524 4820 627 4871 stae
644 4816 1176 4886 interfuit,totidem
1196 4814 1385 4871 verbis
1400 4815 1809 4885 referrejuvat:
1832 4836 1859 4863 ‹‹
1878 4816 2043 4870 Anno
2061 4816 2176 4888 epi-

523 4908 798 4976 scopatus
825 4904 1025 4959 domui
1058 4903 1315 4960 Gervasii
1344 4921 1425 4958 x11
1455 4903 1716 4958 nondum
1750 4903 1937 4970 ﬁnito,
1967 4907 2068 4959 sed
2114 4906 2173 4961 in
2208 4922 2217 4925 ‘

2214 3244 2257 3310 C

2287 594 2406 650 Jul.
2442 595 2752 652 festivitate
2781 596 2883 652 SS.
2912 595 3065 651 Petri
3096 598 3152 652 et
3178 594 3340 652 Pauli
3368 596 3435 652 ad
3460 613 3716 670 vesperum
3752 615 3818 673 ag-

2287 688 2561 755 gravatus
2589 684 2930 740 inﬁrmitate
2960 701 3076 756 qua
3106 687 3235 756 post
3254 688 3406 740 sexto
3435 685 3518 741 die
3537 690 3722 742 mortus
3743 691 3817 754 est,

2288 772 2601 844 praedictus
2612 773 2865 829 domnus
2882 773 3192 829 Gervasius
3214 773 3759 847 archiepiscopusfecit
3773 776 3821 831 ad

2288 877 2350 917 se
2381 862 2588 917 fratres
2619 866 2677 917 et
2706 862 3018 918 canonicos
3049 863 3345 918 convocari
3375 862 3469 935 qui
3496 866 3617 918 tunc
3641 863 3821 919 inveniri

2289 953 2574 1021 poterant.
2610 950 2832 1015 Quibus
2863 950 3164 1007 accersitis
3192 954 3249 1005 et
3266 950 3616 1022 praesentibus
3638 951 3823 1008 creduli-

2286 1042 2467 1094 tatem
2499 1055 2668 1095 suam
2698 1039 2945 1112 aperuit,
2966 1043 3023 1094 et
3049 1044 3111 1095 ut
3130 1054 3258 1095 vere
3270 1038 3568 1096 catholicus
3585 1040 3822 1095 confessio-

2290 1144 2422 1183 nem
2453 1145 2620 1183 suam
2656 1127 2822 1195 fecit;
2864 1128 3064 1201 sicque
3104 1132 3305 1200 postea
3348 1128 3741 1185 communicavit
3778 1129 3825 1184 de

2289 1216 2572 1271 sacriﬁcio
2602 1215 2801 1272 altaris
2834 1216 3082 1272 Domini.
3115 1216 3292 1272 Nobis
3346 1233 3560 1288 quoque
3588 1222 3642 1271 ut
3664 1217 3705 1272 ei
3734 1222 3826 1271 ante

2288 1304 2470 1360 Deum
2503 1309 2681 1361 testes
2712 1305 3030 1361 fuissemus
3060 1305 3216 1377 quod
3247 1303 3397 1360 idem
3425 1321 3545 1361 vere
3592 1322 3759 1377 corpus
3790 1308 3829 1360 et

2288 1382 2635 1466 sanguinem
2666 1394 3015 1451 credidisset
3045 1393 3299 1466 injunxit
3326 1398 3380 1450 et
3404 1393 3693 1467 postulavit.
3736 1393 3831 1449 Post

2287 1482 2502 1550 haec,ut
2514 1483 2573 1536 in
2587 1482 2790 1538 eadem
2811 1482 3830 1554 membranalegitur,admonitusutEc-

2288 1571 2474 1626 clesize
2493 1571 2765 1626 Remensi
2785 1571 2859 1627 ob
2882 1571 3101 1626 damna
3116 1572 3189 1626 ab
3210 1572 3336 1643 ipso
3356 1570 3696 1627 illatafaceret
3713 1570 3831 1638 satis,

2286 1660 2509 1715 aedium
2538 1659 2684 1721 dedit
2741 1659 2985 1716 0dolrieo
3004 1662 3298 1732 praeposito
3328 1659 3673 1732 promisitque
3703 1658 3741 1716 si
3762 1675 3834 1714 su-

2286 1748 2605 1822 perviveret
2624 1764 2799 1804 omne
2840 1749 3311 1804 emendaturum.
3363 1750 3514 1805 Idem
3557 1751 3702 1805 etiam
3739 1763 3834 1820 pro-

2288 1839 2538 1894 missum
2570 1837 2703 1893 fecit
2724 1837 3099 1893 HerimaroS.
3135 1837 3379 1910 Remigii
3405 1837 3601 1892 abbati.
3622 1836 3674 1892 In
3690 1836 3832 1891 eodem

2289 1927 2482 1982 codice
2503 1925 2811 1982 Gervasius
2827 1924 3018 1981 multa
3037 1926 3311 1982 Remensi
3328 1925 3566 1982 ecclesiae
3578 1928 3834 1981 ornamenta

2288 2014 2604 2071 contulisse
2626 2014 2857 2083 dicitur,
2878 2032 3005 2087 qua:
3028 2015 3228 2071 omnia
3249 2017 3630 2082 recensentur;
3662 2013 3835 2085 insuper

2288 2104 2567 2160 fratribus
2585 2102 2839 2159 ecclesiae
2864 2104 3168 2160 Remensis
3181 2105 3259 2159 ad
3278 2102 3699 2159 anniversarium
3714 2116 3835 2155 suum

2288 2192 2621 2248 faciendum
2643 2191 2876 2248 dedisse
2898 2196 3150 2264 quatuor
3166 2188 3528 2249 molendinos
3548 2192 3672 2246 bene
3685 2189 3837 2244 instru-

2286 2284 2412 2337 ctos
2442 2281 2514 2336 ad
2545 2281 2703 2337 Duos
2733 2284 2940 2352 pontes
2970 2295 3153 2352 super
3179 2278 3474 2346 Vidulam,
3494 2283 3592 2335 etc.
3621 2278 3674 2333 lu
3716 2273 3838 2332 veteri

2286 2356 2623 2442 Necrologio
2654 2369 2810 2440 quod
2841 2368 2901 2423 in
2933 2369 3135 2424 eodem
3167 2368 3369 2425 codice
3396 2367 3642 2435 habetur,
3662 2383 3708 2421 1v
3735 2365 3835 2420 Non.

2286 2458 2404 2514 Jul.
2432 2457 2751 2514 decessisse
2772 2457 3114 2530 perhibetur
3142 2458 3397 2515 domnus
3416 2455 3693 2513 Gervasius
3714 2452 3842 2510 mhi-

2288 2547 2616 2619 episcopus,
2633 2546 2734 2618 qui
2760 2546 2921 2601 dedit
2946 2545 3005 2601 S.
3028 2545 3227 2601 Mariae
3246 2546 3594 2602 molendinos
3612 2544 3730 2599 citra
3743 2558 3840 2613 pon-

2287 2636 2405 2689 tem
2438 2633 2508 2688 ad
2532 2632 2908 2688 dividendum
2939 2632 3245 2689 canonicis
3275 2632 3549 2705 quidquid
3569 2630 3685 2687 inde
3702 2628 3843 2686 exierit

2287 2722 2347 2777 in
2380 2721 2781 2778 anniversario
2803 2737 2929 2777 suo.
2957 2722 3064 2788 Qui
3087 2721 3214 2777 dies
3241 2720 3499 2778 convenit
3519 2720 3583 2776 iis
3600 2736 3705 2792 qua:
3723 2716 3841 2773 modo

2289 2812 2360 2867 de
2390 2811 2519 2880 ejus
2549 2810 2707 2865 obitu
2739 2809 3052 2865 retulimus
3077 2828 3089 2875 ;
3123 2809 3383 2883 indeque
3412 2812 3560 2883 patet
3577 2807 3681 2864 falli
3698 2803 3844 2862 Mario-

2287 2903 2415 2955 tum
2446 2898 2546 2970 qui
2569 2913 2704 2954 eum
2736 2897 3141 2970 menseAprili
3171 2899 3393 2954 obiisse
3422 2896 3568 2953 dicit.
3596 2901 3746 2951 Locus
3779 2908 3843 2948 se-

2288 2987 2536 3060 pulturae
2556 2987 2604 3058 ej
2615 3003 2684 3042 us
2697 2986 2888 3041 adhuc
2902 2985 3331 3060 visitur,inquit
3346 2987 3495 3043 idem
3513 2980 3844 3048 Marlotus,sub

2287 3076 2481 3149 lapide
2505 3076 2669 3148 nigro
2692 3075 2749 3130 in
2765 3075 2907 3131 odeo
2921 3075 3162 3146 majoris
3184 3075 3441 3132 ecclesiae
3458 3088 3619 3148 prope
3636 3069 3843 3143 aquilam,

2292 3165 2384 3222 cui
2414 3166 2583 3221 breve
2613 3165 2722 3219 hoc
2753 3163 3115 3236 insculptum
3149 3163 3369 3239 legitur
3396 3161 3747 3237 epitaphium:

2687 3269 3005 3309 GERVASIUS
3043 3268 3541 3309 ARCHIEPISCOPUS.

2359 3345 2554 3424 limina;
2611 3343 2831 3424 virtutis
2877 3342 2982 3409 vir,
3033 3358 3097 3424 ac
3123 3342 3290 3424 'inter
3344 3357 3437 3424 eos
3479 3341 3568 3424 qui
3615 3340 3667 3424 in
3719 3333 3846 3391 Gallia

2360 3415 2459 3469 illo
2488 3414 2685 3469 saeculo
2737 3413 3061 3468 claruerunt
3116 3413 3277 3484 longe
3304 3411 3544 3479 celebris,
3588 3411 3740 3475 solm,
3762 3420 3846 3477 mu-

2359 3485 2578 3554 niﬁcus,
2638 3487 2876 3556 sapiens,
2938 3484 3279 3556 iamiamque
3329 3485 3479 3540 omni
3519 3491 3847 3556 genueram-

2362 3557 2579 3611 tandus.
2612 3555 2711 3611 Hie
2752 3555 3037 3629 siquidem
3084 3555 3301 3611 turbato
3340 3556 3495 3625 regni
3540 3555 3847 3629 animum

2362 3630 2442 3683 ris
2495 3628 2759 3683 momenti
2810 3621 3048 3697 negotia,
3110 3631 3172 3681 ut
3218 3621 3477 3683 summus
3544 3621 3843 3697 cancellatiﬂfy

2360 3699 2524 3767 digne
2579 3699 3009 3766 administravit,
3062 3700 3315 3769 cavitque
3348 3715 3419 3753 ne
3451 3697 3665 3769 schisma
3707 3706 3757 3769 ac
3792 3704 3845 3769 ft-

2360 3760 2556 3824 moniw
2586 3770 2732 3825 labes
2775 3760 3068 3824 Ecclesiam
3134 3760 3479 3826 Gattieanam
3522 3767 3743 3837 inliceret.
3785 3760 3845 3814 Li-

2362 3840 2779 3912 beralitaseius
2831 3841 3010 3896 eluxit
3049 3856 3210 3912 quam
3269 3842 3512 3896 maxime
3546 3841 3602 3894 in

2359 3914 2575 3967 riorum
2622 3905 2716 3967 SS.
2779 3913 3030 3983 Dionysii
3056 3905 3070 3912 ’
3102 3916 3154 3967 et
3231 3913 3444 3969 Nicasii
3513 3905 3846 3983 resinam.

2361 3999 2593 4054 quorum
2650 3999 2804 4054 opem
2858 3975 3046 4055 statim
3095 3987 3223 4055 post
3279 3985 3493 4038 obitum
3531 3975 3849 4055 επρςνιωνρειι

2360 4051 2617 4109 ἄοάνὶηα
2647 4051 2707 4108 in
2764 4051 3171 4110 elucubratione
3228 4056 3364 4111 Vitw
3412 4051 3602 4109 sancti
3627 4051 3850 4121 Danaum.

2358 4142 2431 4181 ex
2479 4126 2817 4193 Cotoenerio,
2860 4126 3038 4196 pietas
3084 4127 3146 4179 in
3225 4110 3479 4198 obsequio
3556 4128 3724 4178 saneta!
3762 4110 3847 4168 sedi

2358 4197 2671 4239 annstnh'nm
2726 4196 2933 4239 innitar
2988 4202 3042 4239 at
3088 4204 3388 4239 nnnnrtnm
3458 4195 3698 4239 mantia:
3740 4185 3847 4239 tum

2358 4197 2671 4267 apostolicae
2716 4195 2933 4266 jugiter
2987 4202 3042 4252 et
3088 4195 3388 4268 opportune
3448 4195 3699 4269 prastito;
3740 4195 3852 4239 Μιπε

2334 4266 2661 4324 'Chronicon
2704 4268 3055 4324 Floriacense
3109 4268 3553 4323 strenuissima»:
3593 4266 3739 4345 virum
3764 4269 3854 4382 si;

2357 4339 2542 4382 nnllnt-
2594 4342 2712 4382 nasi.
2748 4343 3024 4382 mmfnrm
3087 4340 3222 4382 Vﬂm
3279 4341 3457 4382 san/eli
3505 4337 3693 4382 Malam:
3730 4332 3760 4382 Β

2353 4339 2545 4410 pellat,
2587 4342 3035 4411 postponetorem
3087 4340 3222 4396 Vitae
3279 4341 3457 4395 sancti
3499 4335 3694 4411 Melanii

2354 4407 2603 4482 "nensisﬁ
2634 4410 2924 4466 Guibertus
2970 4409 3067 4482 ac
3139 4412 3439 4482 Novigento
3506 4407 3855 4482 [αωο-ςρξίίηωῇ

2355 4474 2849 4553 archiepiswpum,
2931 4474 3339 4537 chartularium
3372 4498 3376 4503 ‘
3412 4474 3591 4537 Sancti
3666 4474 3853 4553 Dioni!“

2358 4553 2692 4630 Rarisiensis
2744 4568 2846 4630 pro
2886 4553 3141 4630 .Nogento
3191 4554 3345 4630 πιέζιὶ
3398 4554 3457 4630 in
3493 4564 3641 4630 regno
3685 4555 3851 4630 εᾳριεες

2355 4625 2435 4678 tia
2464 4630 2514 4678 et
2533 4609 2814 4691 honestate,
2844 4609 3170 4696 secundum.
3225 4609 3763 4696 Chronicnnvgiancti'.

2358 4696 2497 4749 casii
2528 4696 2709 4749 virum
2751 4688 3098 4761 catholicum,
3157 4695 3357 4764 lingua
3410 4692 3701 4766 facundum,

2360 4767 2442 4820 tia
2473 4767 2771 4833 insignem,
2804 4760 3089 4821 humilem
3111 4766 3193 4821 ad
3232 4760 3454 4832 merita,
3484 4764 3550 4819 ad
3588 4760 3706 4823 υἰιία
3748 4760 3851 4834 "9,"

2355 4837 2520 4898 dum:
2576 4852 2703 4908 quae
2749 4838 2937 4892 omnia
2990 4839 3099 4892 Bre
3112 4838 3360 4893 viariam
3415 4839 3652 4892 Remeato
3687 4835 3850 4901 paucw~

2355 4908 2512 4963 ribus
2528 4910 2711 4964 verbis
2739 4909 3027 4964 contrahit.

2021 5081 3848 5115 W

1823 5210 2636 5336 annva.er

978 5456 1341 5513 EPISTOL/E
1372 5455 1458 5511 AD
1489 5453 1855 5510 NICOLAUM
1886 5456 1935 5513 II
1964 5458 2057 5513 ET
2088 5458 2587 5515 ALEXANDRUM
2622 5459 2669 5514 ΙΙ
2698 5459 3110 5519 PONTIFICES
3141 5459 3482 5519 ROMANOS

1478 5639 1611 5697 Vide
1646 5657 1813 5713 supra
1843 5644 1903 5697 in
1922 5644 2141 5701 Nicolao
2171 5646 2226 5700 Il
2247 5648 2297 5701 et
2325 5645 2480 5715 intra
2507 5644 2569 5699 in
2597 5642 2907 5701 Alexandro
2938 5646 2989 5701 II
