4138 6186
331 382 482 449 1401

1812 375 2290 443 DIPLOMATA.

3575 379 3731 442 1402

329 534 3732 570 MM

1293 686 1902 784 GERVASII
1985 681 2763 778 DIPLOMATA.

1133 1032 1177 1087 Ι.

331 1124 538 1181 Charta
566 1121 908 1193 fundationis
936 1137 1031 1176 seu
1059 1121 1421 1176 restitutionis
1441 1118 1721 1193 duodecim
1751 1119 1977 1175 canoni-

401 1212 594 1250 corum
625 1196 682 1248 in
712 1195 937 1248 ecclesia
978 1193 1072 1248 SS.
1108 1194 1366 1248 Timothei
1394 1201 1444 1247 et
1503 1192 1905 1262 Appollinaris.

956 1282 1148 1353 (Anno
1180 1282 1363 1351 1064.)

334 1374 507 1441 [Actes
530 1372 595 1427 de
625 1373 679 1427 la
704 1374 961 1443 province
989 1371 1390 1441 ecclesiastique
1419 1370 1482 1425 de
1531 1371 1730 1436 Reims,
1765 1369 1836 1436 Il,
1865 1371 1976 1434 75.]

405 1481 468 1536 In
492 1478 727 1536 nomine
757 1481 968 1534 ssncta:
997 1481 1054 1533 et
1074 1476 1381 1532 individuus
1413 1475 1736 1542 Trinitatis,
1772 1474 1978 1542 Patris,

333 1575 390 1626 et
410 1568 560 1634 Filii,
589 1572 646 1624 et
675 1566 930 1639 Spiritus
959 1567 1167 1632 sancti,
1202 1565 1512 1621 Gervasius
1542 1565 1639 1619 Dei
1670 1565 1858 1635 gratia
1882 1567 1983 1617 Re-

332 1674 565 1714 morum
580 1656 1076 1728 archiepiscopus,
1095 1659 1307 1711 sanctae
1321 1654 1588 1710 Ecclesia:
1605 1658 1723 1708 tam
1738 1668 1984 1724 praesen-

328 1747 492 1802 tibus
513 1761 695 1818 quam
717 1745 928 1800 futuris
950 1744 1246 1800 ﬁdelidus.
1273 1745 1329 1800 Si
1355 1743 1596 1798 utilitati
1619 1741 1984 1798 ethonestati

329 1826 589 1891 ecclesiae
601 1832 769 1889 nobis
784 1851 817 1889 a
829 1834 942 1889 Deo
955 1833 1282 1888 commissae
1299 1832 1608 1904 diligenter
1621 1831 1982 1886 intendimus

331 1926 388 1979 et
401 1939 763 1995 quaecunque
776 1923 834 1977 in
848 1939 914 1976 ea
930 1922 1039 1988 [ad.
1053 1921 1436 1994 ,E.P.]divinae
1451 1921 1745 1993 religionis
1758 1919 1982 1975 cultum

331 2012 579 2084 provida
606 2011 1101 2082 praedecessorum
1136 2015 1468 2066 nostrorum
1491 2009 1788 2081 vigilantia
1828 2007 1982 2063 ordi-

332 2105 473 2156 nata
493 2104 653 2169 sunt,
687 2099 1032 2155 inconvulsa
1063 2115 1389 2162 servamus,
1422 2104 1479 2154 et
1512 2116 1638 2170 quae
1672 2115 1739 2152 ex
1769 2098 1862 2153 his
1884 2114 1980 2152 ne-

330 2187 738 2261 gligentia,vel
773 2187 1068 2258 aliquibus
1097 2185 1433 2242 infortuniis
1467 2185 1840 2256 deperierunt
1896 2200 1982 2238 re-

331 2293 541 2350 parare
572 2277 1020 2344 contendimus;
1047 2273 1487 2348 patrisfamilias
1510 2278 1708 2329 nostro
1753 2274 1983 2329 decreto

334 2366 510 2422 nobis
555 2365 773 2421 talento
820 2364 1126 2436 multiplex
1182 2363 1412 2418 lucrum
1460 2366 1876 2434 reportaturos,
1928 2365 1986 2416 et
2016 2398 2063 2462 Β

334 2471 484 2528 euge
514 2454 853 2510 certissimae
880 2453 1364 2515 remunerationis
1382 2469 1487 2508 uos
1506 2452 1795 2508 credimus
1818 2450 1982 2506 audi-

331 2543 693 2599 turos.Unde
705 2543 1144 2598 considerantes
1157 2541 1462 2597 ecclesiam
1487 2541 1674 2596 sancti
1694 2539 1983 2595 Timothei

335 2631 614 2704 martyris
644 2631 706 2686 in
738 2631 1058 2703 municipio
1081 2631 1260 2701 hujus
1291 2634 1502 2686 sanctae
1525 2629 1702 2696 sedis,
1727 2629 1818 2683 cui
1870 2629 1982 2684 Deo

335 2720 992 2792 auctorepraesidemus,
1025 2720 1224 2786 sitam,
1284 2719 1580 2790 quondam
1641 2717 1983 2773 clericorum
2038 2723 2042 2732 '

335 2825 583 2866 numero
614 2812 672 2864 et
692 2808 995 2864 honestate
1017 2807 1316 2880 religionis
1337 2807 1614 2879 viguisse,
1647 2807 1748 2861 sed
1771 2807 1982 2878 partim

338 2897 600 2956 adversis
631 2896 888 2967 casibus,
916 2897 1130 2969 partim
1161 2896 1388 2952 incuria
1417 2897 1488 2950 ad
1520 2895 1755 2950 titulum
1807 2895 1984 2950 unius

337 2986 665 3060 presbyteri
682 3002 812 3042 esse
829 2987 1122 3042 redactam
1149 3003 1162 3052 ;
1187 2985 1434 3056 ideoque
1451 2985 1523 3039 ab
1546 2985 1983 3055 archiepiscopo

337 3075 728 3145 Adalberone,
763 3079 828 3130 ut
855 3092 922 3130 ex
949 3076 1077 3145 ejus
1098 3074 1384 3130 reditibus
1404 3071 1820 3144 hospitalitatis
1851 3089 1986 3144 sup-

340 3164 599 3238 pleretur
629 3163 874 3220 utilitas.
890 3163 1044 3220 beati
1067 3163 1312 3235 Remigii
1336 3160 1686 3218 monasterio
1705 3162 1774 3217 ad
1799 3161 1984 3232 possi-

339 3254 598 3310 dendum
620 3269 957 3309 concessam
985 3271 998 3319 ;
1033 3252 1140 3324 piae
1163 3251 1494 3308 sedulitatis
1517 3267 1690 3322 opera
1711 3249 1986 3306 adhibere

339 3342 678 3399 curavimus
712 3347 778 3397 ut
803 3359 931 3397 eam
962 3342 1022 3396 in
1047 3342 1355 3414 antiquum
1379 3339 1704 3396 honestatis
1762 3343 1983 3394 statum

337 3448 766 3505 repararemus.
796 3433 1157 3504 Quapropter
1180 3431 1237 3486 id
1272 3430 1637 3485 notiﬁcautes
1685 3429 1985 3483 Herimaro

337 3520 930 3592 abbati,injunximus
953 3525 1017 3575 ut
1047 3520 1156 3576 hoc
1177 3524 1386 3576 nostra
1417 3518 1730 3574 voluntatis
1777 3533 1985 3588 propo-

337 3609 521 3666 situm
555 3610 992 3664 commendaret
1020 3608 1270 3674 eﬁ'ectui,
1330 3612 1388 3663 et
1433 3607 1623 3679 ipsam
1682 3605 1985 3660 ecclesiam

337 3698 528 3755 sancti
557 3697 849 3753 Timothei
875 3714 1008 3753 cum
1040 3697 1164 3753 suis
1196 3695 1482 3753 reditibus
1542 3693 1984 3766 stipendiariam

336 3787 456 3844 Deo
488 3786 728 3854 faciens,
760 3786 1132 3842 tamulaturis
1162 3785 1307 3841 inibi
1329 3784 1576 3851 clericis,
1596 3801 1664 3839 ex
1688 3782 1818 3839 aliis
1848 3798 1982 3855 pos-
2014 3765 2059 3831 C

337 3875 704 3931 sessionibus
736 3874 923 3930 sancti
953 3874 1197 3947 Remigii
1228 3875 1287 3928 in
1319 3891 1425 3929 suo
1458 3871 1717 3928 coenobio
1749 3871 1989 3943 supple.

336 3967 606 4019 mentum
620 3968 914 4035 repararet
929 3963 1366 4036 hospitalitatis.
1387 3960 1493 4024 Qui
1513 3960 1759 4016 libenter
1777 3963 1987 4014 nostrae

344 4051 698 4108 ordinationi
721 4051 936 4124 paruit,
968 4056 1024 4107 et
1049 4052 1157 4106 sub
1189 4055 1386 4105 nostro
1409 4048 1774 4104 auctoritatis
1813 4046 1989 4118 privi-

328 4138 482 4212 legio
515 4139 824 4195 duodecim
850 4139 1161 4195 canonicos
1186 4139 1243 4193 iu
1269 4139 1470 4194 eodem
1487 4136 1612 4191 loco
1632 4135 1986 4208 aggregavit,

329 4232 511 4301 utque
542 4228 887 4300 regulariter
916 4229 1135 4284 ibidem
1159 4227 1353 4282 divino
1375 4225 1714 4280 insisterent
1753 4223 1986 4279 servitio

329 4316 672 4372 canonicam
704 4317 1076 4389 praebendam
1100 4315 1183 4371 eis
1205 4313 1477 4369 instituit.
1513 4314 1642 4368 Haec
1671 4329 1807 4385 ergo
1849 4331 1983 4368 cou-

327 4404 556 4461 stitutio
589 4409 654 4460 ut
683 4406 846 4462 ﬁeret
866 4404 1173 4473 efﬁcacior,
1204 4421 1310 4458 nos
1332 4418 1563 4475 quoque
1586 4402 1773 4473 ipsius
1805 4401 1984 4457 eccle-

323 4494 428 4550 sias
444 4493 629 4550 altare
652 4495 723 4550 ad
750 4499 1134 4567 augmentum
1159 4491 1434 4565 stipendii
1457 4507 1656 4546 eorum
1680 4496 1984 4563 perpetua-

326 4583 468 4640 liter
496 4583 642 4656 ipsis
667 4601 794 4640 esse
814 4584 1116 4656 proprium
1149 4581 1565 4637 constituimus
1591 4599 1604 4648 ;
1638 4585 1695 4635 et
1726 4580 1984 4652 quandiu

325 4672 449 4728 illic
479 4671 699 4728 fuerint
727 4672 1015 4738 canonici,
1035 4689 1107 4727 ne
1129 4671 1441 4743 quisquam
1467 4686 1774 4726 successor
1790 4673 1986 4724 noster

327 4760 418 4817 eis
437 4759 583 4817 illud
608 4761 836 4818 auferat
857 4761 967 4817 sub
988 4758 1982 4815 divinaauctoritateinterdicimus.

329 4850 615 4906 Praeterea
643 4855 843 4906 ratum
875 4865 1003 4906 esse
1030 4848 1304 4905 volumus
1335 4852 1399 4903 ut
1423 4848 1541 4902 sint
1571 4846 1867 4902 immunes
1911 4847 1984 4901 ab

329 4938 494 4994 omni
526 4938 1070 4996 archidiaconorum
1101 4942 1159 4994 et
1188 4936 1822 5008 archipresbyterorum
1853 4952 1983 4991 exa-

327 5027 546 5095 ctione,
571 5027 748 5100 positi
778 5031 1008 5084 tantum
1032 5026 1141 5082 sub
1183 5025 1368 5082 sancti
1414 5024 1662 5097 Remigii
1718 5025 1983 5081 domina-

2005 1031 2061 1096 A
2091 1041 2274 1096 abbas
2308 1044 2364 1096 et
2385 1039 2716 1096 necessaria
2745 1039 2828 1096 eis
2857 1039 3043 1096 victus
3072 1041 3386 1110 provideat,
3419 1044 3476 1096 et
3505 1039 3555 1096 si
3595 1041 3734 1114 quid

2088 1129 2147 1184 in
2180 1147 2380 1184 eorum
2411 1127 2849 1184 conversatione
2907 1128 3366 1201 reprehensibile
3422 1129 3727 1197 invenerit,

2089 1219 2400 1274 emendare
2433 1222 2680 1288 satagat,
2718 1222 2780 1271 ut
2808 1233 3049 1272 securus
3086 1219 3141 1272 in
3166 1218 3256 1273 die
3282 1218 3486 1287 judicii
3520 1219 3635 1274 Deo
3665 1221 3735 1274 de

2089 1307 2175 1362 eis
2206 1306 2488 1360 rationem
2522 1307 2760 1360 reddere
2791 1305 2996 1360 valeat.
3031 1307 3151 1368 Quo
3184 1311 3392 1361 nostra:
3425 1307 3737 1362 ordinatio-

2093 1396 2183 1450 nis
2207 1397 2503 1449 decretum
2529 1411 2599 1448 ne
2631 1394 2764 1464 quis
2783 1393 3122 1460 convellere,
3144 1394 3230 1448 vel
3257 1395 3628 1465 aliquatenus
3658 1401 3735 1450 te-

2092 1500 2315 1540 merare
2346 1487 2680 1554 praesumat,
2715 1483 2824 1536 sub
2860 1482 3228 1536 anathemate
3250 1483 3733 1553 prohibemus,ad

2092 1578 2460 1644 posterorum
2494 1571 2836 1625 memoriam
2895 1571 2949 1624 id
3003 1571 3482 1625 commendantes
3538 1571 3734 1627 chiro-

2092 1662 2313 1735 grapho
2346 1661 2456 1716 sub
2496 1659 2923 1732 episcoporum,
2967 1660 3267 1725 abbatum,
3329 1660 3740 1731 majorumque

2093 1750 2278 1806 nostri
2311 1749 2467 1819 cleri,
2501 1754 2557 1804 et
2578 1754 2918 1804 cmterorum
2961 1748 3218 1802 fidelium
3253 1752 3584 1804 nostrorum
3639 1749 3738 1820 qui

2092 1839 2484 1895 interfuerunt
2504 1838 2857 1893 testimonio.
2888 1837 3202 1891 Prandium
3239 1842 3433 1892 autem
3468 1838 3618 1908 quod
3646 1855 3738 1893 ca-

2092 1928 2285 1984 nonici
2319 1929 2542 1983 Sanctae
2577 1927 2770 1982 Mariae
2809 1927 2986 1995 hujus
3018 1930 3332 1981 Remorum
3365 1926 3619 1982 ecclesiae
3652 1927 3737 1982 illi

2094 2017 2458 2088 accipiebant
2484 2015 2540 2070 in
2565 2015 2873 2071 festivitate
2907 2020 3243 2069 sanctorum
3275 2018 3598 2087 martyrum
3643 2016 3739 2070 Ti-

2096 2104 2312 2159 mothei
2346 2108 2400 2159 et
2430 2103 2806 2176 Apollinaris,
2842 2119 2944 2174 pro
3007 2103 3102 2156 Dei
3161 2120 3378 2174 amore,
3440 2106 3496 2157 et
3541 2107 3739 2159 nostro

2094 2193 2569 2247 condonaverunt
2623 2191 2923 2246 communi
2983 2207 3274 2247 consensu
3326 2193 3741 2263 perpetualiter

2094 2281 2291 2336 abbati
2336 2280 2657 2349 Herimaro,
2710 2283 2766 2333 et
2823 2280 3147 2351 supradicis
3197 2280 3444 2348 clericis,
3505 2284 3570 2335 ut
3623 2281 3741 2336 sint

2096 2385 2299 2424 eorum
2333 2368 2560 2437 fratres,
2590 2368 2971 2439 ipsorumque
3025 2369 3367 2424 memoriam
3418 2369 3635 2424 faciant
3679 2370 3738 2424 in

2098 2457 2458 2513 orationibus
2481 2456 2626 2523 suis,
2673 2459 2841 2526 cujus
2895 2455 3224 2511 donationis
3281 2456 3610 2528 largitatem
3671 2475 3742 2512 ne

2097 2547 2230 2618 quis
2261 2545 2583 2602 convellere
2628 2546 2838 2600 audeat
2891 2546 3105 2600 futuris
3155 2545 3540 2617 temporibus,
3600 2563 3736 2601 cum

2097 2634 2495 2690 coessentibus
2529 2635 2696 2689 nobis
2713 2633 3002 2705 episcopis
3024 2638 3080 2688 et
3112 2634 3270 2688 omni
3301 2633 3472 2701 clero,
3507 2635 3616 2689 sub
3648 2635 3740 2690 di-

2094 2723 2213 2778 vini
2241 2723 2503 2778 numinis
2532 2723 2916 2778 obtestatione
2948 2721 3397 2777 comminamur.

2169 2817 2196 2876 ψ
2232 2812 2477 2883 Signum
2509 2811 2707 2866 domui
2739 2809 2993 2865 Gervasii
3024 2810 3276 2880 archiep.

2170 2905 2195 2964 ’ί
2233 2901 2476 2970 Signum
2511 2899 2780 2954 Eliuandi
2811 2898 3074 2952 Lauduu.
3106 2897 3381 2971 episcopi.

2170 2993 2197 3054 1
2224 2988 2467 3060 Signum
2498 2987 2771 3043 Adelardi
2805 2988 3106 3043 Suessiou.
3139 2988 3282 3060 epis.

2171 3083 2197 3143 t
2234 3078 2478 3150 Signum
2513 3078 2803 3132 Frotlandi
2827 3079 3043 3134 Silvau.
3071 3077 3215 3149 epis.

2170 3171 2197 3232 ’r
2225 3167 2470 3239 Signum
2493 3167 2762 3222 Widonis
2784 3167 3014 3222 Beluae.
3049 3167 3192 3238 epis.

2171 3260 2197 3320 ’r
2234 3255 2478 3327 Signum
2510 3255 2728 3310 Odonis
2757 3255 3172 3311 archidiaconi.

2170 3348 2198 3408 t
2235 3343 2480 3415 Signum
2512 3343 2792 3398 Herimari
2818 3345 3050 3400 abbatis
3076 3344 3260 3400 sancti
3282 3341 3550 3414 Remigii.

2166 3435 2374 3486 Actum
2396 3432 2592 3487 Remis
2624 3431 2856 3503 publice
2887 3450 3038 3488 anno
3068 3433 3293 3487 Incaru.
3315 3431 3542 3486 Domin.
3579 3431 3738 3485 1(64.

2096 3521 2412 3576 indictione
2444 3538 2504 3588 ιι,
2540 3525 2820 3594 regnante
2875 3521 3144 3594 Philippo
3177 3537 3310 3592 rege
3367 3538 3460 3576 an.
3511 3537 3546 3576 v
3604 3519 3741 3574 Idus

2094 3610 2274 3665 Junii.
3110 3624 3115 3630 ·

2881 3699 2952 3754 ΙΙ.

2194 3790 2299 3844 Pro
2329 3782 2663 3858 fu'ndatz'one
2691 3788 2924 3844 abbatia:
2965 3788 3018 3843 S.
3051 3788 3310 3858 Dionysii
3343 3786 3638 3841 Remensis.

2720 3877 2905 3945 (Auno
2940 3876 3122 3946 1067.)

2312 3964 2486 4033 [Actes
2515 3964 2578 4018 de
2607 3963 2662 4017 la
2689 3966 2942 4034 province
2972 3963 3036 4019 de
3069 3965 3267 4030 Reims,
3305 3963 3373 4030 ΙΙ,
3403 3962 3520 4034 79.]
3819 4031 3822 4034 ,

2169 4052 2382 4106 Notum
2408 4051 2535 4106 volo
2569 4051 2976 4123 praesentibus,
3009 4068 3112 4107 nec
3135 4051 3398 4124 ignotum
3431 4051 3508 4107 sit
3550 4059 3741 4122 poste-

2098 4141 2198 4210 ris,
2233 4141 2386 4212 quod
2418 4157 2523 4213 ego
2555 4140 2867 4196 Gervasius
2885 4141 3063 4211 hujus
3094 4146 3307 4197 sancta:
3343 4141 3500 4197 sedis
3532 4142 3740 4197 Remo-

2097 4245 2225 4283 rum
2261 4229 2674 4301 antistes,post
2694 4228 2939 4285 aliarum
2961 4230 3446 4286 restaurationem
3471 4229 3741 4285 ecclesia-

2097 4334 2227 4372 rum
2252 4334 2376 4389 quze
2399 4321 2518 4372 tam
2540 4323 2829 4374 vetustate
2865 4335 3043 4391 quam
3070 4318 3426 4392 negligentia
3448 4318 3741 4372 destitutae

2096 4424 2161 4463 ac
2177 4408 2414 4462 desertae
2447 4408 2516 4462 ab
2549 4407 2810 4480 antiquis
2841 4409 3200 4480 apparebant
3221 4405 3745 4478 temporibus,bea~

2096 4496 2140 4550 ti
2161 4494 2422 4568 Dionysii
2458 4497 2724 4567 quaejam
2749 4513 2894 4568 pene
2923 4495 3202 4551 annulata
3224 4495 3410 4549 fuerat
3439 4492 3741 4549 ecclesiam

2092 4601 2368 4640 renovare
2399 4585 2667 4656 apposui;
2705 4601 2884 4656 quam
2905 4583 3043 4639 olim
3073 4582 3452 4639 celeberrime
3475 4582 3742 4646 ditatem,

2093 4674 2400 4746 ingruente
2431 4673 2675 4738 malitia,
2696 4674 2767 4728 ad
2801 4689 3095 4729 summam
3115 4671 3416 4727 devenisse
3439 4674 3746 4742 pauperta-

2089 4767 2207 4818 tem
2269 4763 2604 4834 frequeuter
2654 4761 3014 4819 transeundo
3047 4761 3360 4816 miseratus
3414 4758 3738 4828 condolui;

2093 4850 2471 4922 adhibitaque
2506 4851 2741 4906 tandem
2767 4849 3089 4923 diligentia,
3124 4849 3576 4905 restaurationis
3597 4865 3746 4922 opus

2093 4939 2448 5011 operatione,
2481 4943 2797 5007 structura,
2833 4939 3247 5018 Deiprzesente
3278 4938 3608 5012 gratia,uon
3626 4938 3744 4993 dis-

2092 5028 2224 5098 tuli,
2248 5029 2548 5083 destructa
2579 5028 2956 5095 reasdilicans,
2991 5045 3117 5100 quae
3152 5029 3392 5084 fundata
3422 5044 3536 5082 non
3583 5030 3748 5082 erant

324 5115 512 5179 tione,
541 5118 656 5173 sub
676 5120 878 5174 nostra
896 5120 1094 5172 tamen
1117 5118 1426 5187 potestate,
1460 5119 1516 5168 et
1538 5113 1769 5170 abbatis
1793 5114 1984 5185 subje-
2014 5135 2062 5198 Β
2093 5135 2121 5172 a
2155 5117 2553 5172 fundamentis
2596 5120 2966 5172 construens.
2990 5118 3061 5172 Et
3090 5117 3228 5188 quia
3257 5117 3327 5171 ad
3362 5132 3627 5171 mensam
3658 5132 3746 5169 ca-

330 5205 549 5276 ctioue,
571 5206 1071 5278 quemadmodum
1092 5208 1148 5260 et
1163 5202 1434 5282 monachi
1458 5203 1645 5275 ipsius
1669 5203 1855 5258 sancti
1880 5203 1986 5258 Re-

331 5295 503 5369 migii
538 5313 551 5352 :
585 5299 642 5352 et
665 5295 819 5351 sicut
839 5311 1041 5351 curam
1062 5310 1129 5349 ex
1146 5309 1348 5350 eorum
1379 5291 1688 5347 animabus
1712 5293 1894 5347 abbas
1917 5293 1988 5347 de

329 5387 535 5440 nostra
549 5384 830 5457 suscepit,
855 5384 1061 5440 eodem
1081 5382 1255 5438 modo
1281 5383 1350 5437 de
1374 5381 1714 5437 eorumdem
1749 5380 1985 5437 clerico-

331 5489 468 5528 rum
497 5473 811 5530 animabus
840 5490 1042 5529 curam
1091 5489 1125 5527 a
1177 5471 1348 5526 nobis
1407 5471 1712 5542 suscipiat,
1745 5470 1988 5543 ipseque

333 5563 606 5618 eamdem
626 5564 845 5619 decano
861 5578 1035 5634 quem
1061 5559 1173 5616 sibi
1192 5559 1265 5615 ad
1286 5575 1488 5613 eorum
1507 5559 1834 5614 custodiam
1854 5559 1988 5614 ﬁde-

333 5649 456 5708 lem
487 5650 858 5708 substituerit
894 5667 1073 5707 manu
1105 5666 1212 5705 sua
1260 5647 1619 5716 committat;
1673 5649 1798 5719 ipse
1855 5664 1988 5704 vero

2096 5203 2444 5258 nonicorum
2463 5202 2710 5258 domina:
2735 5221 2873 5259 mea»
2898 5208 3110 5260 sanctae
3134 5204 3228 5259 Dei
3250 5201 3550 5274 genitricis
3571 5201 3744 5272 perti-

2098 5292 2291 5361 nebat,
2328 5291 2398 5346 ab
2432 5291 2576 5363 ipsis
2607 5292 2745 5348 filiis
2778 5293 2924 5348 meis
2947 5310 3075 5348 eam
3109 5293 3219 5348 sub
3249 5307 3427 5346 censu
3453 5277 3572 5344 sext
3609 5288 3744 5344 soli-

2099 5382 2310 5436 dorum
2334 5381 2598 5435 omnium
2618 5383 2912 5437 voluntate
2935 5382 3153 5454 accepi,
3185 5382 3465 5452 perpetua
3484 5377 3747 5434 libertate

2101 5469 2434 5524 donandum
2461 5487 2473 5537 ;
2507 5470 2614 5525 hac
2648 5471 3074 5526 consuetudine
3105 5472 3329 5525 retenta
3346 5472 3409 5522 ut
3431 5468 3746 5524 servientes

2099 5574 2324 5623 eorum,
2342 5561 2461 5612 tam
2496 5559 2811 5614 familiares
2827 5575 3010 5630 quam
3035 5556 3558 5626 communes,sicut
3578 5560 3746 5612 antea

2099 5646 2386 5713 solebant,
2413 5647 2804 5720 absqueomni
2839 5649 3137 5705 exactione
3172 5645 3629 5719 alicujuspretii,
3663 5644 3742 5698 ibi
