4138 6186
525 305 682 369 “03
1610 302 2085 369 LEODEGARII
2127 308 2159 369 Α

2183 307 2495 374 RCHIEP.
2542 311 2806 377 VIENN.
3692 322 3808 387 μοι

521 462 836 538 sepultum
865 459 1269 529 traderentur;
1302 464 1360 518 et
1411 459 1541 532 ipsa
1588 459 1832 517 ecclesia
1885 475 2163 531 processu
2195 446 2248 510 Α
2279 450 2588 519 crevimus,
2624 451 2797 508 modo
2817 466 3051 525 quoque
3080 450 3454 521 decernimus,
3475 468 3574 526 quo
3597 453 3655 511 de
3692 457 3810 513 omni

518 553 820 626 temporis.
851 552 1046 623 aliqua
1077 568 1215 606 casu
1250 549 1502 605 rediviva
1550 547 1902 617 calamitate,
1934 549 2006 603 ad
2038 566 2167 604 eam
2279 540 2565 596 bonorum
2600 557 2863 597 meorum
2895 541 3226 597 substantia
3267 540 3624 600 indifferenter
3660 546 3814 602 statui-

519 660 646 715 quae
677 643 841 714 prius
870 646 995 696 erat
1024 640 1333 706 decideret,
1384 656 1585 693 eorum
1635 638 1790 693 sicut
1840 638 2003 709 prius
2049 644 2171 692 erat
2279 645 2433 683 mus.
2467 629 2646 699 Cujus
2676 629 3114 687 constitutionis
3146 635 3355 686 nostra:
3377 632 3640 688 decretum
3665 638 3717 689 ut
3750 651 3814 690 ra-

519 731 788 803 potestati
811 730 1173 800 subjiciatur,
1209 728 1321 783 nisi
1351 727 1523 799 culpa
1565 726 1651 782 vel
1684 727 1876 781 studio
1901 727 2164 797 ipsorum
2277 722 2402 772 tum
2428 718 2891 791 inviolatumque
2903 720 3201 791 perpetuis
3219 719 3402 775 valeat
3417 721 3817 791 temporibus,no-

518 819 817 875 acciderit.
2277 810 2407 862 stris
2447 808 2810 863 auctoritatis
2863 807 3078 880 scripto
3103 809 3365 880 praesenti
3409 810 3722 877 roboramus,
3760 812 3816 867 si-

588 906 1051 979 Ecclesiaitaque
1070 923 1195 962 meo
1219 910 1458 977 sumptu
1473 910 1529 960 et
1550 904 1746 960 labore
1768 904 1838 959 ad
1872 904 2165 974 integrum
2276 895 2518 969 gillique
2550 897 2731 952 nostri
2760 896 3146 969 impressione
3176 896 3584 970 consignamus.

514 995 804 1061 restituta,
838 1010 967 1048 cum
1024 994 1269 1049 diversis
1326 993 1586 1049 aediﬁciis
1635 993 1707 1047 ad
1758 993 2165 1048 necessitatem
2346 987 2553 1041 Actum
2614 985 2831 1052 Remis,
2891 1002 3044 1041 anno
3110 985 3515 1041 Incarnationis
3581 988 3817 1043 Dominicis

514 1083 763 1137 fratrum
798 1082 1275 1150 accommodatis,
1306 1082 1616 1137 canonicos
1638 1080 1854 1135 ibidem
1878 1081 1950 1135 ad
1982 1080 2162 1135 hono-
2277 1075 2433 1140 1067,
2468 1074 2788 1130 Indictione
2816 1092 2868 1142 v,
2904 1079 3183 1147 regnante
3203 1073 3452 1146 Philippo
3472 1090 3593 1147 rege
3608 1092 3817 1147 annovn,

512 1188 631 1225 rem
665 1176 722 1225 et
744 1170 1122 1226 anniversarii
1152 1171 1261 1225 mei
1323 1170 1883 1225 commemoratione
1940 1173 2156 1224 sanctae
2272 1164 2612 1236 epicopatus
2643 1164 2756 1219 mei
2786 1180 2938 1219 anno
2967 1181 3070 1218 χιι.

509 1259 699 1314 Maria:
722 1260 790 1313 ad
833 1276 1005 1314 usum
1058 1260 1372 1314 concedere
1420 1259 1860 1321 canonicorum,
1904 1274 2156 1328 quorum
2346 1251 2647 1308 Odalricus
2678 1251 3061 1308 cancellarius
3091 1251 3500 1323 scripsitatque
3524 1253 3817 1325 subscripsit.

510 1348 795 1403 decimam
833 1347 965 1401 huic
996 1347 1251 1401 ecclesiae
1284 1347 1634 1410 habendam,
1671 1347 1821 1401 sicut
1859 1346 1996 1400 olim
2058 1346 2158 1401 de-

2627 1489 3812 1532 ω

509 1526 767 1537 n-A———-——-——

1870 1657 2024 1696 ΑΝΝΟ
2064 1656 2269 1696 DOMINI
2310 1657 2528 1696 MLXVII.

1537 1836 2283 1997 LEODEG
2310 1834 2881 1996 ARIUS

852 2138 1627 2234 VIENNENSIS
1700 2136 2352 2233 ECCLESI/E
2418 2132 3534 2232 ARCHIEPISCOPUS.

1615 2469 2081 2558 NOTITIA
2142 2439 2780 2561 HISTORICA.

1394 2648 1511 2720 (Ea;
1540 2647 1720 2704 Gallia
1751 2649 2088 2719 Christiana,
2118 2652 2230 2704 vet.
2262 2648 2424 2718 edit.,
2449 2652 2592 2716 tom,
2616 2647 2660 2718 Ι,
2695 2663 2829 2722 pag.
2860 2647 3011 2719 799.)

566 2902 955 2975 Leodegarius
985 2904 1321 2975 recensetur
1341 2900 1399 2975 in
1423 2897 1741 2975 diplomate
1768 2898 2205 2975 Ermengardis,
2234 2897 2905 2975 Bodulpbipurgundim
2934 2897 3089 2975 regis
3119 2898 3414 2975 conjugis,
3444 2895 3696 2975 an._1037,
3715 2905 3822 2947 cum

493 2975 695 3051 Pontio
714 2968 1041 3051 Valentino,
1065 2971 1302 3028 Artaldo
1330 2968 1886 3051 Gratianopolita‘no,
1912 2968 2133 3051 etaliis
2156 2968 2471 3051 episcOpis.
2510 2968 2728 3051 Vtitani,
2751 2984 2972 3051 mores,
3000 2968 3163 3051 ortus
3184 2968 3243 3051 et
3277 2968 3440 3050 actus
3459 2972 3820 3051 antecessorqu

494 3036 1071 3128 archiepiscoporum
1099 3042 1566 3128 Opere'ezraravit,
1590 3036 1880 3128 utlegitur
1908 3041 1967 3096 in
1993 3036 2275 3128 Qhronico
2299 3036 2409 3128 me;
2433 3059 2445 3108 ;
2471 3036 3164 3128 subscribit‘testamento
3187 3040 3453 3128 Hugnonis
3473 3036 3819 3128 archiepiscqpi

495 3104 911 3174 Bizonticensis
939 3116 1098 3181 4044,
1129 3104 1231 3169 vm
1256 3112 1379 3169 Kal.
1411 3104 1639 3184 Apriis;
1674 3104 1755 3168 ad
1778 3128 1952 3183 quem
1984 3113 2160 3168 etiam
2193 3112 2303 3168 Leo
2336 3112 2406 3167 IX
2435 3104 2588 3184 papa
2607 3112 2914 3184 epistolam
2959 3112 3160 3184 misit;
3227 3104 3820 3184 del‘unctusque'pridio

493 3190 630 3247 Idus
653 3189 835 3246 Junil.
866 3190 946 3244 Ex
966 3204 1081 3260 quo
1104 3191 1345 3259 apparet
1366 3182 1647 3241 mendum
1679 3182 1883 3239 eorum
1907 3184 2006 3255 qui
2031 3184 2280 3240 alterum
2312 3182 2718 3255 cognominem
2752 3182 3170 3255 Leodegarium
3193 3183 3656 3257 superinducunt.

490 3358 3819 3390 _____________________________.________—

1467 3512 2246 3608 LEODEGARII
2322 3513 2909 3609 CHARTIE.

1285 3813 1327 3867 Ι.
2166 3814 2215 3880 Β
2245 3809 2358 3882 cipi
2386 3808 2607 3883 ligandi
2638 3814 2814 3884 atque
2835 3811 3096 3868 solvendi
3129 3816 3479 3885 potestatem
3519 3805 3743 3872 contulit,
3780 3804 3823 3857 et

559 3903 850 3960 Ecclesium
873 3902 924 3958 S.
969 3902 1211 3958 Ferreoli
1258 3903 1317 3957 in
1350 3900 1517 3984 plena
1547 3899 1749 3972 synodo
1773 3899 1827 3954 S.
1866 3900 2067 3956 Victori
2180 3942 2191 3951 .
2248 3899 2320 3955 ab
2347 3915 2413 3955 eo
2443 3914 2635 3972 usque
2664 3900 2737 3955 ad
2760 3916 2887 3968 nos,
2903 3900 3038 3956 licet
3059 3900 3358 3973 indignos,
3377 3900 3525 3957 hanc
3543 3897 3819 3984 potestatem

1174 3981 1438 4063 εοησθςῑρξ.
1500 4061 1504 4063 Α
2246 4003 2589 4061 permanere
2618 3988 3301 4062 concessit.Quapropter
3329 4005 3435 4063 ego
3482 3982 3819 4059 Leodegariuli

1107 4062 1297 4133 (Anno
1330 4060 1514 4131 4036-)
2246 4060 2459 4133 sanctis
2491 4077 2697 4134 matris
2726 4077 2997 4134 Ecclesia:
3031 4060 3393 4136 Viennensis
3415 4075 3815 4148 archiepiscopi"

755 4151 1057 4220 [Manrsn.,
1092 4150 1347 4220 Ampliss.
1383 4148 1600 4203 Cotlcct.
1645 4148 1685 4215 Ι,
1722 4148 1869 4218 404.]
2246 4182 2384 4222 omn

2246 4166 2513 4222 omnium
2543 4166 2645 4222 Dei
2671 4166 2934 4222 ﬁdelium
2995 4183 3221 4235 servus,
3278 4166 3539 4240 exemplo
3583 4169 3634 4221 et
3673 4170 3816 4217 amore

558 4252 794 4309 Cunctis
826 4252 1239 4325 liquidopatet
1269 4254 1526 4326 primum
1574 4253 1874 4309 hominem
1930 4271 1965 4309 a
2021 4259 2135 4309 Deo
2246 4255 2738 4327 praedecessorum
2786 4271 3053 4311 meorum
3110 4259 3326 4322 tactus,
3387 4255 3617 4328 cupiens
3664 4259 3820 4305 0mm

485 4340 784 4397 conditum
817 4345 993 4413 atque
1026 4342 1082 4396 in
1117 4341 1388 4414 paradiso
1418 4343 1699 4413 positum,
1723 4346 1806 4410 ut,
1834 4341 2136 4415 sipeccare
2245 4342 2549 4399 ecclesiam
2592 4348 2876 4411 nostram,
2928 4361 3054 4417 quae
3112 4346 3415 4417 quondam
3470 4335 3823 4418 gloriosissimo

486 4429 687 4495 nollet,
718 4430 1124 4487 necessitatem
1145 4430 1423 4502 peccandi
1474 4447 1587 4484 non
1646 4430 1888 4487 haberet
1923 4449 1936 4498 ;
1997 4431 2137 4504 quia
2245 4432 2462 4501 ﬂoruit,
2496 4449 2753 4506 propono
2776 4438 2835 4488 et
2852 4433 3116 4489 desidero
3138 4434 3431 4490 deservire
3452 4428 3750 4489 beatissimo
3773 4435 3822 4477 eo

481 4535 615 4576 vero
641 4519 861 4575 invidia
906 4519 1119 4575 diaboli
1172 4519 1455 4574 seductus
1501 4522 1608 4585 est,
1669 4522 1842 4592 atque
1900 4519 1957 4574 in
2013 4520 2133 4575 hinc
2245 4519 2740 4577 domnoFerreolo
2763 4520 3380 4595 martyri,etcivitatis
3401 4514 3821 4577 nostretribuno,

483 4624 815 4664 aerumnosa
844 4626 878 4663 a
906 4608 1022 4664 Deo
1054 4608 1348 4682 projectus
1378 4606 1601 4676 exsilia,
1635 4624 1836 4664 omnes
1867 4607 2133 4664 homines
2242 4607 2537 4680 siquidem
2567 4608 2814 4665 ecclesia
2834 4609 3020 4681 ipsius
3052 4609 3139 4666 vel
3190 4611 3540 4675 ccenobium,
3585 4601 3718 4679 quod
3748 4613 3821 4652 VO-

487 4713 555 4752 ex
576 4714 643 4753 eo
665 4698 891 4770 genitos
914 4703 1126 4753 natura
1153 4697 1529 4769 postmodum
1554 4695 1805 4767 aequales
1829 4696 1960 4753 lccit
1984 4716 1996 4765 ;
2030 4697 2132 4753 sed
2244 4700 2377 4753 cant
2399 4696 2797 4766 Grinensium,
2822 4698 3350 4772 quadragintorum
3381 4695 3553 4756 simul
3581 4694 3634 4750 in
3652 4706 3706 4748 se
3740 4686 3822 4772 δεῖ

485 4785 660 4855 Deus,
696 4786 795 4858 qui
817 4791 906 4842 est
927 4803 1228 4842 summum
1251 4787 1494 4854 bonum,
1518 4784 1645 4858 ipse
1672 4785 1951 4857 praescius
1973 4786 2130 4841 ςυιυρ
2243 4786 2371 4842 buit
2400 4785 2838 4842 multitudinem
2869 4770 3320 4843 monachorum.
3349 4790 3465 4844 Nos
3482 4800 3605 4842 vero
3625 4770 3820 4853 ψιοεαά

486 4890 707 4938 rorum,
740 4876 1115 4945 postmodum
1139 4892 1242 4946 per
1271 4874 1457 4930 multa
1505 4891 1795 4929 annorum
1840 4873 2131 4930 curricula
2241 4875 2365 4932 haec
2387 4876 2540 4932 Deus
2573 4874 2828 4932 infelicia
2857 4875 3129 4949 perduxit
3185 4880 3469 4949 tempora,
3515 4874 3562 4929 si
3611 4884 3713 4926 non
3743 4863 3823 4925 ίῑιν

486 4962 787 5017 hominem
818 4979 991 5017 suum
1017 4963 1256 5018 charum
1283 4961 1499 5018 animal
1519 4979 1717 5034 regere
1749 4980 1863 5017 non
1887 4962 2129 5029 destitit,
2242 4964 2447 5020 saltem
2470 4965 2624 5037 quod
2650 4982 2964 5037 possumus
2977 4962 3701 5037 adimplemus.Reddimus
3717 4964 3822 5021 ergo

485 5052 798 5123 imponens
832 5068 1015 5106 unum
1048 5051 1198 5116 aliis,
1231 5050 1591 5124 patriarchas
1614 5051 1972 5123 primitus,et
1998 5069 2128 5124 pro-
2241 5052 2374 5118 sibi,
2405 5052 2671 5108 videlicet
2699 5057 2755 5108 S.
2781 5053 3065 5121 Ferreolo,
3102 5055 3414 5126 ipsiusque
3433 5048 3703 5125 quondam
3722 5054 3818 5095 1110'

482 5139 709 5214 phetas,
744 5156 808 5195 ac
830 5140 1039 5195 deinde
1071 5156 1257 5212 reges,
1291 5140 1360 5194 ad
1392 5144 1717 5195 extremum
1741 5157 1871 5196 vero
1894 5146 2128 5213 tempus
2159 5188 2200 5216 η
2240 5140 2515 5208 nasterio,
2548 5158 2616 5197 ex
2646 5141 2983 5198 haereditate
3012 5141 3200 5213 ipsius
3251 5126 3532 5216 quidquid
3568 5138 3620 5192 in
3664 5130 3822 5216 nostro

483 5188 709 5214 ι’·’νν--ν
745 5188 806 5195 "'
834 5188 1038 5195 """"‘
1072 5188 1257 5212 "O""
1292 5188 1360 5194 ""
1395 5188 1717 5195 '"'"""""
1751 5188 1867 5196 ""
1899 5188 2127 5213 ""'l"'"'
2242 5188 2515 5208 ’⁹’”“’“*·’“’1
2550 5188 2616 5197 "‘
2646 5188 2981 5198 “"'“'“"“""’
3012 5188 3028 5198 '
3075 5188 3200 5200 ’⁸⁸““⁵¹¹’
3297 5188 3391 5199 *⁸*
3441 5188 3532 5197 *⁵*
3568 5188 3619 5192 “”

481 5228 979 5285 sacerdotes.Hazc
1009 5232 1207 5284 autem
1238 5229 1366 5284 ideo
1399 5228 1585 5285 facere
1605 5228 1967 5295 voluit,ut,si
1992 5230 2126 5301 quis
2157 5188 2201 5255 α
2238 5229 2500 5286 dominio
2526 5230 2891 5299 tenebamus,
2924 5188 3068 5287 ceur
3086 5188 3288 5289 etiauil
3321 5188 3637 5298 ubicunque
3686 5212 3822 5275 fuerit

482 5318 611 5388 ejus
641 5334 839 5373 amore
871 5322 1105 5390 peccata
1152 5316 1330 5373 nollet
1384 5317 1586 5383 vitare,
1648 5322 1937 5373 coerceret
1992 5335 2125 5374 eum
2239 5319 2540 5375 inventum
2572 5318 2792 5392 aliquid
2824 5335 2892 5376 ex
2908 5321 3037 5393 ejus
3058 5320 3415 5391 haereditate,
3434 5320 3610 5375 totum
3628 5304 3819 5393 omnino

482 5404 748 5461 videlicet
768 5406 1007 5462 alterius
1039 5405 1263 5462 timore.
1315 5405 1466 5461 Sunt
1509 5406 1705 5478 itaque
1764 5406 1950 5462 multa
2001 5424 2128 5479 quae
2237 5407 2561 5473 reddimus,
2605 5424 2703 5464 eos
2743 5409 2841 5482 qui
2895 5392 3116 5478 tenent,
3180 5411 3231 5465 si
3278 5407 3512 5465 reddere
3558 5392 3817 5458 voluerint.

483 5509 588 5566 per
608 5494 843 5566 Moysen
876 5496 1165 5568 prmcepit,
1187 5504 1235 5551 et
1265 5513 1389 5568 quae
1411 5497 1599 5556 Aaron
1620 5494 1806 5567 primo
1842 5497 2126 5552 sacerdoti
2237 5496 2295 5552 in
2327 5495 2436 5551 hac
2458 5496 2827 5571 eleemosyna
2852 5498 3381 5572 adjungimus.Sed
3402 5498 3457 5553 et
3475 5490 3648 5551 ﬁdelis
3661 5483 3818 5576 nos“?

482 5581 772 5653 injunxit;
807 5583 876 5638 ad
910 5584 1182 5649 ultimum
1214 5601 1348 5642 vero
1370 5584 1433 5640 B.
1459 5584 1623 5639 Petro
1654 5585 1916 5655 apostolo
1965 5585 2124 5657 prin-
2237 5584 2518 5642 Bladinus
2549 5585 2838 5659 quidquid
2868 5587 2939 5643 de
2968 5571 3096 5661 eius
3126 5587 3461 5646 haereditate
3485 5584 3541 5639 in
3585 5571 3815 5635 beneﬂcio
