4138 6186
313 313 466 392 N05

1836 314 2199 399 emam.

3561 327 3717 392 “06

310 453 383 510 de
413 450 584 509 nobis
611 450 872 523 tenebat,
902 456 1090 510 totum
1120 450 1326 511 reddit.
1369 451 1619 525 Insuper
1667 459 1723 510 et
1754 454 1822 509 de
1855 471 1960 508 suo
1992 454 2043 519 Α
2073 452 2241 526 gistri
2275 451 2504 511 scholae.
2541 455 2598 512 S.
2647 454 2901 514 Nertaldi
2952 457 3184 516 abbatis
3233 461 3291 516 S.
3346 461 3494 518 Petri
3543 465 3621 536 (1)
3653 467 3713 522 S.

310 541 477 600 alode
507 541 773 615 largitur.
810 543 927 600 Hoc
977 561 1112 618 ergo
1166 561 1270 616 per
1327 543 1638 599 consilium
1696 544 1954 599 iidelium

307 637 644 688 nostrorum
674 632 948 701 facimus,
979 633 1346 689 collaudante
1379 634 1539 689 omni
1579 633 1731 689 clero
1762 637 1818 688 et
1849 651 1954 706 po-

304 721 444 794 pulo
473 721 730 777 ecclesias
762 728 994 789 nostrae,
1029 723 1271 794 insuper
1291 728 1347 778 et
1370 728 1661 778 annuente
1684 724 1958 778 Hermen-

305 811 490 883 garda
544 809 761 882 inclyta
809 809 1010 882 regina
1057 811 1210 883 regis
1272 811 1500 868 Radulfi
1554 828 1748 880 uxore,
1800 828 1956 867 nunc

304 897 502 953 vidua.
535 898 817 954 Ponimus
867 915 1003 971 ergo
1052 900 1109 954 in
1161 899 1288 972 ipso
1336 899 1460 956 loco
1510 901 1609 956 Dei
1660 917 1857 956 servos
1889 917 1958 955 ex

305 987 666 1043 monasterio
696 988 754 1042 S.
789 987 1040 1044 Victoris
1070 989 1482 1061 gloriosissimi
1518 991 1792 1062 martyris
1816 995 1956 1045 Mas-

303 1075 586 1145 siliensis,
638 1075 954 1149 ipsumque
1017 1077 1212 1133 locum
1271 1096 1405 1134 cum
1465 1079 1740 1134 omnibus
1791 1080 1862 1134 ad
1895 1096 1956 1134 se

303 1165 735 1238 pertinentibus
756 1165 945 1221 eidem
969 1168 1027 1221 S.
1052 1168 1265 1223 Victori
1292 1167 1704 1240 perpetualiter
1719 1168 1954 1234 damus,

302 1258 361 1310 et
390 1253 512 1309 viro
541 1254 881 1309 venerabilii
910 1255 1127 1309 domno
1164 1257 1360 1311 lsarno
1392 1257 1607 1326 abbati,
1643 1274 1744 1328 per
1765 1258 1954 1312 consi-

302 1341 449 1397 lium
481 1346 536 1397 et
558 1341 920 1398 voluntatem
953 1341 1154 1399 domni
1182 1345 1411 1400 abbatis
1435 1345 1700 1401 Odilonis
1723 1345 1954 1401 Clunia-

304 1430 520 1498 censis,
569 1436 626 1487 et
671 1431 936 1487 omnium
986 1433 1234 1488 fratrum
1293 1451 1410 1490 suae
1461 1435 1952 1507 congregationis.

305 1520 481 1576 Facta
505 1520 752 1575 donatio
764 1520 882 1575 haec
897 1519 1355 1594 eleemosynaria
1367 1539 1520 1578 anno
1536 1523 1956 1578 Incarnationis

301 1608 536 1664 Domini
586 1609 772 1664 nostri
824 1613 962 1665 Jesu
1015 1609 1230 1666 Christi
1297 1612 1454 1680 1036,
1509 1611 1829 1667 indictione
1879 1629 1952 1678 iv,

302 1702 510 1770 epacta
537 1715 577 1768 1,
607 1714 761 1753 anno
788 1715 886 1752 vm
937 1697 1309 1770 imperatoris
1365 1701 1759 1756 Romanorum
1809 1699 1955 1755 Con-

2068 545 2251 599 Pontii
2294 547 2370 614 (‘2)
2403 545 2648 601 abbatis.
2687 545 2742 601 S.
2779 545 3080 604 Dothmari
3113 549 3340 606 abbatis
3373 555 3447 623 (3)
3480 555 3537 609 S.
3571 554 3715 611 Wil-

2065 631 2224 688 lelmi
2284 635 2357 704 (4)
2417 635 2599 705 patris
2663 635 3110 709 archiepiscopi.
3171 640 3228 693 S.
3278 640 3560 697 Willelmi
3611 643 3716 699 ﬁlii

2067 723 2216 792 ejus.
2249 728 2304 776 S.
2355 723 2659 778 Humberti
2709 725 2940 781 comitis
3011 732 3066 780 Β.
3123 728 3406 785 Hectoris.
3458 732 3516 786 S.
3568 735 3716 787 Her-

2065 812 2210 866 berti
2252 817 2308 865 et
2351 812 2573 867 Artaldi
2627 813 2823 868 fratris
2873 816 3024 884 ejus.
3076 817 3133 871 S.
3187 819 3447 873 Herberti
3494 837 3714 892 praepo-

2066 900 2161 955 siti
2211 901 2462 958 Diensis.
2515 903 2571 956 S.
2623 903 2869 957 Arnulﬁ.
2923 904 2980 958 S.
3036 906 3311 961 Adalardi
3359 908 3590 964 abbatis
3639 911 3715 981 (5)

2068 990 2499 1062 Lugdunensis,
2535 992 2593 1046 S.
2620 991 2851 1047 Hodrici
2879 994 2952 1065 (6)
2985 994 3231 1050 abbatis.
3275 997 3332 1050 S.
3373 998 3610 1069 Eugenii
3638 1001 3716 1070 (7)

2066 1079 2315 1134 abbatis.
2351 1081 2408 1134 S.
2447 1079 2662 1150 Ugonis
2693 1082 2976 1135 canonici.
3028 1083 3085 1138 S.
3141 1084 3364 1138 Girardi
3416 1085 3620 1142 levitas.
3654 1089 3712 1143 S.

2067 1168 2294 1222 Girardi
2328 1168 2614 1237 canonici,
2648 1169 2705 1224 S.
2743 1170 2975 1226 Milonis
3017 1172 3298 1227 canonici.
3351 1178 3404 1227 S.
3439 1175 3714 1230 Adelardi

2065 1256 2734 1327 canonicigrammutici.
2853 1261 3132 1315 Ucrliunis
3176 1263 3390 1318 Bancbi
3425 1265 3710 1319 canonici.

2067 1346 2124 1400 S.
2156 1344 2423 1398 Blandini
2459 1345 2610 1398 laici.
2647 1353 2701 1400 S.
2742 1349 3024 1401 ltencouis
3073 1348 3110 1402 l.
3159 1354 3214 1403 S.
3268 1351 3515 1422 Vidgerii
3549 1370 3717 1407 cano-

2068 1434 2178 1487 nici
2212 1434 2267 1487 S.
2303 1433 2562 1504 Hugonis
2601 1435 2963 1490 subdiaconi.
3012 1437 3068 1490 S.
3126 1439 3419 1493 Lamberti
3471 1441 3707 1495 subdia-

2067 1522 2216 1576 coni.
2249 1527 2304 1577 S.
2343 1523 2640 1578 llotmaris
2700 1523 3065 1579 subdiaconi.
3114 1527 3170 1580 S.
3227 1526 3538 1582 liothbaldi
3571 1529 3716 1584 sub-

2068 1610 2317 1666 diaconi.

2865 1722 2930 1775 ll.

301 1786 452 1842 radi.
487 1787 876 1843 Obsecremus
931 1787 1128 1859 itaque
1179 1804 1246 1842 ex
1295 1789 1636 1844 auctoritate
1689 1790 1949 1862 omnipo-

2069 1805 2268 1890 Charta
2289 1808 2612 1890 beodggarii
2633 1808 3029 1890 archiepiscopi
3045 1811 3390 1890 .V-z'enn‘cnsis.
3419 1814 3716 1870 Ecclesium

301 1875 482 1931 tentis
512 1874 634 1943 Dei,
683 1875 893 1941 Patris,
943 1879 1000 1931 et
1049 1876 1198 1944 Filii,
1250 1881 1306 1932 et
1352 1878 1604 1949 Spiritus
1655 1879 1862 1946 sancti,
1891 1895 1956 1934 ac

303 1968 508 2020 nostra
568 1964 1046 2029 contradicimus,
1117 1970 1173 2021 et
1236 1967 1836 2034 excommunicamus,
1891 1972 1957 2022 ut

301 2053 505 2109 nullus
537 2070 943 2110 successorum
977 2059 1313 2110 nostrorum
1353 2055 1608 2112 ecclesiae
1641 2057 1820 2128 hujus
1852 2074 1954 2112 no-

302 2146 438 2198 stra:
465 2143 827 2214 pontiﬁcum,
875 2143 994 2198 sive
1045 2143 1241 2215 aliqua
1290 2161 1538 2216 persona
1591 2145 1956 2218 disrumpere

303 2230 394 2286 vel
417 2230 743 2303 inquietare
763 2230 880 2286 ullo
898 2231 1070 2286 modo
1094 2232 1243 2288 hanc
1265 2231 1749 2306 elemosynariam
1781 2236 1956 2290 dona-

305 2318 528 2376 tionem
551 2317 739 2374 valeat
759 2318 846 2376 vel
881 2319 1112 2375 audeat.
1147 2320 1308 2384 Quod
1341 2321 1390 2376 si
1425 2322 1646 2388 fecerit,
1679 2324 1954 2380 omnibus

305 2408 411 2464 Dei
441 2407 954 2464 maledictionibus
983 2408 1304 2479 subjaceat,
1337 2415 1395 2466 et
1417 2411 1488 2466 ab
1510 2411 1752 2468 ecclesia
1773 2413 1872 2468 Dei
1895 2413 1953 2467 in

304 2496 400 2553 die
413 2496 622 2568 judicii
647 2501 975 2569 separatus,
1007 2497 1066 2552 in
1102 2498 1328 2555 inferno
1360 2499 1681 2572 sepeliatur
1709 2502 1953 2558 damna-

301 2590 422 2642 tus.
458 2587 704 2658 Insuper
722 2589 778 2641 et
803 2585 926 2642 haec
947 2591 1149 2643 nostra
1167 2588 1403 2644 donatio
1426 2590 1595 2647 firma
1621 2607 1686 2646 ac
1724 2591 1953 2646 stabilis

299 2679 644 2747 permaneat
675 2691 810 2730 cum
841 2674 1218 2748 stipulatione
1249 2677 1522 2732 subnixa.

372 2764 490 2836 Ego
511 2763 715 2836 Nuspa
727 2764 1054 2820 monachus
1076 2767 1146 2820 ad
1171 2765 1353 2821 vicem
1376 2767 1573 2822 domni
1599 2768 1950 2837 cancellarii,

301 2854 520 2909 domno
570 2853 1006 2926 archiepiscopo
1075 2854 1426 2927 Leodegario
1477 2855 1729 2912 dictante
1782 2862 1956 2929 atque

300 2943 620 2999 mandante
652 2942 882 3014 scripsi,
917 2958 1070 2998 anno
1093 2942 1481 2999 ordinationis
1503 2946 1630 3014 ejus
1650 2961 1727 3012 v1,
1753 2962 1815 2999 ιιι
1839 2945 1950 2999 No-

300 3047 408 3088 nas
438 3031 805 3098 Novembris,
834 3030 978 3100 luna
1007 3048 1063 3102 Χ,
1098 3030 1240 3086 feria
1269 3049 1343 3086 ιν.

369 3121 513 3175 Acta
541 3119 769 3192 publice
800 3120 860 3174 in
892 3120 1112 3192 synodo
1164 3120 1480 3176 Viennensi
1529 3121 1587 3175 in
1640 3119 1949 3192 praesentia
1991 3189 2005 3195 Α

2136 1878 2326 2003 ῗαηεὲἱ
2412 1878 2831 1950 δῃιηρὴονιάηῐ
2884 1878 3126 1936 cazhobio
3209 1882 3399 1938 Sancti
3469 1887 3718 1942 Ferreoli

2136 1966 2320 2003 tona.

2136 1966 2320 2004 uomit.

2681 2040 2866 2109 (Anno
2908 2041 3102 2112 1037.)

2406 2127 2698 2198 (Murem,
2732 2129 2828 2184 ubi
2857 2145 3046 2200 supra,
3083 2129 3190 2185 col.
3223 2131 3374 2202 504.]

2189 2275 2200 2288 .
2282 2234 2431 2288 Dum
2510 2233 2609 2288 Dei
2675 2235 3097 2306 omnipotentis
3156 2236 3712 2295 ordinatissima.....

2065 2327 2404 2377 sanctorum
2437 2339 2846 2391 canonum,....
2873 2327 3163 2395 quatenus
3197 2341 3286 2380 res
3309 2326 3714 2384 ecclesiasticae

2065 2428 2099 2464 a
2152 2412 2389 2481 cujus...
2446 2412 2670 2468 ordinis
2719 2429 2980 2485 persona:
3035 2431 3068 2468 a
3119 2430 3467 2486 quocunque
3513 2417 3713 2488 acqui-

2065 2500 2208 2568 sitaa,
2243 2518 2316 2555 an
2360 2519 2465 2557 nos
2505 2502 2775 2573 quamvis
2815 2519 3212 2573 possessas“...
3245 2502 3497 2560 utilitate
3528 2522 3714 2578 quan-

2062 2590 2280 2645 tumvis
2306 2590 2589 2659 adiiiciis,
2617 2591 3091 2663 possessionibus
3106 2609 3170 2647 ac
3183 2591 3554 2662 substantiis,
3581 2611 3715 2652 mox

2064 2678 2134 2733 ab
2156 2677 2488 2734 haeredibus
2511 2678 2764 2735 ecclesia:
2788 2680 2856 2734 ad
2874 2697 3051 2751 quam
3067 2680 3203 2750 jure
3224 2681 3715 2754 pertinent,justa

2063 2767 2286 2822 ratione
2310 2768 2547 2823 fuerunt
2572 2769 2874 2840 requisita,
2899 2785 3033 2824 cum
3051 2769 3326 2824 omnibus
3347 2770 3571 2842 absque
3593 2772 3714 2829 ulla

2060 2857 2378 2911 reddantur
2427 2857 2854 2925 contrarietate,
2908 2856 3174 2912 nolentes
3224 2873 3359 2914 vero
3407 2861 3647 2917 reddere
3679 2879 3714 2917 a

2060 2951 2272 3000 sancta:
2299 2946 2392 3000 Dei
2428 2945 2681 3000 ecclesiae
2718 2944 3007 3017 segregari
3041 2946 3249 3002 debere
3269 2947 3562 3003 societate.
3588 2950 3707 3022 Ego

2062 3033 2448 3103 Leodcgarius
2499 3039 2712 3089 sanctae
2765 3033 2966 3089 matris
3042 3034 3309 3090 Ecclesia
3359 3035 3708 3094 Viennensis

2056 3122 2516 3178 Christianorum
2577 3123 3073 3195 archiepiscopus,
3125 3123 3390 3178 omnium
3436 3127 3537 3181 Dei
3573 3127 3710 3182 fide-

297 3209 502 3265 domni
535 3208 867 3281 Leodegarii
890 3208 1308 3282 archiepiscopi
1332 3215 1386 3265 et
1411 3210 1825 3266 canonicorum
1857 3210 1946 3282 ip-
1979 3193 2020 3254 C
2060 3209 2206 3264 lium
2239 3228 2464 3276 servus,
2499 3217 2702 3266 notum
2746 3229 2873 3267 esse
2912 3211 3039 3266 volo
3079 3218 3291 3268 nostra:
3331 3213 3703 3270 ecclesiae"...

295 3298 424 3355 sius
447 3297 700 3354 ecclesiae
731 3298 1172 3370 multorumque
1203 3297 1478 3377 fidelium
1497 3299 1776 3354 abbatum
1820 3317 1940 3356 mo-

295 3385 643 3453 nachorum,
667 3386 1032 3458 aliarumque
1057 3385 1400 3443 clericorum
1424 3387 1787 3444 diversorum
1810 3380 1943 3462 gra-

296 3475 483 3531 duum
514 3475 630 3532 fere
661 3475 1144 3548 quingentorum,
1177 3475 1338 3531 omni
1370 3475 1580 3532 affectu
1612 3493 1679 3532 ea
1701 3493 1827 3548 quae
1850 3476 1944 3533 hic

293 3564 589 3620 habentur
607 3563 828 3620 inserta
848 3563 1301 3644 acclamantium
1335 3567 1510 3636 atque
1548 3554 1944 3634 laudantium,

295 3651 475 3710 simul
507 3652 706 3720 etiam,
739 3651 812 3720 si,
844 3653 999 3724 quod
1031 3652 1220 3709 absit!
1257 3653 1376 3708 ulla
1407 3671 1667 3725 unquam
1699 3671 1947 3726 persona

294 3740 596 3798 saecularis
643 3744 746 3797 aut
791 3741 1178 3798 ecclesiastica
1231 3741 1348 3797 ullo
1401 3743 1572 3798 modo
1619 3742 1947 3815 inquietare

294 3829 545 3887 voluerit
566 3829 677 3885 hoc
707 3831 995 3898 donuum,
1025 3830 1388 3887 invocatione
1409 3831 1604 3887 divina
1624 3837 1680 3887 et
1702 3834 1948 3888 auctori-

293 3923 415 3975 tate
446 3919 712 3975 omnium
745 3926 1078 3974 sanctorum
1102 3935 1168 3975 ac
1192 3919 1474 3975 virtutum
1499 3920 1823 3976 caelestium
1845 3938 1944 3977 eos

294 4008 934 4064 exeommunicantium
968 4013 1142 4080 atque
1172 4009 1816 4078 anathematizantium,
1843 4011 1943 4082 qui

297 4096 562 4170 quolibet
590 4098 764 4153 modo
797 4097 1122 4168 inquietare
1140 4095 1428 4152 voluerint
1449 4097 1556 4153 hoc
1578 4098 1797 4153 donum
1826 4099 1944 4154 ullo

298 4201 586 4257 umquam
617 4189 897 4257 tempore.
928 4187 1132 4241 Amen.

372 4274 488 4347 Ego
521 4275 908 4348 Leodegarius
957 4273 1432 4346 archiepiscopus
1481 4275 1716 4348 propria
1765 4294 1943 4334 manu

295 4362 490 4418 ﬁrmo.
523 4363 770 4435 Signum
794 4361 1053 4418 Hartaldi
1078 4363 1391 4434 praepositi.
1417 4364 1475 4418 S.
1501 4365 1789 4421 Burnonis
1811 4366 1941 4422 laici

292 4451 485 4525 patris
513 4451 800 4523 ejusdem.
834 4453 892 4508 S.
928 4452 1213 4508 Heriberti
1263 4452 1677 4509 archidiaconi.
1725 4456 1782 4510 S.
1814 4456 1942 4511 Siu-

2054 3298 2190 3354 ﬁliis
2235 3301 2622 3370 praesentibus
2671 3319 2737 3357 ac
2798 3301 3030 3370 tuturis,
3090 3300 3227 3372 quia
3275 3318 3482 3370 amore,
3519 3307 3708 3360 tactus

2054 3388 2269 3453 divino,
2293 3389 2833 3444 retedilicandorum
2863 3389 3283 3445 venerabilium
3310 3389 3569 3447 locorum
3591 3408 3710 3448 mo-

2058 3477 2391 3533 nasterium
2470 3479 2654 3533 sancti
2731 3479 3050 3534 Ferreoli...
3101 3496 3168 3535 ex
3218 3484 3468 3552 utraque
3547 3485 3710 3552 parte

2054 3565 2314 3621 Rodanis
2344 3566 2612 3621 ﬂuminis
2636 3566 2960 3637 positorum
2984 3565 3292 3632 desiderio,
3314 3567 3710 3624 consentiente

2057 3655 2324 3712 udiverso
2358 3655 2510 3711 clero
2550 3660 2607 3711 et
2637 3655 2870 3727 populo,
2913 3660 3206 3735 annuente
3251 3656 3564 3711 venerabili
3599 3657 3704 3712 ab-

2054 3744 2188 3800 bate
2241 3747 2439 3800 Isarno
2491 3744 2588 3799 Dei
2651 3761 2835 3810 servo,
2885 3743 3188 3799 asciverim
3237 3759 3305 3798 ex
3355 3743 3708 3800 Massiliensi

2055 3834 2303 3890 coenobii
2342 3835 2469 3904 jam
2521 3831 2690 3886 dictis
2735 3832 2879 3886 locis
2934 3832 3004 3886 ad
3058 3829 3427 3886 serviendum
3479 3832 3614 3900 Deo,
3650 3837 3709 3887 et

2054 3938 2418 3994 quacunque
2476 3921 2882 3992 prazdictorum
2944 3919 3203 3974 locorum
3277 3919 3431 3990 juris
3487 3925 3706 3989 essent,

2054 4012 2213 4068 omni
2244 4016 2372 4066 voto
2405 4027 2470 4066 ac
2515 4008 2804 4064 desiderio
2867 4009 3220 4064 decreverim
3281 4011 3351 4065 ad
3414 4026 3586 4081 posse
3615 4028 3710 4068 me

2055 4101 2428 4156 reddirurum
2456 4100 2526 4154 ab
2553 4099 2797 4170 integro.
2823 4098 3187 4170 Quapropter
3207 4098 3402 4154 Sancti
3427 4100 3710 4172 Sympho-

2055 4189 2203 4244 riani
2267 4187 2580 4262 ecclesiam
2640 4188 2709 4242 ad
2785 4185 3187 4258 aquilonarem
3245 4188 3478 4244 Vienna;
3541 4191 3706 4246 urbis

2056 4283 2284 4349 partem
2304 4276 2502 4346 sitam,
2520 4293 2695 4348 quam
2713 4276 2973 4332 fidelium
2995 4277 3349 4342 testimonio,
3366 4279 3708 4334 auctoritate

2053 4371 2110 4422 et
2153 4367 2255 4422 Dei
2297 4366 2521 4437 judicio
2571 4371 2799 4422 constat
2849 4365 3028 4421 fuisse
3078 4383 3146 4420 ex
3197 4366 3394 4420 Sancti
3455 4367 3703 4421 Ferreoli

2060 4455 2305 4512 cmnobii
2385 4454 2662 4521 dominio,
2722 4472 2855 4510 cum
2914 4455 3070 4510 omni
3132 4453 3459 4526 integritate
3515 4453 3702 4510 eidem

290 4540 443 4596 {redi
475 4540 892 4596 archidiaconi.
927 4541 984 4596 S.
1021 4540 1261 4596 Arnaldi
1285 4541 1699 4597 archidiaconi.
1725 4544 1783 4599 S.
1809 4544 1949 4600 Pon-
1981 4557 2025 4620 Ι)
2061 4561 2216 4599 nunc
2249 4543 2512 4612 restituo,
2546 4544 2686 4599 cedo
2717 4549 2893 4614 atque
2924 4544 3110 4607 trado,
3150 4547 3207 4596 et
3258 4541 3566 4598 monachis
3591 4548 3703 4600 Deo

291 4629 363 4685 tii
422 4629 764 4702 presbyteri.
833 4631 891 4685 S.
952 4630 1179 4685 Girardi
1241 4630 1490 4686 diaconi.
1546 4635 1599 4685 S.
1663 4631 1941 4688 Bernardi

290 4718 546 4774 diaconi.
581 4719 638 4774 S.
676 4718 846 4775 Sarili
878 4719 1127 4774 diaconi.
1163 4720 1220 4775 S.
1252 4720 1509 4775 Ascarici
1534 4719 1739 4776 levitas.
1762 4721 1820 4776 S.
1847 4723 1943 4777 Se-

290 4807 507 4864 nioreti
539 4807 828 4863 canonici.
864 4806 923 4862 S.
958 4806 1239 4880 Guigonis
1270 4809 1556 4889 canonici,
1579 4809 1637 4864 S.
1663 4809 1938 4866 Richardi

285 4895 659 4952 subdiaconi.
695 4897 753 4952 S.
785 4894 1053 4952 Adelardi
1085 4896 1366 4952 custodis.
1402 4898 1459 4952 S.
1487 4898 1792 4953 Guarnerii
1823 4917 1942 4955 ina-

367 5039 446 5108 (t)
481 5037 734 5111 Insignis
755 5037 989 5094 abbatia
1018 5037 1074 5111 in
1107 5039 1248 5093 urbe
1280 5037 1620 5111 Viennensi,
1653 5057 1778 5110 quae
1814 5045 1938 5097 tan-

281 5112 424 5166 dem
455 5110 526 5164 ad
558 5109 870 5165 canonicos
906 5109 1211 5164 saeculares
1243 5110 1497 5164 transiit.

366 5182 444 5253 (2)
475 5182 714 5253 Pontius
763 5181 1301 5253 autRomanensis
1357 5187 1459 5236 aut
1515 5182 1570 5236 S.
1627 5182 1940 5239 'l‘heuderii

290 5251 479 5309 abbas
509 5251 768 5308 extitisse
801 5251 1050 5306 videtur.

291 5396 320 5450 ἲ
365 5325 445 5405 (_3)
475 5323 834 5406 Dothmarus
855 5322 1087 5396 praefuit
1107 5323 1460 5378 monasterio
1484 5325 1542 5378 S.
1570 5325 1810 5381 Andreae
1857 5327 1942 5380 in-

316 5411 512 5450 eriori.

316 5411 512 5450 81⁵1οΓ1.

362 5465 776 5539 (1i)ANotandus
805 5465 899 5520 hic
930 5464 1212 5539 locus‘de
1260 5469 1426 5539 patre
1477 5467 1808 5539 Leodegarii
1841 5486 1938 5524 ar-

288 5536 664 5610 chiepiscopi,
689 5538 1092 5610 cujusnomen
1112 5536 1392 5591 hactenus
1417 5536 1854 5610 ignorabamus,
1876 5546 1940 5594 ut

289 5613 348 5664 et
376 5607 570 5665 fratris
590 5607 728 5678 ejus
760 5607 1060 5676 Willelmi,
1096 5624 1264 5678 quos,
1299 5607 1467 5664 cum‘
1485 5616 1618 5667 ante
1648 5612 1938 5668 Humber-

2053 4633 2440 4689 servientibus
2466 4631 2680 4687 ibidem
2713 4631 3215 4704 permanentibus,
3267 4630 3538 4686 videlicet
3566 4649 3699 4687 cum

2054 4722 2347 4794 parochia,
2381 4720 2678 4793 primitiis,
2710 4719 3013 4786 cimiterio,
3050 4719 3287 4790 insuper
3319 4719 3545 4775 decimo
3577 4737 3700 4776 om-

2052 4828 2241 4882 neque
2305 4810 2620 4876 teloneum,
2666 4809 2965 4874 corvadas,
3018 4824 3190 4862 omne
3241 4825 3473 4880 quoque
3516 4811 3702 4866 servi-

2049 4901 2318 4956 tium.....
2338 4899 2526 4970 ipsam
2553 4897 2857 4953 ecclesiam
2883 4896 3121 4952 alteram
3146 4914 3325 4970 super
3343 4899 3530 4970 ripam
3555 4899 3703 4956 Rho-

2049 5047 2173 5098 tum
2244 5041 2514 5096 comitem
2567 5039 3043 5111 subscripserint,
3106 5058 3328 5112 magnzc
3378 5041 3700 5097 nobilitatis

2051 5115 2232 5169 fuisse
2262 5112 2628 5182 conjicimus.

2121 5185 2198 5254 (5)
2235 5183 2418 5255 Vulgo
2475 5182 2894 5255 Athanacensis
2956 5183 3345 5255 monasterii,
3383 5182 3698 5255 quiabbas

2049 5253 2419 5310 desideratur
2465 5255 2522 5308 in
2570 5254 2821 5324 vulgatis
2891 5254 3184 5309 indicibus
3262 5253 3429 5308 valde
3480 5253 3692 5323 imper-

2051 5325 2233 5381 fectis.

2120 5398 2196 5467 (6)
2255 5395 2542 5450 Hodricus
2601 5412 2701 5450 seu
2778 5395 3024 5451 Udricus
3083 5395 3192 5449 fuit
3248 5392 3695 5467 abbas‘insulp

2049 5465 2337 5533 Barbarae,
2372 5468 2456 5522 vel
2490 5467 2770 5522 Odericus
2821 5467 3002 5520 abbas
3038 5467 3307 5520 Jurensis
3357 5467 3416 5521 S.
3445 5465 3694 5520 Claudii.

2120 5542 2197 5609 (7)
2228 5539 2394 5593 Hunc
2427 5539 2747 5609 Eugenium
2779 5539 3048 5608 suspicor
3075 5538 3254 5593 fuisse
3287 5539 3560 5593 abbatem
3593 5537 3695 5594 Sa-

2047 5610 2367 5683 vigniensis
2399 5610 2456 5664 S.
2492 5610 2724 5666 Martini
2762 5610 3121 5666 monasterii.
