4138 6186
565 309 723 377 4407
1635 311 2030 377 STEPHANI
2074 257 2140 375 s.
2188 312 2263 374 ιι.

2306 310 2380 375 E.
2426 308 2892 376 CARDINALIS
3716 313 3837 382 uos

561 445 724 517 dani,
772 444 890 505 sive
938 463 1116 504 ar.....
1170 444 1550 521 optimusque
1595 450 1843 516 constat,
1903 447 1977 504 ad
2027 450 2201 520 caput
2230 447 2287 513 Α
2316 447 2735 521 Leodegarium
2756 445 3147 504 Viennensem
3184 441 3837 522 archiepiscopum,otAde-

559 536 751 611 ipsius
771 535 1028 593 ecclesiae
1049 536 1252 605 situm,
1285 542 1343 593 et
1373 541 1578 593 cetera
1607 538 1805 593 omnia
1843 553 2206 610 quaecunque

557 626 831 682 videntur
858 627 930 681 ad
952 627 1231 682 eumdum
1256 626 1447 682 locum
1466 628 1773 699 pertinere,
1799 644 1934 683 cum
1958 626 2201 698 campis,

557 715 765 783 vineis,
801 715 1003 787 pratis,
1040 715 1241 782 hortis,
1279 715 1652 784 molendinis,
1676 717 1985 772 arboribus
2016 714 2203 787 pomi-

558 804 700 860 feris
737 808 795 860 et
842 803 1250 875 impomiferis,
1300 805 1491 876 aquis,
1547 805 1785 877 aquisve
1832 804 2201 869 decursibus,

559 893 714 949 sicut
732 893 999 948 sciuntur
1027 893 1282 960 termini,
1316 897 1373 948 et
1403 893 1495 949 hic
1546 894 1836 950 habentur
1860 893 2083 965 scripti.
2116 893 2202 948 Ab

558 981 778 1037 oriente
802 985 955 1036 terra
974 982 1033 1036 S.
1058 982 1134 1053 (8)
1167 981 1425 1037 Mauritii
1465 982 1749 1038 terminos
1791 982 1892 1055 qui
1923 985 2206 1037 vocantur

558 1068 849 1141 Suspniis,
873 1071 945 1125 ab
966 1071 1263 1126 occidente
1286 1075 1441 1127 terra
1461 1071 1696 1144 regalis,
1730 1089 1764 1127 a
1785 1072 2028 1127 meridie
2050 1076 2206 1126 terra

556 1162 615 1214 S.
648 1159 861 1225 Severi,
897 1160 968 1213 ab
1001 1159 1273 1231 aquilone
1314 1165 1467 1214 terra
1493 1162 1564 1215 de
1582 1160 1821 1215 castello
1844 1161 1941 1232 qui
1966 1164 2205 1215 vocatur

555 1247 744 1314 Saxol,
774 1251 830 1302 et
870 1248 939 1301 de
989 1248 1141 1303 villis
1192 1251 1377 1304 Masin
1425 1254 1481 1304 et
1527 1251 1727 1315 Macen,
1782 1250 2118 1321 parochiam
2148 1253 2204 1303 et

556 1339 754 1393 omnia
775 1354 902 1407 quae
924 1337 1220 1407 pertinent
1248 1339 1317 1391 ad
1358 1337 1714 1409 parochiam,
1748 1355 1883 1393 cum
1909 1338 2068 1393 omni
2099 1340 2201 1392 de-

555 1426 729 1495 cimo,
764 1425 1038 1497 primitiis
1069 1443 1133 1480 ac
1164 1427 1511 1481 ccinmterio.
1546 1427 1786 1497 Insuper
1816 1428 1990 1482 etiam
2025 1427 2202 1482 reddo

557 1530 741 1569 unum
770 1530 1040 1568 mansum
1075 1514 1175 1585 qui
1207 1520 1447 1569 vocatur
1476 1515 1867 1570 Adamaredas
1899 1533 2076 1588 super
2109 1532 2201 1571 ec-

556 1600 793 1657 clesiam
827 1603 1020 1657 Sancti
1052 1602 1331 1657 Desiderii
1357 1603 1533 1658 situm
1558 1621 1692 1658 cum
1721 1605 1969 1676 campis,
1993 1603 2198 1672 vineis,

556 1691 831 1746 omnibus
861 1690 1099 1746 omnino
1133 1692 1309 1746 rebus
1337 1693 1409 1746 ad
1442 1693 1711 1747 eumdem
1736 1710 2009 1748 mansum
2033 1692 2202 1764 perti-

555 1779 850 1835 nentibus.
876 1779 933 1835 Si
967 1780 1101 1852 quis
1132 1797 1267 1853 ergo
1294 1781 1444 1837 hanc
1466 1782 1839 1837 donationem
1880 1782 1967 1837 vel
2000 1782 2199 1837 reddi-
2234 1818 2280 1884 Β

553 1868 770 1924 tionem
804 1869 1127 1940 inquietare
1157 1870 1482 1935 tentaverit,
1517 1871 1794 1926 omnibus
1827 1872 1926 1926 Dei
1959 1870 2200 1927 maledi-

553 1957 848 2013 ctionibus
899 1958 1219 2027 subjaceat,
1269 1959 1680 2031 cujuscunque
1737 1959 1911 2015 fuerit
1943 1976 2201 2031 personae

553 2049 655 2101 aut
674 2046 996 2118 dignitatis,
1021 2046 1210 2119 sitque
1231 2052 1538 2103 extraneus
1563 2065 1596 2103 a
1618 2048 1874 2103 ﬁdelium
1904 2048 2200 2115 societate,

554 2133 665 2189 hac
711 2134 1022 2190 donatione
1069 2135 1412 2192 inconvulsa
1460 2141 1738 2208 perpetuo
1800 2141 2197 2208 permanente.

557 2223 729 2279 Facta
764 2224 998 2278 donatio
1048 2222 1166 2278 haec
1211 2241 1363 2279 anno
1416 2226 1841 2281 Incarnationis
1888 2226 2199 2281 Dominicaa

552 2312 714 2379 4037,
748 2312 1063 2367 indictione
1092 2329 1147 2378 v,
1182 2329 1335 2367 anno
1371 2331 1446 2379 1x,
1498 2314 1867 2385 imperatoris
1912 2315 2193 2370 Romano-

554 2416 688 2454 rum
703 2400 974 2455 Conradi.

623 2488 741 2560 Ego
770 2488 970 2559 Nuspa
993 2488 1317 2545 monachus
1338 2490 1410 2544 ad
1432 2489 1615 2545 vicem
1649 2490 1848 2546 domni
1872 2490 2197 2547 cancellarii

550 2577 1002 2649 scripsi,domno
1026 2578 1375 2650 Leodegario
1397 2578 1831 2652 archiepiscopo
1856 2581 2195 2647 mandante,

550 2682 705 2722 anno
732 2666 1119 2722 ordinationis
1167 2667 1294 2737 ejus
1328 2684 1428 2734 vn,
1479 2668 1615 2723 feria
1668 2687 1684 2723 ι
1731 2668 1999 2724 stationis
2028 2669 2097 2723 ad
2131 2669 2192 2724 S.

549 2754 882 2811 Ferreolum
911 2760 1047 2812 ante
1079 2756 1270 2812 natale
1302 2756 1556 2811 Domini.

622 2844 885 2900 Domnus
908 2845 1297 2917 Leodegarius
1331 2846 1806 2919 archiepiscopus
1842 2847 2193 2904 ﬁrmavit.S.

549 2932 719 2989 Sarili
750 2933 977 2988 decani.
1009 2934 1067 2988 S.
1104 2934 1325 2989 Artaldi
1361 2935 1673 3014 praepositi.
1702 2936 1760 2991 S.
1794 2935 2055 2991 Nortaldi
2091 2937 2192 2992 ab-

548 3020 801 3076 batis.S.
836 3020 1006 3076 Petri.
1029 3026 1085 3076 S.
1117 3024 1381 3094 Synfredi
1410 3024 1823 3080 archidiaconi.
1859 3025 1917 3080 S.
1950 3025 2190 3081 Arualdi

549 3109 963 3166 archidiaconi.
1015 3111 1073 3166 S.
1124 3111 1387 3166 Herberti
1433 3112 1846 3169 archidiaconi.
1899 3113 1956 3169 S.
2006 3114 2192 3169 Pontii

548 3197 833 3254 canonici.
865 3199 923 3255 S.
957 3199 1238 3254 Senioreti
1270 3201 1555 3256 canonici.
1580 3202 1639 3257 S.
1672 3201 1904 3257 Geraldi
1936 3202 2187 3258 diaconi.
2222 3185 2265 3251 C

545 3288 602 3340 S.
639 3286 915 3341 Bernardi
954 3286 1205 3341 diaconi.
1257 3289 1315 3343 S.
1363 3289 1579 3344 Ascarii
1626 3289 1828 3345 levites.
1883 3291 1942 3346 S.
1972 3290 2190 3363 Ugonis

545 3373 828 3429 canonici.
861 3379 917 3427 S.
952 3374 1214 3429 Garnerii
1258 3376 1518 3432 canonici
1565 3378 1833 3450 magistri
1857 3379 2089 3436 scholae.
2127 3381 2186 3435 S.

544 3460 784 3515 Gerardi
813 3462 1100 3517 canonici.
1132 3464 1190 3517 S.
1220 3464 1445 3519 Girardi
1480 3466 1763 3522 canonici.
1815 3468 1872 3522 S.
1907 3467 2187 3524 Adalardi

543 3548 808 3604 canonici
830 3550 1218 3621 grammatici.
1244 3551 1304 3606 S.
1330 3551 1626 3626 Giudgerii
1653 3555 1938 3610 canonici.
1960 3561 2017 3610 S.
2045 3557 2192 3613 Ren-

546 3636 727 3693 conis.
753 3638 1103 3701 S.Richardi
1124 3639 1386 3695 canonici
1424 3643 1787 3698 subdiaconi.
1840 3645 1899 3699 S.
1959 3644 2191 3701 Milonis

544 3726 809 3783 canonici
854 3731 911 3783 8.
946 3727 1255 3783 Rothbaldi
1304 3729 1671 3798 subdiaconi,
1714 3736 1771 3788 et
1826 3732 2016 3789 caeteri
2075 3750 2191 3791 uno

547 3815 746 3871 animo
777 3817 1179 3874 ﬁrmaverunt.

890 3978 964 4032 De
991 3983 1218 4053 moneta
1244 3908 1533 4035 νὶἐιξξιέηεὶ
1560 3989 1842 4053 corrupta.

1171 4049 1359 4122 (Anno
1392 4052 1575 4122 1043.)

545 4112 738 4186 [Apud
768 4118 1098 4186 ACHERIUM,
1129 4112 1319 4191 Sjn'cz'l.
1363 4127 1476 4178 vet.
1529 4112 1667 4178 edit.
1720 4127 1762 4178 t.
1821 4122 1940 4192 XII,
1974 4141 2029 4197 p.
2063 4127 2191 4193 287i,

616 4219 685 4258 ex
714 4202 1074 4347 cha]rtutario
1116 4208 1433 4266 Viennensi
1484 4228 1517 4265 a
1564 4212 1628 4267 D.
1681 4211 2024 4269 d’Herouval
2055 4230 2190 4269 cou-

617 4291 801 4330 cesso.

617 4291 801 4330 CBSSO.

616 4346 833 4402 Notitia
864 4347 1209 4407 Viennensis
1254 4356 1517 4422 monetae,
1569 4369 1696 4424 qua
1747 4352 1898 4408 facta
1927 4362 2011 4410 est
2041 4355 2195 4411 inter

2311 536 2522 595 Ieidem
2558 536 3049 594 marchionissam
3089 553 3221 593 cum
3251 535 3380 594 ﬁliis
3425 536 3554 593 suis.
3588 538 3747 613 Longa
3769 556 3839 613 per

2312 631 2576 699 tempora
2600 626 2766 682 stetit
2787 628 2914 699 ipsa
2935 629 3166 682 moneta
3185 626 3335 682 bona
3357 625 3413 681 in
3435 626 3653 698 pondere
3670 631 3716 682 et
3730 644 3842 685 men-

2311 733 2452 772 sura
2480 717 2716 771 decena.
2751 716 2947 787 Nuper
2976 718 3171 771 autem
3215 718 3461 787 tempore
3501 714 3689 771 Odonis
3725 731 3841 773 mar-

2310 805 2537 861 chionis
2563 805 2673 860 viri
2706 805 2797 861 sui
2845 803 3102 861 latrones
3149 808 3206 860 et
3251 803 3460 859 falsarii
3501 803 3555 859 in
3602 804 3751 877 burgu
3773 806 3841 877 qui

2310 894 2528 950 dicitur
2550 892 2890 966 Aquabella,
2914 895 3425 966 corruperunteam
3438 892 3845 949 etoont‘uuderunt

2309 986 2365 1039 et
2386 982 2761 1049 falsaverunt,
2785 982 3091 1055 ignorante
3103 980 3427 1055 supradicto
3441 980 3747 1037 marchione.
3763 983 3841 1048 Qui

2312 1071 2510 1127 statim
2527 1075 2592 1126 ut
2607 1071 2828 1127 audivit
2856 1071 3171 1127 clamorem
3189 1069 3497 1143 supradicti
3516 1068 3847 1141 archiepiscopi

2309 1160 2959 1232 Viennensis,pracepit
2972 1177 3044 1216 ne
3058 1159 3311 1232 amplius
3327 1159 3672 1229 ﬁeret.Neque
3683 1158 3846 1214 factum

2310 1254 2399 1305 est
2418 1267 2484 1305 eo
2510 1250 2753 1305 vivente.
2773 1252 2909 1304 Post
2928 1252 3169 1304 mortem
3193 1264 3321 1303 vero
3350 1248 3471 1317 ejus
3498 1246 3848 1301 insurrexerunt

2312 1342 2368 1394 et
2396 1338 2495 1393 alii
2524 1336 2801 1405 latrones,
2835 1341 2892 1393 et
2937 1337 3123 1393 secuti
3163 1340 3303 1392 sunt
3345 1336 3572 1407 priores,
3613 1338 3661 1389 et
3692 1334 3847 1389 iterum

2313 1427 2669 1483 falsaverunt
2680 1442 3141 1498 eam,quousque
3155 1423 3456 1498 prmdielus
3470 1422 3850 1496 archiepiscopus

2312 1514 2699 1588 Leodegarius
2731 1516 2886 1570 venit
2914 1514 2974 1570 in
3028 1514 3253 1570 Italiam
3301 1514 3367 1569 ad
3420 1511 3714 1585 praedictam
3738 1527 3846 1565 mar-

2310 1603 2666 1660 chionissam
2710 1605 2985 1659 domnam
3017 1602 3379 1659 Adeleidam.
3429 1604 3551 1667 Quae
3577 1598 3793 1655 similiter
3810 1604 3853 1653 ut

2311 1692 2551 1760 audivit,
2574 1709 2646 1748 ne
2666 1692 2919 1764 amplius
2942 1693 3103 1748 ﬁeret
3123 1691 3411 1765 praecipit.
3439 1691 3636 1746 Tamen
3655 1691 3709 1744 ut
3721 1686 3853 1743 omni-

2309 1783 2421 1838 bus
2454 1786 2659 1837 notum
2694 1782 2815 1851 ﬁat,
2849 1781 3128 1852 trapezita
3157 1797 3192 1835 a
3221 1781 3432 1835 domno
3460 1779 3628 1834 Leone
3654 1792 3773 1848 papa
3789 1791 3854 1831 ex-

2311 1870 2800 1939 communicatus,
2820 1870 3074 1943 paralysi
3098 1884 3434 1942 percussus,
3462 1864 3707 1924 membris
3724 1861 3853 1920 omni-

2311 1959 2423 2015 bus
2452 1959 2798 2025 dissolutus,
2832 1958 3077 2029 impiam
3110 1958 3295 2014 vitam
3325 1957 3496 2029 digna
3526 1956 3687 2010 morte
3711 1946 3853 2006 ﬁnivit;

2311 2046 2481 2103 Modo
2511 2051 2706 2103 autem
2736 2048 3040 2119 ignorante
3068 2046 3408 2120 supradicta
3433 2045 3631 2099 domna
3655 2039 3857 2096 Adeleida

2311 2137 2757 2205 marchionissa,
2808 2136 2906 2192 alii
2951 2135 3133 2192 exorti
3180 2141 3342 2203 sunt,
3390 2138 3445 2190 et
3490 2131 3727 2205 praedicta
3750 2127 3857 2183 male

2310 2230 2675 2298 sequuntur;
2710 2226 2812 2281 sed
2846 2225 3139 2281 mediante
3169 2225 3386 2279 domno
3429 2219 3656 2277 Adraldo
3691 2220 3856 2275 Breme-

2307 2316 2563 2371 tensium
2595 2316 2825 2383 abbate,
2857 2318 2913 2371 et
2936 2313 3177 2369 Artaldo
3207 2312 3477 2369 Ecclesia
3506 2314 3689 2366 nostra:
3707 2322 3859 2380 prapo-

2308 2404 2441 2471 sito,
2475 2404 2852 2459 dimittuntur
2879 2402 3217 2475 supradicta
3253 2401 3427 2469 mala,
3471 2402 3525 2455 et
3566 2412 3629 2453 ne
3670 2393 3854 2467 amplius

2308 2493 2470 2559 ﬁant,
2505 2492 2791 2565 promittit
2811 2492 3027 2548 domna
3047 2490 3324 2548 Adeleida
3361 2485 3741 2545 marchionissa
3764 2496 3855 2538 cum

2308 2581 2445 2636 ﬁliis
2478 2582 2602 2637 suis
2628 2582 2797 2637 Petro
2828 2584 2883 2636 et
2913 2580 3160 2635 Amedeo
3192 2584 3255 2636 et
3282 2579 3493 2645 Odone,
3522 2576 3627 2632 Deo
3651 2578 3699 2629 et
3714 2572 3857 2627 saneto

2308 2670 2587 2725 Mauricio
2620 2670 2678 2725 in
2711 2658 3131 2725 manu'Domni
3163 2666 3499 2741 Leodegarii
3529 2656 3859 2735 archiepiscopi

2305 2758 2675 2824 Viennensis,
2698 2763 2764 2813 ut
2782 2757 2843 2813 in
2864 2762 2986 2813 tota
3009 2760 3301 2830 potestate
3322 2774 3428 2812 sua
3456 2750 3760 2810 Viennensis
3775 2761 3860 2801 mo-

2308 2851 2441 2904 neta
2461 2847 2717 2920 amplius
2744 2865 2858 2904 non
2884 2847 3143 2917 falsetur,
3183 2862 3380 2920 neque
3417 2846 3534 2911 ﬁat,
3571 2855 3731 2914 neque
3753 2852 3863 2899 vera.

2305 2951 2494 3008 neque
2518 2936 2666 2992 falsa
2684 2935 2784 2991 illa
2818 2953 2948 3009 quae
2985 2935 3045 2991 in
3085 2934 3318 2991 Vienna
3358 2932 3524 2990 fuerit
3551 2931 3698 2985 facta.
3721 2927 3772 2982 Et
3790 2923 3861 2977 hoc

2305 3026 2440 3082 fecit
2475 3043 2577 3098 pro
2615 3041 2815 3081 amore
2866 3024 2967 3081 Dei
3012 3028 3070 3079 et
3094 3023 3297 3080 Sancti
3328 3019 3580 3079 Mauricii
3608 3032 3723 3074 cum
3744 3009 3865 3071 sociia

2303 3116 2428 3171 suis
2453 3133 2465 3183 ;
2494 3115 2565 3171 de
2586 3115 2759 3185 cujus
2789 3112 3077 3170 beneﬁcio
3099 3112 3393 3169 honorata
3419 3116 3523 3179 est,
3552 3113 3604 3165 et
3621 3122 3709 3180 pro
3726 3101 3864 3160 animi

2305 3203 2552 3260 senioris
2573 3203 2663 3259 sui
2685 3202 2943 3259 Oddonis
2967 3201 3332 3259 marchionis
3364 3205 3421 3258 et
3452 3215 3550 3273 pro
3578 3213 3675 3253 sua
3696 3198 3743 3250 et
3763 3189 3862 3247 ﬁlio-

2304 3309 2435 3348 rum
2449 3309 2691 3349 suorum
2713 3292 2923 3360 salute,
2948 3290 3048 3363 qui
3092 3290 3202 3346 hoc
3241 3290 3550 3347 laudantst
3576 3281 3861 3342 confirmant

2298 3381 2566 3438 videlicet
2594 3386 2801 3437 Petrus
2824 3378 3275 3453 primogenitus,
3300 3384 3359 3435 et
3386 3376 3655 3435 Amedeus
3670 3376 3718 3428 et
3734 3366 3860 3425 Oddo.

2297 3469 2523 3525 Laudat
2581 3468 2689 3523 hoc
2741 3468 2994 3522 domnus
3046 3466 3342 3523 Adraldus
3390 3466 3565 3522 abbas
3610 3460 3864 3517 Bremeten-

2301 3555 2404 3625 sis,
2450 3561 2508 3613 et
2557 3556 2831 3612 Artaldus
2877 3556 3227 3628 praepositus
3283 3554 3549 3611 Ecclesia:
3593 3540 3862 3605 Viennensis

2299 3662 2436 3702 cum
2466 3646 2674 3703 ceteris
2704 3643 2975 3701 ﬁdelibus
3005 3644 3151 3713 suis,
3186 3660 3447 3718 quorum
3488 3644 3595 3699 ista
3643 3640 3759 3695 sunt
3796 3646 3864 3689 no-

2303 3752 2485 3791 mina.

2376 3914 2525 3969 Data
2549 3929 2655 3986 per
2677 3928 2890 3969 manus
2912 3911 3156 3969 Bosonis
3177 3913 3251 3968 ad
3283 3911 3468 3968 vicem
3508 3904 3687 3965 domui
3703 3895 3866 3958 cancer

2300 4001 2429 4057 Iarii
2459 4005 2518 4057 et
2561 4000 2942 4074 primiscrinii
2986 4017 3027 4056 η
3077 4000 3203 4056 Kal.
3257 3998 3611 4065 Decembris,
3652 3993 3767 4049 luna
3784 4000 3868 4048 ιη,

2301 4090 2445 4146 feria
2473 4106 2551 4160 1v,
2589 4089 2859 4145 Heinrico
2904 4089 3162 4145 secundo
3191 4105 3352 4162 rege,
3400 4087 3650 4145 nondum
3676 4082 3868 4149 impen-

2302 4183 2449 4245 tore,
2489 4178 2734 4235 Caesaris
2780 4182 2841 4234 et
2885 4177 3258 4251 imperatoris
3299 4178 3442 4244 ﬁlio,
3492 4175 3656 4247 hujus
3700 4168 3868 4255 domne

2305 4266 2746 4323 marehionissa:
2778 4283 3013 4340 genero.
3047 4266 3300 4341 Recepta
3346 4283 3452 4339 per
3493 4276 3687 4319 manus
3723 4256 3870 4311 domm

2305 4355 2729 4428 archiepiscopi
2762 4354 3118 4428 Leodegarii.

615 4444 693 4514 (8)
726 4444 786 4499 Id
827 4450 916 4501 est
942 4447 1195 4503 ecclesiae
1226 4448 1581 4505 cathedralis
1612 4466 1738 4521 quae
1767 4454 1822 4506 S.
1857 4451 2141 4507 Mauricio
2168 4468 2335 4508 sacra
2364 4457 2471 4509 est.

544 4527 3872 4589 Μ

3103 4559 3870 4589 ᾖ

1912 4654 2061 4692 ANNO
2092 4654 2297 4693 DOMINI
2329 4655 2574 4695 MLXVIII.

1573 4736 3099 4941 STEPHANUS‘

858 4944 1388 5114 SANCT/E
1451 5021 2036 5118 ROMAN/E
2109 5026 2760 5123 ECCLESI/E
2828 5023 3626 5124 CARDINALIS.

2020 5167 2437 5179 -—.——_—____

1662 5232 2122 5321 NO'I‘ITIA
2184 5182 2820 5326 HISTORICA.

611 5347 803 5420 (Apud
833 5349 886 5404 J.
918 5354 982 5405 G.
1019 5351 1185 5407 Ecce.
1219 5353 1475 5425 Purpura
1504 5354 1820 5433 «toc_1_a,_seu_
1831 5356 1931 5433 fies
1954 5358 2126 5433 gesige
2150 5358 2209 5433 δ.
2262 5362 2327 5433 ῌΑ.
2350 5430 2364 5433 _
2387 5359 2447 5433 Ε.
2508 5358 2902 5433 cardinqlium,
2953 5360 3236 5433 desumpta
3262 5376 3333 5415 ex
3387 5354 3652 5419 Ciaconia,
3700 5339 3873 5403 Αηάνθα

1592 5427 1894 5494 Victorello,
1926 5428 2227 5498 Augustino
2255 5430 2514 5495 Oldoino,
2546 5435 2684 5499 etc.,
2716 5429 2757 5497 I,
2788 5427 2902 5503 45.)

615 5568 713 5623 Sto
742 5568 993 5641 phanus,
1028 5575 1259 5633 natione
1280 5576 1503 5645 Gallus,
1527 5577 1613 5632 vir
1642 5594 1748 5634 suo
1777 5582 2037 5653 tempore
2058 5580 2542 5649 litteratissimus,
2576 5598 2610 5637 a
2637 5582 2696 5639 S.
2730 5582 2919 5640 Leone
2950 5583 3023 5643 IX
3048 5584 3490 5657 adjpurpuram
3511 5576 3737 5636 sveotul,
3758 5563 3874 5620 ίιίετ
