4138 6186
307 343 467 406 1413

1130 339 1646 411 PRlVlLEGlUM
1697 352 1847 412 PRO
1894 354 2263 415 ECCLESIA
2310 356 2887 417 VINDOCINENSI.

3557 326 3711 420 im

259 491 267 496 '
303 475 590 548 principis
617 475 866 532 civitatis
896 479 1158 548 ejusdem
1187 481 1414 535 evenire
1449 481 1636 551 possit
1683 499 1952 539 securum
1987 487 2039 552 Α
2072 487 2474 542 misericordia
2545 489 2760 544 senties
2836 488 3237 544 ecclesiastica:
3307 491 3712 546 districtionis.

300 565 470 621 facio.
506 565 670 630 Quod
702 566 752 620 si
785 582 888 621 nec
918 567 988 622 ad
1023 584 1127 622 nos
1161 584 1266 623 nec
1296 569 1365 623 ad
1397 570 1704 626 dominum
1734 568 1952 640 {meum

2065 558 2372 646 Exemplar
2402 576 2578 631 etiam
2613 577 2780 631 mitto
2811 577 3066 648 epistolas
3110 577 3288 647 hujus
3351 579 3652 648 potestatis
3683 596 3716 633 a

298 653 361 710 in
393 653 567 708 dictis
599 654 868 709 terminis
891 656 1087 710 venire
1107 655 1710 726 volueris,vindictam
1733 661 1955 733 absque
2063 664 2298 719 domino
2324 681 2449 720 meo
2473 665 2617 719 mihi
2639 665 2884 721 traditae.

1175 928 1285 1011 IN
1347 927 1899 1018 CONCILIO
1962 931 2833 1020 BURDEGALENSI
2936 932 2946 948 ³

628 1074 930 1147 Stephanus
959 1077 1294 1144 cardinalz's,
1328 1077 1467 1132 sedis
1503 1080 1818 1150 apostolicae
1848 1083 2075 1150 legatus,
2099 1083 2295 1138 cellam
2323 1083 2379 1137 S.
2417 1083 2709 1140 Clementis
2729 1085 2794 1138 de
2819 1085 3080 1140 Credonz'o
3112 1087 3390 1142 monachis

1644 1151 2126 1208 Vindocinensibus
2165 1156 2378 1208 asserit.

711 1271 930 1342 (Edidit
960 1272 1118 1342 dom,
1151 1277 1426 1329 Maerens
1459 1273 1606 1330 Thes.
1638 1277 1861 1345 Anecd.,
1895 1282 1939 1333 t.
1985 1277 2076 1344 IV,
2111 1278 2218 1333 col.
2251 1278 2376 1345 635,
2411 1296 2478 1333 ex
2511 1280 2799 1334 chartario
2832 1281 3301 1351 Vindocinensi.)

1799 1405 2218 1429 w—

377 1504 532 1560 Licet
561 1504 985 1560 monachorum
1019 1505 1074 1561 S.
1101 1504 1306 1560 Albani
1335 1506 1590 1578 querela,
1616 1524 1793 1578 quam
1818 1523 1955 1578 erga
1985 1519 2031 1584 Β
2064 1508 2162 1578 qui
2191 1509 2390 1563 eodem
2409 1527 2511 1581 pro
2536 1510 3340 1565 necessitatibusmonasterii
3361 1512 3451 1565 sui
3477 1516 3715 1567 Romam

305 1592 636 1650 monachos
653 1591 963 1648 Vindocini
981 1594 1051 1648 de
1065 1591 1309 1648 ecclesia
1321 1595 1672 1650 Credonensi
1686 1595 1820 1666 jure
1843 1595 1954 1649 sibi

300 1681 518 1736 habere
548 1680 912 1750 videbantur,
937 1681 1151 1754 saepius
1173 1681 1464 1748 ventilata,
1480 1684 1703 1754 injuste
1726 1699 1957 1755 semper

301 1774 363 1826 et
391 1770 461 1825 de
492 1769 721 1825 invidiae
753 1774 879 1825 orta
909 1770 1102 1826 radice
1127 1770 1297 1843 legali
1325 1771 1546 1841 judicio
1578 1773 1957 1843 comprobata

303 1859 421 1915 sit:
453 1875 687 1930 semper
715 1863 910 1914 tamen
933 1875 1031 1914 eos
1061 1859 1255 1914 verbis
1286 1859 1591 1924 lacessere,
1626 1865 1681 1915 et
1727 1860 1958 1932 placitis

294 1947 425 2020 jam
440 1947 698 2003 definitis
711 1947 922 2002 iterum
937 1947 1261 2019 inquietare
1280 1947 1450 2004 solita
1465 1966 1572 2003 sua
1590 1950 1958 2021 improbitate

304 2036 686 2092 contendunt.
723 2035 915 2090 Prima
947 2053 1201 2108 namque
1232 2035 1548 2102 calumnia,
1580 2054 1757 2108 quam
1783 2037 1866 2092 eis
1888 2038 1958 2092 de

304 2124 583 2196 praedicta
603 2123 848 2180 ecclesia
864 2123 1212 2191 intulerunt,
1238 2125 1509 2179 audiente
1532 2126 1746 2179 domno
1765 2125 1805 2179 Ε
1828 2125 1958 2196 [Ευ-

303 2212 512 2284 sebio],
545 2213 988 2286 Andegavorum
1026 2213 1320 2285 pontifice,
1355 2217 1410 2268 et
1441 2214 1654 2269 domno
1688 2217 1780 2268 W.
1805 2213 1956 2285 [Wl-

302 2302 670 2375 grino],tunc
702 2301 912 2356 abbate
939 2304 995 2355 S.
1028 2301 1235 2372 Sergii,
1271 2305 1473 2373 postea
1504 2302 1653 2358 facto
1687 2301 1958 2374 episcopo

296 2389 671 2453 Cenomanis,
701 2390 918 2444 domno
951 2404 1186 2460 quoque
1216 2391 1281 2444 A.
1316 2390 1530 2444 abbate
1560 2391 1617 2445 S.
1668 2390 1957 2446 Vincentii

297 2479 564 2551 ejusdem
595 2477 863 2544 civitatis,
885 2476 1204 2548 multisque
1225 2477 1358 2534 aliis
1379 2478 1787 2550 probabilibus
1819 2480 1958 2534 viris

301 2566 692 2640 praesentibus
721 2582 913 2621 coram
947 2566 1202 2622 Gotl'rido
1243 2566 1455 2621 comite
1503 2567 1654 2622 facta
1695 2572 1804 2637 est,
1858 2569 1958 2639 qui

306 2672 444 2712 cum
476 2671 575 2711 eos
599 2654 943 2726 requisisset
973 2659 1038 2709 ut
1066 2654 1292 2711 litteras
1316 2655 1401 2710 vel
1427 2659 1604 2711 testes
1621 2655 1961 2712 exbiberent

309 2745 383 2801 de
413 2744 723 2800 donatione
752 2743 852 2798 illa
878 2759 1053 2814 quam
1086 2743 1198 2798 sibi
1231 2761 1263 2799 a
1293 2745 1515 2799 Suardo
1533 2743 1724 2800 vetulo
1747 2745 1959 2801 factam

312 2833 496 2889 fuisse
523 2832 879 2898 asserebant,
909 2835 966 2887 et
995 2832 1148 2904 quod
1180 2837 1343 2904 pater
1375 2849 1518 2888 suus
1549 2832 1722 2888 Fulco
1765 2850 1960 2890 comes

2064 1603 2414 1668 perrexerat,
2437 1615 2569 1653 cum
2593 1600 2649 1652 in
2677 1599 3078 1653 concilietunc
3101 1616 3292 1653 coram
3315 1599 3551 1655 Nicolao
3571 1618 3721 1672 papa

2065 1685 2305 1742 collecto
2347 1705 2481 1742 cum
2517 1688 2738 1743 caeteris
2772 1693 3008 1754 astaret,
3043 1695 3099 1742 et
3131 1689 3456 1743 accusatori
3491 1689 3572 1744 illi
3630 1707 3718 1744 ra—

2065 1775 2223 1830 tione
2237 1792 2495 1847 congrua
2515 1776 2583 1831 de
2607 1777 2756 1830 dono
2771 1777 3025 1831 ecclesiae
3045 1777 3395 1832 monasterio
3409 1778 3716 1832 Vindocini

2068 1864 2236 1930 facto,
2267 1865 2410 1918 etde
2432 1864 2656 1935 judicio
2711 1865 3042 1936 Andegavis
3092 1871 3292 1934 postea
3325 1882 3358 1919 a
3407 1867 3718 1936 smpedicto

2066 1952 2276 2007 comite
2307 1952 2371 2008 G.
2400 1952 2648 2023 aliisque
2678 1952 3179 2024 supranominatis
3202 1954 3341 2008 viris
3365 1953 3599 2024 publice
3622 1956 3718 2010 de-

2065 2041 2400 2106 terminato,
2431 2042 2870 2112 respondisset;
2903 2058 3214 2096 commune
3244 2043 3443 2096 domui
3470 2057 3636 2114 papae
3666 2048 3721 2097 et

2067 2129 2473 2201 episcoporum
2498 2130 2596 2201 qui
2621 2130 2858 2185 adfuere
2889 2131 3117 2186 decreto
3150 2130 3437 2185 sancitum
3471 2135 3561 2186 est
3582 2149 3722 2203 prae-

2068 2219 2248 2273 fatam
2282 2218 2583 2273 ecclesiam
2615 2222 2670 2272 Β.
2705 2218 3018 2274 Clementis
3041 2219 3112 2273 de
3143 2219 3498 2275 Credonensi
3529 2224 3720 2276 castro

2069 2307 2138 2360 ad
2154 2307 2256 2376 jus
2274 2305 2496 2361 Sanctae
2522 2305 2825 2361 Trinitatis
2851 2306 3301 2362 Vindocinensis
3323 2308 3567 2362 cmnobii
3592 2326 3721 2380 pro-

2069 2393 2159 2449 cul
2191 2395 2370 2449 dubio
2403 2393 2667 2466 legaliter
2699 2394 3004 2466 pertinere.
3038 2395 3240 2449 Tantis
3273 2395 3453 2465 igitur
3475 2401 3714 2468 tamque

2068 2483 2423 2550 manifestis,
2455 2488 2511 2537 et
2543 2483 2782 2552 insuper
2804 2487 2963 2537 tanta
2985 2485 3330 2538 auctoritate
3348 2483 3604 2538 definitis
3621 2484 3719 2554 ju-

2069 2570 2237 2626 diciis
2256 2589 2406 2643 saepe
2431 2571 2698 2642 convicti,
2727 2572 3072 2628 innocentia:
3097 2573 3288 2626 adhuc
3313 2573 3710 2638 immemores,

2069 2664 2126 2715 et
2150 2664 2234 2714 tot
2262 2659 2615 2729 injuriarum
2643 2677 2790 2730 quas
2823 2661 3127 2716 monachis
3158 2659 3466 2714 Vindocini
3495 2661 3619 2715 suis
3662 2661 3718 2714 in

2070 2747 2319 2816 Christo,
2353 2748 2532 2803 velint
2581 2747 2786 2816 nolint,
2839 2749 3118 2803 fratribus
3151 2749 3428 2817 fecerant,
3487 2749 3721 2821 penitus

2072 2855 2186 2892 non
2204 2838 2838 2903 recordantes,rursum
2863 2837 3072 2907 placita
3094 2836 3554 2908 iterare,judices
3577 2836 3723 2892 alios

311 2926 369 2978 et
390 2923 515 2994 ipse
546 2922 767 2978 donum
798 2920 940 2976 illud
987 2921 1421 2990 auctorisasset,
1447 2923 1873 2994 responderunt
1901 2939 1960 2978 se
1992 2889 2033 2954 Β
2072 2925 2130 2978 in
2150 2923 2354 2979 alienis
2368 2925 2705 2996 regionibus
2729 2924 3004 2979 adhibere
3027 2924 3723 2988 conatisunt.Quasivcro

315 3011 453 3065 inde
485 3010 704 3066 litteras
734 3026 1040 3082 nunquam
1073 3010 1378 3065 habuisse:
1413 3011 1512 3065 sed
1544 3016 1739 3066 tamen
1762 3016 1960 3065 utrum

312 3102 496 3154 testes
517 3097 729 3154 habere
758 3101 997 3170 possent
1017 3114 1083 3153 ex
1100 3097 1437 3154 hominibus
1457 3099 1736 3170 temporis
1779 3098 1958 3168 illius,

312 3186 364 3243 si
397 3187 650 3259 spatium
679 3187 764 3242 eis
793 3188 1206 3243 concederetur
1230 3187 1544 3259 requirere.
1588 3190 1791 3243 Comes
1829 3205 1958 3244 vero

310 3275 618 3334 Goti‘redus
631 3275 948 3332 terminum
970 3275 1086 3332 illis
1099 3292 1319 3332 annum
1335 3276 1626 3348 integrum
1646 3282 1962 3348 ponens,ut

309 3365 464 3421 infra
483 3369 660 3421 testes
681 3382 839 3431 suos,
865 3370 921 3420 et
947 3365 1960 3437 undecunque,etiamsidehostibus

309 3454 436 3511 suis
465 3458 680 3522 essent,
715 3453 1062 3509 ﬁducialiter
1094 3459 1151 3509 et
1185 3455 1405 3525 absque
1435 3457 1594 3508 metu
1627 3453 1824 3524 aliquo
1847 3454 1955 3509 sibi

307 3541 665 3599 adducerent
693 3542 1019 3614 imperavit.
1054 3544 1211 3608 Quod
1247 3559 1380 3597 cum
1430 3544 1616 3597 facere
1664 3541 1957 3614 nequivis-

305 3635 437 3686 sent
459 3633 642 3703 (quia,
668 3648 816 3702 quos
839 3648 1142 3702 nunquam
1161 3630 1765 3702 habuerant,reperire
1778 3634 1957 3687 testes

306 3718 522 3775 alicubi
538 3737 652 3776 non
666 3719 1338 3790 valebant),calumniam
1357 3721 1586 3775 interim
1601 3720 1954 3787 omittentes,

305 3825 343 3863 ι
367 3808 536 3864 annis
555 3813 611 3863 et
631 3807 885 3880 amplius
907 3808 1124 3880 quibus
1142 3824 1336 3864 comes
1353 3807 1810 3863 Gofl‘redusvixit
1827 3813 1958 3880 post

305 3911 378 3953 ea
406 3897 696 3953 siluerunt
721 3914 732 3951 :
769 3897 966 3952 statim
988 3914 1120 3952 vero
1143 3901 1277 3968 post
1303 3900 1547 3952 mortem
1570 3897 1730 3952 illius
1752 3903 1954 3968 aptum

306 3985 1085 4058 secalumniandireperisse
1103 3990 1339 4057 tempus
1367 3985 1790 4053 existimantes,
1825 4003 1955 4041 rur-

303 4091 411 4131 sus
425 4092 573 4131 nova
592 4075 824 4130 decreta
841 4075 1260 4140 cudere,novos
1284 4074 1393 4129 sibi
1415 4074 1645 4144 judices
1675 4075 1955 4130 adversus

305 4164 628 4221 monachos
647 4163 950 4220 Vindocini
976 4180 1077 4234 per
1090 4178 1331 4217 manum
1350 4162 1601 4218 Goffredi
1617 4162 1848 4219 comitis
1861 4163 1954 4233 ju-

2072 3013 2131 3066 in
2165 3012 2336 3067 aliam
2363 3017 2761 3068 transcurrere
2780 3013 3052 3083 patriam,
3073 3013 3463 3068 examinatum
3486 3013 3720 3068 rectitu-

2071 3100 2225 3156 dinis
2257 3101 2444 3172 possit
2465 3102 2800 3173 extinguere
2832 3101 3302 3156 veritatem.Post
3344 3099 3583 3173 longum
3614 3103 3721 3155 ita-

2071 3207 2182 3261 que
2213 3194 2466 3260 tempus,
2501 3206 2632 3244 cum
2665 3190 2904 3261 quidam
2928 3189 3257 3260 Stephanus
3272 3194 3332 3242 Β.
3352 3189 3502 3244 Petri
3528 3191 3722 3244 cardi-

2071 3277 2220 3333 nalis
2251 3278 2442 3333 dictus
2477 3278 2720 3334 Romani
2750 3278 3030 3334 antistitis
3050 3277 3357 3334 Alexandri
3383 3277 3718 3349 paptelega-

2068 3367 2227 3422 tione
2261 3368 2316 3421 in
2350 3366 2550 3423 Galliis
2583 3367 2961 3438 fungeretur;
2987 3367 3507 3422 remoranteilloin
3534 3368 3720 3421 Ande-

2068 3456 2303 3526 gavensi
2325 3455 2512 3528 patria
2529 3456 2682 3527 apud
2707 3461 2964 3511 castrum
2988 3445 3484 3521 Sal-murum,ecce
3507 3456 3716 3510 iterum

2067 3545 2340 3600 monachi
2371 3549 2425 3598 S.
2461 3544 2672 3613 Albini,
2707 3545 2874 3616 quasi
2911 3545 3131 3600 novitcr
3176 3550 3316 3601 tune
3371 3544 3717 3616 inciperent,

2067 3633 2492 3705 querimoniam
2528 3635 2598 3689 de
2630 3634 2935 3689 monachis
2985 3634 3291 3688 Vindocini
3340 3651 3442 3704 pro
3475 3633 3719 3687 ecclesia

2067 3722 2418 3778 Credonensi
2445 3724 2515 3778 ad
2551 3740 2722 3778 aures
2753 3722 2914 3777 illius
2943 3722 3324 3793 pertulerunt.
3363 3725 3434 3775 At
3480 3721 3577 3775 ille
3635 3721 3720 3774 eis

2067 3827 2180 3866 non
2195 3811 2394 3866 statim
2408 3811 2617 3875 ibi,sed
2635 3811 2787 3882 apud
2805 3811 3094 3864 civitatem
3115 3810 3191 3879 (2)
3211 3808 3713 3880 Burdigalam,ubi

2065 3904 2122 3955 et
2155 3898 2468 3955 concilium
2503 3899 2814 3952 habiturus
2842 3902 2983 3963 erat,
3020 3898 3380 3968 prazmonitis
3415 3897 3720 3952 monachis

2062 3986 2370 4042 Vindocini
2403 3991 2459 4040 et
2490 3984 2628 4040 illuc
2656 3984 2893 4051 vocatis,
2930 4001 3351 4056 responsurum
3385 4002 3447 4040 se
3496 3989 3552 4040 et
3582 4001 3719 4039 cau-

2064 4092 2190 4131 sam
2228 4074 2541 4145 diligenter
2581 4074 2896 4146 spopondit
2925 4074 3418 4130 examinaturum.
3455 4075 3719 4146 Cumque

2064 4165 2136 4219 ad
2164 4162 2477 4218 concilium
2507 4162 2600 4218 die
2631 4161 2917 4218 Kalendas
2949 4161 3162 4234 Aprilis
3193 4162 3622 4228 convenissent,
3662 4158 3719 4217 et

301 4252 510 4319 nioris,
536 4252 790 4308 Gofi'redi
819 4251 1060 4308 alterius
1115 4252 1490 4321 successoris,
1546 4251 1729 4307 ascire
1768 4256 1952 4308 tenta-
1983 4257 2030 4321 D
2062 4251 2333 4308 monachi
2365 4252 2423 4307 S.
2456 4250 2652 4307 Albini
2685 4251 3000 4306 clamorem
3021 4269 3194 4307 suum
3224 4252 3451 4306 cunctis
3483 4251 3582 4323 qui
3616 4251 3716 4305 ad-

300 4343 448 4398 bant
469 4341 806 4410 ;nonnullos
827 4342 1003 4398 etiam
1026 4339 1354 4413 potentium
1370 4355 1752 4412 personarum
1774 4340 1948 4408 viros,

299 4447 453 4502 quos
478 4431 801 4504 improvide
824 4434 1024 4487 contra
1046 4431 1148 4501 jus
1169 4433 1226 4486 et
1247 4429 1334 4485 t‘as
1359 4429 1416 4483 in
1438 4428 1545 4484 hoc
1567 4428 1679 4484 sibi
1701 4431 1952 4486 maxime

296 4520 641 4592 profuturos
662 4520 999 4588 credebant,
1023 4520 1346 4575 obierantes
1373 4536 1386 4585 ;
1419 4523 1484 4572 ut
1511 4518 1777 4574 videlicet
1797 4521 1950 4590 quod

288 4609 461 4680 justa
489 4609 713 4664 ratione
734 4607 1136 4680 nequiverant,
1161 4606 1248 4662 vel
1281 4611 1577 4678 utcunque
1608 4608 1951 4663 muneribus

296 4697 530 4754 efﬁcere
562 4697 959 4770 praevalerent.
992 4697 1101 4752 Sed
1133 4713 1338 4752 eorum
1372 4712 1474 4768 spe
1504 4695 1561 4751 in
1616 4695 1723 4750 hac
1773 4698 1949 4752 etiam

294 4790 485 4859 parte,
518 4787 634 4842 Deo
665 4786 1033 4858 disponente,
1065 4787 1367 4852 frustrata,
1395 4783 1510 4840 alia
1530 4785 1743 4840 iterum
1771 4786 1952 4857 adipi-

295 4875 499 4933 scendi
525 4876 679 4946 quod
709 4875 1024 4947 cupiebant
1045 4873 1231 4930 moliti
1257 4877 1397 4928 sunt
1422 4873 1636 4928 inferre
1657 4873 1951 4929 machina-

293 4969 519 5021 menta.
554 4964 841 5020 Miserunt
872 4980 1124 5037 namque
1150 4962 1404 5034 legatum
1431 4963 1624 5016 Romae
1650 4966 1738 5030 G.,
1764 4979 1948 5018 unum

293 5054 370 5109 de
395 5053 702 5109 monachis
733 5054 883 5121 suis,
906 5053 1004 5124 qui
1037 5067 1240 5108 eorum
1273 5068 1450 5122 super
1479 5051 1587 5106 hac
1619 5067 1680 5106 re
1713 5052 1950 5108 domino

291 5158 462 5215 papae
492 5143 820 5198 insinuaret
845 5141 1171 5212 querelam;
1208 5141 1307 5196 sed
1339 5139 1507 5212 longe
1557 5139 1724 5196 aliter
1772 5159 1948 5212 quam

290 5231 615 5304 sperabant
642 5231 855 5298 evenit,
877 5230 1014 5302 quia
1035 5234 1255 5301 quanto
1276 5229 1356 5284 ibi
1382 5228 1699 5284 districtior
1721 5233 1951 5286 tenetur

290 5335 546 5377 censura
566 5320 832 5392 justitiaa,
865 5323 1028 5376 tanto
1060 5318 1259 5375 minus
1282 5318 1502 5374 invenit
1521 5319 1674 5390 quod
1694 5335 1948 5375 corrum-

290 5411 399 5483 pat
427 5408 673 5466 avaritia
702 5407 1344 5480 adinventrixjustitiae.
1372 5407 1635 5480 Denique
1653 5411 1716 5465 Ο.
1742 5409 1944 5478 abbas,

2061 4345 2228 4397 erant
2257 4341 2634 4396 audientibus
2669 4340 2972 4409 fecissent;
3026 4341 3268 4412 quidam
3317 4340 3389 4394 de
3439 4339 3719 4393 fratribus

2060 4430 2367 4486 Vindocini
2399 4430 2501 4501 qui
2533 4430 2748 4486 idcirco
2778 4433 3031 4495 venerat,
3060 4427 3268 4484 Vitalis
3313 4427 3573 4493 nomine,
3636 4443 3721 4480 re-

2062 4519 2297 4591 spondit
2319 4535 2555 4575 causam
2569 4517 2728 4574 illam
2741 4519 2866 4588 jam
2882 4517 3107 4590 pridem
3126 4517 3185 4571 in
3209 4516 3472 4572 Romana
3489 4515 3718 4587 synodo

2062 4609 2171 4664 sub
2188 4607 2536 4664 venerabilis
2570 4609 2861 4663 memoriae
2884 4605 3116 4661 Nicolao
3147 4621 3295 4676 papa
3338 4603 3568 4676 publice
3617 4605 3717 4658 de-

2061 4698 2436 4753 terminatam
2473 4697 2675 4760 fuisse,
2707 4696 3081 4750 audientibus
3112 4694 3466 4766 quibusdam
3497 4693 3717 4765 episco-

2061 4786 2152 4858 pis
2183 4787 2253 4842 de
2285 4785 2471 4842 Gallia
2503 4785 2571 4839 ad
2602 4784 2911 4838 concilium
2937 4784 3230 4854 profectis,
3256 4781 3715 4852 Hugouevideli-

2061 4880 2150 4930 cet
2172 4873 2534 4940 Nivernensi,
2561 4872 2855 4928 Gualterio
2880 4871 3180 4938 Meldensi,
3206 4872 3716 4943 itemquellugoue

2059 4965 2352 5030 Trecensi,
2375 4967 2546 5034 atque
2570 4962 3292 5034 WigrinoCenomanensi,
3316 4979 3565 5033 quorum
3594 4966 3714 5016 tres

2060 5053 2124 5111 H.
2157 5054 2382 5108 scilicet
2412 5055 2504 5106 W.
2541 5057 2593 5106 et
2615 5051 2767 5106 alius
2799 5051 2862 5108 Η.
2901 5068 3034 5106 cum
3068 5051 3261 5107 adhuc
3317 5051 3572 5106 viverent
3656 5055 3712 5103 et

2058 5141 2330 5198 monachi
2354 5142 2411 5197 S.
2426 5140 2614 5195 Albini
2635 5141 3004 5212 smpedictam
3021 5140 3376 5197 calumniam
3403 5140 3715 5193 iterassent

2056 5231 2285 5286 litteras
2316 5247 2453 5286 suas
2479 5229 2875 5285 B.Turoneusi
2900 5230 3341 5300 archiepiscopo
3361 5233 3416 5282 et
3436 5227 3496 5281 E.
3531 5226 3715 5281 Ande-

2059 5335 2336 5394 gavorum
2371 5317 2628 5390 pontiﬁci
2659 5317 2716 5371 in
2749 5317 3151 5374 testimonium
3177 5315 3482 5372 monachis
3499 5314 3712 5370 Vinde-

2058 5408 2171 5464 cini
2196 5406 3069 5478 transmiserunt,protestantes
3089 5405 3306 5460 vidisse
3325 5420 3386 5460 se
3407 5404 3712 5461 etaudisse

362 5561 441 5638 (2)
472 5563 794 5622 Concilium
845 5559 1168 5638 Burdigalae
1201 5577 1352 5618 anno
1387 5560 1523 5619 1068
1565 5560 1880 5621 celebravit
1910 5560 2242 5638 Stephanus
2301 5557 2548 5632 legatus:
2583 5559 2653 5618 de
2684 5577 2798 5635 quo
2848 5559 2940 5618 hic
2990 5557 3153 5620 locus
3211 5556 3438 5615 videtur
3496 5554 3706 5614 intelli-

281 5649 539 5711 genuus.
