4138 6186
251 339 434 428 -ίιιᾶ

1230 363 1331 425 DE
1371 337 1867 428 INVEN'I‘IONB
1912 365 2294 428 CORPORIS
2341 367 2410 427 Β.
2460 369 2720 432 MARCI.

3522 337 3681 434 ius

272 497 628 556 vindicabat.
643 495 897 570 Contigit
916 501 1110 554 autem
1124 501 1188 553 ut
1209 497 1626 572 pertransirent
1645 499 1780 556 inde
1802 499 1922 556 via—
1950 499 2008 567 Α
2038 501 2128 556 sui
2155 501 2524 574 episc0patus
2537 501 2796 558 ecclesiis
2810 503 2882 559 ab
2913 503 3134 576 iniquis
3154 507 3210 559 et
3231 505 3423 577 pravis
3435 505 3685 563 homini-

275 589 452 657 teres,
482 582 538 644 et
566 587 628 642 in
652 585 778 643 loco
809 588 1010 644 eodem
1026 587 1195 658 juxta
1224 587 1923 661 sepulcrum,nescientes

268 675 391 733 illic
407 675 770 749 requiescere
787 675 1144 732 sanctissimi
1156 677 1329 734 Marci
1346 676 1670 734 venerabile
1692 695 1922 750 corpus,

269 781 414 824 suos
441 779 622 838 equos
649 763 864 821 vellent
891 763 1100 822 locare.
1131 766 1400 830 Quaedam
1453 771 1650 822 autem
1711 767 1924 822 sancti-

270 855 548 913 monialis
580 854 800 910 femina
832 853 1109 911 clamosis
1135 855 1368 911 obsistit
1390 856 1653 921 vocibus,
1686 855 1922 912 dicens:

273 967 303 996 ‹‹
332 943 544 1012 Nolite,
580 944 814 1011 fratres,
842 942 1020 999 nolite
1041 943 1099 1000 in
1118 944 1227 1000 hoc
1245 948 1447 1000 sancto
1468 944 1754 1018 hospitari
1776 945 1923 1014 loco,

269 1033 516 1090 ne‘forte
539 1032 760 1105 aliquid
783 1031 947 1089 vobis
970 1031 1106 1087 mali
1128 1033 1426 1106 contingat
1451 1052 1463 1102 ;
1489 1033 1745 1088 vidimus
1767 1034 1923 1089 enim

270 1123 370 1179 Dei
393 1120 688 1196 magnalia
718 1121 932 1194 sepius
963 1121 1020 1176 in
1053 1120 1163 1176 hoc
1195 1121 1316 1176 fieri
1342 1123 1715 1178 sanctissimo
1737 1120 1921 1178 loco.»

266 1215 342 1268 At
371 1209 477 1278 illi,
511 1228 614 1284 pro
645 1209 832 1266 nihilo
856 1211 1134 1266 ducentes
1165 1210 1284 1265 haec
1315 1211 1507 1277 verba,
1531 1212 1734 1266 eadem
1758 1215 1924 1267 nocte

269 1303 616 1357 manserunt
637 1299 873 1365 ibidem;
899 1303 957 1354 et
973 1297 1122 1354 facto
1145 1315 1316 1354 mane
1336 1299 1685 1356 insultantes
1703 1317 1922 1356 sermo-

270 1388 448 1446 nibus
480 1390 609 1460 ejus
639 1391 940 1461 cosperunt
970 1387 1080 1443 iter
1109 1387 1383 1460 arripere.
1435 1389 1548 1444 Sed
1606 1392 1918 1460 antequam

265 1479 443 1553 longe
472 1477 872 1552 procederent,
901 1475 972 1533 ad
1005 1477 1245 1533 modum
1278 1477 1499 1549 sagittae
1547 1478 1698 1533 ictus
1730 1494 1921 1550 cmpo-

267 1573 412 1626 runt
432 1570 557 1640 jam
589 1567 867 1640 poenitere
890 1567 961 1622 de
978 1566 1148 1634 facto,
1169 1565 1308 1638 quia
1330 1583 1482 1622 unus
1505 1582 1707 1622 eorum
1731 1584 1921 1638 equus

267 1660 330 1715 in
362 1662 576 1715 terram
602 1655 822 1713 corruit
854 1659 1144 1724 mortuus,
1164 1654 1308 1712 alter
1323 1671 1478 1719 vero,
1510 1656 1771 1711 nondum
1797 1673 1922 1728 per-

266 1753 398 1805 acto
431 1747 640 1815 stadio,
675 1745 732 1801 in
768 1746 896 1818 ipso
927 1744 1132 1801 itinere
1176 1745 1369 1817 periit,
1426 1744 1620 1801 taliter
1672 1745 1919 1801 Domino

265 1834 826 1935 cunctipotentesui
856 1832 1036 1889 Marci
1068 1832 1262 1889 dilecti
1311 1835 1584 1934 martyris
1643 1834 1916 1905 injuriam
1947 1869 1996 1935 B

263 1927 617 1982 vindicante.
639 1923 770 1980 Alio
795 1923 994 1997 itaque
1023 1927 1303 1996 tempore,
1329 1921 1480 1980 sicut
1500 1941 1532 1978 a
1563 1923 1916 1996 quibusdam

267 2014 542 2071 fidelibus
565 2012 708 2068 mihi
739 2011 987 2069 relatum
1009 2015 1115 2079 est,
1140 2028 1273 2067 cum
1301 2012 1573 2083 quisdam
1599 2011 1918 2068 Calabrites

267 2104 503 2160 onustis
535 2102 732 2159 asellis
763 2101 1058 2158 mercibus
1087 2100 1160 2156 ad
1191 2101 1531 2174 praedictum
1564 2101 1756 2157 locum
1789 2118 1918 2157 sero

263 2194 548 2259 venirent,
564 2190 954 2248 etdivertendi
968 2189 1285 2263 hospitium
1302 2191 1916 2262 quaererent,quzedam

264 2279 615 2339 venerabilis
637 2280 847 2337 mulier
865 2280 1012 2335 dixit
1037 2277 1158 2335 illis
1180 2297 1192 2335 :
1216 2299 1236 2326 ι
1252 2278 1832 2347 Nolite,charissimi,
1856 2279 1917 2334 in

262 2373 375 2429 hoc
392 2371 518 2428 loco
547 2371 771 2427 vestros
803 2370 997 2425 asinos
1029 2367 1332 2435 collocare,
1377 2368 1514 2440 quia
1561 2367 1725 2422 locus
1783 2384 1917 2422 san-

269 2466 403 2517 ctus
433 2465 557 2516 est:
592 2476 729 2515 nam
762 2458 810 2514 si
843 2457 1221 2530 praesumitis,
1269 2473 1384 2511 non
1424 2457 1647 2528 absque
1703 2457 1918 2512 damno

266 2550 408 2606 hinc
436 2549 688 2606 transire
709 2544 998 2604 valebitis.
1039 2565 1066 2598 ι)
1111 2545 1218 2612 Qui
1251 2562 1358 2601 sua
1380 2545 1652 2601 inebriati
1683 2544 1920 2601 vesania

278 2639 553 2696 dixerunt
583 2637 655 2694 ad
685 2653 849 2694 eam:
883 2659 910 2686 ‹‹
944 2637 1094 2708 Ergo
1124 2639 1182 2692 et
1210 2651 1316 2690 nos
1350 2633 1565 2690 mortui
1597 2651 1825 2702 sumus,
1868 2634 1918 2690 si

264 2731 502 2785 nostros
516 2727 716 2784 asinos
732 2724 1025 2782 custodire
1039 2740 1154 2780 non
1169 2740 1488 2796 possumus
1506 2741 1561 2792 ;»
1582 2727 1640 2780 et
1660 2739 1793 2778 cum
1806 2740 1920 2778 nox

256 2817 388 2889 jam
419 2815 650 2890 plenius
682 2813 1034 2884 advenisset,
1057 2810 1407 2868 collocantes
1429 2827 1510 2880 se,
1535 2816 1591 2868 et
1620 2813 1679 2866 in
1727 2811 1920 2868 medio

271 2906 471 2963 asinos
501 2922 702 2962 eorum
736 2906 1050 2976 ponentes;
1084 2905 1140 2957 et
1169 2899 1437 2972 quamvis
1469 2901 1744 2956 audacter
1773 2901 1919 2955 fece-

274 2997 418 3064 rint,
445 3001 641 3052 tamen
673 2991 950 3066 suspecti,
982 3007 1054 3046 ne
1085 3006 1118 3045 a
1145 2989 1300 3062 lupis
1329 2988 1417 3044 vel
1440 2988 1814 3045 alatronibus
1835 3004 1924 3043 ra-

272 3082 919 3158 perentur,frustratam
951 3080 1277 3135 custodiam
1299 3081 1647 3150 posuerunt:
1665 3077 1926 3132 nescien-

270 3171 368 3230 tes
399 3172 780 3244 Scripturam,
814 3186 940 3242 qum
971 3168 1148 3222 dicit:
1189 3191 1209 3217 α
1238 3166 1416 3238 ἶριιοᾶ
1467 3167 1636 3222 timet
1682 3165 1924 3238 impius,

272 3262 472 3318 veniet
502 3277 676 3333 super
705 3276 862 3316 eum.
894 3280 921 3309 ι)
953 3256 1218 3329 Arreptis
1247 3255 1443 3329 itaque
1464 3272 1669 3312 somno
1689 3259 1745 3312 et
1767 3254 1924 3311 velut

271 3351 526 3408 mortuis
554 3349 793 3416 effectis,
817 3347 993 3420 lupus
1015 3364 1045 3402 e
1065 3347 1292 3401 diverso
1312 3345 1569 3414 veniens,
1611 3345 1669 3399 in
1730 3344 1919 3400 medio

270 3457 479 3497 eorum
518 3440 840 3512 ingressus,
899 3433 1144 3492 asellum
1207 3433 1553 3490 abstrahens
1609 3432 1918 3489 interfecit.

270 3527 574 3585 Consimili
607 3541 860 3598 namque
888 3524 1238 3580 miraculum
1269 3523 1412 3578 mihi
1445 3523 1518 3578 ad
1577 3523 1922 3578 memoriam

270 3612 454 3687 venit,
486 3611 543 3671 id
570 3616 714 3688 ipsis
730 3604 1115 3670 referentibus
1139 3611 1238 3684 qui
1263 3611 1476 3683 priora.
1500 3611 1646 3666 Nam
1671 3611 1762 3667 die
1784 3628 1924 3684 qua-

273 3705 437 3774 dam,
470 3704 744 3762 similiter
772 3703 975 3760 eodem
1008 3701 1067 3757 in
1097 3700 1245 3768 loco,
1275 3700 1397 3757 sole
1427 3701 1746 3766 occidente,
1795 3700 1924 3772 qui-

275 3796 417 3851 dam
447 3811 582 3850 cum
615 3809 720 3849 suo
751 3789 930 3848 asello
965 3790 1225 3858 veniens,
1284 3789 1605 3863 hospitium
1657 3806 1924 3862 quaerens

275 3881 534 3953 divertit,
568 3887 645 3950 et,
678 3881 819 3937 dum
852 3897 886 3936 a
912 3880 1129 3935 femina
1153 3878 1494 3951 supradicta
1550 3878 1928 3950 repelleretur

276 3989 354 4028 ne
373 3971 725 4037 divertisset,
757 3969 1035 4026 continuo
1066 3984 1200 4024 cum
1227 3984 1333 4022 suo
1369 3967 1534 4023 asino
1592 3965 1928 4039 hospitatus

277 4066 392 4129 est,
423 4065 480 4117 et
510 4059 716 4132 pedem
735 4049 900 4115 aselli
920 4049 1055 4113 cum
1077 4073 1184 4113 suo
1216 4054 1393 4111 simul
1425 4055 1645 4128 ligavit,
1669 4059 1842 4126 atque
1865 4070 1927 4110 se

277 4152 550 4224 protinus
579 4149 638 4204 in
667 4153 880 4205 terram
912 4145 1098 4221 gratia
1136 4143 1473 4218 quiescendi
1513 4144 1696 4200 dedit.
1767 4145 1929 4199 Tunc

278 4237 677 4313 pratergressi
709 4236 985 4301 latrones,
1020 4234 1366 4289 invenerunt
1394 4249 1529 4289 eum
1567 4231 1724 4288 velut
1775 4248 1929 4287 mor-

276 4333 452 4383 tuum
486 4325 894 4396 dormientem,
929 4329 986 4380 et
1015 4322 1265 4378 invicem
1297 4338 1359 4377 se
1389 4321 1446 4375 in
1481 4320 1704 4376 malum
1738 4320 1929 4376 conci-

277 4419 499 4485 tantes,
533 4415 734 4472 restim
766 4413 1041 4470 continuo
1064 4410 1513 4478 concidentes,ei
1537 4410 1770 4466 asinum
1799 4411 1929 4466 abs-

277 4503 585 4573 tulerunt;
619 4503 717 4576 qui
742 4502 1010 4575 protinus
1032 4518 1066 4557 a
1085 4517 1290 4556 somno
1311 4498 1616 4572 evigilans,
1647 4499 1931 4555 damnum

2033 590 2144 646 bus
2175 591 2490 660 desolatis;
2515 595 2571 648 et
2592 592 2731 647 dum
2761 593 2831 648 de
2861 592 3062 648 locoin
3093 592 3288 649 locum
3306 595 3529 650 visendi
3552 611 3679 668 gra-

2032 679 2113 734 tia
2144 680 2446 746 adfuisset,
2482 681 2745 753 pervenit
2777 683 3012 737 tandem
3048 683 3119 738 ad
3152 682 3511 756 episc0pium
3537 685 3685 739 anti-

2034 767 2330 840 quissimae
2363 771 2527 825 urbis
2557 770 2875 840 Atinensis,
2917 775 2972 826 et
3000 772 3302 843 ingressus
3342 773 3678 844 praedictam

2035 857 2363 923 ecclesiam,
2386 877 2513 931 quae
2533 859 2590 914 in
2615 861 2952 915 suburbano
2982 861 3271 932 praedictae
3305 861 3555 917 civitatis
3578 862 3680 916 ad-

2013 951 2142 1018 .est,
2175 948 2674 1020 perlustransquc,
2710 949 2929 1005 invenit
2978 952 3110 1005 ante
3171 955 3440 1006 sanctum
3499 950 3682 1007 altare

2033 1037 2362 1109 congeriem
2395 1037 2676 1108 lapidum,
2697 1054 2821 1109 qum
2843 1039 2913 1094 de
2933 1039 3186 1094 fractura
3203 1056 3503 1095 murorum
3530 1057 3683 1096 acer-

2031 1143 2168 1181 vum
2202 1127 2432 1192 fecerat,
2466 1131 2521 1181 et
2552 1125 2718 1182 valde
2749 1127 2873 1183 suis
2912 1127 3235 1201 alienisque
3266 1128 3450 1184 oculis
3476 1129 3679 1202 displi-

2032 1216 2217 1270 cebat.
2237 1217 2399 1270 Tunc
2411 1232 2737 1272 convocans
2756 1217 2825 1271 ad
2845 1231 2905 1272 se
2920 1219 3231 1288 quemdam
3248 1219 3680 1290 presbyterum,

2031 1305 2342 1378 assignans
2374 1305 2424 1359 ei
2441 1304 2630 1360 locum
2663 1306 2956 1377 praecepit,
2984 1306 3218 1362 dicens:
3246 1330 3272 1356 «
3299 1307 3462 1362 Hunc
3486 1307 3680 1378 accipe

2030 1392 2245 1460 locum,
2279 1393 2381 1461 illi,
2405 1396 2462 1448 et
2483 1393 2790 1465 diligenter
2810 1395 3084 1449 emunda.
3110 1416 3136 1442 ››
3158 1394 3463 1466 Presbyter
3483 1399 3681 1451 autem

2030 1483 2140 1538 sibi
2165 1482 2494 1553 delegatum
2517 1481 2706 1536 locum
2733 1481 3046 1554 accipiens,
3069 1483 3266 1538 devote
3290 1483 3682 1555 coepitemun-

2029 1573 2187 1635 dare,
2211 1573 2268 1626 et
2297 1571 2436 1625 dum
2463 1588 2563 1643 per
2582 1587 2788 1643 gyrum
2821 1570 3021 1627 altaris
3043 1572 3338 1638 effoderet,
3363 1572 3584 1626 invenit
3605 1571 3682 1626 la-

2030 1660 2266 1733 pideum
2299 1659 2535 1715 titulum
2570 1659 2874 1732 scriptum,
2897 1665 2973 1727 et,
3007 1659 3144 1716 licet
3177 1660 3681 1728 fractum,nomen

2029 1748 2241 1805 Christi
2277 1749 2551 1820 martyris
2582 1748 2754 1804 Marci
2788 1749 3157 1804 intimantem
3186 1768 3199 1817 ;
3242 1765 3419 1821 quem
3477 1748 3681 1806 videns

2029 1837 2337 1910 episcopus
2367 1836 2731 1907 exclamavit,
2764 1837 2995 1892 dicens:
3032 1858 3059 1885 ‹‹
3095 1837 3138 1891 Ο
3172 1842 3395 1910 martyr
3433 1834 3679 1909 magnei

2029 1927 2268 1983 ostende
2292 1926 2460 1982 nobis
2491 1925 2749 1998 indignis
2772 1929 2874 1981 tua
2895 1926 3138 1999 pignora
3159 1931 3394 1993 sancta;
3426 1948 3452 1974 »
3472 1925 3682 1981 deinde

2027 2033 2366 2085 conversus,
2384 2015 2697 2070 Dominum
2721 2014 2815 2069 his
2831 2015 3024 2070 verbis
3049 2015 3223 2087 ccepit
3245 2018 3364 2070 toto
3387 2015 3560 2070 corde
3581 2015 3681 2069 de-

2027 2103 2328 2162 votissime
2350 2104 2680 2176 supplicare
2703 2122 2761 2157 :«
2779 2103 3050 2173 Obsecro,
3068 2103 3331 2170 Domine,
3356 2104 3597 2160 obsecro
3613 2106 3680 2158 ut

2028 2193 2286 2267 digneris
2317 2193 2485 2248 nobis
2505 2193 2906 2264 peccatoribus
2938 2192 3131 2248 dilecti
3156 2193 3240 2248 tui
3263 2193 3440 2248 Marci
3464 2195 3682 2265 marty-

2030 2282 2109 2336 ris
2130 2283 2424 2338 tumulum
2448 2282 2880 2348 demonstrare;
2907 2297 3074 2352 spero
3096 2281 3334 2348 etenim,
3357 2286 3413 2336 et
3429 2281 3680 2338 fideliter

2029 2373 2200 2428 credo
2233 2371 2384 2444 quod
2418 2371 2513 2426 hic
2544 2370 2857 2442 requiescit
2885 2369 3062 2426 Marci
3113 2370 3388 2442 martyris
3444 2386 3679 2442 corpus,

2029 2461 2198 2532 cujus
2227 2461 2336 2516 iste
2358 2459 2566 2515 titulus
2590 2459 2758 2514 nobis
2781 2475 2992 2515 nomen
3016 2459 3400 2514 demonstrat.
3428 2481 3455 2509 »
3479 2457 3579 2514 His
3601 2459 3684 2515 ita

2028 2549 2296 2624 peractis,
2327 2549 2604 2605 continua
2635 2549 2704 2604 ad
2731 2549 2968 2621 prOpria
2997 2547 3309 2620 repedavit,
3355 2551 3413 2603 et
3470 2548 3678 2603 arden-

2028 2641 2259 2696 tissimo
2291 2638 2578 2694 desiderio
2607 2641 2834 2694 noctem
2853 2638 3121 2694 eamdem
3143 2637 3676 2693 duxitinsomnem.

2030 2731 2200 2785 Mane
2229 2730 2425 2800 itaque
2455 2727 2604 2782 facto
2637 2727 2802 2799 quasi
2835 2726 3114 2782 divinitus
3147 2725 3420 2798 praecepit
3449 2725 3680 2780 duobus

2031 2816 2384 2891 presbyteris
2402 2821 2468 2871 ut
2485 2815 2655 2885 irent,
2670 2821 2726 2871 et
2742 2819 2875 2871 ante
2897 2813 3077 2870 altare
3099 2815 3361 2870 foderent
3373 2827 3682 2885 quousque

2029 2907 2247 2962 ibidem
2269 2906 2394 2978 ipse
2414 2905 2807 2960 descenderet.
2833 2904 3023 2960 Inerat
3051 2903 3205 2959 eni-n
3232 2903 3340 2958 sibi
3367 2919 3479 2958 non
3504 2918 3682 2975 parva

2033 2995 2339 3063 dubitatio,
2375 3011 2439 3050 eo
2467 2994 2621 3066 quod
2655 2992 2840 3048 multa
2878 3009 3121 3064 corpora
3177 2993 3484 3048 hominum
3542 2991 3680 3047 inde

2025 3085 2322 3157 jacebant,
2353 3089 2410 3139 et
2439 3083 2594 3155 quod
2628 3081 2946 3138 dubietatis
2978 3098 3276 3137 rancorem
3310 3099 3344 3137 a
3376 3096 3437 3136 se
3454 3080 3681 3135 auferre

2035 3194 2150 3232 non
2176 3172 2594 3247 poteratzunde
2611 3176 2667 3227 et
2685 3171 2996 3226 Dominum
3019 3170 3252 3242 pulsare
3275 3169 3545 3242 precibus
3568 3185 3680 3224 ccc-

2035 3265 2120 3338 pit
2146 3268 2211 3319 ut
2236 3262 2347 3319 sibi
2379 3262 2684 3318 ostendere
2715 3259 3056 3332 dignaretur
3081 3260 3236 3331 quod
3269 3259 3470 3315 devote
3519 3273 3680 3330 quaa-

2029 3355 2211 3411 rebat.
2241 3350 2565 3423 Presbyteri
2593 3353 2785 3405 autem
2810 3353 3113 3422 pergentes
3134 3347 3191 3402 in
3218 3349 3678 3424 dexteram-par-

2031 3447 2148 3498 tem
2181 3441 2382 3497 altaris
2414 3440 2471 3495 S.
2498 3437 2901 3494 Bartholommi
2933 3440 3237 3510 coeperunt
3264 3438 3478 3493 fodere.
3502 3437 3678 3492 Secu-

2031 3536 2126 3588 tus
2149 3535 2344 3586 autem
2375 3545 2474 3584 eos
2501 3528 2830 3600 episcopus,
2855 3532 2912 3582 et
2949 3527 3167 3582 invenit
3221 3543 3319 3583 eos
3379 3530 3677 3581 incassum

2031 3622 2385 3688 laborantes,
2418 3617 2769 3688 intuensque
2816 3633 2915 3672 eos
2971 3615 3194 3687 accepit
3229 3615 3562 3682 l'ossorium,
3623 3616 3681 3668 et

2033 3711 2159 3783 ipse
2185 3707 2419 3782 propria
2439 3724 2615 3762 manu
2640 3706 2813 3778 cmpit
2835 3705 3046 3771 fodere,
3070 3709 3126 3760 et
3147 3706 3289 3758 dum
3312 3703 3507 3758 labore
3528 3704 3683 3758 esset

2034 3800 2335 3870 fatigatus,
2353 3795 2605 3852 reddidit
2627 3794 2764 3861 illis,
2787 3799 2843 3848 et
2865 3794 3082 3847 factum
3105 3796 3194 3846 est
3214 3792 3356 3846 dum
3385 3790 3498 3862 ipsi
3519 3790 3685 3845 fode-

2035 3890 2183 3953 rent,
2218 3887 2604 3957 pervenerunt
2626 3882 2697 3936 ad
2721 3879 3017 3935 tumulum
3052 3880 3108 3933 in
3134 3896 3246 3952 quo
3265 3878 3450 3934 sancti
3475 3881 3686 3949 marty-

2037 3977 2118 4032 ris
2148 3973 2324 4029 Marci
2357 3988 2568 4042 corpus
2605 3969 3027 4041 requiescebat,
3063 3974 3119 4023 et
3149 3968 3330 4023 nimio
3363 3967 3564 4040 repleti
3597 3983 3687 4022 ar-

2037 4066 2194 4131 dore,
2229 4061 2699 4116 exclamaverunt
2719 4058 2979 4113 dicentes
3002 4073 3015 4112 :
3038 4081 3064 4107 «
3093 4059 3296 4130 Surge,
3320 4056 3568 4129 benigne
3590 4055 3692 4111 Pa-

2037 4159 2145 4219 ter,
2180 4150 2334 4222 quod
2366 4153 2427 4203 tu
2458 4147 2691 4220 quaeris,
2724 4163 2854 4203 ecce
2885 4150 3138 4204 tenetur.
3177 4170 3204 4197 ››
3238 4147 3344 4212 Qui
3391 4145 3589 4202 statim
3622 4145 3692 4200 de

2039 4241 2163 4297 loco
2186 4254 2456 4310 surgens,
2478 4236 2776 4308 humoque
2801 4240 3152 4308 prostratus,
3169 4236 3261 4291 his
3289 4235 3480 4291 verbis
3503 4231 3693 4289 omni-

2041 4332 2339 4402 potentem
2375 4326 2684 4382 Dominum
2731 4324 3133 4381 collaudabat:
3195 4349 3223 4375 ‹‹
3282 4324 3483 4380 Gratia
3538 4321 3696 4378 celsa

2040 4419 2168 4485 tibi,
2195 4417 2346 4489 regis
2365 4415 2463 4487 qui
2489 4414 2692 4470 munia
2726 4415 2953 4479 mundi,
2971 4415 3070 4486 qui
3092 4415 3482 4485 quodcunque
3503 4409 3691 4481 cupis,

2041 4523 2176 4562 cum
2207 4506 2314 4571 vis,
2348 4503 2474 4560 sine
2505 4521 2668 4560 mora
2700 4508 2985 4576 patratur.
3021 4525 3048 4553 »
3082 4503 3356 4559 Gaudeas
3386 4514 3618 4573 quoque
3638 4499 3697 4554 et

279 4593 528 4661 invenit,
561 4598 619 4648 et
649 4610 683 4649 α
710 4591 836 4649 loco
867 4587 1055 4646 tristis
1086 4589 1390 4647 abscessu.
1432 4592 1740 4661 Οοερθνυῐιι
1793 4588 1930 4642 ἀίοὶὶ
1963 4604 2010 4668 1)
2039 4596 2411 4652 vehementer
2427 4593 2696 4649 exultans
2718 4594 2789 4648 de
2811 4597 2973 4647 tanto
2996 4591 3105 4646 sibi
3128 4607 3402 4646 concesso
3425 4592 3693 4661 patrono,

280 4682 556 4739 homines
587 4686 847 4738 metuere
876 4679 1094 4747 locum,
1125 4683 1183 4735 et
1220 4679 1292 4734 ab
1342 4677 1558 4748 injuria
1613 4682 1937 4734 reverenter

284 4787 541 4828 cessare.
601 4772 962 4843 Quapropter
1023 4771 1255 4842 peracto
1320 4767 1472 4824 cives
1528 4765 1769 4823 consilio
1825 4765 1939 4822 nisi

282 4865 430 4918 sunt
458 4859 730 4942 eamdem
755 4857 1062 4915 ecclesiam
1107 4861 1458 4921 restaurare,
1518 4861 1575 4912 et
1627 4859 1936 4912 convocato

281 4948 562 5023 episcopo
593 4949 692 5022 qui
721 4952 861 5004 tunc
891 4946 1170 5020 temporis
1201 4946 1419 5015 aderat,
1444 4944 1625 5001 altare
1646 4943 1726 4999 ibi
1748 4945 1806 5000 in
1839 4943 1938 5000 ho-

284 5055 493 5095 norem
517 5037 840 5094 beatissimi
873 5035 1120 5109 apostoli
1140 5033 1546 5092 Bartholomaei
1569 5033 1835 5090 dedicare
1855 5033 1938 5089 fe-

283 5130 519 5194 cerunt,
540 5125 997 5183 nescientesillic
1018 5123 1380 5196 requiescere
1399 5121 1746 5179 venerabilis
1759 5121 1938 5178 Marci

286 5213 569 5289 martyris
596 5232 833 5287 corpus,
866 5214 926 5270 in
957 5213 1130 5286 cujus
1150 5212 1387 5282 honore,
1413 5217 1476 5268 ut
1507 5211 1752 5280 aestimo,
1775 5211 1941 5283 prius

284 5306 482 5362 fuerat
511 5305 839 5362 benedicta.

363 5395 551 5468 Igitur
565 5404 825 5466 tempore
851 5408 965 5466 quo
981 5391 1286 5465 piissimus
1307 5389 1625 5464 imperator
1640 5390 1942 5448 Conradus

283 5483 594 5557 regnabat,
628 5500 781 5540 anno
804 5483 1118 5539 Dominicae
1170 5481 1587 5537 incarnationis
1630 5481 1944 5537 millesimo

285 5572 741 5646 quadragesimo
763 5576 992 5644 quarto,
1016 5571 1214 5626 divina
1236 5570 1458 5626 favente
1476 5571 1682 5642 gratia,
1703 5571 1945 5643 quidam

279 5660 412 5725 illic
443 5661 750 5719 ordinatus
781 5661 1090 5736 episcopus
1112 5659 1524 5734 sollicitus‘pro
1548 5660 1945 5720 restaurandis

615 5788 882 5880 ΡΑτιιοι..
929 5784 1191 5852 CXLIII.

2045 4684 2276 4756 collegit
2298 4683 2543 4756 pignora
2575 4685 2812 4749 sancta;
2845 4681 2944 4736 sed
2978 4697 3091 4736 non
3125 4685 3245 4736 tam
3274 4679 3443 4734 laetus
3473 4679 3544 4733 de
3574 4681 3697 4733 toto

2051 4788 2289 4845 corpore
2312 4787 2489 4843 quam
2517 4769 2704 4825 tristis
2736 4769 2959 4824 mansit
2977 4769 3048 4823 de
3078 4771 3285 4841 capite,
3309 4784 3375 4824 eo
3404 4767 3558 4839 quod
3583 4771 3704 4822 non

2049 4860 2469 4927 essetibidem;
2491 4862 2616 4913 erat
2631 4857 2786 4914 enim
2811 4857 3132 4914 Sabbatum
3163 4857 3327 4929 quasi
3352 4855 3496 4912 hora
3517 4854 3701 4912 unde-

2048 4951 2220 5014 cima,
2253 4952 2309 5004 et
2339 4945 2606 5020 quamvis
2638 4947 3009 5002 interdiceret
3029 4963 3100 5003 ne
3123 4946 3294 5002 alicui
3325 4946 3698 5018 panderetur,

2047 5044 2240 5095 tamen
2270 5040 2390 5092 tota
2421 5035 2624 5091 civitas
2656 5035 2848 5090 subito
2881 5036 2949 5090 de
2981 5036 3136 5091 fama
3185 5034 3460 5107 repletur.
3519 5031 3702 5104 Coepit

2047 5132 2242 5182 autem
2275 5128 2477 5181 sancta
2497 5124 2742 5197 pignora
2772 5126 2896 5180 suis
2927 5125 3202 5181 manibus
3233 5124 3539 5196 diligenter
3588 5121 3698 5177 ab-

2049 5217 2229 5282 luere,
2253 5215 2384 5270 etin
2407 5214 2622 5270 scrinio
2654 5214 2957 5280 collocare,
2979 5220 3034 5270 et
3068 5215 3270 5270 eadem
3315 5217 3481 5267 nocte
3513 5211 3696 5281 depu-

2049 5305 2189 5361 tatis
2211 5304 2458 5371 clericis,
2477 5303 2534 5358 in
2559 5303 2796 5375 hymnis
2817 5308 2873 5358 et
2891 5303 3295 5374 spiritualibus
3319 5299 3562 5356 canticis
3579 5301 3702 5354 tota

2050 5399 2218 5450 nocte
2250 5391 2559 5465 pervigiles
2582 5391 2763 5463 jussit
2792 5409 3048 5457 manere,
3083 5396 3146 5448 ut
3201 5391 3348 5446 facto
3409 5406 3579 5444 mane
3628 5384 3700 5444 ad

2051 5482 2412 5555 episcopium
2445 5483 2710 5552 ejusdem
2745 5483 2906 5535 urbis
2937 5499 3068 5535 cum
3102 5481 3272 5536 laude
3303 5485 3357 5533 et
3389 5477 3572 5551 gloria
3600 5479 3702 5535 de-

2056 5575 2331 5645 portaret.

2127 5659 2431 5738 Presbyter
2448 5664 2665 5729 autem,
2690 5661 2786 5734 qui
2806 5661 2969 5734 prius
2985 5660 3218 5716 titulum
3245 5657 3538 5733 lapideum
3561 5655 3703 5714 scri~

3311 5787 3390 5872 45.
