4138 6186
581 292 737 355 1419

1694 289 1975 355 LEONIS
2024 286 2436 353 ATINENSIS
2477 288 2858 356 EPISCOPI.

3724 300 3841 361 M20

580 428 747 497 ptum
770 424 1007 493 invenit,
1026 425 1195 496 cujus
1214 428 1272 481 et
1296 423 1570 497 superius
1595 423 2225 494 memoriamfecimus,
2259 423 2313 489 Α
2345 424 2448 479 bra
2478 423 2779 480 baberent.
2811 423 3070 490 Qualiter
3100 426 3291 479 autem
3317 421 3671 496 gloriosissimi
3715 429 3842 486 Marci

580 517 705 570 erat
730 519 871 570 tunc
902 515 960 569 in
983 513 1323 569 inﬁrmitate
1343 512 1507 569 valde
1529 513 1806 579 afflictus,
1829 512 1909 567 ita
1929 516 1995 567 ut
2015 512 2085 566 de
2109 512 2226 567 vita

580 603 916 674 desperaret
940 628 954 670 ;
978 602 1078 674 qui
1110 606 1174 658 ut
1203 602 1324 657 hac
1358 602 1599 669 audivit,
1634 601 1796 657 misit
1816 599 2103 656 continuo
2149 599 2222 655 ad

580 706 715 745 eum
748 692 813 744 ut
842 690 1184 762 dignaretur
1205 690 1315 746 sibi
1341 707 1553 762 aquam
1577 690 1806 744 mittere
1828 690 1898 745 de
1921 705 2036 760 qua
2062 704 2227 744 saera

582 777 850 834 abluerat
880 778 1148 850 pignora,
1182 796 1358 850 quam
1393 778 1679 835 medelam
1715 778 1785 834 ab
1846 794 1911 833 eo
1969 778 2229 849 accipere

585 870 927 922 mereretur.
963 866 1130 921 Mane
1160 867 1359 937 itaque
1393 867 1540 922 facto
1572 883 1935 938 consurgens
1984 865 2230 921 antistes

584 955 892 1010 admonuit
909 954 1188 1026 populum
1209 959 1273 1010 ut
1292 955 1508 1027 pariter
1528 972 1659 1009 cum
1681 972 1745 1010 eo
1769 956 2159 1021 descenderet,
2177 958 2243 1009 et‘

583 1059 717 1098 cum
749 1042 909 1098 omni
933 1043 1378 1098 honoriﬁcentia
1401 1044 1469 1098 ad
1494 1044 1890 1115 supradictam
1923 1042 2229 1099 ecclesiam

581 1131 757 1187 Marci
783 1132 1225 1187 sanctissimum
1248 1148 1459 1203 corpus
1482 1132 1840 1187 transferret.
1871 1132 2115 1185 Indutus
2136 1148 2233 1185 au-

581 1223 702 1275 tem
735 1220 919 1275 sacris
950 1221 1213 1276 vestibus
1243 1219 1419 1275 simul
1443 1237 1575 1274 cum
1600 1220 1887 1274 ministris
1910 1219 2010 1291 qui
2032 1235 2231 1274 secum

583 1308 829 1365 aderant
858 1326 990 1364 cum
1017 1309 1295 1365 thuribus
1327 1314 1384 1364 et
1410 1309 1742 1380 ceraptatis,
1779 1313 1836 1363 et
1879 1325 2012 1363 cum
2072 1307 2231 1362 omni

583 1401 869 1468 apparatu
902 1396 1319 1465 ecclesiastico,
1348 1396 1489 1451 viris
1519 1401 1577 1451 et
1609 1396 1976 1463 mulieribus,
2039 1396 2236 1467 pueris

582 1489 639 1539 et
670 1484 902 1556 puellis,
938 1485 1200 1540 accensis
1231 1486 1433 1552 cereis,
1470 1485 1864 1557 impositaque
1900 1484 2128 1555 litania,
2162 1484 2233 1539 ad

579 1570 774 1627 locum
807 1574 1072 1639 tetendit,
1106 1578 1163 1629 et
1196 1572 1380 1629 levato
1402 1574 1539 1629 inde
1561 1590 1822 1645 corpore,
1844 1577 1900 1629 et
1934 1574 1991 1627 in
2033 1572 2238 1628 lectiva

580 1661 930 1733 composito,
955 1661 1192 1717 laudem
1221 1662 1452 1717 Dom‘ini
1476 1663 1860 1721 decantando.
1880 1661 2137 1734 pervenit
2161 1661 2234 1716 ad

579 1749 890 1806 civitatem.
924 1750 1032 1806 Sed
1078 1756 1392 1822 antequam
1427 1750 1786 1823 episcopium
1815 1748 2234 1823 ingrederetur,

585 1840 893 1913 presbyter
908 1838 1023 1905 ille,
1042 1856 1216 1912 quem
1237 1838 1507 1910 superius
1521 1856 1666 1911 pene
1683 1845 1981 1894 mortuum
1994 1884 2006 1905 ,
2020 1855 2237 1894 memo-

581 1927 868 1994 ravimus,
883 1926 1197 1983 incolumis
1219 1943 1352 1983 cum
1373 1927 1636 1983 accensis
1654 1928 1834 1983 cereis
1856 1928 2084 1982 obviam
2109 1944 2237 1981 san-

588 2020 678 2072 cto
703 2016 934 2071 advenit
963 2015 1468 2088 corpori,laud.ms
1500 2020 1555 2071 et
1584 2015 1935 2071 benedicens
1969 2016 2233 2070 omnium

582 2106 978 2161 Conditorem.
1004 2105 1327 2178 Episcopus
1351 2109 1543 2159 autem
1576 2110 1771 2177 grates
1796 2106 2118 2160 immensas
2144 2120 2236 2158 re-

583 2194 779 2250 ferens
798 2194 1060 2250 omnium
1086 2193 1440 2265 redemptori
1460 2193 1704 2248 Domino
1720 2194 1855 2259 Deo,
1873 2192 2235 2266 episcopium

584 2283 845 2354 ejusdem
866 2281 1291 2353 antiquissimae
1312 2280 1636 2353 ingreditur
1652 2281 1813 2336 urbis
1835 2287 1891 2336 et
1913 2281 2237 2337 venerabile

589 2382 805 2442 corpus
836 2370 896 2423 in
930 2368 1294 2424 confessione
1317 2368 1416 2424 Dei
1448 2367 1760 2425 Genitricis
1793 2369 2112 2434 collocavit,
2136 2387 2236 2425 ex-

591 2462 863 2530 spectans
893 2462 960 2512 ut
990 2457 1100 2512 sibi
1131 2456 1501 2529 omnipotens
1520 2456 1673 2513 Deus
1704 2460 2010 2514 ostendere
2040 2460 2237 2531 digna-

589 2550 751 2603 retur
780 2545 973 2602 locum
1005 2562 1180 2617 quem
1212 2546 1323 2602 sibi
1356 2549 1556 2618 aptum
1594 2546 1846 2618 placeret
1903 2549 1973 2603 ad
2036 2563 2235 2603 recon-

584 2636 808 2692 dendas
840 2634 986 2706 reliq
1000 2634 1129 2691 uias
1158 2635 1540 2690 venerandas.

658 2725 872 2781 Eodem
907 2741 1148 2797 quoque
1179 2723 1271 2779 die
1302 2739 1416 2794 quo
1446 2727 1713 2778 sanctum
1745 2724 1922 2780 Marci
1979 2725 2236 2782 levatum

586 2818 675 2872 est
717 2830 951 2886 corpus,
1013 2812 1227 2870 accidit
1284 2816 1350 2867 ut
1406 2812 1541 2867 inde
1598 2814 1861 2883 quaedam
1919 2814 2237 2869 sanctimo-

588 2901 763 2959 nialis
794 2901 1092 2969 transiret,
1130 2907 1185 2957 et
1216 2902 1357 2957 dum
1398 2900 1629 2973 longius
1675 2901 1758 2957 ire
1815 2907 2123 2976 satageret,
2175 2909 2241 2959 ut

589 2991 812 3048 audivit
841 2991 949 3046 hoc
982 2992 1221 3058 factum,
1282 2991 1556 3059 eumdem
1616 2990 1851 3047 divertit
1906 2993 1962 3046 in
2020 2992 2234 3059 locum,

588 3084 646 3137 et
677 3081 819 3136 dum
869 3095 931 3136 se
989 3096 1172 3151 prona
1225 3085 1615 3151 prosterneret
1673 3086 1939 3136 sanetum
1998 3081 2239 3136 adorare

2336 513 2610 584 martyris
2632 517 2809 586 caput
2832 514 3133 568 inventum
3166 515 3270 579 est,
3304 510 3510 568 silentio
3537 530 3633 571 non
3656 519 3725 571 est
3743 533 3845 588 prec

2335 603 2706 657 tereundum.
2741 602 2889 657 Nam
2932 603 3185 672 quadam
3242 604 3396 656 nocte
3422 601 3621 658 cuidam
3646 610 3845 663 veterano

2337 690 2673 765 presbytero
2698 689 3030 756 dormienti,
3065 693 3127 744 ut
3158 690 3278 761 ipse
3305 689 3558 745 hactenus
3583 697 3757 759 narrat,
3776 710 3849 750 vox

2339 779 2490 832 facta
2511 783 2619 843 est,
2654 773 2857 833 dicens
2886 796 2898 834 :
2936 802 2961 828 υ
2982 779 3186 850 Snrge,
3208 781 3263 833 et
3287 777 3397 833 noli
3426 778 3663 835 dormire.
3684 804 3705 829 »
3721 781 3849 837 Atille

2339 867 2832 939 exspcrgcfactus,
2867 868 3111 938 putabat
3136 883 3196 922 se
3225 882 3258 920 a
3288 883 3386 921 suo
3415 866 3554 922 socio
3589 868 3672 938 qui
3716 886 3850 924 secum

2342 954 2679 1010 morabatur
2712 956 2767 1009 in
2801 954 2926 1009 loco
2969 954 3181 1020 vocari,
3237 957 3293 1009 et
3347 955 3475 1009 dum
3528 956 3853 1012 sciscitaretur:

2348 1062 2368 1089 «
2400 1044 2586 1107 Quare
2608 1043 2635 1096 ‘I
2668 1046 2776 1097 »'et
2807 1060 2976 1097 nemo
2999 1041 3110 1097 sibi
3132 1043 3507 1114 responderet,
3529 1044 3703 1098 iterum
3720 1045 3857 1100 obdor-

2342 1130 2530 1194 mivit,
2563 1134 2619 1185 et
2650 1131 2897 1185 necdum
2930 1136 3127 1202 aperte
3160 1129 3464 1194 dormiens,
3493 1131 3654 1187 denuo
3685 1149 3766 1187 vox
3791 1150 3858 1189 au-

2342 1219 2465 1274 dita
2483 1223 2590 1285 est,
2612 1219 2811 1275 dicens
2825 1220 2895 1274 ad
2913 1236 3048 1275 eum
3078 1237 3090 1274 :
3120 1242 3140 1268 u
3166 1218 3293 1274 Noli
3316 1226 3428 1275 tam
3450 1219 3595 1291 piger
3608 1236 3726 1289 esse,
3744 1237 3859 1293 surge

2341 1312 2398 1362 et
2430 1307 2485 1361 in
2520 1306 2732 1379 angulo
2765 1307 2942 1376 hujus
2974 1307 3228 1363 basilicae
3251 1324 3434 1380 qurere
3452 1307 3753 1364 thesaurum.
3771 1332 3790 1356 »
3806 1312 3861 1364 At-

2342 1393 2562 1450 tonitus
2595 1400 2791 1451 autem
2826 1397 3131 1469 presbyter
3150 1394 3269 1463 ille,
3293 1402 3347 1451 et
3366 1396 3634 1452 admirans
3654 1412 3802 1452 secum
3818 1397 3862 1452 de

2341 1484 2565 1539 visione
2583 1500 2663 1538 cm
2670 1484 2753 1555 pit
2775 1489 3022 1540 tractare
3043 1503 3055 1551 ;
3078 1485 3182 1540 sed
3204 1489 3505 1556 antequam
3523 1485 3584 1540 de
3600 1483 3765 1540 lectulo
3780 1501 3860 1540 sur-

2345 1580 2521 1644 geret,
2547 1572 2873 1628 consimilis
2899 1573 3070 1628 tertia
3099 1574 3299 1628 audita
3320 1576 3406 1628 est
3425 1590 3524 1629 vox
3543 1572 3806 1645 precipiens
3825 1579 3865 1628 ut

2344 1660 2622 1715 continuo
2654 1666 2940 1733 surgeret,
2972 1666 3028 1717 et
3057 1661 3307 1717 ulterius
3337 1662 3404 1717 de
3432 1662 3628 1717 visione
3652 1679 3742 1717 non
3754 1662 3863 1717 dubi-

2344 1752 2512 1803 taret.
2547 1749 2709 1803 Tunc
2743 1750 3044 1821 presbyter
3067 1750 3235 1806 laetus
3256 1751 3506 1817 eii'ectus,
3528 1756 3867 1822 putansquepe-

2344 1836 2578 1891 cuniam
2611 1837 2827 1893 certius
2859 1838 3135 1894 invenire.
3171 1839 3413 1896 festinus
3441 1839 3675 1906 surrexit,
3690 1843 3734 1893 et
3752 1839 3868 1893 fern-

2344 1928 2608 1979 mentum
2624 1931 2763 1997 aptu
2775 1943 2829 1980 m
2844 1927 2914 1981 ad
2930 1943 3133 2000 vepres
3147 1927 3491 1983 scindendas
3503 1926 3868 1999 arripiens,quasi

2345 2013 2630 2068 divinitus
2652 2015 2721 2069 ad
2748 2014 2937 2071 locum
2965 2016 3250 2088 pervenit,
3273 2020 3329 2073 et
3348 2032 3537 2095 vepres
3557 2014 3732 2087 quibus
3768 2013 3869 2068 locus

2343 2102 2669 2173 tegebatur,
2704 2102 2973 2170 abscidit,
3009 2109 3183 2177 atque
3206 2104 3266 2160 in
3289 2106 3413 2177 ipso
3434 2103 3627 2177 angulo
3646 2103 3691 2157 in
3710 2101 3871 2158 modum

2336 2190 2596 2262 capsula:
2620 2191 2874 2265 loculum
2911 2193 3129 2248 factum
3162 2194 3400 2261 invenit,
3426 2210 3583 2266 quem
3607 2191 3765 2247 statim
3782 2205 3869 2261 ape-

2346 2279 2484 2342 ruit,
2507 2285 2561 2334 et
2581 2280 2875 2336 invenitin
2898 2298 2965 2337 eo
2991 2288 3164 2354 caput
3198 2282 3591 2357 gloriosissimi
3620 2279 3762 2336 Marci
3776 2293 3874 2332 mar-

2342 2368 2486 2439 tyris
2519 2368 2697 2424 simul
2731 2370 2909 2426 clavis
2940 2371 3129 2427 afﬁxis
3160 2388 3298 2427 cum
3331 2372 3537 2444 quibus
3566 2368 3705 2441 impii
3725 2365 3873 2422 crucia-

2345 2461 2545 2512 verant
2576 2456 2764 2528 illum,
2789 2466 2842 2513 et
2875 2461 3143 2531 quamvis
3174 2461 3333 2532 quod
3391 2462 3665 2533 putaverat
3714 2454 3878 2511 minime

2346 2546 2649 2610 inveniret,
2666 2550 2858 2603 tamen
2875 2549 3024 2621 gaud
3036 2549 3088 2604 io
3122 2565 3338 2622 magno
3368 2541 3877 2622 gavisus,ltetabundns

2347 2636 2416 2689 ad
2442 2636 2780 2708 episcopum
2805 2637 2980 2701 venit,
2996 2641 3052 2692 et
3072 2642 3286 2694 cuncta
3302 2654 3427 2710 quis
3447 2636 3646 2692 viderat
3660 2627 3877 2689 enarravit.

2347 2725 2555 2796 Magno
2590 2724 2786 2796 itaque
2817 2726 3029 2797 gaudio
3065 2725 3326 2798 repletus
3358 2731 3444 2782 est
3471 2725 3749 2797 episcopus,
3773 2723 3816 2774 ut
3848 2714 3877 2770 si

2347 2813 2545 2867 decem
2577 2812 2765 2868 millia
2795 2813 2918 2869 auri
2950 2814 3169 2870 talenta
3200 2816 3530 2883 invenisset,
3551 2829 3650 2867 non
3665 2807 3876 2865 tamletus

2349 2901 2677 2956 efﬁceretur
2707 2919 2884 2974 quam
2920 2904 2991 2958 de
3023 2903 3133 2958 hoc
3162 2904 3355 2976 capite
3382 2901 3559 2960 sancti
3586 2896 3815 2970 martyriS,
3846 2896 3880 2947 ei

2347 2987 2481 3045 licet
2509 2989 2629 3045 hmc
2661 2990 2807 3046 visio
2839 3008 2952 3046 non
2986 2991 3204 3047 certius
3268 3009 3479 3048 nomen
3529 2989 3678 3045 istius
3724 2979 3878 3041 Domini

2346 3077 2573 3134 athletis
2597 3078 2972 3145 declarasset,
2998 3079 3093 3135 ille
3116 3086 3319 3137 tamen
3349 3080 3655 3137 afﬁrmabat
3688 3075 3793 3148 quia
3810 3071 3879 3125 hoc

588 3168 946 3241 sepulcrum,
1025 3168 1301 3240 respexit,
1380 3173 1437 3224 et
1526 3185 1657 3224 ecce
1733 3168 2018 3240 particula
2104 3168 2234 3224 reli-
2265 3157 2308 3224 C
2349 3172 2439 3222 est
2468 3168 2827 3224 sanctissimi
2862 3169 3134 3241 martyris
3163 3175 3365 3242 caput,
3395 3173 3449 3225 et
3488 3166 3581 3223 Dei
3618 3154 3879 3238 providentia

588 3257 861 3330 quiarum
927 3257 985 3312 in
1046 3257 1238 3313 medio
1282 3257 1510 3326 jacens,
1591 3257 1793 3313 furtim
1872 3256 2102 3325 levavit,
2181 3261 2238 3312 et

589 3346 788 3419 gavisa
858 3345 1072 3418 gaudio
1141 3361 1376 3417 magno,
1436 3362 1636 3402 secum
1710 3351 1939 3418 portare
2012 3346 2232 3414 voluit;

588 3450 718 3505 quae
740 3434 881 3488 dum
900 3450 1015 3488 non
1038 3433 1207 3504 longe
1228 3433 1299 3486 ab
1325 3434 1567 3489 ecclesia
1587 3437 1759 3499 esset,
1779 3441 2088 3506 antequam
2113 3451 2232 3507 per-

586 3521 891 3577 veniretad
914 3521 1125 3577 vadum
1151 3519 1649 3587 ﬂuminis,tantus
1670 3522 2230 3587 timorinvasiteam,

587 3615 652 3667 ut
672 3627 777 3666 nec
797 3614 950 3667 retro
970 3626 1072 3665 nec
1094 3614 1227 3665 ante
1250 3615 1445 3681 posset
1467 3610 1782 3683 aliquando
1804 3611 2114 3667 declinare.
2130 3612 2233 3667 Re-

585 3700 822 3757 cordata
848 3703 1044 3756 autem
1076 3698 1265 3754 sancti
1296 3700 1568 3772 martyris
1602 3699 2004 3773 reliquiarum,
2045 3701 2231 3757 conti-

583 3807 700 3865 nuo
731 3789 1004 3845 sericium
1030 3787 1222 3844 velum
1244 3804 1359 3860 quo
1382 3789 2042 3862 eaputtcgebaturtulit,
2064 3795 2120 3845 et
2141 3791 2226 3845 in-

579 3878 816 3935 volvens
831 3878 909 3933 ibi
931 3882 1136 3934 sancta
1156 3877 1401 3949 pignora
1424 3878 1649 3934 remisit
1664 3879 1735 3933 ad
1759 3895 1990 3950 corpus,
2016 3883 2074 3934 et
2095 3895 2229 3934 mox

572 3966 749 4040 quasi
772 3984 806 4022 a
834 3964 1083 4022 vinculis
1114 3965 1404 4032 absoluta,
1438 3973 1690 4039 coeptum
1716 3968 1937 4040 peregit
1958 3968 2085 4024 iter.
2109 3968 2228 4025 Coa-

575 4056 665 4129 pit
701 4055 913 4111 dehinc
936 4053 1182 4110 antistes
1210 4053 1584 4110 vehementer
1614 4056 1883 4112 haesitare
1913 4057 2053 4127 quid
2091 4057 2226 4113 inde

576 4144 810 4210 faceret,
834 4142 922 4198 vel
955 4143 1013 4198 in
1047 4159 1164 4215 quo
1197 4142 1321 4198 loco
1353 4160 1488 4199 eum
1520 4149 1842 4216 reponeret,
1874 4150 1976 4201 aut
2005 4146 2052 4201 si
2112 4146 2224 4201 sibi

571 4232 868 4306 propriam
890 4232 1130 4288 domum
1149 4235 1539 4301 construeret;
1557 4236 1612 4288 et
1628 4233 1769 4288 dum
1794 4233 1911 4289 haec
1926 4238 2220 4303 tractaret,

572 4322 761 4379 adfuit
790 4320 1038 4378 dilectus
1057 4319 1283 4375 Domini
1300 4320 1530 4376 Marcus
1556 4321 1614 4376 in
1639 4322 1863 4378 somnis
1884 4324 2115 4378 cuidam
2140 4340 2225 4379 re-

573 4411 798 4485 ligiosae
812 4408 1062 4476 feminae,
1081 4408 1309 4463 dicens:
1332 4409 1527 4464 «Vade
1546 4413 1601 4464 et
1618 4410 2015 4483 dieepiscopo,
2038 4412 2221 4467 anim-

2346 3261 2701 3311 reservatum
2729 3275 2741 3325 ;
2774 3273 2844 3312 ne
2873 3274 3084 3329 corpus
3114 3258 3341 3330 absque
3370 3256 3549 3329 capite
3601 3252 3873 3311 conderetur.

2344 3346 2508 3400 Anno
2531 3345 2725 3416 itaque
2748 3346 3057 3418 completo,
3077 3350 3487 3403 consummata
3514 3342 3726 3401 ecclesia
3741 3338 3783 3392 in
3797 3336 3877 3405 ejus

2344 3433 2582 3501 honore,
2617 3439 2672 3489 et
2695 3435 2882 3506 capite
2905 3436 3113 3505 juncto
3146 3437 3379 3508 corpori
3401 3448 3617 3490 summa
3642 3445 3751 3486 cum
3780 3437 3876 3480 reve-

2343 3524 2528 3578 rentia
2549 3528 2637 3578 est
2652 3524 2818 3579 tertio
2840 3524 3033 3580 Nonas
3048 3524 3316 3580 Octobris
3337 3523 3657 3580 solemniter
3672 3515 3876 3575 dedicati;

2342 3611 2577 3682 scripsit
2598 3616 2791 3667 autem
2818 3618 2875 3667 et
2906 3611 3145 3667 titulum
3178 3612 3474 3685 lapideum
3511 3614 3572 3665 ut
3597 3607 3812 3682 priorem,
3845 3600 3879 3651 ei

2331 3699 2503 3770 juxta
2531 3698 2723 3755 locum
2758 3701 2954 3772 posuit
2983 3701 3385 3757 continentem
3416 3700 3524 3756 hoc
3553 3697 3730 3754 modo:

2413 3790 2507 3843 Hic
2529 3796 2741 3860 martyr
2768 3805 3007 3862 magnus
3036 3791 3333 3860 requiescit
3362 3803 3576 3861 corpore
3602 3789 3798 3845 Μαι-ειη»

2482 3877 2631 3945 Quod
2653 3878 2930 3933 tribuente
2960 3879 3066 3933 Deo
3097 3878 3345 3933 condidit
3365 3894 3481 3934 ecce
3507 3878 3602 3932 Leo

2408 3967 2626 4022 Praesit!
2655 3966 2952 4035 Atinenst's,
2979 3968 3121 4039 lapis
3153 3967 3242 4023 hic
3269 3969 3381 4023 erit
3402 3971 3455 4023 et
3480 3966 3585 4023 sibi
3608 3960 3745 4019 testis.

2405 4053 2709 4109 Inventum
2737 4058 2826 4110 est
2854 4060 3051 4111 autem
3093 4059 3253 4111 sexto
3282 4055 3511 4111 decimo
3542 4048 3777 4108 Kalendas
3798 4048 3884 4095 Δα-

2332 4142 2511 4213 gusti,
2545 4158 2699 4198 anno
2730 4142 3485 4200 Dominiczeincarnationis
3506 4138 3761 4197 millesimo
3779 4142 3883 4202 qua-

2332 4231 2663 4303 dragesimo
2695 4237 2876 4287 sexto.
2902 4233 3036 4287 Erat
3057 4238 3253 4289 autem
3277 4238 3422 4288 tunc
3443 4233 3703 4287 immensa
3716 4217 3885 4303 siccitas

2331 4301 2509 4392 super
2536 4325 2775 4389 terram,
2806 4322 2887 4376 ita
2917 4326 2979 4377 ut
3001 4321 3239 4394 plurimi
3261 4338 3332 4377 ex
3355 4319 3566 4394 pepulo
3594 4301 3884 4373 credereutﬁ-

2330 4425 2463 4463 nem
2494 4410 2699 4465 adesse
2730 4411 2955 4478 mundi,
2981 4427 3046 4466 eo
3078 4410 3235 4483 quod
3268 4409 3540 4467 incendia
3557 4412 3609 4463 et
3625 4402 3776 4474 caligo
3799 4409 3884 4483 ω’

572 4481 837 4556 advertat
868 4498 1204 4588 diligenter,
1229 4501 1288 4552 et
1324 4501 1589 4588 nostrum
1620 4481 1935 4555 evidenter
1971 4517 2221 4573 perpen-
2249 4524 2296 4588 D
2328 4512 2444 4588 gna
2465 4503 2651 4553 totum
2674 4497 3008 4588 invaserant
3030 4481 3253 4588 orbem.
3281 4499 3432 4554 Nam
3452 4498 3634 4588 herbaa
3652 4481 3883 4588 campiideﬂ‘

571 4590 672 4645 dat
686 4588 966 4644 honorem
985 4605 997 4655 ;
1019 4586 1158 4658 quia
1174 4586 1384 4641 domus
1408 4586 1478 4641 dc
1495 4603 1609 4657 qua
1626 4591 1891 4643 nostrum
1914 4588 2049 4644 tulit
2067 4607 2221 4646 nunc

567 4693 803 4749 corpus,
841 4676 1021 4732 nostri
1052 4674 1291 4731 honoris
1322 4690 1499 4730 causa
1529 4674 1773 4731 miriﬁce
1794 4677 2014 4732 exstitit
2036 4679 2211 4746 facta;

565 4764 923 4838 quapropter
946 4765 1126 4819 aedem
1152 4763 1448 4836 propriam
1466 4779 1684 4836 quaero,
1704 4766 1855 4837 quod
1886 4766 1932 4821 si
1957 4765 2218 4835 neglexe-

562 4853 640 4908 rit
669 4853 876 4913 facere.
910 4853 1059 4907 sciat
1089 4868 1150 4908 sc
1181 4852 1290 4909 hoc
1322 4869 1475 4907 anno
1518 4853 1774 4924 periculo
1820 4855 2145 4926 subjacere.
2180 4878 2207 4906 »

559 4940 677 4997 Hoc
707 4941 926 5009 audito,
959 4941 1267 5013 episcopus
1301 4940 1546 5012 expavit,
1582 4946 1637 4997 et
1664 4942 1734 4998 de
1757 4942 1977 4998 visione
2000 4944 2079 4998 nil
2104 4945 2211 4999 du-

558 5030 805 5099 bitabat,
839 5030 1118 5102 quoniam
1152 5029 1362 5085 mulier
1392 5029 1492 5085 illa
1519 5031 1791 5087 timorata
1830 5032 2027 5099 nimis,
2083 5050 2208 5105 quae

557 5119 804 5179 viderat,
839 5135 973 5174 cum
998 5120 1339 5190 juramento
1370 5118 1614 5173 terribili
1648 5120 1996 5177 afﬁrmabat.
2021 5122 2208 5177 Colla-

557 5208 715 5265 tione
738 5209 935 5280 itaque
960 5208 1111 5263 facta
1133 5223 1263 5262 cum
1290 5206 1435 5274 suis,
1470 5206 1530 5261 in
1561 5206 1685 5262 loco
1717 5225 1830 5279 quo
1879 5210 1989 5263 sibi
2049 5228 2207 5266 com-

558 5299 755 5370 paruit
785 5298 984 5354 statim
1017 5298 1090 5352 ad
1117 5295 1539 5368 perﬁciendum
1572 5312 1718 5368 opus
1766 5297 1938 5369 coepit
1993 5299 2202 5356 funda-

557 5389 756 5442 menta
778 5387 1019 5455 jactare.
1046 5385 1158 5440 Sed
1186 5401 1295 5440 non
1317 5384 1755 5457 absque‘divino
1779 5391 1923 5440 nutu
1946 5387 2117 5445 citius
2141 5393 2205 5445 ut

556 5473 884 5530 aestimabat
905 5473 1231 5546 complevit.
1247 5472 1393 5529 Nam
1417 5473 1465 5528 si
1480 5472 1591 5529 sibi
1614 5471 1784 5538 Deus,
1800 5478 1865 5529 ut
1884 5479 2198 5547 Optaverat,

556 5560 837 5627 tribueret
860 5562 1209 5634 facultatem,
1226 5561 1468 5620 forsitan
1489 5560 1664 5621 hodie
1680 5578 1795 5619 non
1818 5569 1996 5640 caput
2019 5583 2199 5625 mem-

2332 4586 2609 4654 fecerant,
2640 4587 2886 4643 virentia
2916 4582 3128 4643 cuncta
3157 4588 3469 4644 ardebant.
3503 4587 3560 4642 In
3591 4584 3702 4655 ipso
3748 4578 3883 4632 autem

2327 4675 2584 4746 periculo
2616 4676 2888 4748 apparuit
2919 4676 3168 4732 dilectus
3198 4675 3437 4732 Domini
3472 4679 3679 4729 Marcus
3716 4661 3881 4748 cuidatn

2325 4744 2752 4820 sanctimonia“
2777 4765 3026 4833 feminae,
3050 4764 3329 4837 praeclaro
3353 4764 3539 4832 vultu,
3560 4762 3714 4831 longo
3739 4744 3881 4845 BtP'il'

2322 4852 2460 4908 chro
2491 4871 2749 4926 corpore,
2780 4854 2955 4909 barba
2985 4859 3042 4910 et
3062 4854 3249 4925 capite
3277 4853 3552 4917 candido,
3582 4848 3801 4917 dixitque
3821 4846 3878 4891 et:

2321 4964 2349 4991 “
2381 4946 2582 5014 surge,
2615 4947 2672 4998 et
2701 4942 2793 4998 dic
2824 4943 3092 5015 episcopo
3115 4960 3297 5014 quare
3321 4958 3533 5015 corpus
3554 4940 3781 4995 nostrum
3795 4931 3879 4982 ιιι]-

2319 5028 2418 5084 diu
2450 5031 2658 5086 retinet
2687 5032 2863 5102 super
2880 5035 3094 5087 terram
3112 5030 3140 5085 ?
3161 5032 3304 5086 Ecce
3319 5034 3446 5102 jam
3471 5031 3668 5084 domus
3687 5018 3878 5102 mibiplt

2318 5122 2441 5174 rata
2474 5123 2581 5186 est,
2619 5097 3101 5191 quid-moratur?
3124 5097 3402 5191 Nunquid
3427 5135 3537 5174 non
3575 5111 3737 5172 cernit
3774 5097 3877 5193 (ιυοᾷ

2317 5208 2569 5279 populus
2591 5207 2852 5263 siccitate
2882 5208 3241 5281 periclitatur
3260 5210 3289 5261 ‘2
3311 5207 3471 5264 Sciat
3489 5204 3723 5279 profecto
3736 5192 3877 5285 quissi

2315 5314 2524 5369 corpus
2556 5315 2752 5353 meum
2781 5298 3054 5353 redditur
3084 5298 3279 5365 terris,
3303 5296 3505 5353 statim
3544 5307 3682 5365 aqua
3708 5286 3876 5343 Doruml

2313 5386 2592 5442 beneﬁcio
2624 5391 2744 5442 tota
2770 5391 2923 5442 terra
2953 5386 3194 5457 rigatur.
3230 5408 3259 5435 ιι
3314 5386 3486 5441 Facto
3540 5384 3718 5451 itaque
3762 5376 3878 5465 min}

2312 5476 2568 5533 surrexit
2599 5476 2835 5543 femina,
2869 5480 2927 5531 et
2968 5451 3094 5547 qua:
3127 5475 3355 5531 viderat
3385 5468 3678 5529 intimavit.
3716 5465 3775 5517 At
3812 5451 3873 5555 illi

2310 5565 2579 5623 hesitare
2611 5565 2784 5642 coepit
2814 5564 2953 5640 quid
2981 5544 3205 5645 ageret;
3237 5563 3569 5624 decreverat
3591 5556 3728 5614 enim
3746 5544 3873 5607 eodie
