4138 6186
251 346 396 413 illi

1211 346 1310 410 DE
1355 347 1834 412 INVENTIONE
1878 347 2261 413 CORPORIS
2307 351 2376 412 B.
2416 351 2685 415 MARCI.

3494 358 3647 419 1H2

247 499 362 555 quo
390 495 602 552 corpus
648 474 952 535 inventum
1004 479 1212 547 fuerat,
1264 481 1569 537 basilicam
1601 482 1889 536 dedicare.
1922 485 1976 550 Α
2007 488 2138 539 ante
2170 502 2400 539 sacrum
2435 484 2730 540 tumulum
2767 485 3035 540 flebiliter
3054 486 3368 543 Dominum
3393 491 3649 562 rogando

163 561 165 568 I
245 572 392 628 Nam
424 568 676 625 fideliter
703 568 958 640 populus
979 569 1230 625 irruerat
1260 585 1439 642 super
1467 586 1623 638 eum,
1653 570 1854 626 dicens
1879 588 1891 626 :

248 681 277 712 ‹‹
306 659 597 716 Nolumus
618 659 745 730 jam
770 658 874 712 tibi
902 657 1158 730 amplius
1191 659 1446 724 credere,
1482 659 1532 713 si
1573 659 1692 713 baac
1724 659 1894 715 bene-

244 750 377 806 ﬁcia
393 766 428 804 a
447 749 564 804 Deo
590 748 760 804 nobis
780 748 1076 819 promissa
1101 748 1393 804 retardare
1411 747 1688 803 volueris.
1709 769 1738 797 »
1757 749 1895 803 San-

241 836 597 896 ctimonialis
624 840 819 892 autem
851 837 1073 892 femina
1097 852 1232 892 cum
1259 837 1600 906 juramento
1633 837 1894 892 afﬁrma—

241 928 379 984 bat:
424 951 450 977 ‹‹
487 926 578 982 Me
608 925 668 979 in
696 925 968 980 custodia
997 925 1260 995 retinete,
1294 929 1352 981 et
1381 929 1653 980 sanctum
1685 943 1896 998 corpus

242 1014 466 1072 reddite
514 1012 918 1086 sepulturae,et
933 1011 982 1068 si
1009 1013 1178 1068 tertia
1199 1014 1292 1068 die
1311 1013 1570 1085 pluviam
1589 1030 1704 1068 non
1725 1013 1895 1069 babe-

243 1105 343 1176 tis,
366 1104 494 1160 sine
517 1119 682 1159 mora
703 1118 900 1158 meum
923 1106 1101 1174 caput
1122 1103 1483 1157 detruncata.
1512 1124 1540 1151 »
1564 1102 1895 1157 Convictus-

243 1198 441 1250 autem
471 1197 590 1247 tam
642 1190 906 1246 mulieris
955 1191 1382 1246 assertionibus
1424 1207 1600 1261 quam
1633 1191 1808 1245 etiam
1839 1196 1895 1246 et

238 1281 438 1355 populi
470 1279 1004 1352 objurgationibus,
1038 1284 1249 1351 quarta
1277 1278 1548 1335 videlicet
1597 1279 1740 1335 feria
1769 1280 1893 1351 ipse

239 1388 372 1428 cum
402 1369 720 1442 aliquantis
761 1369 832 1424 de
882 1367 1097 1440 populo
1137 1368 1448 1439 jejunavit,
1493 1371 1552 1423 et
1599 1385 1732 1423 cum
1765 1385 1893 1424 sero

238 1462 414 1528 esset,
437 1457 584 1531 ipsis
609 1456 752 1514 solis
781 1455 976 1513 locum
1000 1457 1344 1523 scientibus,
1370 1457 1652 1512 secretius
1683 1473 1893 1528 corpus

237 1548 524 1614 humavit,
557 1550 732 1618 atque
763 1550 970 1600 cuncto
994 1544 1209 1617 populo
1237 1545 1391 1600 diem
1417 1545 1762 1600 sacrationis
1794 1545 1892 1600 de-

237 1636 551 1694 nuntiavit.
609 1635 968 1706 Factumque
1020 1638 1110 1689 est
1141 1637 1206 1688 ut
1235 1633 1328 1688 die
1359 1631 1460 1688 illo
1506 1634 1802 1701 transiret,
1839 1638 1894 1688 et

236 1726 396 1782 sicut
419 1725 631 1781 mulier
650 1723 1005 1796 repromisit,
1028 1722 1145 1778 alia
1166 1723 1259 1778 die
1274 1727 1498 1777 tantam
1521 1723 1892 1794 omnipotens

232 1814 388 1872 Deus
420 1831 523 1888 pro
549 1814 766 1880 honore
797 1813 890 1868 sui
922 1811 1118 1867 dilecti
1151 1812 1430 1884 martyris
1452 1812 1738 1867 concessit
1769 1811 1893 1883 plu-

231 1905 411 1972 viam,
440 1909 506 1959 ut
530 1903 724 1959 subito
756 1905 882 1957 tota
901 1905 1056 1957 terra
1088 1918 1239 1973 aqua
1263 1901 1774 1957 abundantissime
1804 1917 1888 1955 re-

230 1993 512 2066 pleretur.
544 1993 627 2047 Ad
660 1990 782 2046 hac
812 1994 935 2046 tota
966 1989 1169 2045 civitas
1195 1989 1446 2056 laetatur,
1471 1989 1610 2061 quia
1639 1990 1694 2044 id
1729 1989 1885 2060 quod

231 2085 556 2156 optaverat,
587 2079 713 2135 sine
745 2096 909 2135 mora
939 2080 1193 2135 tenebat.

303 2169 794 2227 Prestermisimus
815 2173 1013 2223 autem
1037 2183 1316 2240 magnum
1333 2171 1388 2222 et
1401 2167 1757 2239 stupendum
1782 2166 1887 2222 mi-

230 2259 502 2317 raculum
536 2258 691 2330 quod
742 2257 1111 2329 omnipotens
1156 2257 1308 2312 Deus
1359 2257 1560 2312 eodem
1603 2257 1715 2323 die,
1749 2272 1883 2310 eum

230 2348 429 2404 adhuc
459 2351 692 2403 sanctas
726 2345 1002 2418 reliquias
1030 2344 1302 2400 manibus
1323 2349 1579 2400 versaret
1603 2346 1881 2416 pontifex,

229 2437 460 2510 operari
487 2436 764 2508 dignatus
786 2440 894 2491 est.
921 2435 1066 2490 Nam
1090 2435 1230 2489 dum
1259 2433 1498 2505 quidam
1515 2433 1752 2504 juvenis
1772 2433 1882 2488 ari-

228 2527 372 2582 dam
405 2543 646 2582 manum
678 2525 901 2581 habens
929 2522 1347 2596 superveniret,
1381 2526 1438 2578 et
1468 2523 1526 2577 in
1558 2523 1750 2577 medio
1773 2523 1882 2576 cir-

227 2614 657 2672 cumstantium
690 2613 888 2686 populi
912 2629 974 2668 se
999 2612 1304 2683 objicicns,
1334 2611 1696 2683 prospiciens
1729 2611 1884 2682 quod

226 2704 544 2778 episcopus
574 2701 992 2775 languentibus
1013 2719 1227 2773 aquam
1253 2701 1322 2757 de
1345 2718 1461 2772 qua
1482 2717 1658 2755 sacris
1680 2700 1882 2755 ablue-

225 2794 448 2850 bantur
484 2792 741 2864 reliquie:
791 2791 861 2845 ad
888 2791 1209 2862 potandum
1254 2790 1594 2862 porrigeret,
1627 2789 1800 2861 cmpit
1830 2793 1886 2844 et

223 2883 362 2956 ipse
382 2881 554 2954 plena
572 2881 686 2936 fide
707 2881 1031 2952 devotaque
1059 2885 1252 2935 mente
1275 2878 1570 2950 postulare
1594 2882 1885 2950 quatenus

225 2973 280 3030 ei
300 2989 410 3045 pro
423 2969 678 3027 remedio
697 2986 815 3024 suae
839 2969 1043 3024 salutis
1062 2968 1404 3040 dignaretur
1424 2967 1536 3022 sibi
1558 2967 1882 3038 porrigere;

224 3060 334 3134 qui
366 3061 564 3117 statim
591 3063 824 3131 accepto
853 3057 1090 3114 vasculo
1123 3057 1435 3122 benedixit,
1468 3056 1638 3127 eique
1675 3056 1745 3110 ad
1781 3072 1884 3127 po-

220 3150 486 3207 tandum
516 3148 784 3221 porrexit.
818 3148 926 3202 Sed
959 3147 1157 3202 statim
1191 3149 1256 3201 ut
1272 3147 1342 3200 ad
1375 3162 1439 3200 os
1469 3145 1630 3200 illius
1661 3145 1883 3200 exstitit

221 3239 634 3313 propinatum,
657 3237 853 3292 divina
876 3236 1099 3291 favente
1120 3235 1329 3306 gratia,
1351 3234 1506 3289 illico
1527 3251 1736 3288 manus
1759 3221 1936 3303 ejusC

221 3326 552 3385 incolumis
583 3326 830 3393 reddita,
879 3324 1159 3380 haustum
1212 3323 1512 3379 vasculum
1566 3341 1600 3377 a
1646 3322 1880 3394 proprio

221 3434 330 3474 ore
365 3415 626 3473 removit.
658 3414 796 3471 Viso
845 3417 1040 3470 autem
1090 3417 1252 3468 tanto
1294 3411 1576 3467 miraculo
1607 3411 1880 3466 admirati

216 3509 540 3580 cat-perunt
567 3520 772 3560 omnes
797 3501 1123 3576 glorificare
1170 3501 1652 3574 omnipotentiam
1684 3500 1880 3556 Salva-

215 3595 382 3653 toris
410 3593 512 3666 qui
545 3598 710 3649 tanta
737 3592 796 3647 in
827 3592 920 3648 bis
951 3591 1176 3648 ultimis
1199 3591 1405 3647 diebus
1425 3592 1497 3646 ad
1529 3591 1879 3645 confirman-

216 3687 378 3742 dum
411 3683 672 3740 fidelium
726 3686 950 3737 mentes
1006 3679 1291 3738 miracula
1339 3679 1566 3752 operari
1607 3680 1881 3752 dignatus

218 3779 340 3832 est.

301 3862 588 3919 Praesenti
619 3877 853 3933 quoque
884 3877 1058 3928 anno,
1083 3861 1220 3932 quid
1246 3861 1306 3915 in
1337 3859 1445 3916 hac
1466 3861 1605 3916 urbe
1627 3858 1884 3915 clemens

214 3951 524 4009 Dominus
554 3951 709 4023 apud
743 3949 899 4005 illius
942 3948 1447 4005 venerabilissima
1481 3950 1718 4021 pignora
1749 3965 1884 4018 ope-

219 4041 352 4098 rari
383 4040 662 4112 dignatus
693 4043 802 4107 est,
831 4037 1066 4094 silentio
1098 4038 1569 4110 praetereundum
1625 4054 1740 4092 non
1772 4042 1882 4093 est.

217 4131 388 4186 Nam
416 4129 556 4184 dum
589 4128 896 4199 cujusdam
930 4127 1078 4182 fabri
1106 4125 1226 4180 filia
1245 4126 1316 4181 ab
1339 4125 1579 4196 antiquo
1600 4126 1767 4180 hoste
1788 4127 1886 4180 de-

217 4235 410 4276 mens
438 4218 786 4286 efficeretur,
819 4217 901 4272 ita
928 4221 992 4270 ut
1023 4215 1082 4270 in
1116 4214 1240 4270 loco
1274 4215 1330 4268 in
1377 4231 1491 4286 quo
1523 4214 1886 4280 consisteret,

213 4309 321 4366 vel
343 4324 520 4364 suam
539 4307 728 4378 ipsam
753 4306 1092 4379 genitricem
1117 4305 1412 4377 ignoraret
1437 4319 1451 4358 :
1479 4305 1757 4358 continuo
1776 4321 1890 4358 ma-

214 4402 326 4454 ter
354 4397 490 4466 ejus
521 4411 653 4451 cum
685 4393 1292 4467 cognovisset,festina
1313 4394 1384 4447 de
1407 4409 1544 4464 agro
1576 4392 1635 4446 in
1669 4409 1784 4463 quo
1818 4393 1888 4447 ad

215 4485 608 4559 pascendum
638 4484 814 4540 boves
847 4483 1106 4550 miserat,
1149 4483 1220 4537 ad
1273 4482 1635 4553 episcopium
1661 4497 1794 4536 eum
1827 4498 1896 4537 ea

215 4573 527 4638 cucurrit,
559 4577 616 4628 et
638 4573 910 4644 praesenti
938 4571 1210 4643 episcopo
1235 4571 1536 4626 indicavit.
1564 4572 1668 4634 Qui
1693 4570 1891 4625 statim
1909 4590 1952 4653 Ι)

214 4667 298 4720 ut
334 4659 610 4732 cognovit
638 4677 766 4715 eam
798 4661 870 4716 ob
893 4660 1170 4715 invidiam
1193 4660 1417 4731 antiqui
1441 4659 1627 4715 hostis
1649 4659 1896 4715 misera-

213 4751 444 4809 biliter
474 4748 868 4816 immutatam,
901 4748 1046 4803 dixit
1071 4750 1142 4804 ad
1174 4766 1300 4804 eam
1329 4765 1341 4802 :
1371 4772 1396 4798 «
1421 4748 1464 4804 Ο
1488 4748 1730 4804 mulierl
1758 4749 1895 4820 quid

212 4840 350 4898 tibi
374 4839 586 4894 faciam
603 4839 831 4911 ignoro,
855 4839 953 4893 sed
984 4841 1262 4910 tanquam
1286 4837 1745 4893 misericordiam
1770 4854 1897 4892 con-

211 4932 510 4993 secutus,
541 4925 856 4982 consilium
891 4927 1296 4999 recuperandze
1328 4925 1460 4980 filiae
1491 4930 1691 4980 vestrae
1723 4925 1900 4980 saluti

210 5017 499 5092 praebeo.
535 5015 778 5088 Suscipe
836 5031 972 5088 ergo
1027 5020 1084 5072 et
1137 5016 1415 5071 continuo
1463 5031 1592 5071 eam
1625 5015 1683 5069 in
1717 5015 1900 5070 nostri

213 5105 574 5167 Salvatoris
623 5109 763 5161 Jesu
811 5103 1026 5160 Christi
1079 5105 1291 5160 fiducia
1336 5110 1470 5159 ante
1501 5121 1733 5160 sacrum
1774 5105 1903 5175 ejus

213 5193 494 5270 gloriosi
519 5193 793 5267 martyris
815 5192 1114 5250 tumulum
1139 5193 1357 5266 projice
1382 5211 1395 5260 ;
1421 5192 1647 5249 confido
1670 5193 1825 5247 enim
1849 5198 1904 5248 et

209 5283 607 5344 ﬁducialiter
635 5283 829 5350 credo,
856 5300 958 5356 per
976 5283 1106 5354 ejus
1128 5299 1362 5338 sacrum
1384 5281 1669 5337 auxilium
1692 5298 1797 5337 suo
1823 5281 1906 5336 in-

213 5371 617 5432 terveniente
647 5372 945 5445 suffragio,
981 5373 1051 5428 ab
1104 5370 1215 5426 ista
1248 5371 1621 5426 infestatione
1651 5368 1774 5426 filia
1803 5374 1908 5426 tua

213 5462 587 5523 sanabitur.
622 5483 651 5511 »
682 5463 817 5526 Quae
850 5478 984 5517 mox
1015 5464 1079 5517 ut
1109 5459 1353 5527 audivit,
1396 5460 1720 5516 confortata
1745 5459 1906 5516 illius

215 5549 516 5618 oraculo,
543 5567 644 5626 per
666 5568 908 5607 manum
931 5567 1058 5607 eam
1082 5549 1547 5623 apprehendens,
1571 5548 1705 5606 etin
1727 5549 1906 5605 eccle-

213 5642 413 5706 siam
437 5638 610 5718 plena
629 5639 742 5698 fide
764 5640 1083 5713 devotaque
1108 5638 1320 5696 fiducia
1343 5638 1681 5710 introduxit,
1703 5642 1761 5698 et
1779 5655 1908 5698 eam

2007 573 2267 644 projecit.
2302 574 2435 629 Erat
2463 581 2658 629 autem
2689 578 2829 630 tunc
2859 575 3003 631 hora
3040 575 3212 632 tertia
3249 577 3386 646 diei,
3433 584 3491 634 et
3520 595 3650 650 per-

2006 663 2225 717 mansit
2255 663 2311 715 in
2347 663 2455 717 hac
2485 664 2744 718 oratione
2770 665 2887 719 fere
2917 665 3061 720 hora
3093 665 3318 736 quinta,
3352 671 3527 738 atque
3549 685 3652 738 pro

2005 766 2072 806 ea
2102 751 2454 808 sacrificium
2486 753 2600 808 Deo
2633 752 2916 821 oblatum,
2970 753 3305 823 incolumis,
3340 755 3656 812 auxiliante

2005 841 2269 908 Domino,
2303 841 2474 907 facta,
2511 858 2645 896 cum
2678 859 2786 896 sua
2816 841 2994 897 simul
3025 843 3325 914 genitrice,
3359 861 3486 916 quae
3519 860 3654 899 cum

2002 929 2164 1000 gravi
2203 930 2478 1002 angustia
2507 934 2563 985 et
2602 930 2798 986 dolore
2844 932 2915 986 ad
2963 932 3325 1003 episcopium
3349 937 3652 999 venerant,

2004 1034 2138 1073 cum
2170 1019 2384 1089 gaudio
2411 1022 2464 1074 et
2497 1019 2696 1074 laetitia
2727 1021 2797 1074 ad
2833 1021 3064 1091 propria
3094 1025 3235 1078 sunt
3264 1037 3524 1078 reversae.

2073 1105 2331 1177 Denique
2363 1123 2494 1162 cum
2529 1109 2599 1162 ad
2634 1107 2742 1163 hoc
2785 1108 3136 1164 miraculum
3170 1111 3240 1166 ad
3274 1110 3509 1166 laudem
3540 1111 3651 1166 Do-

2005 1195 2148 1248 mini
2173 1195 2355 1250 nostri
2377 1196 2514 1251 Jesu
2541 1196 2749 1250 Christi
2774 1201 2830 1252 et
2853 1199 3139 1268 praeconia
3163 1200 3254 1254 sui
3276 1199 3473 1254 dilecti
3497 1217 3649 1256 mar-

2001 1285 2145 1356 tyris
2169 1285 2345 1339 Marci
2369 1285 2740 1353 scriberetur,
2764 1290 2820 1340 et
2845 1287 2916 1340 de
2938 1286 3030 1341 bis
3051 1287 3365 1344 virtutibus
3389 1289 3652 1361 stupenti

2002 1373 2198 1428 anima
2220 1373 2551 1438 miraretur,
2571 1373 2809 1444 quidam
2831 1375 3154 1431 monachus
3172 1377 3335 1431 bona:
3356 1377 3649 1433 memoriae

2003 1463 2061 1518 S.
2096 1462 2389 1518 Benedicti
2413 1462 2652 1517 cmnobii
2678 1462 3032 1517 adnodatum
3063 1464 3414 1520 miraculum
3447 1468 3650 1522 devote

2003 1551 2073 1606 de
2105 1551 2379 1606 manibus
2408 1551 2726 1622 accipiens,
2759 1550 3118 1607 sanctissimi
3151 1553 3328 1624 hujus
3375 1555 3650 1626 martyris

2002 1655 2169 1710 prece
2199 1641 2538 1710 deposcens,
2573 1657 2688 1710 quo
2730 1641 2837 1695 sibi
2884 1641 3228 1713 dignaretur
3258 1643 3564 1698 subvenire
3595 1646 3652 1699 et

2002 1727 2259 1784 dolorem
2285 1729 2373 1783 sui
2398 1729 2748 1800 capitis,quo
2773 1729 2985 1801 saepius
3004 1730 3648 1802 cruciabatur,auferre,

2004 1820 2179 1888 atque
2210 1817 2427 1888 stylum
2459 1833 2562 1888 per
2591 1816 2804 1872 lectum
2828 1819 2886 1872 in
2915 1823 3159 1890 utraque
3182 1824 3344 1891 parte
3375 1820 3466 1875 sui
3499 1820 3652 1892 capi-

1998 1904 2073 1959 tis
2092 1905 2688 1976 ponens,suppliciter
2709 1923 2769 1961 se
2796 1907 3112 1962 sustollens
3134 1907 3193 1962 in
3217 1925 3382 1979 prece
3409 1909 3644 1980 agebat:

1996 1995 2174 2060 «Eia,
2226 1995 2473 2050 verende
2531 1995 2765 2067 Martyr,
2830 1995 2972 2050 mihi
3032 2013 3306 2053 succurre
3363 1997 3642 2069 precanti,
3711 2040 3720 2048 ..

1995 2087 2168 2155 atque
2198 2100 2300 2154 pro
2332 2086 2431 2138 tuo
2461 2083 2677 2139 honore
2709 2084 2822 2138 mei
2868 2085 3074 2156 capitis
3127 2085 3264 2140 tolle
3297 2088 3576 2142 dolorem.
3615 2109 3644 2136 ››

1996 2172 2062 2226 Et
2091 2189 2223 2227 eum
2255 2172 2375 2227 haec
2407 2173 2779 2228 devotissime
2819 2174 3055 2244 diceret,
3106 2177 3382 2230 continuo
3416 2177 3644 2232 Domini

1993 2260 2275 2333 largiente
2305 2261 2635 2329 clementia,
2669 2261 2835 2317 dolor
2865 2264 3072 2335 capitis
3097 2265 3169 2319 ab
3198 2281 3263 2320 eo
3286 2266 3562 2321 recessit:
3589 2269 3648 2320 et

1996 2367 2128 2405 mox
2150 2351 2518 2406 laetabundus
2541 2351 2609 2405 ad
2638 2368 2743 2406 nos
2766 2351 3040 2406 continuo
3063 2353 3375 2424 repedavit,
3393 2359 3447 2409 et
3466 2371 3648 2426 quan-

1992 2443 2112 2494 tam
2145 2439 2256 2494 sibi
2291 2444 2440 2495 Deus
2474 2440 2671 2494 fecerit
2693 2440 3154 2496 misericordiam
3177 2442 3400 2497 meritis
3432 2443 3523 2498 sui
3556 2443 3644 2497 di-

1993 2527 2126 2583 lecti
2157 2528 2360 2583 famuli
2391 2529 2724 2595 enarrabat,
2750 2529 3046 2601 humoque
3069 2535 3488 2602 prostratus,et
3513 2548 3641 2587 ere-

1995 2616 2102 2672 ctis
2134 2617 2193 2671 in
2225 2615 2435 2671 coelum
2470 2617 2768 2684 manibus,
2803 2618 2976 2688 coepit
3000 2633 3214 2688 magna
3239 2635 3371 2672 cum
3396 2617 3647 2674 exsulta-

1995 2704 2149 2761 tione
2164 2707 2472 2761 Dominum
2505 2710 2562 2761 et
2585 2707 2713 2775 ejus
2744 2710 3058 2777 martyrem
3094 2705 3443 2761 collaudare.
3466 2707 3642 2761 Laete-

1995 2795 2355 2866 muritaque,
2382 2794 2586 2848 fratres
2605 2793 3021 2861 cbarissimi,et
3039 2794 3176 2849 totis
3201 2794 3422 2850 viribus
3436 2796 3649 2866 jucun-

1996 2883 2222 2951 demur,
2257 2882 2618 2937 exsultemus
2649 2886 2704 2936 et
2750 2881 3107 2937 delectemur
3151 2883 3209 2937 in
3241 2883 3511 2953 Domino,
3543 2900 3645 2956 pro

1995 2972 2162 3041 cujus
2181 2988 2397 3036 amore,
2423 2970 2516 3024 hic
2533 2969 2995 3041 gloriosissimus
3018 2977 3238 3044 martyr
3259 2973 3488 3028 Marcus
3512 2990 3647 3045 sup-

1995 3059 2237 3131 plicium
2271 3059 2508 3130 pertulit
2555 3060 2780 3125 mortis,
2835 3065 2892 3114 et
2924 3077 3036 3115 non
3071 3069 3187 3115 tam
3236 3061 3306 3116 de
3347 3061 3647 3118 miraculis

1998 3165 2176 3221 quam
2208 3149 2279 3204 de
2309 3148 2436 3217 eius
2466 3147 2810 3204 dulcissimo
2843 3149 3166 3220 patrocinio
3208 3148 3551 3220 gloriemur,
3584 3151 3642 3205 in

1990 3254 2106 3309 quo
2131 3253 2263 3292 cum
2288 3253 2485 3292 amore
2510 3241 2720 3291 nostra}
2747 3236 3068 3292 devotionis
3095 3253 3256 3309 spem
3289 3240 3346 3291 et
3367 3236 3642 3292 ﬁduciam

1990 3327 2286 3399 ponimus,
2311 3327 2532 3396 absque
2555 3325 2733 3380 dubio
2758 3325 2826 3380 de
2849 3326 3081 3397 magnis
3109 3325 3490 3402 periculis’ab
3513 3328 3646 3397 ejus

1991 3419 2194 3471 sancta
2215 3413 2632 3469 intercessione
2654 3415 2893 3484 protecti
2919 3414 3014 3469 hic
3037 3419 3094 3470 et
3116 3415 3172 3469 in
3197 3415 3392 3470 futuro
3413 3414 3644 3470 liberati

1989 3503 2334 3559 laetabimur.
2370 3504 2448 3557 De
2481 3503 2664 3575 signis
2696 3503 2962 3560 videlicet
2991 3508 3165 3576 atque
3196 3504 3477 3576 prodigiis
3520 3522 3634 3561 non

1989 3609 2223 3666 semper
2250 3608 2543 3664 quemque
2573 3591 2849 3647 admirari
2881 3598 3125 3665 Oportet,
3160 3594 3635 3666 quandoquidem

1993 3701 2109 3739 non
2139 3687 2368 3738 tantum
2401 3682 2607 3748 sancti,
2656 3682 2756 3736 sed
2788 3681 2962 3737 etiam
2994 3686 3050 3737 et
3080 3687 3411 3753 peccatores
3440 3683 3499 3736 in
3535 3700 3636 3737 no-

1994 3773 2149 3828 mine
2179 3770 2410 3826 Domini
2443 3771 2628 3825 facere
2651 3774 2933 3841 possunt;
2968 3770 3122 3824 unde
3153 3768 3210 3823 in
3241 3769 3550 3841 Evangelio
3579 3770 3640 3825 in

1993 3861 2087 3917 die
2110 3859 2315 3932 judicii
2339 3858 2550 3913 dicturi
2581 3863 2717 3912 sunt
2741 3875 2789 3911 :«
2817 3857 3080 3922 Domine,
3101 3874 3290 3912 nonne
3316 3858 3373 3912 in
3406 3859 3645 3914 nomine

1995 3955 2094 4005 tuo
2125 3946 2412 4003 daemonia
2439 3946 2739 4016 ejecimus,
2773 3951 2828 3999 et
2877 3945 3063 4000 multa
3092 3947 3262 4018 signa
3290 3947 3536 4003 fecimus
3562 3950 3584 4002 Ρ
3616 3969 3644 3997 ››

1997 4038 2221 4102 Quibus
2238 4036 2505 4091 dicturus
2527 4034 2943 4090 estDominus:
2971 4058 2998 4085 ‹‹
3015 4035 3304 4090 Discedite
3324 4053 3356 4091 a
3379 4053 3492 4102 me,
3516 4053 3650 4110 ope-

2001 4131 2223 4182 ratores
2252 4123 2602 4195 iniquitatis,
2636 4123 2776 4195 quia
2806 4141 2920 4178 non
2955 4125 3084 4178 novi
3117 4141 3235 4180 vos.
3274 4148 3300 4173 ››
3322 4125 3466 4180 Nam
3498 4131 3554 4181 et
3583 4128 3645 4182 B.

2001 4215 2313 4287 Gregorius
2335 4213 2392 4268 in
2419 4230 2582 4269 sacro
2605 4212 2835 4284 eloquio
2869 4214 3037 4284 signa
3058 4231 3290 4285 quoque
3313 4215 3651 4271 infidelibus

2001 4306 2136 4360 data
2165 4319 2292 4359 esse
2314 4302 2508 4357 refert.
2536 4303 2677 4372 Ergo
2712 4303 2759 4358 si
2782 4303 2949 4375 signa
2970 4302 3308 4358 infidelibus
3328 4304 3654 4358 concedun-

2004 4400 2120 4461 tur,
2154 4411 2258 4448 cur
2287 4409 2394 4448 nos
2417 4391 2617 4448 fideles
2643 4393 2698 4446 in
2723 4392 2910 4465 signis
2932 4395 2990 4446 et
3021 4391 3319 4447 miraculis
3343 4393 3646 4459 miramur,

2004 4489 2059 4539 et
2089 4499 2200 4538 non
2259 4482 2452 4552 potius
2478 4482 2535 4535 in
2587 4482 2895 4537 sanctitate
2927 4480 3325 4537 confidimus?
3371 4482 3514 4538 Nam
3550 4480 3652 4534 ubi
3702 4496 3704 4498 '

2005 4574 2216 4628 desunt
2246 4572 2433 4642 signa,
2468 4572 2684 4625 adsunt
2713 4574 2769 4624 et
2801 4569 3079 4641 suffragia
3109 4569 3454 4624 sanctitatis.
3489 4569 3652 4624 Ideo-

2007 4677 2139 4733 que,
2172 4658 2524 4725 charissimi,
2552 4659 2708 4713 omni
2735 4659 2948 4713 ﬁducia
2980 4663 3212 4730 totaque
3245 4657 3456 4712 mentis
3488 4658 3654 4712 devo-

2008 4750 2165 4804 tione
2197 4747 2319 4803 solo
2351 4746 2648 4819 prostrati,
2672 4748 2823 4817 apud
2855 4747 3012 4802 hunc
3043 4751 3310 4802 sanctum
3341 4751 3654 4818 martyrem

2009 4838 2254 4894 Domino
2283 4836 2512 4891 veniam
2564 4835 2951 4906 postdemus,
2985 4841 3275 4908 quatenus
3315 4836 3442 4907 ejus
3475 4835 3658 4890 sacris

2011 4926 2235 4982 meritis
2266 4926 2577 4996 impetrare
2599 4940 2946 4979 mereamur.
2972 4927 3114 4980 Nam
3148 4925 3194 4981 si
3228 4942 3295 4981 ex
3341 4929 3457 4982 toto
3489 4925 3661 4980 corde

2011 5021 2067 5071 et
2090 5016 2206 5070 fida
2228 5016 2421 5069 mente
2446 5028 2722 5083 rogamus
2747 5014 2900 5084 quod
2928 5031 3030 5084 pro
3052 5014 3238 5070 salute
3263 5020 3465 5072 nostra
3487 5015 3661 5085 depo-

2013 5105 2256 5171 scimus,
2299 5103 2526 5158 dicente
2577 5102 2858 5158 Domino:
2890 5127 2915 5153 ‹‹
2952 5105 3009 5158 Si
3041 5105 3178 5174 quid
3228 5103 3510 5174 petieritis
3559 5102 3662 5155 Pa-

2012 5197 2162 5248 trem
2193 5193 2250 5247 in
2284 5191 2522 5247 nomine
2554 5207 2708 5258 meo,
2766 5192 3004 5248 dabitur
3043 5193 3224 5248 vobis.
3262 5215 3288 5239 »
3322 5193 3664 5255 Quaeramus

2013 5281 2194 5355 igitur
2224 5280 2508 5335 auxilium
2559 5280 2630 5334 ab
2663 5297 2728 5335 eo
2779 5280 2878 5352 qui
2911 5286 3116 5352 potens
3147 5284 3254 5348 est,
3307 5284 3364 5334 et
3393 5281 3665 5335 sanctum

2016 5387 2228 5426 nomen
2261 5371 2408 5440 ejus,
2445 5373 2500 5424 et
2530 5369 2628 5440 qui
2663 5385 2800 5424 suos
2832 5377 3117 5440 martyres
3147 5369 3203 5422 in
3236 5371 3517 5422 aeternum
3549 5365 3668 5438 glo-

2017 5460 2226 5524 rificat,
2260 5475 2362 5529 pro
2395 5457 2632 5513 illorum
2674 5457 2897 5512 meritis
2931 5473 3036 5512 nos
3066 5458 3136 5512 de
3166 5455 3441 5528 periculis
3474 5454 3666 5510 immi-

2019 5548 2294 5606 nentibus
2308 5546 2543 5602 assidue
2560 5546 2777 5602 liberet.
2795 5545 3023 5602 Scimus
3036 5546 3190 5600 enim
3203 5546 3364 5600 etind
3377 5545 3521 5600 ubitt
3539 5550 3670 5602 nter

2021 5637 2315 5695 credimus
2342 5635 2518 5708 quod,
2545 5636 2593 5691 si
2625 5635 2756 5709 quis
2787 5653 2922 5695 eum
2956 5652 3067 5692 non
3098 5635 3292 5709 tepida
3310 5639 3505 5693 mente
3537 5648 3667 5708 pre-
