4138 6186
562 329 589 388 1
601 325 718 388 423

1678 319 1954 381 LEONIS
1999 316 2413 379 ATINENSIS
2459 315 2830 378 EPISCOPI.

3725 314 3842 380 κει

559 458 727 513 cibus
749 454 1262 528 pulsat,quidquid
1289 469 1392 526 pro
1409 471 1517 509 sua
1535 452 1721 508 salute
1739 452 2201 524 rogitat,absque
2229 456 2281 520 Α
2317 455 2614 505 merentur
2640 456 2696 506 et
2724 449 2994 504 ell'ectum
3026 447 3213 520 precis
3234 464 3347 502 suae
3377 447 3735 520 adipiscuntur.
3759 451 3842 508 Vos

560 545 737 602 dubio
769 543 1070 611 obtinebit,
1104 551 1170 599 ut
1198 542 1323 615 ipse
1354 541 1625 598 ﬁdelibus
1669 541 1794 596 suis
1825 539 2082 612 polliceri
2113 544 2203 596 est

559 635 865 707 dignatus;
894 632 1032 688 dicit
1053 633 1241 689 enim:
1279 632 1388 688 «Si
1413 631 1737 686 habueritis
1765 630 1960 697 ﬁdem,
1987 634 2048 683 ut
2070 647 2199 701 gra-

2312 540 2506 610 itaque
2519 539 2813 605 adhortor,
2830 536 3184 603 charissimi,
3199 542 3265 592 ut
3277 537 3445 609 hujus
3461 539 3622 593 sancti
3638 541 3841 614 martyris

2313 629 2486 684 Marci
2509 628 2791 683 auxilium
2813 626 3214 698 imploremus,
3237 631 3298 681 ut
3315 643 3423 681 una
3435 627 3694 682 nobiscum
3710 629 3754 682 in
3770 647 3842 686 suo

561 740 702 780 num
735 722 974 794 sinapis,
1008 721 1277 778 diceretis
1306 721 1443 776 huic
1473 719 1655 775 monti
1682 738 1694 774 :
1720 718 1926 774 Transi
1958 719 2115 784 hinc,
2149 722 2207 772 et
2312 717 2632 788 patrocinio
2663 715 3156 788 congratulemur,
3188 720 3253 770 ut
3282 715 3370 770 cui
3399 716 3610 771 assidue
3636 720 3847 790 praeconia

559 812 823 882 transiet,
841 816 899 866 et
919 811 969 867 si
993 811 1050 866 in
1068 812 1182 867 ﬁde
1205 828 1319 866 non
1333 809 1756 875 haesitaveritis,
1774 809 2060 880 quidquid
2078 808 2204 862 sine

561 901 739 958 dubio
769 901 924 972 quod
948 900 1249 972 petieritis,
1270 899 1659 972 impetrabitis
1681 897 1737 951 id
1761 898 1976 968 ipsum.
2000 917 2026 948 η
2058 897 2208 952 Sunt

562 989 800 1061 quidem
833 987 1098 1045 nonnulli
1132 989 1230 1059 qui
1278 993 1485 1060 petunt
1513 986 1707 1060 tepida
1755 987 1888 1053 ﬁde,
1931 986 2058 1041 ideo
2091 1003 2205 1041 non

564 1083 863 1136 merentur
892 1078 1046 1150 quod
1080 1081 1349 1149 quarunt
1379 1076 1638 1148 accipere
1671 1080 1684 1130 ἑ
1718 1079 1775 1130 et
1813 1079 1951 1129 sunt
1977 1073 2074 1128 alii
2109 1073 2207 1145 qui

563 1171 684 1223 tam
715 1166 1131 1224 ardentissima
1160 1166 1272 1221 ﬁde
1311 1170 1537 1238 petunt,
1569 1182 1633 1220 ac
1665 1165 1710 1220 si
1759 1167 2074 1235 praesentes
2107 1163 2208 1217 ha-

565 1256 758 1324 beant,
792 1261 847 1312 et
894 1273 958 1311 os
988 1257 1058 1310 ad
1091 1273 1156 1310 es
1201 1254 1538 1326 loquantur.
1575 1253 1640 1308 Hi
1689 1253 1900 1308 idcirco
1947 1252 2209 1308 exaudiri

564 1409 870 1416 ..φ-...-

564 1425 854 1438 ρ--ο-..α-...ο

2315 807 2638 862 sanctitatis
2664 807 2722 860 in
2747 806 2917 860 terris
2939 803 3437 874 attollimus,illius
3457 807 3756 861 consortium
3770 825 3848 863 me-

2317 913 2549 952 reamur
2580 896 2791 951 habere
2821 895 2881 949 in
2913 894 3074 950 caelis
3100 911 3112 948 :
3149 894 3450 950 auxiliante
3471 895 3684 951 Domino
3709 902 3852 952 nostro

2315 988 2452 1043 Jesu
2485 985 2736 1051 Christo,
2772 985 2871 1056 qui
2897 1000 3031 1039 cum
3066 985 3231 1040 Patre
3260 989 3314 1040 et
3338 985 3542 1056 Spiritu
3571 991 3736 1041 sancto
3756 986 3852 1041 vivit

2317 1080 2386 1130 et-
2432 1079 2634 1146 regnat
2683 1075 2836 1129 Deus
2885 1090 2988 1145 per
3040 1072 3270 1128 inﬁnita
3334 1075 3530 1129 saecula
3571 1074 3852 1131 saeculorum.

2321 1168 2525 1219 Amen.

2767 1404 3118 1414 ——-———-——

1631 1555 2178 1670 DOMNI
2305 1554 2903 1669 LEONIS

1869 1763 2278 1826 ATINENSIS
2325 1763 2672 1824 EPISCOPI

1210 1926 1465 1990 Donatio
1495 1925 1764 1988 solemnis
1799 1925 1967 2004 facta
1998 1924 2292 1986 canonicis
2330 1923 2668 2004 clericisque
2698 1925 2997 1984 Atriienszs
3029 1921 3336 1985 Ecclesia.

1594 2084 1783 2157 (Apud
1819 2085 2087 2152 UGHELLI,
2121 2085 2280 2140 Ilalz'a
2309 2100 2487 2151 sacra,
2519 2088 2559 2137 t.
2594 2083 2690 2152 Vl,
2724 2101 2778 2155 p.
2814 2083 2963 2151 432.)

2065 2272 2480 2284 .——————

644 2403 703 2456 In
738 2399 973 2454 nomine
1001 2396 1233 2454 Domini
1265 2396 1448 2452 nostri
1477 2395 1618 2452 Jesu
1650 2395 1887 2451 Christi.

643 2491 807 2544 Anno
835 2488 907 2544 ab
942 2485 1344 2542 lncarnatione
1367 2487 1495 2556 ejus
1529 2483 1836 2540 millesimo
1859 2485 2219 2556 quinquage-

573 2577 722 2635 simo
753 2582 932 2643 sexto,
988 2591 1187 2631 mense
1216 2574 1394 2640 Julio,
1445 2574 1644 2630 indict.
1697 2592 1773 2637 1x,
1817 2575 2108 2629 residente
2159 2573 2218 2628 in

573 2668 714 2724 urbe
747 2666 929 2721 Roma
959 2681 1192 2720 summo
1231 2668 1289 2720 et
1317 2663 1630 2720 universali
1680 2663 1951 2735 pontiﬁce
1981 2663 2218 2718 domino

569 2773 722 2829 papa
742 2756 987 2821 Victore,
1007 2754 1399 2826 etimperante
1420 2754 1656 2809 domine
1671 2753 1932 2817 Conrado
1953 2752 2217 2823 piissimo

570 2845 942 2916 imperatore,
974 2848 1030 2898 et
1085 2845 1422 2914 Capuanam
1481 2841 1797 2897 Ecclesiam
1856 2842 2218 2913 gubernante

572 2933 806 2991 domino
836 2931 1179 3004 Adenulpho
1225 2931 1681 3004 archiepiscopo.
1715 2931 1832 2986 Nos
1884 2930 1996 2986 Leo
2027 2930 2220 2985 divina

570 3021 758 3094 gratia
788 3021 1185 3092 dispensante,
1220 3019 1436 3076 Ecclcs.
1470 3019 1769 3075 Atinensis
1799 3019 2104 3090 episcopus
2137 3036 2219 3074 rc-

570 3115 660 3167 cto
691 3109 1174 3166 considerationis
1207 3108 1372 3165 oculo
1404 3125 1472 3164 ca
1501 3126 1627 3180 quas
1660 3109 1731 3164 ad
1764 3109 2074 3164 utilitatem
2109 3110 2217 3164 Ec-

571 3200 759 3257 clesia:
810 3198 1104 3272 pertinent
1158 3198 1460 3264 intuendo,
1511 3201 1575 3253 ut
1603 3197 2030 3255 ecclesiasticus
2077 3198 2217 3253 ordo

563 3290 726 3362 juste
755 3294 812 3344 et
843 3289 935 3360 pie
964 3287 1022 3342 in
1045 3288 1219 3343 domo
1254 3286 1475 3342 Domini
1502 3287 1690 3342 vivere
1714 3287 1918 3354 valeat,
1946 3286 2220 3342 ordinan-

573 3381 662 3433 tes
676 3377 735 3432 in
759 3381 951 3432 mente
970 3376 1287 3431 statuimus
1305 3380 1368 3431 ut
1384 3375 1692 3431 Atinenses
1705 3375 1895 3430 clerici
1917 3376 1986 3429 ad
2010 3375 2214 3430 eccles.

574 3465 634 3521 S.
666 3464 859 3520 Mariae
891 3469 1095 3536 sponte
1125 3468 1182 3520 et
1209 3463 1532 3520 voluntarie
1564 3464 1782 3535 pariter
1819 3464 2218 3532 convenirent,

571 3558 628 3610 et
665 3553 928 3609 divinum
962 3553 1262 3608 servitium
1296 3553 1652 3607 unanimiter
1693 3553 1938 3608 Domino
1976 3553 2213 3610 exhibe-

571 3647 724 3713 rent;
740 3643 847 3698 hoc
864 3646 1072 3698 nostra;
1088 3639 1402 3697 voluntatis
1415 3640 1722 3696 arbitrium
1752 3640 2053 3713 placuit,et
2069 3643 2213 3715 ipse,

569 3750 603 3788 a
631 3750 747 3805 quo
769 3749 942 3788 omne
965 3732 1185 3787 bonum
1208 3729 1485 3802 procedit,
1520 3730 1626 3786 hoc
1653 3748 1762 3786 sua
1780 3731 2087 3787 clementia
2113 3733 2213 3787 tri-

566 3819 692 3876 buit
713 3823 770 3877 et
791 3819 1097 3886 concessit,
1121 3819 1398 3890 quoniam
1425 3819 1567 3892 ipse,
1592 3820 1690 3892 qui
1711 3821 1926 3875 bonam
1946 3819 2213 3876 volunta-

564 3915 682 3970 tem
713 3907 975 3981 largitur,
1011 3909 1230 3980 praebet
1259 3914 1316 3964 et
1335 3909 1692 3980 operationis
1726 3909 1885 3981 pium
1917 3908 2209 3966 ell‘ectum.

563 3999 903 4056 Convocatis
926 3999 1108 4069 igitur
1131 3999 1419 4054 universis
1436 3998 1662 4054 clericis
1682 4017 1797 4054 una
1816 4017 1948 4054 cum
1973 3999 2212 4054 domino

563 4087 760 4155 Lando
787 4086 1185 4142 illustrissimo
1210 4086 1442 4154 comite,
1473 4092 1528 4142 et
1550 4094 1745 4143 nostro
1771 4089 2047 4143 advocato
2079 4089 2212 4144 Ber-

562 4176 743 4232 nardo
767 4175 981 4246 pariter
1002 4192 1135 4232 cum
1157 4176 1318 4232 omni
1349 4175 1564 4248 populo
1595 4176 1860 4243 civitatis,
1884 4182 2092 4232 nostra:
2113 4193 2208 4232 vo-

558 4264 803 4321 luntatis
833 4265 1136 4322 arbitrium
1187 4266 1602 4332 disseruimus,
1649 4271 1706 4322 et
1752 4267 2116 4338 propositum
2149 4267 2206 4322 in

559 4359 752 4411 mente
782 4358 1128 4426 conceptum
1160 4353 1293 4413 illis.
1327 4354 1600 4410 omnibus
1630 4356 1758 4410 viva
1806 4372 1944 4411 voce
1981 4356 2206 4428 aperire

558 4445 912 4507 curavimus,
948 4447 1014 4498 ut
1044 4443 1190 4498 nihil
1222 4443 1281 4498 in
1313 4443 1486 4500 domo
1517 4443 1747 4499 Domini
1781 4445 2000 4515 absque
2031 4445 2205 4516 digno

557 4534 801 4590 consilio
827 4534 947 4600 ﬁat,
971 4533 1111 4604 quia
1157 4533 1445 4605 scriptum
1472 4537 1562 4588 est
1590 4550 1602 4587 :
1633 4557 1658 4581 ‹‹
1694 4531 1902 4588 Omnia
1943 4534 2029 4588 fac
2067 4550 2202 4588 cum

555 4623 819 4688 consilio,
851 4627 908 4677 et
937 4626 1070 4694 post
1099 4622 1316 4678 factum
1343 4639 1455 4677 non
1491 4621 1814 4694 poenitebis.
1855 4644 1882 4670 ››
1915 4623 2202 4679 Patefacto

553 4712 806 4783 denique
828 4709 1093 4776 consilio,
1126 4711 1369 4782 dignum
1401 4712 1699 4782 etjustum
1733 4711 1922 4767 visum
1954 4716 2042 4767 est
2073 4712 2199 4767 uni-

550 4799 733 4855 versis
766 4817 837 4856 ne
869 4799 1058 4855 clerici
1092 4816 1194 4871 per
1222 4799 1451 4856 diversa
1478 4806 1775 4872 vagantes,
1809 4805 1866 4856 et
1894 4801 2200 4857 saeculares

552 4904 724 4944 curae
745 4893 919 4960 atque
931 4887 1354 4944 sollicitudines
1369 4894 1894 4960 sempergercntes,
1923 4890 1978 4944 in
2002 4890 2199 4946 divino

551 4994 611 5031 se
643 4976 925 5032 famulatu
970 4993 1231 5032 exercere
1276 4982 1449 5048 prout
1479 4968 1754 5033 condecet
1794 4979 2036 5034 minime
2065 4996 2196 5050 pos-

551 5072 708 5134 sent;
727 5065 969 5138 proinde
989 5065 1183 5122 clerici
1205 5066 1446 5122 consilio
1460 5066 1679 5132 habito,
1701 5067 1939 5137 quidam
1963 5085 2030 5123 ex
2051 5068 2193 5139 ipsis

2246 2399 2292 2462 B
2396 2395 2676 2450 lliomnes
2691 2394 3035 2451 rationabile
3047 2395 3400 2468 obsequium
3417 2395 3876 2467 Dominorepraaseu-

2330 2489 2520 2539 tantes
2535 2489 2599 2539 ut
2619 2484 2990 2540 ambularent
3013 2485 3067 2538 in
3083 2485 3257 2541 deme
3286 2485 3510 2542 Domini
3528 2503 3645 2542 cum
3663 2497 3872 2540 consensu

2329 2574 2399 2628 ad
2432 2572 2613 2628 altare
2643 2579 2853 2630 sanctae
2885 2575 2984 2630 Dei
3031 2574 3346 2630 Genitricis
3377 2592 3500 2631 sese
3535 2591 3652 2630 cum
3677 2572 3874 2629 omnibus

2328 2663 2452 2718 suis
2493 2663 2668 2718 rebus
2717 2663 3016 2719 humiliter
3061 2662 3422 2720 obtulerunt.
3475 2664 3569 2721 His
3603 2665 3670 2718 ita
3704 2659 3876 2734 peracti!

2330 2756 2688 2806 memoratus
2729 2769 2926 2807 comes
2956 2752 3115 2807 omni
3157 2753 3376 2826 populo
3408 2754 3512 2810 sibi
3550 2753 3778 2823 adjuncto
3801 2762 3874 2803 una

2328 2857 2461 2896 cum
2494 2841 2784 2912 praedictis
2807 2841 3028 2896 clericis
3049 2842 3349 2914 supplices
3373 2843 3535 2898 nobis
3564 2857 3735 2914 preces
3758 2840 3876 2909 depo-

2329 2936 2590 2996 suerunt,
2625 2931 2906 2985 attentius
2936 2935 3244 2988 exorantes
3272 2936 3337 2987 ut
3367 2937 3482 2987 tam
3513 2931 3587 2986 illi
3617 2931 3700 3002 qui
3728 2945 3776 2984 se
3790 2929 3876 2997 jam

2328 3021 2398 3074 ad
2434 3019 2698 3074 Ecclesiae
2731 3020 3016 3092 gremium
3043 3021 3438 3087 contulerunt,
3470 3037 3631 3094 quam
3659 3023 3706 3075 et
3728 3011 3875 3090 posteri

2328 3109 2426 3181 qui
2450 3126 2649 3164 eorum
2675 3109 2887 3164 fuerint
2915 3110 3157 3182 vestigia
3179 3111 3440 3167 secuturi
3467 3115 3652 3166 nostra
3669 3108 3876 3163 disrussr

2327 3203 2454 3252 rent
2479 3215 2492 3253 :
2525 3213 2774 3269 quorum
2799 3214 2998 3268 preces
3019 3198 3271 3269 benigno
3295 3198 3521 3270 pietatis
3550 3195 3732 3251 intuitu
3749 3195 3873 3248 atten-

2327 3287 2550 3352 dentes,
2574 3287 2708 3357 dign
2721 3303 2817 3340 um
2833 3301 2932 3341 eos
2953 3285 3229 3342 duximus
3252 3286 3532 3342 exaudiri.
3555 3283 3697 3340 Unde
3711 3281 3875 3349 accepto

2327 3381 2383 3431 et
2413 3375 2730 3430 deliberate
2759 3375 3022 3441 consilio,
3055 3376 3245 3430 eidem
3281 3381 3497 3431 sancta:
3517 3374 3608 3430 Dei
3637 3363 3872 3428 Genetricis

2326 3464 2576 3520 ecclesiae
2609 3465 2882 3520 omnibus
2913 3464 3232 3534 canonicis,
3279 3465 3437 3520 sicut
3461 3461 3808 3536 praesentibus,
3823 3456 3872 3508 ita

2327 3557 2500 3609 etiam
2520 3560 2575 3609 et
2592 3553 3087 3624 subsequentibus
3099 3554 3480 3610 concedimus
3493 3559 3652 3624 atque
3663 3550 3874 3604 donamus

2325 3643 2630 3698 ecclesiam
2653 3644 2710 3697 S.
2738 3642 3056 3712 Laurentii,
3080 3644 3139 3698 S.
3163 3643 3464 3710 Marciani,
3483 3643 3538 3698 S.
3558 3638 3726 3703 Blasii,
3744 3630 3876 3702 S.Sy|-

2327 3733 2521 3797 vcstri,
2539 3733 2594 3786 S.
2614 3733 2786 3798 Petri,
2804 3732 2860 3786 S.
2877 3731 3466 3803 Stephani,etomnes
3479 3729 3724 3787 ecclesias
3737 3719 3872 3796 quain

2331 3821 2545 3875 ﬁnibus
2566 3820 2748 3875 Atina:
2769 3820 3016 3875 civitatis
3035 3822 3297 3876 construi
3313 3823 3575 3893 possunt,
3597 3816 3774 3876 scilicet
3785 3821 3874 3864 cum

2324 3910 2589 3977 decimis,
2624 3910 2902 3981 primitiis
2930 3914 2986 3964 et
3024 3909 3427 3966 oblationibus
3446 3909 3681 3964 vivorum
3706 3906 3752 3958 et
3767 3911 3875 3952 πιοτ-

2323 4005 2577 4055 tuorum.
2597 4004 2876 4054 Prasterea
2889 3999 2958 4054 ad
2983 3998 3263 4054 honorem
3285 4004 3499 4055 sancte
3521 3996 3611 4054 Dei
3632 3983 3876 4051 Genitricis.

2321 4093 2376 4144 ct
2395 4089 2465 4144 ob
2501 4089 2875 4144 reverentiam
2899 4088 3157 4160 corporis
3178 4088 3508 4144 beatissimi
3526 4080 3753 4154 martyris
3772 4074 3880 4160 Mar-

2320 4179 2392 4244 ci,
2411 4177 2589 4248 hujus
2600 4178 2853 4232 civitatis
2866 4159 3883 4242 antistitis,concedimusvobisvestris-

2319 4284 2431 4338 que
2462 4267 2900 4322 successoribus
2931 4266 3194 4322 omnium
3225 4273 3554 4322 vestrarum
3582 4257 3878 4318 ecclesiarum

2317 4356 2713 4412 ordinationes
2731 4356 2948 4427 pariter
2967 4360 3023 4412 et
3043 4357 3360 4412 canonicas
3383 4354 3708 4412 sanctiones.
3727 4347 3878 4402 Com-

2316 4445 2512 4500 dimus
2537 4445 2778 4516 insuper
2795 4445 2960 4501 vobis
2981 4449 3044 4499 ut
3064 4445 3298 4517 quoties
3327 4463 3434 4502 nos
3463 4444 3548 4500 vel
3569 4444 3762 4498 nostros
3786 4444 3878 4517 ευρ·

2315 4551 2575 4591 cessores
2606 4534 2878 4590 absentes
2910 4516 3216 4602 fuerimus,
3249 4553 3321 4590 ex
3355 4539 3560 4592 nostra
3600 4516 3880 4587 auctoritati!

2313 4625 2502 4679 ofﬁcio
2536 4625 2839 4695 potestatis
2870 4623 3296 4696 plenitudinem
3319 4624 3612 4689 habeatis;
3642 4623 3698 4674 ut
3721 4613 3880 4696 episto'

2314 4712 2424 4784 pali
2449 4694 2584 4783 jure
2606 4694 2950 4768 clericorum
2969 4713 3266 4783 judicium
3291 4713 3351 4768 in
3373 4717 3559 4769 vestro
3581 4701 3794 4780 capitulo
3809 4694 3880 4784 oli-

2311 4781 2560 4870 tineatis,
2594 4807 2651 4856 et
2682 4803 2751 4857 de
2782 4781 3069 4857 universis
3110 4803 3537 4869 criminalibus,
3567 4793 3794 4854 videlicet
3833 4781 3880 4836 de

2311 4889 2699 4945 matrimoniis
2757 4888 3147 4946 dissolvendis
3178 4891 3266 4948 vel
3323 4870 3875 4962 conjungendis,etd°

2307 4979 2785 5051 Oppressionihns
2827 4979 3104 5035 canonice
3143 4981 3502 5051 judicandis.
3551 4977 3614 5032 Et
3656 4975 3712 5027 ut
3752 4963 3878 5058 hui?

2305 5075 2514 5124 nostra:
2547 5069 2772 5139 paginae
2811 5069 3290 5134 instrumentum,
3326 5069 3478 5125 sicut
3521 5072 3624 5122 eta
3648 5057 3803 5117 nobis,
3825 5051 3878 5102 in

548 5173 662 5211 non
697 5154 860 5210 inviti
896 5171 1082 5226 neque
1113 5156 1293 5210 coacti
1333 5155 1403 5210 ad
1439 5155 1702 5211 Ecclesiae
1735 5156 2036 5211 servitium
2068 5174 2196 5229 gra-
2229 5139 2271 5202 Ῑ)
2304 5159 2478 5212 etiam
2513 5174 2545 5212 a
2574 5157 3016 5212 successoribus
3057 5158 3274 5213 nostris
3309 5158 3542 5212 ﬁrmum
3571 5159 3624 5209 et
3650 5147 3875 5206 illibatum

546 5245 694 5300 tuito
728 5249 956 5316 pectore
988 5249 1045 5299 et
1076 5244 1302 5300 sincera
1352 5243 1650 5300 voluntate
1701 5261 1763 5299 se
1797 5245 2193 5312 contulerunt,

544 5332 812 5390 videlicet
862 5335 1100 5400 Thcoto,
1159 5334 1435 5406 Angelus,
1504 5334 1780 5400 Joannes,
1840 5333 2192 5401 Almundus,

543 5421 836 5489 Albertus,
860 5423 1136 5488 Joannes,
1160 5422 1289 5489 Lee,
1318 5421 1682 5486 Benedictus,
1709 5421 1910 5477 Petrus
1931 5427 1988 5477 et
2013 5424 2192 5479 Joan-

546 5526 651 5566 nes
683 5509 1022 5582 presbyteri,
1041 5515 1098 5566 et
1118 5510 1463 5567 Benedictus
1483 5510 1950 5578 archidiaconus,
1976 5517 2031 5568 et
2053 5513 2195 5569 Gre-

545 5599 769 5677 gorius,
821 5599 1068 5669 Marcus,
1113 5600 1449 5674 primicerii,
1501 5598 1839 5657 Dominicus
1871 5605 1927 5657 ct
1964 5602 2192 5660 Atinus.

2307 5248 2362 5301 in
2398 5251 2742 5318 perpetuum
2765 5251 3168 5312 conservetur,
3192 5245 3523 5319 obligemus
3552 5256 3650 5296 nos
3667 5240 3716 5292 et
3741 5231 3876 5319 poste:

2305 5353 2400 5391 res
2429 5340 2658 5391 nostros
2683 5335 2854 5390 curiae
2878 5341 3112 5390 centum
3141 5336 3326 5391 libras
3359 5333 3482 5392 auri
3515 5312 3875 5400 componere!t

2307 5425 2416 5479 hec
2467 5424 2643 5479 simili
2703 5425 2873 5480 modo
2939 5426 3259 5496 eodemque
3319 5403 3877 5503 tenoreinviolabillier

2306 5517 2698 5571 conservetur.
2736 5517 2896 5581 Quod
2923 5514 2969 5570 si
2997 5515 3127 5587 quis
3156 5514 3334 5586 hujus
3357 5516 3560 5569 nostra:
3586 5499 3876 5594 constituti?

2309 5603 2398 5660 nis
2429 5604 2723 5658 decretum
2759 5604 2957 5675 aliqua
2990 5584 3207 5661 ratione
3235 5584 3387 5661 ausu
3410 5594 3696 5658 temerario
3720 5584 3874 5644 infrin-
