4152 6194
265 321 423 388 1429

1342 317 1606 383 SEBMO
1650 316 1751 380 DE
1797 314 2184 380 PASSIONE‘
2215 318 2284 379 B.
2329 314 2597 380 MARCI.

3511 317 3667 383 1430

263 459 488 532 species
521 458 738 525 formae,
760 457 978 514 candor
1007 462 1064 514 et
1093 457 1289 515 rUbor.
1311 457 1472 514 Unde
1489 457 1664 514 David
1690 456 1758 512 de
1779 457 1828 527 ej
1840 473 1907 511 us
1937 453 1990 518 Α
2023 476 2055 516 a
2071 459 2248 516 David
2263 476 2450 533 usque
2469 460 2536 516 ad
2555 458 3127 531 transmigrationem
3158 458 3488 531 Babylonis,
3504 465 3667 518 sexta

260 549 454 622 specie
480 549 564 605 sic
596 548 710 604 ait:
745 571 772 599 «
805 549 1116 620 Speciosus
1147 548 1335 604 forma
1364 565 1477 620 pra:
1525 546 1662 602 ﬁliis
1711 545 1904 602 homi-

259 655 404 694 num
431 655 444 706 ;
474 661 500 687 »
521 637 580 692 in
603 638 852 693 candore
872 654 1103 693 carnem
1121 637 1462 708 virgineam,
1479 637 1535 690 in
1557 637 1766 691 rubore
1786 653 1905 707 my-

261 729 508 784 sterium
542 726 853 783 Dominicaa
875 727 1186 798 passionis.
1226 727 1305 782 De
1326 727 1432 782 hac
1455 725 1681 781 viviﬁca
1717 725 1909 780 hostia

261 827 376 874 tres
399 821 595 889 partes
618 817 824 872 exinde
846 815 983 871 facit
1005 817 1297 879 sacerdos,
1318 815 1569 887 primam
1594 816 1650 869 in
1676 818 1904 884 patena,

261 908 583 964 secundam
616 907 674 960 in
703 905 878 960 calice
908 905 1092 976 ponit,
1116 905 1344 960 tertiam
1368 905 1492 976 ipse
1513 905 1783 959 sacerdos
1810 921 1907 959 su-

262 999 411 1053 mit:
443 996 634 1068 prima
665 1012 817 1066 pars,
855 1011 978 1066 qua:
1010 995 1067 1048 in
1098 1000 1308 1065 patens
1341 995 1594 1066 ponitur,
1619 994 1910 1064 significat

263 1086 726 1142 Incarnationem
764 1083 886 1138 Filii
923 1085 1062 1150 Dei;
1098 1084 1375 1148 secunda,
1428 1100 1554 1153 quas
1613 1083 1672 1136 in
1732 1082 1909 1137 calice

261 1177 518 1249 ponitur,
550 1191 758 1247 corpus
790 1172 1226 1244 incorruptibile
1258 1173 1411 1244 quod
1445 1173 1501 1226 in
1535 1171 1798 1244 sepulcro
1831 1172 1908 1227 la-

260 1265 411 1330 tuit;
448 1265 640 1330 tertia,
675 1280 850 1335 quam
884 1263 1155 1317 sacerdos
1186 1262 1416 1334 accipit,
1449 1261 1661 1318 Christi
1710 1278 1907 1316 resur‘

260 1355 574 1412 rectionem
606 1355 894 1426 designat.

873 1501 949 1552 De
978 1498 1169 1567 quarto
1194 1494 1302 1549 die.

337 1629 399 1682 In
420 1628 627 1698 quarto
644 1639 777 1680 vero
796 1637 1038 1678 numero
1061 1619 1380 1692 accipimus
1397 1620 1640 1690 figuram
1661 1620 1910 1689 quatuor

264 1715 634 1782 animalium,
658 1717 715 1769 et
737 1715 986 1785 quatuor
1012 1715 1367 1774 rotarum,ac
1389 1713 1638 1780 quatuor
1659 1705 1908 1760 annulus

261 1823 442 1871 arcae;
481 1809 537 1860 et
567 1807 819 1874 quatuor
854 1798 1205 1872 principales
1237 1798 1502 1861 virtutes,
1536 1795 1906 1866 prudentiam
1940 1825 1986 1888 Β

261 1895 484 1952 scilicet
512 1897 570 1948 et
619 1890 938 1963 justitiam,
1002 1887 1402 1942 fortitudinem
1458 1891 1514 1939 et
1571 1890 1906 1955 temperan-

259 1987 403 2041 tiam
431 2001 445 2051 ;
476 1982 566 2036 vel
599 1984 850 2054 quatuor
883 1977 1084 2033 mundi
1117 1981 1310 2048 partes
1337 1994 1348 2042 ;
1383 1978 1482 2028 aut
1511 1973 1807 2028 hominem
1840 1988 1908 2025 ex

263 2078 517 2147 quatuor
545 2068 850 2125 elementis
881 2071 1140 2123 creatum
1167 2085 1179 2133 ;
1214 2070 1269 2120 et
1299 2068 1550 2135 quatuor
1583 2062 1826 2117 flumina
1842 2077 1908 2114 ex

263 2180 380 2219 uno
413 2160 684 2234 paradiso
717 2155 1034 2212 manantia.
1075 2157 1134 2210 In
1165 2159 1373 2225 quarto
1404 2152 1577 2208 etiam
1612 2151 1734 2205 loco
1765 2149 1905 2204 scri-

262 2251 424 2309 bitur
453 2250 596 2305 illud
630 2247 784 2319 quod
814 2251 964 2300 Deus
993 2243 1175 2298 dixit:
1211 2267 1238 2293 ‹‹
1266 2243 1390 2298 Fiat
1412 2241 1529 2309 lux,
1553 2245 1610 2294 et
1641 2241 1790 2294 facta
1820 2243 1908 2293 est

264 2340 401 2396 lux:
440 2361 466 2388 »
498 2339 556 2393 in
590 2336 798 2408 quarto
829 2351 1061 2406 quoque
1089 2332 1214 2387 loco
1245 2331 1502 2386 hominis
1551 2329 1788 2401 ponitur
1812 2329 1905 2398 ju-

249 2434 485 2495 ventus,
521 2431 577 2482 et
606 2430 840 2497 tempus
872 2442 905 2478 a
940 2424 1130 2495 Moyse
1164 2437 1352 2492 usque
1399 2420 1469 2474 ad
1522 2418 1904 2489 transmigra-

252 2519 480 2576 tionem
515 2513 854 2587 Babylonis.

868 2662 946 2713 De
973 2657 1167 2728 quinto
1197 2654 1303 2709 die.

331 2789 394 2845 In
422 2786 627 2860 quinto
661 2799 902 2840 numero
957 2779 1344 2852 intelligimus
1405 2779 1664 2850 quinque
1723 2777 1904 2832 libros

253 2878 462 2951 Moysi,
490 2881 547 2930 et
567 2880 800 2944 tempus
821 2868 1356 2941 transmigrationis
1381 2866 1686 2938 Babylonis
1717 2881 1904 2936 usque

253 2969 329 3023 ad
363 2965 539 3021 David
567 2983 583 3029 ;
613 2962 698 3017 vel
733 2962 990 3033 quinque
1022 2973 1230 3014 sensus
1263 2955 1544 3028 corporis,
1570 2956 1732 3009 visus
1755 2954 1904 3007 vide-

249 3057 415 3121 licet,
451 3054 706 3114 auditus,
728 3054 960 3123 gustus,
993 3047 1269 3102 odoratus
1295 3052 1347 3099 et
1381 3049 1605 3110 tactus;
1631 3043 1903 3097 similiter

251 3145 436 3200 etiam
456 3146 511 3196 et
531 3141 588 3195 in
606 3139 711 3194 hoc
734 3155 976 3194 numero
1002 3135 1413 3189 describuntur
1435 3133 1692 3204 quinque
1720 3130 1897 3202 plaga}

2019 567 2052 604 a
2081 550 2594 620 transmigratione
2633 548 2946 621 Babylonis
2977 565 3164 619 usque
3212 549 3282 603 ad
3327 549 3618 605 Christum
3648 567 3661 604 :

2019 639 2312 711 capientes
2344 639 2587 712 singulis
2615 643 2890 695 metretas
2919 638 3109 706 binas,
3145 639 3201 693 id
3234 642 3323 695 est
3368 640 3550 696 Vetus
3607 643 3668 696 et

2021 728 2244 784 Novum
2277 730 2736 784 Testamentum.

2605 874 2680 928 De
2707 875 2932 945 septimo
2957 873 3062 930 die.

2092 999 2196 1054 Per
2227 999 2616 1070 septenarium
2652 1015 2905 1070 namque
2936 1016 3244 1055 numerum
3269 1004 3501 1057 sanctos
3533 1017 3668 1072 apo-

2021 1087 2200 1143 stolos
2232 1087 2634 1158 intelligimus,
2668 1088 2738 1142 de
2769 1089 2985 1159 quibus
3017 1088 3298 1143 Dominus
3331 1089 3448 1145 ait:
3479 1112 3506 1140 u
3547 1089 3663 1144 Vos

2021 1175 2162 1231 estis
2196 1173 2292 1228 lux
2326 1174 2526 1228 mundi
2556 1192 2568 1240 ;
2603 1197 2628 1222 »
2666 1179 2884 1245 septem
2918 1176 3092 1230 etiam
3143 1176 3474 1232 invenimus
3531 1195 3660 1234 esse

2019 1264 2173 1317 dona
2194 1261 2446 1333 Spiritus
2465 1263 2669 1327 sancti,
2694 1263 2749 1316 id
2775 1267 2882 1327 est,
2907 1264 3204 1335 sapientiae
3235 1269 3292 1319 et
3313 1265 3661 1335 intellectus,

2021 1351 2249 1408 consilii
2281 1355 2335 1406 et
2366 1351 2746 1416 fortitudinis,
2767 1353 3020 1407 scientiae
3042 1354 3362 1425 etpietatis,
3396 1372 3461 1410 ac
3491 1356 3663 1411 timo-

2021 1442 2102 1496 ris
2135 1441 2362 1495 Domini
2391 1459 2402 1507 ;
2432 1440 2489 1494 in
2511 1445 2712 1495 sancta
2742 1442 3246 1512 quoqueEcclesia
3269 1448 3490 1514 septem
3516 1445 3670 1500 dona

2021 1530 2274 1601 Spiritus
2307 1530 2492 1584 sancti
2526 1529 2933 1601 unusquisque
2961 1530 3149 1584 fidelis
3181 1532 3409 1602 accipit,
3461 1533 3518 1586 id
3577 1535 3667 1588 est

2021 1617 2303 1690 pabulum
2337 1617 2498 1685 salis,
2531 1617 2786 1673 ecclesia:
2816 1619 3144 1684 introitum,
3177 1626 3438 1692 sputum,
3473 1620 3669 1676 oleum

2022 1707 2336 1773 unctionis,
2359 1709 2713 1780 baptismum
2733 1708 2967 1775 Christi,
2993 1709 3252 1764 chrisma
3275 1711 3667 1776 sacerdotum,

2019 1801 2075 1851 et
2104 1797 2362 1852 chrisma
2394 1797 2755 1868 pontificum.
2791 1798 3021 1869 Septem
3065 1815 3296 1870 quoque
3353 1798 3547 1869 sigilla
3605 1800 3664 1854 in

2017 1885 2361 1958 Apocalypsi
2385 1886 2629 1940 Joannis
2659 1885 2929 1957 legimus,
2961 1886 3218 1956 primum
3270 1886 3525 1957 sigillum
3575 1890 3666 1943 est

2019 1975 2386 2029 annuntiatio
2423 1975 2842 2030 lncarnationis
2863 1973 2990 2030 Filii
3023 1975 3120 2030 Dei
3150 1995 3162 2042 ;
3187 1976 3532 2041 secundum,
3568 1977 3663 2031 ba-

2018 2064 2309 2134 ptismus;
2345 2064 2859 2135 tertium,passio;
2911 2069 3210 2135 quartum,
3272 2065 3658 2134 resurrectio;

2018 2153 2313 2224 quintum,
2347 2153 2649 2219 ascensio;
2681 2157 2928 2217 sextum,
2953 2153 3284 2223 judicium;
3318 2155 3659 2226 septimum,

2021 2241 2362 2296 meritorum
2396 2241 2698 2297 retributio
2724 2260 2736 2310 ;
2765 2246 2901 2296 sunt
2922 2246 2977 2297 et
2993 2246 3214 2313 septem
3240 2244 3657 2302 beatitudines:

2019 2347 2263 2400 regnum
2297 2330 2598 2394 cmlorum,
2631 2332 2923 2401 possessio
2957 2335 3115 2385 terra:
3146 2332 3483 2400 viventium,
3518 2351 3660 2388 con-

2018 2419 2246 2485 solatio,
2273 2420 2516 2490 justitia:
2549 2419 2820 2486 societas,
2855 2419 3274 2488 misericordia,
3334 2421 3478 2476 visio
3538 2422 3658 2491 Dei,

2020 2512 2076 2563 et
2107 2507 2308 2563 ﬁliatio
2339 2508 2459 2562 Dei.

2628 2634 2700 2689 De
2725 2637 2906 2690 octavo
2936 2633 3042 2689 die.

2085 2779 2144 2832 In
2179 2777 2474 2832 octonario
2506 2793 2748 2832 numero
2780 2780 3043 2831 sanctam
3068 2777 3428 2849 Scripturam
3453 2778 3660 2836 intelli-

2015 2867 2232 2937 gimus,
2267 2871 2323 2920 et
2354 2865 2720 2920 dilectionem
2754 2865 2853 2920 Dei
2881 2869 2937 2919 et
2967 2865 3239 2936 proximi,
3263 2883 3326 2920 ac
3348 2867 3655 2938 speculan-

2013 2954 2156 3010 tium
2187 2954 2387 3020 vitam,
2411 2958 2467 3008 et
2489 2959 2722 3024 tempus
2747 2953 3014 3024 generale
3047 2955 3508 3021 resurrectionis,
3570 2957 3655 3014 vel

2012 3043 2317 3097 hominum
2338 3041 2689 3113 decrepitam
2705 3045 3081 3096 senectutem.
3099 3043 3345 3099 Octavus
3363 3044 3486 3100 dies
3500 3047 3654 3116 apud

2016 3149 2496 3203 unumquemque
2531 3131 2662 3184 ﬁnis
2694 3135 2781 3184 est
2812 3131 2937 3184 vita}
2970 3132 3272 3202 praisentis
3312 3137 3368 3187 et
3422 3133 3654 3188 initium

252 3231 522 3303 corporis
579 3228 790 3283 Christi
843 3228 899 3281 in
947 3242 1116 3280 cruce
1167 3198 1496 3295 pendentis,
1539 3198 1898 3291 et'quinq'ue
1931 3198 1973 3264 C
2010 3222 2137 3275 vita:
2164 3198 2368 3274 futura:
2387 3198 2854 3286 {octavumdiem
2877 3198 3654 3293 signiﬁcabatcataclysmus

251 3322 448 3378 claves
479 3318 798 3390 sapientiaa,
824 3315 1084 3386 quinque
1116 3328 1348 3384 quoque
1371 3327 1548 3382 panes
1573 3309 1898 3376 hordeacei,

252 3413 332 3467 de
364 3410 578 3481 quibus
607 3407 890 3462 Dominus
923 3403 1154 3460 satiavit
1183 3401 1442 3472 quinque
1473 3399 1658 3454 millia
1713 3397 1901 3452 homi-

253 3515 428 3556 num.

796 3565 830 3584 Ω

889 3619 962 3672 De
991 3619 1141 3672 sexto
1171 3614 1278 3669 die.

335 3769 396 3822 In
427 3763 658 3821 senario
691 3776 934 3816 numero
965 3757 1371 3830 accipiendum
1403 3761 1491 3811 est
1537 3755 1904 3810 inﬁrmorum

253 3854 678 3920 visitationem,
695 3867 916 3906 necnon
939 3853 996 3904 et
1018 3847 1322 3903 hominum
1337 3848 1715 3903 senectutem.
1733 3848 1907 3914 atque

255 3946 728 4019 perseverantem
752 3941 860 3996 sub
881 3935 1190 4008 Evangelio
1208 3934 1578 3993 famulatum.
1601 3937 1657 3986 et
1676 3937 1908 4003 tempus

257 4052 293 4090 ι
322 4029 841 4103 transmigratione
871 4025 1187 4099 Babylonis
1220 4040 1404 4094 usque
1445 4023 1516 4076 ad
1569 4020 1863 4076 Christum
1891 4035 1902 4072 :

257 4120 444 4178 simul
474 4120 650 4175 etiam
673 4119 730 4172 in
755 4116 984 4173 senario
1008 4129 1249 4168 numero
1269 4117 1419 4165 Deus
1442 4114 1649 4164 cuncta
1699 4107 1910 4162 creavit

257 4217 317 4268 et
348 4209 660 4271 ordinavit,
697 4207 754 4260 in
788 4210 946 4261 sexto
981 4203 1072 4258 die
1104 4199 1401 4256 hominem
1439 4198 1589 4264 fecit,
1626 4201 1681 4250 et
1735 4197 1789 4248 in
1841 4212 1910 4250 ea

256 4303 432 4356 aetate
463 4297 752 4353 mundum
785 4295 1192 4364 redempturus
1225 4287 1469 4342 advenit.
1503 4287 1558 4340 In
1585 4290 1743 4339 sexta
1765 4300 1907 4352 quo-

257 4405 380 4462 que
401 4388 542 4442 hora
564 4403 666 4457 pro
690 4389 887 4439 nostra
913 4381 1101 4436 salute
1118 4380 1232 4434 Deo
1251 4377 1400 4431 Patri
1421 4374 1686 4431 Christus
1705 4376 1912 4427 semet-

255 4461 462 4551 ipsum
494 4473 848 4530 sacriﬁcium
870 4469 1098 4525 obtulit.
1135 4473 1193 4521 in
1229 4465 1450 4537 nuptiis
1483 4480 1636 4526 vero,
1683 4479 1808 4532 qua:
1852 4461 1907 4513 in

2015 3310 2202 3363 factus
2229 3309 2335 3362 sub
2359 3309 2496 3371 Noe,
2519 3308 2572 3361 in
2599 3325 2711 3378 quo
2734 3311 2860 3362 octo
2887 3308 3091 3362 anima:
3116 3308 3284 3364 salvae
3309 3310 3467 3364 facta:
3487 3315 3653 3378 sunt;

2013 3403 2070 3452 et
2101 3398 2160 3451 in
2194 3395 2534 3452 Ecclesiaste
2566 3395 2837 3451 Salomon
2869 3396 3164 3468 loquitur:
3193 3418 3214 3447 ι
3241 3399 3323 3453 Da
3355 3402 3548 3470 partes
3571 3415 3660 3455 se-

2015 3491 2171 3558 ptem
2207 3502 2309 3540 nec
2341 3502 2457 3539 non
2488 3489 2545 3539 et
2575 3488 2700 3539 octo
2729 3503 2740 3551 ;
2781 3507 2806 3532 ››
2840 3490 3061 3555 septem
3105 3502 3361 3557 namque
3418 3491 3474 3541 et
3529 3491 3658 3542 octo

2015 3574 2350 3646 quindecim
2379 3574 2618 3643 faciunt,
2652 3577 2706 3627 et
2737 3574 3070 3644 quindecim
3095 3579 3235 3629 sunt
3265 3575 3493 3631 cantica
3529 3593 3659 3649 gra-

2017 3664 2198 3718 duum
2233 3680 2360 3734 qum
2385 3662 2486 3716 filii
2513 3662 2683 3717 Israel
2710 3663 2942 3732 quando
2961 3663 3030 3716 ad
3056 3663 3340 3734 templum
3365 3665 3662 3720 convenie-

2016 3754 2176 3819 bant,
2212 3753 2523 3807 decantare
2555 3750 2708 3805 soliti
2739 3756 2922 3805 erant.
2956 3750 3222 3805 Christus
3252 3755 3340 3806 est
3370 3751 3492 3806 dies
3537 3753 3664 3823 pri-

2019 3859 2171 3906 mus,
2206 3841 2493 3911 septimus
2523 3844 2578 3893 et
2609 3842 2845 3893 octavus
2872 3857 2884 3905 ;
2913 3838 3161 3909 primus,
3189 3843 3320 3894 ante
3342 3855 3515 3910 quem
3539 3839 3665 3894 nul-

2018 3929 2152 3994 lus;
2187 3927 2497 3998 septimus,
2529 3926 2666 3996 quia
2693 3926 2749 3980 in
2783 3927 2910 3996 ipso
2942 3929 3166 3996 septem
3209 3928 3362 3982 dona
3411 3928 3664 4000 Spiritus

2020 4017 2205 4072 sancti
2243 4015 2572 4085 requievere
2597 4032 2609 4079 ;
2644 4018 2898 4080 octavus,
2923 4013 3059 4085 quia
3081 4019 3332 4072 aeternus
3363 4034 3429 4072 ac
3452 4016 3666 4089 sempi-

2020 4111 2220 4189 t'eruus
2254 4108 2377 4168 est;
2413 4107 2542 4157 octo
2583 4101 2755 4156 etiam
2817 4103 3210 4159 beatitudines
3266 4105 3550 4161 Dominus
3605 4105 3664 4160 in

2022 4196 2216 4247 monte
2237 4191 2360 4245 suis
2383 4191 2689 4262 discipulis
2711 4193 2995 4262 exposuit,
3013 4210 3158 4263 quas
3184 4199 3400 4266 martyr
3422 4195 3513 4250 hic
3536 4212 3667 4250 san-

2021 4281 2324 4336 ctissimus
2357 4284 2414 4335 et
2446 4279 2698 4350 pontifex
2729 4279 3017 4336 almiﬁcus
3050 4281 3107 4336 in
3143 4299 3204 4337 se
3229 4284 3469 4338 retinuit
3497 4288 3553 4338 et
3573 4300 3668 4339 ex-

2021 4370 2215 4425 crevit.
2251 4373 2415 4424 Nunc
2448 4369 2643 4440 itaque
2674 4370 2901 4424 enixius
2933 4370 3263 4442 flagitamus
3310 4371 3467 4426 hunc
3511 4387 3666 4426 mar-

2021 4467 2203 4532 tyrem
2239 4464 2294 4514 et
2326 4459 2658 4530 pontificem
2695 4462 2950 4514 Marcum
2983 4464 3048 4513 ut
3079 4476 3180 4529 pro
3212 4459 3378 4515 nobis
3409 4459 3668 4530 indignis

258 4548 424 4622 Cana
454 4563 683 4620 Galileaz
716 4563 879 4616 factm
912 4562 1067 4620 sunt,
1097 4574 1194 4612 sex
1217 4555 1433 4627 hydria:
1477 4553 1676 4624 positae
1734 4555 1872 4604 sunt
1898 4567 1908 4616 ;
1945 4561 1990 4624 D
2027 4549 2409 4620 omnipotenti
2435 4553 2543 4601 Ceo
2569 4564 2766 4618 preces
2789 4548 3068 4612 effundat,
3091 4551 3156 4601 ut
3175 4549 3274 4618 qui
3300 4549 3488 4613 Pater,
3512 4552 3672 4602 tutor

262 4656 459 4727 prima
483 4652 690 4725 hydria
719 4655 808 4705 est
829 4649 900 4703 ab
921 4648 1101 4701 Adam
1126 4661 1310 4716 usque
1334 4643 1400 4697 ad
1430 4643 1566 4707 Noe,
1602 4639 1858 4694 secunda
1881 4655 1913 4691 a

260 4745 386 4799 Noe
418 4754 604 4814 usque
636 4741 707 4794 ad
743 4737 1059 4801 Abraham,
1093 4734 1262 4789 tertia
1293 4733 1366 4786 ab
1402 4729 1692 4785 Abraham
1731 4742 1915 4796 usque

264 4833 341 4889 ad
361 4833 848 4904 Moysen,quarta
887 4829 1126 4896 aMoyse
1166 4838 1351 4893 usque
1388 4821 1456 4874 ad
1493 4817 1690 4883 David,
1716 4817 1921 4886 quinta

2027 4641 2082 4690 et
2113 4637 2379 4690 defensor
2414 4634 2583 4688 nobis
2616 4637 2802 4686 exstat
2832 4634 2890 4686 in
2923 4633 3112 4700 terris,
3136 4650 3266 4687 eum
3301 4633 3524 4688 socium
3560 4650 3674 4687 me-

2029 4741 2262 4780 reamur
2295 4724 2506 4777 habere
2539 4722 2593 4774 in
2627 4721 2807 4781 caelis,
2845 4722 2969 4791 ipse
2998 4722 3308 4792 adjuvante
3337 4721 3439 4793 qui
3462 4721 3600 4776 vivit
3621 4725 3677 4777 et

2029 4818 2231 4884 regnat
2262 4812 2318 4864 in
2351 4808 2565 4864 saecula
2596 4808 2963 4864 sazculorum.
2998 4812 3200 4864 Amen.
