4152 6194
502 300 659 363 1435

1630 293 1739 355 SS.
1789 289 2108 358 ARIALDI
2154 287 2263 353 EM
2311 291 2813 356 ERLEMBALDI

3681 296 3800 364 H36

501 439 798 509 Andreas;
824 437 924 495 sed
949 434 1102 510 quod
1121 431 1374 506 scripsit,
1396 427 1835 498 neninvenitur.
1857 425 2002 492 Quia
2014 441 2146 481 vero
2177 427 2232 495 Α
2260 397 2544 497 passuum
2566 427 2754 486 millia.
2773 428 2947 486 distet
2969 425 3415 497 Mediolane,nec
3432 427 3504 485 ita
3520 427 3687 501 procul
3702 429 3804 491 inde

501 528 596 584 ille
627 528 812 584 multa
859 527 1151 592 emiserat,
1195 523 1424 596 plenius
1473 525 1528 577 et
1557 519 1884 576 accuratius
1913 517 2148 589 scripsit

499 620 780 686 Andreas,
827 617 996 687 jussu
1046 614 1276 670 abbatis
1322 613 1414 668 sui
1463 610 1715 674 Rudelﬁ,
1768 608 1990 664 decimo
2018 611 2149 678 post

502 713 748 762 mortem
790 706 976 761 sancti
1007 721 1158 760 anno
1185 721 1196 770 ;
1254 700 1604 772 incomplete
1637 699 1881 764 scilicet,
1914 703 1978 752 ut
2007 695 2144 752 alibi

499 795 826 863 ostendam,
852 811 1037 849 annos
1054 793 1434 856 numerando,
1455 791 1507 844 id
1540 795 1627 852 est
1648 804 1798 843 anno
1823 788 1979 854 1075,
2008 802 2143 840 cum

498 889 760 939 recenter
789 883 1022 947 ebiisse,
1056 881 1266 937 similis
1290 879 1549 950 martyrii
1581 878 1778 932 laurea
1808 881 2142 940 coronatus,

498 999 523 1021 «ι
547 974 602 1026 S.
629 972 1096 1038 llerlembardus,
1117 993 1142 1017 »
1159 971 1326 1040 cujus
1342 969 1433 1023 ille
1450 968 1780 1038 passionem
1801 989 1818 1013 ιι
1839 964 2004 1020 alteri
2025 967 2141 1018 tam

496 1061 775 1115 volumini
808 1078 985 1132 quam
1023 1058 1292 1129 scriptori
1319 1080 1343 1105 ››
1377 1057 1705 1126 relinquere
1737 1070 1796 1109 se
1823 1053 2140 1124 professus,

498 1169 658 1206 num.
707 1153 792 1216 44,
848 1150 1253 1205 necessitatem
1299 1146 1468 1201 nobis
1517 1143 1798 1215 inposuit
1844 1144 1971 1212 ejus
2017 1148 2144 1196 acta

491 1247 803 1320 colligendi
834 1263 901 1300 ex
947 1247 1252 1298 auctorum
1301 1251 1642 1301 coaevorum,
1694 1233 1794 1288 sed
1836 1233 2014 1286 ferme
2041 1232 2140 1286 ad-

492 1338 882 1394 versariorum
907 1331 1166 1388 historiis
1195 1346 1298 1384 seu
1331 1324 1829 1393 annalibus,ques
1859 1321 1917 1374 in
1949 1320 2139 1375 lucem

494 1428 752 1484 edendos
803 1421 1071 1496 promisit
1127 1418 1363 1490 quidem
1405 1410 1748 1476 Puricellus,
1809 1410 1909 1466 sed
1956 1414 2140 1464 morte

493 1521 818 1588 praeventus
856 1515 1096 1583 longum
1143 1505 1481 1564 eerumdem
1539 1499 1895 1556 desiderium
1950 1497 2141 1552 adhuc

491 1612 624 1679 post
654 1622 716 1662 se
745 1601 1003 1675 reliquit.

565 1699 614 1751 4.
650 1696 798 1750 Sunt
827 1695 1023 1748 autem
1054 1687 1137 1742 illi
1162 1685 1414 1758 primum
1450 1705 1476 1730 «
1508 1678 1787 1735 Arnulfus
1813 1700 1839 1725 ››
1871 1677 2134 1748 quidam,

2252 521 2458 588 captus
2485 516 2580 574 ille
2611 518 2706 586 sit,
2731 518 3008 574 horarum
3033 535 3346 591 paucarum
3374 517 3668 586 intervallo;
3695 523 3808 580 satis

2254 606 2469 662 mirum
2503 607 2612 662 fuit
2630 608 3014 680 proditionem
3037 624 3188 676 eam,
3222 623 3322 679 per
3342 624 3504 679 quam
3528 608 3579 662 in
3605 608 3805 667 hostium

2254 711 2462 750 manus
2495 697 2620 768 ipse
2658 696 2830 764 venit,
2881 697 3157 770 postridie
3201 713 3365 751 mane
3409 697 3727 768 personuisse
3765 697 3808 754 in

2255 785 2415 851 urbe,
2448 785 2581 840 licet
2610 785 2802 840 adhuc
2833 788 2958 841 sine
2988 785 3106 840 ulla
3143 785 3213 840 de
3245 801 3375 841 nece
3411 785 3491 840 vel
3519 785 3656 841 necis
3681 788 3811 842 modo

2252 874 2634 942 certitudine;
2671 891 2847 946 quam
2898 875 3152 947 primum
3196 873 3286 928 die
3307 874 3374 927 29
3413 878 3715 929 consecutus
3749 878 3814 931 est

2251 967 2472 1028 auctor,
2498 968 2682 1018 totam
2705 963 2858 1019 diem
2879 967 3223 1034 noctemque
3246 960 3703 1017 ambulandoilluc
3721 979 3815 1033 pro-

2250 1068 2508 1124 gressus.
2543 1055 2705 1108 Tunc
2736 1053 3027 1124 siquidem
3074 1051 3490 1106 consceleratus
3531 1051 3756 1106 sacerdos
3777 1051 3815 1106 ei

2251 1141 2477 1196 obviam
2511 1143 2719 1208 lactus,
2743 1141 2887 1197 dixit
2915 1159 2926 1196 ε
2963 1164 2989 1190 ‹‹
3026 1142 3104 1195 Ex
3136 1146 3299 1196 terna
3327 1139 3415 1192 die
3434 1154 3532 1193 vox
3557 1137 3770 1207 laetifera,
3795 1160 3816 1187 ι)

2248 1229 2306 1284 id
2339 1234 2426 1286 est
2455 1229 2662 1285 laetitia:
2695 1230 2882 1302 plena,
2918 1252 2945 1279 ‹‹
2980 1229 3104 1284 loco
3137 1234 3332 1283 nestre
3363 1228 3636 1282 insonuit:
3672 1227 3816 1281 Arial-

2251 1319 2381 1385 dus,
2405 1319 2747 1375 clericorum
2771 1318 3157 1384 adversarius,
3173 1317 3399 1372 vinctus
3420 1315 3704 1372 habeturin
3722 1316 3816 1372 navi

2249 1412 2305 1462 et
2325 1407 2383 1463 in
2417 1408 2542 1479 ripa
2564 1407 2741 1476 laci,»
2767 1409 3087 1478 eodemque
3115 1407 3208 1461 die
3239 1409 3526 1478 peractam
3554 1404 3730 1459 eadem
3747 1404 3818 1458 de-

2251 1497 2470 1552 scribit.
2505 1497 2614 1553 Ubi
2648 1515 2760 1554 nen
2796 1497 2922 1570 lego
2949 1513 3083 1552 cum
3117 1493 3398 1551 Puricello
3429 1517 3455 1542 «
3486 1498 3708 1560 externa,
3735 1513 3752 1541 ι
3775 1496 3822 1548 ut

2244 1586 2426 1642 videri
2459 1591 2673 1659 posset,
2735 1612 2762 1636 «
2792 1587 3096 1653 hesterna,-
3133 1608 3152 1633 ι
3192 1584 3294 1640 sed
3325 1606 3352 1633 «
3385 1600 3451 1639 ex
3497 1586 3662 1647 terna,
3689 1605 3712 1628 ››
3735 1580 3822 1636 sive

2247 1695 2275 1723 ‹‹
2308 1691 2376 1729 ex
2407 1676 2576 1730 tertia
2603 1676 2717 1743 die,
2752 1698 2778 1724 ››
2812 1675 2867 1730 id
2900 1678 3007 1741 est,
3041 1672 3260 1728 nudius
3289 1670 3509 1736 tertius,
3537 1673 3703 1725 tuncv
3728 1667 3824 1724 Kal-

491 1790 743 1857 quatuor
781 1781 945 1837 libris
973 1757 1279 1834 historiam
1324 1769 1570 1843 patriam
1613 1766 1988 1860 complexus;
2022 1770 2078 1820 et
2106 1783 2140 1820 a
2169 1795 2215 1860 B
2243 1763 2404 1860 Julii.
2440 1765 2725 1828 Quoniam
2758 1770 2952 1820 autem
2986 1764 3056 1818 de
3085 1786 3112 1813 «
3161 1763 3220 1818 S.
3252 1758 3677 1816 Herlembaldo»
3714 1757 3824 1820 nihil

490 1874 638 1930 libre
672 1891 712 1928 11
735 1871 1036 1944 professus
1083 1884 1150 1922 ea
1179 1880 1241 1919 se
1270 1862 1544 1929 deinceps
1597 1857 1977 1927 scripturum,
2011 1872 2136 1927 qua:

489 1966 561 2020 ab
593 1943 838 2019 Ariberti
868 1952 1286 2027 archiepiscopi
1317 1948 1597 2006 electione
1637 1946 1787 2000 facta
1817 1961 1969 1999 anno
2003 1943 2138 1998 1019

488 2053 736 2125 ipsemet
771 2048 1018 2105 videndo
1065 2041 1466 2116 cognovisset;
1499 2036 1651 2092 sicut
1682 2035 1817 2090 fecit
1848 2049 2033 2104 usque
2063 2033 2134 2088 ad

497 2122 647 2198 1-077.
679 2138 895 2196 Deinde
921 2160 939 2186 α
969 2131 1314 2195 Landulfus,
1350 2151 1378 2177 ››
1410 2130 1674 2198 reapectu
1717 2122 1957 2179 alterius
1987 2122 2138 2176 infra

490 2227 852 2293 nominandi,
903 2249 930 2275 «
968 2223 1173 2280 Senier
1198 2243 1218 2268 ι
1253 2216 1659 2290 appellandus,
1696 2213 1798 2284 qui
1845 2213 2136 2267 scribebat

488 2320 641 2374 circa
687 2331 906 2373 annum
948 2313 1108 2376 1080,
1156 2309 1216 2364 in
1266 2307 1361 2362 his
1390 2306 1463 2360 ob
1513 2321 1639 2375 quas
1671 2326 1699 2352 «
1746 2300 2047 2356 Arialdum
2079 2303 2137 2354 et

488 2404 960 2462 Herlembaldum
995 2422 1021 2448 ››
1070 2397 1404 2460 laudamus,
1463 2407 1705 2464 quaeque
1752 2391 1822 2444 ad
1853 2388 2133 2444 invidiam

490 2496 720 2565 utrique
769 2488 1136 2548 centlandam
1184 2485 1308 2556 ipse
1365 2484 1690 2553 detorquet,
1741 2481 1902 2534 tante
1947 2476 2134 2548 magis

487 2583 831 2647 credendus,
857 2578 1047 2650 quoad
1072 2575 1150 2631 rei
1167 2578 1340 2647 gestas
1356 2569 1769 2635 substantiam,
1793 2571 2010 2638 quanto
2028 2565 2135 2640 ini-

488 2672 676 2746 quiori
709 2670 904 2726 animo
933 2684 1001 2722 ea
1029 2662 1284 2737 scripsit,
1317 2659 1548 2716 etiamsi
1580 2656 1885 2714 manifeste
1917 2677 1944 2706 ‹‹
1970 2671 2131 2710 men-

486 2763 617 2828 dax,
651 2761 791 2816 dum
824 2755 1075 2814 asseruit
1103 2757 1161 2810 et
1197 2749 1500 2807 Arialdum
1540 2752 1596 2804 et
1618 2745 2007 2802 Alexandrum
2031 2759 2131 2814 pa-

487 2868 619 2923 pam
655 2851 701 2904 ll
733 2849 1074 2921 pesnitenter
1104 2841 1425 2898 indoluisse
1457 2837 1732 2894 omnibus
1775 2851 1900 2906 quae
1933 2837 2134 2888 contra

485 2939 801 2995 Nicelaitas
845 2941 902 2992 et
948 2933 1312 2990 Simoniacos
1361 2923 1670 2983 Mediolani
1729 2923 1967 2979 clericos
1999 2925 2133 2986 ante

483 3028 780 3099 egissent;
815 3025 952 3079 dum
993 3022 1166 3078 etiam
1199 3019 1312 3074 tria
1359 3014 1638 3072 conﬁnxit
1667 3010 1970 3078 miracula,
2003 3027 2131 3081 quae

484 3117 637 3172 Deus
670 3113 914 3186 patravit
940 3113 1000 3166 in
1049 3111 1304 3165 favorem
1335 3121 1522 3162 causae
1561 3117 1737 3173 quam
1781 3099 2004 3155 uxerati
2036 3115 2128 3154 sa-

2249 1852 2520 1908 distincte
2551 1853 2736 1909 scitur
2766 1854 2957 1925 quoad
2991 1853 3146 1907 diem
3170 1850 3395 1917 mortis,
3427 1847 3583 1904 obitas
3627 1848 3700 1917 (ut
3722 1845 3825 1902 satis

2247 1944 2629 2014 probaturum
2681 1959 2772 1997 me
2803 1947 2966 2014 puto)
2998 1957 3150 1997 anno
3182 1940 3344 2006 1075,
3399 1954 3507 1993 non
3539 1938 3678 2001 1076,
3711 1935 3824 1990 haud

2246 2030 2344 2085 diu
2370 2036 2504 2102 post
2520 2031 2881 2087 Deminicam
2913 2031 2971 2085 in
2994 2029 3327 2096 Albis,tunc
3349 2028 3416 2084 l2
3435 2025 3635 2096 Aprilis
3655 2028 3823 2088 actam;

2245 2135 2569 2192 congruum
2604 2120 2824 2187 censui,
2860 2136 3112 2191 quorum
3135 2119 3447 2189 conjuncta
3477 2115 3687 2170 fuerunt
3711 2110 3826 2167 etvi-

2244 2210 2501 2264 ventium
2533 2213 2743 2278 acta,et
2772 2214 3139 2264 mortuorum
3161 2209 3538 2262 monumenta
3560 2201 3821 2270 cultusque,

2245 2315 2359 2352 non
2390 2298 2664 2354 dirimere
2691 2297 3018 2363 historiam,
3043 2297 3145 2352 sed
3179 2295 3322 2350 Vitae
3346 2292 3556 2349 Arialdi
3583 2291 3828 2346 subtexam

2243 2389 2468 2460 reliqua
2495 2405 2680 2459 usque
2711 2389 2779 2442 ad
2809 2409 2835 2438 «
2858 2385 3253 2442 Herlembaldi
3277 2407 3304 2434 »
3326 2383 3530 2438 eadem
3559 2384 3688 2436 acta.

2313 2481 2366 2533 6.
2423 2476 2707 2543 Quoniam
2764 2475 2939 2532 etiam
2996 2474 3239 2531 extremi
3285 2469 3629 2529 discriminis
3677 2464 3825 2522 socius

2244 2567 2339 2622 ille
2368 2566 2477 2621 iuit
2503 2590 2530 2616 «
2568 2566 2963 2637 Luitprandus
2983 2563 3332 2636 presbjter»
3359 2558 3733 2632 przelaudatus,
3762 2553 3825 2606 di-

2242 2659 2369 2710 ctus
2385 2654 2558 2710 etiam
2577 2676 2604 2703 «
2617 2653 2944 2726 Liprandus
2965 2675 2991 2703 »
3005 2657 3062 2709 et
3075 2675 3103 2703 «
3121 2649 3514 2723 Leoprandus,
3531 2668 3556 2696 »
3577 2641 3826 2702 ann01513

2241 2743 2334 2800 die
2374 2745 2409 2798 6
2443 2743 2728 2811 Januarii,
2782 2743 2840 2797 in
2888 2745 3185 2798 senectute
3237 2745 3295 2794 et
3336 2735 3676 2794 confessione
3715 2733 3828 2786 bona

2241 2832 2572 2900 defunctus,
2607 2833 2665 2888 in
2718 2832 2982 2888 Pentidie
3032 2831 3090 2887 S.
3123 2828 3329 2885 Jacobi
3363 2823 3711 2889 monasterio,
3755 2817 3826 2874 sed

2241 2921 2459 2977 sanctis
2491 2921 2740 2976 necdum
2773 2923 3192 2976 annumeratus
3219 2935 3233 2986 ;
3297 2933 3423 2988 quas
3465 2915 3530 2969 de
3555 2909 3643 2966 ille
3669 2922 3828 2978 super-

2239 3014 2405 3064 erant
2436 3009 2605 3082 plane
2652 3009 3018 3074 admiranda,
3051 3011 3110 3062 et
3157 3007 3230 3062 ad
3266 3007 3422 3061 idem
3455 3015 3672 3074 prorsus
3699 3009 3828 3066 argu-

2241 3103 2504 3154 mentum
2537 3099 2824 3165 facientia,
2859 3113 2962 3169 per
2990 3097 3232 3152 modum
3260 3090 3602 3166 jappendicis
3633 3083 3830 3141 historia

483 3162 743 3262 cerdotes
791 3162 1168 3276 pertinaciter
1186 3162 1597 3258 tutabantur;
1625 3206 1922 3263 quamque
1960 3187 2129 3244 toties
2159 3162 2203 3230 θ
2241 3192 2579 3244 sanctorum
2603 3162 3097 3258 duorumplacuit
3124 3185 3216 3255 adj
3228 3162 3462 3256 ungere.
3489 3180 3565 3235 De
3584 3177 3736 3246 hujus
3754 3169 3831 3228 ali-

484 3293 739 3351 Ecclesia
768 3290 1054 3348 catholica
1109 3288 1372 3342 Romana
1426 3280 1743 3337 damnavit.
1779 3301 1807 3328 »
1835 3280 1920 3334 Ita
1961 3276 2128 3332 Puri-

485 3383 668 3439 cellus
701 3383 757 3436 in
791 3377 1125 3452 praefatione
1142 3376 1214 3430 ad
1236 3373 1453 3429 librum
1477 3389 1515 3438 ι,
1542 3368 1748 3425 merito
1772 3368 2128 3440 redarguens

482 3472 817 3527 Tristanum
839 3460 1458 3528 Chalcbum,Carelum
1477 3455 2128 3530 Sigenium,.lesephum

485 3556 946 3631 Ripamontium,
997 3548 1336 3607 recentioris
1367 3547 1469 3602 aevi
1513 3545 1820 3600 historicos
1853 3543 2129 3598 Mediola-

485 3630 715 3715 nenses,
740 3643 894 3717 quod
917 3643 980 3698 in
1000 3636 1360 3711 explicandis
1378 3635 1568 3690 turbis
1598 3630 2051 3704 quibus,szsculo
2071 3649 2128 3685 χι

482 3739 637 3794 ultra
653 3736 1022 3791 medietatem
1045 3723 1663 3802 precurrente,agitata
1683 3718 2130 3777 Mediolanensis

484 3825 738 3883 Ecclesia
766 3827 874 3890 est,
935 3824 993 3875 et
1022 3832 1271 3890 quarum
1328 3829 1505 3868 causa
1536 3811 1632 3866 isti
1662 3808 1893 3882 publica
1945 3807 2130 3862 habiti

485 3915 668 3972 sancti
698 3912 875 3968 vitam
909 3908 1251 3970 amiserunt,
1286 3900 1545 3973 martyrii
1590 3898 1759 3954 titulo
1791 3916 1822 3952 a
1853 3895 2132 3952 Romanis

488 4002 861 4078 pontificibus
892 4001 1316 4057 consecratam,
1342 3988 1652 4046 maluerint
1682 3992 1946 4042 auctores
1977 3985 2129 4041 schi-

487 4076 765 4151 smatices
794 4087 962 4157 sequi
994 4086 1272 4156 ipsosque
1319 4083 1552 4134 sanctos
1600 4076 1919 4146 inculpare,
1953 4090 2130 4146 quam

490 4206 517 4231 ‹‹
551 4176 901 4236 Landulfum
923 4174 1246 4235 Junierem,
1279 4189 1306 4218 »
1331 4167 1431 4238 qui
1454 4165 1562 4220 sub
1585 4179 1805 4219 annum
1833 4163 1969 4217 1515
1997 4162 2134 4216 θαι-ἰο

490 4272 660 4325 bebat
691 4265 886 4340 qualia
913 4281 982 4319 ex
1017 4285 1035 4310 α
1071 4256 1383 4314 venerabili
1442 4252 1754 4326 Liprande,
1785 4274 1812 4302 »
1848 4250 2133 4306 avunculo

488 4378 613 4427 suo,
648 4357 952 4420 didicerat,
1001 4367 1104 4424 pre
1136 4349 1338 4403 eadem
1393 4361 1572 4400 causa
1602 4358 1744 4397 naso
1775 4340 2135 4411 auribusque

490 4450 778 4507 mutilate.

2237 3294 2351 3350 quo
2382 3275 2545 3332 cultu
2577 3276 2730 3347 aqud
2765 3275 3168 3331 Pontidienses
3195 3271 3537 3336 monachos,
3558 3265 3696 3338 apud
3719 3275 3831 3350 quos

2238 3347 2384 3422 obiit
2414 3369 2470 3421 et
2495 3363 2759 3436 sepultus
2789 3368 2897 3431 est,
2932 3363 2981 3419 si
3013 3363 3153 3434 quid
3198 3360 3519 3416 invenisset
3548 3347 3830 3436 Puricellus,

2239 3455 2446 3511 fuisset
2474 3434 2632 3509 haud
2680 3453 2856 3508 dubie
2905 3453 3167 3508 studiose
3213 3463 3594 3521 expensurus.
3636 3434 3834 3498 Attentis

2237 3548 2433 3600 tamen
2456 3542 2527 3597 iis
2548 3560 2674 3613 qua:
2697 3559 2877 3614 nepos
2901 3541 3070 3596 istius
3093 3537 3438 3610 Luitprandi
3468 3526 3753 3602 narrat[de]
3770 3523 3832 3614 νίς

2237 3632 2424 3688 ventis
2439 3631 2770 3702 mortuique
2783 3627 3103 3695 miraculis;
3124 3609 3304 3699 atque
3319 3626 3377 3681 in
3393 3609 3832 3698 primis[de}animi

2241 3718 2884 3789 fortitudine,divinitus
2915 3717 3311 3788 inspirata,ad
3343 3711 3694 3770 subeundum
3721 3703 3832 3758 ultro

2239 3810 2421 3883 ignisj
2433 3807 2690 3863 udicium
2717 3825 2730 3874 ;
2755 3807 3022 3862 dubitare
3044 3806 3138 3860 vix
3161 3821 3410 3876 possum
3432 3801 3569 3876 quin
3588 3800 3723 3855 hunc
3739 3794 3834 3847 bea-

2238 3900 2315 3955 tis
2345 3898 2470 3954 suis
2499 3896 2921 3963 accensuerint,
2947 3899 3005 3950 et
3035 3911 3170 3950 ossa
3200 3893 3462 3949 defuncti
3495 3884 3830 3946 Pentidienses

2241 3986 2553 4042 habuerint
2584 3985 2643 4040 in
2675 3985 2914 4052 honore,
2953 3984 3053 4039 sed
3086 4000 3187 4055 per
3224 3983 3467 4038 bellicas
3495 3979 3688 4036 aliasve
3717 3969 3832 4027 cala-

2243 4077 2495 4142 mitates,
2511 4076 2807 4130 destructo
2825 4073 3136 4145 aliquando
3152 4071 3242 4127 vel
3259 4071 3499 4128 incenso
3522 4057 3835 4145 monasteriéi

2243 4165 2512 4236 suspicer
2526 4164 2768 4236 periisse
2790 4143 2977 4234 ipsius
3001 4150 3250 4234 sbpulcri
3279 4156 3688 4223 memeriam,at
3703 4143 3826 4220 quid-

2243 4255 2381 4326 quid
2409 4255 2592 4309 t'acere
2625 4255 2823 4324 posset
2850 4252 2920 4306 ad
2945 4251 3215 4306 eumdem
3241 4249 3371 4304 sine
3394 4244 3655 4318 scrupulo
3673 4249 3828 4292 vocan-

2243 4344 2384 4398 dum
2410 4365 2436 4391 (ι
2471 4322 2728 4406 beatum,
2753 4363 2773 4388 υ
2836 4339 2954 4395 imo
2983 4343 3036 4393 et
3072 4361 3100 4388 «
3135 4342 3432 4407 sanctum,
3470 4355 3491 4385 α
3527 4334 3575 4390 si
3604 4322 3836 4386 constaret

2244 4433 2373 4503 ejus
2405 4447 2531 4486 esse
2561 4446 2714 4493 ossa,
2748 4445 2875 4499 qua;
2898 4427 3084 4499 Papiae
3115 4426 3266 4481 inter
3304 4426 3453 4482 alias
3485 4418 3735 4491 reliquias
3760 4426 3854 4466 no--

558 4545 609 4596 ὅ.
660 4546 874 4594 Damus
923 4533 1014 4587 hic
1066 4530 1313 4603 primam
1347 4549 1373 4574 «
1397 4525 1454 4579 S.
1509 4520 1725 4577 Arialdi
1753 4541 1778 4568 ››
1832 4519 2022 4574 Vitam
2071 4533 2140 4572 ex
2169 4526 2214 4588 D
2249 4521 2566 4575 minantur.
2599 4517 2799 4572 Talem
2831 4518 2902 4572 de
2934 4514 3404 4571 Pontidiensium
3429 4527 3560 4585 erga
3587 4507 3835 4596 Luitpran-

487 4633 596 4686 ista
630 4623 890 4684 Puricelli
923 4620 1195 4686 editione,
1229 4632 1362 4672 cum
1397 4627 1578 4684 eaque
1619 4613 1862 4665 mortem
1895 4606 2134 4662 ascribi-

489 4739 620 4775 mus
652 4733 802 4771 anno
847 4711 1007 4774 1066,
1039 4713 1094 4763 et
1133 4706 1369 4778 quidem
1401 4703 1510 4756 hoc
1558 4701 1685 4772 ipse
1733 4714 1846 4769 que
1876 4695 2136 4749 Andreas

489 4823 730 4880 passum
755 4826 782 4855 «
801 4799 1096 4857 Arialdum
1115 4817 1140 4847 ››
1169 4792 1547 4857 afﬁrmatdie,
1577 4813 1602 4839 α
1621 4787 1823 4860 quinte
1849 4783 2136 4880 Kalendas

489 4870 668 4961 :Iulii;
705 4916 731 4942 »
766 4891 865 4962 qui
896 4894 1090 4943 tamen
1146 4885 1270 4939 dies
1303 4899 1437 4938 cum
1492 4883 1647 4935 esset
1700 4873 2044 4962 celebranda
2073 4870 2132 4926 S.

490 4985 759 5056 Baptistae
786 4961 1000 5036 octava
1045 4976 1385 5044 occupatus,
1439 4966 1728 5024 tanslatus
1778 4963 1854 5018 sit
1885 4961 1942 5016 in
1991 4977 2135 5056 prai-

489 5049 661 5129 citate
685 5065 1027 5126 Kalendarie
1048 5065 1121 5121 ad
1153 5079 1208 5117 Iv
1229 5084 1255 5111 ‹‹
1283 5057 1590 5114 Kalendas.
1615 5076 1642 5104 »
1666 5053 1865 5123 Neque
1888 5051 1958 5106 ad
1978 5049 2134 5104 diem

491 5161 834 5218 mutandam
865 5172 1000 5213 cum
1031 5149 1315 5208 Puricello
1355 5163 1460 5202 nos
1510 5148 1699 5200 movet
1738 5154 2015 5196 numerus
2041 5139 2132 5204 67,

491 5253 644 5325 quod
677 5248 969 5321 captivum
1025 5243 1342 5299 abductum
1383 5239 1671 5300 sanctum,
1709 5253 1738 5282 «
1768 5234 1900 5285 ante
1929 5229 2133 5283 heram

490 5318 600 5397 dici
637 5318 886 5400 tertiam,
927 5335 987 5388 in
1049 5347 1161 5403 quo
1189 5326 1387 5399 vigilia
1413 5331 1468 5380 S.
1522 5323 1672 5378 Petri
1712 5318 2133 5383 celebrabatur,

493 5448 592 5500 per
617 5433 797 5482 letum
823 5422 1211 5480 Mediolanum
1237 5421 1327 5473 est
1350 5413 1736 5484 divulgatum.
1769 5430 1796 5457 ι)
1817 5408 1960 5462 Cum
1977 5408 2134 5463 enim

491 5497 675 5571 Lacus
705 5515 908 5586 Major,
944 5514 1013 5568 ad
1048 5526 1221 5584 quem
1255 5508 1465 5562 ductus
1497 5502 1631 5558 etin
1665 5513 1779 5570 quo
1810 5497 2010 5551 eadem
2044 5497 2136 5553 die

493 5607 826 5662 interfectus
859 5607 945 5660 est
975 5605 1233 5668 sanctus,
1268 5598 1337 5653 ad
1388 5591 1814 5667 quinquaginta
1840 5591 1939 5647 aut
1968 5586 2136 5660 plura

2246 4609 2385 4663 dum
2442 4608 2650 4662 affectu
2700 4604 3033 4677 opinionem
3083 4602 3399 4657 conﬁrmat
3449 4597 3585 4656 mihi
3617 4586 3840 4649 memoria

2247 4697 2442 4752 cultus
2472 4713 2505 4750 a
2534 4693 3042 4749 Vallumbresanis
3075 4691 3385 4746 monachis
3413 4688 3580 4745 delati
3611 4686 3661 4738 S.
3692 4681 3836 4737 Petro,

2245 4801 2419 4858 quem
2451 4807 2478 4833 ‹‹
2510 4784 2748 4855 lgneum
2777 4804 2797 4831 ι
2853 4781 3287 4852 cegnaminant,
3323 4781 3396 4835 ab
3428 4795 3494 4834 eo
3523 4775 3726 4834 eventu,
3752 4779 3840 4858 (ιυΔο

2244 4851 2437 4929 simile
2464 4851 2617 4944 ignis
2665 4851 2958 4942 judicium
2988 4870 3168 4925 subiit
3219 4869 3523 4925 Florentiae
3553 4876 3688 4919 anno
3717 4851 3840 4915 1063,

2245 4964 2304 5018 id
2335 4965 2425 5018 est
2457 4943 2628 5016 annis
2657 4960 2747 5024 38,
2780 4963 3095 5030 antequam
3127 4959 3186 5013 id
3217 4957 3447 5013 subiret
3473 4943 3842 5024 Luitprandus;

2243 5051 2537 5123 siquidem
2585 5048 2738 5104 Petri
2785 5048 2956 5104 istius
2991 5047 3272 5119 reliquias
3327 5046 3553 5119 pridem
3581 5030 3843 5123 honoriﬁco

2244 5121 2510 5196 conditas
2531 5138 2747 5194 habent
2764 5137 3032 5194 monachi
3056 5136 3147 5192 sui
3177 5137 3236 5190 in
3260 5129 3708 5206 altari,pluribus
3725 5121 3860 5191 ejus"

2245 5231 2378 5286 dem
2438 5227 2819 5301 professionis
2850 5227 3034 5282 beatis
3083 5225 3405 5291 communi,
3455 5226 3510 5277 et
3537 5232 3677 5274 nunc
3703 5209 3856 5301 etiam

2245 5294 2622 5373 obtinuerunt
2655 5334 2688 5372 a
2728 5332 2895 5371 sacra
2925 5315 3164 5370 Rituum
3222 5308 3677 5385 congregatione,
3703 5301 3758 5356 υἱ

2245 5413 2404 5464 stum
2445 5407 2574 5476 ejus
2606 5405 2835 5477 possint
2865 5421 2999 5460 cum
3031 5403 3232 5459 Ofﬁcio
3262 5384 3435 5475 agere
3462 5400 3495 5454 8
3540 5384 3814 5477 Februarii.-

2313 5499 2368 5550 7.
2426 5469 2684 5550 Ahdreas
2742 5495 3021 5560 Alciatus,
3092 5469 3526 5564 juricensultus
3589 5469 3840 5564 celebert‘l'

2245 5602 2400 5658 mus,
2432 5585 2532 5656 qui
2563 5600 2715 5641 anno
2747 5583 2887 5639 1530
2915 5559 3174 5642 ﬂorebat.
3209 5581 3268 5637 in
3309 5579 3558 5651 quedam
3590 5587 3685 5629 suo
3709 5559 3862 5620 Antir
