4152 6194
347 321 506 391 1437

1948 316 2151 381 ACTA

3598 329 3625 387 1
3637 331 3754 393 438

351 457 579 533 quario,
631 472 734 531 per
761 453 830 514 N.
879 456 1197 514 Fontanam
1247 451 1308 511 in
1355 468 1498 511 mss.
1541 450 1787 527 allegato
1837 451 1991 524 apud
2023 454 2078 520 Α
2110 439 3754 538 pendium,quzedampaulomeliusordinansetsupplens

349 547 708 608 Puricellum
739 563 871 620 pag.
905 548 992 616 15,
1034 569 1061 598 ‹‹
1088 544 1307 601 Arialdi
1337 561 1405 600 ex
1432 543 1654 600 Alciata
1701 545 1871 616 gente
1903 556 1998 598 se-

352 639 623 714 pulcrum
647 659 675 688 »
709 636 970 692 indicare
1001 635 1251 703 dicitur;
1284 638 1340 690 et
1360 633 1592 700 addere,
1617 655 1643 682 «
1669 633 1840 702 cujus
1871 647 2002 686 con-

353 729 574 796 ciones,
608 726 1054 798 disputationes.
1105 741 1327 791 necem,
1378 720 1679 791 miracula,
1722 719 2002 776 Arnulfus

354 817 674 885 historicus
695 815 1062 871 Mediolanus
1083 811 1409 884 descripsit.
1428 833 1456 860 »
1478 810 1589 866 Sed
1608 809 1885 882 quoniam
1906 809 2005 862 Ar-

355 907 560 965 nulfus
583 906 692 962 iste
713 902 1020 970 fuit,sicuti
1042 897 2003 974 vidimus,periniquus«Arialdo,»

357 1013 475 1054 non
507 1000 598 1052 est
624 991 954 1050 verosimile
987 991 1142 1062 quod
1173 989 1268 1046 ille
1313 988 1558 1045 seorsim
1589 1005 1624 1043 a
1672 1005 1778 1044 sua
1807 988 2002 1041 Histo-

357 1087 465 1153 ria,
489 1083 726 1156 qualem
747 1081 1024 1147 diximus,
1044 1079 1235 1135 Vitam
1259 1077 1447 1134 sancti
1469 1076 1716 1134 voluerit
1730 1076 2003 1142 scribere,

355 1173 495 1232 licet
514 1173 588 1230 ad
610 1173 933 1227 extremum
956 1169 1301 1225 emendatus
1318 1171 1374 1223 et
1393 1165 1803 1223 reconciliatus
1820 1163 2007 1220 Eccle-

357 1263 492 1332 siae;
525 1277 661 1318 cum
691 1276 764 1315 ne
791 1263 933 1314 tunc
963 1257 1200 1330 quidem
1233 1254 1515 1312 dimoveri
1563 1253 1814 1326 potuerit
1861 1253 2007 1325 quin

356 1350 604 1409 sentiret
623 1351 858 1404 sanctos
879 1345 1266 1420 praelaudatos
1296 1346 1510 1400 bonam
1538 1359 1776 1400 causam
1809 1343 2007 1398 minus

356 1442 507 1498 bene
534 1438 904 1508 discretaque
933 1435 1144 1507 egisse,
1178 1435 1440 1505 adeoque
1469 1449 1576 1489 nec
1605 1433 1666 1488 in
1710 1437 1896 1488 morte
1925 1431 2009 1487 sic

359 1529 520 1587 obita
540 1526 886 1584 laudandos.
908 1524 981 1580 Ut
997 1529 1063 1579 ut
1077 1529 1184 1591 est,
1209 1524 1337 1595 ejus
1360 1539 1471 1579 non
1496 1527 1688 1594 potest
1709 1537 1838 1578 esse
1853 1521 2007 1588 Vita,

359 1635 490 1692 quea
511 1613 798 1672 Puricello
819 1613 958 1671 facit
977 1612 1196 1668 librum
1226 1612 1489 1683 tertium,
1512 1615 1569 1667 et
1597 1627 1713 1684 quo
1743 1610 1802 1665 in
1830 1610 2009 1665 adno-

357 1707 498 1765 tatis
528 1706 864 1777 frequenter
900 1705 1156 1759 utemur.
1205 1701 1601 1772 Praeterquam
1649 1699 1806 1755 enim
1853 1698 2010 1769 quod

2109 559 2178 599 ex
2208 543 2408 600 eadem
2442 544 2704 611 scientia,
2740 551 2796 602 et
2818 563 2955 602 suos
2985 551 3125 603 tunc
3146 550 3321 606 etiam
3344 553 3598 610 Annales
3620 557 3756 611 scri-

2111 632 2276 696 hens,
2311 633 2371 687 in
2419 635 2738 706 appendice
2771 637 2938 691 nobis
2970 637 3344 708 potissimum
3399 645 3750 713 sequendos.

2181 725 2235 778 8.
2273 723 2430 779 Idem
2458 723 2717 781 Alciatus
2747 726 2921 781 aliam
2955 727 3146 784 Vitam
3194 753 3221 780 κ
3256 731 3314 786 S.
3349 733 3570 788 Arialdi
3595 758 3622 784 ››
3669 736 3758 792 vel

2113 813 2350 884 scripsit
2376 812 2465 868 vel
2498 813 2751 870 scribere
2783 816 3093 872 inchoavit.
3119 819 3397 891 Superest
3442 824 3598 878 enim
3631 827 3759 894 ejus

2113 901 2368 966 initium.
2393 903 2547 974 quod
2571 903 2851 980 Puricello
2887 905 3024 961 facit
3069 905 3202 962 libri
3232 926 3250 962 1
3281 915 3454 981 caput
3486 914 3575 980 12,
3608 913 3762 969 sicut

2112 989 2257 1046 illud
2281 991 2376 1046 hic
2405 991 2630 1064 habuit,
2653 993 3084 1065 suppeditatam
3130 997 3242 1052 sibi
3273 1015 3306 1054 a
3337 999 3604 1056 Matthreo
3625 1003 3759 1058 Val-

2113 1079 2221 1148 rio,
2254 1079 2576 1136 Carthusize
2619 1082 2923 1153 Papiensis
2953 1085 3154 1155 priori,
3188 1093 3243 1141 et
3292 1088 3468 1143 simili
3522 1107 3760 1161 prorsus

2115 1168 2380 1240 exemplo
2400 1168 2543 1224 vidit
2563 1169 2622 1225 in
2655 1187 2872 1227 musaeo
2902 1171 3117 1245 Aloysti
3154 1175 3225 1230 ab
3257 1176 3532 1244 Ecclesia,
3584 1197 3766 1250 quon-

2116 1258 2252 1312 dam
2303 1257 2596 1313 secretarii
2644 1256 2883 1315 Urbani.
2917 1260 3034 1316 Hoc
3081 1279 3316 1336 quoque
3348 1265 3761 1338 fragmentum,

2117 1345 2407 1402 adnotatis
2456 1345 2674 1402 nostris
2730 1347 3039 1416 insertum,
3099 1350 3281 1407 lector
3335 1353 3623 1411 inveniet:
3679 1356 3764 1412 uti

2118 1433 2293 1491 etiam
2325 1435 2594 1506 quaedam
2616 1457 2646 1486 «
2669 1435 2820 1491 Petri
2840 1437 3049 1506 Azarii,
3074 1460 3102 1489 »
3128 1439 3255 1507 viri,
3290 1445 3356 1496 ut
3383 1449 3624 1514 apparet
3653 1445 3763 1500 mi-
3830 1466 3842 1478 ο

2117 1522 2326 1590 literis,
2351 1523 2450 1593 qui
2473 1541 2628 1580 anno
2657 1525 2789 1579 1456
2811 1524 3030 1581 militiae
3053 1527 3432 1585 reformandaa
3464 1531 3766 1589 adhibitus

2118 1610 2433 1667 Annalium
2465 1611 2991 1669 Mediolanensium
3041 1632 3209 1687 opus,
3245 1617 3418 1687 quale
3449 1621 3601 1690 apud
3633 1624 3766 1676 Car-

2120 1699 2328 1756 thusia
2378 1700 2630 1772 priorem
2669 1701 3093 1773 przelaudatum
3143 1706 3485 1762 servabatur
3530 1707 3588 1762 in
3622 1725 3764 1765 mss.

358 1795 581 1868 ubique
597 1795 936 1851 sanctorum
967 1794 1098 1847 acta
1121 1790 1327 1862 probet
1353 1790 1746 1858 vehementer,
1772 1787 2010 1885 sesein-
2043 1821 2089 1885 Β
2122 1787 2392 1860 perduxit
2411 1790 2480 1844 ad
2506 1806 2725 1845 annum
2749 1791 2888 1846 1402
2906 1791 3079 1863 plane
3099 1794 3464 1864 grandaevus.
3491 1795 3768 1869 Reliquos

323 1915 332 1918 -
360 1885 521 1942 dicat
539 1886 740 1940 auctor
753 1880 1065 1953 scripsisse
1084 1883 1219 1952 post
1240 1893 1462 1934 annum
1486 1879 1645 1942 1100,
1677 1877 1911 1949 quando
1941 1877 2014 1931 de

360 1996 393 2026 κ
411 1972 657 2032 ecclesia
676 1970 964 2028 Rozonis»
988 1969 1236 2041 loquens
1257 1968 1440 2037 addit,
1459 1984 1619 2039 «qua
1635 1983 1789 2022 nunc
1801 1966 2015 2021 dicitur

357 2065 421 2121 S.
457 2060 745 2136 Sepulcri,
780 2081 808 2110 ››
841 2059 997 2133 quod
1030 2074 1243 2114 nomen
1285 2056 1384 2112 illa
1431 2056 1691 2130 primum
1744 2057 2014 2110 assecuta

359 2156 504 2209 tunc
523 2154 634 2207 est.
680 2148 858 2206 Plura
885 2147 945 2203 in
975 2147 1125 2203 hanc
1155 2163 1278 2203 rem
1311 2145 1573 2218 congerit
1600 2143 1921 2200 Puricellus
1951 2143 2012 2197 in

362 2238 706 2314 praefatione
730 2238 803 2294 ad
831 2237 1016 2293 istum
1046 2235 1150 2291 lib.
1176 2252 1260 2304 III,
1289 2237 1601 2306 censetque
1630 2249 1698 2290 ex
1712 2231 1863 2305 stylo
1882 2247 2013 2288 eam

363 2346 496 2388 esse
520 2351 550 2378 ‹‹
573 2325 857 2392 Landulﬁ,
889 2343 924 2381 a
949 2329 1007 2381 S.
1042 2323 1218 2380 Paulo
1252 2347 1280 2373 »
1303 2324 1468 2388 dicti,
1499 2347 1526 2372 «
1559 2321 1820 2379 Junioris
1854 2343 1881 2370 »
1914 2337 2016 2392 per

368 2436 477 2476 nos
501 2415 855 2490 appellandi,
879 2413 1145 2487 quilecta
1167 2416 1434 2469 accurate
1449 2412 1582 2467 Vita
1602 2428 1704 2484 per
1721 2411 2013 2467 Andream

367 2508 589 2579 scripta
607 2505 781 2578 (hanc
804 2507 1000 2560 autem
1030 2502 1242 2574 legisse
1261 2499 1543 2556 Arnulfus
1563 2500 1657 2555 vix
1682 2498 1889 2572 potuit,
1915 2515 2014 2554 ne-

366 2597 511 2653 dum
542 2600 600 2650 et
625 2599 748 2650 tam
776 2591 1069 2650 contraria
1097 2590 1264 2663 prius
1292 2589 1600 2662 scripsisse
1639 2589 1782 2660 quin
1813 2591 2017 2659 postea

367 2682 706 2741 distinctius
737 2680 1094 2750 retractaret)
1126 2679 1394 2736 eamdem
1433 2677 1720 2751 redegerit
1750 2678 1808 2733 in
1857 2693 2015 2733 com-

2122 1881 2406 1944 auctores,
2441 1895 2692 1949 quorum
2722 1879 2850 1935 loca
2906 1896 2972 1935 ac
3018 1883 3356 1939 testimonia
3401 1883 3648 1956 implent
3697 1885 3765 1940 li-

2122 1967 2336 2022 brumi
2367 1965 2659 2022 Puricelli.
2693 1984 3065 2026 communem
3098 1995 3125 2021 ‹‹
3151 1971 3250 2026 SS.
3283 1972 3518 2029 Arialdo
3550 1979 3606 2029 et
3636 1975 3770 2029 Iler-

2119 2053 2413 2111 lembaldo
2437 2077 2466 2105 ››
2497 2058 2698 2127 (quam
2722 2056 2901 2128 aliqui
2936 2081 2964 2110 α
2985 2059 3422 2128 Arembaldum,
3456 2063 3767 2119 Herenbal-

2120 2145 2295 2202 dum»
2309 2144 3766 2224 et«Heribaldum»nominant)videsisapudipsum.

2121 2232 2266 2288 Vide
2285 2231 2460 2288 etiam
2478 2234 2742 2304 ejusdem
2761 2234 2975 2291 librum
2999 2242 3306 2308 quartum;
3331 2231 3486 2310 quin
3497 2240 3628 2295 nius
3650 2240 3771 2311 qui-

2123 2321 2255 2378 dem
2288 2345 2316 2370 ‹‹
2349 2322 2738 2378 Herlembaldi
2779 2325 2971 2380 Vitam
3007 2348 3034 2375 »
3089 2329 3396 2398 profitetur
3451 2330 3610 2392 dare,
3670 2331 3766 2384 sed

2125 2427 2321 2466 revera
2349 2410 2657 2467 historiam
2703 2412 2962 2469 continet
3007 2414 3188 2471 totius
3235 2416 3572 2473 sohismatis
3616 2419 3767 2488 quod

2125 2498 2334 2554 smeulo
2355 2516 2411 2553 χι
2434 2499 2750 2556 Ecclesium
2782 2499 3073 2573 laceravit,
3102 2503 3354 2560 Cadaloo
3395 2500 3461 2560 et
3493 2505 3771 2561 Cuiherto

2126 2587 2183 2642 in
2216 2587 2522 2660 antipapas
2554 2587 2815 2655 elevatis,
2838 2606 2941 2662 per
2964 2590 3254 2650 rebellem‘
3272 2592 3535 2648 Ecclesia:
3568 2594 3772 2648 Henri-

2125 2691 2259 2730 cum
2290 2676 2416 2746 ejus
2445 2677 2702 2733 nominis
2733 2694 2925 2750 regem
2959 2679 3048 2747 IV,
3090 2680 3496 2752 imperatorem
3533 2683 3624 2736 Ill.

1345 3022 1954 3136 SANCTI
2085 3023 2794 3135 AHIALDI

1914 3266 2276 3384 VITA‘

1131 3477 1397 3536 Auctore
1440 3475 1510 3534 B.
1557 3474 1834 3544 Asnam,
1868 3469 2409 3547 Vallumbrosano,
2442 3470 2638 3530 sancti
2683 3471 3009 3551 discipulo.

1001 3822 1390 3880 PREFATIO.

436 3913 490 3969 4.
525 3912 881 3984 Prmcepisti,
912 3911 1240 3968 venerande
1264 3913 1435 3967 Pater
1464 3910 1732 3977 Rudolfe,
1767 3914 1833 3965 ut
1861 3910 2017 3966 beati

367 4001 648 4074 martyris
675 4000 893 4056 Arialdi
917 4000 1247 4074 passionem
1269 4000 1676 4056 describerem.
1701 4000 1862 4063 Quod
1885 3998 2020 4055 licet

364 4091 557 4148 facere
587 4093 832 4146 conatus
860 4091 972 4146 sim
1001 4089 1082 4161 (in
1113 4088 1374 4156 veritate,
1401 4105 1516 4144 non
1550 4105 1653 4160 pro
1683 4088 2019 4144 humilitate

364 4178 516 4245 sola,
548 4182 616 4234 ut
643 4177 905 4252 plerique
945 4177 1237 4251 sapientes
1287 4176 1496 4243 solent,
1547 4176 1794 4248 loquor),
1845 4178 2016 4248 quid-

364 4267 511 4341 quid
543 4267 602 4322 in
633 4284 702 4323 ea
731 4272 820 4324 est
845 4269 1002 4339 quod
1034 4265 1385 4322 conveniens
1416 4265 1511 4332 sit,
1543 4265 1718 4321 etiam
1770 4266 1833 4322 in
1889 4267 2019 4338 ipsa

361 4357 677 4413 verborum
712 4356 1154 4428 compositione,
1184 4371 1298 4410 non
1331 4370 1471 4409 meae
1523 4353 1841 4425 sapientia,
1889 4371 2016 4426 quae

364 4443 454 4501 sic
485 4447 574 4501 est
603 4461 781 4517 parva
811 4448 876 4500 ut
895 4459 1042 4517 pene
1064 4445 1140 4500 sit
1177 4442 1358 4511 nulla,
1384 4443 1484 4498 sed
1516 4442 1624 4498 soli
1654 4443 1757 4498 Dei
1795 4444 2015 4516 gratiae,

362 4531 712 4604 meritisque
743 4532 952 4605 ipsius,
980 4537 1154 4605 atque
1171 4536 1282 4588 tute
1300 4531 1545 4587 orationi
1575 4532 1790 4587 tribuo.
1817 4535 1880 4588 In
1903 4550 2018 4605 qua

361 4620 537 4690 sciat,
577 4638 706 4677 eam
764 4622 1101 4694 quicunque
1143 4617 1369 4694 legerit,
1428 4636 1523 4676 me
1582 4637 1824 4692 prorsus
1871 4622 2016 4677 nihil

360 4708 591 4766 dixisse
619 4710 732 4766 nisi
753 4711 909 4782 quod
929 4710 1071 4765 viris
1092 4709 1266 4766 certis
1284 4709 1661 4765 narrantibus
1683 4709 2011 4775 didicerim,

361 4815 403 4855 a
432 4799 773 4855 marchione
802 4798 1090 4866 videlicet,
1124 4799 1311 4871 ipsius
1340 4814 1618 4871 germano
1655 4797 1832 4866 fideli,
1865 4798 1952 4854 vel
1984 4817 2018 4854 a

362 4885 719 4944 Bonovisino
750 4887 1014 4958 ejusdem
1073 4886 1417 4943 fidelissimo
1460 4883 1702 4956 famulo,
1750 4885 1849 4957 qui
1899 4886 2018 4942 eia

362 4975 680 5032 cunabulis
708 4980 798 5032 est
816 4975 1136 5032 famulatus
1152 4974 1444 5042 similiter,
1468 4974 1586 5030 imo
1610 4973 1681 5029 de
1697 4974 1913 5046 quibus
1932 4979 2019 5031 tot

363 5063 615 5121 existere
644 5070 895 5138 possunt
924 5069 1105 5121 testes
1135 5069 1277 5137 quot
1308 5063 1409 5119 illo
1440 5063 1499 5118 in
1527 5062 1652 5119 loco
1685 5079 1818 5118 cum
1850 5067 2015 5120 astate

362 5152 623 5225 perfecta
653 5169 914 5226 saneque
940 5171 1117 5211 sensu
1149 5157 1288 5210 sunt
1317 5153 1604 5208 homines.

435 5243 492 5298 2.
526 5242 891 5316 Verum,,per
912 5247 1100 5300 totum
1115 5243 1273 5298 hunc
1289 5241 1776 5310 libellum,meum
1800 5258 2014 5298 nomen

362 5329 611 5398 celetur,
659 5332 762 5405 qui
790 5332 922 5390 talis
953 5349 1086 5390 sum
1135 5336 1198 5387 ut
1227 5331 1416 5403 magis
1455 5331 1761 5388 conveniat
1801 5331 2015 5387 nesciri

363 5434 549 5490 quam
581 5420 738 5485 sciri,
765 5422 857 5477 cui
882 5423 1017 5493 jure
1036 5419 1307 5492 congruit
1326 5419 1470 5474 illud
1493 5419 1688 5475 Isaiae:
1728 5421 2011 5490 «Claude,

358 5507 578 5580 inquit,
594 5509 812 5565 ostium
834 5514 1026 5578 tuum,
1041 5515 1098 5566 et
1121 5507 1412 5564 absconde
1433 5513 1486 5564 te
1508 5513 1641 5579 post
1659 5507 2016 5576 illud,donec

361 5601 629 5655 transeat
657 5598 746 5657 ira
763 5599 995 5658 Domini
1027 5599 1162 5669 (Isai
1191 5613 1343 5664 XXVI,
1373 5596 1487 5669 20);
1513 5619 1542 5647 »
1573 5601 1701 5656 tum
1731 5613 1864 5656 vero
1911 5613 2016 5655 no-

2046 3821 2088 3887 C
2129 3836 2262 3875 men
2292 3818 2352 3874 in
2381 3820 2508 3888 ejus
2538 3819 2724 3874 fronte
2754 3819 3070 3888 habeatur;
3106 3821 3404 3892 quoniam,
3426 3823 3569 3879 velis
3601 3825 3773 3898 nolis,

2129 3923 2307 3979 super
2353 3906 2792 3972 candelabrum,
2844 3912 2909 3963 ut
2938 3909 3212 3964 omnibus
3244 3910 3461 3979 luceas,
3493 3917 3549 3970 te
3581 3918 3778 3985 posuit

2127 3995 2395 4052 Christus
2423 4013 2436 4061 ;
2471 3998 2782 4066 quatenus,
2814 3996 2865 4052 is
2892 3996 2991 4067 qui
3013 3997 3253 4070 scripsit
3283 3999 3332 4054 si
3355 4000 3677 4073 ignoratur,
3704 4007 3775 4060 ad

2127 4099 2302 4155 quem
2336 4083 2590 4155 scriptus
2619 4088 2708 4138 est
2739 4101 2851 4141 non
2875 4085 3192 4158 ignoretur.
3226 4093 3403 4145 Porro
3425 4091 3567 4162 quia
3587 4092 3644 4147 in
3669 4093 3777 4149 hoc

2128 4171 2297 4245 plura
2317 4177 2457 4228 sunt
2476 4172 2536 4227 in
2554 4173 2743 4230 verbis
2764 4180 2822 4229 et
2841 4174 3010 4231 factis
3031 4175 3399 4234 aediﬁcationi
3424 4180 3612 4245 utilia,
3638 4183 3774 4239 duo-

2125 4261 2314 4317 decim
2338 4261 2711 4318 monasteriis
2731 4263 2946 4334 quibus
2966 4268 3023 4320 te
3043 4282 3338 4338 supernus
3361 4267 3549 4323 Judex
3573 4287 3778 4342 propu-

2126 4352 2265 4421 suit,
2298 4368 2397 4407 oro
2431 4356 2492 4407 ut
2523 4353 2593 4406 ad
2625 4351 2938 4424 legendum
2989 4353 3237 4423 tribuas,
3284 4360 3595 4426 quatenus,
3631 4360 3772 4414 dum

2126 4441 2440 4508 audierint,
2473 4442 2531 4496 in
2559 4442 2897 4499 defensione
2925 4443 3206 4514 veritatis,
3248 4445 3403 4516 quod
3437 4445 3535 4500 alii
3578 4453 3774 4503 nostro

2125 4531 2185 4587 in
2211 4536 2472 4604 tempore
2501 4531 2775 4587 dixerunt
2803 4537 2860 4587 et
2890 4532 3146 4604 perpessi
3180 4537 3341 4603 sunt,
3381 4537 3775 4592 accendamur

2125 4625 2182 4677 et
2211 4621 2324 4694 ipsi
2358 4625 2422 4676 ut
2451 4621 2588 4676 talia
2642 4621 2859 4687 dicant,
2894 4625 2969 4686 et,
3009 4622 3056 4674 si
3115 4637 3353 4677 necesse
3414 4623 3609 4691 fuerit,
3671 4643 3774 4696 pm

2124 4709 2325 4764 eadem
2361 4709 2599 4765 veritate
2625 4708 2843 4763 similia
2873 4709 3194 4779 patiantur.

2657 4851 2884 4907 CAPUT
2933 4850 3240 4908 PRIMUM.

2122 4956 2340 5014 Arialdi
2367 4956 2596 5025 natales,
2632 4957 2926 5023 institutio,
2951 4959 3137 5030 prima
3181 4971 3372 5018 contra
3420 4961 3630 5018 clerum
3681 4966 3773 5018 in-

2726 5037 2932 5084 cestum
2963 5033 3167 5087 concio.

2196 5153 2249 5208 3.
2278 5153 2432 5209 Licet
2452 5154 2579 5224 jam
2611 5155 2695 5209 sic
2725 5169 2902 5210 senex
2932 5155 3010 5211 sit
3031 5156 3288 5211 mundus
3318 5160 3383 5211 ut
3405 5156 3773 5226 jamjamque

2124 5243 2353 5297 vicinus
2383 5243 2510 5313 ejus
2542 5247 2818 5297 cernatur
2845 5260 3111 5310 occasus,
3140 5249 3334 5300 tamen
3370 5243 3508 5315 quia
3539 5244 3610 5298 ab
3641 5244 3771 5299 uni-

2123 5331 2306 5387 versis
2338 5331 2685 5386 mortalibus
2715 5331 3017 5403 ignoratur
3055 5334 3290 5404 quando
3342 5333 3600 5404 ﬁniatur,
3634 5332 3774 5390 libet

2124 5435 2405 5474 novorum
2438 5421 2825 5475 constantiam
2859 5426 3216 5488 sanctorum,
3260 5438 3570 5493 supparem
3625 5422 3772 5478 anti-

2124 5525 2400 5579 quorum,
2422 5509 2819 5582 saevitiamque
2851 5511 3206 5581 perfidorum
3239 5511 3458 5582 quieos
3488 5528 3675 5583 usque
3697 5512 3769 5567 ad

2126 5613 2350 5668 necem,
2373 5598 2594 5656 nostris
2614 5598 2972 5674 temporibus
2998 5599 3233 5672 imoque
3259 5600 3474 5659 nostris
3503 5602 3609 5659 sub
3634 5618 3653 5644 r
3669 5617 3769 5657 cu-
