4152 6194
467 333 617 393 1451

1586 329 1695 390 SS.
1743 325 2058 389 ARIALDI
2103 323 2203 388 ET
2248 323 2754 387 ERLEMBALDI

3667 329 3798 390 M52

464 463 870 540 apostolocum
888 459 2112 533 suoauctore,ubiquesicestsparsasolem-
2140 460 2194 526 Α
2233 459 2303 514 ab
2334 458 2494 514 omni
2524 475 2584 514 re
2607 456 2870 514 saeculari
2900 455 3170 529 expediti,
3199 457 3254 510 et
3285 470 3450 511 sacra:
3481 454 3611 528 legis
3659 461 3802 514 medi-

465 557 709 622 niter,ut
739 569 910 608 nemo
941 552 1056 608 fere
1085 553 1156 607 ad
1190 551 1391 608 altaris
1432 549 1692 606 officium
1724 551 1959 606 accedat
2011 549 2121 604 nisi

465 644 631 717 prius
651 646 788 714 agat
809 659 979 714 opere
1003 643 1159 714 quod
1176 641 1327 697 idem
1351 640 1631 714 cogitavit
1646 640 1910 711 nequiter
1922 639 2120 695 corde:

467 737 526 789 et
541 733 722 787 donec
741 730 930 787 eidem
952 731 1350 786 maledictioni
1369 735 1532 787 tanto
1550 729 1901 802 profundius
1913 746 1973 784 se
1991 729 2130 816 sub;

459 821 872 893 jiciat,quanto
889 834 1017 876 esse
1033 820 1296 876 noscitur
1315 821 1480 892 pejus
1499 818 1723 876 malum
1742 819 1926 874 facere
1944 835 2120 890 quam

473 910 748 983 cogitare.

537 1046 626 1098 22.
662 1043 895 1098 Utinam
926 1043 1050 1097 haec
1072 1043 1404 1099 maledictio
1435 1041 1569 1098 illos
1615 1045 1939 1114 percuteret
1993 1045 2122 1096 tan-

467 1132 772 1188 tummodo
795 1131 892 1203 qui
922 1131 1018 1187 Dei
1051 1133 1268 1186 donum
1291 1133 1538 1186 vendere
1565 1135 1665 1186 aut
1692 1147 1883 1186 emere
1905 1147 2122 1200 prmsu-

470 1224 642 1277 munt
669 1219 877 1276 audaci
899 1220 1070 1275 corde
1102 1225 1158 1276 et
1188 1219 1370 1291 impio
1395 1221 1407 1274 l
1434 1220 1850 1274 Verumtamen
1874 1219 1968 1273 hic
2004 1224 2122 1273 tam

471 1310 680 1366 noxius
709 1313 798 1364 est
827 1313 1023 1364 reatus
1055 1314 1119 1362 ut
1149 1327 1264 1363 non
1293 1307 1486 1362 solum
1521 1308 1620 1378 qui
1647 1307 1874 1361 faciunt
1915 1311 1970 1361 et
2025 1308 2125 1377 qui

471 1398 866 1463 consentiunt,
890 1415 1091 1453 verum
1122 1398 1299 1452 etiam
1330 1414 1428 1452 eos
1455 1397 1554 1466 qui
1614 1396 1962 1451 facientibus
2010 1413 2123 1449 non

474 1487 762 1543 resistunt
791 1492 848 1540 et
875 1485 1324 1557 oppugnant,sic
1355 1484 1660 1556 poenaliter
1680 1484 2124 1556 obliget,quate-

474 1593 588 1630 nus
619 1574 1026 1629 maledictione
1055 1591 1180 1644 qua:
1233 1573 1454 1628 Simoni
1516 1591 1547 1626 τι
1605 1573 1770 1628 Petro
1827 1577 1917 1627 est
1968 1572 2130 1626 illata

476 1664 694 1719 minine
719 1663 1122 1734 proculdubio
1155 1667 1408 1717 careant.
1446 1663 1527 1716 Ne
1556 1663 1699 1716 forte
1758 1663 1988 1716 mentiri
2035 1678 2126 1716 me

477 1751 864 1813 arbitremini.
901 1753 1038 1822 quid
1072 1752 1142 1805 de
1166 1751 1271 1806 hac
1304 1767 1364 1806 re
1388 1755 1585 1805 noster
1613 1756 1894 1822 patronus
1917 1751 2129 1805 sentiat

478 1842 542 1896 B.
575 1839 1152 1905 Ambrosius,audite
1174 1859 1190 1892 :
1215 1840 1296 1893 ait
1325 1840 1480 1894 enim
1517 1856 1529 1893 ε
1595 1861 1623 1887 ‹‹
1655 1840 1795 1894 Nam
1819 1846 1875 1894 ct
1909 1839 2128 1910 lepram
2161 1834 2207 1898 B

479 1947 611 1986 cum
634 1929 788 1984 Giezi
809 1933 1057 1984 asancto
1083 1929 1416 2000 suscepisse
1449 1945 1512 1984 se
1544 1929 1785 1985 credant
1812 1928 2129 2000 Eliseo,qui

477 2019 726 2091 gradum
758 2016 1181 2072 sacerdotalem
1215 2031 1277 2071 se
1307 2016 1644 2072 existimant
1677 2016 1942 2088 pecuniis
1973 2034 2131 2072 com-

481 2124 704 2180 parare.
721 2106 864 2162 Nam
889 2106 1040 2160 sicut
1059 2105 1439 2161 validioribus
1458 2105 1679 2162 morbis
1702 2107 1890 2177 capite
1911 2106 2131 2176 vitiato,

483 2196 775 2268 reliquum
803 2211 1036 2248 necesse
1057 2199 1147 2249 est
1167 2211 1378 2265 corpus
1412 2194 1793 2249 inundatione
1817 2195 2136 2266 superioris

483 2285 671 2340 morbi
705 2282 994 2338 lethaliter
1014 2282 1264 2353 irrigari,
1298 2282 1378 2336 ita
1399 2286 1456 2336 et
1484 2282 1523 2336 ii
1547 2284 1643 2354 qui
1671 2288 1845 2354 caput
1866 2285 2138 2339 videntur

487 2389 616 2428 esse
647 2371 936 2436 Ecclesiae,
976 2371 1179 2424 morbo
1226 2371 1499 2441 pestifero
1558 2372 1880 2427 fraternum
1933 2373 2139 2428 vitiant

486 2477 720 2534 corpus,
753 2464 819 2514 ut
851 2458 997 2513 nihil
1029 2475 1098 2514 ex
1127 2459 1305 2514 totius
1337 2460 1595 2531 corporis
1639 2477 1916 2534 compage
1941 2462 2135 2518 insau-

485 2550 703 2606 ciatum
735 2548 922 2619 possit
950 2549 1189 2603 evadere
1213 2566 1226 2615 ;
1252 2549 1406 2620 quod
1432 2549 1853 2622 negligentium
1869 2553 2136 2607 sacerdo-

484 2643 614 2695 tum
641 2637 974 2693 vitiositatis
1023 2635 1242 2692 morale
1273 2654 1387 2692 non
1439 2637 1705 2693 infecerit
1753 2639 1933 2709 virus,
1963 2641 2044 2696 ita
2075 2645 2140 2695 ut

485 2728 682 2785 videas
711 2727 770 2782 in
802 2725 1058 2782 Ecclesia
1086 2726 1309 2798 passim
1363 2743 1511 2798 quos
1571 2745 1686 2783 non
1748 2728 1976 2796 merita,
2035 2730 2136 2785 sed

489 2816 748 2890 pecunia:
769 2816 838 2871 ad
872 2815 1244 2888 episcopatus
1275 2815 1540 2871 ordinem
1565 2822 1969 2889 provexerunt.
2030 2819 2138 2874 Ve-

489 2909 843 2968 rumtamen,
875 2909 942 2958 ut
964 2904 1022 2958 in
1055 2920 1154 2960 ore
1173 2905 1424 2959 duorum
1441 2904 1527 2960 vel
1558 2907 1735 2960 trium
1769 2907 2007 2962 testium
2028 2911 2143 2963 stet

492 2993 916 3050 omneverbum
936 2994 1120 3062 (Deut.
1148 3011 1286 3064 xvu,
1311 2995 1428 3062 6),»
1449 2995 1644 3050 audite
1675 2995 1814 3067 quid
1838 3013 2014 3067 super
2033 2997 2142 3051 hac

491 3100 554 3140 re
577 3083 780 3138 beatus
799 3081 954 3136 dicat
975 3081 1342 3153 Gregorius.«
1361 3083 1474 3137 Cur
1495 3082 1729 3155 (inquit)
1753 3101 1866 3139 non
1889 3085 2138 3152 videtur,

494 3192 599 3230 cur
630 3190 742 3229 non
775 3171 1172 3246 perpenditur,
1197 3171 1296 3244 qui
1329 3173 1399 3226 ad
1431 3172 1562 3239 hoc,
1587 3177 1656 3228 ut
1686 3174 1783 3228 fiat
1814 3174 2138 3239 hmreticus,

497 3262 899 3318 ordinatur?»
923 3261 990 3316 Et
1026 3261 1274 3316 iterum:
1335 3284 1361 3309 ‹‹
1405 3261 1683 3333 Quisquis
1733 3266 1934 3318 contra
1993 3263 2143 3319 hanc

497 3350 886 3406 Simoniacam
914 3354 970 3404 et
999 3349 1432 3421 Neophytorum
1460 3350 1728 3405 haeresim
1773 3352 2144 3408 vehementer

496 3439 791 3512 proot‘ficii
841 3438 929 3492 sui
989 3437 1455 3492 consideratione
1499 3455 1612 3494 non
1662 3440 1959 3508 exarserit,
2006 3430 2150 3496 cum.

494 3528 734 3612 Simone
765 3527 931 3598 Mago
963 3543 1152 3580 senon
1184 3526 1411 3580 dubitet
1439 3527 1654 3582 habere
1681 3529 2006 3598 portionem
2040 3529 2141 3601 qui

495 3617 659 3690 prius
690 3615 986 3670 commisit
1017 3614 1125 3670 hoc
1156 3613 1450 3687 piaculare
1483 3615 1790 3687 ﬂagitium.
1827 3640 1853 3666 ››

559 3751 649 3806 23.
673 3750 959 3815 Quoniam
983 3748 1144 3805 locus
1173 3747 1270 3804 ille
1300 3747 1408 3804 hoc
1440 3749 1502 3804 B.
1539 3749 1800 3821 Gregorii
1848 3766 2136 3816 sermone,

488 3841 591 3898 ubi
623 3839 959 3914 prazcipitur
992 3838 1310 3913 unicuique
1341 3855 1442 3910 pro
1476 3838 1568 3894 sui
1592 3838 1769 3894 officii
1803 3839 2138 3896 considera-

488 3931 647 3987 tione
668 3935 870 3985 contra
893 3927 1285 3985 Simoniacam
1326 3928 1526 3983 ardere
1545 3928 1777 3996 debere,
1793 3945 1906 3984 non
1950 3930 2136 3985 omni-

488 4019 602 4074 bus
630 4017 872 4073 forsitan
895 4017 1060 4088 plene
1086 4021 1264 4088 patet,
1298 4017 1461 4072 vobis
1488 4017 1680 4072 lucide
1702 4033 1810 4072 nos
1830 4018 2139 4090 explanare

488 4106 782 4164 concedet.
818 4107 960 4161 Tres
991 4105 1209 4178 quippe
1241 4105 1476 4161 ordines
1508 4105 1566 4160 in
1619 4111 1826 4162 sancta
1881 4107 2139 4164 Ecclesia

488 4195 814 4251 habentur:
849 4211 1001 4250 unus
1024 4193 1491 4266 praedicatorum,
1525 4194 1670 4250 alter
1689 4195 2135 4264 continentium,

488 4282 694 4338 tertius
716 4284 1182 4355 conjugatorum.
1215 4282 1447 4337 Primus
1461 4298 1715 4353 namque
1745 4283 1918 4338 debet
1939 4288 2138 4340 contra

486 4371 640 4429 hanc
698 4373 922 4438 ardere,
967 4371 1262 4427 indefessa
1315 4371 1717 4439 exortatione;
1773 4372 2138 4428 continentes

484 4465 703 4528 autem,
738 4460 977 4517 assidua
1008 4459 1306 4527 oratione;
1338 4476 1439 4514 vos
1464 4475 1623 4526 vero,
1667 4460 1766 4531 qui
1836 4460 2136 4532 conjugati

2230 548 2448 603 tatione
2475 547 2714 604 assidua
2743 546 2952 613 edocti,
2984 562 3185 602 verum
3219 544 3384 600 etiam
3415 561 3526 611 vos,
3557 546 3643 617 qui
3691 549 3802 604 estis

2229 635 2424 692 idiotze
2443 636 2747 710 ignarique
2768 634 3506 709 Scripturre,communibus
3520 634 3686 689 verbis
3704 637 3803 705 qui-

2230 727 2342 782 bus
2356 725 2582 793 valetis,
2616 726 2864 781 invicem
2895 743 2997 781 vos
3019 728 3220 780 cautos
3242 723 3310 779 ab
3333 723 3438 779 hac
3466 723 3811 795 nequitiared-

2230 817 2364 871 dere
2395 816 2637 872 debetis.
2673 815 2836 871 Unde
2865 815 3149 872 Dominus
3179 813 3359 869 dixit:
3418 835 3445 862 «
3486 813 3539 868 Si
3578 812 3799 869 homines

2228 905 2795 978 tacuerint,parietes
2831 905 3142 976 loquentur
3163 904 3309 975 (Luc.
3344 920 3450 967 xxx,
3480 902 3578 974 50).
3615 925 3632 951 ι
3653 902 3814 958 Nonne

2231 995 2302 1049 de
2323 995 2432 1050 hac
2454 1012 2514 1050 re
2537 995 2678 1049 dicit
2697 994 2981 1067 propheta
3005 1011 3018 1048 :
3047 1017 3072 1043 ‹‹
3100 991 3455 1056 Maledictus,
3474 991 3565 1062 qui
3587 990 3806 1062 prohibet

2231 1083 2491 1156 gladium
2515 1101 2690 1139 suum
2712 1101 2745 1137 a
2776 1084 3064 1156 sanguine
3082 1083 3237 1153 ?(Jer.
3262 1079 3590 1147 XLv1|i,lO,)»
3612 1079 3703 1135 hoc
3719 1083 3805 1146 est,

2233 1174 2304 1228 ab
2336 1173 2739 1228 interfectione
2769 1172 2948 1243 hujus
2981 1170 3358 1243 nequissima;
3388 1169 3596 1224 bellum.

2303 1263 2394 1316 24.
2427 1263 2553 1316 Haec
2578 1263 2792 1334 quippe
2816 1266 2872 1317 et
2923 1260 3332 1331 hujuscemodi
3390 1257 3706 1330 quamplura
3752 1257 3814 1312 di-

2234 1357 2397 1406 cente
2427 1353 2483 1404 B.
2511 1351 2831 1417 Arialdo,in
2854 1349 3236 1404 locumillum
3263 1347 3519 1403 salutifer
3541 1347 3816 1418 illegladius

2236 1445 2326 1495 est
2357 1439 2555 1512 procul
2587 1441 2764 1495 dubio
2789 1440 3030 1506 missus,
3060 1439 3161 1510 qui
3196 1437 3392 1492 fideles
3415 1435 3605 1491 dividit
3631 1435 3691 1489 ab
3721 1435 3819 1490 inﬁ-

2237 1527 2486 1596 delibus,
2520 1533 2576 1584 et
2597 1530 2667 1584 de
2690 1545 2802 1600 quo
2833 1527 3062 1584 loeutus
3084 1531 3173 1583 est
3205 1526 3500 1582 Dominus.
3533 1525 3640 1580 Non
3689 1524 3818 1588 veni,

2238 1619 2656 1690 inquit,paecm
2690 1617 2938 1683 mittere,
2965 1618 3062 1672 sed
3100 1615 3530 1689 gladium.Nam
3559 1613 3816 1683 Guido,qui

2238 1707 2539 1761 dicebatur
2569 1707 3062 1778 archiepiscopus,
3091 1711 3147 1760 ct
3169 1723 3306 1778 pars
3357 1703 3596 1760 maxima
3631 1702 3817 1757 clerico-

2238 1813 2366 1851 rum
2396 1800 2451 1849 et
2481 1795 2759 1865 militum,
2787 1813 2888 1850 nec
2926 1813 3034 1850 non
3061 1800 3116 1849 et
3139 1794 3309 1850 multi
3340 1795 3408 1848 de
3429 1791 3626 1865 pepulo
3646 1791 3820 1845 minore

2245 1901 2496 1956 nequam
2531 1885 2658 1949 viri,
2692 1901 2753 1939 se
2783 1888 3107 1950 cernentes,
3133 1884 3328 1938 dixere
3350 1883 3419 1937 ad
3449 1881 3670 1937 invicem
3693 1896 3704 1933 ;
3727 1878 3821 1933 llaec

2243 1991 2499 2046 namque
2530 1974 2814 2040 doctrina,
2848 1973 2895 2028 si
2929 1974 2998 2028 ad
3042 1973 3369 2044 profectum
3421 1969 3645 2034 venerit,
3692 1967 3819 2022 nobis

2244 2062 2579 2134 nostrisque
2603 2063 2739 2118 filiis
2761 2063 3015 2134 profecto
3040 2062 3200 2117 nullo
3233 2063 3402 2117 modo
3423 2061 3599 2115 vivere
3624 2055 3821 2129 expedit.

2244 2151 2376 2214 Quae
2408 2152 2562 2207 enim
2587 2156 2675 2207 est
2701 2156 2900 2207 nostra
2919 2151 3176 2217 vita,nisi
3198 2143 3821 2206 ecclesiarumbeneficia,

2246 2258 2372 2310 qum
2401 2241 2635 2296 assidue
2667 2259 2700 2296 a
2732 2242 2898 2296 nobis
2929 2241 3265 2295 vendantur
3295 2244 3351 2294 et
3380 2236 3680 2294 emuntur?
3705 2234 3823 2296 Qua-

2246 2333 2484 2402 propter
2500 2329 2703 2386 utilius
2736 2334 2822 2385 est
2853 2330 3024 2385 nobis
3055 2333 3121 2384 ut
3149 2326 3289 2384 huic
3321 2345 3476 2383 nova:
3505 2324 3740 2381 doctrinae
3764 2337 3825 2374 re.

2247 2419 2521 2474 sistentes
2537 2419 3066 2490 moriamur,quam
3079 2417 3278 2474 venire
3292 2417 3441 2472 hanc
3455 2415 3522 2470 ad
3541 2411 3824 2486 profectum,

2247 2512 2311 2563 ut
2343 2508 2621 2574 diximus,
2657 2508 2942 2563 sinamus.
2979 2507 3228 2562 Econtra
3261 2521 3393 2562 vero
3451 2505 3516 2559 ad
3571 2503 3705 2556 viros
3752 2496 3825 2553 Dei

2247 2596 2448 2652 fideles
2469 2596 2835 2652 clamabant:
2872 2596 3246 2662 Audivimus,
3281 2594 3569 2667 inquiunt,
3599 2609 3658 2647 ex
3682 2591 3830 2644 vestra

2248 2685 2566 2740 assertione
2625 2685 2985 2741 Simoniacos
3055 2684 3463 2756 hereticosque
3517 2697 3632 2737 esse
3673 2673 3828 2751 procul

2249 2773 2426 2828 dubio
2457 2773 2555 2844 qui
2580 2779 2901 2830 noscuntur
2922 2774 3136 2830 emisse
3158 2790 3229 2828 ea
3253 2791 3380 2846 quae
3401 2775 3535 2830 sunt
3557 2779 3828 2835 sacra;quo

2251 2861 2465 2918 scelere
2494 2863 2591 2934 qui
2625 2863 2907 2918 immunis
2925 2863 2995 2918 de
3027 2862 3438 2918 sacerdotibus
3467 2861 3608 2915 inter
3642 2873 3732 2912 nos
3775 2853 3831 2907 sit

2250 2951 2375 3007 sine
2402 2951 2579 3006 dubio
2610 2953 2987 3007 manifestum
3015 2955 3123 3018 est,
3156 2951 3301 3022 quia
3322 2967 3488 3006 nemo
3518 2953 3616 3004 est.
3640 2950 3736 3000 Nos
3760 2957 3832 2998 au-

2250 3045 2389 3112 tem,
2423 3041 2561 3112 quia
2589 3041 2902 3096 Christiani
2935 3039 3445 3112 dicimur,absque
3466 3036 3663 3093 Christi
3683 3047 3830 3088 sacrae

2253 3133 2446 3184 mento
2477 3129 2662 3184 vivere
2697 3129 3030 3185 nullatenus
3060 3129 3349 3186 valemus.
3397 3128 3551 3194 Quod
3581 3125 3625 3180 si
3653 3118 3830 3178 abistis

2173 3201 2215 3266 (ἶ
2255 3219 2706 3290 sumpserimus,
2740 3219 2934 3289 potius
2966 3219 3158 3273 dicitis
3179 3236 3292 3274 nos
3323 3233 3548 3274 sumere
3572 3208 3832 3271 damnatio-

2253 3323 2384 3361 nem
2417 3324 2594 3380 quam
2626 3306 2896 3373 salutem,
2929 3311 2985 3361 et
3015 3307 3142 3361 ideo
3161 3307 3259 3361 his
3292 3305 3424 3361 telis
3469 3301 3702 3372 undique
3727 3312 3832 3351 con-

2263 3396 2630 3469 stringimur,
2665 3399 2721 3450 et
2743 3396 2881 3466 quid
2915 3411 3162 3466 agamus
3185 3395 3446 3466 profecto
3479 3390 3756 3448 nescimus.

2319 3483 2409 3540 25.
2444 3486 2666 3550 Quibus
2699 3485 2758 3538 Β.
2817 3483 3094 3539 Arialdus
3145 3484 3232 3540 sic
3286 3481 3611 3555 respondit:
3657 3474 3832 3534 Videte,

2250 3573 2462 3644 inquit,
2495 3572 2888 3639 dilectissimi,
2912 3573 3052 3627 dum
3086 3573 3208 3627 haec
3245 3573 3461 3638 dicitis,
3494 3585 3560 3624 ne
3581 3580 3733 3638 super
3756 3575 3830 3614 vos

2249 3663 2441 3717 veniat
2471 3663 2623 3732 quod
2655 3662 2908 3733 Spiritus
2941 3666 3177 3716 sanctus
3197 3678 3307 3732 per
3328 3663 3390 3716 B.
3413 3647 3831 3722 Jacobumloqui-

2248 3756 2345 3806 tur
2373 3752 2605 3806 dicens:
2647 3774 2666 3799 α
2705 3751 2805 3805 Vir
2837 3750 3048 3822 duplex
3071 3752 3294 3818 animo,
3330 3749 3654 3805 inconstans
3672 3746 3745 3798 est
3787 3738 3828 3790 in

2247 3840 2521 3896 omnibus
2568 3840 2677 3895 viis
2727 3840 2852 3895 suis
2891 3841 3024 3909 (Jac.
3099 3857 3219 3906 xxx,
3255 3841 3354 3911 8):
3415 3861 3442 3890 »
3496 3838 3712 3905 ideoque
3755 3824 3829 3897 (illi

2246 3929 2548 3984 veritatem
2580 3929 2739 4000 cupit
2758 3928 3038 3984 veraciter
3063 3928 3353 3996 invenire,
3384 3929 3692 3983 constanter
3737 3929 3828 3972 om-

2247 4035 2380 4073 nem
2414 4019 2583 4073 debet
2612 4017 2924 4073 falsitatem
2957 4033 3257 4090 respuere.
3283 4002 3832 4090 Quapmpter,utveri-

2246 4111 2382 4175 tate,
2416 4124 2542 4178 quas
2576 4106 2726 4163 Deus
2761 4111 2868 4174 est,
2901 4107 3120 4178 perfrui
3170 4108 3432 4178 perfecte
3481 4100 3712 4162 valeatis,
3755 4106 3833 4164 per

2246 4196 2443 4268 ipsum
2470 4213 2568 4251 vos
2592 4197 2854 4262 obsecro,
2886 4201 3005 4250 uta
3029 4195 3319 4252 falsorum
3375 4192 3650 4252 consortio
3687 4195 3833 4241 sacer-

2246 4286 2450 4340 dotum
2484 4284 2718 4356 penitus
2748 4301 2850 4340 vos
2881 4284 3220 4356 segregetis,
3257 4284 3538 4357 quoniam
3592 4275 3694 4332 luci
3735 4281 3840 4325 cum

2245 4372 2813 4439 tenebris,fidelibus
2845 4389 2975 4428 cum
3011 4371 3605 4440 infidelibus,Christo
3631 4379 3741 4421 cum
3763 4363 3843 4412 Be-

2245 4459 2342 4516 lial
2373 4461 2534 4517 nulla
2558 4479 2686 4518 esse
2717 4463 2888 4518 debet
2914 4461 3244 4527 conventio,
3279 4467 3382 4517 aut
3411 4476 3541 4534 pars
3567 4457 3672 4513 sive
3698 4447 3836 4506 socio-

483 4551 644 4618 estis,
669 4554 725 4606 et
747 4550 804 4604 in
828 4553 1154 4606 vestrarum
1201 4548 1398 4604 labore
1456 4565 1741 4603 manuum
1800 4549 2011 4614 vivitis,
2074 4554 2138 4605 ut
2169 4570 2217 4634 Β
2245 4555 2355 4606 tas.
2390 4551 2483 4607 Sic
2503 4551 2659 4606 enim
2680 4552 2964 4624 scriptum
2981 4555 3070 4606 est
3089 4567 3108 4604 ι
3128 4574 3154 4600 ‹‹
3183 4551 3348 4607 Exite
3371 4551 3442 4606 de
3468 4545 3643 4605 medio
3663 4551 3842 4600 eorum.

483 4639 639 4694 Deus
659 4641 1033 4710 omnipotens
1057 4638 1207 4693 hanc
1231 4640 1302 4693 ab
1323 4636 1580 4692 Ecclesia
1602 4641 1804 4692 sancta
1827 4637 2067 4709 repellat
2086 4644 2142 4694 et

479 4728 799 4800 disperdat,
821 4728 1084 4800 quotidie
1110 4727 1502 4799 ardenterque
1528 4727 1800 4797 operibus
1823 4727 2139 4799 eleemosy-

477 4833 687 4870 narum
722 4816 946 4872 instare
983 4816 1226 4871 debetis.
1253 4816 1531 4887 Quisquis
1565 4817 1742 4886 igitur
1776 4832 1929 4870 nunc
1951 4835 2015 4872 ex
2048 4811 2139 4872 his

481 4906 670 4961 tribus
703 4905 1018 4959 ordinibus
1051 4910 1255 4960 contra
1276 4905 1833 4968 Simoniacam,curn
1858 4905 2135 4974 hisjusti-

481 4994 573 5050 tiae
592 4995 1163 5065 operibus,ardenter
1183 4995 1421 5048 minime
1438 4994 1968 5064 pugnaverit,juxta
1984 4996 2138 5050 dicta

478 5084 732 5156 Spiritus
763 5084 974 5149 sancti,
1007 5083 1108 5154 qui
1141 5084 1261 5137 haec
1293 5083 1437 5136 dixit
1466 5099 1568 5152 per
1625 5099 1690 5136 os
1747 5083 1800 5135 Β.
1853 5083 2132 5153 Gregorii,

477 5190 732 5246 pmnam,
769 5189 948 5244 quam
998 5173 1196 5226 Simon
1255 5171 1461 5242 Magus
1519 5187 1673 5225 nunc
1725 5170 1918 5236 habet,
1978 5173 2132 5242 quod

477 5263 743 5318 eamdem
774 5262 831 5317 in
874 5262 988 5316 {ine
1020 5263 1274 5333 effugere
1307 5263 1502 5331 queat,
1537 5258 1697 5314 nullo
1717 5258 1888 5312 modo
1913 5260 2131 5330 credat,

479 5351 536 5407 Si
565 5352 720 5406 enim
743 5351 824 5418 hi,
855 5350 1079 5423 quibus
1101 5355 1191 5406 est
1221 5349 1462 5405 scientia
1489 5347 1866 5418 officiumque
1925 5349 2130 5418 praedi-

480 5440 646 5496 candi
675 5437 1358 5510 commissum,qualibet
1388 5453 1457 5492 ex
1487 5453 1664 5491 causa
1698 5435 2126 5504 tacuerint,non

479 5529 670 5586 solum
696 5529 1083 5595 continentes,
1117 5543 1366 5601 quorum
1400 5524 1730 5599 przedicatio
1779 5527 1942 5581 tanto
1999 5543 2126 5585 esse

477 5618 649 5682 debet
667 5617 902 5678 liberior
925 5622 980 5675 et
1011 5616 1285 5687 voracior,
1312 5619 1529 5692 quanto
1563 5617 1791 5673 constat
1819 5613 1958 5691 quia
1987 5621 2126 5676 sunt

2250 4644 2307 4695 et
2325 4641 2698 4712 separamini,
2731 4646 2787 4695 et
2811 4640 3184 4695 immundum
3221 4657 3295 4695 ne
3346 4636 3660 4711 tetigeritis,
3689 4634 3736 4685 et
3763 4638 3842 4695 ego

2250 4729 2524 4801 recipiam
2549 4747 2670 4794 vos,
2695 4730 2836 4784 dicit
2869 4729 3147 4784 Dominus
3172 4732 3242 4800 (II
3273 4731 3396 4784 Cur.
3459 4745 3531 4793 γι,
3579 4727 3656 4788 17,
3708 4717 3794 4783 48)·
3824 4732 3842 4755 ³³

2251 4817 2549 4883 Quomodo
2584 4823 2772 4888 potest
2805 4816 2949 4886 licri,
2980 4823 3044 4871 ut
3075 4818 3240 4873 vobis
3294 4815 3618 4889 petentibus
3664 4806 3842 4862 minora

2251 4925 2364 4963 non
2393 4908 2630 4972 tribuat,
2666 4907 2722 4960 id
2756 4911 2862 4970 est,
2897 4911 3159 4978 pastores
3195 4908 3293 4978 qui
3329 4924 3431 4961 vos
3460 4905 3612 4976 juste
3666 4890 3841 4966 roganti

2250 4996 2349 5067 qui
2385 4996 2546 5049 vobis
2577 4995 2768 5049 adhuc
2807 5013 2919 5048 non
2975 4995 3368 5049 existentibus
3418 4991 3614 5048 tribuit
3646 4982 3841 5051 majora:

2248 5085 2354 5139 hoc
2378 5090 2465 5139 est
2497 5085 2876 5155 semetipsum
2911 5099 3014 5154 pro
3041 5082 3230 5138 salute
3292 5082 3530 5138 vestra?
3567 5077 3841 5146 Propterea,

2245 5174 2507 5229 omnium
2540 5181 2734 5245 spreto
2767 5172 3168 5227 haeretiCorum
3190 5171 3748 5241 consortio,pastores

2245 5280 2350 5317 nos
2372 5267 2427 5317 et
2449 5261 2647 5317 fideles
2663 5262 2733 5315 ab
2768 5276 2833 5315 eo
2866 5260 3212 5316 tiducialiter
3245 5261 3444 5332 petite,
3478 5262 3551 5322 et,
3582 5249 3704 5325 quia
3726 5257 3839 5335 acet:

2241 5349 2641 5422 dietis,procul
2661 5347 2836 5403 dubio
2856 5349 3189 5404 scitote.His
3204 5329 3464 5420 namque
3483 5342 3664 5400 verbis
3702 5329 3837 5422 mulli

2237 5440 2345 5494 viri
2372 5457 2437 5494 ac
2458 5438 2732 5495 mulieres
2754 5437 2837 5493 sic
2860 5443 2999 5492 sunt
3026 5438 3248 5493 accensi
3273 5443 3339 5493 ut
3361 5453 3474 5492 non
3505 5431 3682 5489 solum
3701 5419 3833 5478 dein-

2237 5545 2373 5602 ceps
2406 5527 2875 5584 Simoniacorum
2899 5530 3064 5581 actus
3093 5528 3556 5590 contemnerent,
3580 5516 3670 5576 sed
3696 5510 3834 5602 etiar-n

2235 5597 2483 5696 cumeis
2515 5615 2678 5674 nullo
2711 5616 2882 5674 modo
2930 5615 2985 5672 in
3021 5632 3134 5676 uno
3159 5616 3413 5674 oratorio
3446 5623 3602 5672 orare
3645 5597 3833 5662 vellent.
