4142 6192
367 337 545 410 ¹1453

1957 336 2182 408 ACTA.

3647 350 3804 415 1451

365 442 453 526 [In
485 471 578 528 his
608 473 805 528 autem
837 468 1043 528 diebus
1074 470 1124 526 si
1155 485 1260 544 per
1287 469 1448 528 illam
1480 473 1686 530 urbem
1718 475 2039 544 incederes,
2070 481 2125 545 Α
2154 477 2362 531 fertur.
2387 475 2588 532 Crateri
2611 480 2806 536 autem
2834 477 3026 534 clerici
3049 493 3222 536 mane
3241 495 3443 538 omnes
3474 483 3590 539 dici
3621 486 3803 545 Horas

385 565 597 631 praater
625 560 804 631 hujus
837 560 918 616 rei
951 561 1385 632 contentionem
1419 563 1678 635 undique
1699 564 1791 620 vix
1816 564 2038 638 aliquid

385 649 640 704 audires.
672 649 784 703 Alii
813 649 1105 722 siquidem
1127 649 1520 706 simoniacam
1543 659 1906 722 excusantes,
1940 654 2040 709 alii

383 753 515 794 eam
545 741 882 794 constanter
908 738 1280 794 damnantes.
1325 740 1440 795 Nec
1472 741 1724 809 mirum;
1760 743 2037 814 quoniam

380 843 503 883 una
531 828 744 883 domus
774 830 896 882 tota
925 831 1048 883 erat
1074 827 1287 896 fidelis,
1319 828 1503 886 altera
1531 848 1667 886 vero
1695 835 1818 887 tota
1837 831 2041 887 infide-

379 915 490 985 lis;
524 915 584 970 in
613 915 787 971 tertia
830 919 1031 971 autem
1079 920 1268 973 mater
1315 922 1440 973 erat
1487 919 1727 975 credula
1756 936 1891 976 cum
1922 937 2038 976 uno

380 1004 523 1073 filio,
557 1009 723 1077 pater
751 1005 1094 1062 incredulus
1124 1023 1259 1062 cum
1297 1007 1501 1075 altero,
1550 1013 1608 1064 et
1645 1009 1757 1065 hac
1802 1009 2038 1081 quidem

381 1094 725 1152 confusione
755 1098 813 1150 et
843 1096 1217 1152 contentione
1247 1095 1449 1153 civitas
1475 1101 1598 1154 tota
1629 1102 1754 1154 erat
1781 1097 1954 1170 plena
1984 1102 2041 1155 et

378 1183 684 1256 permista.

450 1273 542 1327 26.
586 1274 648 1329 In
697 1272 904 1329 diebus
953 1273 1072 1328 illis
1124 1274 1550 1347 quamplurimi
1591 1276 1784 1333 clerici
1815 1293 2038 1350 ccepere

382 1362 742 1417 consortium
776 1361 1122 1420 clericorum
1160 1381 1474 1436 pravorum
1507 1365 1857 1438 relinquere,
1887 1371 1946 1422 et
1970 1371 2034 1421 B.

380 1451 618 1506 Arialdo
649 1451 964 1507 adhaerere.
1001 1453 1161 1508 Inter
1190 1470 1338 1524 quos
1363 1453 1603 1525 quidam
1627 1472 1695 1512 ex
1717 1455 1834 1512 illis
1855 1471 2038 1512 sacer-

380 1539 638 1608 dotibus,
662 1541 851 1612 ipsius
872 1540 1272 1597 exhortatione
1299 1547 1711 1615 compunctus,
1730 1544 2036 1600 ecclesiam

363 1617 721 1701 ‘quamdam,
747 1646 923 1701 quam
954 1630 1163 1703 grandi
1191 1631 1375 1703 pretio
1399 1631 1550 1688 male
1571 1637 1812 1702 emerat,
1839 1633 2035 1689 dimit-

377 1721 500 1774 tere
529 1717 843 1790 disposuit.
906 1719 1018 1774 Sed
1077 1718 1306 1775 Christo
1360 1719 1687 1790 ordinante,
1746 1721 1935 1790 Miles,
1975 1723 2036 1777 in

381 1806 553 1878 cujus
573 1807 709 1878 jure
739 1807 861 1862 haec
892 1811 1034 1876 erat,
1059 1808 1188 1879 jam
1238 1809 1308 1864 de
1359 1808 1657 1878 fidelibus,
1691 1811 1906 1882 quippe
1935 1827 2038 1883 per

377 1897 442 1951 B.
472 1895 776 1951 Arialdum
807 1896 1069 1964 edoctus,
1097 1897 1254 1952 sicut
1272 1896 1370 1953 ille
1391 1914 1519 1953 eam
1546 1899 1814 1954 deserere
1841 1899 2032 1971 dispo-

376 1989 599 2056 suerat,
631 1986 732 2057 qui
764 1985 926 2041 illam
956 1990 1216 2053 emerat;
1250 1985 1332 2042 sic
1373 1986 1482 2042 iste
1513 2003 1620 2043 suo
1652 2004 1681 2043 e
1699 1989 1835 2059 jure
1861 1987 2033 2061 elegit

376 2074 529 2131 hanc
559 2074 823 2130 amittere
856 2078 920 2130 ut
951 2075 1276 2144 dominam,
1306 2075 1405 2147 qui
1432 2080 1676 2133 eatenus
1707 2078 1898 2149 ipsam
1930 2094 2030 2134 ne-

2142 565 2338 637 potius
2371 567 2844 638 murmurabant,
2879 585 3058 640 quam
3090 569 3508 641 decantarent;
3540 573 3800 631 hicvero

2140 654 2204 708 in
2237 655 2350 722 die,
2387 659 2540 710 tacto
2573 657 2789 729 septies
2821 658 3011 729 signo,
3044 659 3324 715 fratribus
3347 677 3462 715 una
3483 679 3802 736 congrega-

2139 743 2239 810 tis,
2273 759 2490 814 magna
2521 761 2657 799 cum
2688 746 3060 802 veneratione
3107 747 3368 803 debitam
3410 750 3801 822 omnipotenti

2139 830 2256 886 Deo
2287 830 2525 888 laudem
2567 833 2936 901 decantabat,
2987 839 3162 907 atque
3209 837 3280 892 ad
3332 838 3800 896 satisfactionem

2142 935 2346 976 omnes
2375 919 2436 975 in
2468 921 2673 978 eodem
2715 923 2932 991 ofﬁcio,
2985 925 3127 980 dum
3179 925 3322 980 forte
3371 926 3800 1000 delinquerent,

2143 1007 2298 1064 dicto
2326 1012 2383 1064 et
2413 1008 2563 1065 facto
2609 1012 2976 1082 provocabat.
3023 1013 3202 1069 Porro
3249 1014 3403 1070 sicut
3433 1015 3496 1069 B.
3527 1016 3802 1075 Arialdus

2141 1096 2310 1152 laatus
2345 1098 2521 1154 nimis
2555 1103 2644 1156 est
2675 1101 2935 1169 effectus,
2968 1118 3034 1157 eo
3068 1103 3223 1174 quod
3257 1103 3331 1159 ad
3360 1107 3562 1159 votum
3584 1105 3686 1161 diu
3717 1107 3802 1162 ni-

2146 1186 2378 1258 misque
2407 1191 2670 1260 optatum
2697 1190 3008 1261 (videlicet,
3038 1195 3104 1247 ut
3133 1204 3268 1248 cum
3296 1193 3576 1250 fratribus
3608 1196 3680 1250 ad
3711 1212 3801 1252 ec-

2145 1275 2384 1331 clesiam
2416 1277 2804 1333 communiter
2831 1279 3020 1336 vivere
3051 1282 3269 1352 posset)
3305 1287 3682 1353 pervenerat;
3716 1285 3800 1341 sic

2145 1363 2346 1420 fideles
2375 1365 2546 1420 multi
2577 1365 2689 1420 laati
2722 1371 2862 1422 sunt
2891 1368 3099 1435 effecti,
3134 1385 3237 1440 pro
3291 1385 3358 1425 eo
3403 1372 3557 1442 quod
3591 1377 3796 1444 aptum
3905 1411 3908 1414 ~

2144 1451 2336 1508 locum
2369 1454 2673 1522 baberent,
2699 1455 2801 1510 ubi
2829 1456 3058 1511 Domini
3079 1459 3255 1514 verba
3279 1464 3474 1514 mente
3495 1459 3680 1516 libera
3699 1479 3800 1518 au-

2145 1541 2267 1597 dire
2298 1547 2558 1614 possent,
2590 1547 2649 1598 et
2669 1543 2868 1600 divina
2887 1545 3166 1616 mysteria
3185 1561 3251 1602 ac
3277 1551 3645 1604 sacramenta
3669 1566 3798 1621 per-

2145 1630 2355 1701 cipere.
2404 1631 2586 1703 Cmpit
2615 1635 2814 1688 autem
2863 1637 3028 1689 tanta
3056 1633 3197 1689 illuc
3226 1634 3448 1691 ibidem
3479 1636 3798 1694 multitudo

2145 1719 2457 1786 conﬂuere,
2493 1736 2608 1774 non
2639 1720 2831 1776 solum
2863 1722 2934 1777 de
2955 1722 3119 1787 urbe,
3152 1723 3254 1778 sed
3275 1723 3452 1779 etiam
3475 1725 3547 1780 de
3565 1725 3721 1782 villis
3741 1730 3800 1782 et

2145 1807 2422 1875 castellis,
2455 1813 2746 1879 quatenus
2790 1827 2890 1866 eos
2932 1810 3094 1866 nullo
3134 1812 3308 1867 modo
3351 1812 3567 1868 valeret
3592 1830 3796 1887 capere

2141 1896 2272 1968 ipsa
2301 1896 2565 1963 ecclesia,
2599 1897 2734 1953 licet
2753 1898 2897 1953 satis
2917 1903 3073 1955 esset
3094 1899 3309 1971 ampla.
3333 1900 3487 1963 Quos
3507 1905 3630 1957 tam
3659 1920 3796 1959 con-

2140 1985 2318 2040 stanti
2351 1985 2708 2058 assiduaque
2757 1987 3023 2042 doctrina
3050 1987 3140 2042 vir
3169 1988 3270 2043 Dei
3306 1989 3550 2044 docebat
3578 1995 3645 2046 ut
3674 1989 3797 2062 ple-

2139 2089 2393 2145 rumque
2423 2091 2624 2129 vocem
2651 2074 2736 2130 sic
2757 2075 3071 2144 amitteret,
3098 2080 3391 2148 quatenus
3412 2078 3484 2133 ab
3501 2078 3797 2150 aliquibus

374 2164 570 2236 quiter
590 2168 903 2236 usurparat
924 2168 988 2218 ut
1007 2163 1309 2219 famulam.
1334 2165 1828 2222 Convenientibus
1848 2166 2032 2239 igitur
2130 2162 2302 2232 juxta
2327 2178 2389 2218 se
2418 2163 2626 2234 positis
2654 2164 2748 2218 vix
2777 2164 2968 2219 audiri
3006 2170 3224 2237 posset.

377 2270 512 2309 cum
545 2253 607 2311 Β.
639 2252 876 2309 Arialdo
899 2253 958 2307 in
981 2269 1166 2308 unum
1191 2252 1397 2308 multis
1429 2254 1722 2323 fidelibus,
1747 2254 1912 2311 Miles
1941 2273 2029 2312 re-

375 2343 720 2399 futationem
739 2343 810 2398 ab
834 2347 1094 2413 emptore
1117 2342 1358 2414 accepit,
1384 2359 1630 2415 eamque
1651 2362 1830 2416 super
1850 2344 2031 2402 altare

373 2432 477 2487 viri
510 2431 612 2487 Dei
647 2430 1046 2486 admonitione
1095 2430 1313 2503 posuit,
1365 2435 1423 2486 et
1469 2431 1659 2487 eidem
1700 2433 1762 2487 B.
1795 2433 2030 2488 Arialdo

369 2522 547 2593 jussit
577 2523 643 2576 ut
671 2520 950 2593 deinceps
978 2536 1107 2576 eam
1137 2520 1495 2591 disponeret,
1523 2521 1850 2578 secundum
1873 2522 2028 2594 quod

374 2611 560 2667 Deum
592 2609 737 2666 velle
767 2609 963 2664 sciret.
989 2609 1098 2676 Qui
1119 2609 1390 2680 protinus
1412 2613 1530 2665 tres
1555 2610 1796 2666 clericos
1826 2610 2029 2666 ﬁdeles

374 2705 433 2757 et
461 2703 652 2756 castos
680 2698 927 2765 vocavit,
978 2702 1035 2753 et
1082 2697 1495 2754 refutationem
1549 2715 1728 2770 quam
1773 2699 1939 2756 Miles
1968 2699 2029 2755 in

375 2790 553 2847 altare
583 2793 860 2862 posuerat
883 2804 982 2844 eos
1012 2787 1232 2860 pariter
1252 2787 1436 2858 jussit
1466 2787 1688 2844 tollere.

445 2881 536 2934 27.
569 2881 830 2950 Cumque
885 2876 1042 2932 idem
1101 2893 1135 2930 a
1192 2874 1463 2947 pluribus
1510 2876 1934 2944 exhortaretur,
1967 2883 2031 2934 ut

376 2968 642 3025 eamdem
663 2983 799 3022 eum
823 2965 966 3037 ipsis
989 2981 1108 3020 una
1127 2968 1704 3036 sumeret,quatenus
1727 2966 1798 3020 ab
1821 2965 2030 3020 multo-

377 3073 511 3111 rum
544 3055 868 3126 profectum
895 3052 1112 3108 ibidem
1163 3067 1398 3107 manere
1445 3053 1698 3122 deberet,
1733 3053 1848 3108 ait:
1883 3055 2027 3110 Cum

379 3144 528 3215 ipsis
550 3142 788 3213 quidem
812 3142 884 3196 ad
907 3157 1110 3196 eorum
1133 3140 1668 3210 instructionem,et
1687 3147 2027 3198 caeterorum

2208 2250 2406 2306 29-30.
2441 2251 2748 2322 Praeterea,
2781 2253 2920 2323 quia
2950 2267 3124 2308 canes
3155 2255 3306 2309 muti
3337 2257 3524 2312 effecti
3552 2261 3721 2312 erant
3741 2261 3798 2312 et

2137 2338 2352 2394 latrare
2376 2340 2913 2410 nequibant,multa
2935 2341 3089 2397 mala
3109 2347 3166 2396 et
3183 2343 3526 2399 detestanda
3543 2345 3797 2416 populus

2137 2431 2278 2482 tunc
2302 2428 2858 2500 committebat,quzn
2880 2428 2961 2484 ita
2983 2429 3139 2485 idem
3163 2431 3234 2485 ab
3257 2431 3491 2487 exordio
3513 2449 3632 2487 suae
3657 2451 3798 2505 prae-

2138 2515 2446 2572 dicationis
2479 2517 2752 2572 universa
2775 2519 3073 2574 damnavit
3102 2522 3168 2574 ut
3189 2537 3365 2575 suum
3392 2521 3592 2592 procul
3615 2521 3793 2578 dubio

2139 2603 2282 2659 illud
2317 2603 2538 2660 dictum
2573 2606 2810 2674 faceret,
2833 2608 2988 2678 quod
3011 2623 3114 2678 per
3134 2607 3196 2662 B.
3220 2608 3466 2663 Paulum
3497 2609 3791 2680 prolatum

2139 2699 2255 2749 est:
2289 2715 2316 2741 «
2350 2694 2626 2755 Mundus.
2678 2695 2889 2766 inquit,
2942 2713 2975 2750 a
3024 2696 3311 2768 sanguine
3361 2714 3494 2752 sum
3527 2699 3792 2754 omnium

2137 2787 2424 2838 vestrum:
2446 2800 2559 2838 non
2583 2783 2739 2837 enim
2761 2784 3434 2857 subterfugi,quominus
3458 2787 3791 2843 nuntiarem

2138 2888 2311 2927 omne
2340 2870 2783 2950 consiliumpDei
2839 2873 3002 2928 vobis
3050 2873 3186 2944 (Act.
3234 2891 3328 2942 xx,
3360 2875 3448 2945 26,
3481 2873 3594 2946 27).
3627 2898 3656 2926 ››
3685 2880 3792 2932 Per

2137 2965 2325 3016 totum
2345 2977 2598 3032 namque
2614 2962 2944 3017 Adventum
2959 2963 3184 3034 absque
3195 2964 3654 3020 contradictione
3671 2964 3792 3022 ulla

2137 3065 2236 3106 eos
2259 3049 2473 3122 reperit
2493 3049 2731 3120 nuptias
2752 3049 3091 3106 solemniter
3111 3050 3434 3121 celebrare;
3462 3070 3668 3108 uxores
3689 3053 3793 3108 du-

2138 3137 2470 3204 cere,etiam
2493 3138 2550 3191 in
2576 3137 2705 3209 ipsa
2722 3138 2953 3193 Domini
2975 3138 3198 3194 Natalis
3225 3140 3499 3211 vigilia,si
3523 3140 3790 3196 fortassis

380 3231 631 3287 salutem
669 3230 953 3297 manebo;
985 3235 1411 3296 verumtamen,
1446 3247 1517 3285 ne
1548 3231 1720 3287 verbo
1754 3231 1852 3286 Dei
1884 3231 2030 3286 mihi
2061 3219 2103 3286 C
2141 3226 2395 3283 eveniret
2424 3227 2482 3280 in
2515 3226 2834 3281 Dominica.
2865 3226 2967 3281 Cui
2990 3227 3070 3282 rei
3093 3229 3354 3284 nefanda:
3376 3232 3496 3284 tam
3520 3231 3793 3285 ardenter

379 3320 598 3376 credito
619 3319 1107 3390 impedimentum
1126 3319 1335 3384 sit,sub
1351 3319 1496 3391 jugo
1519 3319 1767 3390 alicujus
1785 3324 2025 3375 terrenae

376 3410 545 3476 rei,et
565 3425 638 3464 ne
658 3408 794 3463 huic
813 3407 1079 3476 Azoni,in
1101 3408 1272 3478 cujus
1293 3408 1514 3463 ditione
1537 3408 1658 3464 haec
1680 3409 1924 3465 ecclesia
1939 3413 2029 3464 est

373 3502 731 3565 constructa,
765 3497 878 3554 sub
908 3497 1016 3552 hac
1047 3497 1350 3552 occasione
1379 3496 1616 3568 aliquod
1651 3498 1840 3570 possit
1869 3498 2028 3554 dam~

373 3604 518 3642 num
550 3586 773 3653 inferri,
805 3585 986 3657 hujus
1038 3584 1118 3639 rei
1167 3589 1386 3640 sortem
1429 3602 1798 3657 nequaquam
1833 3603 2024 3657 sumo,

374 3675 652 3748 quoniam
665 3676 779 3730 tale
798 3679 1030 3746 tempus
1048 3673 1252 3730 scitote
1268 3674 1474 3747 procul
1493 3674 1672 3729 dubio
1690 3679 2024 3745 venturum,

372 3764 431 3819 in
465 3781 580 3836 quo
612 3764 758 3818 nulli
789 3764 977 3819 vivere
1007 3762 1198 3832 liceat,
1229 3763 1344 3818 nisi
1369 3781 1460 3818 me
1482 3781 1515 3817 a
1537 3763 1662 3818 suis
1691 3763 1909 3820 finibus
1931 3782 2025 3820 ex-

374 3852 570 3926 pellat.
605 3853 710 3907 IIic
741 3853 957 3924 quippe
979 3867 1173 3907 sermo
1196 3853 1492 3923 quomodo
1514 3853 1888 3925 propheticus
1910 3855 2028 3909 fue-

375 3942 474 4012 rit,
507 3941 566 3995 in
600 3942 868 4012 sequenti
899 3940 1130 3995 lectoris
1163 3940 1344 3995 menti
1382 3940 1510 3995 luce
1541 3940 1754 3996 clarius
1785 3941 2024 4012 patebit.

377 4031 456 4086 Eo
486 4045 743 4100 namque
774 4028 832 4081 in
865 4027 1066 4082 eadem
1099 4027 1344 4083 ecclesia
1370 4032 1662 4094 manente,
1687 4033 1907 4100 quanta
1936 4031 2029 4084 be-

378 4118 609 4184 neficia,
637 4122 760 4173 tam
789 4115 982 4172 verbis
1001 4131 1179 4188 quam
1203 4115 1393 4184 factis,
1414 4115 1532 4170 sive
1554 4115 1700 4187 ipsis
1726 4115 2026 4184 fratribus,

380 4209 500 4263 sive
530 4206 752 4262 caeteris
782 4209 902 4260 tam
937 4204 1207 4260 fidelibus
1239 4221 1414 4276 quam
1449 4203 1784 4260 infidelibus
1804 4204 2030 4276 impen-

379 4297 550 4363 derit,
582 4300 638 4351 et
669 4298 892 4367 quanta
921 4293 992 4350 ab
1026 4294 1109 4350 eis
1162 4309 1266 4366 pro
1315 4293 1486 4348 bonis
1517 4293 1673 4349 mala
1698 4309 1800 4367 per
1831 4294 2031 4350 decem

377 4385 496 4441 fere
528 4400 714 4440 annos
745 4382 1072 4455 pertulerit,
1096 4400 1267 4439 nemo
1290 4399 1395 4438 nec
1418 4383 1615 4438 omnia
1635 4383 2031 4452 scribere,imo

376 4489 484 4530 nec
514 4471 666 4529 valet
694 4473 952 4544 profecto
974 4472 1187 4528 dicere.
1212 4471 1358 4528 Nam
1382 4470 1649 4544 protinus
1681 4472 2030 4544 legationem

377 4561 439 4616 in
471 4561 713 4617 domum
747 4565 1052 4633 paternam
1086 4560 1266 4629 misit,
1301 4564 1357 4615 et
1406 4577 1475 4615 ex
1523 4575 1590 4616 ea
1616 4560 1823 4633 viginti
1853 4559 2032 4616 libras
2061 4582 2109 4648 D

380 4649 606 4723 argenti
637 4649 1098 4720 sumpsit,atque
1123 4650 1292 4721 juxta
1315 4650 1582 4705 eamdem
1606 4648 1910 4704 ecclesiam
1934 4649 2030 4704 ha-

377 4737 707 4794 bitaculum
740 4737 1092 4794 mirabiliter
1117 4742 1318 4811 aptum
1350 4737 1656 4793 aedificavit
1685 4737 1819 4810 (15).

449 4828 540 4882 28.
572 4828 784 4900 Agitur
814 4829 1065 4899 denique
1109 4843 1203 4883 res
1246 4843 1396 4882 nova
1443 4829 1502 4881 et
1553 4843 1698 4897 pene
1731 4827 1802 4882 ab
1832 4827 2035 4882 eodem

379 4915 506 4972 loco
537 4915 821 4973 hactenus
857 4918 1068 4973 inscia.
1100 4916 1326 4972 Chorus
1357 4931 1611 4986 namque
1642 4914 1744 4970 alti
1788 4915 2034 4971 circum—

381 5005 618 5061 datione
650 5007 804 5061 muri
837 5005 1226 5074 concluditur,
1263 5005 1320 5060 in
1353 5022 1468 5076 quo
1508 5004 1725 5059 ostium
1757 5005 2035 5077 ponitur;

382 5093 531 5150 visio
563 5093 930 5163 clericorum,
963 5095 1246 5150 laicorum
1279 5111 1346 5150 ac
1392 5093 1730 5165 mulierum,
1762 5111 1889 5165 qua:
1921 5113 2040 5151 una

383 5187 509 5238 erat
539 5188 596 5238 et
625 5184 978 5251 communis,
1004 5183 1286 5239 dividitur
1311 5202 1324 5251 ;
1349 5200 1554 5238 omnes
1575 5183 1647 5238 de
1671 5199 1787 5238 una
1808 5200 1943 5239 arca
1963 5184 2040 5239 vi-

381 5288 515 5327 vere
564 5277 874 5344 coguntur,
909 5272 1116 5328 fabulae
1149 5274 1221 5328 ab
1254 5289 1520 5328 mensam
1564 5278 2038 5344 compescuntur,

383 5376 489 5434 pro
522 5361 741 5433 quibus
771 5366 978 5418 sancta
1023 5361 1194 5419 lectio
1245 5379 1422 5434 super
1470 5377 1599 5417 eam
1642 5361 1878 5417 assidue
1908 5379 2040 5434 pro-

458 5556 570 5633 (15)
604 5557 931 5633 Landulfus
971 5557 1183 5633 Junior
1204 5574 1217 5613 :
1237 5628 1247 5633 Α
1271 5578 1299 5608 ‹‹
1328 5555 1432 5613 Hic
1462 5557 1527 5614 B.
1556 5556 1830 5633 Arialdus
1860 5557 2041 5616 eccle~

387 5628 560 5693 sia'm'
586 5645 719 5714 quae
769 5629 986 5694 dicitur
1032 5628 1324 5694 Canonica
1361 5629 1673 5708 reparavit,
1704 5633 1866 5694 extra
1911 5646 2042 5693 mu-

2135 3320 2588 3386 constanterque
2617 3316 2790 3371 verbo
2822 3316 2993 3388 coepit
3024 3317 3241 3388 pariter
3272 3321 3331 3373 et
3369 3317 3596 3379 actibus
3627 3318 3790 3374 obsi-

2136 3411 2308 3474 stere,
2337 3409 2630 3476 quatenus
2681 3405 2738 3459 in
2788 3407 2916 3477 ejus
2961 3407 3275 3462 venerabili
3314 3408 3570 3463 transitu
3619 3423 3791 3464 nemo

2137 3512 2283 3568 pene
2314 3494 2553 3566 reperiri
2587 3499 2785 3566 posset
2813 3495 2913 3566 qui
2947 3499 3068 3551 tam
3101 3497 3420 3552 nefandum
3451 3515 3599 3569 opus
3621 3513 3792 3570 agere

2136 3586 2532 3656 przrsumeret.
2567 3583 2714 3638 Nam
2746 3583 2804 3638 in
2838 3584 2965 3655 ipso
3000 3585 3250 3657 nuptiali
3281 3587 3539 3656 die,jam
3571 3587 3791 3657 paratis

2135 3673 2411 3728 omnibus
2445 3689 2570 3743 qua:
2625 3673 2685 3728 in
2735 3673 2958 3744 nuptiis
3008 3673 3197 3728 solent
3250 3674 3464 3745 parari,
3496 3674 3656 3740 illuc,
3688 3674 3791 3729 ubi

2136 3762 2352 3819 easdem
2386 3761 2604 3832 nuptiae
2636 3761 2980 3832 agebantur,
3015 3777 3150 3816 cum
3183 3761 3460 3817 fratribus
3491 3762 3659 3816 anxie
3689 3777 3792 3816 oc-

2136 3849 2443 3914 currebat;
2476 3852 2532 3904 et
2561 3847 2955 3903 celebraturos
3003 3848 3270 3903 omnium
3320 3865 3517 3903 rerum
3555 3849 3791 3904 Domini

2137 3938 2373 4008 nuptias
2398 3935 2634 4002 nitidos,
2668 3935 2792 3990 suis
2827 3935 3069 3992 minime
3108 3937 3366 3993 reatibus
3406 3954 3533 3994 esse
3581 3939 3795 3994 debere

2136 4024 2405 4082 sordidos
2422 4027 2849 4096 occupatosque
2865 4025 3334 4093 denuntiabat,et
3346 4026 3451 4083 tali
3468 4028 3641 4084 modo
3660 4026 3794 4084 illos

2139 4113 2381 4186 cogebat
2421 4113 2622 4169 omnia
2655 4114 2782 4184 jam
2830 4119 3082 4171 tractata
3125 4116 3415 4184 omittere,
3463 4122 3520 4173 et
3561 4119 3621 4173 in
3655 4122 3790 4191 apto

2138 4208 2398 4274 tempore
2429 4219 2680 4258 servare.

2211 4293 2301 4346 31.
2336 4291 2460 4346 Duo
2494 4291 2748 4364 denique
2779 4291 2994 4362 clerici,
3029 4293 3170 4350 olim
3216 4295 3453 4367 signum
3485 4295 3794 4351 clericatus

2141 4381 2200 4436 in
2233 4379 2480 4436 ecclesia
2512 4382 2926 4454 quadam,quze
2954 4383 3011 4438 S.
3038 4383 3220 4439 Maria
3238 4387 3468 4440 Secreta
3498 4401 3798 4456 nuncupa-

2140 4474 2258 4539 tur,
2287 4475 2697 4542 sumpserant;
2723 4488 2974 4543 quorum
2996 4475 3192 4527 tamen
3215 4488 3388 4528 nemo
3411 4473 3598 4546 ipsius
3619 4473 3796 4528 bene-

2140 4559 2270 4615 ficio
2301 4559 2521 4632 perfrui
2553 4564 2770 4631 posset,
2823 4561 3026 4627 donec,
3075 4560 3229 4616 sicut
3274 4560 3399 4618 loco
3430 4563 3634 4618 eodem
3666 4578 3795 4618 mos

2141 4653 2283 4717 erat,
2325 4648 2592 4719 ejusdem
2644 4647 2895 4704 ecclesia:
2947 4649 3220 4704 sacerdos
3269 4649 3511 4707 minime
3555 4649 3796 4716 obisset,

2144 4755 2319 4812 quem
2341 4755 2444 4810 per
2465 4738 2616 4792 idem
2641 4743 2872 4810 tempus
2890 4738 3084 4794 obisse
3100 4739 3365 4812 contigit.
3387 4740 3498 4796 Sed
3519 4757 3652 4795 cum
3668 4740 3796 4811 jam

2145 4828 2362 4883 dictam
2393 4825 2720 4890 ecclesiam,
2761 4827 2986 4897 pridem
3037 4827 3138 4898 qui
3197 4829 3423 4900 primus
3454 4829 3797 4902 designatus

2146 4917 2352 4983 fuerat,
2380 4915 2621 4986 adipisci
2645 4915 2902 4984 deberet,
2927 4919 3336 4974 tantummodo
3360 4919 3406 4975 si
3433 4936 3536 4991 pro
3557 4936 3624 4974 ea
3644 4917 3800 4974 male

2148 5006 2430 5060 usitatum
2453 5003 2759 5074 przemium
2780 5005 2965 5072 daret,
2987 5005 3096 5061 viri
3119 5007 3360 5079 Deijam
3380 5007 3654 5070 credulus
3675 5023 3800 5062 vcr-

2146 5095 2262 5161 bis,
2294 5092 2540 5148 distulit.
2571 5094 2754 5156 Quem
2787 5093 3092 5166 improbus
3123 5114 3268 5152 suus
3301 5097 3494 5152 minor
3520 5095 3802 5165 anticipa~

2145 5184 2250 5252 vit,
2281 5188 2337 5239 et
2367 5197 2555 5253 neque
2609 5182 2916 5237 Dominum
2971 5200 3161 5257 neque
3209 5185 3510 5239 hominem
3541 5182 3797 5251 erubuit,

2149 5289 2255 5328 nec
2283 5271 2506 5328 veritus
2537 5273 2625 5326 est
2653 5274 2719 5325 ut
2760 5273 3023 5328 eamdem
3072 5273 3183 5328 sibi
3235 5289 3370 5328 cum
3403 5271 3654 5344 pecunia
3681 5288 3800 5327 non

2149 5361 2493 5433 acquireret.
2552 5359 2714 5424 Quod
2775 5363 2840 5415 ut
2877 5362 2947 5416 ad
3008 5361 3307 5418 hominem
3356 5361 3458 5418 Dei
3496 5360 3802 5419 Arialdum

2150 5575 2250 5696 ﬁt);
2271 5560 2452 5632 porta:
2483 5571 2643 5615 novas
2686 5554 3025 5628 Mediolani,
3055 5579 3084 5611 »
3136 5562 3192 5618 et
3239 5563 3446 5620 caetera
3471 5559 3608 5619 hinc
3639 5574 3804 5644 sum:

2150 5647 2186 5696 Ὠ
2255 5669 2269 5693 ι
3777 5649 3785 5657 .

2150 5647 2269 5718 rw
3777 5649 3785 5657 '
