4152 6194
407 313 566 386 um

2000 323 2227 395 ACTA.

3663 332 3820 406 M58

405 453 529 515 erat
574 446 784 513 laneis.
835 445 1004 510 Hunc
1053 451 1115 510 in
1164 451 1380 528 pedum
1412 453 1706 521 ablatione
1737 471 2063 530 pauperum
2092 463 2146 533 Α
2177 457 2471 518 reﬁciebat
2499 475 2719 527 secum.
2750 461 2896 526 Nam
2927 461 3036 527 hoc
3058 479 3206 538 opus
3227 468 3496 533 sanctum
3519 466 3817 536 interdum

403 554 576 612 agere
604 539 746 610 vidi,
776 542 931 613 quod
963 542 1020 598 in
1054 542 1167 600 alio
1198 544 1432 601 nemine
1473 562 1565 602 me
1595 546 1940 605 reminiscor
1970 548 2050 604 vi-

401 628 580 692 disse.
611 629 760 690 Nam
791 647 924 688 cum
957 632 1172 688 alicubi
1203 651 1305 705 per
1335 635 1538 691 urbem
1567 634 1819 693 vallatus
1840 654 2054 710 magna

401 716 782 775 multitudine
803 719 1064 777 fidelium
1093 722 1204 778 sibi
1227 723 1410 795 gratis
1431 725 1881 796 obsequentium
1905 727 2054 784 ince-

400 808 565 866 deret
595 811 652 863 et
680 807 1005 867 horrendos
1033 826 1319 883 pauperes
1351 815 1408 867 et
1449 811 1668 867 debiles
1714 813 2048 885 inspiceret,

400 894 552 952 clam
575 895 751 952 alicui
773 896 976 953 exsuis
995 898 1529 955 famulisinnuebat
1552 900 1864 972 persistere
1876 908 2052 974 atque

398 1002 715 1058 pauperem
747 989 879 1058 post
912 986 1109 1060 ipsum
1161 990 1232 1044 ad
1282 991 1522 1045 domum
1572 1007 1772 1046 secum
1817 992 2047 1047 ducere.

397 1074 671 1134 Dimissis
703 1075 883 1146 igitur
913 1078 1224 1146 extraneis,
1257 1077 1434 1133 allata
1477 1096 1650 1150 aqua,
1701 1081 2049 1152 cinctusque

395 1163 770 1238 linteo,egeni
789 1166 965 1238 pedes
982 1167 1166 1222 nimia
1179 1184 1310 1223 cum
1330 1170 1696 1224 veneratione
1715 1169 2053 1227 abluebatet

396 1255 896 1326 extergebat.Post
909 1256 1030 1312 haec
1047 1261 1239 1312 autem
1252 1275 1512 1329 ,corpore
1527 1258 1584 1314 in
1599 1258 1721 1315 solo
1741 1265 2048 1331 prostrato,

397 1343 508 1402 sub
530 1342 719 1415 ipsius
735 1345 986 1417 pedibus
999 1349 1175 1417 caput
1197 1347 1468 1417 ponebat,
1493 1352 1549 1402 et
1571 1346 1684 1402 tale
1703 1349 1872 1404 modo
1898 1366 2051 1404 men-

396 1431 595 1490 dicum
617 1436 674 1489 et
695 1450 1012 1506 pauperem
1035 1435 1281 1491 faciebat
1302 1453 1364 1492 se
1386 1436 1679 1494 modicum
1706 1437 2049 1494 conculcare

397 1521 658 1592 divitem,
686 1523 937 1596 denique
967 1524 1286 1582 honoriﬁce
1329 1530 1386 1581 et
1435 1526 1806 1582 abundanter
1852 1526 2050 1598 ipsum

2161 549 2220 611 in
2243 566 2564 608 numerum
2583 543 2921 611 duodenum
2943 553 3171 627 explere
3193 555 3311 612 vidi
3334 574 3678 630 pauperum.
3703 559 3816 623 Ve.-

2161 642 2517 698 rumtamen.
2546 641 2646 699 Dei
2675 641 2799 703 zelo
2830 643 2914 700 sic
2961 648 3086 706 erat
3135 661 3418 708 accensus
3461 651 3524 711 ut
3558 650 3630 706 de
3657 652 3815 710 eoin

2161 729 2293 798 ejus
2315 729 2580 786 absentia
2604 730 2952 805 plerumque
2971 734 3060 788 vir
3082 734 3183 790 Dei
3213 735 3488 793 Arialdus
3510 739 3817 810 suspirans

2162 817 2377 874 diceret
2401 836 2413 872 :
2440 819 2586 875 Proh
2611 821 2804 877 dolor!
2841 826 3051 894 praeter
3074 823 3543 884 Herlembaldum
3565 832 3622 886 et
3640 829 3817 886 Naza-

2137 900 2336 974 ‘rium,
2361 907 2637 965 clericum
2658 911 2750 966 vix
2773 928 3137 983 quemquam
3165 913 3407 986 reperio,
3435 915 3536 988 qui
3557 933 3817 990 quoquo-

2162 997 2334 1071 modo
2355 997 2501 1054 mihi
2524 999 2635 1054 sub
2657 998 2805 1056 falsa
2827 1002 3188 1058 discretione
3211 1006 3398 1060 tacere
3420 1022 3534 1061 non
3569 1008 3816 1065 suadeat

2160 1086 2450 1154 quatenus
2481 1086 2795 1142 Simoniaci
2827 1092 2882 1143 et
2911 1088 3162 1146 adulteri
3195 1090 3376 1147 libere
3418 1094 3646 1165 possint
3675 1112 3802 1166 per-

2161 1188 2330 1244 agere
2350 1190 2526 1245 opera
2547 1174 2784 1232 diaboli.
2811 1177 2993 1234 Multa
3017 1196 3272 1250 namque
3294 1181 3448 1240 bona
3470 1182 3539 1237 de
3561 1182 3669 1239 hoc
3691 1185 3812 1242 viro

2164 1261 2532 1317 familiariter
2561 1265 2822 1336 cognovi,
2857 1268 2957 1322 sed
2990 1269 3128 1338 quia
3158 1287 3345 1341 nuper
3373 1270 3430 1324 in
3477 1271 3816 1335 defensione

2155 1350 2404 1422 justitiae
2437 1353 2714 1425 martyrio
2740 1358 2830 1410 est
2853 1360 3183 1425 coronatus,
3209 1376 3276 1418 ea
3301 1357 3464 1414 alteri
3496 1363 3617 1416 tam
3648 1361 3815 1420 volu-

2169 1439 2312 1494 mini
2343 1455 2521 1511 quam
2553 1442 2827 1514 scriptori
2859 1444 3148 1516 relinquo,
3183 1447 3322 1519 quia
3351 1453 3411 1503 B.
3461 1449 3683 1508 Arialdi
3714 1451 3813 1507 Vi-

2163 1531 2284 1584 tam
2318 1529 2594 1601 perﬁcere
2623 1529 2897 1591 velociter
2926 1533 3116 1606 cupio.

1679 1767 2541 1864 EMBOLISMUS

1217 1944 1308 2009 De
1335 1945 1598 2027 ejusdem
1629 1945 2046 2010 Herlembaldi
2060 1947 2380 2032 pn’nczpz'is
2409 1958 2468 2012 et
2493 1947 2778 2033 Landulﬁ
2807 1949 2994 2013 obitu.

462 2301 554 2366 35.
617 2304 761 2361 Cum
819 2301 1184 2374 propositum
1244 2302 1322 2358 sit
1377 2306 1432 2356 S.
1493 2300 1891 2358 Herlembaldi
1947 2301 2123 2369 Vi-B
2156 2301 3808 2384 Herlembaldusessetcapitaneus,contranobilesipsos

401 2395 524 2448 tam
557 2408 677 2448 una
711 2407 840 2447 cum
888 2391 1021 2448 Vita
1071 2392 1130 2448 S.
1181 2390 1404 2447 Arialdi
1460 2391 1755 2464 prosequi,
1816 2394 2051 2464 praeter-

403 2480 634 2552 mittere
655 2497 770 2538 non
789 2497 1035 2554 possum
1058 2481 1201 2554 quin
1216 2479 1317 2537 tali
1334 2481 1633 2554 proposito
1653 2481 2050 2553 importunam

399 2570 643 2639 Andreae
673 2569 1018 2628 brevitatem
1050 2569 1284 2626 aliunde
1316 2569 1644 2642 suppleam,
1679 2574 1916 2626 secutus
1948 2588 2050 2626 au-

401 2663 590 2718 ctores
623 2677 657 2716 a
689 2658 974 2716 Puricello
997 2659 1496 2717 subministratos.
1537 2659 1642 2715 Hic
1665 2676 1795 2732 pag.
1825 2659 1950 2726 221,
1985 2676 2053 2714 ex

399 2748 732 2818 Annalibus
763 2748 915 2805 Petri
944 2749 1161 2819 Aruzii,
1194 2749 1348 2804 circa
1395 2765 1616 2804 annum
1666 2749 1805 2805 1402
1848 2749 2050 2817 ﬁnitis,

401 2843 622 2908 narrat,
667 2839 959 2910 quomodo
1010 2838 1147 2894 sede
1195 2837 1612 2894 Mediolanensi
1659 2842 1901 2894 vacante
1951 2855 2054 2910 per

401 2931 655 2996 mortem
690 2926 945 2983 Ariberti
982 2927 1375 2984 laudatissimi
1398 2926 1667 2999 praesulis
1690 2927 1928 2997 (obiisse
1948 2944 2049 2983 au-

398 3019 519 3078 tem
552 3015 646 3072 hic
666 3016 724 3072 in
747 3032 854 3072 suo
876 3015 1171 3088 epitaphio
1212 3015 1428 3088 legitur
1459 3039 1485 3066 ‹‹
1511 3032 1664 3071 anno
1686 3015 1845 3084 1045,
1871 3017 1932 3070 17
1958 3015 2051 3072 dic

406 3104 629 3173 mensis
647 3105 935 3174 Januarii,
971 3105 1288 3162 indictione
1308 3105 1432 3177 xm)
1473 3109 1529 3161 et
1551 3105 1774 3160 Lazone
1796 3106 1867 3160 de
1889 3110 2051 3160 curte

400 3193 723 3262 exsulante,
757 3216 785 3244 »
819 3193 921 3265 qui
949 3193 1134 3250 scissa
1186 3192 1246 3248 in
1279 3192 1557 3249 factiones
1589 3192 1819 3250 civitate
1851 3199 2053 3250 contra

404 3281 772 3344 nobilitatem
795 3287 988 3356 partes
1003 3281 1188 3355 plebis
1211 3282 1541 3338 sustinebat
1555 3298 1687 3337 cum
1707 3281 1874 3338 titulo
1899 3305 1924 3331 ‹‹
1952 3282 2052 3337 Ca-

401 3370 641 3444 pitanei,
669 3388 805 3444 pars
827 3370 1029 3444 populi
1053 3371 1124 3427 ad
1147 3369 1398 3426 nihilum
1421 3371 1652 3426 redacta
1677 3374 1781 3426 est.
1808 3372 1992 3439 Tunc,
2021 3393 2049 3420 ››

398 3458 612 3536 inquit,
628 3482 656 3511 «
675 3459 963 3532 capitanei
985 3476 1085 3516 sex
1106 3464 1431 3532 portarum,
1457 3475 1590 3515 cum
1618 3459 1742 3516 suis
1755 3458 2048 3526 vassallis,

399 3548 729 3616 dominium
759 3547 1009 3606 civitatis
1037 3552 1489 3622 usurpaverunt,
1524 3551 1581 3602 et
1628 3553 2049 3621 congregantes

2165 2391 2418 2448 multum
2449 2393 2773 2466 praevaluit.
2810 2418 2839 2446 »

2235 2483 2323 2537 36.
2354 2483 2502 2556 Ergo
2527 2488 2768 2540 vacante
2806 2484 2893 2558 (ut
2918 2485 3059 2554 dixi)
3097 2487 3256 2556 sede,
3295 2485 3686 2552 Herebraldus
3710 2487 3819 2560 (sic

2165 2571 2322 2627 enim
2355 2573 2559 2628 scribit
2588 2574 2922 2647 praecitatus
2952 2574 3190 2644 Dacius,
3232 2577 3402 2648 cujus
3451 2577 3629 2636 verba
3659 2579 3815 2651 apud

2163 2658 2518 2718 Puricellum
2563 2680 2694 2735 pag.
2728 2665 2834 2720 215
2885 2665 3125 2720 recitata
3169 2666 3512 2742 prosequor)
3545 2687 3573 2722 ί(
3607 2682 3817 2738 procu-

2162 2749 2307 2803 ravit
2329 2767 2462 2806 cum
2487 2751 2658 2820 clero,
2683 2753 2837 2824 quod
2861 2751 3214 2825 eligerentur
3251 2756 3522 2825 quatuor,
3553 2753 3814 2827 etimpe-

2161 2842 2335 2906 rator,
2375 2862 2401 2889 ››
2436 2840 2721 2896 Henricus
2750 2841 2944 2913 Niger,
2995 2857 3097 2897 seu
3150 2842 3345 2916 potius
3393 2859 3492 2898 rex
3543 2833 3813 2914 (eamse-

2161 2929 2362 2998 quenti
2396 2945 2547 2984 anno
2575 2933 2820 2985 exeunte
2851 2930 3015 3001 regni
3061 2929 3153 2986 sui
3201 2931 3451 3004 septimo
3501 2934 3812 2992 coronatus

2161 3017 2420 3088 primum
2452 3018 2770 3090 imperator
2801 3018 2910 3074 fuit
2941 3042 2967 3070 ‹‹
3003 3019 3198 3098 (quem
3226 3018 3401 3082 vellet
3435 3020 3496 3076 in
3527 3019 3814 3094 archiepi-

2162 3123 2406 3179 scopum
2439 3108 2830 3166 conﬁrmaret.
2865 3109 2932 3164 Et
2964 3108 3202 3168 fuerunt
3227 3109 3392 3168 electi
3426 3109 3812 3182 Landulphus

2161 3194 2346 3262 Cotta,
2379 3196 2528 3252 sacri
2561 3195 2762 3268 palatii
2793 3197 3080 3264 notarius,
3111 3198 3292 3260 frater
3340 3197 3592 3261 carnalis
3622 3189 3812 3271 ipsius
3882 3190 3885 3192 ’

2161 3283 2538 3342 Hernebraldi
2567 3301 2580 3339 :
2612 3285 2756 3341 alter
2786 3285 2979 3344 dictus
3003 3291 3091 3344 est
3112 3285 3428 3346 Anselmus
3445 3287 3514 3342 de
3531 3284 3809 3358 Badagio,

2161 3373 2418 3430 ecclesiae
2441 3373 2893 3432 Mediolanensis
2917 3375 3252 3446 cardinalis,
3269 3375 3370 3434 »id
3391 3375 3809 3446 estcanonicus

2162 3462 2494 3519 ordinarius
2520 3481 2534 3531 ;
2559 3461 2813 3519 «tertius
2837 3463 3027 3522 dictus
3049 3467 3137 3520 est
3163 3463 3459 3531 Arialdus,
3494 3480 3562 3520 ex
3591 3463 3811 3537 capita-

2162 3552 2287 3608 neis
2319 3552 2389 3606 de
2420 3551 2731 3616 Carimate,
2757 3573 2785 3601 ››
2810 3552 2981 3623 plane
3013 3553 3279 3611 diversus
3300 3569 3334 3614 a
3355 3557 3556 3612 nostro
3575 3555 3775 3617 suucto
3797 3568 3819 3631 ;’

397 3637 704 3718 universos
727 3637 947 3693 amicos
969 3638 1028 3693 in
1050 3637 1267 3710 palatio
1308 3637 1768 3705 communitatis,
1792 3637 1907 3693 duo
1931 3641 2048 3693 sta-
2081 3667 2124 3734 Ο
2169 3662 2195 3690 ‹‹
2228 3644 2472 3712 quartus
2503 3640 2694 3696 dictus
2724 3645 2813 3696 est
2854 3641 3027 3711 Atho,
3061 3642 3328 3700 Ecclesiae
3361 3640 3816 3700 Mediolanensis

400 3729 530 3784 tuta
543 3725 802 3782 fecerunt
819 3725 878 3782 in
901 3727 1101 3782 odium
1125 3726 1346 3800 populi.
1364 3726 1622 3782 Primum
1640 3730 1928 3782 statutum
1942 3726 2054 3783 fuit
2088 3725 2124 3734 “”
2164 3727 2500 3785 cardinalis.
2535 3729 2613 3784 Ex
2641 3727 2756 3786 alia
2776 3733 2959 3796 parte,
2983 3745 3119 3800 pars
3144 3729 3433 3792 nobilium
3459 3729 3636 3801 elegit
3674 3728 3815 3788 Gui-

398 3814 581 3885 istud,
605 3815 762 3888 quod
795 3815 989 3872 Ranzo
1013 3816 1083 3872 de
1105 3819 1298 3885 Curte,
1320 3814 1490 3873 miles
1508 3815 1890 3889 proscriptus,
1915 3833 2050 3872 cum

397 3907 524 3966 tota
542 3902 842 3980 parentela
863 3903 1099 3962 illorum
1120 3905 1190 3961 de
1217 3905 1406 3971 Curte,
1439 3922 1767 3978 numquam
1789 3905 2052 3962 habitare

398 3997 601 4065 posset
629 3993 689 4050 in
719 3992 950 4050 civitate
981 3992 1315 4063 Mediolani,
1351 4009 1455 4048 nec
1500 3992 1562 4048 in
1611 3994 1914 4060 comitatu,
1947 4009 2052 4049 nec

399 4081 803 4156 possessiones
837 4081 1052 4138 habere
1084 4082 1140 4137 in
1175 4085 1476 4137 aeternum.
1513 4082 1848 4137 Secundum
1871 4086 2053 4138 statu-

400 4174 534 4226 tum
567 4170 676 4227 fuit
703 4171 885 4237 istud,
918 4171 1074 4242 quod
1102 4170 1151 4226 si
1195 4169 1409 4242 aliquis
1459 4169 1672 4226 nobilis
1703 4170 2055 4227 interficeret

401 4257 663 4332 aliquem
686 4259 1050 4332 popularem,
1075 4257 1322 4316 solveret
1343 4263 1565 4330 septem
1588 4258 1772 4315 libras
1795 4259 2051 4316 tertiolo-

400 4365 536 4404 rum
557 4352 614 4404 et
639 4348 950 4404 duodecim
975 4347 1266 4416 denarios,
1295 4363 1442 4418 quos
1482 4364 1616 4403 cum
1659 4347 1948 4415 solvisset,
1980 4349 2052 4405 ab

400 4436 562 4498 omni
603 4437 777 4509 culpa
825 4440 883 4493 et
931 4437 1156 4494 offensa
1201 4436 1346 4492 liber
1390 4441 1584 4506 esset;
1635 4441 1870 4509 propter
1899 4439 2052 4509 quod

399 4524 865 4582 innumerabiles
891 4525 961 4580 de
983 4524 1200 4598 populo
1221 4525 1374 4580 infra
1395 4542 1611 4597 paucos
1635 4526 1758 4582 dies
1781 4527 2052 4581 trucidati

399 4603 563 4672 sunt.
587 4615 705 4672 Hac
726 4615 798 4670 de
818 4631 996 4670 causa
1039 4613 1348 4687 populares
1388 4613 1597 4670 iterum
1635 4613 1815 4670 alium
1838 4615 2052 4687 capita-

399 4720 578 4762 neum
609 4703 914 4776 elegerunt
937 4705 1255 4776 quemdam
1284 4704 1475 4758 virum
1505 4721 1573 4759 ex
1595 4720 1839 4760 numero
1884 4705 2055 4760 nobi-

396 4792 568 4862 lium,
594 4792 692 4864 qui
718 4792 910 4848 dictus
929 4796 1016 4850 est
1039 4791 1484 4848 Herlembaldus
1517 4794 1698 4848 Cotta.
1715 4792 1820 4847 Hic
1846 4793 1954 4848 fuit
1973 4794 2058 4849 vir

399 4897 611 4954 genere
655 4881 850 4937 clarus
901 4881 1100 4947 nimis,
1135 4882 1191 4936 in
1238 4881 1419 4937 armis
1472 4885 1769 4949 strenuus,
1821 4882 2057 4954 gracilis

399 4987 662 5043 corpore,
688 4969 918 5028 leonino
948 4974 1177 5044 pectore
1219 4971 1465 5026 fervens.
1494 4970 1632 5041 Ejus
1654 4971 1864 5026 domus
1887 4972 2055 5043 quasi

2160 3817 2371 3873 donem
2403 3817 2471 3871 de
2514 3815 2732 3883 Velate,
2785 3815 3157 3888 imperatoris
3206 3817 3609 3884 secretarium.
3642 3817 3815 3878 Facta

2160 3905 2440 3962 relatione
2471 3904 2542 3960 ad
2573 3904 3010 3976 imperatorem,
3063 3904 3208 3976 ipse,
3260 3903 3485 3966 caeteris
3535 3904 3808 3975 exclusis,

2161 3993 2487 4050 Guidonem
2518 3992 2590 4048 de
2618 3990 2819 4048 Velate
2855 3991 3149 4050 investivit
3177 4009 3282 4066 per
3314 3992 3683 4052 baculumet
3707 4011 3814 4056 .an-

2161 4080 2368 4136 nulum
2385 4081 2457 4136 de
2477 4080 2981 4155 archiepiscopatu
2999 4079 3443 4154 Mediolanensi,
3468 4100 3643 4156 quem
3662 4100 3816 4158 papa.

2161 4186 2292 4225 cum
2318 4168 2713 4226 cardinalibus
2736 4169 2913 4244 pallio
2940 4170 3420 4245 archiepiscopali
3443 4165 3758 4242 investivit,
3784 4195 3813 4222 »

2160 4263 2406 4316 Romam
2429 4259 2696 4316 fortassis
2732 4260 3037 4318 advectum
3064 4277 3216 4318 anno
3250 4262 3408 4331 1046,
3441 4261 3500 4318 in
3533 4261 3815 4329 comitatu

2162 4347 2394 4404 Henrici
2440 4348 2616 4420 regis,
2671 4348 3034 4422 imperialem
3086 4365 3360 4407 coronam
3392 4350 3721 4422 suscepturi
3754 4351 3814 4409 in

2162 4436 2351 4493 Natali
2383 4437 2634 4492 Domini.
2669 4437 2828 4494 Dacii
2861 4437 3224 4504 brevitatem,
3257 4437 3316 4494 in
3348 4439 3645 4495 narranda
3673 4439 3811 4496 Gui-

2164 4527 2334 4583 donis
2351 4525 3310 4599 institutione,supplevitAlciatus
3323 4526 3382 4582 in
3397 4527 3815 4599 supralaudato

2165 4617 2511 4688 fragmento,
2531 4615 2707 4670 simul
2730 4621 2785 4671 et
2799 4615 3162 4670 occasionem
3185 4614 3814 4678 iudicavitsubsecuta-

2165 4723 2296 4760 rum
2329 4722 2462 4760 cum
2491 4706 2548 4759 S.
2582 4703 2819 4759 Arialdo
2851 4707 2906 4759 et
2937 4703 3114 4760 sociis
3163 4704 3628 4762 contentionum.
3669 4707 3815 4762 Cum

2165 4794 2321 4849 enim
2352 4793 2595 4848 dixisset
2625 4793 2779 4864 quod
2826 4792 3111 4848 Henricus
3145 4816 3169 4842 u
3210 4795 3340 4849 actu
3386 4797 3442 4850 et
3490 4793 3816 4860 blanditiis,

2167 4882 2266 4955 qui
2308 4883 2659 4937 advenerant
2706 4885 2964 4936 oratores
3010 4881 3536 4938 Mediolanensium
3580 4882 3819 4956 impulit

2169 4976 2233 5026 ut
2261 4987 2431 5028 suam
2463 4969 2801 5025 electionem
2845 4969 3177 5038 laudarent,
3208 4994 3234 5020 ››
3287 4971 3370 5030 sic
3399 4973 3813 5046 progreditur:

399 5038 614 5119 domus
646 5038 860 5134 regalis
885 5038 1041 5134 (cum
1070 5063 1232 5116 curte
1263 5038 1606 5115 mirabilivet
1653 5038 1927 5117 viridario
1959 5062 2058 5117 de-
2091 5038 2136 5102 Ῑ)
2237 5062 2326 5116 37.
2361 5083 2386 5108 «
2422 5056 2582 5114 Tulit
2611 5057 2692 5126 id,
2726 5074 2889 5130 aeque
2921 5075 2986 5114 ac
3018 5060 3242 5127 debuit,
3288 5038 3586 5132 aegerrime
3627 5077 3818 5132 popu—

399 5147 681 5218 lectabili,
708 5171 736 5200 ››
759 5149 952 5222 inquit
972 5148 1374 5215 Dacius,anno
1399 5149 1538 5204 1080
1572 5148 1854 5222 scribens)
1880 5173 1901 5198 α
1945 5149 2056 5206 fuit

400 5254 471 5302 ex
490 5237 757 5323 opposito
778 5237 1032 5294 ecclesia:
1057 5237 1114 5294 S.
1137 5237 1391 5294 Victoris
1405 5237 1476 5292 ad
1495 5237 1878 5309 quadraginta
1902 5238 2050 5294 Mar-

399 5329 578 5401 tyres.
611 5325 1055 5384 Contradicente
1086 5325 1266 5398 igitur
1295 5331 1461 5400 parte
1495 5324 1779 5382 nobilium
1828 5343 1898 5381 ne
1930 5327 2054 5399 ipse

400 5468 521 5541 lani
553 5469 759 5538 fuisse,
792 5486 905 5525 non
931 5474 1147 5538 autem,
1172 5474 1238 5524 ut
1259 5486 1628 5541 nequaquam
1652 5468 2050 5541 recipiendum

400 5540 464 5624 in
493 5541 746 5624 gratiam
775 5541 1282 5624 archiepiscopum
1313 5540 1604 5624 suaderet.
1659 5542 1875 5624 Tacent
1903 5540 2051 5624 inte:

401 5613 518 5680 sim
550 5613 621 5679 de
651 5629 718 5672 eo
760 5636 790 5664 ‹‹
822 5613 1046 5678 Ατὶξιῐάί
1079 5638 1108 5668 υ.
1140 5613 1350 5671 itinere
1396 5616 1663 5672 auctores
1716 5613 1847 5682 alii;
1882 5613 1966 5670 uti
1995 5617 2054 5670 et

413 5687 580 5713 ω.

2166 5149 2280 5217 lus,
2304 5148 2513 5220 vixque
2533 5147 2744 5203 adduci
2768 5147 2959 5221 potuit
2979 5152 3044 5204 ut
3080 5148 3482 5205 advenientem
3504 5147 3817 5221 praesulem

2165 5255 2298 5295 cum
2332 5237 2610 5293 dedecore
2641 5253 2756 5292 non
2788 5236 3127 5308 repelleret;
3170 5238 3272 5294 sed
3303 5236 3593 5308 corruptis
3640 5235 3817 5310 largi-

2164 5327 2321 5383 tione
2347 5326 2716 5384 sacerdotum
2763 5323 3421 5398 primoribus,facillime
3466 5322 3675 5379 deinde
3705 5325 3814 5384 im-

2168 5470 2238 5524 de
2252 5468 2524 5524 omnibus
2539 5467 2940 5540 supranotatis
2961 5467 3246 5538 Andreas,
3269 5466 3517 5538 ideoque
3538 5483 3606 5524 ea
3628 5466 3818 5524 fusius

2170 5540 2265 5596 hic
2295 5540 2541 5597 dicenda
2572 5540 2749 5595 fuere.
