4152 6194
439 297 600 369 1459

1513 295 1668 367 'ss.
1714 295 2034 391 ARIALDI
2076 297 2178 364 nr
2219 295 2727 366 mansum

3638 300 3760 368 im

433 444 730 515 patratum
751 411 841 498 est
864 441 929 496 ut
948 435 1110 512 plebs
1151 435 1281 511 ipsa
1309 439 1723 512 acquiesceret.
1756 438 2082 494 Praetende-
2110 435 2166 504 Α
2194 453 2330 509 pam
2360 441 2450 493 est
2477 437 2716 505 electus,
2747 438 3099 510 vocatusque
3147 433 3454 494 Alexander
3497 438 3762 496 secundus.

434 530 582 589 bant
609 531 693 586 illi
721 530 1062 601 religionem
1094 529 1396 601 divinique
1445 530 1638 585 cultus
1676 527 1937 601 profanis
1967 543 2084 583 non

439 621 756 678 obnoxium
775 617 1151 674 arbitrium...
1189 619 1450 676 Durabat
1474 624 1530 675 et
1558 623 1700 675 tunc
1731 634 1960 673 summa
1990 633 2085 673 ea-

437 709 604 776 ritas,
639 713 696 764 et
720 709 848 779 ejus
879 723 1074 763 comes
1105 709 1307 779 pestis,
1343 725 1468 779 quae
1501 726 1616 764 non
1666 707 1779 762 nisi
1811 705 2086 762 vicesimo

438 799 609 854 tertio
629 798 865 852 demum
891 814 1042 851 anno
1063 797 1348 852 exstincta
1370 802 1478 854 est.
1514 796 1616 854 His
1647 795 2086 852 calamitatibus

439 885 1033 942 conflictatilnsubres
1047 887 1246 942 omnia
1258 887 1658 942 sacerdotibus
1674 885 2089 958 permittebant

437 975 510 1031 Hi
543 975 721 1046 igitur
749 975 1052 1030 Widonem
1088 992 1189 1047 pro
1215 977 1381 1046 justo
1405 975 1651 1047 praesule
1682 978 2084 1047 agnoscentes,

439 1063 696 1137 insignia
727 1063 1030 1135 dignitatis
1061 1063 1121 1118 in
1153 1081 1286 1119 eum
1337 1065 1728 1127 contulerunt,
1767 1063 2088 1118 honoribus

445 1157 680 1224 augent,
731 1153 918 1223 jussis
977 1153 1403 1224 obtemperant.
1470 1155 1580 1208 Sed
1641 1157 1698 1208 et
1740 1153 1922 1208 comis
1980 1169 2089 1206 na-

440 1247 574 1298 tura
602 1241 978 1313 liberalisque
1009 1241 1199 1308 Wido,
1229 1243 1341 1297 sibi
1385 1243 1498 1314 ipsi
1546 1259 1659 1297 non
1721 1243 1934 1296 deerat.
1984 1241 2089 1296 Sa-

441 1332 703 1387 cerdotes
728 1335 783 1385 et
805 1331 1540 1402 ministrosquoslibetque
1563 1331 1824 1386 initiatos
1844 1329 2091 1384 libenter

437 1418 734 1491 amplecti,
765 1418 974 1473 delicta
1021 1435 1221 1473 eorum
1273 1418 1668 1485 dissimulare,
1719 1435 1884 1489 aequa
1913 1422 2090 1488 atque

436 1507 643 1578 iniqua
673 1506 831 1578 pati;
867 1507 1082 1576 quibus
1113 1507 1342 1562 actibus
1373 1515 1577 1562 omnes
1628 1507 1741 1562 sibi
1787 1524 1901 1562 non
1935 1506 2088 1560 difﬁ-

440 1595 627 1651 culter
656 1594 1104 1662 conciliavisset,
1145 1595 1257 1651 nisi
1305 1595 1601 1652 licentiam
1651 1596 1802 1652 hanc
1850 1595 2087 1651 tandem

437 1683 709 1741 Arialdus
739 1684 1132 1755 repressisset.
1171 1707 1198 1734 υ
1230 1686 1309 1740 Ea
1356 1703 1448 1741 res
1495 1685 1993 1757 quemadmodum
2026 1702 2089 1740 se

2264 527 2354 582 39.
2389 550 2416 576 «
2450 527 2553 584 Hie
2574 527 2715 583 dum
2737 530 2892 584 esset
2913 525 3242 583 ordinarius
3263 524 3668 584 Mediolanensis
3683 529 3766 585 Ec-

2194 615 2404 682 clesiae,
2436 617 2700 673 scientiis
2750 621 2809 672 et
2856 616 3117 672 moribus
3164 614 3468 672 laudabilis
3508 615 3625 681 fuit,
3650 621 3696 672 et
3721 618 3767 675 in

2195 721 2461 762 sermone
2485 710 2712 778 potens,
2749 707 2922 777 cujus
2954 704 3224 762 facundia
3254 703 3590 776 scientiaque
3615 704 3764 777 pluri-

2196 811 2358 850 mum
2386 796 2612 850 civibus
2631 800 2798 867 grata
2819 799 2960 862 erat,
2991 795 3275 866 empitque
3296 800 3427 848 tunc
3463 794 3515 847 in
3539 795 3768 865 pradica-

2194 883 2452 939 tionibus
2475 885 2598 939 suis
2612 885 2958 940 clericorum
2970 883 3150 938 vitam
3164 883 3498 953 vituperare,
3512 899 3603 938 nec
3619 883 3772 940 verbis

2196 973 2617 1045 archiepiscopi
2637 973 2940 1039 Guidonis,
2969 973 3163 1044 ipsum
3177 971 3456 1027 hortantis
3468 972 3533 1028 ad
3547 972 3773 1028 scandala

2196 1060 2539 1116 clericorurn
2566 1063 2808 1117 minime
2836 1061 3208 1133 publicanda,
3233 1060 3624 1116 consentiebat.
3647 1061 3774 1116 Unde

2197 1151 2692 1223 archiepiscopus,
2725 1150 3108 1207 dissimulans
3140 1151 3280 1222 quid
3306 1167 3465 1222 agere
3482 1149 3652 1217 vellet,
3671 1167 3773 1206 cum

2195 1239 2469 1296 Anselmo
2499 1241 2569 1296 ad
2601 1240 3014 1312 imperatorem
3046 1241 3272 1311 pergit:
3323 1239 3421 1311 qui
3469 1237 3680 1294 consilio
3705 1255 3774 1293 ar-

2198 1328 2553 1400 chiepiSCOpi
2575 1329 2801 1384 curiose
2823 1329 2966 1384 satis
2983 1329 3054 1384 ab
3077 1329 3222 1384 urbe
3237 1327 3451 1399 expulit
3469 1327 3773 1393 Anselmum,

2199 1435 2336 1472 nam
2375 1419 2426 1473 ei
2451 1419 2751 1473 Lucanum
2779 1419 3182 1490 episcopatum
3208 1417 3384 1473 dedit.
3409 1419 3591 1487 Itaque
3608 1415 3776 1483 Guido,

2198 1523 2260 1562 se
2291 1511 2484 1562 tutum
2520 1512 2732 1579 putans
2761 1506 3027 1563 absentia
3063 1506 3348 1571 Anselmi,
3380 1505 3556 1578 magis
3583 1504 3776 1561 fallitur.

2196 1595 2343 1652 Nam
2375 1597 2712 1666 Anselmus,
2744 1600 2946 1652 vocato
2980 1595 3268 1651 Landulfo
3311 1594 3480 1650 levita
3521 1594 3778 1658 ordinario,

2196 1683 2562 1740 familiariter
2610 1684 2878 1740 hortatur
2925 1687 2989 1738 ut
3049 1682 3109 1738 in
3157 1681 3646 1755 praedicationibus
3686 1683 3782 1737 suis

437 1771 731 1838 habuerit,
763 1773 1048 1828 hactenus
1077 1773 1355 1840 vidimus,
1388 1774 1472 1829 uti
1503 1775 1678 1830 etiam
1727 1773 1935 1829 Alciati
1962 1789 2086 1828 ver-
2116 1805 2165 1871 Β
2193 1772 2333 1829 vitia
2361 1774 2670 1845 exprobret
2713 1772 3060 1828 clericorum
3090 1789 3103 1839 ;
3137 1772 3296 1827 idem
3341 1770 3632 1828 domestice
3671 1771 3782 1826 satis

436 1861 552 1930 bis,
575 1865 871 1933 quatenus
920 1866 1147 1918 servata
1198 1863 1271 1918 ab
1303 1863 1534 1934 injuriis
1561 1867 1894 1935 temporum
1926 1867 2086 1918 sunt.

438 1951 522 2008 De
550 1949 958 2006 Herlembaldo
991 1951 1085 2006 hic
1116 1952 1560 2024 subjungimus,
1601 1953 1754 2023 quod
1808 1955 2090 2024 przssente

431 2041 560 2113 jam
591 2039 1046 2112 archiepiscopo,
1081 2057 1258 2112 penes
1289 2058 1463 2114 quem
1505 2059 1572 2097 ex
1620 2058 1781 2097 more
1828 2041 2088 2111 regimen

440 2129 692 2185 civitatis
723 2133 867 2197 erat,
898 2133 955 2184 et
990 2130 1360 2185 sacerdotum
1410 2147 1604 2202 opera,
1656 2128 1968 2185 conciliata
2001 2131 2088 2183 ut-

438 2233 672 2290 cunque
705 2234 838 2274 cum
870 2217 1167 2273 nobilibus
1196 2218 1386 2290 plebe,
1422 2219 1619 2274 minus
1651 2218 1786 2273 huic
1818 2234 2092 2274 necessa-

439 2307 595 2362 rium
607 2323 735 2362 esse
748 2306 1042 2373 sevidens,
1060 2305 1519 2378 Hierosolymam
1552 2306 1894 2380 peregrinus
1917 2307 2088 2374 abiit;

440 2395 708 2451 fortassis
722 2411 795 2448 ne
811 2394 1418 2451 immiseereturnovis
1431 2394 2092 2467 turln's,quasprospicie

439 2483 541 2538 bat
558 2481 912 2549 excitandas,
929 2482 1232 2538 occasione
1253 2501 1456 2539 eorum
1476 2503 1601 2556 quae
1620 2489 1821 2540 contra
1839 2485 2090 2540 incestos

439 2571 922 2642 Simoniacosque
937 2589 969 2626 a
981 2571 1282 2627 S.Arialdo
1299 2589 1361 2626 ac
1376 2573 1550 2628 fratre
1565 2573 1835 2628 suoLand
1847 2573 1962 2628 ulfo
1995 2589 2089 2628 mo

439 2660 744 2716 vehantur.
767 2661 1066 2725 Quomodo
1083 2665 1278 2716 autem
1297 2660 1602 2717 Alexandri
1623 2661 1669 2718 ll
1685 2659 2090 2733 temporeinde

440 2765 734 2816 reversus,
757 2749 966 2804 iisdem
987 2767 1048 2805 se
1077 2751 1428 2821 adjunxerit,
1454 2753 1707 2807 fervente
1726 2750 1812 2806 vel
1840 2749 2090 2805 maxime

446 2837 815 2893 contentione
836 2842 1075 2910 propter
1097 2839 1375 2911 Stephani
1405 2845 1462 2895 et
1499 2839 1718 2895 Nicolai
1759 2837 2090 2912 papzejudi-

442 2928 551 2994 cia,
587 2926 809 2998 placeat
838 2931 894 2982 et
923 2927 1204 2983 Landulfo
1241 2928 1475 2998 juniore
1506 2928 1751 2996 discere,
1791 2928 1945 3000 apud
1977 2927 2088 2982 Pu-

440 3014 707 3072 ricellum
727 3030 860 3087 pag.
883 3014 1008 3086 MO,
1034 3015 1118 3071 sic
1141 3021 1531 3088 prosequente
1552 3018 1610 3072 S.
1635 3015 1856 3072 Arialdi
1876 3016 2086 3070 Vitam.

511 3103 598 3158 38.
635 3126 661 3153 «
698 3102 908 3162 Iisdem
939 3105 1302 3176 temporibus
1347 3104 1794 3160 Herlembaldus
1827 3105 1896 3159 de
1925 3104 2089 3159 Cotta

2199 1862 2338 1918 facit
2365 1861 2624 1930 Arialdo,
2677 1862 2991 1918 ostendens
3037 1861 3124 1917 eis
3172 1861 3381 1916 modos
3421 1875 3559 1931 quos
3596 1858 3785 1915 tenebat

2199 1955 2518 2024 antequam
2543 1952 2707 2008 fieret
2729 1952 3058 2024 episcopus.
3084 1950 3300 2022 Sicque
3314 1951 3433 2005 haec
3463 1947 3782 2022 proclamatio

2198 2045 2401 2097 contra
2430 2041 2670 2097 clericos
2698 2041 2946 2097 lascivos
2989 2044 3046 2096 et
3092 2039 3479 2106 Simoniacos,
3522 2055 3614 2111 per
3638 2035 3783 2092 Arial-

2199 2131 2342 2186 dum
2375 2135 2431 2186 et
2470 2130 2820 2186 Landulfum
2870 2131 3071 2186 diutus
3113 2130 3477 2198 continuata,
3523 2144 3553 2182 a
3595 2126 3784 2199 prefato

2199 2218 2472 2275 Anselmo
2503 2220 2574 2275 de
2601 2219 2853 2291 Badagio
2878 2218 3133 2290 sumpsit
3153 2218 3484 2274 exordium.
3513 2216 3618 2271 Hac
3645 2213 3786 2287 igitur

2200 2308 2595 2364 familiaritate
2617 2308 2873 2364 confisus
2894 2307 3192 2376 Arialdus,
3223 2308 3297 2363 ad
3318 2306 3678 2362 Alexande
3706 2319 3788 2375 pa-

2200 2414 2336 2470 pam
2369 2414 2500 2452 eum
2534 2395 2946 2452 Herlembaldo
2978 2412 3107 2452 sese
3134 2395 3460 2452 transtulit.

2270 2487 2360 2542 40.
2395 2509 2422 2536 ‹‹
2453 2486 2594 2540 Cum
2619 2503 2748 2542 vero
2768 2485 3098 2542 Alexandro
3120 2503 3286 2558 papae
3310 2501 3506 2542 eorum
3528 2485 3656 2538 foret
3671 2498 3789 2536 nun-

2199 2575 2379 2630 tiatus
2401 2576 2704 2642 adventus,
2725 2593 2822 2631 eos
2843 2577 2914 2631 ad
2941 2592 3004 2631 se
3021 2575 3080 2630 in
3119 2573 3444 2630 cubiculari
3468 2573 3695 2628 thalamo
3715 2586 3788 2623 vo-

2200 2662 2317 2718 cari
2339 2663 2510 2733 jubet
2537 2681 2548 2718 :
2577 2663 2672 2718 ubi
2700 2680 2877 2734 super
2898 2680 3099 2718 eorum
3123 2661 3279 2718 colla
3302 2679 3498 2732 ruens,
3521 2660 3789 2732 plurimum

2199 2751 2437 2823 gavisus
2463 2759 2549 2806 est
2575 2769 2587 2818 ;
2611 2751 2845 2807 Arialdo
2868 2752 3172 2824 antiquam
3203 2752 3516 2808 ostendens
3537 2747 3789 2805 familiari-

2197 2845 2401 2907 tatem,
2433 2857 2608 2911 quam
2642 2840 2832 2896 solent
2856 2841 3028 2896 amici
3057 2841 3126 2896 ad
3165 2840 3292 2896 alta
3339 2839 3689 2896 ascendentes
3713 2851 3791 2890 ne-

2198 2929 2436 3002 gligere.
2468 2931 2539 2985 At
2568 2929 2856 2998 Arialdus,
2889 2934 3092 2986 mutuo
3123 2945 3328 2986 amore
3371 2930 3672 2984 monstrato
3697 2939 3790 2979 see

2196 3022 2445 3090 vataque
2473 3019 2667 3074 debita
2712 3019 3051 3088 reverentia,
3102 3019 3183 3075 ita
3233 3019 3409 3092 erepit
3455 3015 3634 3074 effari:
3663 3013 3793 3068 Pater

2198 3107 2589 3173 sanctissime,
2613 3106 2867 3163 Creatori
2883 3123 2976 3162 om
2988 3108 3148 3163 nium
3167 3107 3390 3180 gratias
3405 3106 3578 3161 refero
3591 3105 3793 3159 immen-

440 3193 620 3248 frater
644 3192 911 3249 Landulfi
933 3193 1003 3248 ab
1025 3172 1444 3266 Hierosolymis
1488 3193 1760 3264 redierat,
1798 3191 1968 3248 miles
2008 3192 2088 3247 fa-
2116 3172 2159 3239 (ἶ
2199 3213 2316 3261 sas,
2341 3196 2496 3266 quod
2514 3172 2653 3251 tein
2684 3201 2844 3251 tanto
2881 3195 3120 3252 honoris
3149 3172 3432 3271 cblmine,
3469 3211 3566 3267 per
3600 3192 3683 3248 Dei
3709 3188 3795 3245 mi-

441 3287 588 3339 ctus.
607 3283 706 3337 Vir
725 3282 997 3355 equidem
1024 3299 1247 3356 magna:
1271 3282 1593 3339 nobilitatis
1611 3287 1668 3339 et
1689 3281 1933 3338 concilio
1955 3297 2089 3353 pru-

440 3371 586 3426 dens
619 3371 1152 3443 magnanimusque
1179 3387 1410 3444 semper
1458 3372 1587 3427 fuit.
1630 3371 1734 3428 Hic
1766 3370 2002 3426 Arialdo
2033 3373 2088 3426 et

438 3458 722 3515 Landulfo
753 3459 913 3514 visus
943 3464 1033 3514 est
1063 3458 1310 3515 idoneus
1342 3461 1414 3513 ad
1463 3459 1622 3530 ipsos
1655 3461 2086 3515 defendendum

438 3549 641 3604 contra
661 3545 902 3602 clericos
923 3563 1088 3603 arma
1111 3553 1426 3602 moventes.
1454 3549 1614 3604 Unde
1652 3565 1786 3602 cum
1810 3547 2087 3604 visitandi

435 3635 829 3708 hortandique
858 3634 1047 3708 gratia
1077 3636 1149 3692 ad
1181 3651 1316 3690 eum
1355 3635 1671 3701 venissent,
1719 3635 1939 3692 talibus
1968 3636 2085 3691 orsi

437 3729 576 3780 sunt
596 3725 810 3782 verbis.
835 3726 882 3781 G
902 3723 1330 3792 Herlembalde,
1357 3726 1412 3780 in
1443 3725 1718 3782 omnibus
1737 3726 2086 3794 venerande,

436 3831 541 3887 pro
571 3818 671 3870 tuo
703 3815 892 3871 reditu
926 3831 1034 3870 nos
1079 3815 1263 3870 Deum
1313 3813 1735 3883 collaudantes,
1785 3815 2004 3887 gratias
2034 3814 2085 3870 ei

437 3903 745 3959 referimus
775 3905 1134 3972 immensas;
1171 3904 1254 3960 sic
1285 3904 1444 3959 enim
1477 3905 1650 3972 Deus,
1680 3904 1739 3960 in
1772 3905 1918 3959 mari
1951 3904 2084 3960 etin

437 3995 593 4047 terra
614 3991 816 4047 multis
840 3996 1189 4063 quassatum
1204 3991 1493 4064 procellis,
1514 3997 1567 4048 te
1582 3993 1750 4048 nobis
1772 3992 1958 4048 redire
1980 4011 2089 4049 sua

437 4080 798 4152 benignitate
829 4080 1140 4152 disposuit.
1172 4080 1342 4137 Vitiis
1365 4082 1538 4137 modo
1563 4081 1760 4137 saeculi
1782 4081 1950 4138 miles
1972 4083 2086 4138 fui-

437 4169 536 4234 sti,
569 4168 779 4223 decens
813 4169 955 4224 ratio
985 4172 1074 4224 est
1119 4173 1184 4224 ut
1225 4169 1326 4226 Dei
1370 4169 1741 4242 ecclesizsque
1791 4171 2085 4228 CﬂthOllCB

439 4255 606 4312 miles
638 4257 912 4313 efficiaris
931 4258 1383 4316 strenuissimus
1405 4278 1417 4326 ;
1440 4263 1497 4314 et
1529 4261 1682 4331 quod
1711 4261 1939 4316 efficere
1970 4278 2086 4317 non

436 4345 758 4418 potuimus,
818 4351 921 4401 tua
968 4347 1204 4402 dextera
1247 4347 1520 4419 perficere
1570 4348 1891 4405 valeamus.
1951 4351 2086 4406 Esto

439 4433 606 4490 nobis
629 4436 798 4506 quasi
815 4435 1170 4492 Mathathias
1194 4441 1250 4491 et
1281 4435 1383 4490 filii
1411 4437 1561 4507 ejus,
1595 4437 1697 4509 qui
1727 4455 1829 4509 pro
1868 4439 2086 4511 templo

2197 3285 2594 3352 sericordiam,
2619 3284 2939 3342 sublimare
2960 3290 3016 3342 et
3049 3283 3307 3341 exaltare
3343 3283 3636 3356 disposuit.
3664 3280 3796 3335 Nunc

2195 3375 2394 3446 itaque
2424 3374 2658 3430 animus
2691 3389 2882 3439 meus,
2914 3373 3119 3430 multis
3159 3377 3504 3430 attenuatus
3533 3365 3795 3442 angustiis,

2197 3463 2460 3535 agnoscit
2484 3463 2640 3534 quod
2663 3461 2801 3517 olim
2818 3461 2962 3518 mihi
2984 3461 3334 3518 tuadileetio
3356 3459 3721 3534 promittebat,
3735 3459 3794 3519 et,

2197 3556 2262 3606 ut
2292 3552 2488 3607 omnia
2510 3552 2865 3620 omitterem,
2887 3551 3216 3607 sanctitatis
3241 3557 3354 3607 tua;
3376 3546 3717 3606 clementiam
3734 3558 3798 3598 re-

2196 3645 2457 3697 verenter
2485 3656 2675 3708 exoro,
2729 3643 2795 3695 ut
2843 3639 2999 3696 hunc
3045 3638 3301 3695 militem
3350 3635 3794 3698 Herlembaldum,

2193 3728 2344 3784 bello
2367 3729 2615 3801 probum
2651 3728 3010 3801 consilioque
3044 3728 3548 3795 strenuissimum,
3573 3725 3626 3780 in
3645 3719 3793 3779 omni-

2194 3817 2308 3873 bus
2329 3817 2643 3873 virlutibus
2667 3817 3102 3884 confirmatum,
3126 3817 3228 3874 Dei
3258 3819 3456 3874 favore
3478 3822 3677 3887 tuoque
3695 3825 3792 3867 mu-

2196 3906 2408 3974 nitum,
2442 3905 2588 3961 mihi
2617 3905 2843 3962 tribuas
2872 3907 3263 3976 defensorem,
3297 3912 3357 3962 et
3399 3923 3434 3961 a
3474 3910 3528 3960 te
3566 3899 3793 3959 vexillum

2196 3993 2462 4066 accipiat,
2496 3998 2560 4050 ut
2585 3995 2848 4050 securius
2879 3995 3142 4051 militans
3173 4012 3284 4052 nos
3316 3990 3792 4068 possitdefendere,

2195 4088 2252 4138 et
2305 4088 2440 4140 tuos
2491 4083 2630 4140 olim
2677 4083 2922 4140 rebelles
2971 4084 3310 4142 humiliare.
3365 4083 3585 4153 Quibus
3628 4074 3797 4135 auditis

2195 4171 2522 4228 Alexander
2552 4171 3013 4228 Hildebrandum
3046 4173 3431 4241 cardinalem,
3454 4171 3590 4229 olim
3609 4163 3796 4239 legatio-

2197 4259 2290 4317 nis
2321 4278 2438 4316 suee
2459 4260 2765 4333 collegam,
2789 4263 2981 4318 vocari
3003 4262 3207 4334 jussit,
3231 4259 3801 4324 consentientibusque

2195 4351 2418 4406 ueteris
2459 4351 2884 4418 cardinalibus,
2955 4355 3256 4407 annuente
3328 4351 3389 4407 id
3443 4341 3806 4407 Hildebrando,

2193 4438 2518 4496 Alexander
2543 4439 2604 4494 in
2626 4439 2858 4512 publico
2883 4439 3229 4496 consistorio
3252 4439 3537 4496 vexillum
3559 4437 3804 4494 sanctum,

438 4522 538 4578 Dei
561 4529 615 4578 et
637 4524 837 4596 pepuli
857 4525 1124 4581 libertate
1147 4525 1364 4580 mortui
1386 4529 1545 4593 sunt,
1582 4531 1639 4580 et
1657 4526 1836 4582 vitam
1866 4527 2086 4584 haben-
2119 4545 2165 4610 D
2197 4528 2352 4600 quod
2378 4527 2701 4584 nominavit
2721 4527 3009 4584 Vexillum
3033 4529 3090 4583 S.
3113 4529 3271 4584 Petri
3310 4518 3806 4610 Herlembaldo,

433 4615 523 4667 tes
545 4616 821 4669 aeternam
843 4614 902 4669 in
925 4613 1153 4669 Christo
1187 4618 1326 4670 sunt
1348 4614 1593 4670 feliciter
1616 4615 1890 4671 coronati.
1928 4617 2091 4673 Libe-

437 4717 636 4758 remus
655 4701 974 4759 Ecclesiam
1002 4703 1122 4772 Dei,
1151 4702 1356 4759 multis
1375 4704 1740 4776 temporibus
1760 4705 2083 4775 obsessam,

435 4793 493 4845 et
521 4791 780 4847 uxoratis
809 4791 1212 4848 sacerdotibus
1232 4792 1624 4865 inquinatam,
1651 4797 1715 4848 tu
1740 4791 1864 4866 lege
1885 4794 2084 4866 gladii,

436 4881 493 4934 et
522 4894 628 4932 nos
658 4877 782 4933 Dei.
816 4879 1082 4935 Visitasti
1115 4881 1447 4952 sepulcrum
1497 4883 1646 4953 ejus,
1695 4881 1879 4938 libera
1907 4883 2088 4956 igitur

433 4964 751 5022 Ecclesium
774 4968 922 5038 ejus.
947 4967 1048 5023 His
1065 4968 1282 5025 auditis
1294 4969 1739 5028 Herlembaldus
1751 4971 2087 5043 aliquantu-

433 5053 557 5110 lum
581 5056 930 5129 supersedit,
963 5057 1240 5113 dubitans
1267 5057 1610 5114 clericorum
1629 5060 1958 5116 actionibus
1980 5061 2085 5116 im-

436 5144 693 5201 misceri.
746 5146 1009 5202 Tandem
1066 5145 1301 5203 hortatu
1355 5147 1623 5202 Landulfi
1671 5165 1804 5204 eum
1850 5147 2083 5204 Arialdo

437 5233 684 5290 Romam
715 5235 1132 5308 proficiscitur,
1164 5235 1514 5308 promittens
1543 5254 1606 5293 se
1637 5236 1695 5293 id
1712 5241 2001 5308 acturum,
2033 5238 2082 5294 si

434 5340 584 5394 papa
613 5325 955 5388 Alexander,
992 5326 1088 5398 qui
1133 5326 1202 5380 de
1236 5326 1487 5397 Badagio
1513 5331 1654 5395 erat,
1689 5328 2078 5384 confirmaret.

434 5411 514 5466 Ea
546 5429 802 5484 namque
832 5419 1201 5487 tempestate,
1235 5419 1466 5471 mortuo
1498 5414 1732 5470 Nicolao
1764 5433 1935 5488 papa,
1967 5419 2080 5471 An-

434 5499 677 5568 selmus,
766 5503 1219 5561 Mediolanensis
1295 5505 1437 5561 civis
1513 5505 1583 5559 de
1645 5504 1914 5577 Badagio,
1974 5509 2081 5562 Lu-

435 5603 616 5646 canus
647 5592 976 5664 episcopus,
1007 5593 1076 5650 ab
1125 5595 1397 5651 erunibus
1445 5593 1848 5653 cardinah‘bus
1889 5595 1947 5652 in
1978 5613 2079 5667 pa-

2199 4617 2302 4684 dit,
2327 4632 2579 4687 eumque
2601 4617 2878 4673 Romanae
2897 4616 3244 4674 universalis
3267 4615 3537 4673 Ecclesia
3565 4607 3808 4670 vexillife-

2197 4722 2326 4760 rum
2349 4705 2501 4760 fecit.
2528 4705 2751 4770 Quibus
2774 4706 3019 4762 feliciter
3033 4705 3369 4778 completis,
3411 4702 3668 4762 Arialdus
3698 4709 3806 4754 cum

2195 4793 2601 4851 Herlembaldo
2617 4795 3011 4852 Mediolanum
3028 4795 3348 4868 repedavit,
3371 4796 3663 4866 factusque
3673 4801 3806 4845 sec-u-

2195 4900 2295 4940 rus
2315 4883 2418 4940 tali
2431 4884 2756 4951 defensore,
2768 4884 2909 4941 vitia
2939 4884 3287 4942 clericorum
3303 4882 3608 4958 extirpavit
3624 4877 3805 4936 acrius.

2265 4973 2352 5029 41.
2393 4995 2414 5022 ε
2451 4975 2596 5028 Cum
2621 4979 2818 5029 autem
2849 4973 3302 5030 Herlembaldus
3333 4975 3573 5030 vidisset
3616 4968 3804 5024 clerum

2193 5079 2358 5117 arma
2379 5067 2732 5130 moventem,
2756 5068 3066 5135 utramque
3086 5068 3314 5136 partem
3336 5064 3408 5119 ad
3433 5063 3689 5118 diurnam
3707 5052 3806 5108 dis-

2193 5151 2558 5224 putationem
2619 5155 2919 5219 convocat,
2975 5167 3042 5208 eo
3107 5155 3300 5224 pacto,
3362 5156 3428 5209 ut
3483 5155 3806 5222 quaecunque

2193 5257 2332 5312 pars
2381 5240 2605 5296 ratione
2644 5241 3108 5309 convinceretur,
3159 5241 3328 5298 alteri
3379 5237 3709 5310 subjaeeret.
3753 5229 3804 5284 In

2193 5329 2450 5384 medium
2484 5328 2727 5400 prolatis
2759 5329 3061 5386 doctorum
3097 5329 3408 5386 sententiis
3434 5325 3671 5383 maxime
3697 5323 3807 5374 Am-

2191 5416 2370 5472 brosii
2399 5418 2741 5488 protectoris
2769 5421 2980 5474 nostrae
3025 5418 3380 5481 clarissima,
3415 5415 3594 5478 urbis,
3634 5409 3804 5477 ibique

2190 5521 2292 5580 per
2321 5504 2690 5562 Guilbertum
2716 5507 3211 5576 archidiaconum,
3235 5505 3546 5564 Antonium
3577 5501 3800 5560 Bissum,

2187 5595 2479 5666 Andream
2511 5596 2934 5669 Decumanum,
2969 5597 3156 5657 multa
3183 5595 3410 5671 prolata
3453 5596 3587 5653 sunt
3629 5589 3801 5646 contra
