4152 6194
404 299 556 370 1461

1991 308 2195 374 ACTA
2211 354 2223 371 .

3654 306 3813 376 1462

402 440 708 498 Arialdum
731 444 788 499 et
819 442 1171 502 Landulfum
1197 462 1210 514 ;
1266 423 1362 518 qui
1409 443 1821 517 praedictorum
1869 442 2048 500 trium
2080 445 2134 512 Α
2165 460 2309 512 rem,
2342 443 2563 502 obitam
2595 460 2803 518 nempe
2835 461 2928 502 an.
2953 443 3112 502 4065.
3137 443 3255 502 Hoc
3273 443 3462 504 sciens
3491 446 3812 506 Landulfus

399 532 594 599 verba,
627 530 789 589 Pauli
825 534 1072 606 apostoli
1105 540 1163 591 et
1193 538 1532 592 sanctorum
1583 534 1932 592 auctoritate
1960 551 2051 591 re-

399 620 630 678 fellunt.
669 644 696 670 »
729 620 1023 679 Hactenus
1083 624 1400 680 Laudulfus
1449 625 1670 696 junior,
1725 623 2050 680 Puricellus

397 716 618 779 autem,
652 709 752 765 lib.
789 728 866 779 Iv,
925 729 1050 784 cap.
1107 715 1196 782 92,
1259 714 1479 786 prolixe
1534 714 1808 787 expendit
1855 713 2048 768 locum

397 801 460 858 S.‘
489 800 807 865 Ambrosii,
841 806 1146 874 sumptum
1177 821 1246 858 ex
1276 803 1422 859 libro
1455 822 1470 858 1
1503 804 1581 859 De
1603 803 1830 872 officiis,
1865 803 2051 875 capite

394 888 526 956 ult.,
558 906 734 960 quem
758 890 1015 960 praedicti
1041 891 1449 964 conjugiorum
1475 892 1833 948 clericalium
1858 891 2047 946 defen-

395 993 556 1033 sores
578 977 1027 1048 corruperint,et
1049 985 1391 1052 corruptum
1423 981 1590 1051 pejus
1623 980 2011 1036 intellexerint
2035 997 2048 1047 ;

394 1067 611 1122 docens
642 1066 770 1121 istis
800 1066 992 1122 solum
1027 1068 1292 1123 ventilari
1317 1070 1696 1140 quaestionem
1728 1074 1867 1124 tunc
1901 1069 2051 1122 inter

394 1155 594 1210 Patres
624 1160 1080 1224 controversam,
1114 1161 1312 1212 utrum
1362 1162 1494 1212 ante
1543 1158 1903 1230 baptismum
1956 1157 2048 1212 bis

394 1245 904 1316 conjugatus,post
937 1245 1102 1300 illum
1127 1247 1364 1301 deberet
1385 1247 1610 1302 censeri
1637 1247 2050 1318 ligatus,adeo-

393 1350 507 1406 que
537 1351 570 1389 a
599 1334 784 1389 sacris
816 1334 1122 1390 ordinibus
1147 1336 1420 1401 arceri,et
1452 1354 1565 1391 non
1598 1339 1914 1392 arcendum
1931 1337 2051 1391 exi-

393 1423 671 1478 stimante
702 1424 759 1478 S.
793 1423 1161 1497 Hieronymo,
1196 1427 1554 1482 contrarium
1595 1429 1854 1483 tenuisse
1907 1432 2045 1482 Am-

391 1511 676 1579 brosium,
712 1514 1117 1569 Innocentium
1143 1519 1317 1586 atque
1347 1517 1764 1588 Augustinum.

461 1602 548 1657 42.
581 1602 822 1666 Quando
843 1601 1021 1674 igitur
1072 1604 1421 1660 Ambrosius
1453 1605 1591 1661 dicit
1634 1605 1789 1678 quod
1820 1604 2046 1661 clericis

393 1712 415 1739 α
451 1707 571 1746 una
599 1695 830 1746 tantum
862 1708 968 1747 nec
1028 1694 1277 1764 repetita
1333 1695 1694 1766 permittitur
1750 1695 1979 1766 copula,
2018 1717 2044 1744 »

387 1796 505 1851 quo
535 1796 712 1879 sensu
743 1781 802 1878 id
834 1781 1006 1847 dicat,
1042 1798 1175 1838 mox
1205 1782 1454 1855 explicat
1492 1784 1722 1839 verbis:
1757 1807 1784 1834 ‹‹
1832 1783 2042 1839 Pleris-
2075 1820 2122 1884 B

389 1885 505 1940 que
522 1869 735 1924 mirum
751 1869 982 1925 videtur
997 1887 1100 1926 cur
1113 1871 1290 1928 etiam
1304 1876 1439 1927 ante
1460 1873 1822 1944 baptismum
1837 1873 2042 1928 iterato

389 1956 761 2029 conjugio,ad
785 1956 1132 2014 electionem
1148 1958 1410 2015 muneris
1426 1963 1482 2013 et
1494 1959 1879 2016 ordinationis
1898 1977 2041 2032 prae-

386 2045 712 2117 rogativam
743 2045 1164 2117 impedimenta
1194 2052 1562 2120 generentur,
1580 2066 1711 2104 cum
1746 2049 1921 2104 etiam
1945 2049 2040 2104 de-

385 2133 525 2189 licta
554 2135 759 2190 obesse
790 2152 905 2191 non
952 2136 1198 2204 soleant,
1232 2138 1281 2193 si
1338 2137 1551 2193 lavacri
1601 2139 1848 2194 remissa
1903 2142 2044 2193 sunt

387 2228 780 2280 sacramento.
814 2225 924 2279 Sed
958 2224 1282 2298 intelligere
1316 2227 1597 2282 debemus
1631 2227 1769 2297 quia
1799 2227 1858 2281 in
1899 2228 2040 2299 bap-

382 2313 560 2368 tismo
592 2311 764 2384 culpa
793 2313 1009 2369 dimitti
1042 2314 1352 2386 potest,lex
1373 2315 1591 2371 aboleri
1614 2333 1728 2372 non
1758 2319 1983 2388 potest;
2013 2339 2039 2365 ››

382 2418 452 2458 ea
479 2401 719 2468 scilicet,
753 2419 882 2474 quae
915 2420 1029 2458 non
1064 2404 1176 2460 nisi
1207 2405 1382 2460 unius
1416 2405 1613 2461 uxoris
1661 2406 1850 2460 virum
1883 2405 2040 2460 ordi-

385 2491 513 2547 nari
544 2491 847 2562 permittit.
877 2492 1039 2556 Quod
1073 2498 1266 2549 autem
1302 2494 1477 2549 etiam
1509 2495 1688 2550 unius
1729 2494 1926 2550 uxoris
1957 2493 2040 2548 vi-

385 2596 484 2635 ros
513 2580 584 2634 ab
617 2579 814 2636 uxoris
841 2582 1190 2637 commercio
1224 2588 1416 2638 arceat
1443 2583 1788 2638 castimonia
1819 2583 1876 2637 in
1909 2583 2041 2638 sub-

388 2667 701 2724 diaconatu
751 2669 1126 2742 suscipiendo
1167 2672 1480 2743 promissa,
1534 2673 1749 2727 nedum
1802 2689 2039 2728 uxorem

385 2757 770 2829 quantumvis
800 2758 1085 2830 virginem
1143 2761 1352 2816 ducere
1409 2760 1733 2833 prohibeat,
1794 2778 1862 2816 ex
1908 2760 2039 2817 aliis

380 2847 685 2903 Ambrosii
719 2847 860 2904 locis
890 2849 1148 2904 ostendit
1176 2849 1537 2917 Puricellus;
1593 2855 1903 2922 postquam
1937 2850 2038 2906 do-

383 2935 606 2992 cuisset
633 2935 900 3007 primum
935 2937 1118 2993 fuisse
1146 2937 1389 2994 Dacium
1423 2939 1521 3010 qui
1553 2939 1770 3010 scripto
1795 2938 2036 2993 manda-

388 3023 540 3080 verit
568 3024 827 3080 tabulam
861 3026 1082 3098 passim
1141 3027 1348 3083 deinde
1407 3032 1773 3099 assumptam
1807 3028 1877 3082 ab
1906 3026 2036 3082 aliis

390 3111 463 3168 de
488 3113 688 3167 eodem
718 3114 1223 3186 Ambrosio,quasi
1255 3116 1304 3172 is
1327 3133 1359 3170 a
1381 3115 1632 3171 Damaso
1646 3132 1797 3187 papa
1815 3116 2035 3170 missus

394 3202 959 3275 Constantinopolim
991 3203 1219 3272 dixerit,
1255 3206 1410 3276 quod
1437 3228 1463 3254 ‹‹
1516 3204 1608 3259 lex
1642 3204 1904 3260 concedit
1934 3220 2033 3258 sa-

383 3289 649 3345 cerdotes
672 3291 847 3346 semel
869 3291 1156 3365 virginem
1180 3309 1418 3349 uxorem
1443 3293 1674 3356 ducere,
1709 3293 1808 3348 sed
1831 3293 2032 3363 conju-

381 3378 546 3451 gium
579 3396 693 3435 non
726 3379 956 3447 iterare,
991 3404 1019 3430 »
1080 3399 1214 3437 cum
1267 3381 1480 3437 falsum
1543 3381 1619 3436 sit
1665 3381 1921 3452 aliquem
1965 3397 2034 3436 ex

381 3467 692 3525 Occidente
723 3469 1065 3542 episcopum
1100 3470 1345 3526 concilio
1374 3470 1476 3526 ulli
1505 3468 2031 3542 Constantinopoli-

381 3560 518 3612 tano
550 3561 811 3630 tempore
839 3559 1074 3614 Damasi
1096 3560 1432 3616 interfuisse
1458 3585 1472 3629 ;
1498 3577 1684 3631 neque
1711 3561 1863 3631 apud
1885 3563 2033 3614 Grai-

382 3648 883 3718 cos,quantamvis
915 3649 1496 3721 nupturientes,quid
1549 3648 1742 3704 simile
1767 3648 1995 3721 legatur
2019 3667 2032 3716 ;

381 3751 490 3790 nec
519 3735 770 3806 denique
801 3735 936 3792 talis
967 3736 1057 3793 lex
1118 3755 1369 3810 usquam
1420 3739 1754 3794 inveniatur
1787 3756 1799 3806 ;
1835 3739 1934 3794 sed
1968 3755 2036 3793 ea

381 3823 576 3880 solum
598 3840 726 3896 quae
749 3841 1134 3898 monogamos
1158 3827 1422 3886 ordinari
1449 3827 1873 3895 concedit,cum
1897 3826 2036 3882 obli-

381 3912 620 3986 gatione
649 3913 1010 3970 castimoniae
1051 3922 1184 3988 post
1229 3917 1656 3972 ordinationem
1716 3917 2032 3972 servandae.

381 4001 532 4057 Huic
558 4005 754 4058 autem
774 4001 887 4075 legi
909 4003 1191 4060 insistens
1215 4004 1543 4060 Alexander
1561 4007 1631 4070 II,
1665 4021 1733 4059 ex
1775 4005 2036 4059 Romano

382 4089 632 4146 concilio
665 4091 800 4146 anni
834 4093 972 4148 1063
1002 4093 1074 4148 ad
1121 4093 1580 4149 Mcdiolanenscs
1615 4092 1948 4163 scripserat,
1984 4095 2041 4147 et

385 4179 779 4250 praecipiendo
811 4181 1120 4237 mandarat
1154 4203 1181 4231 «
1217 4186 1278 4236 ut
1324 4180 1525 4236 nullus
1563 4181 1807 4236 missam
1840 4180 2043 4236 audiat

382 4265 704 4336 presbyteri
738 4282 912 4337 quem
941 4269 1054 4323 scit
1089 4268 1478 4324 concubinam
1499 4269 1712 4324 habere
1734 4267 1819 4322 vol
1843 4269 2043 4324 subin-

380 4355 714 4411 troductam
733 4356 1036 4413 mulierem
1065 4358 1432 4430 ;quicunque
1456 4380 1483 4407 ››
1500 4361 1691 4413 autem
1719 4382 1745 4408 ‹‹
1771 4359 2042 4413 sacerdos

378 4442 477 4499 vel
511 4443 817 4509 diaconus,
849 4451 980 4516 post
1033 4448 1421 4503 constitutum
1471 4463 1633 4519 papa:
1683 4446 1892 4503 Leonis
1941 4450 2043 4502 aut

377 4531 1021 4624 Nicolai,concubinam
1045 4536 1277 4592 duxerit
1295 4535 1516 4608 palam,
1548 4534 1634 4591 vel
1667 4536 1903 4591 ductam
1928 4552 2044 4591 non
2077 4560 2122 4624 Β

384 4620 712 4693 reliquerit,
748 4640 863 4678 non
892 4628 1087 4680 cantet
1119 4626 1367 4682 missam
1412 4640 1602 4697 neque
1641 4625 2042 4697 Evangelium,

390 4725 584 4780 neque
601 4710 920 4782 Epistolam
945 4714 1016 4767 ad
1037 4713 1282 4770 missam
1315 4714 1686 4786 legatusque
1719 4713 1777 4767 in
1809 4715 2046 4786 presby-

395 4798 545 4854 terio
575 4798 646 4853 ad
678 4799 871 4856 divina
903 4801 1094 4858 officia
1153 4809 1411 4874 maneat,
1470 4818 1658 4874 neque
1716 4807 1944 4875 partem
1977 4803 2048 4858 ab

391 4885 639 4943 ecclesia
669 4888 971 4960 suscipiat.
1011 4913 1038 4942 »

479 4975 568 5030 43.
601 4978 794 5048 Atque
817 4975 936 5034 haec
957 4980 1028 5035 de
1048 4981 1461 5038 Herlembaldo
1481 4985 1538 5038 et
1559 4980 1885 5036 Alexandro
1915 4996 2053 5051 sup-

394 5062 614 5135 plenda
640 5063 732 5118 hic
783 5072 967 5136 erant,
1017 5069 1087 5125 de
1122 5072 1292 5142 cujus
1351 5087 1485 5126 cum
1532 5068 1769 5124 Arialdo
1809 5071 2058 5124 Romam

393 5150 753 5224 profectione
785 5155 906 5227 agit
935 5157 1217 5228 Andreas,
1250 5161 1391 5215 dum
1426 5159 1600 5215 refert
1655 5163 1902 5213 mortem
1943 5157 2057 5213 fra-

394 5241 506 5296 tris
535 5241 665 5311 ejus
691 5242 1258 5318 Landulﬁ,quamvis
1287 5266 1354 5304 ea
1385 5246 1740 5321 profectione
1771 5246 2057 5318 posterio-

471 5379 611 5453 (46')
638 5381 1033 5462 Puricellusin
1067 5389 1300 5447 dissert.
1324 5391 1532 5460 Nazar,
1568 5408 1698 5462 cap.
1731 5391 1800 5445 86
1822 5391 2058 5446 ctdcin—

400 5452 886 5538 ceps,pl.ur_ibus
911 5461 1030 5532 agit
1059 5463 1130 5517 de
1189 5463 1298 5517 hac
1331 5464 1390 5518 S.
1425 5452 1595 5538 Celsi
1637 5452 1876 5538 abbatia
1903 5467 2063 5538 extra

404 5531 635 5598 urbem,
667 5531 821 5584 inter
851 5531 1082 5590 Portam
1105 5539 1428 5590 Romanam
1457 5542 1511 5592 et
1535 5534 2066 5598 Ticinensem,fun-

404 5594 543 5654 data
558 5613 592 5655 a
607 5596 890 5660 Landulfo
908 5604 1277 5675 II,incertum
1305 5624 1421 5678 quo
1447 5625 1619 5677 anno;
1645 5607 1816 5664 alfert
1861 5594 2056 5664 alitem

2160 532 2672 609 historiographus
2693 533 2918 608 junior,
2973 535 3226 592 narratis
3253 552 3379 608 quae
3429 537 3498 594 de
3551 537 3814 595 Herlem-

2159 624 2331 680 baldo
2364 625 2777 698 praamisimus,
2811 648 2839 676 «
2876 642 3009 682 cum
3045 625 3168 682 haec
3203 629 3333 681 acta
3363 625 3632 694 fuissent,
3667 650 3694 678 ››
3729 627 3814 684 in-

2160 714 2308 786 quit,
2335 737 2362 763 «
2390 715 2707 787 clerusque
2737 719 3186 783 almamoveret,
3219 715 3466 769 moritur
3493 715 3814 772 Landulfus

2158 802 2546 859 Herlembaldi
2577 804 3103 875 fratcr.Utriusque
3127 804 3483 859 obtrectator
3503 804 3810 872 Arnulfus,

2158 893 2312 963 apud
2337 892 2685 948 Puricellum
2710 910 2841 965 pag.
2860 895 2985 960 223,
3017 893 3100 949 sic
3132 893 3201 948 de
3231 909 3298 948 ea
3319 893 3809 964 morteloquitur:

2160 982 2362 1036 «Cum
2397 980 2966 1053 placuitAltissimo,
3018 981 3119 1053 qui
3181 997 3350 1036 renes
3408 986 3702 1037 scrutatur
3757 984 3814 1038 et

2159 1071 2352 1137 corda,
2378 1069 2474 1125 ille
2497 1071 2596 1142 qui
2621 1070 2872 1126 alienam
2896 1071 2994 1126 diu
3020 1071 3208 1125 fuerat
3239 1069 3553 1126 meditatus
3575 1070 3810 1126 lassitu-

2158 1160 2376 1224 dinem,
2411 1161 2709 1231 inopinam
2743 1160 2938 1215 subito
2963 1159 3150 1214 doluit
3181 1175 3348 1214 suam
3379 1159 3567 1230 ipsius
3588 1160 3812 1231 aegritu-

2157 1249 2354 1302 dinem
2381 1267 2394 1315 ;
2418 1265 2669 1320 cumque
2699 1249 3002 1320 langueret
3033 1248 3269 1303 biennio
3299 1247 3596 1319 pulmonis
3643 1248 3805 1316 vitio,

2157 1336 2368 1408 linguae
2399 1339 2660 1408 privatur
2681 1338 2962 1405 ofﬁcio,ut
2983 1339 3043 1392 in
3067 1355 3181 1408 quo
3209 1336 3426 1392 multos
3459 1338 3726 1392 affecerat
3750 1338 3810 1392 in

2155 1442 2221 1480 eo
2253 1443 2486 1497 quoque
2507 1426 2795 1480 deﬁceret.
2821 1447 2848 1476 ››
2875 1427 2960 1480 Ita
2981 1425 3078 1480 ille
3097 1425 3426 1481 divinorum
3446 1425 3811 1496 judiciorum

2157 1515 2454 1587 malignus
2483 1513 2828 1586 explorator,
2865 1530 2968 1586 pro
3001 1512 3218 1584 quibus
3269 1513 3319 1568 si
3370 1513 3682 1569 dicendum
3714 1530 3816 1586 per

2156 1606 2552 1676 conjecturam
2583 1603 2662 1658 sit
2690 1603 2934 1674 aliquid,
2965 1601 3360 1658 verosimilius
3424 1601 3650 1656 dicetur
3685 1618 3815 1658 eam

2156 1699 2405 1749 mortem
2427 1693 2609 1760 fuisse
2635 1709 2866 1764 pcenam
2894 1690 3058 1747 dilati
3083 1689 3497 1758 monachatus,
3523 1691 3594 1745 ad
3639 1707 3812 1763 quem

2155 1783 2597 1854 suscipiendum
2625 1782 2740 1837 Deo
2759 1797 2820 1838 se
2844 1780 3235 1836 obstrinxerat
3261 1779 3812 1866 Landulfu§,multi-

2153 1872 2342 1928 modis
2365 1872 2699 1943 praedictam
2722 1888 2755 1926 a
2777 1871 3020 1926 S.Petro
3038 1867 3499 1936 Damiani,lib.v,
3518 1869 3688 1940 epist.
3722 1871 3807 1925 16.

2223 1963 2309 2016 44.
2343 1963 2598 2018 Conatur
2653 1959 2893 2032 quidem
2953 1958 3275 2014 Puricellus
3333 1974 3612 2014 excusare
3673 1974 3808 2014 eum

2152 2052 2416 2122 exemplo
2449 2049 2646 2105 fratris
2669 2047 3087 2115 Herlembaldi,
3121 2066 3155 2103 a
3185 2047 3511 2103 monastica
3531 2047 3650 2102 vita
3674 2047 3806 2102 abs-

2151 2140 2321 2194 tracti
2348 2140 2564 2194 intuitu
2588 2138 2828 2209 majoris
2850 2137 2987 2192 boni
3009 2136 3248 2208 publici;
3266 2137 3368 2192 sed
3385 2137 3614 2191 diversa
3635 2135 3808 2207 plane

2151 2228 2458 2299 utriusque
2475 2231 2562 2283 est
2583 2224 3080 2282 ratio.Consilium
3103 2225 3223 2280 sive
3266 2224 3638 2296 propositum
3664 2224 3807 2279 Her-

2149 2316 2480 2372 lembaldus
2509 2315 2780 2381 habebat,
2815 2331 2930 2370 non
2961 2317 3182 2381 votum,
3213 2317 3269 2368 et
3299 2311 3556 2368 Ecclesia
3596 2312 3806 2385 egebat

2152 2405 2356 2462 militis
2377 2404 2586 2460 armati
2609 2402 2842 2469 auxilio,
2861 2403 3013 2475 quoi
3038 2400 3363 2456 monachus
3387 2404 3661 2472 praestare
3687 2417 3803 2457 non

2151 2494 2456 2567 potuisset.
2481 2492 2864 2549 Concionator
2879 2495 3072 2547 autem
3100 2488 3424 2545 Landulqu
3463 2505 3715 2558 manere,
3749 2493 3807 2545 et

2150 2583 2473 2639 monachus
2500 2581 2622 2636 fieri
2660 2583 2903 2653 poterat,
2938 2579 3141 2651 quales
3170 2578 3344 2634 etiam
3379 2578 3437 2632 in
3469 2577 3803 2633 subsidium

2147 2670 2596 2730 Mediolanensis
2617 2667 2869 2724 ecclesia:
2884 2668 3294 2723 Vallumbrosa
3309 2672 3574 2722 evocatos
3595 2666 3804 2723 scribit

2149 2760 2474 2817 Locatellus
2501 2758 2562 2812 in
2592 2757 2845 2814 Historia
2873 2757 2965 2812 sui
3024 2755 3280 2824 Ordinis,
3330 2755 3435 2811 lib.
3471 2773 3508 2822 Ι,
3544 2771 3669 2827 cap.
3702 2757 3798 2823 68,

2147 2851 2217 2904 ad
2243 2865 2389 2920 quos
2411 2847 2588 2904 etiam
2613 2845 2992 2901 hortatoriam
3014 2861 3142 2900 eam
3169 2843 3406 2916 scripsit
3430 2845 3793 2914 Petrus,quae

2146 2936 2248 2992 lib.
2268 2955 2299 2991 ν
2321 2940 2408 2992 est
2429 2933 2678 3007 epistola
2701 2935 2787 3000 14,
2812 2933 3030 2988 directa
3053 2957 3079 2982 ‹‹
3105 2932 3324 2988 sanctis
3369 2931 3651 2988 fratribus
3683 2931 3796 2987 Ro-

2145 3023 2507 3092 dulfo,Vitali
2529 3028 2585 3079 et
2603 3021 2836 3078 Arialdo
2859 3019 3452 3093 atqueHerlembaldo
3475 3024 3532 3076 et
3571 3019 3799 3076 caateris

2146 3132 2248 3188 pro
2271 3113 2477 3170 castris
2494 3110 2946 3167 Christiinvicta
2986 3111 3096 3166 ﬁde
3136 3110 3560 3177 certantibus,»
3611 3108 3711 3164 ubi
3745 3109 3796 3165 is

2064 3188 2105 3255 C
2145 3205 2286 3260 ordo
2304 3207 2567 3259 servatus
2599 3201 2845 3269 videtur,
2880 3205 2943 3254 ut
2990 3201 3178 3272 primo
3235 3199 3616 3255 nominentur
3664 3214 3792 3252 mo-

2142 3292 2336 3359 nachi,
2366 3295 2493 3346 tum
2525 3288 2768 3345 clericus
2820 3289 3117 3359 Arialdus,
3176 3288 3385 3344 deinde
3422 3286 3609 3343 laicus
3648 3286 3790 3342 Her-

2140 3381 2505 3446 lembaldus;
2540 3382 2766 3434 tacetur
2793 3382 2988 3433 autem
3019 3376 3360 3444 Landulfus,
3395 3376 3536 3448 quia
3555 3375 3642 3430 vel
3665 3376 3792 3446 jam

2143 3477 2433 3534 mortuus,
2467 3467 2553 3524 vel
2585 3466 2791 3523 saltem
2849 3466 3080 3521 inutilis
3123 3470 3358 3538 propter
3400 3465 3689 3534 morbum,
3724 3464 3794 3519 de

2143 3577 2257 3632 quo
2290 3557 2472 3614 nolim
2505 3573 2638 3611 cum
2671 3553 2954 3611 Puricello
2988 3553 3276 3623 dubitare,
3300 3554 3439 3626 quia
3464 3552 3607 3608 nihil
3631 3553 3798 3609 obest

2143 3649 2190 3704 si
2224 3665 2380 3704 mors
2411 3646 2513 3701 illa
2541 3646 2854 3700 deifcratur
2884 3645 2956 3701 ad
3025 3661 3247 3699 annum
3310 3659 3496 3714 usque
3544 3643 3678 3699 1064
3709 3640 3794 3696 vel

2143 3739 2318 3794 etiam
2359 3737 2508 3792 1065.
2538 3735 2705 3790 Prius
2735 3750 2871 3805 ergo
2902 3749 3079 3804 quam
3114 3733 3288 3786 istam
3321 3730 3630 3802 epistolam
3653 3730 3796 3786 scri-

2143 3827 2305 3882 beret
2331 3823 2676 3890 Alexander,
2711 3821 3095 3892 rescripserat
3147 3819 3425 3876 Landulfo
3476 3822 3533 3874 et
3562 3818 3797 3874 Arialdo

2146 3912 2457 3981 clericis,id
2481 3911 2636 3982 quod
2660 3913 2748 3964 est
2769 3909 2924 3980 apud
2973 3910 3204 3964 Ivoncm
3251 3907 3309 3962 in
3359 3907 3588 3962 decreto
3622 3923 3678 3978 p.
3707 3905 3798 3972 42,

2146 4019 2194 4056 c.
2218 4002 2320 4054 211:
2351 3999 2714 4052 «Possumus
2735 3995 2790 4050 in
2814 3995 3053 4067 perjurii
3101 3994 3297 4067 aliquo
3339 3993 3800 4066 crimine‘jlapsis

2149 4086 2559 4145 misericordiae
2583 4101 2824 4139 manum
2849 4083 3174 4157 porrigere;
3212 4085 3310 4140 sed
3350 4100 3460 4140 non
3495 4084 3801 4151 debemus,

2151 4179 2220 4234 ad
2254 4179 2460 4232 futura:
2493 4173 2834 4247 perditionis
2861 4173 3213 4246 exemplum,
3237 4173 3538 4230 licentiam
3561 4173 3737 4228 dare:
3773 4194 3801 4222 ››

2153 4265 2306 4339 quod
2335 4264 2506 4320 credo
2539 4261 2824 4334 respicere
2857 4261 3097 4319 clericos
3128 4266 3260 4336 post
3304 4263 3561 4334 juratam
3596 4278 3796 4317 emen-

2153 4355 2446 4411 dationem
2467 4355 2725 4424 receptos
2748 4353 2820 4406 ad
2841 4352 3287 4418 beneficium,ac
3310 4351 3520 4405 deinde
3546 4349 3807 4422 relapsos

2155 4446 2367 4500 iterum
2399 4443 2471 4499 ad
2506 4439 2652 4496 illud
2686 4458 2800 4496 non
2834 4439 3591 4512 recipiendos,absolutione
3615 4442 3808 4493 tamen

2154 4531 2565 4590 sacramentali
2599 4531 2928 4598 domandos,
2961 4530 3008 4585 si
3032 4527 3440 4601 paenitentiam
3465 4526 3807 4582 obtulerint.

2156 4623 2258 4679 His
2289 4621 2609 4692 interjectis
2629 4636 2734 4690 pro
2766 4616 3163 4673 continuando
3194 4614 3452 4671 historias
3482 4613 3579 4670 ﬁlo
3619 4629 3812 4686 regre-

2159 4713 2285 4769 dior
2314 4711 2387 4767 ad
2419 4713 2751 4765 contextum
2783 4706 3048 4774 Andreae,
3083 4705 3182 4776 qui
3207 4704 3289 4761 sic
3319 4720 3491 4777 porro
3522 4704 3720 4759 habet.

2233 4802 2321 4856 45.
2358 4822 2384 4848 ‹‹
2419 4799 2524 4853 Per
2550 4797 2700 4852 idem
2733 4801 2986 4866 tempus,
3025 4816 3051 4842 ››
3096 4810 3210 4865 quo
3267 4791 3490 4849 scilicet
3539 4791 3816 4848 Arialdus

2163 4893 2220 4946 et
2249 4884 2694 4944 llerlembaldus
2725 4882 3024 4939 communi
3055 4887 3266 4940 conatu
3300 4899 3422 4938 rem
3471 4881 3816 4938 catholicam

2165 4975 2585 5051 promovebant
2602 4971 3076 5044 Mediolani,post
3095 4976 3337 5028 mortem
3361 4971 3651 5038 Landulfi,
3678 4973 3821 5043 puta

2167 5084 2318 5124 anno
2349 5065 2479 5121 1064
2509 5062 2596 5119 vel
2630 5062 2786 5130 1065,
2822 5084 2848 5110 ‹‹
2884 5062 3066 5118 abbas
3126 5060 3375 5118 cmuobii
3411 5061 3468 5116 S.
3503 5057 3655 5116 Celsi
3679 5057 3818 5129 (16")

2168 5157 2344 5222 obiit;
2376 5153 2543 5224 cujus
2573 5151 2766 5207 locum
2798 5151 3035 5222 quidam
3085 5150 3352 5218 clericus,
3386 5147 3623 5204 nomine
3674 5150 3819 5200 Lan-

2168 5248 2422 5311 francus,
2457 5241 2725 5314 protinus
2758 5241 2971 5312 rapuit,
3034 5240 3283 5296 refutato
3343 5255 3445 5310 pro
3501 5253 3568 5291 eo
3626 5232 3821 5289 tiroci-

2171 5387 2372 5444 altaris
2404 5383 2592 5440 ornati
2623 5386 3074 5438 monumentum
3103 5399 3207 5454 pro
3239 5397 3393 5454 anno
3421 5379 3639 5454 975,9t
3692 5392 3822 5454 cap.

2169 5463 2239 5514 90
2270 5461 2478 5515 tractat
2507 5471 2708 5511 casum
2743 5453 2836 5508 hic
2895 5447 3237 5520 narratum;
3298 5453 3401 5509 sed
3457 5449 3605 5507 nihil
3661 5447 3824 5506 addit

2174 5549 2287 5604 quo
2320 5531 2480 5587 locus
2511 5527 2606 5583 hic
2640 5525 2983 5582 illustretur.
