4152 6194
496 261 650 330 1467
689 247 711 257 ’

1612 263 1725 329 SS.
1771 257 2097 327 ARIALDI
2139 259 2242 326 ET
2281 260 2787 327 ERLEMBALDI

3736 248 3903 321 ηδε

493 420 668 477 domo
691 417 922 477 Domini
952 419 1284 491 rapuerant,
1317 418 1375 473 et
1404 415 1489 473 sic
1525 413 1782 473 ecclesiae
1840 413 1942 470 Dei
1990 429 2137 486 pene
2164 396 2220 464 Α
2247 415 2449 472 eodem
2473 415 2742 488 protinus
2800 379 2954 472 idem
2999 410 3357 486 incipiebat;
3409 407 3641 469 etiamsi
3691 412 3903 482 praeter

495 515 703 566 cuncta
726 512 866 564 sunt
890 507 1135 573 reddita,
1160 510 1436 578 Operante
1493 504 1723 562 Christo
1790 520 1893 576 per
1946 502 2136 559 zelum

492 599 743 672 piorum,
777 614 901 669 qua:
933 598 1004 653 ab
1034 613 1102 653 ea
1131 597 1361 651 fuerant
1382 598 1566 666 rapta,
1599 598 1874 666 operante
1923 593 2139 648 Satana

493 705 595 760 per
624 688 877 742 furorem
899 686 1236 758 impiorum.

557 779 644 832 53.
681 776 840 831 Sicut
859 775 1127 830 Arialdus
1154 773 1414 844 quotidie
1436 765 1651 827 Christi
1683 788 1891 827 causas
1906 771 2128 843 erigere

492 871 548 922 et
578 865 827 921 exaltare
851 863 1256 927 contendebat,
1275 863 1351 918 ita
1374 862 1640 917 Christus
1672 862 1742 916 de
1799 861 2013 916 virtute
2066 859 2127 915 in

488 954 762 1009 virtutem
796 952 1094 1008 Arialdum
1128 953 1362 1007 assidue
1385 950 1756 1023 provehebat.
1816 951 1961 1004 Nam
2013 954 2134 1004 tam

491 1046 785 1116 potentem
810 1042 866 1096 in
890 1042 1151 1097 oratione
1184 1057 1509 1111 numquam
1541 1038 1884 1094 reminiscor
1927 1056 2021 1092 me
2050 1038 2137 1092 vi-

488 1132 647 1187 disse
679 1130 861 1186 alium
895 1146 1288 1201 quemquam;
1314 1130 1483 1199 cujus
1511 1128 1855 1199 qualitatem
1875 1127 1922 1181 si
1943 1128 2138 1182 dixero

489 1225 722 1293 gratum
738 1220 855 1275 fore
869 1219 1245 1291 diligentibus
1260 1219 1444 1272 Deum
1457 1219 1713 1287 ,profutu
1724 1232 1969 1286 rumque
2009 1232 2139 1286 spe-

490 1311 685 1365 ro.Tot
715 1310 871 1363 enim
894 1313 1227 1363 sanctorum
1256 1305 1780 1375 nominadeipsius
1800 1320 1896 1358 ore
1914 1320 2027 1359 non
2046 1320 2138 1358 so-

489 1397 612 1453 lum
636 1397 814 1452 semel
836 1398 893 1450 in
916 1396 1135 1462 die,sed
1152 1396 1327 1450 etiam
1350 1396 1439 1449 bis
1458 1401 1662 1464 terque
1682 1380 1994 1449 audiebam
2016 1409 2143 1465 pro-

488 1487 712 1553 cedere,
746 1490 886 1556 quot
908 1500 1214 1555 nunquam
1266 1483 1563 1555 scriptain
1617 1482 1815 1538 codice
1862 1482 2002 1548 vidi,
2035 1496 2142 1537 nec

488 1572 670 1630 alium
692 1574 1080 1645 proferentem
1104 1572 1316 1627 audivi.
1343 1572 1489 1627 Nam
1510 1570 1647 1626 licet
1671 1570 1888 1626 divinis
1910 1588 1976 1626 ac
1995 1570 2140 1626 libe-

489 1661 713 1718 ralibus
740 1661 952 1717 litteris
976 1661 1058 1716 sic
1089 1661 1355 1716 imbutus
1386 1665 1541 1716 esset
1562 1666 1629 1715 ut
1658 1660 1751 1715 vix
1780 1660 1995 1716 alicubi
2012 1661 2140 1732 ejus

2249 503 2511 577 psalmos
2531 509 2651 561 tres
2673 504 2782 578 (27)
2826 502 3069 560 minime
3089 502 3141 559 ei
3173 500 3410 559 exordio
3433 502 3530 573 (an
3548 516 3621 557 ea:
3636 498 3840 556 ordine
3855 502 3899 565 .9)

2247 599 2385 650 tunc
2414 594 2605 650 dicere
2636 594 2853 650 liceret.
2886 592 3173 649 Clericum
3195 592 3352 649 enim
3411 590 3712 647 fatebatur
3752 604 3904 645 sem-

2249 699 2350 755 per
2370 683 2580 739 debere
2608 682 2760 739 inter
2789 681 3181 755 psalmodiam
3214 696 3364 737 esse.

2875 788 3111 845 CAPUT
3147 787 3245 843 VI.

2249 881 2694 951 Archz'episcopus
2724 895 2848 934 cum
2886 881 3000 951 suis
3030 877 3317 934 Arialdum
3341 880 3395 931 et
3423 875 3611 947 ﬁdeles
3656 878 3905 930 armatus

2717 950 3039 1021 aggreditur
3068 951 3432 1021 vinciturque.

2317 1042 2407 1096 55.
2435 1040 2687 1096 Peractis
2710 1040 2891 1112 igitur
2911 1053 3116 1094 novem
3139 1037 3311 1093 annis
3350 1036 3410 1092 in
3460 1035 3738 1091 exercitio
3778 1040 3900 1090 tam

2249 1130 2455 1203 grandi
2487 1134 2661 1201 atque
2693 1126 3045 1195 admirabili,
3078 1130 3317 1182 ventum
3350 1130 3441 1181 est
3469 1126 3541 1182 ad
3575 1124 3896 1190 decimum,

2251 1220 2309 1274 in
2342 1236 2455 1290 quo
2487 1218 2745 1291 pervenit
2766 1219 2838 1272 ad
2869 1223 3067 1273 votum
3099 1216 3201 1271 diu
3231 1215 3726 1287 nimis'optatum.
3751 1213 3901 1268 Nam

2249 1307 2333 1363 sic
2357 1325 2458 1379 pro
2490 1306 2719 1363 Christo
2760 1306 2906 1361 mori
2957 1305 3229 1360 ardenter
3284 1302 3575 1376 cupiebat,
3625 1306 3712 1367 ut,
3760 1318 3901 1357 cum

2250 1395 2571 1468 quemlibet
2589 1413 2653 1451 se
2683 1396 2986 1467 Deumque
3014 1396 3273 1449 cerneret
3330 1408 3474 1464 pure
3525 1390 3903 1463 diligentem,

2250 1501 2465 1558 magna
2495 1502 2627 1540 cum
2660 1500 2829 1556 prece
2858 1484 3215 1555 deposceret,
3249 1480 3452 1537 dicens
3477 1498 3491 1536 :
3521 1480 3785 1536 Obsecro
3846 1484 3902 1535 te

2250 1591 2353 1645 per
2367 1574 2763 1639 Christum,ut
2782 1590 2885 1645 pro
2909 1588 3002 1629 me
3033 1586 3265 1644 precem
3286 1570 3501 1625 fundas
3521 1569 3682 1641 apud
3706 1569 3903 1641 ipsum

2251 1667 2543 1735 quatenus
2565 1663 2853 1735 sanguine
2883 1660 3116 1733 proprio
3136 1659 3338 1716 testari
3371 1674 3599 1715 merear
3644 1658 3891 1714 verbum

488 1767 595 1823 par
624 1750 869 1806 inveniri
903 1754 1118 1823 posset,
1151 1750 1490 1805 nullatenus
1514 1748 1647 1821 plus
1678 1748 1739 1804 in
1762 1766 1871 1836 sua
1894 1748 2142 1805 scientia
2171 1770 2219 1836 B
2251 1754 2401 1824 ejus,
2434 1753 2591 1824 quod
2623 1752 2896 1824 praedico,
2926 1751 2997 1806 ad
3030 1747 3652 1821 quodndipiscendum
3677 1746 3731 1803 ei
3779 1746 3899 1802 hac

488 1839 819 1895 conﬁdebat
842 1855 1018 1910 quam
1067 1837 1224 1893 velut
1254 1855 1357 1893 nec
1408 1854 1590 1893 unam
1634 1836 1811 1892 sciret
1858 1835 2137 1892 litteram.

490 1928 601 1983 Sed
633 1944 768 1983 cum
798 1931 953 1983 esset
982 1943 1116 1981 cum
1143 1926 1337 1998 aliquo
1369 1926 1439 1981 de
1470 1927 1585 1982 ﬁde
1636 1924 2028 1981 altercaturus
2080 1925 2141 1979 in

488 2016 742 2089 publico,
774 2016 1119 2088 priusquam
1145 2015 1277 2087 ipsa
1306 2015 1619 2071 haberetur
1647 2014 1982 2087 congressio
2017 2017 2140 2069 stu-

489 2105 663 2161 debat
691 2121 794 2176 per
823 2122 906 2173 se,
933 2106 1052 2161 sive
1077 2121 1180 2176 per
1212 2106 1420 2160 fratres
1438 2104 1711 2170 directos,
1770 2104 2141 2174 circumqua-

489 2210 602 2265 que
632 2209 877 2266 corpora
906 2197 1242 2249 sanctorum
1274 2193 1772 2264 requirere,atque
1802 2208 2006 2248 eorum
2037 2209 2141 2264 pa-

489 2282 755 2348 trocinia,
778 2282 878 2337 ubi
909 2297 1144 2337 omnem
1174 2298 1344 2337 suam
1375 2298 1540 2353 spem
1562 2279 1894 2349 collocarat,
1930 2281 2142 2337 obnixe

489 2370 770 2441 ﬂagitare.
806 2370 950 2424 Nam
978 2369 1259 2440 quotidie,
1280 2369 1527 2425 vallatus
1552 2370 1806 2425 fraterna
1836 2369 1976 2438 acie,
2004 2386 2138 2426 san-

486 2461 714 2512 ctorum
733 2473 978 2527 corpora
998 2457 1343 2512 circumibat
1363 2462 1535 2529 atque
1562 2474 1758 2514 coram
1779 2458 2001 2513 eisdem
2022 2458 2139 2514 Deo

486 2546 919 2618 gemebundam
943 2546 1223 2601 fundebat
1251 2562 1507 2618 precem.

555 2636 646 2690 54.
680 2635 968 2691 Exeuntes
1006 2636 1163 2690 enim
1196 2653 1230 2690 a
1259 2636 1455 2701 domo,
1478 2633 1820 2707 singulatim
1840 2635 2138 2706 privatim-

486 2741 600 2796 que
624 2724 842 2780 orando
872 2724 1309 2793 incedebamus,
1332 2725 1514 2780 donec
1560 2724 1760 2796 populi
1812 2723 2137 2779 tumultum

485 2816 927 2870 transissemus.
978 2815 1099 2878 Quo
1133 2813 1397 2882 transito,
1449 2813 1707 2885 psalmos
1754 2812 2139 2868 cantabamus

485 2902 798 2974 reciproce,
831 2919 979 2973 quos
1010 2902 1325 2975 incipiebat
1354 2903 1498 2974 ipse,
1526 2906 1582 2958 et
1635 2902 1745 2957 hoc
1793 2902 2135 2974 agebamus,

486 3008 793 3064 quousque
813 2990 1277 3062 ecclesiaejanuis
1299 2990 1931 3063 proximiessemus,ad
1956 3006 2135 3063 quam

486 3081 895 3154 pergebamus,
930 3080 1031 3135 ubi
1067 3079 1268 3137 relicta
1298 3069 1628 3153 psalmbdia
1669 3080 1915 3152 ejusque
1976 3083 2137 3151 parte

2250 1841 2481 1898 occasio
2505 1842 2633 1898 fuit.
2665 1844 2972 1897 Juraverat
2996 1838 3079 1894 illi
3113 1839 3307 1894 omnis
3328 1836 3542 1904 clerus,
3563 1841 3691 1892 tam
3721 1837 3902 1907 majo-

2251 1931 2333 1986 ris
2365 1948 2544 2003 quam
2576 1930 2824 1986 minoris
2854 1928 3101 1993 ordinis,
3132 1942 3361 1984 necnon
3390 1927 3517 1999 ipse
3547 1925 3764 1993 Guido,
3796 1925 3900 1997 qui

2249 2020 2515 2075 Pontifex
2572 2019 2894 2087 dicebatur,
2936 2022 3228 2089 quatenus
3268 2032 3403 2073 cum
3474 2032 3543 2071 eo
3624 2014 3902 2070 deberent

2249 2108 2520 2165 heresim
2552 2108 2945 2165 Simoniacam
2978 2124 3045 2163 ac
3068 2105 3506 2179 Neophytanam
3529 2104 3905 2165 damnare,et

2249 2198 2310 2253 in
2342 2197 2626 2255 catholica
2641 2198 2754 2253 fide
2786 2195 3034 2253 ulterius
3050 2196 3383 2269 persistere.
3413 2194 3525 2251 Sed
3556 2209 3697 2249 cum
3720 2192 3902 2248 eccle-

2249 2287 2473 2343 siarum
2504 2286 2793 2359 regimina
2848 2284 3037 2341 eidem
3086 2282 3339 2340 Guidoni
3396 2282 3524 2339 sine
3576 2281 3902 2337 rectoribus

2248 2374 2791 2448 apparebant,illico
2804 2374 2958 2447 quod
2967 2375 3268 2446 juraverat
3286 2369 3563 2427 oblivioni
3594 2370 3900 2436 tradebat;

2247 2468 2324 2531 et,
2357 2482 2462 2521 ceu
2493 2464 2656 2521 canis
2674 2464 2746 2519 ad
2769 2462 3166 2529 vomitum,sic
3188 2460 3586 2517 revertebatur
3611 2458 3691 2515 ad
3724 2475 3900 2514 suum

2248 2555 2559 2626 antiquum
2592 2558 2840 2610 reatum.
2871 2552 3032 2617 Quod
3064 2550 3153 2605 vir
3181 2550 3281 2606 Dei
3315 2547 3587 2605 Arialdus
3626 2563 3899 2615 cernens,

2247 2642 2472 2701 litteras
2503 2662 2605 2716 per
2627 2660 2840 2699 manus
2870 2639 3261 2698 Herlembaldi
3285 2639 3356 2694 ad
3387 2636 3784 2710 apostolicum
3814 2637 3895 2691 di-

2249 2735 2415 2805 rexit,
2438 2737 2729 2805 quatenus
2761 2732 2886 2804 ipse
2916 2731 3249 2786 decerneret
3305 2727 3447 2799 quid
3504 2726 3575 2781 de
3633 2725 3902 2782 Guidone

2248 2823 2510 2880 adultero
2531 2828 2589 2878 et
2611 2820 2943 2879 Simoniaco
2970 2823 3145 2890 atque
3175 2817 3410 2890 perjuro
3431 2814 3553 2871 ﬁeri
3585 2818 3901 2887 oporteret.

2316 2914 2405 2968 56.
2432 2914 2597 2968 Tunc
2626 2911 2803 2967 etiam
2843 2909 2961 2965 duo
3018 2906 3213 2963 clerici
3261 2905 3623 2961 Modicenses
3653 2903 3776 2974 (28)
3834 2904 3899 2958 ad

2245 3001 2462 3059 Christi
2486 2999 2775 3057 famulum
2805 3013 3036 3066 venere,
3068 2995 3423 3068 spondentes
3451 2992 3603 3049 velle
3631 3009 3697 3048 se
3728 2990 3905 3048 relin-

2250 3108 2426 3163 quere
2456 3106 2630 3162 opera
2655 3092 2711 3144 et
2740 3086 3105 3145 consortium
3136 3083 3377 3149 diaboli,
3413 3086 3471 3138 et
3499 3082 3789 3154 deinceps
3818 3081 3903 3136 ﬂr-

486 3141 693 3225 hltima
706 3141 999 3225 memoria;
1023 3141 1416 3242 tradita,q.uos
1437 3170 1509 3225 ad
1541 3141 1779 3224 laudem
1813 3141 2130 3225 illius-san-
2165 3141 2209 3209 (ἶ
2448 3141 2644 3235 {grave—[Te
2662 3141 2730 3234 ξι
2748 3141 3070 3250 praedicare
3099 3189 3274 3246 opera
3332 3141 3391 3228 et
3443 3171 3625 3227 ﬁdem

484 3260 561 3315 cti
596 3259 884 3331 pertinere
915 3262 1122 3316 cantus
1151 3258 1238 3315 vel
1269 3258 1518 3331 hymnos
1536 3257 1774 3327 sciebat,
1827 3257 2130 3325 sumebat;

484 3347 568 3402 sic
590 3348 826 3418 quidem
857 3347 1102 3403 dicendo
1125 3348 1424 3404 moderate
1445 3347 1681 3418 lenique
1709 3363 1846 3403 voce
1868 3351 1932 3402 ut
1974 3346 2130 3419 quod

484 3434 713 3490 dicebat
735 3452 1045 3506 possemus
1065 3436 1286 3504 audire,
1338 3439 1512 3507 atque
1553 3451 1687 3492 cum
1736 3452 1803 3492 eo
1834 3435 2044 3501 dicere,
2076 3438 2135 3490 et

483 3538 621 3578 cum
659 3522 769 3578 hoc
801 3529 1002 3580 sancto
1033 3540 1240 3579 canore
1270 3528 1403 3578 ante
1426 3527 1696 3579 sanctum
1752 3523 2134 3581 veniebamus

485 3610 686 3667 altare.
719 3612 841 3675 Quo
872 3611 1276 3667 venerabiliter
1305 3611 1567 3680 adorato,
1599 3610 1649 3667 si
1679 3610 1802 3668 dies
1852 3610 2135 3669 solemnis

482 3701 572 3758 vel
603 3700 903 3758 Paschalis
928 3717 1044 3757 non
1074 3689 1246 3767 esset,
1272 3705 1521 3772 utraque
1551 3716 1745 3773 genua
1799 3701 1860 3757 in
1915 3704 2133 3757 terram

483 3792 757 3865 ponebat,
791 3808 1003 3847 manus
1031 3790 1416 3863 expandehat,
1450 3790 1650 3847 oculos
1671 3788 1730 3845 in
1762 3788 1972 3845 ccelum
1992 3790 2133 3862 ﬁge-

484 3880 668 3950 bat,et
685 3880 770 3936 sic
790 3881 852 3935 in
863 3879 1053 3935 crucis
1076 3880 1248 3935 modo
1271 3883 1404 3935 ante
1431 3878 1611 3935 altare
1627 3882 1923 3951 stans,pro
1945 3876 2137 3936 salute

485 3966 833 4023 universalis
882 3967 1170 4036 Ecclesiae,
1205 3985 1271 4024 ac
1330 3954 1434 4040 pro
1486 3969 1614 4040 ejus
1666 3967 2134 4025 adversariorum

484 4055 944 4122 conversione,et
975 4072 1079 4128 pro
1113 4056 1332 4113 caeteris
1380 4056 1724 4128 hujusmodi
1781 4055 2135 4112 utilitatibus

486 4141 710 4210 multis,
732 4142 915 4199 Deum
946 4146 1221 4201 exorabat
1249 4162 1385 4201 cum
1413 4145 1729 4217 gemitibus
1753 4148 1812 4201 et
1840 4144 2133 4218 lacrymis.

486 4231 603 4287 Nos
621 4247 756 4287 vero
778 4236 913 4303 post
949 4233 1147 4305 ipsum
1190 4233 1665 4305 procumbentes,
1696 4234 1852 4305 quod
1884 4232 2133 4301 dicebat,

487 4320 871 4378 audiebamus
904 4327 960 4378 et
989 4323 1512 4393 respondebamus.
1548 4324 1712 4379 Tunc
1763 4323 2002 4381 demum
2061 4322 2138 4379 si-

487 4408 675 4470 lenter
700 4410 1009 4483 paululum
1041 4411 1264 4478 orabat,
1296 4411 1473 4483 idque
1504 4428 1988 4485 unumquemque
2031 4430 2137 4469 no-

2238 3285 2375 3325 nam
2408 3285 2562 3324 unus
2591 3283 2660 3323 ex
2687 3266 2781 3323 bis
2812 3269 2985 3323 tanta:
3007 3264 3196 3321 fuerat
3222 3259 3483 3317 audacias
3513 3262 3571 3315 et
3602 3258 3899 3331 perversi-

2240 3358 2401 3426 tatis,
2433 3361 2499 3412 ut
2517 3356 2686 3428 quasi
2719 3356 2925 3411 ductor
2949 3352 3221 3409 existeret
3248 3349 3425 3406 adver
3438 3365 3517 3405 sea
3548 3347 3905 3420 partis.0ui-

2240 3448 2359 3503 bus
2379 3446 2469 3502 vir
2497 3445 2598 3502 Dei
2627 3444 2876 3501 aitzTot
2906 3442 3122 3516 quippe
3170 3442 3310 3496 sunt
3365 3436 3468 3511 qui
3535 3436 3651 3493 hoc
3695 3435 3905 3492 dicunt

2243 3536 2601 3593 mendaciter
2629 3534 2836 3605 utjam
2860 3548 3007 3604 pene
3034 3546 3209 3586 nemo
3235 3528 3312 3584 sit
3349 3526 3442 3583 cui
3498 3524 3693 3598 possit
3743 3524 3903 3582 credi

2240 3626 2541 3682 veraciter.
2569 3627 2686 3680 Vos
2714 3639 2869 3691 vero,
2904 3621 2954 3677 si
2979 3618 3158 3679 vultis
3186 3622 3252 3674 ut
3280 3615 3488 3673 vestris
3518 3615 3763 3671 credam
3788 3630 3903 3671 ser-

2243 3714 2541 3779 monibus,
2570 3712 2671 3779 ite,
2693 3716 2750 3768 et
2777 3710 3052 3783 operibus
3081 3724 3176 3765 me
3204 3708 3443 3763 ﬁrmum
3482 3704 3738 3760 reddite.
3788 3707 3902 3760 Re-

2243 3801 2640 3876 gressijigitur
2657 3796 3200 3866 domos,connubio
3230 3794 3386 3853 illico
3433 3810 3469 3849 a
3523 3809 3589 3850 se
3638 3791 3899 3865 repulso,

2242 3907 2465 3965 coepere
2482 3890 2679 3965 palam
2693 3893 2749 3946 et
2758 3890 3097 3945 constanter
3108 3883 3373 3959 proﬁteri
3386 3884 3451 3939 Β.
3478 3880 3704 3939 Arialdi
3720 3880 3903 3937 verba

2242 3996 2370 4038 esse
2392 3980 2564 4053 plena
2581 3978 2980 4050 veritate,quee
3009 3976 3292 4033 hactenus
3314 3975 3481 4030 erant
3494 3970 3751 4044 professi
3776 3968 3903 4025 fore

2244 4069 2416 4142 plena
2446 4068 2717 4125 falsitate.
2750 4071 2882 4123 Haec
2914 4070 2980 4123 ut
3007 4064 3190 4121 Guido
3216 4062 3505 4129 audierat,
3536 4075 3719 4117 savos
3751 4057 3905 4114 illuc

2243 4158 2512 4231 protinus
2524 4155 2884 4229 apparitores
2896 4154 3263 4221 mittens,eos
3283 4166 3490 4224 capere
3506 4148 3904 4221 jussigatque

2244 4246 2490 4321 inAlpes
2521 4246 2592 4302 ad
2624 4245 2917 4314 Castrum,
2969 4242 3125 4316 quod
3169 4240 3391 4297 dicitur
3449 4239 3703 4296 Leucum
3750 4234 3899 4307 (29),

2243 4334 2677 4409 deportarini
2709 4349 2966 4406 namque
2995 4332 3056 4387 in
3077 4335 3198 4387 tam
3219 4328 3420 4385 dirum
3443 4341 3739 4383 carcerem
3762 4327 3907 4380 sunt

2244 4426 2412 4481 missi
2445 4424 2620 4497 (sicut
2649 4422 2763 4495 ipsi
2789 4421 2958 4478 nobis
2987 4423 3125 4476 sunt
3153 4421 3359 4491 postea
3375 4413 3724 4489 professi)ut
3756 4428 3907 4469 nun-

486 4502 675 4556 strum
707 4516 875 4572 agere
898 4500 1146 4556 sinebat.
1209 4500 1473 4573 Denique
1514 4516 1576 4557 se
1624 4500 1903 4574 erigebat,
1958 4500 2138 4558 altare
2166 4514 2215 4580 D
2245 4530 2423 4587 quam
2452 4528 2553 4568 θοε
2581 4510 2889 4584 contigerit
2903 4508 3139 4565 audisse
3168 4510 3406 4564 sanctos
3436 4521 3473 4561 α
3501 4501 3757 4576 pagum
3786 4501 3904 4557 (ιιι-

486 4586 803 4644 honorifice
823 4589 1126 4657 adorabat,
1159 4593 1216 4646 et
1235 4588 1542 4646 nobiscum
1573 4590 1700 4660 jam
1756 4589 2136 4662 regrediendo

485 4676 747 4733 dicebat:
780 4676 1069 4751 Angelum
1100 4678 1262 4752 pacis
1291 4684 1349 4735 et
1378 4678 1580 4751 gratiae
1613 4678 1767 4735 dona
1799 4679 1991 4747 nobis,
2023 4678 2134 4735 Do-

488 4766 644 4822 mine
672 4766 823 4822 Deus
854 4772 1050 4824 ncster
1073 4769 1211 4837 (‘26),
1243 4775 1299 4824 et
1354 4773 1489 4823 tunc
1532 4768 1612 4824 ibi
1661 4767 1890 4839 psalmo
1946 4767 2135 4824 dicere

486 4853 548 4907 in
568 4852 820 4909 ecclesiae
841 4855 995 4911 exitu
1021 4856 1469 4929 incipiebat,ubi
1501 4856 1737 4913 eosdem
1771 4855 1832 4911 in
1868 4856 2137 4928 ingressu

487 4939 831 5014 reliquerat:
866 4959 1120 5016 cumque
1145 4946 1215 5001 ad
1244 4944 1418 5001 aliam
1450 4945 1786 5001 veniremus
1810 4944 2137 5014 ecclesiam,

488 5029 597 5086 hoc
628 5032 687 5085 in
720 5046 785 5087 ea
807 5034 1149 5105 agebamus,
1186 5035 1341 5106 quod
1403 5033 1463 5087 in
1505 5032 1620 5089 alia
1669 5034 2015 5089 feceramus.
2073 5034 2139 5088 Et

559 5182 672 5256 (26)
703 5182 861 5256 Hanc
892 5184 1212 5256 orationem
1234 5183 1661 5256 necdumpotui
1694 5183 1752 5256 in
1781 5183 1959 5256 veteri
1992 5185 2138 5241 mis-

490 5254 601 5309 sati
634 5254 721 5308 vel
751 5255 1033 5310 breviario
1078 5254 1515 5312 Mediolanensi'
1552 5255 1850 5325 invenire;
1892 5254 2139 5313 libenter

490 5327 608 5380 acci
658 5325 770 5380 iam
799 5328 915 5382 inte
963 5345 1106 5396 ram,
1140 5332 1196 5384 et
1216 5327 1440 5383 discam
1474 5328 1626 5382 unde
1658 5343 1791 5382 accc
1838 5330 1896 5383 ta
1931 5327 2025 5383 sit.

561 5343 672 5454 (2g)
697 5396 757 5451 Id
780 5402 886 5454 est.
919 5343 1053 5454 ἥσει
1083 5399 1274 5454 solum
1308 5404 1425 5454 tres
1455 5398 1645 5454 ultimi
1680 5344 1889 5454 θεειρωί
1923 5415 2025 5454 sun

946 5417 959 5453 ι

493 5396 757 5521 ϐεὲῗῇω
780 5402 886 5467 est,
919 5396 1053 5455 licet
1083 5399 1274 5457 solum
1308 5404 1425 5455 tres
1455 5398 1645 5454 ultimi
1678 5396 1889 5470 psalmi
1923 5415 2129 5471 super-

490 5554 811 5612 notandum
846 5561 999 5630 quod
1024 5562 1083 5618 in
1112 5561 1236 5620 loco
1267 5578 1381 5634 quo
1414 5557 1756 5633 psalterium
1786 5559 2047 5629 ﬁniebat,
2073 5560 2133 5618 in

2246 4602 2401 4659 riora
2430 4598 2933 4674 perpessos.Quod
2964 4595 3181 4653 Christi
3202 4592 3465 4652 famulus
3483 4590 3913 4647 dumaudisset

2245 4694 2559 4749 convocata
2577 4689 2637 4744 in
2661 4704 2846 4745 unum
2875 4686 3126 4743 civitatis
3157 4681 3556 4749 multitudine,
3587 4679 3716 4736 ait:
3764 4677 3910 4735 Volo

2247 4796 2372 4846 vos,
2399 4776 2786 4844 dilectissimi,
2810 4774 2959 4832 seire
2977 4775 3135 4847 quod
3164 4772 3539 4829 Christianus
3583 4785 3694 4841 pro
3742 4766 3911 4824 nulla

2250 4884 2430 4924 causa
2449 4865 2710 4939 gladium
2730 4864 2940 4921 debeat
2950 4865 3101 4919 ferre
3117 4860 3232 4917 nisi
3252 4876 3355 4933 pro
3378 4857 3515 4915 ﬁdei
3536 4855 3905 4913 defensione.

2248 4958 2307 5013 Si
2336 4956 2419 5012 ita
2438 4959 2546 5023 est,
2578 4969 2700 5026 vos,
2732 4953 2831 5026 qui
2851 4950 3165 5009 Christiani
3195 4949 3361 5019 estis,
3393 4950 3452 5004 et
3503 4962 3677 5002 arma
3736 4944 3905 5002 fertis

2248 5045 2496 5119 cogitate
2526 5042 2667 5117 quid
2698 5058 2854 5098 nunc
2883 5058 2987 5098 vos
3017 5042 3281 5114 oporteat
3329 5037 3538 5094 facere.
3572 5034 3723 5092 Ecce
3752 5034 3911 5093 enim

2319 5275 2430 5347 (28)
2459 5295 2487 5323 ‹‹
2511 5270 2788 5329 Modiotia
2811 5270 3303 5347 »_antiquis,_tunc
3338 5290 3360 5318 ι
3396 5265 3627 5347 Modica
3646 5283 3678 5318 ι
3736 5264 3914 5322 etiam

2248 5339 2571 5411 dicebatur,
2603 5360 2757 5399 nunc
2780 5367 2807 5394 ‹‹
2844 5339 3067 5413 Monza,
3096 5364 3124 5393 ››
3155 5341 3216 5397 in
3237 5340 3483 5396 Boream
3545 5339 3635 5407 10,
3697 5355 3759 5410 p.
3822 5353 3899 5393 m.

2250 5419 2477 5475 distans
2507 5417 2579 5472 ab
2612 5416 2773 5471 urbe.

2318 5491 2429 5562 (29)
2461 5510 2489 5562 (ε
2520 5488 2779 5562 L_eucum_
2808 5509 2836 5536 ››
2870 5486 3261 5562 νὶἁεῄυιχξεεθ
3295 5502 3323 5536 ‹‹
3356 5483 3585 5562 Lectio}
3615 5479 3692 5562 {id
3728 5495 3909 5538 cornu

2246 5550 2524 5620 orientale
2553 5559 2717 5618 lacus
2751 5558 3074 5627 Comensis,
3093 5558 3184 5627 39,
3216 5575 3275 5632 p.
3308 5571 3389 5614 m.
3419 5550 3781 5611 Mediolano.
