4152 6194
235 301 398 370 1469

1833 303 2063 372 ACTA.

233 443 354 501 duo
382 437 579 500 clerici
607 439 870 513 quandiu
903 439 962 498 in
985 439 1231 515 perﬁdia
1259 441 1668 514 persistentes,
1714 459 1887 514 opera
1912 441 1971 510 Α
1997 443 2251 517 populus
2264 439 2608 504 'exclamare
2634 465 2646 503 :
2671 447 3023 504 Occidantur
3051 447 3340 518 velociter,
3372 454 3642 512 occidan-

233 532 528 590 diabolica
561 535 702 587 sunt
731 532 938 598 secuti,
970 531 1286 588 honoriﬁce
1306 532 1378 588 ab
1398 549 1464 588 eo
1497 533 1596 605 qui
1627 534 1884 605 pontifex

230 620 688 679 Mediolanensis
717 619 931 676 dicitur
960 626 1100 676 sunt
1129 621 1312 677 habiti
1339 641 1351 688 ;
1382 640 1515 678 cum
1538 639 1670 678 vero
1722 640 1882 679 eam-

231 712 367 768 dem
398 709 706 783 perﬁdiam
741 709 1212 781 diabolicamque
1237 712 1562 782 nequitiam
1582 714 1883 769 decrevere

229 804 606 856 contemnere
626 802 684 853 et
703 799 1004 854 Christum
1023 799 1210 870 sequi,
1235 806 1372 856 tunc
1395 805 1534 857 sunt
1560 801 1881 874 capti,tunc

227 891 291 946 in
322 890 520 944 dirum
550 904 841 943 carcerem
873 888 1042 943 trusi.

301 981 391 1034 57.
414 977 546 1033 Haec
572 993 706 1033 cum
737 977 893 1033 cives
919 977 1232 1033 Christiani
1260 979 1586 1048 audissent,
1611 982 1882 1052 obstupe-

230 1067 390 1135 facti,
422 1070 647 1122 tantam
680 1065 984 1137 perfidiam
1018 1083 1153 1121 cum
1179 1084 1388 1139 magno
1422 1068 1675 1125 clamore
1693 1087 1879 1142 caspe-

229 1160 370 1212 runt
401 1157 699 1221 damnare,
733 1155 805 1210 ad
829 1172 991 1210 arma
1013 1173 1266 1228 currere,
1291 1161 1348 1213 et
1369 1159 1439 1214 ad
1464 1159 1879 1215 vindicandum

225 1249 458 1301 tantum
492 1243 684 1300 scelus
715 1247 917 1300 contra
944 1244 1270 1300 Guidonem
1303 1246 1478 1302 exire.
1503 1247 1718 1304 Christi
1747 1266 1879 1305 vero

229 1334 508 1399 famulus,
541 1333 758 1390 timens
784 1350 855 1389 ne
869 1335 941 1389 ad
960 1333 1093 1389 ﬁdei
1110 1335 1528 1392 detrimentum
1543 1355 1645 1409 pro
1669 1339 1878 1394 absen-

225 1423 312 1480 tia
325 1422 718 1505 Herlembaldi
740 1423 995 1495 populus
1010 1425 1248 1496 praemio
1273 1429 1372 1480 aut
1393 1428 1602 1482 timore
1621 1443 1879 1484 corrum-

227 1515 483 1586 peretur,
516 1529 614 1568 eos
643 1513 962 1583 praecessit,
995 1514 1053 1568 in
1087 1531 1264 1570 manu
1299 1520 1541 1588 portans
1600 1517 1877 1573 vexillum

225 1605 440 1658 sanctae
471 1601 683 1656 crucis.
717 1600 902 1656 Guido
929 1605 1146 1670 autem,
1197 1620 1302 1674 spe
1361 1604 1554 1660 nimia:
1615 1606 1878 1662 multitu-

226 1690 388 1747 dinis
414 1689 701 1762 equitum,
726 1693 1095 1762 pugnaturus
1117 1692 1369 1747 occurrit
1401 1694 1456 1748 in
1489 1695 1724 1751 ruribus
1756 1696 1876 1751 Mo-

225 1778 858 1880 d'icensibusimillibus
885 1780 1216 1880 feredecem
1241 1781 1313 1836 ab
1333 1783 1475 1880 urbe
1493 1783 1872 1841 distantibus.
1909 1815 1956 1880 B

222 1867 698 1924 Vociferantibus
720 1866 917 1938 itaque
957 1867 1221 1940 partibus
1253 1871 1538 1943 utrisque,
1583 1872 1879 1930 infidelem

224 1958 413 2014 aciem
442 1955 709 2029 protinus
759 1960 958 2012 tantus
1017 1957 1230 2014 invasit
1260 1961 1436 2015 timor
1494 1967 1783 2033 quatenus
1828 1965 1879 2020 ei

224 2045 391 2103 nulla
409 2045 646 2118 quidem
679 2051 1006 2102 remaneret
1037 2063 1172 2120 spes
1195 2048 1455 2117 fugiendi
1479 2050 1564 2105 vel
1599 2050 1876 2122 bellandi,

221 2137 328 2194 sed
355 2135 560 2191 dantes
592 2135 792 2190 statim
828 2134 1087 2202 obsides,
1146 2135 1388 2193 clericos
1436 2142 1881 2210 spoponderunt

223 2229 427 2297 captos
457 2222 805 2296 quantocius
836 2240 898 2279 se
928 2224 1282 2280 reddituros.
1318 2227 1386 2280 Et
1426 2227 1509 2282 sic
1569 2228 1626 2282 in
1676 2232 1876 2286 eodem

224 2312 323 2368 die
353 2311 563 2368 reversi
615 2315 754 2367 sunt
795 2312 1137 2384 gaudentes,
1193 2314 1492 2386 Deumque
1546 2316 1876 2375 laudantes.

219 2400 415 2458 Tertia
445 2401 621 2457 etiam
653 2400 747 2456 die
778 2405 910 2472 post
939 2401 1060 2456 haec
1091 2402 1162 2457 ad
1196 2402 1504 2460 ecclesiam
1524 2405 1629 2460 viri
1650 2407 1747 2462 Dei
1771 2426 1877 2463 vox

222 2489 506 2556 insonuit,
539 2490 778 2546 dicens:
812 2490 896 2544 En
921 2491 1047 2561 jam
1064 2491 1309 2547 veniunt
1368 2494 1543 2549 rudes
1593 2501 1876 2568 martyres

219 2581 461 2650 Christi,
493 2580 686 2636 clerici
720 2579 962 2648 scilicet,
1010 2581 1110 2652 qui
1165 2581 1395 2638 fuerant
1425 2585 1599 2656 capti.
1654 2585 1877 2652 Quibus

218 2670 438 2727 Christi
470 2669 728 2725 famulus
759 2687 894 2725 cum
927 2670 1130 2724 multis
1154 2671 1428 2728 fidelibus
1449 2673 1600 2728 illico
1624 2677 1878 2732 occurrit

219 2760 449 2828 obvius,
482 2775 701 2831 eosque
759 2757 1128 2828 deosculans,
1192 2779 1326 2816 cum
1389 2779 1602 2834 magno
1661 2766 1874 2837 gaudio

219 2849 517 2920 suscepit:
553 2852 610 2904 et
639 2847 866 2904 excelsa
894 2865 1028 2904 voce
1066 2868 1092 2902 α
1124 2851 1202 2905 Te
1261 2855 1444 2906 Deum
1503 2852 1817 2910 laudamus
1847 2877 1878 2903 η

221 2955 360 2996 cum
390 2937 672 2995 fratribus
704 2941 938 2994 cantare
967 2938 1162 3011 coepit,
1197 2938 1450 3011 illosque
1481 2940 1564 2995 sic
1598 2942 1655 2996 in
1687 2944 1874 2999 eccle-

222 3027 376 3084 siam
406 3025 755 3082 introduxit.
787 3028 946 3092 Quos
979 3031 1119 3082 tunc
1151 3032 1584 3085 consterna.....
1619 3029 1732 3101 (30)

293 3116 385 3170 58.
416 3118 734 3187 Postquam
793 3118 988 3171 autem
1043 3115 1485 3173 Herlembaldus
1545 3119 1730 3175 Roma
1782 3139 1869 3178 re-

217 3203 354 3274 diit,
409 3186 746 3276 litterasque
803 3203 1430 3261 excommunicationis
1492 3207 1704 3263 detulit
1784 3186 1944 3264 ar-C

215 3293 612 3366 chiepiscopo,
646 3293 839 3349 subito
865 3294 1179 3366 praedictus
1239 3294 1718 3370 archiepiscopus
1769 3315 1872 3371 per

210 3387 401 3439 totam
461 3383 665 3439 urbem
717 3383 957 3439 nuntios
1017 3383 1177 3440 misit
1217 3384 1278 3440 in
1364 3386 1616 3443 Sabbato
1693 3388 1872 3459 (ante)

211 3475 596 3529 Pentecosten
655 3472 936 3528 nuntians
1008 3473 1298 3529 universis
1373 3474 1619 3544 civibus,
1682 3481 1746 3532 ut
1819 3478 1869 3534 si

208 3561 486 3619 inaudita
515 3561 664 3618 scire
696 3566 997 3634 cuperent,
1029 3562 1087 3618 in
1120 3563 1458 3620 Pentecoste
1490 3566 1604 3636 (31)
1635 3583 1870 3624 summo

213 3649 755 3708 diluculovenirent
784 3652 856 3707 ad
878 3652 1162 3722 majorem
1185 3652 1639 3710 ecclesiam.Hoc
1670 3660 1869 3712 autem

213 3740 349 3796 ideo
381 3739 531 3807 fecit,
565 3743 632 3796 ut
663 3743 870 3796 contra
898 3744 1133 3797 sanctos
1163 3741 1264 3797 Dei
1295 3742 1601 3799 Arialdum
1633 3749 1690 3800 et
1737 3747 1870 3801 Her-

213 3827 579 3885 lembaldum
613 3828 867 3900 populus
901 3829 1204 3887 insaniret.
1234 3831 1401 3887 Mane
1434 3831 1498 3887 ﬁt
1545 3849 1868 3890 concursus

213 3916 458 3990 populi;
519 3917 964 3974 Herlembaldus
1022 3936 1202 3991 supra
1251 3919 1537 3976 cancellos
1568 3923 1680 3994 (32)
1741 3941 1867 3979 sese

217 4004 491 4074 contulit,
513 4005 597 4062 ita
617 4010 682 4062 ut
710 4007 782 4063 ab
809 4006 1085 4063 omnibus
1115 4007 1429 4063 videretur.
1456 4009 1638 4082 Coepit
1691 4009 1869 4082 igitur

202 4093 423 4163 Guido,
455 4097 661 4152 tenens
692 4112 869 4152 manu
899 4097 1525 4153 excommunicationis
1549 4098 1772 4155 bullam
1793 4100 1865 4154 ad

199 4184 492 4258 populum
514 4185 793 4259 conqueri
823 4187 895 4242 de
927 4183 1165 4240 Arialdo
1188 4189 1245 4241 et
1285 4185 1714 4255 Herlembaldo,
1776 4189 1864 4243 di-

200 4289 383 4330 cens:
419 4275 700 4331 Turbatio
733 4275 1008 4348 pestifera
1025 4274 1254 4347 perhos
1313 4274 1696 4332 disseminata
1753 4283 1861 4347 est,

196 4362 290 4419 ita
318 4366 385 4418 ut
413 4363 642 4420 videam
673 4364 734 4419 in
765 4364 858 4420 his
889 4364 1124 4437 scriptis
1155 4363 1422 4419 omnium
1445 4369 1713 4422 nostrum
1735 4383 1865 4438 per-

194 4450 419 4508 niciem
457 4451 768 4508 contineri.
801 4455 933 4507 Haec
979 4453 1136 4508 enim
1163 4452 1364 4508 civitas
1379 4453 1452 4508 ob
1476 4455 1862 4510 reverentiam

1990 537 2106 590 tur.
2143 535 2244 591 His
2274 536 2469 603 dictis,
2503 537 2700 600 Guido
2724 554 2858 594 cum
2916 555 3130 611 magna
3173 539 3517 599 clericorum
3548 563 3641 602 ca-

1991 629 2149 679 terva
2180 625 2350 698 cmpit
2383 627 2756 697 descendere,
2789 633 2853 682 ut
2880 633 3115 684 sanctos
3148 630 3240 685 Dei
3265 632 3636 702 opprimeret.

1993 713 2102 768 Sed
2135 731 2269 769 cum
2302 715 2479 771 nimia
2514 716 2699 788 plebis
2729 718 3019 772 densitate
3049 719 3119 772 ad
3153 735 3250 774 eos
3283 737 3397 774 non
3422 726 3644 792 pateret

1993 807 2462 877 accessus,crepit
2483 807 2670 862 Guido
2693 807 3046 862 exclamare:
3071 812 3286 863 Omnes
3309 810 3478 881 quiS.
3502 815 3640 866 Am-

1991 892 2168 947 brosii
2203 893 2482 949 honorem
2508 896 2760 967 diligunt
2783 898 2852 950 ab
2875 897 3119 952 ecclesia
3140 904 3435 967 exeant,ut
3456 901 3638 955 nostri

1991 982 2312 1038 adversarii
2345 984 2669 1040 evidentius
2701 992 3146 1056 cognoscantur,
3181 988 3470 1059 citiusque
3504 1007 3639 1045 con-

1988 1075 2254 1126 terantur
2283 1078 2339 1127 et
2377 1074 2806 1146 opprimantur.
2843 1077 3168 1147 Subitoque
3214 1077 3460 1133 ecclesia
3509 1097 3637 1136 eva-

1991 1163 2159 1214 cuata
2188 1165 2276 1214 est
2309 1161 2389 1215 ita
2413 1167 2474 1216 ut
2494 1180 2561 1217 ex
2578 1170 2800 1234 septem
2836 1164 3100 1219 millibus
3124 1166 3377 1220 virorum
3407 1173 3634 1224 tantum

1990 1247 2295 1303 duodecim
2328 1252 2712 1306 remanserint
2746 1252 2802 1305 in
2823 1253 3155 1308 subsidium
3180 1272 3476 1311 servorum
3514 1259 3634 1313 Dei.

1987 1336 2262 1392 Arialdus
2293 1343 2485 1393 autem
2519 1345 2575 1394 et
2625 1333 3068 1396 llerlembaldus
3128 1361 3301 1415 super
3353 1347 3640 1403 cancellos

1991 1431 2234 1492 stantes,
2271 1427 2517 1482 ﬂexibus
2544 1428 2790 1499 genibus
2823 1429 3132 1484 Dominum
3195 1433 3544 1487 exorabant:
3580 1435 3638 1490 in

1990 1532 2136 1585 quos
2170 1533 2303 1587 pars
2325 1517 2571 1572 adversa
2601 1516 2854 1572 clamore
2906 1535 3116 1589 magno
3175 1519 3365 1588 irruit,
3413 1521 3544 1576 laici
3581 1524 3639 1578 in

1988 1603 2485 1670 Herlembaldum,
2547 1605 2739 1660 clerici
2794 1623 2928 1661 vero
2960 1607 3017 1660 in
3066 1607 3412 1675 Arialdum;
3462 1627 3638 1681 quem

1986 1709 2159 1764 percu
2172 1693 2376 1748 tientes
2389 1695 2596 1749 deorsu
2608 1711 2662 1749 m
2686 1695 3136 1766 prazcipitant,et
3155 1713 3502 1768 percussum
3517 1717 3640 1755 cre-

1988 1782 2135 1838 dunt
2166 1783 2443 1838 occisum.
2478 1784 2813 1839 Tenebatur
2842 1789 3036 1840 autem
3060 1791 3355 1857 sceptrum
3389 1789 3642 1845 militare

1991 1877 2124 1927 ante
2139 1872 2818 1945 Herlembaldum,super
2831 1891 2944 1945 quo
2963 1891 3023 1929 se
3045 1875 3360 1946 appodiare
3380 1876 3636 1947 solebat;

1990 1979 2105 2034 quo
2137 1962 2248 2016 sibi
2279 1963 2737 2035 propinquantes
2766 1963 3113 2018 mirabiliter
3144 1966 3642 2035 prosternebatita

1990 2055 2055 2106 ut
2088 2051 2286 2106 nullus
2310 2053 2549 2108 auderet
2578 2052 2688 2107 sibi
2725 2052 3114 2124 pr0pinquius
3143 2055 3434 2109 accedere.

2057 2141 2146 2194 59.
2182 2141 2364 2212 Cmpit
2395 2142 2577 2212 igitur
2599 2141 2791 2196 volare
2824 2142 2980 2196 fama
3010 2159 3112 2213 per
3141 2143 3368 2209 urbem,
3390 2149 3639 2200 mortem

1990 2229 2268 2284 nuntians
2298 2229 2536 2299 Arialdi,
2563 2231 2715 2285 unde
2747 2247 3029 2302 sequaces
3069 2231 3160 2285 sui
3223 2232 3306 2286 ira
3365 2235 3640 2290 commoti
3710 2261 3715 2266 ε

1989 2334 2151 2372 arma
2181 2318 2419 2390 capiunt
2445 2336 2457 2385 ;
2483 2319 2900 2390 venientesque
2931 2337 3043 2374 non
3077 2321 3147 2374 ad
3183 2320 3508 2389 ecclesiam,
3539 2324 3639 2378 ubi

1985 2407 2278 2461 tumultus
2298 2408 2550 2475 erat,sed
2565 2407 2962 2478 pontificalem
2987 2409 3183 2466 aulam
3206 2410 3639 2481 ingrediuntur,

1987 2497 2566 2568 quasquereperiunt,
2601 2497 2891 2569 dissipant
2913 2502 2970 2552 et
3001 2514 3104 2569 per
3125 2498 3270 2552 aulae
3305 2499 3635 2570 ingressum

1986 2585 2208 2640 intrant
2244 2586 2664 2641 ccclesiam.....
2720 2593 2812 2642 tos
2854 2592 3263 2658 cruentosque.
3327 2588 3640 2660 Coeperunt

1988 2674 2181 2744 itaque
2212 2675 2689 2730 llerlembaldum
2722 2675 3036 2741 cohortari,
3073 2680 3136 2729 ut
3177 2676 3556 2731 descenderet
3584 2682 3640 2731 et

1985 2763 2198 2818 Christi
2233 2763 2594 2818 adversarios
2623 2780 2755 2818 cum
2817 2764 2901 2819 eis
2949 2767 3359 2834 prosterneret.
3413 2765 3636 2828 Quibus

1986 2852 2146 2907 nullo
2179 2853 2350 2908 modo
2378 2853 2774 2923 acquiescens,
2801 2869 2905 2907 nec
2927 2853 3250 2920 descendit,
3275 2870 3380 2908 nec
3425 2871 3637 2911 manus

1983 2941 2268 3013 deposuit.
2305 2942 2418 3013 Ipsi
2442 2957 2574 2996 vero
2599 2943 2820 2998 irruere
2841 2942 3110 3014 protinus
3137 2944 3194 2996 in
3247 2942 3633 3012 adversarios,

1984 3036 2062 3098 et,
2093 3032 2246 3086 sicut
2272 3036 2405 3086 ante
2434 3030 2862 3086 validissimum
2895 3036 3130 3088 ventum
3157 3032 3478 3097 fumus,sic
3503 3037 3637 3090 ante

1983 3136 2083 3174 eos
2105 3119 2296 3175 omnis
2317 3119 2472 3176 illico
2489 3119 2742 3176 infidelis
2767 3120 3002 3182 evanuit
3017 3120 3292 3194 populus.
3310 3121 3634 3177 Guidonem

1981 3225 2113 3264 vero
2143 3213 2276 3264 ante
2301 3210 2520 3280 januas
2551 3211 2610 3264 in
2634 3227 2782 3280 equo
2807 3209 3104 3282 reperiunt
3128 3227 3140 3277 ;
3161 3225 3334 3280 quem
3358 3210 3520 3280 juste
3542 3210 3632 3264 fu-

1981 3298 2266 3370 stigantes
2288 3298 2561 3369 spoliant,
2580 3303 2753 3370 atque
2773 3297 2974 3353 eorum
3001 3314 3212 3354 manus
3242 3297 3336 3352 vix
3393 3298 3632 3353 evadere

1981 3388 2190 3461 potuit,
2211 3388 2271 3443 in
2297 3389 2660 3444 cmnaculum
2680 3389 2974 3460 quoddam
2991 3392 3212 3443 tractus
3235 3389 3428 3460 potius
3452 3404 3631 3460 quam

1981 3477 2226 3534 delatus.
2252 3479 2361 3533 Tot
2385 3494 2639 3549 namque
2655 3477 2816 3533 ocius
2839 3481 2976 3532 tunc
3010 3493 3330 3549 apparuere
3357 3495 3461 3549 pro
3479 3478 3633 3532 veri-

1977 3570 2096 3622 tate
2127 3570 2415 3624 certantes
2443 3567 2611 3638 quasi
2643 3567 2865 3622 eisdem
2897 3565 3044 3622 nulli
3077 3571 3272 3622 essent
3322 3567 3381 3621 in
3427 3568 3631 3622 eadem

1979 3657 2122 3711 urbe
2153 3656 2511 3712 resistentes.
2538 3657 2748 3728 Magno
2779 3656 2962 3727 igitur
2986 3672 3119 3709 cum
3149 3656 3410 3728 trephaeo
3449 3655 3630 3711 eccle-

1977 3746 2127 3802 siam
2161 3747 2466 3812 intrantes,
2501 3744 2980 3800 Ilerlembaldum
3013 3745 3364 3799 descendere
3387 3744 3630 3809 faciunt,

1976 3833 2094 3890 imo
2127 3833 2240 3888 laeti
2270 3833 2435 3888 valde
2467 3837 2606 3886 sunt
2652 3832 2862 3898 effecti,
2913 3847 2979 3886 eo
3027 3831 3181 3901 quod
3215 3832 3277 3884 B.
3324 3831 3628 3886 Arialdum

1977 3939 2152 3994 quem
2183 3923 2498 3976 credebant
2537 3925 2856 3988 mortuum,
2884 3919 3185 3991 reperiunt
3199 3919 3416 3974 vivum.
3445 3921 3628 3983 Quem

1974 4009 2314 4064 tollentesin
2339 4010 2554 4063 atrium
2570 4007 2980 4081 ecclesize,qum
3003 4008 3223 4064 dicitur
3242 4009 3627 4081 Rozzoni(33),

1975 4098 2309 4166 deveniunt,
2333 4097 2530 4168 ibique
2553 4095 2818 4169 protinus
2839 4101 3006 4153 tanta
3034 4102 3393 4154 armatorum
3437 4098 3631 4154 multi-

1972 4187 2113 4242 tudo
2127 4190 2216 4240 est
2232 4190 2579 4258 congregata
2597 4189 2886 4259 quatenus
2904 4186 3278 4243 inimicorum
3298 4203 3413 4243 non
3437 4187 3628 4244 solum

1974 4292 2217 4348 corpora
2240 4279 2626 4347 prosternere,
2651 4291 2850 4331 verum
2883 4275 3057 4331 etiam
3090 4276 3355 4348 ipsorum
3387 4280 3632 4348 possent

1972 4365 2152 4420 libere
2170 4364 2367 4420 omnia
2388 4364 2632 4420 aedificia
2655 4365 2956 4422 subruere.
2984 4366 3068 4420 Ad
3091 4366 3246 4436 quod
3268 4365 3626 4435 patrandum

1973 4455 2114 4511 dum
2137 4453 2304 4509 anxie
2332 4453 2694 4522 anhelarent,
2711 4453 3181 4518 Herlembaldus,
3197 4452 3325 4523 jam
3348 4451 3627 4508 vexillum

195 4540 268 4598 Β.
302 4540 598 4598 Ambrosii
631 4557 937 4612 nunquam
996 4541 1270 4598 Romanae
1328 4541 1522 4614 paruit
1568 4544 1855 4600 Ecclesiae.
1890 4559 1938 4625 D
1973 4542 2031 4599 in
2061 4560 2233 4598 manu
2263 4547 2466 4598 tenens
2489 4547 2770 4610 erectum,
2805 4545 2920 4598 ait:
2958 4543 3197 4614 Oportet
3227 4544 3291 4594 ut
3322 4541 3627 4595 dominum

194 4629 350 4700 Ergo
372 4628 656 4685 tollantur
686 4630 755 4685 de
803 4634 960 4686 terra
1002 4629 1322 4686 viventium
1371 4631 1432 4685 hi
1479 4631 1864 4691 seminatores

193 4717 523 4774 verborum
555 4735 670 4790 quo
703 4718 964 4790 quotidie
991 4719 1260 4776 laborant
1281 4724 1346 4774 ut
1363 4719 1485 4776 haec
1507 4722 1646 4777 urbs
1670 4723 1862 4794 pristi-

198 4821 346 4864 nam
377 4809 436 4863 et
464 4806 764 4880 propriam
794 4807 1001 4880 perdat
1028 4807 1378 4865 libertatem.
1410 4811 1495 4865 Ad
1528 4810 1649 4866 haec
1690 4812 1863 4884 ccepit

269 4967 387 5039 (30)
408 4967 957 5045 Notat_Puric_ellus,
981 4967 1041 5025 in
1065 4985 1172 5026 suo
1188 4986 1300 5026 ms.
1331 4970 1591 5045 defuisse
1614 4973 1860 5045 paginas

190 5040 352 5126 duas
371 5038 392 5106 ';
417 5055 544 5111 quae
735 5040 972 5126 aliupde
989 5045 1354 5126 restaurentu
1365 5042 1432 5124 r.,j
1446 5043 1582 5099 ubet
1597 5038 1664 5099 su
1676 5038 1858 5126 ppleri

188 5110 446 5188 hiatum
465 5127 535 5188 ex
561 5110 694 5168 Vita
711 5129 814 5184 per
853 5112 1213 5169 Laudult‘um
1265 5110 1568 5184 juniorem
1618 5110 1858 5188 scripta,

192 5182 360 5255 quod
386 5182 559 5255 facio.

270 5253 388 5325 (31)
436 5254 661 5310 Pascha
689 5253 827 5310 anni
857 5254 1014 5319 1066,
1039 5251 1153 5308 litt.
1203 5255 1545 5312 Dominicali
1595 5260 1662 5325 A,
1709 5259 1856 5314 cele—

180 5325 570 5399 bratumifuit
600 5326 668 5399 {6
699 5325 936 5399 Aprilis,
970 5329 1144 5396 atque
1173 5327 1314 5382 adeo
1363 5329 1581 5385 festum
1642 5335 1851 5386 Pente-

199 5401 400 5452 costes
431 5398 464 5451 4
483 5397 667 5454 Junii.

270 5467 385 5539 (32)
406 5468 607 5541 Etiam
626 5468 796 5541 hodie
818 5467 902 5524 sic
920 5467 1247 5541 composita
1270 5471 1529 5526 cernitur
1552 5473 1853 5528 cathedra-

187 5537 285 5594 lis'
303 5537 570 5614 ecclesia,
605 5546 671 5597 ut
699 5540 914 5614 chorus
945 5537 1074 5597 seu_
1105 5541 1556 5614 presbyterium,
1618 5545 1854 5614 reliquae

189 5558 272 5594 us
306 5558 570 5610 ecclesia,
605 5558 671 5597 ut
699 5558 914 5598 cuorus
945 5558 1047 5597 seu
1147 5558 1556 5614 resoyterium,
1618 5558 1719 5601 rell
1771 5563 1851 5600 ιιω

189 5609 459 5670 ecclesiae
489 5613 824 5687 pavimento
853 5613 1028 5672 altius
1060 5558 1140 5670 ad)
1158 5617 1286 5670 octo
1316 5614 1402 5672 vel
1425 5617 1622 5674 decem
1655 5564 1851 5691 pedes,

1972 4631 2274 4687 Arialdum
2317 4631 2714 4702 iuquiramus,
2745 4635 2804 4684 et
2861 4631 3031 4700 cujus
3074 4631 3318 4684 domum
3369 4633 3624 4684 evertere

1973 4721 2246 4794 primitus
2299 4721 2639 4775 debeamus.
2693 4719 2824 4774 Haec
2854 4735 2987 4774 vero
3043 4723 3107 4773 ut
3137 4718 3353 4774 Christi
3406 4722 3629 4789 martyr

1971 4810 2176 4879 audiit,
2211 4809 2271 4863 in
2305 4808 2520 4875 locum,
2558 4808 2712 4862 unde
2744 4825 2777 4862 a
2809 4807 3034 4863 cunctis
3066 4812 3263 4880 posset
3294 4807 3506 4874 audiri,
3564 4825 3626 4862 se

1971 4969 2706 5044 pluribusuconscendatur
2735 4969 3037 5041 gradibus,
3071 4987 3174 5042 per
3217 4987 3368 5041 quos
3395 4969 3628 5024 venitur

1971 5040 2352 5120 ad‘cancel‘los
2381 5041 2490 5112 ipsi
2517 5040 3087 5120 choroprzetensosf
3164 5112 3178 5120 _
3223 5040 3248 5120 ς
3299 5113 3308 5120 _
3437 5111 3446 5120 .
3585 5110 3595 5120 .

2043 5116 2156 5185 (33)
2189 5138 2215 5163 «
2245 5114 2376 5178 Quae
2404 5111 2604 5185 inuno,
2653 5111 2869 5167 dicitur
2897 5118 2954 5169 S.
3008 5112 3334 5185 Sepulchri.
3370 5134 3397 5162 ››
3433 5111 3628 5185 inquit

1971 5181 2293 5242 Landulfus
2315 5183 2802 5261 junior,adcoque
2826 5181 3190 5261 p‘ostann'um
3218 5181 3623 5261 110.0,.quapdo

1969 5262 2296 5313 restaurata
2316 5252 2618 5312 structura
2649 5252 2999 5312 et'dedicata
3030 5257 3241 5310 iterum
3300 5252 3430 5308 fuit.
3476 5252 3623 5307 Vide

1969 5330 2346 5384 Monumenta
2377 5328 2766 5384 Ambrosiana
2798 5345 2930 5400 pag.
2964 5330 3068 5400 477
3099 5331 3155 5382 et
3185 5342 3347 5400 seqq.
3394 5331 3451 5378 et
3481 5340 3624 5400 quo-

1972 5402 2144 5456 modo
2177 5403 2433 5472 primum
2470 5417 2679 5455 nomen
2715 5396 3005 5472 acceperit
3035 5415 3187 5472 anno
3209 5397 3366 5472 10:36,
3401 5413 3434 5452 a
3457 5418 3484 5445 α
3517 5396 3620 5472 Be-

1971 5468 2226 5542 nedicto,
2258 5473 2355 5543 qui
2389 5476 2444 5526 et
2465 5472 2638 5538 Rozo,
2678 5496 2703 5519 η
2740 5468 2926 5543 primo
2958 5471 3085 5539 ejus
3145 5468 3454 5543 fundatore
3508 5468 3618 5522 sub

1968 5544 2139 5600 titulo
2164 5568 2187 5591 ‹‹
2208 5539 2620 5615 ΒξΤιτὶηίῐίιίὶε,
2645 5568 2670 5593 ››
2688 5539 2857 5616 juxta
2887 5542 3348 5600 instrumentum
3375 5539 3454 5596 ibi
3486 5557 3619 5613 pro~

1973 5617 2236 5676 ductum.

3398 293 3400 295 ’
3489 319 3650 385 mo
3759 287 3766 294 ⁷
