4152 6194
255 329 413 396 Μῖθ

1849 323 2072 399 ACTA.

3510 337 3666 416 1474

253 477 361 543 per
380 470 605 527 Padum
633 470 863 544 navigio
893 472 1193 544 cceperunt
1218 468 1568 526 descendere
1597 469 1730 542 (36),
1762 485 1904 542 qua-
1936 471 1990 538 Α
2021 459 2385 528 cultandum.
2419 472 2679 538 Quicum
2702 477 3066 549 promitteret
3087 496 3149 535 se
3171 482 3341 553 juxta
3361 485 3668 543 ecclesiam

253 562 435 616 tenus
462 560 709 616 Romam
740 561 1068 634 pergerent,
1101 562 1158 615 et
1177 574 1364 630 usque
1388 559 1459 613 ad
1483 558 1641 614 aliud
1671 562 1907 631 tempus

253 650 436 705 tantae
461 649 558 705 irae
589 649 879 706 cederent.
906 650 970 704 In
993 665 1108 721 quo
1131 647 1356 704 scilicet
1380 647 1610 720 navigio
1632 647 1743 704 sub
1764 664 1907 720 quo-

256 738 395 815 dam
427 737 581 811 capti
604 741 744 795 sunt
772 738 985 811 oppido
1026 738 1160 810 (37),
1193 740 1251 793 et
1281 753 1349 792 ex
1377 737 1569 793 medio
1617 735 1908 793 sodalium

254 827 630 884 ineﬁ'abiliter
659 828 1034 884 maerentium
1058 826 1416 883 B.Aria1dus
1445 827 1726 883 violenter
1749 827 1910 884 solus

257 919 349 973 est
379 919 603 990 raptus,
635 918 693 973 et
716 917 776 972 in
808 931 1000 972 arcem
1032 917 1337 972 deductus.
1366 915 1474 971 Ubi
1503 917 1643 971 dum
1676 915 1909 971 solitam

258 1006 320 1062 in
339 1007 602 1063 oratione
628 1009 685 1062 et
705 1021 976 1064 sermone
993 1008 1216 1062 teneret
1236 1004 1648 1073 constantiam,
1663 1004 1911 1060 miratus

258 1095 450 1163 miles,
476 1096 577 1169 qui
600 1096 797 1170 ipsum
838 1098 1088 1168 ceperat,
1114 1095 1227 1150 ait:
1256 1094 1518 1150 Pontifex
1547 1093 1764 1167 quippe
1793 1095 1910 1150 Me-

259 1185 622 1242 diolanensis
653 1201 935 1257 magnum
969 1185 1204 1256 quidem
1229 1183 1376 1239 mihi
1405 1200 1467 1240 se
1487 1184 1763 1239 daturum
1786 1195 1914 1256 pro-

260 1273 424 1330 misit
443 1275 776 1346 premium,
797 1274 846 1330 si
865 1278 922 1330 te
942 1289 1230 1346 caperem,
1251 1273 1419 1344 eique
1439 1275 1494 1328 te
1515 1273 1914 1328 darem.Nam-

261 1379 374 1435 que
402 1363 547 1419 mihi
579 1363 652 1419 ab
700 1379 766 1419 eo
809 1366 900 1418 est
930 1363 1271 1418 intimatum
1301 1365 1359 1417 te
1392 1378 1519 1418 esse
1549 1361 1912 1430 haereticum,

261 1453 444 1524 quod,
477 1457 542 1508 ut
573 1463 768 1522 cerno,
801 1451 1040 1507 omnino
1072 1455 1162 1508 est
1191 1451 1427 1507 falsum.
1489 1452 1749 1524 Denique
1778 1467 1912 1508 eum

261 1552 398 1597 cum
431 1541 592 1598 omni
622 1542 796 1598 domo
828 1557 936 1597 sua
964 1540 1372 1598 venerabiliter
1400 1540 1613 1597 habere
1643 1542 1834 1614 cmpit,
1860 1544 1918 1597 et

262 1629 580 1687 ComitibUs
629 1629 856 1687 mmstis
905 1630 1144 1702 Papiam
1186 1631 1314 1701 jam
1374 1631 1622 1687 reversis
1675 1630 1916 1687 reddere

262 1718 586 1775 festinavit.

333 1809 427 1864 66.-
455 1809 592 1864 Post
619 1809 763 1876 haec,
796 1809 1045 1864 scientes
1065 1808 1203 1890 ‘loca
1244 1809 1503 1880 undique
1546 1808 1806 1877 obsessa,
1842 1810 1913 1866 ad

264 1898 564 1971 quoddam
617 1902 877 1953 castrum
922 1897 1035 1969 (38)
1081 1897 1282 1953 ﬁdelis
1330 1896 1720 1954 Herlembaldi
1780 1902 1918 1954 sunt

263 1987 501 2044 reversi.
537 1987 702 2042 Tunc
724 1987 966 2059 quidam
990 1987 1197 2043 fratres
1229 1988 1638 2044 Canlurienses
1670 1988 1720 2043 ei
1755 2004 1920 2043 man-

265 2076 506 2142 darunt,
545 2077 832 2132 dicentes:
876 2075 1055 2131 Nobis
1095 2076 1334 2148 quidem
1357 2077 1450 2132 hic
1468 2093 1571 2149 pro
1595 2076 1777 2132 nimia
1796 2094 1924 2149 per-

267 2166 566 2222 secutione
614 2165 805 2220 viVere
843 2181 962 2220 non
1014 2164 1165 2232 licet,
1219 2181 1325 2220 nos
1371 2181 1505 2220 vero
1539 2166 1611 2220 ad
1642 2169 1697 2221 te
1725 2166 1922 2221 venire

261 2254 428 2326 jube,
460 2253 508 2310 si
531 2253 739 2326 placet.
764 2253 990 2317 Quibus
1020 2259 1078 2308 et
1111 2254 1271 2325 ipse:
1306 2253 1670 2326 Quicunque,
1704 2253 1918 2326 inquit,

270 2359 500 2400 mecum
533 2360 636 2417 pro
665 2343 894 2399 Christo
926 2342 1075 2398 mori
1105 2347 1193 2399 est
1213 2347 1474 2415 paratus,
1496 2342 1693 2398 venire
1724 2344 1794 2399 ad
1828 2360 1922 2400 me

271 2433 532 2503 festinet,
556 2433 657 2506 qui
689 2435 885 2489 autem
919 2431 1181 2488 nondum
1214 2435 1324 2498 est,
1359 2431 1639 2488 aliorsum
1688 2432 1922 2506 fugiens

271 2522 544 2578 declinet.
577 2522 726 2586 Haec,
762 2538 856 2577 me
886 2524 1190 2593 prasente,
1224 2521 1380 2576 dicta
1422 2524 1580 2577 sunt.
1635 2520 1770 2576 Post
1799 2521 1921 2576 haec

273 2611 702 2679 Herlembaldo,
762 2611 1102 2683 cazterisque
1159 2610 1259 2682 qui
1307 2627 1506 2666 secum
1542 2610 1804 2677 aderant,
1836 2610 1920 2665 sic

269 2699 504 2757 locutus
523 2704 647 2757 est:
681 2701 764 2756 Ex
795 2700 925 2765 hac,
958 2700 1172 2771 inquit,
1203 2702 1358 2754 terra
1396 2699 1551 2754 exire
1582 2700 1918 2771 nequimus,

267 2791 408 2862 quia
429 2790 748 2846 mortiferis
770 2789 1002 2845 insidiis
1034 2805 1238 2844 omnes
1268 2787 1464 2844 aditus
1504 2789 1919 2844 obsessos’sci-

269 2891 423 2935 mus.
437 2880 508 2935 Et
522 2879 616 2934 hic
632 2893 865 2934 manere
885 2895 1001 2933 non
1018 2894 1352 2950 possumus,
1371 2877 1647 2948 quoniam
1667 2877 1920 2950 populus

265 2985 523 3025 vesanus
546 2968 647 3024 hic
671 2985 763 3024 me
787 2967 1061 3040 persequi
1075 2968 1200 3038 jam
1229 2967 1513 3034 minatur;
1539 2971 1594 3022 et
1623 2966 1788 3022 valde
1817 2983 1918 3039 pa-

257 3074 370 3114 veo
403 3075 476 3114 ne
506 3058 768 3113 insontes
794 3058 970 3129 hujus
997 3056 1104 3110 loci
1127 3055 1328 3112 incolae
1351 3056 1460 3110 sub
1485 3055 1593 3111 hac
1615 3056 1918 3111 occasione

261 3148 663 3203 devastentur.
698 3149 1061 3218 Quapropter
1089 3161 1326 3200 necesse
1348 3149 1437 3200 est
1467 3147 1530 3198 ut
1559 3143 1717 3199 aliud
1748 3161 1916 3217 repe-

2017 560 2212 617 locum
2235 562 2317 617 sic
2339 562 2552 620 habere
2576 570 2886 635 secretum,
2918 573 2984 623 ut
3013 567 3071 624 in
3095 587 3162 625 eo
3195 574 3528 645 quempiam
3567 593 3671 648 per

2021 650 2240 708 multos
2263 667 2449 710 annos
2469 657 2664 711 tenere
2678 656 2895 712 valeret
2916 656 3200 728 celatum;
3225 662 3416 716 media
3433 665 3668 720 tandem
3688 721 3701 731 ,

2018 743 2206 808 nocte,
2239 740 2442 799 libatis
2482 745 2688 813 oculis,
2743 763 2875 802 cum
2925 748 3242 819 gemitibus
3292 753 3348 806 et
3396 751 3673 824 lacrymis

2019 829 2245 900 multis,
2261 849 2452 904 usque
2470 833 2542 890 ad
2565 839 2790 906 portam
2807 853 2938 892 cum
2964 838 3234 894 ambolus
3255 840 3668 912 processimus.

2018 918 2164 974 Nam
2197 920 2394 992 ipsum
2452 922 2707 978 multum
2770 924 3061 997 deprecati
3121 943 3352 999 sumus,
3388 934 3453 985 ut
3486 949 3672 987 unum

2019 1007 2455 1082 (quemcunque
2486 1027 2555 1067 ex
2583 1012 2752 1068 nobis
2798 1013 2994 1086 vellet)
3024 1015 3084 1071 in
3117 1033 3290 1073 suum
3323 1019 3673 1091 obsequium

2033 1113 2293 1167 sumens,
2327 1100 2602 1157 duceret:
2643 1101 2864 1164 Quibus
2895 1108 2950 1158 et
2980 1104 3142 1177 ipse:
3178 1106 3676 1180 Nequaquam,in-

2024 1188 2174 1260 quit,
2202 1190 2502 1261 quoniam,
2521 1192 2569 1247 si
2591 1209 2706 1246 una
2720 1193 2833 1248 duo
2852 1197 3014 1260 sunt,
3029 1193 3350 1266 loquuntur
3366 1202 3422 1253 et
3438 1198 3676 1271 loquen-

2021 1280 2108 1333 tes
2142 1278 2482 1334 audiuntur.
2540 1280 2678 1345 Quis
2732 1281 2838 1336 fari
2879 1287 3070 1354 potest
3103 1290 3320 1356 quanta
3353 1287 3508 1343 bona
3537 1292 3674 1345 tunc

2021 1365 2467 1423 Herlembaldus
2497 1367 2831 1442 presbytero
2891 1373 3180 1443 promisit,
3215 1376 3264 1430 si
3307 1376 3432 1448 ipse
3461 1377 3677 1434 Christi

2024 1454 2312 1512 famulum
2335 1459 2633 1528 tractaret,
2661 1458 2830 1528 bene,
2866 1464 2922 1516 et
2954 1466 3174 1533 quanta
3202 1463 3377 1531 mala,
3412 1465 3460 1521 si
3494 1465 3674 1522 male?

2023 1544 2332 1600 Moerentes
2355 1545 2554 1619 igitur,
2584 1551 2866 1621 utrosque
2891 1549 3050 1607 abire
3072 1552 3480 1624 permisimus;
3507 1570 3679 1609 mane
3739 1590 3750 1595 -

2021 1649 2153 1690 vero
2187 1634 2256 1689 ad
2291 1634 2497 1691 urbem
2524 1636 2888 1694 devenimus.

2095 1722 2184 1777 66.
2218 1722 2526 1797 Presbyter
2554 1741 2690 1799 ergo
2723 1743 2999 1798 nequam,
3026 1744 3160 1785 mox
3182 1734 3247 1786 ut
3296 1731 3356 1786 in
3398 1748 3503 1787 suo
3537 1744 3679 1787 con-

1948 1853 1994 1919 Β
2026 1811 2171 1919 alavi
2187 1809 2355 1868 illum
2376 1814 3056 1881 concluserat,diabolico
3080 1821 3270 1875 tactus
3284 1816 3678 1891 Spiritu,malo

2031 1899 2278 1957 Guidoni
2310 1903 2584 1959 nuntiare
2614 1905 2929 1971 festinavit,
2951 1905 3184 1963 dicens:
3238 1907 3384 1973 Quid
3415 1908 3502 1963 vis
3533 1906 3680 1963 mihi

2031 1989 2187 2056 dare,
2223 1994 2279 2046 et
2309 2008 2413 2064 ego
2445 1993 2551 2048 tibi
2580 1994 2810 2048 tradam
2839 1994 3143 2052 Arialdum
3175 1996 3302 2052 sine
3322 1997 3518 2063 turba,
3551 1997 3680 2053 sine

2031 2078 2457 2148 Herlembaldo,
2497 2081 2616 2138 imo
2668 2083 2889 2154 absque
2945 2084 3065 2140 viro
3127 2085 3376 2158 aliquo?
3431 2085 3530 2140 Cui
3562 2085 3677 2154 ille,

2029 2167 2194 2222 lintus
2226 2169 2404 2224 nimis
2439 2172 2699 2236 effectus,
2724 2189 3007 2245 magnum
3032 2175 3338 2246 praemium
3363 2165 3519 2229 illico
3543 2189 3676 2229 cum

2031 2257 2342 2314 securitate
2372 2259 2645 2331 promisit
2676 2261 2724 2316 si
2750 2263 2872 2333 ipse
2903 2264 3059 2326 quod
3084 2261 3684 2335 promittebatimple-

2029 2349 2134 2402 ret.
2169 2347 2335 2402 Tune
2367 2347 2479 2403 sibi
2503 2349 2882 2422 quamplures
2907 2351 3028 2405 dari
3061 2351 3228 2422 petiit
3250 2349 3468 2407 milites
3495 2369 3507 2419 ;
3533 2366 3681 2422 quos

2030 2439 2297 2506 sumptos
2327 2436 2478 2492 inter
2507 2439 2654 2493 duas
2688 2439 2990 2506 macerias,
3018 2440 3087 2494 ab
3110 2439 3472 2496 habitatione
3495 2454 3679 2495 seces-

2030 2540 2144 2591 sas,
2179 2529 2345 2580 nocte
2367 2527 2690 2594 constituit,
2720 2528 2950 2583 dicens:
2976 2527 3161 2595 Unus,
3188 2528 3401 2601 inquit,
3427 2543 3494 2583 ex
3517 2527 3682 2584 vobis

2028 2615 2438 2670 tantummodo
2470 2615 2528 2671 in
2560 2616 2970 2687 mediajaceat
2997 2617 3108 2685 via,
3145 2621 3312 2673 scuto
3344 2621 3677 2689 coopertus;

2028 2701 2184 2756 hunc
2215 2704 2395 2771 enim,
2430 2721 2566 2760 cum
2612 2721 2841 2772 venero,
2892 2705 3217 2777 percutiam
3266 2702 3680 2761 calceamento.

2030 2789 2193 2845 Tunc
2222 2807 2326 2847 vos
2356 2809 2560 2848 omnes
2581 2793 2852 2848 velociter
2881 2793 3126 2866 surgite,
3152 2797 3207 2848 et
3236 2798 3356 2848 tam
3389 2809 3480 2848 me
3503 2809 3681 2865 quam

2028 2877 2222 2948 ipsum
2247 2879 2434 2952 capite
2458 2899 2470 2948 ;
2499 2898 2570 2936 ne
2593 2883 2734 2936 forte
2757 2881 2992 2953 quidem
3018 2898 3196 2954 super
3216 2881 3397 2937 alium
3425 2880 3682 2953 surgatis

2026 2966 2280 3032 incaute,
2301 2969 2467 3024 vobis
2500 2969 2608 3025 hoc
2641 2970 2758 3025 fore
2791 2971 3026 3042 signum
3052 2971 3274 3026 scitote.
3301 2971 3370 3025 Et
3400 2974 3531 3042 post
3560 2970 3680 3025 hinc

2028 3056 2088 3111 in
2118 3055 2211 3111 his
2241 3058 2433 3113 verbis
2463 3059 2535 3113 ad
2566 3059 2756 3114 virum
2788 3059 2889 3115 Dei
2922 3059 3225 3132 ingressus
3249 3063 3338 3115 est
3367 3078 3378 3114 :
3418 3059 3678 3125 Domine,

2027 3145 2244 3217 inquit,
2276 3146 2525 3214 Arialde,
2558 3164 2794 3204 necesse
2827 3152 2914 3204 est
2935 3154 3001 3204 ut
3030 3149 3166 3205 hinc
3187 3149 3462 3204 velociter
3491 3149 3678 3204 disce-

257 3236 492 3293 riamus
512 3235 845 3304 consilium,
872 3234 1197 3301 scilicet,ut
1219 3249 1551 3305 quaeramus
1574 3234 1910 3306 quempiam
1942 3222 1986 3288 C
2023 3235 2256 3302 damus,
2287 3241 2344 3290 et
2372 3237 2441 3291 ad
2475 3241 2757 3303 castrum,
2792 3239 2862 3294 de
2895 3254 3009 3310 quo
3041 3242 3095 3293 te
3127 3239 3380 3310 suscepi,
3423 3241 3674 3292 reverta-

254 3324 476 3393 virum,
512 3324 610 3397 qui
644 3340 737 3379 me
775 3339 878 3395 per
925 3322 1048 3378 dies
1079 3322 1301 3394 aliquot
1355 3321 1413 3375 in
1469 3337 1636 3377 suam
1667 3321 1917 3378 occultet

253 3415 528 3479 domum,
562 3417 854 3485 quatenus
885 3411 1121 3467 interim
1157 3415 1258 3466 aut
1301 3409 1504 3482 populi
1537 3410 1699 3466 furor
1727 3411 1914 3467 defer-

254 3505 418 3571 veat,
448 3507 503 3559 et
535 3502 595 3558 in
627 3501 736 3558 hac
757 3506 913 3558 terra
943 3517 1036 3556 me
1063 3500 1256 3555 vivere
1301 3498 1490 3566 liceat,
1524 3497 1613 3554 vel
1640 3497 1914 3555 custodia:

257 3593 326 3647 in
353 3591 587 3648 insidiis
615 3591 836 3663 ubique
858 3591 1057 3662 posita:
1089 3605 1182 3644 me
1213 3588 1501 3643 desistant
1531 3604 1785 3660 quaerere
1811 3605 1916 3661 pro

260 3679 450 3737 nimia
478 3681 812 3746 securitate,
847 3685 904 3735 et
936 3679 1018 3734 sic
1042 3695 1134 3734 me
1165 3677 1301 3732 hinc
1333 3677 1478 3732 forte
1510 3677 1713 3733 licebit
1737 3678 1914 3735 exire.

259 3769 376 3834 Qui
406 3770 834 3842 responderunt
863 3767 1121 3823 dicentes
1147 3784 1160 3822 :
1185 3766 1318 3830 Quae
1343 3771 1539 3823 autem
1570 3767 1738 3833 dicis,
1773 3785 1914 3824 cun-

259 3858 380 3914 ctis
400 3857 650 3931 placent,
677 3858 726 3913 si
751 3857 1110 3913 inveniretur
1138 3855 1238 3928 qui
1269 3855 1376 3911 hoc
1410 3855 1655 3912 ﬁdeliter
1685 3857 1914 3912 faceret.

261 3946 340 4003 Et
366 3946 497 4003 ille:
530 3947 651 4015 Est,
710 3946 924 4018 inquit,
960 3945 1081 4000 loco
1143 3943 1278 4000 huic
1326 3943 1567 4016 quidam
1618 3946 1919 4018 presbyter

260 4035 516 4103 vicinus,
540 4052 728 4108 nuper
747 4052 816 4090 ex
836 4033 1236 4106 Hierosolyma
1255 4049 1578 4105 regressus,
1603 4036 1705 4106 qui
1727 4033 1918 4090 hacte-

184 4184 190 4188 ,
265 4141 383 4182 nus
408 4125 554 4181 mihi
585 4125 818 4181 credere
848 4122 992 4180 satis
1021 4129 1111 4179 est
1137 4122 1318 4189 visus,
1354 4114 1455 4194 per
1481 4139 1678 4194 quem,
1712 4123 1760 4178 si
1794 4123 1917 4194 pla-

265 4215 378 4285 cet,
413 4213 705 4281 mittatur,
732 4215 790 4270 et
809 4230 987 4286 super
1007 4212 1117 4267 hac
1138 4225 1198 4267 re
1225 4209 1534 4283 diligenter
1561 4212 1916 4284 inquiratur.

265 4302 558 4360 Omnibus
589 4304 788 4376 itaque
815 4302 1168 4369 volentibus,
1193 4317 1296 4373 per
1326 4299 1646 4356 nefandum
1679 4303 1918 4375 presby-

265 4397 462 4449 terum
494 4399 634 4449 tunc
666 4393 916 4448 missum
949 4396 1055 4448 est.

339 4483 431 4537 65.
463 4481 602 4538 Post
643 4481 767 4536 haec
817 4479 1120 4536 ecclesiam
1171 4479 1477 4552 ingressus
1524 4479 1652 4552 ipse
1707 4484 1815 4548 est,
1860 4479 1918 4535 in

266 4586 408 4644 qua,
441 4571 720 4643 quoniam
742 4568 940 4642 vigilia
968 4569 1079 4641 (39)
1113 4569 1170 4624 S.
1203 4570 1448 4625 Joannis
1479 4569 1749 4640 Baptistae
1772 4573 1914 4637 erat,
1948 4591 1995 4656 Β

265 4677 300 4715 a
334 4675 507 4715 mane
538 4675 727 4731 usque
760 4659 831 4713 ad
862 4658 1066 4713 horam
1116 4658 1282 4729 quasi
1317 4675 1532 4714 nonam
1564 4658 1624 4712 in
1655 4657 1914 4714 oratione

262 4749 594 4821 permansit
611 4745 970 4803 indeficiens.
995 4746 1596 4803 Eteccedetestandus
1620 4748 1920 4819 presbyter

261 4831 527 4905 veniens,
556 4842 775 4893 secrete
806 4835 1231 4908 diligenterque
1269 4836 1606 4907 inquiritur,
1640 4836 1689 4891 si
1723 4835 1916 4891 locum

263 4927 511 4983 haberet
541 4931 743 4999 aptum
765 4926 837 4980 ad
865 4926 1055 4996 ipsum
1081 4941 1183 4997 per
1201 4930 1319 4981 tres
1344 4925 1547 4980 saltem
1573 4941 1808 4981 menses
1830 4943 1918 4980 oc-

339 5052 454 5124 (36)
486 5052 548 5106 In
581 5051 870 5107 JEmiliam
921 5049 1162 5118 scilicet,
1217 5056 1281 5106 ut
1341 5067 1441 5124 per
1471 5055 1690 5106 statum
1723 5051 1914 5122 ponti-

263 5123 470 5180 ﬁcium
497 5128 692 5187 tutum
723 5124 833 5177 iter
866 5126 1150 5178 tenerent.

363 5197 455 5266 37)
494 5194 833 5275 Landult‘us,
879 5216 919 5275 Δ«ι
956 5194 1066 5275 sub
1126 5194 1378 5275 quodam
1431 5192 1915 5275 Placentino-pp-

262 5265 488 5338 pido,»
513 5266 771 5338 primum
796 5269 1003 5338 autem?
1020 5265 1195 5336 Papia
1219 5265 1587 5338 venientibus
1608 5269 1745 5338 post
1769 5266 1835 5318 16
1857 5282 1913 5336 p.

265 5335 348 5393 in.
375 5335 670 5393 occurrit«
694 5335 1154 5409 Parpanesiusﬁg
1181 5353 1286 5392 nec
1302 5335 1501 5409 procul
1527 5335 1662 5409 inde
1683 5335 1917 5408 longius

264 5426 302 5464 a
328 5409 460 5482 ripa
491 5431 519 5460 «
551 5407 824 5466 Castrum
853 5410 912 5464 S.
945 5407 1212 5474 Joannis,
1249 5429 1276 5456 »
1307 5407 1423 5479 quo
1456 5408 1598 5464 forte
1629 5407 1916 5464 deductus

262 5487 512 5538 sanctus
542 5485 649 5537 est.

338 5553 450 5626 (38)
471 5575 497 5603 ‹‹
535 5545 927 5626 ῙΛΘΒῘΙΕΠΠΠὶ-)ξ
950 5550 1205 5626 appellat
1230 5547 1653 5626 LaAndulfus,ad
1674 5550 1916 5626 Olanam

471 5575 497 5603 (‹
535 5569 610 5608 L8
655 5569 876 5608 nanum
898 5575 924 5601 n
950 5569 983 5607 a
1028 5569 1205 5623 pellat
1230 5569 1653 5620 LEDQUIIUS,8G
1674 5569 1912 5608 umnam

261 5623 534 5692 ﬂuvium,
567 5569 723 5701 1gp.
759 5641 837 5683 ω.
873 5569 1238 5692 Mediolano;
1289 5623 1566 5682 Centurio
1600 5626 1795 5681 autem
1821 5624 1912 5694 20,

2025 3341 2177 3391 mur,
2213 3325 2492 3396 quoniam
2522 3331 2578 3381 te
2634 3327 2729 3382 hic
2785 3343 2912 3382 esse
2971 3327 3246 3383 omnibus
3304 3332 3510 3382 notum
3546 3329 3674 3395 est;

2025 3431 2163 3470 nam
2195 3414 2245 3469 si
2277 3414 2372 3469 hic
2404 3432 2628 3470 moram
2656 3417 2988 3482 fecerimus,
3013 3434 3142 3473 cras
3160 3417 3361 3490 procul
3384 3415 3563 3472 dubio
3586 3432 3677 3471 ca-

2025 3504 2272 3574 piemur.
2307 3503 2411 3558 Cui
2436 3504 2524 3558 vir
2544 3504 2674 3559 Dei:
2709 3505 2863 3571 Tibi,
2886 3505 3099 3577 inquit,
3121 3506 3216 3561 via
3237 3509 3504 3571 estnota,
3528 3521 3677 3577 pras-

2026 3593 2164 3648 cede
2195 3608 2350 3665 ergo,
2385 3595 2440 3648 et
2466 3610 2572 3666 ego
2593 3610 2808 3665 sequar
2832 3598 2911 3650 te.
2943 3595 3244 3650 Traditore
3274 3594 3454 3666 igitur
3473 3610 3682 3665 praece-

2027 3681 2219 3751 dente,
2253 3683 2323 3737 ad
2357 3681 2573 3737 milites
2594 3698 2802 3738 venere
2828 3683 3084 3755 utrique.
3105 3683 3176 3737 Et
3195 3700 3262 3738 ex
3283 3682 3676 3737 calceamento

2026 3771 2176 3826 facto
2210 3772 2474 3826 condicto
2505 3771 2694 3843 signo,
2747 3788 2951 3826 omnes
2992 3770 3209 3842 pariter
3267 3771 3322 3824 in
3353 3770 3452 3825 Dei
3482 3769 3674 3824 virum

2027 3859 2280 3926 irruunt,
2329 3876 2580 3930 eumque
2613 3860 2872 3930 capiunt,
2917 3863 3274 3930 captumque
3325 3857 3524 3913 stricte
3550 3857 3678 3912 vin-

2028 3949 2209 4014 ciunt,
2237 3952 2291 4002 et
2306 3949 2851 4019 vinctumjumento
2870 3948 3388 4019 superimponunt,
3414 3964 3476 4002 ac
3499 3947 3678 4002 tacite

2027 4037 2367 4108 conciteque
2398 4040 2598 4092 contra
2646 4037 2862 4092 Lacum
2915 4037 3198 4108 majorem
3237 4037 3348 4108 (40)
3400 4035 3680 4091 festinant

2029 4140 2285 4196 pergere.

2098 4214 2188 4267 67.
2221 4213 2338 4269 Hoc
2370 4218 2566 4269 autem
2599 4217 2733 4270 ante
2780 4214 2986 4270 horam
3018 4214 3130 4270 dici
3179 4213 3436 4278 tertiam,
3471 4212 3529 4268 in
3563 4229 3678 4286 quo

2029 4300 2229 4373 vigilia
2257 4301 2311 4356 S.
2344 4302 2498 4356 Petri
2531 4302 2878 4369 celebratur,
2911 4318 3012 4374 per
3058 4306 3246 4358 totum
3280 4301 3676 4358 Mediolanum
3784 4335 3789 4339 ~

2029 4395 2118 4445 est
2147 4389 2510 4462 divulgatum
2538 4409 2550 4458 ;
2583 4392 2737 4446 unde
2771 4392 2988 4447 factum
3037 4396 3126 4447 est
3172 4395 3238 4446 ut
3281 4391 3500 4460 ubique
3529 4393 3681 4445 esset

2028 4478 2222 4534 luctus
2251 4485 2308 4534 et
2356 4480 2679 4536 lamentum
2730 4481 2982 4552 piorum,
3030 4480 3205 4550 atque
3237 4483 3439 4534 contra
3465 4495 3680 4534 vesana

2029 4567 2338 4623 exsultatio
2357 4569 2758 4640 reproborum.
2781 4569 2942 4634 Quod
2957 4584 3061 4640 ego
3076 4567 3343 4633 audiens,
3363 4565 3684 4622 tumultuo-

2025 4674 2152 4713 sam
2177 4661 2233 4713 et
2263 4658 2566 4714 Confusam
2601 4657 2866 4728 protinus
2897 4655 3106 4728 reliqui
3141 4657 3367 4724 urbem,
3420 4669 3675 4726 eumque

2030 4752 2374 4818 prosecutus
2395 4764 2548 4802 sum.
2574 4745 2868 4817 Dieigitur
2887 4745 3087 4800 eodem
3111 4749 3396 4816 nocteque
3413 4743 3681 4815 sequenti

2027 4837 2233 4892 festiue
2264 4852 2605 4907 properans,
2639 4835 2732 4889 die
2762 4834 2943 4890 altero
2974 4835 3046 4888 ad
3078 4835 3381 4905 praefatum
3407 4837 3532 4906 jam
3560 4831 3680 4889 sole

2026 4927 2244 4980 oriente
2265 4924 2495 4996 perveni
2523 4929 2764 4991 Lucum;
2791 4940 2970 4996 supra
2991 4925 3162 4996 cujus
3184 4924 3326 4980 dum
3350 4924 3676 4980 incederem

2026 5053 2082 5105 et
2110 5067 2144 5104 a
2175 5050 2325 5104 Lacu
2358 5047 2561 5119 Majori
2586 5046 2777 5103 solum
2812 5048 2895 5102 11.

2097 5122 2208 5194 (39)
2241 5119 2575 5194 Scilicet‘23‘
2597 5119 2778 5194 Junii.

2099 5189 2210 5263 (40)
2244 5192 2430 5262 Major
2468 5189 2680 5263 dicitur
2711 5213 2738 5240 «
2773 5191 2979 5263 Lacus,
3015 5215 3044 5242 η
3094 5193 3234 5248 olim
3286 5215 3312 5241 ‹‹
3344 5191 3677 5255 Verbanus,

2026 5262 2200 5338 quem
2223 5263 2457 5338 Ticinus
2477 5262 2654 5338 efficit
2673 5262 2939 5338 evolutus
2956 5264 3310 5338 eprlpibus,
3336 5263 3497 5338 initio
3519 5277 3686 5338 sum:

2026 5333 2124 5405 pto
2146 5335 2297 5390 circa
2315 5335 2373 5389 S.
2395 5333 2612 5405 Aurigii
2637 5335 2917 5404 oppidum
2947 5353 2960 5402 ;
2980 5336 3079 5390 ubi
3100 5333 3370 5406 stagnare
3391 5333 3673 5406 incipiens

2027 5404 2204 5478 seque
2239 5404 2581 5472 (lill’undere,
2616 5422 2718 5476 per
2759 5407 3036 5478 milliaria
3086 5404 3212 5460 fere
3245 5408 3316 5459 50
3366 5404 3679 5459 deducitur

2027 5495 2214 5557 usque
2273 5479 2541 5557 sextum,
2585 5483 2641 5557 et
2673 5494 2880 5557 rursus
2920 5477 3091 5557 intra
3146 5478 3304 5557 ripas
3331 5481 3670 5557 coercetur,

2025 5547 2221 5624 ipsum
2253 5553 2448 5607 autem
2507 5549 2748 5607 Sextum
2807 5547 3137 5607 Mediolano
3166 5547 3349 5607 distat
3378 5565 3436 5627 p.
3469 5564 3550 5606 m.
3581 5549 3674 5610 26.
