4142 6192
507 302 545 360 ,1
556 299 673 360 475

1632 293 1744 357 SS.
1790 289 2111 358 ARIALDI
2155 291 2257 355 ET
2299 288 2807 358 ERLEMBALDI

3766 293 3919 358 απ

513 435 699 501 littus,
733 434 790 485 et
814 427 1086 485 Stationae
1108 428 1242 500 (41),
1276 427 1377 482 ubi
1398 425 1698 498 parentela
1719 406 2160 483 maliGuidonis
2190 428 2243 494 Α
2272 400 2536 483 cessione
2565 427 2776 482 exibat.
2812 425 2895 483 Ibi
2924 425 3169 498 quidem
3210 396 3476 482 seorsum
3523 425 3683 481 duas
3734 425 3920 482 inveni

512 521 837 589 habitabat,
857 534 1047 575 essem
1071 515 1459 590 propinquus,
1487 515 1721 572 obvium
1747 515 1927 572 habui
1946 516 2158 581 virum,

513 612 749 668 nomine
777 608 1116 671 Martinum,
1138 606 1237 679 qui
1262 622 1322 662 se
1345 606 1575 662 dicebat
1591 607 1712 661 fore
1733 607 2159 679 presbyterum.

510 700 615 757 Hic
642 716 736 756 me
765 696 1146 769 interrogavit
1171 696 1328 751 unde
1354 711 1566 761 essem,
1600 711 1786 767 quove
1834 710 2156 768 pergerem.

511 791 635 857 Cui,
655 794 720 844 ut
737 787 1041 844 veritatem
1065 801 1307 842 securus
1330 785 1401 840 ab
1420 800 1486 841 eo
1507 784 1887 856 inquirerem,
1912 800 1981 840 ex
1997 788 2161 857 parte

512 879 797 935 mentitus
819 892 975 941 sum,
998 874 1198 930 dicens
1222 891 1235 930 :
1260 874 1342 929 Ex
1361 872 1463 929 illa
1483 873 1651 946 plebe
1682 890 1813 929 sum
1842 878 1901 929 et
1923 890 2160 947 compa-

509 984 603 1025 res
634 967 747 1024 mei
779 961 894 1021 huc
917 981 1010 1020 me
1027 963 1307 1030 direxere,
1331 966 1396 1018 ut
1424 962 1733 1019 manifeste
1755 962 1984 1018 valeant
2013 963 2158 1019 scire

510 1062 709 1114 utrum
739 1071 943 1111 verum
973 1054 1050 1111 sit
1079 1052 1236 1125 quod
1277 1052 1432 1124 apud
1464 1069 1570 1108 nos
1602 1052 1673 1107 de
1700 1050 1958 1120 Arialdo,
1991 1051 2157 1107 cleri-

508 1130 709 1205 corum
738 1144 999 1211 inimico,
1035 1142 1260 1197 noviter
1288 1140 1568 1209 insonuit,
1600 1140 1844 1207 scilicet,
1874 1142 2032 1212 quod
2062 1157 2158 1197 ex-

507 1238 761 1294 stinctus
790 1235 886 1299 sit,
910 1236 967 1288 et
1005 1231 1055 1287 si
1076 1231 1162 1286 eis
1202 1246 1378 1307 super
1398 1230 1507 1286 hoc
1539 1229 1785 1301 pleniter
1841 1229 2157 1290 lmtaudum

506 1328 602 1384 sit.
636 1329 712 1379 At
740 1322 872 1378 ille:
905 1322 1225 1388 Revertere,
1258 1318 1471 1389 inquit,
1505 1334 1737 1372 mecum
1765 1336 1777 1385 ;
1802 1321 1880 1385 et,
1915 1333 2049 1373 cum
2082 1319 2155 1374 ad

506 1413 1016 1485 ecclesiam‘quam
1053 1406 1358 1479 paululum
1390 1408 1523 1476 post
1547 1408 1605 1460 te
1627 1405 1941 1477 reliquisti,
1976 1407 2157 1462 redie-

505 1504 608 1570 ris,
641 1500 860 1572 Optime
890 1498 959 1551 de
990 1496 1098 1550 hoc
1129 1495 1455 1549 instructus
1485 1492 1619 1548 eris.

573 1589 763 1645 68-69.
797 1587 866 1641 Et
894 1590 1036 1639 tunc
1053 1583 1198 1638 mihi
1222 1598 1422 1661 secum
1440 1584 1746 1638 revertenti
1770 1583 1884 1640 ait:
1907 1587 2157 1640 Externa

504 1694 761 1751 namque
793 1676 885 1731 die
929 1675 1043 1744 (42)
1071 1689 1182 1728 vox
1208 1671 1452 1727 lartifera
1482 1675 1681 1728 nostro
1715 1672 1977 1728 insonuit
2005 1672 2150 1742 loco,

503 1769 704 1824 dicens
731 1783 743 1821 :
776 1762 1073 1830 Arialdus,
1106 1760 1451 1817 clericorurn
1483 1761 1874 1827 adversarius,
1926 1762 2155 1818 vinctus
2182 1798 2230 1864 B

502 1858 753 1913 habetur
780 1853 841 1908 in
872 1867 1037 1917 nave,
1069 1854 1125 1906 et
1171 1850 1231 1905 in
1264 1850 1392 1921 ripa
1443 1849 1598 1905 Laci.
1632 1850 1716 1905 Ad
1769 1862 1946 1922 quem
1994 1850 2152 1907 illico

502 1962 638 2003 cum
670 1941 875 1999 multis
906 1939 1035 1996 aliis
1082 1937 1334 2005 decurri,
1384 1943 1442 1994 et
1471 1941 1698 2011 arrepto
1749 1938 1882 2010 palo
1933 1939 2153 2012 optime

502 2039 672 2093 acuto
703 2047 999 2102 manuque
1029 2032 1240 2096 erecta,
1272 2028 1332 2082 in
1363 2033 1596 2100 pectore
1626 2028 1755 2097 ejus
1793 2027 1963 2084 illum
2016 2029 2152 2084 inﬁ-

502 2139 636 2198 gere
663 2121 819 2178 volui
845 2138 860 2189 ;
884 2119 986 2174 sed
1008 2135 1123 2173 non
1148 2133 1279 2173 sum
1299 2117 1644 2188 permissus.
1668 2116 1829 2173 Missi
1858 2121 1995 2172 sunt
2016 2117 2153 2190 qui-

501 2216 633 2270 dem
668 2211 926 2284 quinque
973 2207 1243 2279 protinus
1271 2205 1379 2259 viri
1412 2222 1446 2260 a
1493 2206 1735 2261 domina
1781 2211 1990 2278 nepote
2037 2206 2151 2278 (43)

502 2296 943 2372 archiepiscopi,
977 2296 1046 2350 de
1078 2310 1326 2363 quorum
1351 2294 1646 2349 ferocitate
1676 2294 1805 2365 ipsa
1832 2312 1948 2350 non
1979 2296 2162 2349 dubi-v

502 2390 681 2454 tabat,
715 2387 816 2458 qui
850 2400 984 2440 eum
1014 2400 1047 2436 a
1078 2382 1367 2437 militibus
1398 2382 1743 2449 dividerent,
1766 2387 1823 2438 et
1843 2384 1901 2438 in
1932 2383 2146 2454 locum,

503 2494 619 2549 quo
652 2476 780 2548 ipsa
808 2474 893 2529 eis
925 2473 1206 2541 jusserat,
1241 2471 1540 2525 ducerent.
1588 2471 1751 2534 Quod
1809 2472 1936 2528 sine
1987 2489 2150 2528 mora

502 2552 859 2638 completum
882 2565 990 2626 est,
1023 2564 1080 2615 et
1107 2558 1168 2613 in
1196 2563 1419 2613 tantam
1452 2557 1607 2614 illico
1646 2562 1735 2615 est
1764 2561 1977 2616 ductus
2009 2561 2147 2617 soli-

499 2654 765 2710 tudinem
783 2656 850 2707 ut
868 2651 962 2706 vix
986 2648 1066 2703 ibi
1100 2647 1177 2702 sit
1198 2646 1516 2718 aliquando
1537 2663 1808 2704 accessus
1839 2649 2147 2705 hominum

501 2745 635 2817 (44),
668 2746 724 2799 et
751 2738 1160 2797 tantummodo
1193 2736 1619 2809 navigantium,
1670 2738 1772 2793 sed
1790 2737 2145 2794 silvestrium

502 2830 873 2888 solummodo
894 2826 1175 2882 habitatio
1200 2825 1544 2880 bestiarum.
1569 2826 1716 2889 Quid
1741 2831 1795 2881 te
1816 2827 2006 2882 verbis
2027 2826 2148 2882 lon-

500 2920 633 2993 gius
663 2916 1042 2991 protraham?
1068 2914 1150 2968 Ibi
1170 2915 1413 2968 cadaver
1438 2915 1566 2985 ejus
1587 2914 1711 2970 sine
1731 2916 1994 2984 auribus,
2019 2916 2146 2971 sine

500 3008 764 3070 naribus,
792 3005 919 3060 sine
940 3002 1147 3072 oculis,
1182 3002 1309 3056 sine
1331 3002 1568 3057 dextera
1589 3019 1790 3070 manu,
1820 3004 1947 3059 sine
1968 3020 2147 3060 mem-

497 3098 603 3154 bro
620 3093 858 3169 genitali
881 3108 1008 3149 esse
1028 3093 1233 3147 fecere.
1251 3091 1308 3145 Si
1328 3090 1547 3162 absque
1561 3092 1950 3162 omnibusjhis
1969 3109 2147 3149 mem-

498 3166 957 3256 bris—aliquando
979 3194 1338 3253 quemquam
1359 3178 1554 3234 vidisti
1585 3180 1795 3246 vivere,
1828 3180 1983 3237 hunc
2016 3199 2143 3238 esse
2173 3166 2215 3233 C

499 3270 797 3331 mortuum
830 3270 949 3327 noli
979 3269 1232 3333 credere,
1265 3284 1401 3323 nam
1431 3268 1546 3324 fere
1578 3268 1740 3324 nullo
1774 3270 1945 3327 modo
1978 3271 2144 3343 quie-

500 3377 657 3418 scere
687 3360 1007 3432 quiveram,
1041 3357 1224 3411 donec
1253 3355 1293 3409 ii
1323 3355 1424 3426 qui
1457 3355 1516 3410 in
1547 3374 1681 3412 eum
1704 3356 1824 3413 haec
1848 3363 2147 3430 patrarant

504 3450 589 3503 sic
617 3464 711 3502 me
740 3462 1011 3502 securum
1034 3444 1219 3499 fecere
1241 3448 1532 3515 quatenus
1563 3444 1720 3500 ultra
1750 3464 1866 3501 non
1891 3449 1970 3503 sit
1990 3450 2145 3505 unde

504 3553 632 3592 mea
654 3537 777 3606 jam
811 3550 977 3588 mens
1008 3532 1278 3587 dubitare
1299 3533 1507 3602 possit.
1528 3534 1613 3586 Tu
1647 3551 1779 3590 vero
1810 3537 1879 3590 ad
1906 3539 2040 3592 tuos
2062 3554 2146 3593 re-

500 3622 742 3692 vertere,
775 3624 896 3678 haec
925 3621 1009 3677 eis
1032 3620 1335 3686 intimans,
1359 3636 1576 3691 eosque
1601 3622 1772 3676 redde
1798 3640 2033 3680 securos
2054 3626 2146 3681 lte-

498 3719 726 3787 tosque.
760 3713 828 3767 Et
860 3713 992 3783 post
1036 3709 1158 3763 haec
1209 3708 1489 3764 alterutro
1549 3708 1715 3763 divisi
1776 3727 2006 3782 sumus,
2064 3719 2142 3783 et,

498 3805 683 3861 donec
712 3800 1017 3858 ecclesiam
1048 3802 1161 3854 cst‘
1193 3797 1516 3869 ingressus,
1573 3814 1667 3854 me
1721 3799 1908 3856 redire
1967 3803 2140 3873 ﬁnxi;

499 3896 703 3965 postea
726 3906 880 3956 vero,
905 3887 1110 3943 nolens
1134 3886 1327 3942 verbis
1349 3886 1638 3942 conﬁdere
1664 3888 1889 3959 perﬁdi,
1920 3906 2142 3963 regres-

500 3996 602 4033 sus
622 3994 754 4034 sum
787 3976 857 4031 ad
898 3975 1011 4030 iter
1040 3975 1194 4045 quod
1228 3974 1600 4045 reliqueram.
1653 3976 1795 4031 Cum
1841 3982 2036 4033 autem
2082 3980 2142 4036 in

490 4068 617 4137 jam
648 4066 957 4135 praefatum
986 4062 1324 4134 ingrederer
1347 4063 1563 4132 vicum,
1579 4065 1751 4135 juxta
1780 4066 1934 4122 viam
1957 4068 2145 4141 reperi

497 4152 825 4218 ecclesiam,
847 4150 908 4205 in
930 4150 1212 4206 honorem
1235 4152 1293 4207 S.
1327 4151 1473 4207 Petri
1499 4152 1846 4221 dedicatam,
1872 4157 1941 4212 ad
1966 4174 2143 4229 quam

496 4245 637 4296 tunc
666 4238 1013 4296 clericorum
1061 4236 1466 4311 laicorumque
1496 4239 1814 4297 multitudo
1846 4258 1980 4299 cum
2012 4261 2145 4317 pro-

569 4453 680 4525 (41)
713 4451 967 4508 Exolevit
998 4473 1025 4501 ‹‹
1057 4450 1332 4525 Stationze
1356 4473 1383 4500 »
1404 4469 1650 4525 nomen,
1674 4455 1816 4511 solis
1840 4461 1979 4513 tunc
2003 4458 2147 4515 forte

498 4521 743 4599 eruditis
773 4529 1016 4599 ngtum;
1053 4521 1321 4599 sic__enim
1351 4524 1410 4578 3|
1451 4525 1717 4599 Januarii
1747 4528 1807 4599 in
1863 4528 2006 4598 Vita,
2040 4531 2141 4587 SS.
2175 4533 2222 4599 D

498 4597 692 4653 Julius
725 4603 782 4652 et
809 4595 1082 4652 Julianus
1113 4595 1390 4650 dicuntur
1415 4597 1645 4653 venisse
1699 4620 1720 4650 ι
1756 4598 1814 4653 in
1847 4595 2143 4658 dioecesim

498 4669 909 4744 Novariensem
930 4668 1001 4723 ad
1016 4666 1271 4744 insulam
1286 4666 1532 4723 Verbani
1548 4669 1732 4744 lacus,
1759 4671 1866 4744 qui
1883 4673 2147 4744 subjacet

497 4740 790 4817 Stationai,
825 4740 1523 4817 quonominegAngeram
1572 4740 2011 4817 observavimus
2043 4762 2143 4817 ap-

501 4811 797 4882 pellatam.
836 4808 863 4859 ὖ
894 4810 991 4882 alii
1022 4832 1051 4860 «
1083 4808 1417 4882 Angleriam
1452 4835 1480 4861 ››
1510 4819 1754 4882 vocant;
1788 4819 1845 4870 et
1877 4816 1959 4870 sic
1982 4808 2148 4872 vocat

501 4880 675 4937 etiam
706 4880 1048 4948 Landulfus,
1073 4880 1277 4954 estque
1298 4883 1577 4954 oppidum
1607 4886 1665 4940 in
1693 4880 1958 4941 orientali
1986 4886 2148 4944 lacus

500 4954 628 5025 ripa
653 4954 689 5006 5
718 4970 775 5025 p.
810 4968 889 5007 m.
924 4969 1103 5022 supra
1132 4952 1394 5025 Sextum.

572 5024 684 5100 (42)
716 5024 831 5100 Hoc
860 5028 948 5077 est
976 5024 1255 5100 «_nudiu_s
1288 5025 1532 5100 tertiPS;
1570 5048 1597 5073 ››
1642 5043 1745 5081 nec
1774 5028 1930 5100 enim
1958 5029 2147 5100 placet

500 5094 788 5168 corrigere
818 5094 1085 5168 legendo,
1112 5095 1478 5168 ex_Puricelli
1512 5103 1727 5155 mente.
1761 5120 1788 5147 ‹‹
1813 5094 2144 5156 hesterna.»

595 5164 683 5244 43)
715 5164 1041 5222 Landult'us
1073 5165 1276 5244 Senior
1304 5168 1461 5244 apud
1506 5168 1858 5224 Puricellum
1890 5187 2020 5244 pag.
2058 5174 2143 5243 11,

505 5260 527 5291 ι
561 5239 781 5296 Olivam
817 5260 844 5287 »
874 5241 1193 5310 nuncupat,
1225 5243 1281 5293 et
1316 5241 1532 5294 fatetur
1552 5256 1679 5295 eam
1711 5262 1739 5289 ‹‹
1764 5239 2027 5297 omnium
2053 5239 2148 5299 ne-

465 5298 923 5383 'quissimarum
981 5298 1196 5383 artium
1255 5312 1622 5383 maximeque
1679 5298 2143 5370 incantationum

501 5380 745 5456 scientia
768 5380 1028 5456 fultam»
1090 5381 1294 5456 fuisse,
1340 5380 1586 5451 addens,
1637 5384 1793 5456 quod
1845 5385 2142 5456 Arialdus,

501 5475 531 5505 ‹‹
563 5454 692 5529 ejus
724 5452 907 5509 vultui
937 5452 998 5508 in
1029 5469 1161 5510 arce
1190 5454 1449 5529 Arona,»
1486 5452 1827 5529 eradi/erae
1856 5452 2143 5529 Angleriie

499 5524 713 5599 poSita,
747 5546 776 5576 «
802 5529 1279 5599 repraesentatus,
1309 5524 1514 5599 eadem
1545 5525 1702 5599 illico
1732 5524 2058 5599 imperante
2087 5536 2145 5588 et

496 5595 695 5690 patrui
722 5595 817 5660 sui
837 5595 1097 5660 dolorem
1114 5596 1549 5681 reminiscqnte,
1576 5596 1638 5659 iu
1668 5595 1865 5661 insula
1887 5602 2141 5683 quadam

2273 516 2566 582 mulieres,
2589 517 2660 572 de
2690 516 2784 573 his
2814 533 2939 589 quae
2960 514 3298 572 acciderant
3323 514 3697 572 conferentes
3727 518 3793 570 et
3817 516 3920 588 ple-

2270 608 2489 660 rantes.
2512 604 2739 669 Quibus
2753 603 3256 677 appropinquans,
3279 602 3563 675 inquisivi
3584 601 3740 674 quid
3761 601 3925 659 habe-

2268 697 2456 750 rentet
2493 711 2600 750 cur
2626 695 2850 752 ﬂerent.
2903 693 3161 758 Quarum
3209 708 3329 749 una
3377 691 3498 748 ait:
3548 691 3711 748 Vere
3748 695 3815 747 tu
3860 709 3923 749 ex

2269 781 2370 838 illo
2401 799 2464 839 es
2496 782 2700 839 ordine
2729 782 2852 855 qui,
2886 798 3021 839 cum
3071 781 3307 838 deberet
3361 780 3489 837 suis
3545 780 3731 837 bonis
3761 781 3922 838 dictis

2269 871 2556 944 factisque
2585 888 2789 928 omnes
2832 870 3025 928 levare
3073 871 3133 926 in
3181 869 3416 938 coelum,
3463 875 3711 927 econtra
3756 870 3923 927 malis

2268 961 2552 1034 exemplis
2581 966 2820 1017 cunctos
2845 959 3169 1032 praecipitat
3224 959 3285 1016 in
3329 959 3657 1017 infernum.
3724 964 3791 1016 In
3818 959 3921 1016 hoc

2267 1050 2426 1107 enim
2456 1050 2604 1119 loco,
2637 1050 3014 1107 machinanto
3042 1054 3141 1107 tuo
3172 1048 3377 1107 ordine
3404 1064 3711 1123 perverso,
3744 1049 3807 1106 in
3832 1050 3922 1105 his

2268 1139 2475 1195 diebus
2496 1143 2726 1195 tantum
2749 1144 2839 1196 est
2858 1142 3257 1212 perpetratum
3278 1138 3475 1195 scelus
3494 1143 3801 1213 quatenus
3821 1155 3921 1212 pro

2266 1228 2377 1285 hoc
2407 1229 2775 1301 omnipotens
2807 1233 2960 1285 Deus
2987 1228 3236 1300 [omnesl
3266 1228 3325 1283 in
3355 1228 3647 1301 abyssum
3683 1229 3927 1285 demer-

2266 1322 2365 1391 gat
2393 1319 2561 1373 anxie
2592 1321 3035 1390 exspectemus;
3068 1321 3126 1373 et
3168 1321 3230 1372 tu
3258 1316 3442 1372 dicis:
3496 1317 3616 1373 Cur
3665 1318 3927 1377 ﬂemus?

2264 1407 2483 1463 Videns
2506 1407 2686 1479 igitur
2698 1406 3010 1462 mulierum
3030 1406 3229 1472 ﬁdem,
3243 1405 3390 1478 ipsis
3405 1407 3555 1478 quod
3573 1406 3929 1480 discipulus

2265 1511 2458 1552 essem
2489 1496 2649 1551 illius
2681 1496 2751 1551 de
2776 1512 2890 1568 quo
2913 1495 3131 1551 flebant
3149 1494 3427 1562 intimavi,
3453 1496 3772 1568 easque,si
3793 1513 3926 1553 vera

2264 1588 2458 1641 essent
2488 1601 2616 1656 quae
2660 1602 2696 1640 a
2736 1584 3010 1656 praedicto
3064 1583 3364 1639 audieram
3408 1584 3555 1652 viro,
3606 1583 3923 1657 inquisivi.

2263 1676 2397 1739 Quae
2428 1674 2652 1744 statim,
2675 1673 2835 1729 factas
2867 1674 3022 1746 apud
3054 1688 3148 1730 me
3168 1672 3348 1729 nimis
3377 1676 3575 1746 gratis,
3610 1674 3820 1731 omnia
3846 1680 3925 1733 to-

2262 1766 2495 1819 stantur
2524 1778 2653 1819 esse
2681 1779 2836 1831 vera,
2872 1766 3083 1835 praeter
3110 1763 3221 1819 hoc
3249 1763 3407 1835 quod
3436 1762 3510 1818 de
3550 1764 3689 1835 ejus
3734 1768 3923 1822 morte

2261 1852 2454 1908 adhuc
2481 1854 2648 1908 erant
2677 1850 2931 1908 incertae.
2954 1850 3123 1907 Viam
3143 1850 3344 1923 itaque
3364 1849 3515 1906 mihi
3542 1856 3753 1908 contra
3776 1870 3921 1926 pra-

2260 1941 2438 1997 fatam
2450 1941 2787 1996 tendentem
2799 1939 3178 1997 solitudinem
3191 1940 3918 2015 ostendunt,mnltumque

2261 2031 2606 2101 deposcunt,
2636 2033 2704 2084 ut
2727 2032 3024 2085 revertens
3057 2045 3157 2085 eas
3188 2030 3439 2085 facerem
3471 2029 3703 2101 sciolas,
3750 2032 3918 2087 unde

2259 2109 2343 2174 ei's'
2365 2119 2556 2174 adhuc
2574 2118 2786 2174 inierat
2806 2117 3093 2174 dubietas.
3108 2117 3326 2191 Verum
3346 2118 3680 2191 ingentium
3701 2136 3921 2192 praepe-

2261 2207 2418 2263 ditus
2448 2205 2771 2263 obstaculis
2792 2223 3087 2275 saxorum,
3119 2206 3259 2263 illuc
3279 2209 3555 2264 accedere
3582 2210 3783 2265 eundo
3815 2226 3919 2284 per

2258 2300 2476 2352 terram
2498 2295 2750 2368 nequivi,
2776 2296 2994 2368 quique
3023 2313 3126 2369 per
3155 2312 3359 2352 navem
3393 2296 3536 2353 illuc
3568 2314 3670 2354 me
3717 2304 3917 2356 trans-

2258 2385 2407 2441 ferre
2434 2386 2692 2453 auderet,
2726 2385 2980 2457 reperire
3028 2402 3145 2441 non
3184 2386 3385 2457 potui;
3435 2386 3714 2459 ideoque,
3766 2406 3916 2460 prae-

2258 2478 2348 2529 ter
2377 2490 2504 2546 quze
2534 2473 2693 2530 dicta
2721 2477 2882 2542 sunt,
2916 2473 3164 2546 pleniter
3194 2475 3267 2530 de
3294 2474 3394 2530 illo
3436 2480 3580 2531 tunc
3609 2477 3771 2545 scine
3802 2496 3916 2535 non

2256 2563 2432 2618 valui.

2327 2653 2417 2707 70.
2444 2651 2639 2719 Porro,
2663 2653 2989 2708 secundum
3014 2652 3170 2725 quod
3193 2656 3398 2724 postea
3417 2652 3737 2727 diligenter
3752 2673 3918 2714 scru-

2255 2743 2414 2795 tatus
2446 2756 2601 2807 sum,
2635 2739 2885 2811 qualiter
2913 2740 3246 2813 quibusque
3282 2758 3353 2797 ex
3399 2740 3510 2798 hac
3546 2743 3672 2800 vita
3718 2746 3916 2802 verbis

2256 2828 2612 2900 migraverit,
2646 2827 3032 2901 diligentibus
3080 2829 3264 2885 Deum
3294 2831 3417 2886 fore
3443 2836 3678 2903 gratum
3706 2836 3914 2904 credo,

2254 2916 2305 2972 si
2333 2915 2393 2972 id
2423 2916 2675 2973 breviter
2702 2916 3066 2973 intimavero.
3090 2920 3136 2972 A
3164 2917 3286 2974 loco
3317 2917 3519 2991 igitur,
3550 2936 3671 2992 quo
3700 2928 3914 2995 captus

2253 3009 2363 3072 est,
2394 3004 2783 3077 psalmodiam
2817 3007 3167 3063 decantavit.
3198 3008 3287 3063 Ad
3326 3009 3654 3066 Stationem
3684 3012 3846 3068 enim
3875 3030 3910 3068 ει

2253 3093 2560 3161 militibus,
2593 3098 2659 3148 ut
2687 3094 3031 3166 praedictum
3062 3100 3171 3163 est,
3198 3095 3421 3152 divisus
3448 3102 3508 3152 et
3536 3099 3812 3173 quinque
3841 3102 3911 3158 fe-

2254 3184 2484 3240 rocibus
2513 3182 2761 3239 servulis
2786 3188 2875 3238 est
2903 3184 3178 3240 traditus.
3202 3184 3310 3251 Qui
3341 3201 3475 3241 cum
3503 3186 3711 3259 ipsum
3738 3191 3911 3248 duco-

2253 3276 2383 3329 rent
2412 3271 2484 3327 ad
2516 3275 2784 3342 mortem,
2817 3270 3053 3327 allocuti
3112 3277 3251 3329 sunt
3297 3274 3594 3332 dicentes:
3648 3279 3907 3349 Arialde,

2252 3378 2356 3416 cur
2385 3377 2501 3417 non
2538 3360 2886 3424 recordaris,
2911 3366 2976 3416 ut
2997 3377 3173 3434 neges
3194 3379 3320 3434 quae
3350 3363 3667 3438 hucusque
3683 3368 3906 3437 dixisti,

2253 3453 2310 3505 et
2327 3448 2656 3521 proﬁtearis
2673 3449 2983 3505 dominum
3007 3454 3273 3506 nostrum
3294 3468 3423 3508 esse
3442 3468 3647 3510 verum
3672 3458 3907 3528 pontiﬁ-

2252 3555 2378 3595 cem
2394 3539 2422 3592 ‘I
2443 3539 2588 3595 Nam
2611 3537 2660 3593 si
2682 3537 2791 3594 hoc
2810 3538 3048 3608 faceres,
3084 3539 3231 3596 forte
3250 3539 3444 3597 adhuc
3462 3542 3657 3599 vivere
3678 3562 3902 3617 posses

2251 3629 2323 3681 At
2349 3626 2446 3682 ille
2472 3643 2484 3683 :
2509 3625 2697 3696 Absit,
2729 3625 2938 3698 inquit,
2963 3631 3030 3682 ut
3047 3643 3344 3695 coronam,
3368 3645 3553 3700 quam
3582 3647 3786 3688 veram
3816 3634 3902 3689 di-

2251 3717 2432 3772 cendo
2456 3716 2515 3770 in
2547 3732 2679 3771 mea
2694 3716 2976 3788 acquisivi
2998 3716 3133 3784 vita,
3154 3716 3212 3771 in
3236 3718 3349 3773 ﬁne
3369 3719 3713 3777 mentiendo
3736 3723 3903 3779 amit-

2250 3808 2370 3859 tam
2404 3802 2416 3857 l
2450 3804 2595 3859 Nam
2629 3821 2723 3859 me
2781 3809 2984 3859 utrum
3032 3821 3191 3860 nunc
3238 3806 3473 3863 ducatis
3516 3809 3596 3864 ad
3627 3816 3899 3879 mortem,

2250 3893 2485 3967 ignoro;
2519 3893 2676 3964 quod
2699 3892 2748 3948 si
2771 3892 2981 3961 facitis,
3004 3893 3211 3951 scitote
3229 3898 3417 3952 vestro
3437 3880 3681 3954 domino
3708 3916 3901 3956 meam

2252 3986 2501 4037 mortem
2521 3979 2688 4036 valde
2718 3982 3069 4049 nocituram,
3093 4000 3209 4039 non
3231 3984 3423 4040 solum
3448 3985 3508 4040 in
3534 3986 3741 4044 futura
3758 3990 3899 4058 vita,

2253 4070 2354 4126 sed
2386 4070 2565 4126 etiam
2594 4069 2654 4123 in
2685 4071 2977 4141 praesenti.
3010 4072 3080 4127 Et
3105 4070 3189 4126 illi
3216 4090 3229 4127 :
3274 4071 3554 4147 Videsne,
3603 4075 3907 4147 inquiunt,

2252 4157 2420 4214 illum
2450 4173 2733 4239 magnum
2756 4164 3017 4214 montem
3036 4159 3065 4214 ?
3095 4160 3155 4215 Si
3187 4160 3313 4232 ipse
3344 4142 3600 4234 profecto
3619 4142 3775 4220 esset
3793 4142 3915 4222 an;

2255 4263 2390 4304 reus
2414 4250 2473 4302 et
2493 4250 2654 4315 tuus,
2677 4250 2984 4319 totumque
3003 4248 3193 4318 dares,
3216 4248 3374 4307 ultra
3393 4251 3552 4309 nullo
3570 4252 3746 4309 modo
3758 4253 3918 4312 vive-

2249 4462 2419 4588 jufta
2448 4461 2664 4517 Lacum
2717 4459 2994 4532 Majorem
3047 4477 3226 4534 quam
3259 4465 3661 4525 secretissima
3696 4468 3913 4527 ductus

2253 4551 2315 4588 es
2349 4575 2361 4587 .
2398 4553 2426 4581 ››

2253 4551 2361 4591 θΒῐ.
2398 4553 2426 4581 )>

2326 4604 2439 4675 (44)
2464 4603 2704 4659 Carolus
2762 4621 2796 4660 a
2849 4602 3097 4661 Basilica
3152 4608 3330 4675 Petri,
3384 4608 3445 4664 in
3492 4626 3606 4666 sua
3664 4611 3915 4669 Novaria

2256 4677 2545 4749 pagnlsli,
2581 4675 2915 4749 describita
2940 4676 3194 4733 insulam
3227 4679 3285 4735 S.
3310 4679 3584 4749 Victoris,
3624 4682 3686 4740 in
3721 4685 3913 4741 medio

2255 4745 2375 4829 fere
2403 4745 2795 4829 lacu,'in‘quo
2818 4746 2958 4803 olim
2988 4753 3112 4829 erat
3139 4751 3385 4829 ecclesia
3403 4745 3785 4829 S.__Victoris,
3812 4773 3910 4829 pa-

2256 4817 3178 4894 rochi_ali_s_lsellarum,‘propius
3226 4821 3366 4894 ripa.-
3415 4817 3849 4894 adiacentium,
3886 4850 3911 4877 ιι

2256 4907 2382 4972 quze
2397 4888 2851 4972 habitatoribus
2861 4888 3016 4972 “fere
3033 4888 3265 4972 vacavit
3280 4888 3549 4972 semper,
3579 4888 3913 4972 eademque

2256 4960 2509 5043 insulam
2544 4961 2603 5014 in
2632 4960 2787 5043 actis
2817 4962 2917 5016 SS.
2950 4962 3095 5043 Julii
3124 4968 3182 5018 et
3209 4960 3445 5043 Juliani
3463 4960 3634 5023 num.
3674 4973 3713 5024 7
3746 4960 3912 5043 pu'tat

2253 5032 2521 5099 indicari,
2555 5031 2748 5104 potius
2779 5049 2957 5103 quam
2989 5034 3229 5090 alteram
3279 5036 3587 5094 Isellarum
3638 5063 3669 5091 «
3704 5031 3911 5098 multis

2255 5103 2645 5181 piscatoribus
2676 5103 2881 5181 incolis
2915 5126 2942 5153 »
2975 5104 3298 5181 habitatatn
3328 5127 3342 5177 ;
3376 5114 3552 5181 atque
3576 5127 3616 5166 θ.
3643 5113 3703 5167 S.
3755 5114 3908 5170 Julia

2253 5175 2644 5247 reprobatam,
2669 5191 2740 5257 ne
2769 5175 2851 5257 ibi
2872 5176 3021 5231 mori
3050 5181 3109 5232 et
3127 5179 3300 5234 condi
3324 5175 3514 5249 vellet,
3537 5181 3645 5238 ubi
3677 5207 3705 5235 ‹‹
3734 5184 3907 5259 lupus

2253 5252 2312 5302 et
2340 5246 2543 5321 vulpes
2580 5251 2890 5321 accipient
2934 5264 3101 5321 suem
3136 5250 3502 5321 igallumque
3531 5255 3592 5309 in
3621 5258 3906 5321 praedam,

3430 5270 3502 5309 ue
3531 5271 3592 5309 In

2253 5270 2312 5302 ei.
2340 5270 2543 5328 vmpes
2603 5270 2890 5327 apolpwut
2934 5270 3101 5304 suum
3159 5270 3502 5325 gauumque
3531 5271 3592 5309 ω
3621 5270 3906 5328 praedam,

2253 5335 2412 5390 quia,
2444 5317 2599 5390 quod
2632 5334 2691 5372 in
2733 5318 2937 5374 eadem
2995 5319 3192 5377 insula
3240 5323 3527 5381 debuerat
3581 5328 3823 5386 evenire
3850 5329 3906 5383 in

2252 5387 2540 5469 futurum,
2573 5387 2936 5469 inpraesenti
2957 5397 3322 5469 cognoverat,
3347 5417 3391 5469 a
3408 5397 3568 5469 quod
3592 5398 3672 5455 de
3692 5399 3905 5456 scelem

2252 5461 2313 5545 in
2350 5484 2369 5511 ι
2408 5462 2469 5545 S,
2500 5458 2807 5545 nrialdum
2840 5458 3218 5545 >>_patrapdo,_
3239 5458 3574 5544 nescioquo
3592 5471 3796 5545 modo,
3818 5471 3903 5532 in-

2250 5536 2607 5610 terpretatur
2634 5532 3028 5611 praelaudatus
3054 5532 3318 5601 Carolus.
