4142 6192
446 301 603 361 1479

1558 297 1668 359 SS.
1715 292 2038 357 ARIALDI
2082 292 2183 356 ET
2227 287 2736 356 ERLEMBALDI

3697 285 3863 352 1180

445 433 582 488 titer
597 431 874 488 omnibus
896 430 1049 486 dixi:
1079 430 1303 498 Videte,
1334 429 1600 501 inquam,
1635 432 1699 484 ut
1744 427 1838 484 hic
1897 427 2094 484 salvus
2121 426 2179 494 Α
2204 425 2330 482 nire
2360 425 2670 481 hortentur
2701 426 2833 480 cum
2863 423 3167 496 plaustris,
3199 419 3494 496 quatenus
3520 420 3611 477 illi
3643 419 3852 478 nobis-

444 522 544 593 sit,
577 521 717 595 quia
745 520 856 577 iste
880 525 970 577 est
998 521 1060 576 B.
1093 519 1389 588 Arialdus,
1424 535 1600 591 quem
1661 521 1905 574 maestus
1962 515 2094 572 uni-

441 627 644 667 versus
677 610 885 684 quaerit
913 609 1346 683 populus.Dum
1369 608 1527 665 enim
1550 606 1628 664 ibi
1662 605 2094 679 aliquantulum

444 716 830 770 moraremur,
864 699 1058 755 subito
1089 700 1158 755 de
1189 714 1320 756 arce
1348 700 1539 754 Arona
1587 698 1699 769 (50)
1732 696 1897 752 missi
1956 698 2097 752 sunt

446 789 619 857 servi,
655 789 754 861 qui
776 788 914 844 inde
933 805 1040 844 nos
1061 789 1393 858 eiecerunt;
1428 791 1485 842 et
1513 787 1572 842 in
1605 786 1944 858 quamdam,
1966 799 2094 856 quas

449 876 530 933 ibi
560 881 702 944 erat,
737 878 962 933 foveam
987 877 1199 932 leniter
1219 877 1553 933 humavere.
1578 879 1696 931 Hoc
1717 891 1822 947 ego
1845 873 1945 946 qui
1975 873 2096 928 haec

441 965 820 1039 scripsi,dum
851 967 1416 1038 audissem,sumpto
1448 966 1676 1032 comite,
1711 964 1852 1020 illuc
1870 963 2094 1035 perrexi

441 1055 684 1112 concite.
721 1056 1119 1129 Repertosque
1179 1059 1464 1128 pastores,
1517 1059 1716 1110 utrum
1775 1069 1914 1110 nam
1963 1069 2100 1108 vera

439 1149 635 1200 essent
651 1161 776 1216 qua
801 1143 1444 1216 audieram,diligenter
1464 1148 1747 1214 cauteque
1768 1141 2092 1213 inquisivit.

439 1233 566 1302 Qui,
601 1237 814 1290 cuncta
841 1250 969 1290 esse
1001 1232 1200 1305 procul
1237 1233 1413 1288 dubio
1461 1249 1615 1298 vera,
1676 1232 2094 1303 respondentes

439 1323 917 1380 asseruerunt.Et
947 1337 1090 1394 ego:
1149 1322 1209 1377 Si
1270 1338 1405 1377 vera
1460 1325 1617 1388 sunt,
1669 1321 1933 1391 inquam,
1993 1318 2096 1375 ubi

438 1427 573 1483 ergo
604 1414 692 1466 est
721 1410 869 1465 ille?
898 1413 971 1465 At
1001 1410 1122 1464 illi:
1169 1413 1332 1477 Ecce,
1393 1409 1691 1479 inquiunt,
1745 1407 1931 1476 locus,
1993 1408 2096 1463 ubi

436 1499 771 1555 videntibus
795 1514 922 1554 sero
943 1501 1031 1553 est
1052 1499 1281 1570 positus
1307 1515 1319 1554 :
1355 1511 1528 1552 mane
1553 1513 1686 1552 vero
1718 1499 2093 1562 revertentes,

435 1588 631 1643 locum
663 1587 901 1659 quidem
931 1586 1293 1655 invenimus;
1329 1587 1400 1642 de
1430 1603 1495 1642 eo
1528 1590 1722 1642 autem
1755 1585 1924 1642 nihil.
1975 1585 2093 1642 Hoc

434 1680 667 1733 tantum
699 1680 978 1750 putamus
1011 1676 1168 1749 quod
1192 1680 1358 1732 nocte
1389 1692 1628 1733 sursum
1661 1675 1894 1733 delatus
1919 1675 1996 1732 sit
2032 1676 2092 1732 in

441 1771 656 1822 arcem.

505 1857 592 1911 74.
627 1855 732 1911 His
763 1855 980 1911 auditis
999 1855 1270 1911 velociter
1328 1871 1620 1922 reversus,
1682 1853 2089 1911 Herlembaldo

433 1947 557 2000 viro
588 1945 884 2016 prudenti,
920 1959 1284 2016 quascunque
1314 1945 1638 2012 audieram,
1678 1959 1781 2015 per
1823 1942 2086 1998 ordinem

437 2039 646 2090 cuncta
665 2034 914 2090 narravi.
935 2034 1042 2097 Qui
1073 2034 1282 2088 festiue
1313 2033 1588 2088 omnibus
1634 2032 1964 2089 convocatis
2013 2032 2089 2086 ci-

434 2123 627 2189 vibus,
651 2123 780 2194 jam
812 2121 871 2176 in
904 2121 1164 2193 appetitu
1188 2120 1481 2193 martyris,
1515 2137 1689 2192 quem
1731 2120 2085 2192 patefactum

384 2214 386 2216 ’
437 2212 764 2277 audierant,
796 2210 1171 2265 vehementer
1201 2209 1603 2274 inhiantibus;
1635 2225 1704 2264 ex
1753 2208 1868 2263 illis
1933 2209 2088 2264 viros

437 2300 629 2372 elegit,
649 2303 826 2370 atque
858 2299 930 2354 ad
961 2303 1232 2353 sanctum
1277 2299 1693 2368 requirendum
1734 2315 1947 2370 corpus
2005 2298 2090 2352 di-

436 2388 600 2443 rexit.
633 2387 741 2451 Qui
773 2390 904 2458 post
933 2385 1181 2441 biduum
1206 2386 1696 2458 reversi,professi
1717 2392 1857 2442 sunt
1881 2387 2080 2443 hostes

435 2475 694 2530 veritatis
717 2473 970 2528 dixisse:
1005 2473 1150 2528 Mori
1183 2474 1376 2546 potius
1407 2473 1590 2546 parati
1641 2491 1848 2530 sumus
1906 2493 2084 2547 quam

437 2565 593 2636 quod
624 2563 883 2634 quaeritis
913 2563 1152 2618 reddere
1181 2579 1412 2634 corpus.
1445 2567 1564 2619 Hoc
1591 2567 1784 2620 autem
1815 2564 1944 2620 ideo
1997 2565 2085 2619 di—

437 2654 648 2710 cebant
675 2651 815 2724 quia
839 2652 996 2707 idem
1027 2650 1314 2723 dissipare
1346 2655 1654 2708 tentarent.
1715 2653 1862 2708 Nam
1920 2657 2086 2708 nocte

437 2759 558 2815 qua
585 2743 656 2797 ad
690 2758 752 2797 se
781 2740 926 2796 illud
959 2740 1306 2807 detulerant,
1333 2744 1638 2797 cernentes
1669 2742 1798 2811 ejus
1839 2741 2086 2814 integri-

436 2837 618 2887 tatem
647 2836 703 2886 et
731 2831 1020 2897 decorem,
1045 2830 1240 2885 dixere
1271 2830 1343 2884 ad
1374 2830 1657 2886 invicem:
1691 2829 1751 2886 Si
1783 2830 1940 2887 enim
1990 2830 2086 2886 hic

438 2920 612 2976 fuerit
643 2919 945 2991 quaesitus,
969 2923 1026 2974 et
1055 2919 1126 2974 ab
1157 2920 1316 2974 omni
1340 2918 1554 2991 populo
1585 2924 1708 2974 tam
1729 2920 1975 2975 decorus
2003 2919 2088 2974 in-

438 3013 694 3081 spectus,
721 3025 951 3080 semper
980 3008 1217 3080 quidem
1250 3008 1373 3079 ipse
1403 3009 1512 3063 erit
1533 3009 1591 3062 in
1623 3007 1928 3072 1aude.nos
1951 3024 2084 3064 vero

438 3100 497 3154 in
524 3097 856 3171 Opprobrio.
892 3099 1256 3170 Quapropter
1297 3101 1490 3152 cutem
1550 3114 1684 3152 cum
1741 3097 1968 3169 capillis
2012 3099 2084 3153 de

439 3189 567 3259 ejus
591 3187 868 3243 radamus
888 3187 1075 3258 capite
1099 3204 1111 3252 ;
1137 3185 1346 3258 pellem
1365 3202 1500 3241 vero
1518 3186 1774 3256 corporis
1791 3186 2083 3243 albescen-
2114 3173 2154 3239 C

440 3281 557 3332 tem
584 3276 784 3331 ferreis
797 3275 1184 3331 dilaceremus
1196 3274 1639 3348 ungulis,pedes
1668 3275 2088 3332 abscindamus

441 3367 743 3435 utrosque,
765 3369 821 3419 et
848 3365 909 3419 in
939 3365 1108 3418 furno
1141 3365 1392 3436 denique
1423 3364 1600 3419 nimis
1623 3366 1904 3420 candente
1919 3365 2087 3421 illum

438 3453 1100 3522 aduramus,quatenus,
1135 3454 1184 3508 si
1215 3453 1286 3507 ad
1317 3470 1452 3508 eum
1484 3453 1798 3509 videndum
1835 3455 2088 3511 missum

439 3537 911 3606 fuerit,horridus
933 3539 1245 3611 etignotus
1284 3541 1479 3610 potius
1537 3546 1851 3612 respuatur
1908 3559 2086 3614 quam

439 3631 757 3700 quaaratur.
1498 3637 1502 3640 '

506 3719 596 3772 75.
622 3717 861 3786 Verum,
890 3715 1025 3772 licet
1057 3716 1176 3772 haec
1206 3715 1492 3773 diabolica
1523 3717 1999 3774 machinamenta
2029 3721 2087 3776 in

438 3821 505 3863 eo
535 3811 747 3863 cuncta
775 3805 1190 3879 complessent,
1226 3807 1285 3861 in
1318 3806 1665 3862 deteriorem
1714 3823 1894 3878 quam
1953 3817 2091 3880 puta

439 3901 571 3951 rant
598 3895 983 3969 ignominiam
1014 3895 1366 3966 ceciderunt,
1402 3896 1539 3968 quia
1560 3913 1676 3952 non
1701 3897 1951 3953 missum
1982 3902 2091 3954 ‘est

441 3984 514 4039 ad
543 3985 883 4051 videndum,
918 3985 1019 4039 sed
1046 3986 1386 4055 petendum.
1418 3986 1564 4040 Nam
1589 3985 1804 4042 auditis
1835 3987 2085 4055 nuntiis,

437 4070 856 4127 tintinnabulis
888 4071 1166 4143 tubisque
1197 4075 1492 4130 concisius
1523 4076 2089 4144 sonantibus,omnis

441 4159 642 4216 civitas
663 4159 722 4215 in
745 4177 930 4215 unum
959 4162 1424 4218 convenit.’l‘unc
1446 4163 1592 4218 dixit
1620 4163 2086 4221 Herlembaldus:

441 4249 729 4314 Quoniam
747 4249 969 4304 inimici
983 4249 1085 4304 Dei
1106 4254 1163 4305 et
1183 4251 1367 4306 nostri
1388 4252 1570 4323 gratis
1589 4257 1857 4308 sanctum
1883 4254 2092 4310 nolunt

441 4340 681 4396 reddere
711 4355 944 4411 corpus,
973 4339 1138 4395 decet
1166 4343 1231 4395 ut
1259 4340 1334 4394 ab
1364 4340 1448 4395 eis
1492 4357 1595 4412 per
1653 4359 1759 4398 nos
1812 4343 2091 4400 violenter

441 4429 756 4485 auteratur.
792 4429 900 4484 Sed
933 4427 1071 4500 quia
1103 4445 1215 4497 res,
1275 4445 1454 4500 quam
1497 4431 1926 4502 prosequimur,
1986 4432 2087 4488 Dei

2121 1801 2170 1867 B

2206 531 2337 570 cum
2369 517 2650 588 pugnent,
2684 512 2782 569 isti
2835 530 2968 570 vero
3019 516 3221 569 nostra
3285 516 3450 568 arma
3521 514 3583 566 et
3661 509 3858 565 victus

2205 604 2918 677 deportent.Congregata
2944 602 3122 676 igitur
3164 605 3296 675 post
3325 599 3640 673 paululum
3699 603 3863 655 tanta

2205 698 2345 750 sunt
2373 710 2560 760 carra,
2590 698 2655 749 ut
2674 710 2778 766 per
2796 695 3019 765 septem
3045 693 3162 748 fere
3193 690 3470 747 milliaria
3498 691 3597 746 vix
3662 693 3866 762 posset

2203 800 2307 855 per
2317 783 2613 856 publicam
2625 785 2682 838 et
2695 797 3069 838 communem
3081 780 3235 836 viam
3251 781 3427 836 turba
3443 778 3755 852 pedestris
3777 776 3863 834 vel

2205 869 3138 945 equestrisincedere.Confluebat
3153 874 3348 926 autem
3366 869 3490 925 und
3503 868 3649 940 ique
3691 866 3864 939 quasi

2207 977 2391 1018 arena
2421 961 2602 1016 maris
2633 960 2951 1016 multitudo
2981 957 3452 1024 innumerabilis,
3476 973 3647 1014 arma
3666 957 3861 1012 ferens

2205 1055 2262 1106 et
2288 1051 2479 1106 victus
2513 1067 2693 1122 supra
2714 1050 2953 1105 dorsum
2982 1047 3336 1104 famulorum
3394 1047 3519 1103 sive
3560 1048 3863 1118 jumento-

2205 1157 2357 1196 rum.
2390 1141 2461 1197 Et
2489 1141 2573 1196 sic
2603 1140 2956 1208 incedentes,
2990 1138 3246 1194 secundo
3273 1138 3516 1193 tandem
3547 1137 3642 1193 die
3668 1136 3748 1193 ad
3775 1152 3862 1192 ve-

2205 1247 2443 1303 sperum
2474 1229 2800 1302 reperimus
2830 1229 3299 1300 pratum,quarto
3322 1228 3441 1284 fere
3461 1224 3866 1296 milliarioaSl)

2205 1337 2240 1376 a
2269 1320 2395 1376 loco
2429 1335 2542 1392 quo
2573 1318 2988 1374 incedebamus
3015 1316 3262 1384 distans,
3314 1316 3464 1372 bene
3511 1316 3865 1372 humectum

2205 1407 2835 1481 amplumque.lbique,
2867 1407 3006 1478 quia
3034 1407 3105 1461 ad
3137 1406 3248 1462 hoc
3277 1409 3476 1478 aptum
3505 1409 3868 1474 erat,castra

2204 1499 2406 1554 metati
2437 1514 2669 1555 sumus.

2275 1587 2366 1644 76.
2399 1587 2502 1643 Hic
2533 1585 2997 1654 Herlembaldus,
3024 1585 3113 1641 vir
3140 1586 3422 1658 prudens,
3449 1584 3673 1641 iterum
3704 1584 3865 1642 dele-

2203 1675 2360 1748 gavit
2395 1676 2530 1748 (52),
2593 1675 2924 1747 blandeque
2980 1677 3251 1730 sanctum
3301 1689 3513 1747 corpus
3567 1672 3864 1744 quaesivit.

2203 1763 2497 1821 Perterriti
2530 1765 2730 1836 itaque
2760 1764 2963 1820 hostes
2993 1781 3028 1819 a
3052 1763 3251 1820 sonitu
3267 1761 3532 1836 pavendo
3551 1761 3862 1819 frementis

2201 1853 2598 1910 multitudinis
2627 1869 2807 1925 super
2837 1869 2899 1909 se
2927 1851 3556 1924 venientis,prohibere
3576 1853 3734 1923 quod
3757 1867 3857 1924 pe-

2195 1943 2427 1998 tebatur
2456 1942 2607 1998 ultra
2637 1959 2753 1998 non
2785 1941 2914 1997 ausi
2949 1945 3107 1997 sunt.
3144 1942 3212 1996 Et
3231 1947 3364 1997 cecc
3386 1940 3484 1997 die
3515 1939 3692 1996 altera
3717 1940 3855 1996 illu-

2197 2035 2478 2098 cescente,
2499 2048 2608 2086 vox
2637 2031 2878 2086 laztifera
2907 2045 3010 2102 per
3030 2031 3244 2098 feastra
3283 2029 3573 2096 insonuit,
3609 2031 3853 2085 dicens:

2200 2121 2262 2177 In
2283 2121 2476 2177 littore
2498 2120 2739 2192 quidem
2769 2119 2959 2176 Ticini
2979 2119 3266 2176 directum
3288 2123 3377 2175 est
3397 2119 3458 2174 in
3491 2133 3703 2175 navem
3724 2134 3857 2174 cor-

2196 2227 2307 2283 pus
2339 2210 2404 2265 B.
2436 2209 2787 2266 Arialdi.His
2817 2209 3035 2264 auditis
3065 2209 3330 2265 certatim
3355 2225 3564 2265 omnes
3596 2209 3858 2281 arripue-

2195 2303 2336 2356 runt
2365 2315 2605 2356 cursum
2631 2317 2643 2367 ;
2676 2298 2774 2354 ille
2805 2314 3061 2370 namque
3089 2298 3421 2355 habebatur
3441 2302 3583 2354 tunc
3635 2299 3862 2354 beatior

2195 2389 2296 2461 qui
2328 2390 2400 2445 ad
2432 2388 2786 2445 currendum
2815 2391 2939 2444 erat
2969 2387 3312 2459 promptior.
3344 2389 3424 2444 Eo
3454 2384 3643 2459 igitur
3663 2385 3861 2444 levato

2195 2478 2255 2534 in
2282 2478 2699 2550 feretrum(53),
2733 2492 2868 2533 cum
2900 2480 3066 2532 tanta
3095 2475 3282 2549 gloria
3310 2481 3366 2532 et
3415 2475 3592 2532 laude
3647 2476 3861 2534 reverti

2195 2567 2564 2639 coepimusut
2616 2583 2715 2622 eas
2768 2565 2931 2622 nullo
2988 2565 3163 2621 modo
3221 2565 3546 2638 exprimere
3589 2580 3857 2638 possem,

2195 2657 2424 2712 etiamsi
2441 2672 2640 2712 vocem
2653 2655 3034 2728 linguamque
3047 2655 3294 2710 ferream
3308 2653 3767 2711 haberem.Nam
3783 2656 3861 2712 do

2195 2744 2695 2817 castellis,quibus
2726 2760 2788 2800 se
2818 2742 3225 2799 concluserant
3253 2759 3356 2815 pro
3378 2743 3592 2799 civium
3613 2743 3856 2811 timore,

2193 2834 2431 2890 exibant
2459 2848 2689 2898 senum,
2717 2833 3000 2903 juvenum
3023 2836 3198 2902 atque
3229 2830 3546 2888 mulierum
3596 2832 3856 2888 inﬁnitio

2193 2921 2844 2989 multitudines,Cruces
2874 2935 3188 2993 cereosque
3217 2923 3389 2992 atque
3429 2918 3640 2976 situlas
3691 2937 3854 2993 aqua

2197 3011 2406 3083 plenas
2428 3013 2518 3082 (ut
2536 3014 2806 3083 potarent
2833 3009 3170 3081 metuentes)
3202 3009 3550 3075 deterentes,
3574 3013 3644 3065 et'
3663 3025 3852 3066 unus-

2192 3100 2462 3172 quisque,
2493 3103 2665 3171 prout
2688 3099 3086 3166 valebat,voce
3117 3097 3342 3154 excelsa
3367 3098 3703 3154 immensas
3735 3099 3856 3156 Deo

2198 3190 2418 3263 gratias
2437 3187 3162 3245 reddebat.Tintinnabula
3179 3188 3398 3260 quippe
3453 3188 3857 3260 personabant

2198 3280 2482 3351 undique,
2509 3278 2746 3333 arbores
2763 3293 2995 3349 quoque
3019 3276 3440 3349 quamplurimi
3464 3278 3854 3344 scandebant,

2200 3371 2265 3422 ut
2292 3366 2488 3439 ipsum
2521 3365 2734 3422 saltem
2763 3365 2960 3421 videre
2979 3370 3236 3437 possent.

2267 3457 2358 3510 77.
2385 3457 2449 3511 At
2469 3455 2570 3510 ubi
2593 3454 2918 3510 Mediolano
2938 3453 3676 3526 propinquavimus,totam
3707 3471 3856 3528 pene

2199 3545 2405 3600 urbem
2437 3544 2669 3599 obviam
2718 3542 3076 3610 habuimus;
3135 3547 3458 3611 matronas,
3505 3544 3744 3601 nobiles
3795 3549 3859 3602 et

2198 3632 2506 3706 ignobiles,
2534 3647 2729 3688 cereos
2749 3631 3209 3688 innumerabiles
3225 3632 3549 3688 deferentcs
3575 3633 3856 3700 ﬁnientes

2198 3728 2255 3777 et
2283 3736 2807 3792 senes,omnesque
2823 3721 2940 3777 Deo
2957 3720 3192 3776 laudem
3207 3721 3414 3776 dantes
3437 3739 3451 3788 ;
3473 3720 3653 3777 etiam
3668 3722 3853 3794 ipsos,

2198 3826 2345 3882 quos
2373 3809 2431 3863 in
2451 3809 2572 3864 vita
2601 3825 2709 3865 sua
2747 3807 2955 3864 habuit
3006 3808 3270 3878 aemulos,
3303 3808 3527 3866 scilicet
3585 3809 3853 3880 clericos,

2197 3898 2530 3954 invenimus
2561 3901 2796 3970 paratos
2827 3913 2943 3954 non
2972 3897 3234 3954 ofﬁcium
3266 3902 3571 3955 cantantes
3595 3904 3856 3956 mortuo-

2197 4004 2351 4055 rum,
2375 3987 2478 4043 sed
2508 3987 2597 4058 (ut
2628 3987 2890 4055 decebat)
2920 3987 3264 4059 Martyrum.
3296 3988 3366 4043 Et
3393 3988 3477 4043 sic
3521 3989 3585 4043 in
3645 3993 3854 4045 sancto

2198 4075 2776 4147 dieAscensionis(5&
2807 4075 3063 4148 )Domini
3091 4076 3400 4148 posuimus
3417 4075 3586 4132 illum
3605 4077 3664 4132 in
3723 4091 3848 4132 me.

2197 4166 2292 4222 dio
2315 4164 2565 4222 ecclesiae
2602 4164 2660 4220 S.
2691 4165 3005 4220 Ambrosii.
3046 4166 3208 4220 Tunc
3238 4165 3454 4222 nobilis
3489 4164 3847 4222 Herlembal-

2196 4257 2308 4310 dus
2339 4255 2398 4309 in
2429 4253 2554 4309 loco
2585 4253 2866 4308 eminenti
2886 4269 3253 4327 progressus,
3285 4254 3408 4310 haec
3438 4254 3711 4311 omnibus
3741 4269 3857 4311 au-

2196 4344 2492 4400 dientibus
2522 4346 2611 4399 est
2641 4342 2908 4411 locutus;
2938 4343 3181 4412 Videtis,
3205 4343 3394 4414 inqui,
3452 4342 3854 4412 dilectissimi,

2199 4435 2485 4504 quantum
2514 4431 2668 4488 valet
2697 4432 3047 4504 ﬁdes,quam
3079 4432 3231 4488 inter
3261 4449 3369 4489 nos
3400 4448 3506 4504 per
3531 4432 3738 4489 decem
3759 4441 3861 4490 an-

441 4518 700 4574 creditur
731 4522 787 4574 et
816 4517 1030 4574 dicitur
1058 4518 1342 4588 esse,volo
1366 4523 1432 4574 ut
1461 4517 1600 4573 illuc
1623 4519 1784 4590 juste
1841 4525 1896 4576 et
1951 4538 2085 4577 cum
2120 4541 2168 4606 Ι)
2198 4539 2304 4578 nos
2335 4522 2532 4578 docuit
2552 4521 2614 4576 B.
2640 4520 2934 4576 Arialdus.
2967 4521 3224 4590 Certe,ut
3242 4521 3681 4593 videtis,ipsam
3719 4536 3856 4578 eum

441 4608 630 4680 ipsius
661 4608 1003 4664 incedamus
1034 4607 1271 4663 honore.
1304 4608 1429 4663 Non
1452 4607 1607 4662 enim
1640 4625 1773 4663 cum
1816 4615 1986 4682 raptu
2038 4615 2094 4666 et

443 4713 766 4768 pauperum
800 4696 1148 4752 detrimento
1183 4697 1580 4752 innocentium
1622 4713 1955 4770 pergamus,
1988 4700 2089 4756 sed

442 4785 748 4840 nobiscum
786 4786 1041 4841 feramus
1074 4787 1227 4842 unde
1257 4785 1444 4842 vivere
1467 4786 1803 4843 debeamus.
1854 4788 2090 4844 Discur-

448 4877 580 4929 rant
604 4873 800 4945 itaque
833 4875 1022 4930 nuntii
1056 4876 1516 4948 circumquaque
1547 4875 1815 4932 velociter
1845 4879 1944 4949 qui
1978 4895 2095 4934 om-

445 4978 572 5030 nes,
604 4962 675 5018 ad
712 4962 864 5018 bella
891 4967 1079 5035 aptos,
1111 4980 1245 5020 cum
1279 4965 1480 5032 armis,
1516 4965 1883 5038 rusticosque
1913 4971 1977 5022 ut
2005 4984 2096 5023 ve-

659 5109 685 5136 «
721 5091 928 5143 Arcem
959 5087 1185 5143 Trevali
1211 5110 1236 5136 »
1267 5088 1557 5143 nominari
1594 5105 1625 5143 a
1653 5089 2094 5163 Landulfo,jam

446 5161 848 5303 Ῠιῗὲῐῧυῐῗὶέάἰε
878 5229 1109 5303 circiter
1153 5231 1247 5303 via
1304 5229 1454 5285 inter
1500 5235 1773 5298 Aronam,
1809 5235 1865 5287 et
1902 5233 2096 5290 fauces

447 5301 631 5370 laeus',
663 5303 722 5357 in
755 5302 1017 5358 ﬂuminis
1049 5302 1290 5358 modum
1323 5319 1385 5357 se
1415 5303 1524 5357 den
1538 5319 1608 5357 uo
1636 5306 2002 5360 coarctantis.

516 5375 628 5456 (52)
661 5374 1224 5456 Dandulfusjunior,
1259 5396 1288 5425 «
1315 5374 1386 5430 ad
1406 5374 1630 5430 Olivam
1662 5396 1688 5421 η
1737 5373 1956 5447 legatos
2007 5376 2093 5432 di-

448 5449 841 5589 ῗθῗὲἓῗἏἙὲίι
871 5515 1026 5572 idem
1051 5535 1064 5574 :
1104 5536 1127 5566 ι
1161 5517 1419 5589 Tandem
1450 5515 1679 5589 cunctis
1709 5518 2094 5589 exspectanti-

447 5585 561 5650 bus
587 5585 821 5649 sacrum
844 5605 1054 5663 corpus
1085 5605 1188 5664 per
1217 5588 1488 5649 Ticinum
1519 5588 1587 5649 ad
1608 5585 1774 5652 littus
1805 5585 2096 5667 dejectum

2206 4611 2453 4667 servavit
2487 4611 2829 4666 defunctum
2858 4609 3213 4666 incolumem
3245 4611 3304 4667 in
3358 4611 3652 4684 profundo
3701 4611 3862 4677 Luci,

2199 4699 2351 4755 inter
2380 4698 2838 4755 innumerabiles
2869 4698 3277 4771 immanesque
3309 4699 3633 4772 pisces,per
3653 4700 3858 4756 decem

2207 4805 2460 4845 menses.
2487 4788 2615 4844 Haec
2641 4792 2837 4844 autem
2869 4803 3066 4844 coram
3095 4788 3257 4844 vobis
3288 4789 3482 4862 ipsum
3516 4803 3622 4862 per
3653 4789 3858 4846 decem

2205 4877 2312 4932 hos
2334 4878 2457 4933 dies
2485 4876 2711 4933 aestivos
2733 4881 3058 4945 conservet,
3090 4877 3360 4934 videlicet
3379 4894 3568 4950 usque
3611 4879 3686 4933 ad
3719 4895 3862 4933 san-

2206 4970 2366 5022 ctum
2399 4965 2555 5022 diem
2601 4964 3002 5034 Pentecosten,
3059 4970 3354 5038 quatenus
3400 4967 3469 5022 de
3528 4966 3859 5040 longinquo

2205 5094 2325 5146 est:
2364 5113 2392 5140 »
2423 5093 2574 5164 tacet
2603 5094 2798 5164 autem
2828 5091 2898 5146 de
2929 5089 3061 5164 navi
3076 5090 3200 5164 :sed
3239 5091 3366 5148 fieri
3412 5095 3606 5164 potest
3657 5095 3728 5148 ut
3787 5091 3856 5147 ad

2204 5161 2587 5235 usqueglacus
2620 5161 2815 5235 fauces
2847 5162 3078 5235 navigio
3109 5161 3688 5235 devectum'corpus,
3738 5163 3860 5234 eje-

2205 5238 2365 5288 ctum
2397 5233 2461 5306 in
2490 5233 2679 5306 ripam
2711 5233 2797 5306 sit
2817 5235 2887 5289 ab
2918 5233 3238 5306 iis—quibus
3269 5233 3658 5291 commissum
3707 5233 3857 5306 erat,

2205 5322 2321 5360 non
2355 5302 2705 5378 audentibus
2737 5302 2856 5362 illis
2885 5302 3218 5378 exspectare
3249 5321 3628 5378 quemquam,
3650 5306 3746 5362 cui
3777 5305 3860 5378 ip-

2207 5394 2339 5433 sum
2371 5376 2690 5432 traderent.

2276 5449 2388 5519 (54)
2411 5447 2564 5519 Cum
2597 5464 2748 5502 anno
2779 5446 2880 5503 illo
2911 5448 3050 5503 1067
3081 5447 3303 5504 Pascha
3356 5447 3723 5504 celebratum
3780 5447 3857 5519 sit

2203 5521 2236 5575 8
2264 5517 2501 5592 Aprilis,
2533 5519 2810 5594 Ascensio
2842 5519 2954 5577 fuit
2981 5519 3050 5578 l7
3069 5519 3230 5592 Maii,
3259 5524 3318 5578 et
3362 5520 3722 5594 Pentecoste,
3783 5518 3852 5577 de

2206 5591 2330 5671 quo
2352 5606 2489 5654 mox
2513 5592 2585 5652 27
2605 5591 2892 5669 ejusdem.
