4152 6194
518 279 677 346 uss
1638 280 1749 345 ss.
1797 278 2115 346 ARIALDI
2159 286 2261 346 nr
2303 282 2807 348 ERLEMBALDI
3691 286 3812 371 usi

518 416 747 489 dierum
794 414 1052 489 quinque
1100 432 1133 470 a
1161 414 1415 471 naturali
1444 415 1566 473 solo
1613 422 1899 473 semotum
1924 419 1951 473 ?
1983 420 2157 475 Porro
2187 420 2241 484 Α
2269 420 2442 475 etiam
2457 425 2522 475 ut
2542 417 2724 475 semel
2736 417 3007 474 transiret
3023 432 3125 489 per
3143 412 3386 489 plateam
3401 417 3815 491 quamdamjuxta

517 506 590 561 de
619 505 780 562 obitu
812 506 939 575 ejus
969 503 1118 559 clam
1171 509 1402 577 peracto
1435 506 1567 578 quis
1598 510 1652 563 te
1700 508 1911 563 certior
1939 508 2152 579 existit,
2273 510 2514 565 domum
2530 507 2924 582 pontiﬁcalem
2942 507 3113 563 sitam
3136 527 3150 577 ;
3172 507 3488 578 aliquantos
3503 508 3816 579 autemviros,

519 595 622 666 qui
651 612 755 667 pro
786 594 893 648 hoc
914 592 1120 649 mortis
1152 594 1408 667 periculo
1440 601 1528 651 ter
1554 601 1606 651 te
1639 598 1850 652 dedisti
1876 599 1903 652 ‘2
1934 598 2161 654 Etenim
2274 614 2421 670 quos
2455 598 2533 653 ibi
2566 597 2796 670 reperit,
2829 597 3141 652 admonere
3170 595 3351 668 coepit.
3381 595 3541 650 Erant
3560 595 3689 651 enirn
3712 601 3816 654 tunc

519 683 699 740 semel
723 686 1021 754 utcunque
1041 683 1310 755 inceptus
1332 685 1716 753 evasisti,alia
1733 704 1863 743 vero
1888 688 2006 743 vice
2029 688 2165 760 quia
2273 688 2459 743 Guido
2492 692 2547 742 et
2577 686 2880 756 ordinarii,
2916 684 3198 757 multique
3249 683 3342 739 alii
3373 683 3566 749 clerici,
3591 684 3642 739 in
3666 688 3818 743 eadem

519 771 822 827 dicebatur
850 772 1003 843 quod
1030 772 1089 827 in
1121 773 1410 829 Travallia
1430 792 1559 830 arce
1592 776 1701 846 (61)
1726 776 2167 850 inexpugnabili
2276 777 2448 832 domo
2480 776 2696 849 pariter
2721 775 3076 848 congregati.
3111 774 3269 837 Quod
3301 790 3424 828 cum
3455 772 3730 841 audissent,
3753 792 3819 830 sa-

518 859 741 916 occulte
772 860 1145 930 detineretur,
1181 862 1309 933 ejus
1341 864 1629 919 desiderio
1660 882 1961 933 accensus,
1995 865 2165 939 longo
2279 865 2621 937 pientiorem
2654 865 2927 920 omnibus
2958 864 3197 936 elegere,
3228 878 3466 931 eumque
3494 862 3559 917 ad
3585 860 3742 934 ipsum
3764 864 3822 918 di-

518 948 724 1006 itinere
753 950 1258 1023 confecto,qmultis
1280 952 1577 1009 montibus
1607 955 1939 1022 transactis,
1959 959 2015 1011 te
2036 962 2169 1010 ante
2279 972 2490 1021 rexere,
2526 959 2820 1026 quatenus
2862 952 2912 1008 ei
2944 954 3254 1019 resisteret,
3286 954 3340 1007 et
3368 968 3485 1022 quae
3524 950 3715 1005 dicebat
3737 952 3821 1007 fore

520 1038 786 1110 ejusdem
833 1045 1032 1112 portas
1061 1040 1342 1097 obtulisti.
1377 1047 1441 1097 In
1471 1060 1669 1114 quam,
1707 1044 1845 1115 quia
1885 1045 2169 1116 inspicere
2278 1061 2425 1100 vana
2454 1044 2689 1098 diceret.
2713 1044 2858 1097 Nam
2882 1042 2939 1097 in
2963 1041 3167 1113 paucis
3189 1041 3271 1096 sic
3297 1038 3545 1112 protinus
3558 1039 3822 1095 verbiscen-

519 1144 582 1186 es
613 1145 814 1197 ausus,
849 1129 948 1202 qui
979 1146 1138 1186 esses
1160 1131 1450 1203 cognitus,
1480 1132 1723 1203 ideoque
1754 1138 1960 1205 captus
1995 1139 2170 1204 atque
2278 1133 2477 1189 clusus
2512 1137 2600 1188 est
2633 1137 2697 1187 ut
2727 1136 2879 1187 retro
2909 1130 3155 1202 turpiter
3174 1129 3381 1185 rediret
3405 1127 3660 1183 velociter.
3690 1128 3823 1191 Quem

519 1218 579 1273 in
611 1216 969 1275 altissimam
1002 1220 1264 1289 ejusdem
1286 1224 1507 1275 turrem
1544 1222 1853 1291 deductus,
1880 1238 1983 1294 per
2016 1222 2167 1277 fora-
2279 1240 2347 1278 cu
2361 1240 2410 1276 ο]
2446 1222 2537 1277 sui
2582 1222 3041 1291 interrogassent
3070 1218 3210 1290 quid
3242 1218 3463 1290 egisset,
3509 1216 3619 1271 ait:
3648 1216 3822 1281 Scitote,

522 1321 655 1363 men
680 1323 813 1363 cum
839 1308 1076 1363 funibus
1094 1309 1152 1364 in
1178 1308 1365 1381 ipsius
1382 1326 1444 1364 es
1467 1309 1765 1380 depositus
1785 1312 2166 1381 profundum,
2279 1317 2378 1368 aut
2411 1312 2605 1384 ipsum
2637 1328 2752 1365 non
2784 1327 2909 1366 esse
2940 1309 3261 1373 hominem,
3285 1310 3383 1362 aut
3405 1305 3628 1362 alterum
3644 1305 3736 1360 fore
3751 1305 3821 1376 qui

522 1397 677 1468 quod
702 1396 889 1469 magis
910 1396 1219 1452 videbatur
1238 1414 1367 1452 esse
1390 1397 1724 1469 sepulcrum
1744 1415 1921 1470 quam
1945 1399 2169 1455 habita-
2279 1402 2350 1455 ab
2382 1402 2510 1471 ejus
2560 1417 2674 1454 non
2707 1416 2836 1454 esse
2883 1398 3205 1457 hominem.
3240 1400 3341 1452 aut
3368 1393 3595 1449 alterum
3636 1392 3731 1447 fore
3754 1393 3827 1464 qui

520 1483 740 1539 culum.
774 1484 921 1539 Nam
959 1482 1154 1539 lectuli
1185 1483 1435 1539 fulcrum
1482 1490 1605 1540 erat
1634 1503 1887 1554 caenum,
1923 1487 2169 1558 capitale
2278 1490 2350 1544 ab
2380 1489 2508 1560 ejus
2541 1489 2799 1560 loquitur
2828 1503 2946 1543 ore.
2981 1489 3107 1541 llaec
3140 1484 3357 1553 omnia,
3389 1482 3628 1555 quamvis
3652 1498 3745 1536 non
3769 1480 3829 1534 in-

522 1588 751 1628 saxum.
783 1572 898 1627 Nec
927 1571 1084 1628 enim
1114 1572 1194 1627 ibi
1225 1577 1370 1642 erat,
1394 1575 1547 1629 unde
1579 1575 1825 1648 digestio
1848 1577 2166 1632 occultare-
2278 1577 2551 1642 terfuisti,
2605 1577 2950 1633 Bonovicino
3000 1576 3109 1647 (62)
3160 1578 3448 1641 narrante,
3478 1570 3686 1644 pleniter
3721 1568 3829 1624 didi-

518 1662 636 1728 tur,
667 1676 773 1715 nec
804 1661 1053 1733 desuper
1070 1665 1290 1718 tectum
1323 1680 1357 1718 a
1386 1680 1499 1735 quo
1531 1663 1727 1736 pluvia
1748 1664 2165 1736 pelleretur.Ibi
2279 1667 2436 1722 cisti.

523 1746 739 1822 quippe
759 1766 874 1822 prae
894 1750 1076 1806 nimio
1108 1751 1345 1808 horrore
1369 1752 1566 1809 vultus
1587 1757 1724 1809 tuus
1749 1757 1806 1808 et
1827 1754 2166 1809 stomachus
2201 1792 2246 1856 Β
2344 1757 2432 1810 85.
2469 1755 2638 1810 Illum
2673 1760 2916 1827 praetera
2947 1752 3406 1856 famosissimum
3433 1749 3621 1815 zelum,
3640 1745 3828 1856 qpo'liei-I

522 1836 607 1894 sic
635 1837 897 1912 elanguit
917 1842 974 1895 et
1002 1841 1288 1896 emarcuit
1314 1846 1376 1896 ut
1408 1842 1602 1898 cibum
1636 1860 1738 1915 per
1759 1842 1927 1898 funes
1949 1842 2052 1897 tibi
2078 1842 2169 1897 di-
2201 1833 2246 1856 υ
2278 1844 2458 1899 reticu
2470 1861 2525 1899 m
2549 1844 2865 1915 quemdam
2885 1843 2957 1898 ab
2979 1840 3148 1897 altari
3174 1838 3403 1913 repulit,
3427 1854 3524 1894 cur
3543 1853 3642 1893 non
3663 1833 3832 1889 dixisti?

522 1928 773 1984 missum
794 1933 1029 2002 gustare
1060 1929 1302 1986 minime
1325 1947 1526 2003 posses
1551 1948 1563 1986 :
1597 1931 1846 2003 ideoque
1869 1937 2034 1988 nocte
2055 1949 2169 1987 me-
2278 1932 2552 1988 Timuisti
2580 1932 2824 1988 forsitan
2866 1948 2937 1986 ne
2967 1930 3025 1985 in
3053 1946 3118 1985 eo
3149 1928 3337 2001 aliqui
3375 1924 3828 1983 scandalizarentur.

522 2018 621 2074 dia
677 2022 731 2073 te
786 2019 1145 2089 subtraxere,
1196 2023 1253 2075 et
1307 2021 1391 2076 sic
1467 2021 1813 2077 semivivum
1872 2020 2165 2077 dimisere.
2278 2021 2448 2091 Scilo,
2485 2021 2851 2087 charissime,
2883 2019 3019 2092 quia
3050 2019 3205 2074 dicta
3242 2018 3501 2089 factaque
3528 2010 3728 2078 Arialdi,
3750 2010 3831 2064 imo

522 2106 719 2164 Altera
739 2112 929 2164 autem
953 2107 1074 2164 vice
1089 2108 1281 2164 lacum
1305 2110 1720 2178 transfretasti,
1742 2110 1955 2166 iterum
1979 2110 2170 2182 cogni-
2277 2116 2332 2167 et
2359 2110 2592 2181 Christi,
2625 2108 2943 2165 incredulis
2972 2112 3028 2164 et
3069 2107 3360 2179 perversis
3391 2104 3552 2172 plena
3592 2097 3831 2164 scandalis,

522 2200 621 2253 tus
651 2201 708 2253 et
749 2202 976 2268 captus,
1005 2198 1188 2252 donec
1213 2202 1269 2253 te
1300 2199 1485 2269 pretio
1518 2216 1633 2254 non
1686 2198 1902 2266 emisti,
1931 2200 2169 2255 evadere
2280 2200 2392 2272 piis
2420 2216 2550 2255 vero
2610 2200 2868 2254 fomenta
2899 2202 3036 2253 sunt
3088 2195 3317 2251 ardoris
3349 2197 3404 2250 et
3431 2191 3585 2247 lucis.
3612 2190 3679 2245 Ea
3706 2186 3834 2259 igitur

522 2285 684 2341 nullo
706 2285 877 2341 modo
895 2285 1306 2356 potuisti.Quw
1329 2304 1463 2342 cum
1486 2280 1570 2342 ita
1589 2287 1727 2355 sint,
1746 2290 1877 2359 quis
1901 2292 2019 2343 tam
2043 2305 2171 2344 cru-
2280 2289 2408 2344 istis
2439 2289 2788 2361 pandamus,
2812 2288 2881 2342 de
2913 2285 3030 2340 illis
3053 2301 3188 2340 vero
3222 2282 3568 2338 Salvatorem
3587 2278 3741 2333 dicere
3762 2290 3833 2329 au-

523 2372 672 2430 delis
700 2373 810 2429 erit
839 2376 894 2428 et
915 2374 1101 2429 durus
1122 2377 1187 2428 ut
1215 2374 1331 2429 tuis
1357 2375 1728 2431 sermonibus
1751 2377 1960 2433 existat
1983 2377 2168 2434 incre-
2279 2379 2512 2434 diamus
2538 2396 2556 2431 :
2595 2401 2615 2427 (ι
2670 2376 2875 2442 Sinite,
2906 2373 3118 2446 inquit,
3149 2389 3255 2428 eos
3279 2390 3292 2441 ;
3344 2369 3479 2443 quia
3506 2366 3630 2424 eieci
3655 2367 3777 2429 sunt,
3798 2364 3838 2417 et

524 2459 721 2518 dulus.
2279 2468 2458 2523 duces
2497 2482 2780 2523 caecorum
2811 2463 3017 2533 (Matth.
3051 2480 3142 2529 xv,
3178 2461 3295 2533 Μ).
3330 2482 3357 2509 ››
3403 2458 3721 2514 Transeunte
3744 2466 3838 2522 ergo

2279 2572 2382 2628 per
2412 2557 2691 2627 majorem
2720 2552 3024 2609 ecclesiam
3052 2567 3188 2607 cum
3217 2548 3491 2605 fratribus
3516 2543 3715 2600 Arialdo
3732 2536 3840 2595 Chri-

2280 2645 2354 2701 sti
2406 2644 2644 2712 famulo,
2678 2642 2898 2698 audivit
2944 2642 3098 2713 quod
3131 2641 3194 2696 in
3248 2639 3449 2697 eadem
3498 2636 3629 2691 hora
3664 2630 3839 2704 quidam

2279 2733 2507 2790 adulter
2538 2738 2595 2790 et
2621 2732 2987 2788 Simoniacus
3018 2731 3090 2786 ad
3121 2729 3444 2800 quoddam,
3465 2723 3630 2798 ipsius
3656 2716 3841 2776 basilica

2280 2822 2463 2879 altare
2494 2826 2838 2888 accesserat,
2869 2825 2935 2876 ut
2972 2836 3033 2875 se
3064 2818 3376 2874 simularet
3422 2814 3499 2871 ibi
3526 2824 3704 2868 canere
3742 2804 3841 2861 mis-

2282 2930 2407 2968 sam
2443 2930 2454 2968 :
2491 2916 2728 2978 Eamus,
2755 2909 2966 2982 inquit,
3015 2907 3175 2963 illuc.
3210 2906 3298 2962 Ad
3349 2919 3516 2976 quem
3546 2915 3662 2956 cum
3700 2907 3839 2982 perve-

2283 3002 2486 3069 nisset,
2521 3001 2641 3056 ait:
2677 2980 3023 3054 Cumﬁenim
3079 3001 3144 3051 tu
3177 2996 3265 3051 sis
3306 2993 3440 3049 talis
3471 2988 3618 3063 quali
3657 2980 3843 3042 ecclesia

2286 3089 2461 3146 valva
2488 3094 2681 3162 patere
2714 3088 2955 3142 minime
2986 3085 3289 3151 deberent,
3323 3100 3427 3138 cur
3456 3082 3693 3135 sanctum
3717 3070 3844 3127 altare

2286 3178 2595 3252 praesumis
2617 3175 2874 3249 pollutus
2896 3173 3258 3245 contingere,
3273 3178 3331 3227 et
3349 3169 3449 3225 illa
3468 3163 3713 3239 mysteria
3726 3171 3846 3257 agere

2279 3286 2407 3341 quae
2441 3264 2806 3322 solummodo
2838 3262 3106 3318 innocuis
3138 3264 3197 3316 et
3229 3259 3408 3316 castis
3437 3258 3569 3313 sunt
3587 3259 3845 3341 commissat

2278 3334 2334 3413 te
2365 3356 2627 3429 ﬁngere?
2658 3353 2835 3409 Aufer
2863 3356 2919 3407 te
2955 3351 3093 3406 hinc
3135 3347 3510 3421 quantocius,
3537 3339 3748 3429 putride.
3774 3334 3848 3429 Qui

2279 3464 2412 3502 cum
2443 3421 2577 3501 inde
2611 3460 2673 3499 se
2702 3460 2815 3498 non
2850 3443 3165 3507 amoveret,
3190 3437 3279 3493 vir
3306 3436 3409 3493 Dei
3438 3446 3659 3490 manum
3678 3426 3736 3483 ad
3762 3421 3846 3495 pla-

2279 3541 2474 3591 nctam
2525 3533 2708 3599 misit,
2758 3547 3005 3601 eamque
3054 3528 3126 3582 ab
3174 3528 3310 3598 ejus
3362 3529 3519 3596 tergo
3561 3509 3849 3608 extraxitkel

2276 3625 2472 3696 ipsum
2498 3623 2570 3677 ab
2602 3620 2769 3678 altari
2790 3617 3044 3690 expulit;
3071 3620 3242 3671 erant
3264 3614 3425 3670 enim
3445 3617 3577 3667 tunc
3595 3609 3644 3662 in
3667 3601 3847 3700 circuitu

2278 3686 2543 3783 ejusdem
2589 3686 2881 3775 ecclesiae,—
2918 3722 3097 3761 causa
3147 3701 3510 3776 negotiandi,
3566 3701 3671 3753 tam
3708 3686 3849 3783 civiles

2278 3776 2384 3856 viri
2417 3817 2593 3873 quam
2625 3795 2948 3854 suburbani
2999 3793 3218 3867 pariter
3248 3788 3601 3864 congregati.
3633 3776 3850 3878 Qui‘exilt

2278 3896 2335 3947 et
2383 3871 2485 3963 per
2541 3890 2727 3945 forum
2778 3882 3208 3958 querimoniam
3229 3881 3384 3937 fecit.
3419 3871 3849 3963 Commotoitaqtle

2280 3957 2514 4055 populo,
2547 3957 2925 4047 dimissisque
2976 3971 3251 4045 negotiis,
3286 3987 3353 4027 ac
3385 3968 3627 4025 fustibus
3658 3957 3848 4055 elevatis

2279 4041 2382 4143 per
2420 4041 2569 4125 ostia
2599 4041 2851 4131 irruunt,
2885 4068 2949 4118 ut
2996 4041 3192 4133 ipsum
3242 4062 3511 4132 quaerant
3537 4061 3588 4111 et
3613 4041 3847 4143 perimanf-

2280 4130 2408 4232 ipse
2454 4173 2587 4212 vero
2618 4155 2810 4210 sciens
2860 4169 2987 4224 quae
3017 4154 3267 4207 ventura
3304 4152 3494 4214 erant,
3526 4160 3632 4200 non
3668 4130 3848 4232 fugerit:

2279 4218 2379 4303 sed
2411 4245 2659 4318 gradum
2691 4218 3054 4302 ascenderat,
3088 4237 3289 4309 ibique
3321 4233 3599 4309 pepulum
3628 4218 3852 4294 πείκειν

2280 4338 2403 4392 bat.
2441 4334 2714 4389 Videntes
2736 4346 2871 4403 ergo
2902 4345 3037 4384 eum
3060 4327 3115 4381 in
3148 4326 3338 4398 gradu
3359 4327 3622 4388 stantem,
3646 4317 3858 4403 sacraque

593 4420 682 4476 84.
707 4420 831 4475 Duo
862 4418 1113 4492 denique
1134 4419 1553 4492 sapientissimi
1578 4421 1790 4494 clerici,
1814 4426 2014 4482 audita
2042 4429 2169 4498 ejus
2284 4442 2461 4481 manu
2492 4422 2855 4483 innuentem,
2886 4433 3090 4474 omnes
3132 4413 3509 4487 deponebant
3550 4409 3727 4498 fustes.
3751 4399 3857 4498 θίξθ

520 4511 699 4577 fama,
732 4509 802 4564 de
830 4480 1168 4581 longinquis
1198 4480 1536 4581 regionibus
1567 4511 1638 4565 ad
1670 4480 1803 4567 eum
1836 4480 2166 4584 venereyut
2196 4528 2240 4593 D
2272 4480 2721 4573 adlaudiendum
2752 4480 3246 4581 parabant,super
3268 4504 3434 4593 ipsos
3476 4480 3858 4593 innitentes

929 4564 965 4581 υ
1050 4564 1070 4581 ι
1262 4564 1297 4581 υ
1522 4564 1527 4565 κ
1849 4564 2061 4584 .--η-ν,
2102 4564 2162 4573 --
2273 4564 2654 4573 ..-π----ηπ
2754 4564 2769 4581 .
3046 4564 3054 4572 .
3143 4564 3159 4576 .
3293 4564 3312 4576 .
3709 4579 3717 4588 _

520 4601 935 4671 cognoscerent
965 4598 1255 4668 quomodo
1285 4597 1410 4670 ipse
1439 4598 1684 4655 scientia
1712 4600 1977 4671 polleret.
2012 4607 2168 4670 Que-
2196 4564 2240 4593 υ
2281 4609 2370 4662 cto
2402 4602 2667 4672 denique‘
2685 4596 2915 4655 silentio
2940 4610 3173 4667 magno,
3203 4590 3663 4665 pranlicationem
3679 4593 3749 4633 Sic
3763 4564 3863 4672 mel-

517 4660 650 4744 rum
684 4704 836 4744 unus
867 4686 917 4743 ci
951 4702 1012 4742 se
1062 4686 1122 4741 in
1155 4686 1527 4744 altercatione
1559 4689 1794 4755 obtulit,
1827 4695 1884 4746 et
1914 4710 1946 4746 a
1999 4711 2169 4753 mane
2278 4694 2500 4749 liﬂuam
2534 4686 2861 4759 composuit
2892 4688 2955 4739 ut
2984 4684 3179 4750 corda,
3213 4698 3347 4753 quae
3380 4678 3603 4734 fuerant
3628 4660 3858 4759 οοωωοξε

517 4792 705 4848 usque
734 4776 807 4830 ad
838 4775 1042 4831 horam
1067 4776 1184 4831 fere
1214 4793 1450 4845 nonam,
1475 4776 1653 4833 altero
1684 4749 1918 4850 penitus
1940 4749 2164 4849 silente,
2278 4787 2335 4839 et
2366 4749 2713 4837 conturbata
2743 4792 2843 4847 per
2881 4772 3015 4828 falsi
3060 4749 3250 4827 verba
3284 4764 3620 4829 sacerdotis,
3646 4749 3862 4850 operarii?

516 4840 815 4935 nte-unque
857 4864 1091 4930 restitit,
1123 4869 1178 4919 et
1228 4870 1367 4920 tunc
1414 4840 1494 4921 sic
1527 4871 1616 4922 est
1661 4840 1920 4925 devictus
1950 4875 2014 4925 ut
2065 4840 2168 4928 nec
2276 4868 2659 4941 etinstigante
2683 4840 3865 4941 adversario,sedarenturetdulcorarfnl‘f

517 4952 658 5026 quid
689 4927 1002 5007 insolubile
1051 4927 1324 5023 objicere,
1359 4971 1463 5009 nec
1494 4962 1692 5027 posset
1720 4958 1948 5029 objecta
1975 4960 2167 5017 exsol-
2277 4977 2380 5032 per
2408 4927 2583 5013 verba
2626 4952 2747 5010 veri
2795 4949 3011 5007 Christi
3065 4948 3295 5012 famuli,
3331 4945 3600 5018 operante
3642 4938 3693 4991 et
3733 4927 3865 5032 ﬂante

514 5058 665 5098 vere.
697 5039 890 5096 Alium
921 5056 1075 5109 vero,
1108 5041 1248 5111 quia
1278 5042 1456 5098 nimis
1488 5026 2040 5119 eruditum'reperit,
2074 5049 2168 5104 die
2276 5026 2496 5119 sriﬁtu
2545 5047 2779 5109 sancto;
2812 5043 2869 5095 et
2898 5055 3020 5103 ora,
3055 5054 3181 5108 qua:
3229 5033 3506 5091 intrando
3536 5038 3727 5122 vesage
3758 5026 3865 5122 ‘Pfi’:

515 5132 715 5188 eodem
749 5129 1051 5185 devincere
1082 5146 1197 5185 non
1230 5131 1438 5203 potuit,
1476 5134 1575 5188 scd
1609 5134 1665 5187 in
1700 5100 1889 5192 atteret
1911 5142 2164 5209 prostra-
2276 5100 2697 5192 cllamaverant:
2720 5129 3022 5197 Moriatur,
3041 5126 3356 5193 moriatur;
3379 5117 3631 5178 exeundo
3645 5100 3864 5209 dictabit—.1t

515 5221 615 5277 vit.
653 5221 829 5287 Quos,
859 5217 996 5275 licet
1025 5219 1304 5288 devictos,
1337 5220 1476 5293 quia
1504 5222 1668 5279 valde
1692 5224 1891 5281 doctos
1912 5203 2164 5293 invenit,
2276 5226 2492 5282 orando
2526 5241 2538 5277 :
2575 5222 2770 5277 Faciat
2799 5224 2854 5274 te
2884 5217 3152 5273 Christus
3198 5232 3301 5287 per
3329 5211 3517 5268 multa
3545 5210 3781 5299 temp?“

516 5308 771 5367 multum
804 5307 1024 5379 dilexit,
1055 5308 1255 5383 eisque
1286 5284 1519 5367 omnem
1553 5312 1801 5385 benigne
1830 5313 2165 5371 bumanita-
2273 5331 2424 5379 vere,
2456 5313 2557 5385 qui
2588 5310 2723 5367 huic
2751 5308 2877 5363 loco
2901 5312 2955 5363 te
2987 5323 3088 5379 pro
3112 5308 3311 5360 nostra
3333 5301 3522 5359 salute
3536 5300 3619 5353 est
3645 5284 3863 5360 dignatus

515 5404 634 5456 tem
667 5398 975 5470 impendit,
1000 5403 1057 5454 et
1086 5398 1170 5455 sic
1192 5400 1428 5456 tandem
1453 5401 1611 5457 abire
1634 5402 1919 5474 permisit.
1943 5404 2166 5460 Accidit
2274 5404 2542 5476 dirigere.

607 5513 700 5584 31)
728 5512 859 5569 Jam
893 5514 1031 5584 dixi,
1065 5532 1258 5574 arcem
1286 5518 1645 5576 Aronensem
1676 5518 1876 5574 videri.

607 5515 671 5569 31
728 5515 859 5569 Jam
893 5515 1031 5584 dixi,
1065 5532 1258 5574 arcem
1286 5518 1645 5576 Aronensem
1676 5518 1876 5574 videri.

586 5515 700 5685 E323
726 5584 797 5644 Et
822 5584 917 5645 hic
946 5589 1005 5647 et
1031 5587 1091 5649 in
1122 5588 1381 5668 prologo,
1413 5603 1518 5668 per
1545 5588 1912 5655 idiotismum
1941 5591 2226 5676 Italicum,
2255 5591 2552 5680 Βοῃυίδξηο
2582 5584 2881 5650 scribitur.

592 2597 686 2653 83.
724 2596 1162 2666 Verumtamen,
1194 2596 1330 2654 licet
1358 2598 1610 2654 multum
1632 2596 1793 2655 laeter
1821 2617 1998 2673 super
2028 2618 2168 2656 cun-

524 2690 620 2744 cta
635 2702 763 2759 qum
794 2685 1013 2755 dixisti,
1037 2686 1179 2758 quia
1209 2691 1348 2742 sunt
1365 2704 1499 2743 vera
1522 2692 1577 2743 et
1596 2687 1962 2744 aedificationi
1981 2690 2167 2760 utilia,

523 2780 721 2833 tamen
748 2774 913 2831 valde
941 2774 1128 2846 doleo,
1164 2774 1302 2847 quia
1331 2775 1581 2832 omisisti
1612 2777 1925 2848 praecipua,
1947 2778 2170 2851 tibique

524 2864 851 2932 notissima,
887 2867 943 2919 et
972 2880 1078 2919 cur
1105 2865 1217 2920 hoc
1250 2864 1454 2921 feceris
1486 2866 1536 2923 si
1572 2866 1850 2932 admiror,
1886 2871 1952 2923 ut
1996 2868 2170 2923 velim

523 2969 593 3009 ex
621 2953 715 3009 his
746 2952 1112 3025 aliquantula
1158 2970 1353 3010 coram
1384 2958 1439 3009 te
1469 2955 1732 3026 prodere,
1786 2959 1841 3010 et
1874 2972 2052 3028 quare
2085 2957 2170 3011 di-

528 3041 761 3098 miseris
799 3040 1119 3097 addiscere.
1150 3044 1298 3097 Ante
1346 3042 1654 3114 quiquam
1704 3043 2005 3101 introisset
2050 3046 2173 3101 Me-

527 3129 826 3188 diolanum
848 3131 920 3186 ad
952 3131 1409 3203 praedicandum,
1434 3132 1664 3203 publice
1686 3133 1757 3188 ad
1778 3133 2173 3191 Varisiensem
2209 3153 2251 3218 ρ

526 3219 756 3293 plebem
769 3218 1110 3275 clericorum
1128 3219 1569 3276 multitudinem
1582 3222 2167 3296 convocavit,eisque,

526 3311 638 3367 sub
669 3310 885 3381 quibus
915 3314 1111 3365 essent
1133 3310 1430 3364 erroribus
1458 3309 1755 3378 indicavit,
1780 3315 1855 3380 et,
1889 3316 1953 3367 ut
1984 3314 2054 3368 ab
2086 3313 2169 3368 eis

526 3399 881 3467 redecerent,
899 3396 1148 3467 benigne
1178 3397 1502 3453 admonuit.
1529 3399 1635 3464 Qui
1667 3400 1795 3470 ejus
1823 3402 1998 3457 verba
2014 3419 2171 3474 spre-

522 3500 675 3553 vere,
710 3485 968 3540 dicentes
1002 3502 1014 3539 :
1048 3484 1225 3539 Nobis
1272 3486 1399 3540 ideo
1432 3485 1553 3540 haec
1583 3486 1858 3557 loqueris,
1891 3491 2031 3560 quia
2085 3493 2169 3547 in-

523 3573 784 3631 eruditos
826 3573 1167 3645 cognoscis;
1196 3577 1488 3643 caaterum,
1522 3575 1571 3629 si
1613 3576 1815 3631 doctor
1852 3577 2051 3634 haberi
2082 3583 2169 3637 vis

524 3661 843 3729 credibilis,
865 3661 1031 3730 vade,
1065 3665 1122 3717 et
1168 3662 1228 3717 in
1259 3663 1400 3718 urbe
1429 3662 1548 3717 haec
1580 3662 1740 3736 loqui
1774 3664 1892 3721 noli
1939 3667 2164 3725 timere.

520 3752 684 3820 Quod
705 3751 754 3808 si
777 3767 945 3824 agere
966 3768 1148 3807 ausus
1170 3750 1368 3818 fueris,
1383 3768 1509 3823 quae
1527 3752 1693 3821 dicis,
1709 3754 1997 3811 credenda
2014 3773 2168 3813 com-

522 3841 819 3915 probabis.
852 3845 917 3896 Et
963 3845 1104 3897 tunc
1149 3841 1353 3897 urbem
1402 3841 1721 3913 ingressus,
1753 3848 1811 3899 et
1860 3845 2164 3918 populum,

523 3930 680 3987 sicut
702 3933 765 3985 tu
799 3931 1017 3997 dixisti,
1045 3934 1136 3986 est
1158 3929 1466 3986 allocutus.
1492 3932 1555 3986 In
1584 3931 1712 4004 ipso
1738 3933 1910 3989 etiam
1934 3937 2167 3992 exordio

523 4034 642 4075 suae
658 4018 1108 4090 praedicationis,
1132 4019 1357 4086 tandiu,
1382 4037 1516 4075 cum
1539 4021 1856 4093 aliquantis
1876 4025 2165 4096 fidelibus,

524 4122 627 4179 per
653 4106 1005 4162 venerabilia
1032 4106 1176 4174 loca,
1202 4113 1536 4165 sanctorum
1570 4111 1841 4182 ﬂagitans
1868 4115 2166 4187 suﬂ'ragia,

525 4194 702 4253 nudis
732 4194 971 4251 incessit
998 4196 1268 4267 pedibus,
1292 4198 1474 4254 donec
1504 4199 1588 4254 sic
1616 4199 2075 4258 intumescerent
2104 4210 2171 4261 ut

524 4299 703 4359 super
730 4301 830 4342 eos
860 4284 1020 4341 nullo
1052 4286 1226 4341 modo
1256 4287 1573 4343 consistere
1602 4297 1823 4360 posset.
