4152 6194
339 352 497 439 1485

1899 364 2124 438 AC'I‘A.

3585 323 3740 440 “es

409 511 497 565 86.
530 509 671 573 Quis
721 509 896 565 etiam
926 501 1232 577 laicorum,
1268 525 1432 567 suam
1465 508 1524 566 in
1557 509 1827 582 conjugio
1879 510 1984 564 ha-
2014 508 2067 574 Α
2100 508 2262 564 nium
2298 507 2598 577 memoria,
2638 511 2700 564 ut
2730 503 2962 581 penitus
2991 503 3234 563 inveniri
3269 507 3605 580 nequiverit.
3636 512 3740 565 Sa-

335 600 480 654 bens
510 599 1031 672 consanguineam,
1051 600 1303 655 audebat
1331 599 1632 656 ecclesiam
1664 599 1984 670 ingredi,in

333 704 452 759 qua
473 687 810 743 morabatur
827 687 1384 753 Arialdus,famulus
1402 688 1660 744 Christi?
1682 705 1817 742 nam
1839 687 1984 742 tales

331 792 403 832 ex
431 793 499 832 ea
528 792 808 849 personas
861 793 964 848 pro
995 777 1104 832 hoc
1135 777 1359 849 pepulit
1415 781 1480 832 ut
1509 794 1623 832 non
1673 775 1861 832 solum
1896 777 1985 830 fe-

330 864 502 931 cisse,
535 864 636 920 sed
657 864 831 919 etiam
856 864 1640 936 testimasse,obstupendum
1663 865 1757 920 sit.
1783 864 1981 919 Mona-

327 951 472 1008 chos
518 956 735 1019 autem,
771 953 1132 1009 consortium
1191 953 1657 1010 Simoniacorum
1699 953 1979 1008 abbatum

327 1039 733 1112 falsorumque
749 1041 992 1096 fratrum
1013 1042 1579 1114 fugientes,benigne
1602 1041 1979 1112 suscipiebat;

328 1129 430 1185 sed
485 1129 751 1200 nunquid
782 1146 983 1185 eorum
1025 1130 1242 1202 aliquis
1271 1131 1331 1185 in
1362 1131 1489 1200 ejus
1522 1130 1828 1202 praesentia
1857 1133 1980 1185 erat

327 1234 510 1274 ausus
540 1218 785 1274 vacare?
815 1223 1108 1290 quatenus
1151 1223 1254 1274 aut
1301 1237 1416 1275 non
1449 1219 1682 1292 legeret,
1739 1218 1827 1274 vel
1861 1235 1977 1274 non

326 1310 538 1374 oraret,
571 1311 671 1362 aut
699 1307 922 1378 aliquid
956 1324 1070 1363 non
1103 1311 1335 1380 ageret;
1371 1325 1506 1363 nam
1528 1309 1575 1363 si
1601 1308 1893 1363 interdum
1917 1307 1975 1361 in

328 1396 456 1466 ejus
487 1400 759 1451 vacarent
779 1396 1064 1464 absentia,
1090 1397 1174 1452 sic
1205 1397 1430 1468 pavide,
1458 1395 1620 1451 illum
1659 1397 1978 1452 sentientes

323 1484 541 1548 venire,
572 1485 642 1539 ad
674 1485 948 1556 praedicta
1005 1486 1384 1541 recurrebant
1406 1503 1580 1557 opera
1620 1504 1632 1552 ;
1693 1484 1975 1556 quemad-

326 1573 570 1627 modum
605 1571 793 1627 solent
822 1573 880 1628 in
913 1572 1130 1629 scholis
1163 1575 1327 1646 pueri
1375 1578 1646 1630 vacantes
1676 1575 1747 1628 ad
1777 1572 1974 1628 lectio-

324 1676 460 1716 nem
492 1677 810 1728 recurrere,
843 1662 1192 1734 magistrum
1244 1663 1561 1718 sentientes
1591 1662 1804 1718 venire.
1834 1663 1973 1727 Quis

319 1749 522 1818 etiam,
551 1751 691 1805 dum
722 1750 1085 1822 prmdicaret,
1135 1751 1193 1805 in
1227 1752 1429 1806 eodem
1462 1751 1586 1807 loco
1613 1751 1826 1806 mutire
1870 1768 1971 1805 au-

319 1838 496 1894 debat
523 1838 551 1892 ?
579 1855 715 1894 nam
748 1838 1175 1912 qualiscunque
1207 1857 1453 1911 persona
1483 1845 1656 1905 esset,
1691 1839 1845 1895 illico
1877 1857 1978 1895 au-

319 1926 522 1981 diebat
545 1945 556 1994 ;
591 1927 724 1982 Sive
753 1932 816 1981 tu
840 1927 1058 1983 tacebis
1082 1928 1201 1984 sive
1223 1945 1350 2001 ego,
1377 1929 1515 2000 quia
1535 1929 1820 2001 scriptum
1839 1933 1929 1984 est
1953 1946 1964 1982 :

317 2037 349 2065 «
380 2014 570 2070 Nolite
621 2015 850 2071 mittere
906 2017 1254 2087 margaritas
1305 2023 1529 2072 vestras
1587 2023 1719 2073 ante
1765 2034 1970 2089 porcos

315 2103 540 2173 (Matth.
568 2120 667 2170 vn,
700 2104 777 2174 6).
817 2127 836 2153 η
874 2104 984 2159 Sed
1015 2104 1152 2160 licet
1180 2108 1302 2160 tam
1329 2121 1563 2161 severus
1595 2111 1751 2161 esset
1767 2110 1971 2161 contra

315 2191 888 2266 delinquentes,quis
910 2192 1110 2248 mitior
1129 2194 1322 2249 eratin
1367 2194 1742 2266 suscipiendo
1787 2194 1968 2266 pceni-

313 2281 548 2336 tentes?
578 2283 721 2336 Cum
753 2281 908 2336 enim
937 2281 1225 2353 veri,quid
1249 2282 1594 2337 dicebantur
1621 2283 1968 2355 presbyteri,

315 2368 376 2423 in
408 2369 695 2424 adulterio
754 2369 1353 2441 deprehenderentur,
1385 2376 1442 2426 et
1498 2389 1531 2426 a
1561 2371 1706 2426 facie
1768 2370 1970 2443 populi

313 2457 722 2529 persequentis
753 2457 917 2514 locus
947 2459 1031 2514 eis
1062 2463 1227 2514 tutus
1285 2459 1527 2515 minime
1557 2463 1777 2531 pateret
1807 2458 1965 2526 alibi,

313 2545 387 2600 ad
420 2545 614 2617 ipsum
649 2546 1081 2619 confugiebant.
1102 2549 1259 2611 Quos
1280 2547 1329 2602 si
1360 2565 1504 2620 pure
1529 2549 1828 2604 confessos
1854 2565 1972 2604 cer-

312 2637 496 2701 neret,
533 2634 801 2706 protinus
833 2651 931 2690 eos
983 2636 1042 2691 in
1076 2635 1352 2691 omnibus
1411 2637 1648 2692 omnino
1679 2637 1844 2702 locis,
1873 2653 1967 2692 ex-

313 2727 479 2794 cepto
511 2723 714 2779 altaris
762 2723 975 2790 officio,
1009 2741 1149 2781 suos
1193 2725 1442 2780 faciebat
1496 2725 1828 2798 participes,
1864 2743 1969 2781 nec

311 2811 587 2885 deinceps
608 2815 925 2884 apparebat
949 2814 1268 2886 quisquam
1293 2815 1390 2886 qui
1415 2815 1604 2870 dicere
1648 2819 1847 2871 contra
1869 2832 1967 2870 eos

312 2904 695 2971 praesumeret
725 2900 1072 2971 quidquam.
1102 2901 1203 2956 Dei
1234 2917 1367 2956 vero
1399 2901 1736 2968 Parasceve,
1776 2903 1835 2956 in
1867 2919 1967 2956 cu-

309 2988 506 3043 biculo
538 2989 759 3054 clauso,
810 2989 1007 3043 nudus
1058 2990 1444 3045 conﬁtebatur
1494 3006 1688 3044 eoram
1747 2988 1968 3046 cazteris

311 3076 614 3141 fratribus,
649 3076 937 3148 quidquid
968 3095 1002 3131 a
1033 3077 1341 3132 cunabulis
1373 3077 1786 3149 deliquerat,et
1834 3093 1968 3148 pro-

309 3164 490 3236 culpa
520 3182 870 3237 unaquaque
901 3183 964 3221 se
1022 3166 1270 3222 faciebat
1315 3166 1609 3221 verberari
1664 3166 1964 3222 acerrime.

2097 597 2246 652 lubri
2279 598 2457 670 igitur
2483 598 2723 654 consilio
2773 600 3021 668 reperto,
3053 596 3289 668 signum
3342 597 3596 653 salutare
3625 599 3739 654 sibi

2095 685 2150 738 in
2189 686 2377 741 fronte
2399 687 2725 758 impressit,
2749 687 2920 755 juxta
2951 685 3131 740 altare
3162 702 3222 740 se
3253 686 3581 756 prostravit,
3616 703 3738 741 rem

2094 774 2383 844 perditam
2413 793 2446 829 a
2475 775 2722 830 Domino
2754 774 2956 846 petiit;
2992 790 3166 844 quam
3213 773 3295 828 sic
3344 772 3611 844 protinus
3653 773 3738 828 in-

2093 863 2250 917 venit
2282 879 2347 918 ac
2369 864 2416 918 ei
2450 864 2509 918 in
2539 863 2685 932 loco,
2722 879 2835 934 quo
2868 862 3064 934 posuit
3093 861 3406 929 occultum,
3466 861 3522 916 id
3583 862 3738 933 quod

2090 951 2412 1021 petebatur,
2446 951 2756 1007 haberetur
2785 952 3162 1022 descriptum.

2161 1085 2248 1138 88.
2283 1084 2454 1139 Aliud
2477 1101 2608 1140 vero
2641 1085 2876 1156 signum
2908 1085 3124 1139 factum
3157 1088 3264 1150 est,
3299 1085 3438 1138 dum
3473 1083 3738 1149 illum,ex

2091 1189 2244 1244 aqua
2271 1172 2382 1228 laci
2417 1174 2762 1244 projectum,
2814 1173 2884 1227 ad
2936 1173 3141 1227 urbem
3198 1173 3566 1227 duceremus.
3599 1173 3738 1227 Erat

2086 1259 2244 1315 enim
2275 1260 2333 1314 in
2380 1260 2634 1331 quodam
2685 1261 2807 1316 vico
2837 1261 3078 1332 quidam
3110 1261 3385 1327 rusticus,
3419 1277 3519 1332 per
3551 1260 3738 1316 multa

2087 1352 2348 1418 tempora
2376 1349 2578 1403 morbo
2612 1349 2861 1421 paralysi
2915 1348 3258 1417 dissolutus,
3299 1349 3400 1418 qui
3458 1365 3590 1403 cum
3632 1366 3732 1402 au-

2086 1437 2268 1492 disset
2299 1438 2450 1507 quod
2483 1438 2694 1493 Christi
2729 1442 2948 1506 martyr
2978 1455 3081 1509 per
3122 1438 3272 1491 viam
3305 1438 3633 1502 duceretur,
3667 1439 3734 1490 {i-

2085 1526 2216 1580 dem
2250 1526 2472 1582 habens
2499 1527 2816 1592 ﬁrmam,in
2849 1527 3114 1582 eamdem
3147 1526 3282 1581 fecit
3312 1542 3372 1581 se
3400 1525 3554 1580 viam
3573 1526 3734 1593 ferri,

2084 1615 2284 1686 ibique
2307 1615 2544 1670 dimitti.
2578 1617 2943 1671 Transeunte
2972 1615 3169 1687 itaque
3200 1615 3390 1683 turba,
3421 1632 3545 1686 quae
3589 1614 3736 1669 fere-

2085 1708 2243 1758 trum
2275 1705 2656 1775 praecedebat,
2684 1709 2996 1773 martyrem
3036 1705 3308 1758 infirmus
3339 1703 3730 1774 exspectabat.

2081 1792 2166 1846 Ad
2198 1808 2372 1863 quem
2407 1809 2539 1847 cum
2573 1793 3018 1863 pcrvennissent
3047 1792 3145 1862 qui
3178 1793 3373 1862 ipsum
3397 1791 3736 1862 portabant,

2004 1875 2049 1939 Β
2081 1881 2155 1936 ab
2188 1881 2420 1936 inﬁrmo
2453 1882 2654 1936 eodem
2689 1881 2898 1936 obnixe
2929 1881 3114 1953 rogati
3149 1881 3545 1952 perstiterunt,
3571 1895 3730 1934 eum-

2081 1984 2194 2038 que
2224 1984 2419 2022 coram
2453 1968 2580 2038 ipso
2631 1969 2971 2040 deposuere.
3033 1968 3102 2022 Et
3143 1967 3359 2037 (nescio
3417 1970 3616 2021 utrum
3666 1983 3735 2021 ex

2079 2056 2201 2111 solo
2231 2057 2360 2112 visu
2395 2073 2466 2111 an
2495 2058 2674 2127 tactu)
2706 2056 2940 2111 sanitati
2964 2056 3046 2111 sic
3068 2060 3157 2111 est
3175 2056 3444 2128 protinus
3467 2054 3732 2110 redditus

2080 2148 2162 2208 ut,
2197 2145 2295 2215 qui
2329 2145 2419 2198 vix
2450 2144 2697 2199 aliorum
2732 2145 3007 2200 manibus
3038 2144 3248 2200 deferri
3277 2143 3732 2212 valebat,statim

2079 2232 2204 2286 suis
2236 2232 2481 2287 firmiter
2522 2232 2815 2288 incederet
2845 2233 3081 2304 plantis.
3123 2234 3268 2287 Nam
3301 2249 3406 2304 ego
3466 2236 3605 2286 tunc
3637 2231 3734 2286 ad-

2078 2335 2235 2374 eram
2273 2321 2425 2375 inter
2455 2321 2911 2392 subsequentem
2944 2322 3176 2376 turbam
3203 2339 3216 2387 ;
3251 2326 3349 2376 sed
3374 2337 3509 2375 cum
3533 2319 3731 2376 audis-

2078 2425 2200 2463 sem
2233 2408 2360 2476 hoc,
2395 2409 2622 2464 fortiter
2651 2410 2876 2464 firmavi
2916 2426 3208 2482 gressum,
3242 2414 3306 2464 ut
3334 2409 3570 2464 veniens
3601 2413 3734 2464 ante

2079 2498 2356 2552 feretrum
2391 2497 2579 2552 virum
2622 2498 2971 2569 inspicerem
2998 2499 3246 2553 firmiter
3300 2498 3729 2565 incendentem,

2083 2586 2384 2658 Deumque
2416 2586 2776 2642 laudantem.

2149 2722 2238 2775 89.
2273 2721 2535 2775 Tertium
2570 2723 2885 2792 vero,quod
2912 2739 3081 2777 narro
3097 2721 3592 2785 miraculum,nen
3608 2721 3734 2791 qui-

2079 2811 2212 2863 dem
2249 2815 2480 2881 egomet
2508 2810 2644 2877 vidi,
2680 2811 3063 2882 sed,quadam
3097 2827 3344 2883 persona
3374 2809 3540 2865 valde
3576 2808 3731 2864 fideli

2080 2901 2375 2961 narrante,
2409 2897 2608 2952 didici.
2643 2899 2822 2952 Erant
2839 2898 3122 2969 aliquanti
3151 2898 3256 2952 viri
3292 2899 3362 2953 ad
3395 2901 3623 2968 portam
3643 2896 3730 2950 Ti-

2077 2985 2395 3040 ciniensem
2415 2985 2938 3058 simulcongrcgati
2969 3005 2979 3041 :
3006 2991 3303 3058 coeperunt
3319 2987 3516 3056 itaque
3538 2985 3731 3040 confa-

2079 3073 2443 3128 bulationem
2499 3074 2711 3130 habere
2744 3080 2860 3130 tam
2885 3075 2955 3129 de
2998 3075 3230 3131 Arialdo
3263 3075 3475 3129 Christi
3508 3073 3726 3129 famulo

2079 3179 2255 3234 quam
2272 3163 2341 3216 de
2368 3162 2459 3217 his
2479 3162 2578 3233 qui
2603 3164 2730 3232 ejus
2766 3165 3158 3219 venerandum
3201 3161 3727 3234 adorabantsepul-

307 3252 494 3308 Nemo
517 3252 671 3308 enim
702 3253 759 3308 id
794 3254 981 3308 facere
1042 3254 1356 3326 cogebatur
1385 3254 1603 3309 invitus
1630 3273 1642 3322 ;
1677 3255 1776 3310 sed
1832 3271 1959 3326 per-
1991 3240 2033 3305 C
2080 3268 2268 3305 crum.
2302 3252 2451 3306 Tum
2485 3254 2919 3324 unus,superbo
2941 3253 3314 3324 maligneque
3345 3252 3555 3324 spiritu
3576 3251 3732 3307 afﬂa-

305 3339 730 3410 mittebatur,si
754 3342 1069 3413 quisquam
1084 3343 1194 3397 hoc
1207 3358 1376 3414 agere
1388 3340 1951 3413 vell'etspoutaneus.

301 3428 439 3483 Haec
469 3429 608 3500 quia
636 3429 741 3484 tibi
800 3434 939 3486 sunt
986 3434 1204 3498 nota,et
1235 3430 1601 3485 aedificationi
1635 3430 1820 3494 utilia,
1853 3447 1957 3485 cur

2060 3345 2178 3405 tus,
2215 3339 2329 3394 tale
2361 3341 2780 3395 exsecrandum
2815 3341 3052 3412 protulit
3071 3342 3349 3396 verbum:
3392 3340 3712 3412 Majus,in-

2067 3429 2214 3501 quit,
2251 3427 2609 3485 desiderium
2667 3434 2756 3484 est
2812 3429 2954 3484 mihi
2989 3447 3165 3501 super
3219 3430 3413 3500 ipsum
3455 3429 3716 3500 mingere

301 3518 616 3573 omisisti?
645 3519 907 3585 obsecro,
939 3535 1012 3573 ne
1041 3518 1237 3585 sileas,
1289 3519 1390 3574 sed
1425 3519 1568 3574 mihi
1619 3535 1796 3590 super
1847 3519 1956 3574 hoc
2063 3534 2241 3589 quam
2277 3517 2444 3573 illum
2478 3519 2738 3574 adorare.
2773 3521 2954 3583 Quem
2988 3523 3109 3574 tam
3133 3536 3320 3574 saevus
3351 3519 3717 3573 internorum

301 3607 488 3662 nimis
520 3607 833 3663 admiranti
864 3608 1102 3680 prodas.

379 3697 467 3750 87.
497 3698 766 3751 Asnaus
805 3696 977 3752 Svao.

2059 3607 2348 3662 viscerum
2363 3605 2516 3663 illico
2530 3607 2696 3663 dolor
2707 3607 3405 3680 apprenhenditutneque
3423 3607 3722 3679 quiescere

2069 3713 2256 3768 neque
2282 3696 2540 3768 mingere
2572 3698 2620 3752 ei
2655 3697 2905 3762 licuerit,
2929 3699 3132 3763 donec,
3183 3698 3365 3753 nimio
3396 3697 3592 3752 dolore
3621 3713 3722 3751 co-

380 3785 674 3852 }Estimas,
708 3787 1032 3841 venerande
1076 3789 1234 3858 Syre,
1293 3787 1547 3842 aestimas
1605 3803 1697 3842 me
1743 3788 1960 3843 dixisse
2069 3785 2608 3857 gente,pariterque
2639 3785 3036 3840 cohortatione
3067 3787 3323 3841 virorum
3356 3785 3720 3852 consiliante,

301 3873 598 3946 quidquid
635 3890 726 3929 me
759 3874 1069 3945 contigerit
1098 3875 1167 3929 de
1196 3875 1256 3929 Β.
1282 3875 1519 3931 Arialdo
1555 3876 1735 3932 scisse
1756 3876 1782 3930 ?
1811 3876 1960 3931 Audi

299 3959 524 4026 adhuc,
558 3960 755 4032 qualia
783 3961 896 4015 tria
937 3962 1306 4032 praetermisi,
1340 3967 1404 4017 ut
1433 3980 1500 4018 ex
1545 3963 1638 4019 his
1667 3963 1964 4035 intelligas

302 4065 407 4105 me
430 4049 617 4104 multa
637 4049 751 4104 alia
771 4050 1066 4105 evidenter
1084 4051 1154 4105 de
1180 4067 1246 4105 eo
1272 4054 1694 4122 cognovisse,et
1717 4053 1968 4107 scienter

301 4137 602 4194 omisisse.
637 4142 974 4194 Perrexerat
1002 4139 1157 4194 enim
1209 4138 1525 4210 aliquando
1579 4140 1860 4194 invitatus
1894 4141 1966 4194 ad

302 4226 619 4282 ecclesiam
651 4227 923 4282 Cumana:
946 4227 1287 4290 civitatis,ut
1316 4228 1650 4299 pacificaret
1678 4228 1968 4285 dissiden-

301 4320 404 4371 tes
426 4315 666 4371 clericos
697 4316 884 4388 ipsius
917 4317 1114 4384 urbis;
1150 4320 1272 4372 erat
1299 4317 1514 4389 quippe
1565 4321 1704 4371 tunc
1735 4321 1971 4389 tempus

303 4404 1122 4478 quadragesimale.Cumque
1153 4406 1223 4460 ad
1245 4423 1427 4460 unum
1461 4405 1640 4460 altare
1672 4406 1971 4462 convenis-

306 4492 884 4560 semus,utofﬁcium
898 4494 1284 4566 vespertinale
1298 4494 1820 4565 persolveremus,u
1833 4512 1973 4551 num

2075 3891 2292 3929 munus
2352 3874 2421 3927 ad
2476 3878 2535 3928 B.
2585 3874 2804 3928 Arialdi
2852 3873 3187 3946 sepulcrum
3210 3875 3502 3942 obtulerit,
3528 3875 3726 3946 ibique

2073 3961 2399 4018 adoraverit
2425 3979 2438 4028 ς
2475 3966 2532 4016 et
2562 3962 2643 4016 sic
2674 3962 2980 4033 pristinam
3006 3963 3345 4035 scepitatem
3379 3965 3728 4036 adeptusest

2077 4048 2424 4103 humiliatus
2448 4052 2794 4121 quamjuste
2812 4051 3086 4107 amiserat
3108 4053 3419 4124 superbus.
3447 4051 3505 4106 Si
3529 4056 3724 4107 autem

2078 4139 2231 4193 bona
2262 4138 2480 4206 omnia,
2514 4155 2641 4210 quae
2676 4139 2746 4193 de
2795 4156 2860 4194 eo
2886 4141 3166 4206 noverim,
3209 4141 3464 4195 scribere
3493 4140 3724 4206 vellem,

2078 4227 2242 4300 prius
2272 4227 2395 4282 dies
2418 4233 2473 4282 et
2499 4228 2700 4282 charta
2739 4229 3011 4284 deficeret
3057 4246 3233 4301 quam
3265 4245 3477 4284 sermo.
3509 4230 3727 4284 Verum

2081 4317 2183 4386 qui
2214 4321 2374 4371 tanta
2404 4317 2476 4372 de
2504 4333 2568 4372 eo
2602 4317 2818 4389 scripta
2847 4321 3005 4385 sunt,
3025 4318 3084 4372 in
3117 4318 3334 4389 quibus
3363 4317 3505 4371 satis
3538 4321 3730 4388 potest

2082 4405 2345 4477 dignosci
2380 4406 2512 4476 quis
2541 4405 2629 4461 vel
2661 4407 2814 4461 unde
2846 4407 3039 4474 fuerit,
3073 4407 3284 4479 quidve
3316 4406 3596 4476 docuerit,
3619 4405 3732 4461 vel-

2084 4494 2221 4564 quid
2257 4511 2358 4565 pro
2407 4494 2635 4549 Christo
2668 4511 2978 4567 perpessus
3039 4497 3134 4564 sit,
3170 4503 3382 4552 metam
3417 4511 3730 4568 ponamus,

307 4581 462 4653 quid
495 4583 631 4653 (non
666 4582 941 4637 recordor
970 4584 1164 4651 modo,
1192 4588 1390 4638 utrum
1444 4583 1652 4639 fuisset
1698 4584 1768 4638 de
1826 4583 1974 4639 anti-
2008 4605 2054 4669 D
2088 4587 2385 4654 Deumque
2416 4584 2639 4639 trinum
2697 4589 2753 4640 et
2787 4602 2970 4641 unum
3004 4587 3457 4652 benedicamus;
3519 4585 3613 4640 cui
3658 4583 3736 4640 sit

308 4669 537 4744 phonis
566 4670 654 4726 vel
686 4671 1097 4743 responsoriis)
1142 4671 1225 4727 sic
1278 4669 1543 4743 elapsum
1585 4677 1675 4727 est
1724 4673 1795 4727 ab
1852 4689 1978 4728 om-

2088 4672 2275 4728 honor
2300 4678 2355 4727 et
2376 4673 2560 4745 gloria
2593 4674 2648 4728 in
2682 4675 2893 4730 saecula
2923 4676 3286 4732 saeculorum.
3312 4678 3518 4732 Amen.

1082 4911 1673 5023 ANALEGTA
1750 4914 1900 5022 DE
1969 4913 2060 5027 S.
2134 4912 2982 5026 HEBLEMBALDO

1312 5085 1402 5143 Ex
1431 5083 1704 5162 antiquis
1733 5083 2128 5163 chronologis
2158 5083 2323 5163 apud
2355 5083 2758 5145 Puricellum.

1825 5198 2245 5209 m

871 5269 1110 5324 CAPUT
1141 5268 1447 5325 PRIMUM.

336 5376 548 5431 Pacem
601 5392 743 5446 wgre
782 5379 1136 5432 constitutam
1163 5376 1348 5431 turbat
1414 5375 1606 5443 Guido,
1664 5376 1986 5446 Gothofredo

788 5465 847 5504 ro
875 5463 933 5502 se
980 5448 1271 5503 substituto
1305 5463 1326 5508 ;
1357 5451 1547 5503 contra
1609 5448 1752 5504 hunc
1789 5448 1984 5504 Medio-

404 5447 721 5503 Simoniaco

410 5519 665 5574 lanemes
704 5519 878 5574 educit
906 5519 1344 5574 Herlembaldus.

410 5627 460 5694 1.
490 5624 799 5710 Desinante
829 5625 924 5691 hic
952 5623 1536 5700 Andrea,Lendulfus
1565 5622 1774 5692 JuniOr
1804 5643 1988 5698 unum

2095 5271 2288 5327 adhuc
2319 5271 2483 5326 addit
2518 5289 2528 5326 :
2566 5294 2592 5320 ‹‹
2657 5269 2729 5327 De
2762 5272 3004 5341 Arialdi,
3058 5297 3084 5323 ››
3148 5273 3443 5346 inquiens,
3499 5298 3520 5324 α
3558 5280 3741 5333 morte

2097 5359 2285 5415 doluit
2317 5377 2465 5432 papa
2494 5360 2852 5428 Alexander;
2880 5361 3034 5416 unde
3056 5379 3208 5418 anno
3231 5364 3746 5435 sequenti,scilicet

2098 5447 2412 5504 millesimo
2447 5450 2805 5522 sexagesimo
2838 5455 3248 5521 scptimo,cum
3275 5453 3428 5508 idem
3459 5472 3608 5526 papa
3637 5455 3748 5509 iret

2099 5537 2166 5591 ar]
2203 5539 2511 5610 synodum,
2538 5557 2714 5613 quam
2739 5538 2987 5596 Manth
3015 5542 3746 5611 celebravit,Mediolanum

2097 5627 2583 5704 venit,multaque
2616 5631 2750 5689 fecit
2777 5634 2996 5692 statuta
3026 5631 3097 5687 de
3121 5635 3273 5689 statu
3299 5630 3749 5708 Mediolanensii
