4152 6194
527 283 707 381 uel,

1649 296 1758 366 SS.
1803 299 2119 366 ARIALDI
2161 296 2264 366 ΕΤ
2305 296 2812 366 ERLEMBALDI

3702 297 3839 373 tm:

526 426 670 488 satis
700 432 971 501 procurat
1003 430 1241 489 amicos.
1264 432 1526 507 Cumque
1556 436 1860 508 paschales
1888 436 2180 491 instarent
2208 436 2259 502 Α
2294 435 2468 490 nibus
2496 439 2747 500 aetatem,
2778 434 3039 507 adeoque
3086 430 3383 492 tricenario
3425 431 3669 507 majorem
3690 434 3827 494 fuisse

524 518 704 583 feriae,
736 520 1146 577 convenientes
1178 522 1237 577 in
1270 529 1818 593 unum,eonstructa
1846 526 1967 580 acie
1997 524 2174 596 proti-

526 624 641 663 nus
689 607 746 663 in
796 612 986 664 castra
1034 612 1657 684 consurgunt,impetu
1702 617 1758 668 et
1781 612 2031 669 clamore
2062 629 2177 667 non

529 698 759 753 modico
776 715 900 765 ;nec
924 699 1118 754 minus
1141 701 1588 775 obsessi,ruptis
1617 702 2177 773 claustris,undique

530 786 863 857 prosiliunt.
891 786 1335 846 Herlembaldus
1384 797 1599 858 autem,
1633 796 1793 847 tanto
1843 791 2068 863 positus
2118 790 2177 844 in

531 873 890 944 discrimine,
922 878 1169 950 arreptis
1201 881 1398 946 armis,
1430 882 1604 936 audet
1634 898 1766 936 cum
1806 882 1930 936 suis
1978 881 2179 951 paucis

521 962 693 1032 juxta
720 964 869 1020 vires
899 965 1201 1033 obsistere,
1236 967 1478 1040 signifer
1518 971 1641 1042 ipse
1692 969 1908 1036 factus;
1961 975 2016 1024 et
2064 970 2178 1024 nisi

532 1068 641 1106 sua
679 1071 1039 1127 suorumque
1089 1064 1409 1129 pugnasset
1458 1060 1722 1124 audacia,
1755 1059 1878 1114 dies
1927 1058 2029 1113 illa
2067 1059 2176 1114 sibi

530 1139 736 1196 fuisset
766 1148 1040 1200 extrema.
1080 1146 1353 1201 Videntes
1392 1152 1587 1203 autem
1641 1148 1809 1203 multi
1857 1164 2178 1219 paucorum

530 1234 941 1300 constantiam,
975 1232 1127 1289 ultro
1176 1236 1473 1303 recedunt,
1507 1238 1821 1291 educentes
1869 1253 2064 1291 secum
2107 1237 2179 1291 ab

530 1320 743 1392 oppido
775 1323 1214 1378 Gothofredum.
1239 1328 1356 1378 Hos
1391 1325 1559 1396 longe
1590 1325 1877 1396 prosecuti
1900 1328 2037 1379 sunt
2066 1325 2180 1379 Me-

529 1409 919 1477 diolauenses,
954 1411 1283 1483 conglobati
1306 1418 1539 1483 repente
1570 1412 1858 1477 similiter,
1892 1417 1949 1467 et
1979 1412 2078 1484 qui
2119 1412 2176 1467 in

527 1497 737 1553 castris
769 1499 1018 1566 fuerant,
1048 1504 1107 1553 et
1139 1499 1239 1571 qui
1271 1501 1330 1554 in
1362 1501 1504 1555 urbe
1536 1505 1976 1567 remanserant;
2012 1517 2115 1556 nec
2145 1519 2178 1556 a

525 1586 933 1657 prosequendo
964 1588 1171 1642 diebus
1202 1588 1426 1660 aliquot
1462 1594 1770 1645 cessarunt
1800 1594 1856 1644 et
1885 1590 2174 1655 noctibus,

525 1674 707 1730 donec
738 1674 796 1728 in
831 1691 1065 1731 summa
1103 1679 1452 1734 constitutos
1476 1679 1821 1733 necessitate
1864 1682 2178 1750 coegerunt

522 1760 891 1864 illosit'erum
915 1765 1300 1822 Castellonem
1320 1767 1703 1823 intrare.Post
1723 1768 2175 1864 hazcnredeuutes
2207 1800 2254 1864 B

522 1851 985 1908 Mediolanonses
1016 1855 1085 1909 ad
1121 1856 1731 1926 urbem,jurejurando
1759 1855 2174 1912 definiuntGo-

524 1940 858 1996 thofredum
919 1960 1223 2015 nunquam
1275 1945 1694 2016 recipiendum,
1749 1945 1867 2000 imo
1926 1945 2173 2001 alterum

523 2029 596 2085 de
606 2030 869 2102 catalogo
883 2033 1121 2102 majoris
1138 2033 1392 2088 ecclesiae
1411 2034 1801 2089 communiter
1816 2034 2171 2107 eligendum.

522 2120 650 2176 Jam
683 2121 839 2175 enim
872 2122 1221 2191 migraverat
1250 2139 1283 2177 a
1314 2123 1521 2178 saeculo
1563 2122 2037 2195 archiepiscopus
2076 2123 2175 2179 ille

524 2208 868 2275 Guido,»die
896 2210 966 2264 23
997 2210 1575 2282 Augusti,«sepultus
1608 2210 1663 2264 in
1696 2209 1821 2266 loco
1864 2211 1964 2282 qui
2004 2227 2171 2267 voca-

521 2300 619 2351 tur
648 2296 889 2369 Burguli
914 2297 1110 2369 vulgo,
1159 2321 1186 2349 »
1240 2301 1418 2369 (nunc
1448 2299 1799 2353 Alexandria
1845 2300 2051 2355 civitas
2090 2300 2171 2355 ibi

520 2385 765 2439 fundata
795 2385 1097 2455 creditur,)
1132 2408 1158 2434 ι)
1193 2388 1288 2441 ubi
1318 2393 1451 2459 post
1479 2387 1644 2441 urbis
1676 2387 2012 2443 incendium
2036 2406 2174 2461 nper

519 2471 714 2545 ipsum
734 2472 969 2545 elapsus
987 2473 1072 2529 vel
1085 2474 1242 2529 abire
1262 2476 1588 2546 permissus
1603 2477 1913 2531 ecustodia
1932 2477 2172 2544 S.Celsi,

521 2583 549 2612 «
583 2561 643 2616 in
676 2562 1067 2620 amaritudine
1097 2563 1305 2618 animae
1336 2564 1490 2619 diem
1523 2565 1735 2621 clausit
1765 2571 2114 2621 extremum.
2144 2590 2170 2615 ››

1179 2671 1414 2726 CAPUT
1456 2672 1522 2725 II.

529 2757 862 2833 Canouicam
890 2760 1205 2816 electionem
1231 2765 1491 2833 procurat
1520 2762 1945 2827 Hertembaldus,
1971 2760 2173 2816 Gotho-

592 2831 809 2899 frcdum
853 2833 1129 2886 intrusum
1180 2831 1243 2886 et
1276 2834 1809 2888 excommunicatum
1861 2836 2087 2900 coercet;
2140 2850 2173 2887 a

598 2901 853 2969 Gregorio
880 2920 1023 2973 papa
1059 2904 1145 2958 VII
1163 2905 1397 2974 juvatur
1421 2919 1523 2975 per
1550 2905 1779 2958 litteras.

599 3004 652 3062 9.
684 3029 711 3056 ‹‹
747 3008 832 3061 Ab
866 3006 963 3063 illo
996 3008 1088 3063 die
1119 3009 1561 3065 Herlembaldus
1591 3009 1753 3064 omni
1783 3010 1959 3066 instat
2001 3027 2172 3066 cona-

530 3093 709 3161 mine,
741 3098 914 3151 modo
946 3113 1077 3151 cum
1111 3097 1285 3163 clero,
1320 3099 1491 3153 modo
1535 3115 1667 3152 cum
1703 3099 1935 3171 populo,
1971 3100 2040 3154 de
2070 3098 2171 3154 eli-

2288 540 2422 578 cum
2454 524 3051 597 eligeretur.Movetur
3071 527 3261 580 autem
3285 524 3354 579 ad
3382 522 3484 580 hoc
3509 523 3827 593 sentiendum,

2287 615 2509 668 attenta
2539 613 2846 685 praesentia
2874 612 3047 685 legati
3105 612 3421 685 apostolici,
3450 617 3501 669 et
3527 612 3827 685 Hildeprandi

2286 700 2549 773 ingenio;
2583 703 2685 773 qui
2717 708 2917 774 postea
2946 702 3132 757 factus
3163 719 3309 775 papa
3326 701 3611 774 Gregorius
3628 701 3831 767 Vll,dua-

2287 789 2398 846 bus
2422 791 2492 845 ad
2517 790 2820 846 Britannia:
2852 790 3160 863 episcopos
3182 790 3435 863 epistolis
3456 791 3703 845 recusavit
3725 792 3833 845 ordi-

2287 895 2427 935 nare
2475 879 2719 935 Dolensi-
2761 879 3302 952 arobiepiscopatui,
3334 879 3402 935 ab
3430 878 3538 934 illis
3560 879 3622 934 ad
3650 894 3702 934 se
3722 878 3834 935 dire-

2287 972 2446 1023 ctum
2482 970 2806 1040 «juvenem
2858 968 3196 1040 quemdam,
3246 968 3386 1023 satis
3432 966 3726 1039 praeclarum
3765 984 3834 1039 ge-

2288 1074 2425 1113 nere
2452 1076 2465 1112 :
2497 1056 2602 1112 Cui
2632 1057 2868 1129 quidem
2893 1056 3181 1130 petitioni,
3207 1078 3233 1105 ››
3263 1055 3448 1127 inquit
3468 1056 3523 1110 in
3555 1072 3705 1123 una,«
3730 1071 3835 1127 quo-

2289 1146 2446 1201 niam
2478 1146 2628 1202 sacri
2656 1162 2909 1201 canones
2938 1145 3367 1213 contradicunt,
3382 1160 3658 1200 assensum
3676 1144 3835 1215 praebe-

2287 1252 2348 1291 re
2380 1251 2751 1306 nequaquam
2784 1234 3114 1306 potuimus;
3146 1256 3175 1283 »
3197 1233 3257 1288 in
3280 1232 3454 1288 altera
3481 1249 3493 1287 :
3525 1255 3550 1281 «
3571 1231 3721 1302 Cujus
3736 1247 3834 1285 ceu-

2289 1340 2415 1379 sam
2458 1324 2610 1378 sicut
2656 1323 2914 1395 oportuit
2958 1320 3635 1387 examinantes,honestos
3660 1318 3835 1391 quidem

2289 1412 2609 1478 mores,sed
2643 1412 2906 1467 nondum
2931 1410 3076 1467 satis
3098 1415 3360 1466 maturos
3389 1413 3485 1464 aut
3502 1408 3767 1463 instructos
3787 1407 3838 1460 ad

2286 1500 2639 1572 portandum
2672 1498 2999 1571 episcopale
3029 1498 3283 1570 pondus,
3314 1498 3371 1552 in
3394 1513 3457 1553 eo
3486 1494 3840 1569 probavimus.»

2286 1590 2449 1655 Quod
2474 1592 2671 1644 autem
2703 1588 2922 1643 certius
2952 1585 3335 1658 competentia
3380 1585 3436 1640 in
3481 1584 3674 1640 Athone
3703 1582 3841 1637 aetatis

2286 1678 2472 1749 possit
2500 1678 2688 1750 optari
2722 1677 3006 1731 indicium
3034 1692 3213 1748 quam
3246 1676 3400 1746 quod
3420 1673 3561 1730 idem
3582 1671 3841 1744 Gregorius,

2285 1766 2533 1822 electum
2567 1783 2721 1821 anno
2744 1766 2884 1820 1075
2900 1764 3307 1820 Theodaldum
3325 1761 3559 1819 noluerit
3578 1762 3840 1833 approbare,

2287 1856 2426 1927 quia
2456 1871 2634 1927 penes
2665 1870 2726 1909 se
2756 1853 3014 1909 habebat
3058 1852 3348 1908 Athonem
3380 1869 3393 1907 :
3426 1874 3453 1901 «
3484 1851 3663 1917 Quem,
3688 1848 3842 1920 inquit,

2288 1944 2347 1999 in
2378 1944 2581 1999 eadem
2614 1942 2869 1999 Ecclesia
2915 1941 3163 1997 electum
3216 1945 3371 1997 certo
3402 1938 3750 2012 cognovimus,
3773 1936 3841 1990 sed

2284 2050 2389 2088 cur
2436 2033 2732 2104 reprobari
2786 2032 3011 2099 debeat,
3054 2029 3222 2086 nulla
3270 2029 3457 2085 adhuc
3499 2024 3843 2099 deprehendere

2284 2121 2589 2193 potuimus
2622 2120 2872 2187 ratione;
2906 2140 2934 2168 »
2968 2117 3161 2190 qualis
3204 2116 3441 2172 omnino
3487 2115 3670 2170 fuisset
3707 2111 3843 2167 minor

2285 2227 2463 2283 quam
2501 2225 2755 2265 canones
2802 2207 3102 2280 patiantur
3149 2210 3313 2261 aetas.
3367 2204 3666 2260 Redeamus
3688 2200 3745 2255 ad
3767 2203 3841 2252 Ar-

2285 2298 2537 2363 nulfum,
2572 2299 2671 2370 qui
2702 2296 2852 2352 libro
2893 2312 3000 2351 suo
3024 2312 3085 2349 ιιι
3117 2294 3298 2350 ﬁnem
3328 2292 3460 2348 facit
3488 2291 3627 2364 apud
3652 2285 3840 2343 Puricel-

2281 2387 2429 2455 lum,
2464 2403 2592 2460 pag.
2625 2389 2715 2455 27,
2750 2386 2808 2440 in
2840 2384 3003 2439 hisce
3023 2382 3221 2439 verbis
3256 2399 3269 2437 :

2355 2478 2442 2532 11.
2479 2498 2507 2526 ‹‹
2546 2476 2810 2546 Cumque
2858 2490 2990 2528 cum
3039 2471 3163 2527 suis
3224 2470 3377 2526 Atho
3406 2469 3475 2525 ad
3505 2463 3843 2523 convivandum

2282 2564 2671 2638 episcOpalem
2704 2561 3122 2618 conscenderet
3141 2559 3607 2631 aulam,(fuerant
3618 2554 3744 2609 enim
3755 2553 3845 2622 jam

2282 2655 2339 2708 in
2366 2654 2587 2709 mensis
2620 2651 2816 2724 ampla
2845 2654 3048 2723 parata
3068 2649 3375 2721 convivia),
3402 2643 3713 2702 inﬂammati
3735 2640 3842 2696 cives

2282 2742 2567 2798 invadunt
2597 2745 2832 2813 repente
2861 2741 3126 2806 domum,
3150 2733 3845 2803 anteriora,exteriorascru-

2282 2835 2491 2887 tantes.
2530 2833 2655 2903 Ipse
2698 2835 2892 2885 autem
2944 2828 3162 2884 electus
3213 2828 3456 2895 noviter,
3503 2839 3625 2879 cum
3665 2832 3847 2877 camera

2284 2920 2460 2976 unius
2487 2919 2693 2976 lateret
2723 2919 2781 2973 in
2814 2916 3049 2991 angulo,
3082 2905 3844 2986 inventus,capitur,discerpi-

2282 3014 2396 3077 tur,
2431 3025 2498 3064 ac
2527 3008 2739 3064 misere
2769 3007 3106 3073 dilaniatur,
3121 3005 3369 3061 demum
3392 3019 3491 3076 per
3518 3015 3667 3057 suras
3691 3002 3737 3054 et
3753 2996 3843 3051 bra-

2283 3098 2415 3153 chia
2444 3115 2478 3152 a
2508 3113 2741 3152 summo
2771 3095 2843 3150 ad
2873 3095 2994 3149 ima
3022 3092 3401 3166 pertrahitur.
3435 3090 3537 3155 Qui
3573 3105 3690 3145 cum
3715 3084 3845 3140 staret

528 3186 717 3257 gendo
775 3202 955 3257 agens
1000 3187 1293 3258 episcopo,
1345 3204 1490 3242 nova
1538 3205 1571 3241 a
1613 3168 1891 3243 Romanis
1939 3192 2176 3259 accepta
2205 3168 2247 3234 (ἶ
2284 3188 2343 3243 in
2373 3186 2620 3243 ecclesia
2651 3190 2808 3240 metu
2839 3182 3044 3239 mortis
3075 3181 3248 3238 altari
3277 3174 3844 3254 prostratus,clamante

526 3273 782 3339 licentia,
860 3280 1055 3346 spreta
1112 3293 1243 3331 vero
1300 3293 1502 3346 regum
1561 3277 1736 3331 veteri
1786 3277 2168 3347 providentia.

525 3362 940 3418 Verumtamen
975 3365 1162 3433 major
1191 3364 1440 3419 civitatis
1484 3364 1769 3436 portioex
1800 3364 1948 3420 clero
1980 3382 2045 3419 ac
2077 3382 2166 3420 sa-

524 3451 703 3521 pienti
740 3452 973 3522 populo,
1008 3452 1213 3523 priscae
1260 3452 1669 3507 consuetudini
1699 3470 1765 3508 ac
1799 3454 1953 3525 regio
1985 3454 2167 3509 inten-

521 3538 695 3593 debat
726 3538 950 3593 honori.
982 3539 1106 3611 ipse
1136 3545 1350 3606 autem,
1388 3540 1662 3611 neglectis
1690 3542 1964 3597 omnibus
1987 3548 2043 3597 et
2065 3544 2163 3613 ju-

520 3632 783 3683 ramento
814 3628 1329 3693 communi,solum
1366 3629 1610 3684 Romani
1641 3630 1802 3684 illius
1832 3631 2161 3703 Ildeprandi

514 3717 885 3773 auscultabat
904 3717 1465 3789 consultum.Itaque
1488 3718 1613 3774 dies
1633 3720 2159 3791 appropinquabat,

516 3822 691 3878 quam
727 3808 796 3861 ad
824 3807 931 3862 hoc
965 3807 1258 3880 agendum
1288 3808 1412 3879 ipse
1441 3808 1797 3878 praeviderat,
1816 3814 2019 3864 sancta
2049 3809 2160 3864 sci-

511 3891 647 3949 licet
675 3895 1067 3966 Theophanize
1097 3894 1455 3951 solemnitas.
1485 3896 1687 3950 Studet
1730 3912 1867 3967 ergo
1915 3896 2160 3953 sollicite

510 3988 825 4051 praesentes
874 4000 1095 4051 vocare,
1147 3985 1419 4039 absentes
1476 3987 1748 4056 [quoque]
1792 3984 2034 4040 clericos
2093 4003 2159 4041 ac

509 4067 711 4133 laicos,
769 4070 1009 4125 abbates
1058 4076 1116 4125 et
1166 4072 1501 4138 monachos,
1535 4072 1782 4127 amicam
1834 4073 1943 4128 sibi
1993 4076 2153 4145 [non]

507 4157 783 4212 omittcns
815 4158 1132 4229 agrestium
1166 4160 1417 4214 turbam.
1459 4162 1722 4233 Cumque
1755 4162 1879 4216 dies
1912 4164 2157 4241 instaret

505 4245 905 4314 festus,factus
936 4252 1026 4302 est
1054 4246 1374 4302 multorum
1399 4248 1452 4302 in
1487 4248 1728 4304 ecclesia
1758 4249 1993 4305 hiemali
2017 4267 2151 4306 con-

502 4339 731 4401 ventus,
767 4335 882 4390 illis
911 4340 1105 4391 tamen
1139 4337 1481 4392 absentibus
1530 4355 1662 4392 cum
1712 4338 1928 4410 quibus
1978 4340 2149 4395 istam

501 4439 563 4480 se
594 4424 883 4480 facturum
915 4424 1258 4481 electionem
1282 4426 1920 4496 juraverat.Celebratis
1953 4429 2150 4501 itaque

2282 3276 2496 3349 populo
2526 3275 2587 3330 in
2620 3273 2912 3346 pulpitum
2944 3271 3232 3338 ascendit,
3267 3270 3484 3342 ibique,
3515 3269 3647 3322 facto
3688 3263 3735 3317 in
3753 3275 3845 3316 om-

2280 3366 2441 3421 nium
2476 3364 2718 3421 auribus
2748 3365 3137 3431 sacramento,
3170 3355 3599 3416 abrenuntiavit
3621 3350 3726 3410 sedi
3747 3351 3844 3405 Am-

2278 3454 2562 3509 brosianaa
2621 3453 2681 3507 in
2740 3467 2996 3524 praesens
3040 3454 3098 3505 et
3145 3449 3205 3504 in
3270 3452 3621 3521 perpetuum.
3675 3443 3842 3496 [atem

2276 3543 2492 3616 quippe
2524 3544 2777 3598 fautores
2808 3541 2899 3596 sui
2939 3539 3201 3595 diversas
3250 3539 3448 3611 fugere
3484 3550 3581 3609 per
3615 3529 3838 3623 latebras;

2274 3633 2399 3705 ipse
2430 3647 2662 3703 Quoque
2692 3631 2957 3687 Romnus
3004 3627 3236 3701 legatus
3267 3628 3382 3692 vix,
3414 3621 3695 3693 discerptis
3718 3621 3840 3705 vesti-

2274 3701 2406 3787 bus,
2438 3701 2728 3776 laceratus
2756 3717 3256 3775 evasit.Ca3terum
3288 3712 3658 3772 Gothofredus
3674 3701 3837 3763 etAtho

2271 3813 2681 3866 remanserunt
2705 3806 2910 3880 privati
2938 3806 3156 3879 pariter
3183 3805 3386 3868 ambo,
3419 3799 3652 3876 propriis
3665 3797 3837 3887 tantum

2269 3898 2528 3955 contenti
2569 3877 2793 3954 laribus
2825 3877 3001 3967 atque
3048 3892 3426 3950 substantiis.
3462 3913 3489 3941 »
3520 3891 3640 3945 Post
3664 3877 3837 3975 haec

2268 3987 2441 4042 brum
2476 4005 2530 4043 ιν
2560 3988 2644 4042 sic
2676 3985 2903 4041 orditur
2931 3981 3217 4038 Arnulfus
3254 3999 3266 4037 :
3302 4004 3331 4031 ιι
3368 3980 3548 4053 Igitur
3575 3971 3753 4033 auditis
3776 3967 3841 4021 his

2267 4093 2394 4148 qua
2415 4076 2625 4131 Athoni
2649 4072 3325 4147 contigerant,praafatus
3347 4068 3443 4125 ille
3471 4062 3833 4148 archidiaconus

2264 4147 2831 4236 Hildeprandus.sua
2859 4178 2993 4217 cum
3021 4158 3344 4216 cardinalis
3376 4161 3529 4215 esset
3547 4147 3829 4239 auctoritalf.

2264 4252 2419 4309 illico
2438 4229 2851 4325 juramentum
2873 4250 3018 4305 illud
3048 4248 3362 4315 violentiae,
3392 4229 3836 4325 omnimodisludif

2262 4342 2415 4398 cavit
2443 4319 2807 4398 thabendum
2855 4337 3321 4394 invalidum......
3356 4336 3517 4393 Unde
3564 4331 3744 4387 factum
3775 4319 3840 4376 est

2262 4440 2326 4487 ut
2356 4431 2592 4487 collecto
2637 4431 2829 4485 Romae
2860 4434 3011 4483 coetu
3064 4426 3441 4498 pontificum,
3473 4422 3702 4478 instante
3727 4413 3836 4483 ipso.

499 4512 815 4569 missarum
848 4506 1229 4581 solemnibus,
1266 4516 1452 4587 primo
1492 4517 1869 4571 concionatus
1914 4518 1981 4572 ad
2018 4519 2144 4573 libi-
2180 4535 2223 4597 ί)
2255 4520 2543 4576 Athonem
2568 4522 2729 4592 juste
2754 4517 3095 4591 praedicaret
3125 4514 3408 4582 electum,
3442 4509 3701 4597 prostrato
3737 4512 3840 4594 an?

493 4605 642 4667 tum,
677 4620 742 4658 ac
772 4603 958 4658 multa
989 4604 1058 4659 de
1089 4603 1356 4675 eligendo
1389 4608 1617 4675 pastore
1652 4621 2139 4673 commemorans,

492 4696 717 4746 astante
770 4693 1024 4763 quodam
1075 4692 1368 4747 Bernardo
1419 4691 1607 4764 legato
1652 4693 1934 4764 Romano,
1967 4695 2143 4769 elegit

487 4779 797 4847 Athonem,
827 4781 1017 4835 adhuc
1048 4782 1454 4836 tantummodo
1485 4780 1781 4848 clericum,
1829 4800 1894 4837 ac
1944 4788 2141 4839 tenera

488 4869 1081 4939 aetatejuvenculum,
1115 4870 1294 4925 invito
1326 4870 1478 4926 clero
1515 4875 1569 4926 et
1602 4870 1805 4927 multis
1850 4889 1917 4927 ex
1959 4890 2141 4945 pepu-

487 4956 564 5026 lo,
598 4958 740 5013 adeo
774 4962 837 5012 ut
859 4959 1206 5014 stomachati
1241 4959 1498 5014 redirent
1526 4962 1596 5014 ab
1626 4960 1887 5016 ecclesia.
1928 4985 1953 5010 ››

526 5116 533 5121 ἢ
561 5048 646 5101 10.
677 5046 777 5102 Hic
810 5047 1017 5103 merito
1042 5047 1351 5102 interfatur
1382 5048 1706 5103 Puricellus
1751 5066 1884 5121 pag.
1930 5052 2055 5118 265,
2085 5054 2141 5106 et

487 5153 664 5209 quam
697 5155 895 5194 amaro
927 5137 1233 5205 animo,ad
1259 5136 1539 5193 invidiam
1567 5138 1971 5194 Herlembaldo
2002 5156 2135 5194 con-

485 5226 821 5294 cilianriam,
855 5228 975 5283 haec
1008 5227 1309 5298 scripserit
1337 5227 1637 5294 Arnull'us,
1663 5229 1833 5298 jubet
1863 5227 1948 5283 vel
1980 5245 2049 5283 ex
2070 5246 2136 5284 eo

483 5316 792 5383 aestimare,
842 5317 996 5388 quod
1046 5315 1331 5370 Athonem
1377 5315 1633 5386 appellat
1669 5342 1686 5362 α
1724 5322 1924 5371 tenera
1970 5323 2136 5373 aetate

474 5403 879 5473 juvenculum.
917 5426 943 5452 »
981 5404 1177 5459 Fuerit
1221 5404 1270 5458 is
1311 5404 1547 5474 juvenis
1597 5409 1859 5475 respectu
1919 5405 2132 5460 Cotho-

478 5492 647 5557 fredi,
682 5494 872 5547 forsan
905 5492 1069 5548 valde
1100 5493 1415 5565 grandaevi,
1449 5510 1551 5564 pro
1583 5499 1737 5548 certo
1761 5499 1951 5548 tamen
1980 5498 2133 5550 tenet

479 5580 799 5638 Puricellus
825 5581 1102 5639 habuisse
1124 5580 1290 5638 illum
1316 5582 1659 5656 requisitam
1692 5599 1725 5639 a
1756 5582 1938 5639 sacris
1962 5600 2127 5640 cano-

2254 4609 2510 4665 themate
2542 4607 2911 4665 Gothofredo.
2942 4607 3076 4669 Quae
3109 4602 3313 4659 omnia
3341 4594 3839 4671 Hildeprandussuls

2254 4699 2464 4754 litteris
2496 4714 2644 4769 saepe
2667 4698 2792 4767 jam
2825 4695 2980 4751 dicto
3011 4692 3211 4749 retulit
3241 4684 3739 4747 Herlembaldom.

2332 4789 2415 4842 t2.
2450 4810 2477 4837 «
2508 4787 2731 4842 Interea
2760 4781 3110 4857 sutl‘raganei
3129 4781 3290 4837 sedis
3321 4774 3698 4836 Ambrosionae
3733 4778 3838 4839 pon-

2251 4876 2702 4946 tiﬁces,accepto
2734 4890 2767 4928 a
2797 4889 2931 4945 rege
2961 4870 3262 4937 mandato,
3299 4867 3455 4941 apud
3480 4864 3664 4920 urbem
3682 4864 3842 4948 convo-

2252 4962 2477 5018 nientes
2508 4943 3198 5026 Novariam,Gothofredo
3232 4970 3477 5012 manum
3523 4943 3842 5005 consecratio-

2254 5051 2345 5107 nis
2377 5052 2708 5122 imponunt,
2741 5047 2932 5118 illum,
2970 5050 3144 5118 prout
3173 5030 3839 5131 quiverant,_roborenwe-

2252 5140 2409 5196 Licet
2438 5140 2676 5211 [autem]
2706 5137 3011 5210 preceptio
3042 5134 3202 5206 regia
3230 5131 3437 5189 multis
3467 5127 3839 5187 dicaturimpe-

2250 5233 2400 5283 trata
2429 5228 2795 5293 muneribus,
2827 5229 3057 5281 constat
3085 5228 3285 5280 tamen
3321 5234 3515 5293 regem
3546 5214 3723 5287 postea
3748 5218 3837 5276 Ρθ⁴

2248 5318 2495 5373 nituisse
2525 5322 2698 5388 atque
2745 5315 3195 5370 interventorem
3246 5310 3485 5385 penitus
3514 5293 3835 5388 odisse

2244 5411 2487 5462 tum.....
2542 5381 2691 5461 Dum
2764 5404 2885 5459 haec
2941 5402 3138 5458 taliter
3198 5381 3502 5474 geruntur,
3557 5381 3838 5474 defungith

2246 5494 2606 5567 apostolicus
2640 5517 2668 5545 ››
2703 5491 3026 5550 Alexander
3054 5492 3101 5548 II
3132 5462 3285 5547 anno
3321 5462 3589 5553 1073,die

2240 5550 2333 5653 lis,
2358 5550 2449 5640 ea
2466 5600 2655 5657 'parvo
2672 5583 2918 5640 ’dierum
2966 5582 3077 5657 (19)
3125 5576 3449 5644 intervallo,
3464 5550 3719 5630 succedit
3742 5550 3851 5659 ait.
