4152 6194
277 319 487 399 μοι

1871 328 2098 398 ACTA.

3530 335 3721 409 119οὲ

274 464 524 530 naso,ut_
542 458 643 534 qui
662 459 922 522 alienum
953 464 1328 538 presumpsit
1348 466 1794 540 offleium,quod
1815 467 1920 524 ha-
1950 465 2007 533 Α
2036 463 2334 530 caelorum.
2366 467 2424 524 in
2460 485 2574 542 quo
2603 470 2829 528 decimo
2859 487 3013 532 anno
3042 473 3156 532 ista
3185 473 3402 548 scripta
3432 483 3572 535 sunt
3615 479 3687 536 ad

274 552 413 615 bere
439 551 767 619 videbatur,
801 554 1111 611 amitteret.
1131 557 1347 611 Eadem
1378 557 1680 630 hora,post
1699 558 1807 613 hoc
1832 559 1920 612 in-

276 642 446 716 signe
474 647 780 715 tropaeum,
815 643 971 700 cives
998 660 1204 701 omnes
1235 645 1925 718 trimphales‘personant

274 732 548 806 hymnos,
580 733 696 790 Deo
755 737 814 788 et
867 737 1113 804 patrono
1171 751 1278 790 suo
1335 735 1664 801 Ambrosio,
1715 737 1925 793 armati

276 822 560 878 adeuntes
589 821 777 893 ipsius
795 821 1125 880 ecclesiam.
1149 827 1212 878 In
1246 824 1571 880 crastinum
1592 842 1726 880 vero
1749 825 1926 880 simul

277 929 415 970 cum
447 910 600 967 clero
631 910 782 978 laici,
807 912 867 966 in
895 911 1118 968 litaniis
1149 918 1205 968 et
1233 913 1531 979 laudibus,
1551 916 1619 969 ad
1656 920 1926 971 sanctum

277 1001 473 1058 denuo
513 1001 892 1072 procedentes
941 1003 1341 1070 Ambrosium,
1375 1008 1570 1059 reatus
1611 1005 1929 1075 praeteritos

277 1091 635 1148 conﬁtentur
662 1090 1030 1157 alterutrum,
1049 1090 1415 1148 absolutione
1439 1110 1574 1149 vero
1599 1111 1633 1149 a
1662 1096 1928 1150 sacerdo-

278 1180 570 1252 tibus,qui
601 1183 811 1251 praesto
842 1181 1106 1246 aderant,
1139 1182 1447 1252 celebrata,
1474 1199 1741 1240 reversus
1771 1183 1929 1240 estin

278 1287 423 1344 pace
456 1269 1050 1342 populusuniversus
1079 1271 1151 1325 ad
1188 1272 1440 1343 propria.
1479 1295 1505 1320 ››

351 1361 442 1416 21.
498 1358 558 1416 Si
591 1365 787 1414 tamen
818 1376 930 1431 pax
976 1358 1172 1430 aliqua
1203 1363 1394 1431 potest
1421 1378 1550 1418 esse
1582 1361 1803 1434 impiis,
1834 1378 1936 1434 per

285 1449 478 1522 magis
489 1448 704 1521 impios
717 1449 1051 1504 sacerdotes
1065 1450 1255 1520 magis
1268 1450 1578 1522 magisque
1593 1452 1661 1506 ad
1679 1451 1936 1507 schisma

283 1538 598 1595 fovendum
629 1537 940 1609 obligatis;
975 1538 1130 1592 unde
1160 1539 1377 1606 (verius
1413 1557 1589 1612 quam
1623 1539 1939 1596 intenderit

280 1627 565 1687 Amulius
586 1627 740 1699 apud
769 1626 1122 1682 Puricellum
1147 1643 1277 1699 pag.
1303 1629 1429 1699 315)
1452 1630 1521 1684 ad
1549 1646 1718 1701 porro
1739 1633 1939 1685 secuta

281 1715 552 1790 progredi
583 1733 646 1772 se
677 1715 796 1783 ait;
834 1738 862 1765 «
895 1715 1173 1788 predictis
1205 1717 1401 1781 rebus,
1428 1735 1543 1775 non
1576 1719 1747 1790 plane
1780 1735 1937 1775 com-

2034 552 2269 654 laudem
2303 559 2401 615 Dei
2426 562 2684 654 ejusque
2701 560 2903 654 famuli
2926 564 3175 654 rArialdi.
3209 586 3237 613 »
3266 565 3388 620 Non
3421 567 3690 654 inquam,

2036 647 2156 705 haec
2179 666 2272 706 me
2289 655 2558 707 movent:
2587 651 2727 724 quia
2749 652 2827 708 ibi
2845 653 3012 710 video
3032 653 3353 710 sollicitum
3379 647 3692 724 Andream,

2036 743 2103 792 ut
2125 739 2185 792 in
2207 740 2279 794 iis
2311 755 2437 809 quae
2458 739 2758 796 Arialdum
2787 747 3077 814 spectant,
3101 743 3359 799 inveniat
3380 745 3688 802 denarium

2038 844 2390 895 numerum;
2425 845 2600 900 quem
2664 834 2730 886 ut
2787 832 3068 903 reperiret
3123 833 3183 887 in
3241 834 3412 889 annis
3459 834 3692 907 utrique

2039 918 2213 972 morti
2241 917 2471 980 mediis,
2507 919 2696 990 potuit
2727 920 3110 992 incompletos
3139 939 3237 977 eos
3289 939 3540 989 sumere,
3573 925 3692 996 pri-

2039 1022 2323 1078 mumque
2345 1023 2652 1064 numerare
2693 1009 2887 1080 ipsum
2923 1026 3040 1081 quo
3062 1027 3247 1067 caesus
3284 1012 3558 1068 Arialdus
3579 1017 3689 1082 est,

2041 1094 2176 1150 licet
2197 1097 2323 1166 jam
2355 1096 2550 1152 media
2590 1113 2658 1152 ex
2685 1103 2849 1170 parte
2874 1099 3211 1168 decursum,
3239 1105 3296 1155 et
3315 1101 3398 1156 sic
3429 1102 3694 1157 decimus

2041 1188 2192 1257 post,
2225 1185 2476 1256 eritipse
2507 1203 2680 1257 quem
2704 1187 2912 1242 statuit
2941 1189 3241 1256 Arnulfus,
3275 1206 3571 1262 quemque
3635 1191 3688 1247 ei

2043 1273 2345 1345 disputare
2375 1291 2620 1346 nequeo,
2647 1293 2836 1332 annus
2871 1278 3025 1332 1075.
3052 1278 3292 1334 Biennio
3311 1283 3505 1334 autem
3540 1284 3692 1352 post,

2048 1362 2289 1418 Henrico
2321 1379 2453 1436 rege
2483 1364 2553 1418 ad
2599 1365 3071 1422 communionem
3115 1367 3574 1424 ecclesiasticam
3605 1386 3693 1424 re-

2045 1456 2269 1524 cepto,«
2306 1452 2756 1510 Mediolanensis
2789 1454 3394 1526 populus,Theodaldi
3418 1457 3693 1514 societate

2046 1540 2376 1612 culpabilis,
2427 1541 2643 1613 (divina
2701 1543 3042 1615 prohibente
3090 1543 3216 1616 lege
3260 1546 3696 1603 communicare

2048 1647 2180 1685 cum
2215 1631 2983 1702 excommunicato,)missis
3008 1633 3245 1689 domino
3278 1651 3439 1707 papas
3463 1633 3694 1708 legatis,

2049 1718 2398 1775 solutionem
2432 1719 2780 1792 imploravit.
2814 1721 2916 1776 Cui
2965 1721 3264 1795 legationi,
3302 1747 3329 1773 »
3361 1724 3556 1796 inquit
3586 1730 3694 1780 Ar-

282 1805 515 1879 positis,
547 1805 646 1862 sed
676 1804 978 1860 involutis.
1012 1827 1039 1853 ››
1068 1807 1340 1871 Quzenam
1388 1811 1582 1863 autem
1632 1825 1806 1880 porro
1847 1824 1936 1863 se-
1964 1837 2011 1902 Β
2050 1808 2272 1870 nulfus,
2306 1831 2332 1858 «
2370 1809 2545 1864 etiam
2579 1809 2704 1882 ipse
2735 1810 2992 1874 interfui,
3028 1811 3099 1866 de
3131 1812 3438 1883 praeteritis
3469 1813 3698 1869 satisfa-

284 1894 464 1950 cuta?
486 1917 512 1944 ‹‹
555 1894 715 1966 Saepe
738 1895 864 1964 jam
888 1893 1027 1949 dicti
1061 1894 1546 1965 Mediolanenses,
1581 1897 1797 1969 inquit,
1833 1914 1937 1969 pro

281 1984 536 2056 petendo
557 1983 829 2055 episcopo
850 1981 1005 2038 ultra
1028 1988 1256 2039 montes
1278 1984 1526 2040 Henrico
1549 1984 1668 2057 regi
1692 1985 1936 2058 legatio-

281 2087 418 2128 nem
447 2072 730 2144 dirigunt,
763 2072 1111 2129 mandantes
1160 2073 1638 2131 Herlembaldicaa
1699 2075 1935 2130 interfe-

281 2161 494 2218 ctionis
529 2161 921 2233 triumphum.
983 2165 1106 2228 Quo
1155 2164 1406 2236 cognito,
1437 2163 1665 2220 laetatus
1721 2169 1810 2220 est
1839 2181 1938 2220 rex

280 2249 382 2306 ille
412 2251 1301 2324 supra,modum,quemcunque
1322 2252 1537 2308 vellent
1565 2270 1626 2309 se
1657 2253 1935 2308 daturum

280 2339 634 2412 promittens
663 2342 1027 2411 episcopum.
1062 2341 1191 2404 uEt
1221 2340 1395 2412 paulo
1436 2345 1569 2413 post
1601 2358 1612 2396 :
1655 2365 1675 2391 α
1714 2343 1938 2398 Interea

280 2427 496 2501 legatis
515 2427 1046 2484 Modiolanensium
1069 2445 1138 2484 ex
1167 2429 1318 2486 clero
1340 2433 1396 2485 et
1427 2430 1642 2503 populo
1675 2447 1852 2503 super
1877 2448 1936 2486 re

281 2518 528 2591 prmfata
547 2533 743 2591 regem
777 2512 1157 2586 adeuntibus,
1188 2519 1483 2575 Tedaldus
1514 2520 1778 2591 quidam,
1813 2521 1936 2576 Me-

282 2607 646 2672 dionalensis
673 2606 942 2663 Ecclesia}
963 2607 1620 2681 subdiaconus,capella
1647 2609 1938 2666 militabat

280 2695 557 2770 in.regia.
593 2696 698 2752 Cui
727 2714 848 2764 rex,
879 2696 1067 2760 multa
1091 2695 1328 2752 volvens
1360 2714 1425 2752 ac
1451 2697 1752 2754 revolvens
1797 2716 1934 2754 con-

285 2786 442 2853 eilia,
496 2786 734 2859 proprio
763 2787 1003 2842 tandem
1035 2785 1352 2858 indulgens
1399 2787 1661 2854 arbitrio,
1688 2789 1934 2845 Ambro-

282 2875 526 2932 sianum.
543 2874 787 2931 tradidit
819 2875 1216 2947 praesulatum,
1241 2875 1573 2947 posthabita
1595 2876 1935 2933 Gothofredi

281 2963 448 3020 illius
464 2965 655 3020 adhuc
676 2964 921 3029 viventis
942 2965 1287 3020 investitura
1307 2968 1364 3020 et
1385 2966 1936 3033 unclione,Athonis

286 3053 746 3124 quoqueRomae
769 3056 912 3109 tunc
931 3053 1196 3124 degentis
1218 3053 1516 3110 electione.
1542 3054 1688 3118 Quid
1712 3053 1934 3127 pluraﬁ?

287 3141 609 3214 Susceptus
633 3146 726 3198 est
755 3141 968 3214 praesul
1000 3141 1097 3198 ille
1138 3160 1171 3198 a
1201 3141 1352 3200 clero
1386 3148 1441 3197 et
1471 3142 1802 3215 populo.....
1839 3143 1932 3199 cui

2046 1898 2223 1965 ciens,
2249 1898 2306 1952 in
2331 1900 2525 1954 futuro
2555 1899 2827 1972 castigari
2862 1900 3245 1971 promittens;
3280 1923 3307 1951 ››
3345 1903 3608 1974 adeoque
3629 1918 3698 1957 ea

2045 2004 2174 2060 qua:
2204 1983 2405 2043 contra
2443 2009 2463 2036 ι
2499 1993 2732 2044 sanctos
2755 1988 3052 2046 Arialdum
3076 1994 3134 2046 et
3155 1989 3633 2046 Herlembaldum
3666 2013 3692 2040 ›ι

2047 2077 2316 2133 acerbius
2346 2077 2660 2150 scripserat
2690 2083 3077 2145 correcturus,
3111 2079 3161 2134 si
3193 2080 3384 2135 denuo
3443 2081 3696 2135 scribere

2047 2167 2314 2222 eamdem
2337 2166 2644 2222 historiam
2677 2166 2977 2222 debuisset
2996 2167 3083 2223 vel
3105 2168 3531 2240 potuisset,nisi
3551 2169 3696 2224 forte

2047 2253 2223 2309 etiam
2256 2257 2394 2309 tunc
2426 2253 2616 2310 adhuc
2649 2255 2998 2327 persistebat
3046 2256 3104 2311 in
3162 2256 3340 2329 priori
3399 2257 3693 2329 opinione,

2048 2343 2202 2415 quod
2230 2342 2565 2414 illi,justum
2597 2343 2964 2416 quidem,sed
2999 2361 3114 2400 non
3139 2345 3301 2416 juste
3322 2345 3537 2401 fuerint
3557 2363 3694 2418 pro-

2048 2431 2254 2499 secuti,
2291 2432 2530 2487 modum
2561 2437 2618 2488 et
2644 2432 2930 2489 terminos
2985 2450 3125 2489 suos
3173 2434 3466 2506 cujusque
3497 2434 3689 2490 ordini

2045 2521 2310 2591 praeﬁxos
2341 2521 2688 2578 excedendo.
2723 2521 2882 2578 Hanc
2931 2525 3082 2578 certe
3114 2522 3450 2594 opinionem
3481 2523 3694 2581 retine-

2047 2609 2165 2677 bat,
2214 2611 2340 2681 jam
2371 2611 2801 2682 quadamtenus
2833 2611 3198 2680 emendatus,
3234 2629 3369 2667 cum
3413 2612 3698 2670 scriberet

2045 2699 2200 2770 apud
2235 2698 2585 2754 Puricellum
2618 2715 2750 2772 pag.
2783 2700 2926 2756 329:
2961 2723 2988 2750 «
3022 2700 3081 2756 Si
3115 2717 3238 2772 qua:
3271 2704 3413 2756 sunt
3434 2701 3684 2758 aliorum

2045 2787 2192 2842 bene
2221 2788 2371 2844 dicta
2402 2787 2486 2844 vel
2529 2792 2676 2855 acta,
2733 2805 2850 2844 non
2908 2788 3337 2861 improbamus,
3390 2805 3496 2844 nec
3554 2789 3693 2847 ulllo

2047 2878 2219 2932 modo
2247 2877 2630 2932 dissentimus
2661 2878 2733 2932 ab
2762 2877 3037 2934 omnibus
3069 2876 3188 2933 illis
3221 2878 3318 2951 qui
3343 2878 3575 2935 venales
3606 2897 3696 2935 re-

2045 2967 2293 3036 probant
2325 2967 2789 3022 consecrationes
2813 2970 2869 3023 et
2908 2983 3205 3022 sacrorum
3239 2967 3694 3026 incontinentias

2045 3055 2337 3123 ordinum,
2371 3072 2439 3110 ea
2470 3060 2665 3111 tamen
2699 3057 2927 3112 ratione
2953 3060 3017 3111 ut
3048 3073 3081 3110 a
3101 3055 3280 3112 Paulo
3306 3074 3421 3112 non
3471 3057 3693 3112 discre-

2046 3161 2254 3216 pemus
2285 3148 2557 3212 auctore;
2591 3145 2672 3199 ait
2691 3144 2847 3200 enim
2883 3162 2896 3200 ε
2933 3167 2961 3194 ‹‹
2995 3143 3204 3200 Omnia
3224 3149 3418 3200 autem
3454 3145 3694 3200 honeste

285 3209 1059 3304 etiam'sufl‘raganeididem
1082 3231 1216 3304 ipsi,
1239 3232 1338 3304 qui
1362 3209 1778 3288 Gothofredum
1802 3250 1935 3288 con~
1962 3209 2006 3275 δ
2042 3209 2098 3289 et
2128 3234 2450 3289 secundum
2485 3209 2746 3290 ordinem
2785 3235 2928 3289 fiant
2954 3235 3001 3306 (Ι
3028 3234 3147 3289 Cor.
3181 3251 3296 3300 xxv,
3331 3235 3440 3304 40).
3476 3257 3502 3281 ››

285 3323 678 3385 secraverant,
715 3336 928 3375 manus
959 3321 1293 3392 imponunt,
1329 3344 1350 3371 ι
1417 3321 1511 3376 die
1569 3323 1598 3375 4
1634 3322 1931 3377 Februarii

286 3406 428 3463 4076
457 3407 562 3479 (uti
595 3408 822 3464 ostendi
869 3408 929 3463 in
983 3408 1222 3482 Exegesi
1264 3409 1336 3464 de
1389 3409 1677 3482 episcopis
1709 3411 1932 3467 Medio-

284 3495 676 3569 lanensibus),
691 3515 808 3553 non
843 3499 1111 3554 obstante
1131 3499 1284 3571 quod
1308 3499 1621 3571 Gregorius
1653 3516 1934 3572 papa,per

285 3586 454 3641 datas
479 3604 562 3641 vn
594 3587 735 3642 ldus
761 3587 1126 3658 Septembris
1151 3589 1457 3660 praegressi
1492 3588 1750 3645 Tedaldo
1773 3605 1940 3644 man-~

281 3675 484 3730 dasset
514 3679 581 3730 ut
608 3680 850 3732 Romam
878 3677 1118 3744 veniret,
1153 3676 1456 3733 electionis
1493 3695 1612 3733 suaa
1643 3678 1926 3734 rationem

279 3765 640 3833 redditurus,
690 3764 928 3820 interim
972 3782 1106 3822 vero
1136 3783 1335 3822 sacros
1363 3767 1597 3822 ordines
1638 3783 1709 3824 ne
1741 3767 1930 3823 susci-

276 3857 481 3924 peret;
527 3870 584 3908 v1
615 3869 848 3925 quoque
903 3855 1042 3910 Idus
1072 3854 1337 3911 Octobris
1381 3855 1644 3910 scribens
1703 3855 1929 3911 Vercel-

274 3940 451 4012 lensi,
479 3942 854 4010 Taurinensi,
876 3943 1129 4011 Astensi,
1167 3944 1851 4016 Iporediensi,Laudensi
1873 3950 1930 4001 et

272 4030 498 4087 caeteris
521 4031 909 4105 sull‘raganeis
925 4036 1140 4088 sanctae
1163 4033 1616 4088 Mediolanensis
1637 4033 1925 4102 Ecclesiae,

272 4119 707 4192 significaverat
735 4121 876 4193 quid
907 4119 1162 4176 Tedaldo
1193 4121 1530 4193 scripserit;
1562 4121 1762 4193 eisque
1783 4139 1927 4195 prie-

271 4212 669 4280 ceperateum
691 4212 763 4266 ad
797 4226 995 4266 sacros
1025 4209 1259 4266 ordines
1291 4227 1362 4266 ne
1394 4215 1788 4283 promoveant.
1823 4213 1927 4268 Hie

268 4313 412 4353 vero
439 4315 650 4355 nonse
680 4302 869 4371 potest
900 4298 1198 4355 continere
1227 4297 1524 4365 Arnulfus,
1548 4301 1926 4371 quantumvis

266 4387 459 4458 partis
489 4388 657 4461 regias
689 4389 1012 4455 studiosus,
1045 4388 1186 4460 quin
1211 4387 1493 4444 exclamet
1521 4404 1534 4443 :
1560 4411 1587 4438 «
1617 4389 1726 4445 Res
1753 4391 1922 4460 mira,

266 4479 330 4531 et
387 4477 618 4532 cunctis
665 4480 818 4532 retro
877 4477 1244 4550 temporibus
1307 4477 1592 4544 inaudita,
1646 4483 1712 4532 ut
1761 4480 1924 4535 urbis

264 4563 452 4621 unius
508 4583 624 4632 uno
682 4564 863 4621 electo
921 4567 1202 4634 antistite,
1258 4570 1485 4622 sacrato
1545 4567 1748 4635 altero,
1805 4579 1998 4643 unoD

261 4655 593 4726 eodemque
620 4658 883 4726 tempore
913 4655 1120 4711 tertius
1151 4659 1424 4727 erumpat
1451 4654 1462 4709 Ξ
1499 4677 1526 4703 ››

337 4746 430 4798 22.
460 4743 602 4798 Falli
633 4743 728 4799 hic
757 4744 1067 4800 Arnult‘um
1100 4743 1768 4810 vultPuricellum,dum
1789 4747 1914 4817 ipso

257 4832 522 4898 incendii
553 4833 796 4888 secundi
827 4850 1000 4898 anno,
1035 4836 1091 4888 et
1121 4836 1256 4888 ante
1287 4831 1521 4887 Ledaldi
1573 4831 1914 4889 electionem

259 4924 444 4992 atque
459 4921 886 4986 ordinationem
910 4921 1919 4990 schismaticam,interfectum,Her-

261 5009 631 5066 lemdaldum
663 5011 825 5075 dicit,
858 5015 1035 5083 atque
1065 5011 1122 5067 id
1159 5011 1377 5067 factum
1409 5011 1708 5068 contendit
1744 5012 1919 5085 paulo

261 5103 406 5170 post
435 5099 818 5158 .Pachaanni
860 5101 1020 5166 1076,
1053 5101 1110 5156 id
1166 5105 1254 5156 est
1285 5117 1482 5156 mense
1529 5099 1765 5172 Aprilis.
1805 5101 1915 5158 Sed

263 5189 567 5260 quomodo
588 5188 712 5244 falli
742 5189 932 5261 potuit
959 5190 1010 5245 is
1032 5189 1133 5261 qui
1153 5193 1453 5259 tunc,cum
1486 5205 1580 5244 res
1611 5191 1914 5262 agebatur,

263 5276 582 5344 scribebat,
614 5282 670 5334 et
698 5277 993 5334 scribendi
1045 5279 1222 5334 ﬁnem
1253 5279 1387 5334 fecit
1440 5295 1593 5334 anno
1645 5284 1775 5352 post
1821 5295 1915 5336 se-

264 5366 472 5438 quenti
502 5367 641 5423 4077
660 5369 688 5423 ‘I
709 5367 802 5423 Me
830 5371 985 5424 certe
1015 5368 1086 5423 ad
1119 5367 1174 5422 id
1205 5367 1519 5424 dicendum
1552 5385 1669 5424 non
1701 5374 1916 5441 cogunt

263 5455 444 5512 verba
469 5453 731 5526 Andrese,
765 5457 1037 5524 dicentis,
1087 5473 1253 5511 num.
1313 5458 1402 5524 80,
1436 5459 1591 5529 quod
1655 5458 1912 5531 martyrii

262 5544 524 5618 palmam
545 5543 818 5603 assecuta
835 5545 1089 5614 Arialdo,
1110 5546 1286 5614 Deus,
1312 5570 1337 5594 ‹‹
1364 5546 1590 5604 decimo
1614 5552 1746 5621 post
1760 5565 1913 5605 anno

2113 3325 2196 3377 23.
2226 3323 2379 3378 Nihil
2411 3327 2617 3378 contra
2645 3323 2796 3378 hauc
2828 3322 3038 3395 legem,
3067 3339 3138 3376 ne
3178 3322 3250 3376 ab
3286 3321 3690 3378 Herlemdaldo

2044 3412 2282 3484 quidem
2308 3416 2610 3484 peccatum
2634 3411 2862 3468 censuit
2881 3411 3305 3477 Andreas,cum
3338 3432 3365 3459 ‹‹
3401 3411 3460 3465 in
3494 3411 3690 3467 defen-

2043 3500 2202 3556 sione
2227 3501 2470 3573 justitiaa
2505 3501 2786 3573 martyrio
2830 3504 3171 3556 coronatum
3209 3523 3230 3550 ι
3270 3500 3690 3571 pronuntiavit,

2041 3607 2206 3645 num.
2239 3591 2308 3644 34
2360 3609 2373 3657 ;
2435 3588 2579 3644 nihil
2610 3589 2785 3645 etiam
2826 3588 3142 3661 Gregorius
3203 3605 3374 3661 papa,
3430 3590 3692 3645 scribens

2042 3703 2069 3727 ‹‹
2105 3679 2365 3734 Wifredo
2397 3679 2705 3734 Mediolani
2738 3677 2949 3746 militi;
2983 3694 3180 3748 quem,
3207 3699 3233 3726 »
3269 3680 3402 3747 post
3434 3676 3689 3732 Herlem-

2041 3767 2197 3824 baldi
2239 3768 2477 3831 caedem,
2513 3790 2540 3817 «
2599 3768 2670 3822 ad
2731 3767 3144 3822 confortandos
3201 3765 3414 3820 Christi
3473 3765 3691 3821 milites

2039 3857 2304 3912 animum
2331 3861 2389 3911 et
2415 3855 2817 3911 fortitudinem
2840 3853 3229 3925 resumpsisse
3254 3875 3280 3902 ››
3305 3852 3685 3908 intellexerat.

2041 3945 2294 4000 Mentem
2329 3948 2524 3999 autem
2583 3959 2748 3998 suam
2783 3942 3156 3998 manifestius
3211 3940 3690 4014 luculentiusque

2038 4033 2295 4088 declarat
2326 4033 2384 4086 in
2407 4031 2656 4104 epistola
2677 4032 2747 4086 ad
2772 4031 3078 4103 praefatum
3103 4030 3482 4103 [.iprandum,
3508 4047 3689 4103 quam

2036 4139 2104 4178 ex
2134 4122 2261 4192 ejus
2293 4124 2499 4192 nepote
2533 4120 2830 4176 Landulﬁo
2861 4137 2894 4176 a
2923 4121 2982 4176 S.
3015 4120 3194 4176 Paulo
3225 4119 3308 4176 sic
3339 4120 3546 4176 recitat
3576 4121 3690 4176 Pu-

2037 4209 2270 4266 ricellus
2301 4225 2434 4282 pag.
2463 4211 2568 4264 327
2600 4225 2613 4264 :

2108 4323 2135 4349 ‹‹
2171 4302 2495 4356 Gascoaws
2523 4299 2832 4372 episcopus
2864 4316 3066 4356 servus
3115 4315 3412 4356 servorum
3448 4300 3571 4365 Dei,
3596 4301 3683 4356 LI-

2037 4406 2262 4445 PRANDO
2293 4388 2604 4456 sacerdoti,
2634 4388 2884 4444 salutem
2939 4392 2995 4444 et
3028 4387 3408 4460 apostolicam
3447 4388 3685 4443 benedi—

2033 4479 2310 4535 ctionem.

2103 4593 2129 4618 ‹‹
2155 4567 2212 4624 Si
2229 4573 2566 4625 sanctorum
2590 4568 2931 4624 memoriam
2957 4565 3410 4631 veneramur,de
3433 4583 3684 4638 quorum

2029 4657 2281 4732 legimus
2314 4663 2499 4714 morte
2529 4661 2586 4713 et
2617 4655 2981 4712 abscissione
3015 4655 3411 4711 membrorum
3438 4674 3450 4722 ;
3485 4656 3532 4711 si
3575 4673 3681 4729 pa-

2024 4748 2288 4803 tientiam
2321 4747 2635 4802 laudamus
2667 4762 2895 4812 eorum,
2930 4761 3078 4816 quos
3125 4761 3158 4799 a
3189 4743 3404 4800 Christi
3439 4745 3550 4800 ﬁde
3580 4761 3686 4801 nec

2029 4837 2262 4910 gladius
2293 4851 2396 4890 nec
2429 4834 2548 4889 ulla
2580 4851 2744 4905 paena
2775 4833 2970 4889 divisit
2998 4851 3011 4901 ;
3044 4837 3104 4888 tu
3141 4849 3397 4905 quoque,
3421 4834 3683 4891 abscisso

2030 4942 2171 4981 naso
2197 4929 2254 4980 et
2277 4923 2518 4979 auribus
2550 4939 2652 4994 pro
2685 4921 2896 4978 Christi
2922 4922 3180 4988 nomine,
3208 4921 3566 4978 laudabilior
3621 4941 3683 4981 es

2029 5013 2128 5086 qui
2159 5014 2229 5068 ad
2262 5029 2391 5068 eam
2423 5011 2670 5084 gratiam
2717 5012 3048 5084 pertingere
3101 5013 3395 5082 meruisti,
3428 5029 3554 5084 quae
3609 5013 3681 5068 ab

2026 5101 2303 5158 omnibus
2324 5101 2710 5156 desideranda
2734 5110 2854 5168 est;
2882 5118 2998 5172 qua
3021 5119 3054 5157 a
3078 5103 3298 5157 sanctis
3322 5101 3394 5172 (si
3420 5117 3684 5171 perseve-

2027 5190 2242 5246 raveris
2274 5190 2332 5244 in
2366 5190 2542 5244 tinem
2593 5206 2706 5244 non
2736 5190 3057 5262 discrepas.
3099 5190 3412 5262 Integritas
3444 5187 3682 5260 quidem

2025 5279 2286 5352 corporis
2318 5277 2402 5334 tui
2435 5277 2724 5334 diminuta
2751 5283 2874 5347 est;
2909 5280 3009 5334 sed
3065 5279 3308 5334 interior
3346 5277 3544 5342 homo,
3579 5277 3682 5347 qui

2024 5373 2337 5424 renovatur
2363 5369 2433 5422 de
2465 5367 2557 5423 die
2582 5367 2640 5422 in
2667 5367 2844 5434 diem,
2880 5384 3162 5440 magnum
3197 5365 3529 5423 sanctitatis
3553 5382 3681 5420 sus-

2024 5457 2668 5529 cipitincrementum:
2725 5457 2910 5512 forma
2958 5455 3209 5512 visibilis
3268 5454 3513 5527 turpior,
3579 5455 3677 5509 sed

2024 5549 2216 5619 imago
2248 5547 2367 5611 Dei,
2402 5563 2528 5618 quae
2562 5550 2650 5603 est
2679 5547 2868 5603 forma
2889 5545 3160 5617 justitiaa,
3193 5546 3347 5602 facta
3369 5549 3457 5601 est
3486 5544 3547 5599 in
3585 5543 3678 5598 di-

263 5629 746 5694 Herlembaldum
776 5635 1007 5694 ﬁdelem
1031 5635 1256 5694 socium
1290 5635 1602 5694 associavit
1631 5637 1690 5694 in
1733 5654 1910 5712 regno
2020 5635 2766 5708 minutionejucundior,in
2784 5635 3152 5709 turpitudine
3167 5635 3485 5728 pulchrior;
3515 5633 3674 5689 unde
