4142 6192
394 273 551 344 M99

1512 271 1622 339 SS.
1667 268 1983 336 ARIALDI
2028 266 2129 333 ET
2169 265 2672 334 ERLEMBALDI

3630 259 3802 334 ιιοῡ

389 378 733 468 in'Canticis
761 407 1121 466 canticorum
1159 405 1443 482 gloriatur
1470 405 1748 474 Ecclesia,
1783 406 1981 461 dicens
2016 421 2029 461 :
2064 404 2114 470 Α
2143 403 2295 458 bano
2327 419 2478 475 papa
2509 403 2577 471 Il,
2612 401 2711 474 qui
2743 405 2940 475 postea
2969 399 3142 460 annis
3172 400 3231 460 il
3269 404 3326 459 et
3355 399 3670 459 mensibus
3702 400 3804 458 ali-

394 522 420 554 α
454 501 633 574 Nigra
663 516 816 567 sum,
850 499 948 554 sed
981 494 1748 564 formosa,ﬁliae.Jerusalem
1781 495 1961 565 (Cant.
1991 511 2030 562 1,

387 591 498 662 54).
536 614 562 640 ››
590 589 748 654 Quod
783 589 832 644 si
865 587 1103 642 interior
1127 587 1351 659 species
1383 584 1528 640 nihil
1552 602 1725 658 passa
1752 582 2031 639 estdctri-

389 679 567 736 menti
601 679 672 735 iis
706 676 1189 740 abscissionibus,
1224 692 1338 729 non
1393 678 1483 729 est
1540 674 1870 729 abscissum
1902 689 1929 726 a
1978 677 2032 726 te

388 767 743 824 sacerdotale
759 764 1222 836 olliicium,quod
1248 764 1546 835 proprium
1571 761 2028 826 estsanctitatis;

384 864 442 912 et
474 875 588 912 non
622 862 740 911 tam
769 843 1246 910 consideraturin
1278 852 1610 923 integritate
1633 851 2028 905 membrorum

386 963 563 1018 quam
594 945 653 999 in
677 943 1006 1017 integritate
1030 943 1331 997 virtutum.
1359 942 1517 996 Unde
1551 941 1867 1012 imperator
1890 943 2031 993 Con-

383 1036 680 1090 stantinus
711 1032 1218 1103 Hierosolymitani
1253 1030 1509 1102 episc0pi
1541 1030 1849 1099 cujusdam
1892 1045 2028 1082 ocu-

379 1125 556 1179 lum»
589 1124 669 1194 (S.
702 1122 935 1177 Maximi
969 1120 1207 1187 scilicet,
1268 1120 1338 1174 de
1379 1137 1492 1190 quo
1525 1125 1720 1173 actum
1776 1119 1812 1171 5
1871 1116 2028 1184 Maii)

384 1239 402 1261 α
443 1230 546 1285 pro
577 1212 791 1266 Christi
825 1209 1058 1264 nomine
1089 1214 1320 1264 erutum
1352 1225 1501 1278 sepe
1534 1206 1948 1272 osculabatur;
1973 1208 2030 1258 et

378 1300 642 1372 exemplo
675 1300 908 1353 Patrum
941 1303 1116 1369 atque
1147 1297 1494 1351 documento
1549 1295 1837 1364 majorum
1873 1293 2018 1347 didi-

378 1391 568 1445 cimus
600 1405 713 1443 non
747 1388 971 1442 auferre
1003 1402 1234 1440 sacrum
1260 1383 1515 1438 ofﬁcium
1538 1382 2026 1453 martyribus,pro

376 1476 717 1546 hujusmodi
750 1492 899 1530 ctesu
912 1492 973 1529 ra
1000 1474 1422 1528 membrorum.

444 1567 536 1620 24.
573 1588 600 1614 ‹‹
634 1564 908 1630 Proinde,
941 1566 1162 1634 martyr
1208 1559 1439 1626 Christi,
1474 1560 1796 1614 confortaro
1823 1559 1879 1612 in
1915 1559 2028 1614 Do-

378 1652 556 1708 mino.
590 1651 776 1724 Magis
808 1651 1009 1706 credas
1042 1650 1100 1704 in
1132 1653 1186 1703 te
1220 1665 1373 1703 nunc
1429 1664 1556 1703 esse
1589 1649 2026 1719 presbyteratus

2144 498 2286 566 quot
2317 494 2504 548 tenuit
2535 492 2800 550 Ecclesia
2832 492 3128 550 catholicas
3188 493 3686 567 gubernaculum,
3747 497 3805 548 et

2143 587 2411 656 receptus
2440 583 2678 656 agnitus
2709 583 2817 637 fuit
2844 600 3014 638 verus
3046 584 3104 639 S.
3132 583 3427 638 Ambrosii
3459 599 3799 650 successor,

2142 671 2367 726 Etenim
2403 672 2561 727 illius
2602 673 2672 726 ad
2705 672 2860 726 hunc
2890 677 3044 727 extat
3067 674 3223 743 apud
3275 675 3508 728 Ivonem
3545 677 3718 744 parte
3745 689 3800 726 v1

2142 779 2269 834 cap.
2305 763 2427 831 406,
2459 767 2808 831 rescriptum
2840 761 3218 832 hujusmodi:
3259 784 3280 809 ιι
3316 761 3673 817 Discretioni
3707 778 3805 816 no-

2142 857 2273 906 stra:
2305 852 2538 907 videtur
2593 855 2904 922 quatenus,
2941 851 3264 905 secundum
3301 850 3580 922 praecepti
3614 850 3800 905 nostri

2140 945 2422 1008 tenorem,
2448 941 2681 1012 quando
2705 939 3029 994 secundum
3055 938 3322 994 Ecclesiae
3341 944 3548 994 vestrae
3575 955 3800 994 morem

2141 1046 2338 1085 sacros
2369 1031 2614 1084 daturus
2637 1027 2999 1100 quibuslibet
3047 1028 3177 1082 aliis
3195 1028 3804 1097 ordines,benedicere

2140 1118 2532 1190 coeperis,eos,
2567 1135 2714 1189 quos
2745 1121 2846 1171 tua
2875 1116 3108 1172 duxerit
3145 1115 3382 1172 solertia
3412 1117 3802 1172 reconcilian-

2143 1207 2271 1275 dos,
2308 1206 2458 1260 inter
2481 1206 2944 1261 benedicendum
3004 1210 3062 1260 et
3109 1222 3323 1260 manus
3367 1206 3799 1278 imponendum

2140 1295 2318 1350 facias
2334 1295 2637 1361 interesse;
2659 1296 2875 1366 quibus
2896 1298 3102 1349 catera
3116 1294 3315 1349 omnia
3335 1294 3803 1350 consecrationis

2138 1383 2553 1449 instrumenta,
2583 1386 2792 1454 praeter
2853 1381 3163 1449 unctionis,
3204 1381 3481 1454 explebis,
3515 1387 3572 1438 et
3602 1382 3693 1437 sic
3728 1383 3804 1438 ad

2137 1477 2342 1527 sancta
2372 1472 2702 1527 ministeria
2723 1471 3151 1526 reconciliabis.
3197 1494 3218 1520 ο

2206 1563 2296 1615 26.
2333 1563 2491 1615 Anno
2526 1561 2664 1614 1095
2692 1558 2996 1615 Placentia:
3029 1560 3317 1632 synodum
3369 1560 3690 1615 celebravit
3718 1562 3802 1618 Ur

2137 1649 2325 1704 banus
2359 1666 2371 1703 :
2408 1671 2435 1697 ι‹
2488 1648 2652 1714 Huic,
2693 1670 2712 1696 ι
2775 1651 2922 1702 teste
2979 1647 3293 1703 Bertholdo
3353 1649 3795 1705 Constantiensi

375 1741 654 1808 ofﬁcium,
711 1739 866 1811 quod
915 1737 1076 1809 prius
1109 1736 1217 1793 olei
1276 1735 1566 1802 unctione,
1601 1752 1757 1790 nunc
1788 1736 1870 1790 tui
1939 1739 2102 1833 estB
2137 1759 2165 1786 «
2222 1736 2618 1791 interfuerunt
2675 1734 3147 1806 Saltzburgensis
3205 1735 3711 1808 archiepiscopus,
3743 1743 3799 1793 et

373 1830 678 1902 sanguinis
704 1828 981 1883 tinctione
1013 1827 1432 1894 commissum;
1469 1831 1525 1880 et
1570 1830 1788 1896 quanto
1821 1826 2022 1879 minus

373 1919 553 1974 habes
575 1918 730 1989 quod
766 1916 954 1988 possit
983 1915 1218 1981 auferri,
1243 1918 1402 1993 tanto
1428 1914 1623 1968 minus
1646 1914 1854 1969 timeas
1878 1929 2024 1984 prea-

373 2007 570 2061 dicare
600 2023 726 2077 quas
759 2022 892 2060 vera
942 2009 1100 2070 sunt,
1136 2003 1427 2058 seminare
1477 2019 1600 2074 qua:
1633 2001 2026 2073 centuplicata

377 2096 714 2151 reddentur.
777 2093 1008 2148 Scimus
1063 2093 1298 2163 quidem
1332 2096 1386 2147 te
1419 2093 1489 2146 ab
1523 2091 1778 2146 inimicis
1812 2095 2024 2145 sancta:

377 2185 640 2240 Ecclesiae
673 2199 905 2254 semper
952 2182 1240 2236 inimicari
1296 2185 1352 2236 et
1382 2181 1584 2253 afﬂigi,
1643 2181 1740 2235 sed
1809 2197 1880 2234 ne
1926 2195 2026 2234 eos

372 2273 584 2329 timeas
597 2289 784 2342 neque
804 2258 1198 2342 perterrearis,
1215 2270 1352 2340 quia
1369 2286 1482 2324 non
1507 2273 1627 2324 tam
1649 2274 1703 2322 te
1725 2285 1902 2340 quam
1925 2273 2026 2323 tua

374 2362 596 2426 omnia,
629 2360 739 2416 sub
793 2363 991 2414 nostra
1022 2363 1078 2413 et
1109 2358 1439 2429 apostolicae
1471 2358 1628 2413 sedis
1652 2357 1854 2423 tutela,
1889 2375 2022 2412 eum

376 2466 589 2523 magna
620 2448 901 2503 cbaritate
954 2453 1240 2502 tenemus.
1275 2448 1344 2502 Et
1376 2447 1424 2501 si
1457 2447 1513 2501 in
1573 2445 1872 2518 aliquibus
1918 2447 2020 2501 tibi

373 2538 769 2594 necessarium
803 2535 974 2592 fuerit
1021 2535 1400 2608 apostolicam
1459 2537 1656 2591 sedem
1709 2534 2021 2607 appellare,

376 2627 788 2694 concedimus;
825 2629 882 2680 et
911 2626 960 2681 si
988 2626 1058 2681 ad
1093 2641 1199 2680 nos
1239 2630 1295 2680 et
1345 2625 1392 2680 si
1426 2625 1494 2679 ad
1531 2629 1789 2680 nostram
1823 2625 2020 2680 sedem

371 2716 620 2786 veneris,
653 2733 786 2772 cum
841 2715 1054 2788 gaudio
1084 2719 1141 2771 et
1185 2731 1396 2787 magno
1453 2714 1669 2770 honore
1727 2713 2022 2786 suscipere

375 2805 562 2878 parati
592 2823 821 2861 sumus.
858 2827 885 2854 ››
917 2805 1152 2860 Utinam
1185 2803 1268 2858 sic
1317 2804 1495 2858 etiam
1537 2803 1892 2859 haberentur
1921 2802 2019 2857 lit-

370 2901 528 2962 teras,
559 2911 727 2966 quas,
759 2893 1052 2948 intellecta
1103 2891 1493 2948 Herlembaldi
1552 2897 1758 2962 morte,
1819 2893 1889 2946 ad
1922 2909 2021 2948 eos

371 2983 687 3055 quiipsam
719 2982 1150 3054 significabant,
1185 2981 1415 3036 dedisse
1463 2981 1805 3052 Gregorium
1841 2981 2022 3036 credi-

369 3072 483 3129 bile
514 3076 623 3140 est,
659 3071 862 3145 plenas
893 3071 1302 3125 aestimationis
1362 3075 1417 3125 et
1448 3071 1710 3137 allectus,
1747 3087 1850 3125 nec
1900 3087 2015 3124 non

2139 1825 2490 1880 Pataviensis
2527 1823 2841 1896 cpiscopus
2873 1824 2943 1878 de
2972 1823 3256 1894 Bajoaria,
3315 1825 3385 1879 de
3443 1824 3796 1882 Alemannis

2135 1931 2267 1969 vero
2297 1913 2787 1978 Constantiensis,
2821 1913 2922 1984 qui
2952 1918 3009 1968 et
3045 1913 3356 1968 Arnultum
3389 1913 3794 1971 Mediolanen-

2135 2019 2258 2059 sem
2291 2002 2819 2074 archiepiscopum,
2852 2003 2952 2057 diu
2978 2002 3215 2074 quidem
3237 2001 3626 2071 electum,sed
3649 2021 3796 2060 non-

2137 2094 2276 2147 dum
2308 2097 2732 2158 consecratum,
2765 2092 2968 2146 eodem
3026 2094 3287 2162 tempore
3317 2107 3386 2146 ex
3416 2093 3796 2149 concessione

2134 2181 2355 2236 domini
2389 2198 2549 2252 papae
2585 2179 2896 2236 Mediolani
2925 2195 3354 2234 consecravere.
3383 2202 3412 2227 »
3435 2180 3791 2252 Supervenit

2134 2270 2344 2326 deinde
2375 2270 2514 2325 illuc
2545 2270 2802 2342 pontifex
2833 2269 2980 2340 ipse,
3004 2269 3102 2340 qui
3131 2268 3272 2339 quid
3299 2273 3439 2324 tunc
3471 2271 3659 2342 egerit
3682 2275 3799 2328 Me-

2134 2359 2376 2424 diolani,
2407 2357 2642 2430 collegit
2671 2356 2994 2413 Puricellus
3023 2374 3092 2412 ex
3121 2357 3381 2428 quadam
3415 2374 3528 2414 ms.
3571 2361 3796 2434 margi-

2135 2447 2251 2504 nali
2284 2447 2600 2513 additione,
2634 2447 2708 2501 ad
2766 2453 2939 2517 caput
2981 2445 3106 2500 'ult.
3155 2445 3293 2501 libri
3323 2463 3409 2513 In,
3469 2447 3788 2505 Annalium

2134 2537 2398 2593 Landulli
2421 2534 2849 2604 Senioris,nihil
2871 2552 3047 2607 quam
3070 2533 3356 2591 Arnullus
3377 2535 3488 2591 fuit
3507 2537 3791 2608 aequioris

2134 2628 2203 2684 ad
2239 2626 2584 2682 memoriam
2617 2624 3030 2681 Herlembaldi.
3066 2624 3149 2680 Ibi
3177 2630 3311 2696 post
3341 2624 3463 2681 haec
3484 2627 3709 2698 scripta
3731 2628 3790 2684 in

2133 2715 2607 2788 margineiverba,
2620 2737 2647 2764 ‹‹
2663 2714 2964 2770 Occiditur
2982 2712 3428 2770 Herlembaldus
3445 2714 3793 2786 abArnaldo

2131 2805 2201 2859 de
2234 2804 2470 2870 Raude;
2503 2826 2530 2852 η
2562 2803 2646 2858 sic
2685 2804 2927 2874 insuper
2980 2801 3194 2873 legitur
3226 2819 3238 2856 :
3274 2825 3303 2852 «
3335 2802 3556 2858 Versus
3608 2820 3790 2876 super

2131 2893 2398 2966 sepulcro
2431 2892 2825 2948 Herlembaldi
2847 2891 2905 2945 in
2937 2892 2996 2947 S.
3029 2890 3327 2964 Dionysio,
3351 2908 3530 2963 quem
3559 2900 3792 2950 sancto-

2129 3000 2260 3038 rum
2296 2987 2618 3054 martyrum
2650 2979 2913 3051 catalogo
2946 2980 3240 3035 adnotavit
3272 2979 3546 3037 Urbanus
3569 2982 3618 3037 II
3649 3000 3662 3049 ;
3688 2984 3789 3054 qui

2130 3087 2262 3126 cum
2283 3070 2584 3141 Arnulpho
2601 3068 3037 3140 archiepiscOpo
3053 3067 3367 3124 millesimo
3398 3072 3790 3142 nonagesimo

368 3161 866 3234 comprobationis
891 3163 1150 3214 actorum
1180 3160 1252 3214 ab
1287 3176 1374 3227 eo,
1409 3159 1624 3231 quibus
1680 3159 1899 3215 obstrui
1944 3158 2016 3214 si-
2048 3135 2089 3202 Ο
2131 3160 2340 3232 primo,
2373 3175 2585 3229 corpus
2615 3159 2742 3228 ejus
2766 3156 3094 3222 tumulavit,
3119 3157 3244 3224 (ubi
3269 3181 3295 3207 ‹‹
3331 3159 3790 3231 nonagesimum

371 3250 589 3306 militer
620 3253 861 3322 possent
909 3265 1032 3313 ora,
1065 3249 1133 3303 de
1165 3265 1230 3303 eo
1281 3265 1446 3320 aeque
1477 3265 1542 3303 ac
1580 3248 1638 3304 S.
1670 3248 1903 3303 Arialdo
1933 3247 2016 3303 lo-

369 3339 677 3409 quentium
705 3339 927 3409 iniqua.
951 3341 1118 3392 Nunc
1141 3337 1294 3410 quod
1319 3343 1606 3408 superest,
1641 3337 1926 3409 quidquid
1951 3352 2018 3391 ex

371 3425 659 3481 Puricello
677 3426 948 3498 colligere
968 3426 1382 3497 possumus,ad
1406 3425 1712 3496 utriusque
1735 3425 2016 3480 honorem

371 3530 690 3586 pergamus
738 3514 1065 3584 decerpere,
1097 3513 1368 3568 adductis
1409 3517 1737 3579 auctorum,
1772 3530 1898 3584 quze
1931 3529 2018 3568 re-

369 3606 699 3676 praesentat,
729 3601 942 3658 verbis.

1013 3709 1244 3764 CAPUT
1286 3709 1374 3764 IV.

367 3800 466 3858 SS.
499 3799 881 3857 Herlembaldo
938 3807 988 3854 et
1037 3799 1268 3854 Arialrlo
1319 3801 1495 3854 erecta
1539 3801 1596 3853 in
1656 3798 1711 3854 S.
1758 3799 2018 3870 Dionysio

1011 3873 1386 3926 monumenta.

437 3962 527 4016 25.
563 3959 718 4014 Obiit
744 3958 1056 4030 Gregorius
1088 3975 1240 4030 papa
1280 3958 1382 4013 Vll
1414 3975 1566 4014 anno
1608 3960 1759 4023 1075,
1793 3959 2018 4014 decimo

369 4051 502 4121 post
528 4046 923 4103 Herlembaldi
983 4047 1196 4101 caedem
1229 4063 1381 4102 anno
1425 4065 1437 4114 ;
1498 4048 1666 4116 cujus
1729 4051 1794 4102 ut
1833 4048 2017 4103 sancti

371 4137 568 4192 Vitam
599 4135 915 4191 illustravit
948 4135 1345 4190 llcnschenius
1373 4137 1445 4190 25
1468 4135 1622 4190 Maii.
1655 4135 1812 4191 Obiit
1841 4137 2014 4192 etiam

373 4227 577 4283 eodem
612 4242 763 4282 anno
813 4225 1134 4296 eodemque
1164 4223 1277 4289 die,
1331 4230 1433 4280 aut
1463 4225 1672 4281 saltem
1731 4227 2016 4299 sequenti,

367 4318 570 4372 Aronaa
624 4312 937 4381 Teilaldus,
971 4313 1673 4386 pseudoarchiepiscopus
1743 4315 2016 4372 Mediola-

370 4404 776 4462 nensis..Huic
808 4403 1091 4457 suffectus
1125 4401 1437 4458 Anselmus
1469 4408 1576 4472 est,
1599 4403 1861 4460 Romana
1884 4405 2020 4460 sede

2126 3248 2449 3320 quintum»
2477 3261 2699 3301 annum
2721 3245 3036 3318 legendum
3061 3245 3265 3301 merito
3298 3252 3497 3303 censet
3515 3248 3788 3306 Puricel-

2123 3336 2262 3408 lus.)
2292 3336 2428 3408 quia
2458 3336 2583 3408 ipse
2613 3334 3386 3402 Herlembaldus,vexillifer
3415 3336 3693 3394 Ecclesiae
3715 3355 3786 3395 ac

2126 3429 2303 3493 tutor,
2339 3426 2410 3480 ab
2444 3424 2794 3480 adversariis
2826 3423 3090 3480 Ecclesia
3123 3423 3351 3480 occisus
3377 3429 3486 3480 est.

2198 3517 2306 3571 Hic
2333 3513 2762 3581 Herlembaldus,
2792 3515 2952 3568 miles
2984 3512 3191 3569 Christi
3217 3515 3571 3571 reverendus.

2128 3605 2346 3661 Occisus
2378 3605 2580 3675 legitur
2607 3605 2706 3674 qui
2733 3603 2853 3658 caeli
2880 3603 3006 3659 sede
3029 3605 3264 3674 potitur.

2126 3696 2367 3750 Incestus
2396 3693 2666 3764 reprobat,
2699 3692 2975 3748 Simonias
3003 3700 3055 3748 et
3080 3694 3210 3763 quia
3234 3692 3483 3760 damnat,

2127 3785 2281 3839 Hunc
2312 3783 2526 3838 Veneris
2554 3782 2699 3837 servi
2724 3783 3003 3852 perimunt
3031 3780 3380 3851 Simonisque
3407 3780 3651 3851 maligni
3671 3800 3690 3835 :

2132 3873 2402 3938 Urbanus,
2433 3887 2681 3926 summus
2706 3871 2916 3942 praesul
2943 3870 3228 3941 dictusque
3255 3871 3552 3938 secundus,

2127 3964 2322 4020 Noster
2349 3965 2398 4016 et
2429 3961 2718 4032 Amulius,
2747 3969 2933 4032 pastor
2957 3963 3082 4033 pius
3103 3965 3266 4033 atque
3300 3961 3590 4032 benignus,

2129 4053 2310 4123 Hujus
2331 4051 2575 4106 membra
2599 4052 2706 4105 viri
2735 4050 3012 4106 tumulant
3041 4050 3315 4106 translata
3345 4051 3509 4106 beati.

2201 4144 2288 4196 27.
2317 4140 2477 4204 Quod
2511 4144 2705 4194 autem
2739 4139 2939 4210 prisz
2971 4138 3292 4211 supulturae
3322 4139 3490 4195 locus
3519 4155 3632 4196 non
3658 4139 3774 4194 fue-

2130 4230 2204 4285 rit
2232 4229 2588 4300 alius,quam
2613 4244 2728 4298 quo
2751 4229 2947 4299 ipsum
2981 4233 3182 4299 postea
3200 4226 3585 4300 papadetulit,
3605 4226 3779 4284 intel-

2129 4319 2431 4390 ligendum
2464 4317 2632 4372 nobis
2665 4318 2878 4388 preebet
2909 4320 3114 4373 Petrus
3147 4316 3392 4372 Azarius
3431 4317 3588 4389 apud
3622 4317 3786 4372 Puri-

2129 4407 2364 4474 cellum,
2400 4422 2532 4478 pag.
2567 4408 2656 4474 22,
2692 4404 2794 4458 ubi
2853 4405 3108 4476 primum
3169 4408 3390 4472 narrat,
3423 4405 3581 4476 quod
3622 4429 3651 4454 ‹‹
3685 4422 3788 4462 au-

369 4511 470 4565 per
498 4494 646 4549 duos
684 4493 798 4547 fere
830 4508 1015 4547 annos
1045 4494 1301 4546 vacante.
1337 4492 1460 4547 Non
1493 4493 1670 4548 audet
1693 4493 2015 4550 Puricellus
2045 4503 2092 4567 1)
2123 4496 2347 4551 dientes
2373 4494 2597 4550 nobiles
2637 4493 3280 4560 milites,deMediolaui
3319 4493 3660 4566 proscripti,
3695 4495 3794 4550 bo-

369 4581 616 4638 libcrare
647 4583 773 4653 ejus
806 4580 1235 4635 institutionem
1268 4597 1300 4634 a
1326 4580 1460 4636 vitio
1491 4580 1841 4637 electionum
1875 4601 2016 4655 prae-

370 4673 705 4728 cedentium
733 4697 747 4739 ;
781 4688 912 4726 cum
949 4672 1076 4743 ipsa
1106 4671 1206 4726 illa
1236 4687 1412 4743 quam
1435 4670 1552 4725 dixi
1584 4672 1884 4743 apostolici
1908 4673 2022 4728 cul-

372 4760 555 4815 minis
607 4762 850 4825 vocatio,
885 4759 1153 4828 Henrico,
1186 4760 1630 4815 manutenendze
1662 4761 2016 4817 investituraa

371 4848 832 4915 studiosissimo,
897 4849 1265 4903 commodam
1321 4849 1686 4904 occasionem
1743 4851 2021 4922 praeberet

370 4937 696 5008 usurpandi
715 4936 1009 5007 juris,aGi
1025 4936 1220 5008 egorio
1236 4936 1334 4992 VlI
1363 4937 1698 5008 abjudicati.
1720 4940 2019 5004 Quomodo

369 5032 567 5082 autem
591 5025 651 5081 in
683 5025 1049 5082 ordinatione
1071 5025 1446 5097 suscipienda
1477 5043 1603 5083 sese
1627 5028 1877 5101 gesserit
1907 5036 2020 5083 An-

370 5116 594 5172 selmus
625 5116 757 5181 iste,
791 5132 825 5170 a
859 5113 1097 5186 quibus,
1120 5119 1178 5169 et
1207 5113 1442 5185 quando
1476 5115 1642 5184 illam
1677 5118 2018 5188 susceperit,

369 5205 514 5260 nihil
538 5205 631 5260 hic
661 5205 867 5260 attinet
899 5203 1190 5258 discutere
1236 5221 1249 5271 ;
1315 5204 1460 5260 satis
1491 5204 1568 5261 sit
1615 5205 1806 5260 dicere
1865 5207 2018 5277 quod

373 5292 684 5347 Bcrtholdo
699 5290 1588 5363 Constantiensi,pontiﬁciarum
1605 5293 1858 5365 partium
1878 5295 2020 5349 scri-

371 5385 556 5452 ptore,
588 5381 817 5435 dicatur
837 5379 1052 5436 obiisse
1083 5397 1236 5434 anno
1262 5381 1398 5434 1033
1430 5404 1456 5430 «
1482 5381 1540 5436 in
1573 5398 1752 5437 causa
1773 5383 1831 5438 S.
1868 5382 2020 5439 Petri

373 5469 874 5536 studiosissimus,
909 5491 934 5518 ››
969 5470 1230 5540 adeoque
1260 5487 1292 5524 a
1322 5470 1552 5525 Victore
1595 5487 1747 5543 papa
1804 5473 1871 5540 Il,
1919 5473 2018 5545 qui

374 5575 527 5615 anno
557 5559 698 5617 4086
727 5558 786 5613 in
830 5559 1164 5617 Pentecoste
1193 5559 1502 5617 ordinatus
1531 5564 1619 5616 est
1647 5559 1734 5617 vel
1783 5562 1853 5618 ab
1915 5561 2018 5619 Ur-

2131 4601 2206 4639 na
2221 4600 2365 4639 nova
2388 4584 2457 4637 de
2478 4583 2616 4637 dato
2641 4582 2752 4637 sibi
2777 4582 3273 4655 archiepiscopo,»
3287 4582 3420 4652 (etsi
3442 4598 3649 4638 revera
3668 4599 3800 4638 nec-

2132 4673 2272 4727 dum
2291 4673 2464 4726 datus
2486 4672 2773 4736 esset,sed
2801 4670 2992 4726 solum
3021 4671 3396 4742 promissus,)
3427 4691 3446 4719 ι
3480 4671 3798 4727 confortati

2130 4765 2268 4818 sunt
2287 4760 2484 4827 valde;
2513 4764 2570 4816 et
2593 4764 3020 4832 congregantes
3037 4759 3258 4816 amicos
3279 4777 3347 4816 ex
3370 4759 3650 4815 omnibus
3663 4776 3797 4832 par-

2128 4850 2287 4906 tibus
2317 4849 2572 4905 civitatis
2617 4848 2948 4916 Mediolani,
2984 4849 3174 4921 ipsam
3202 4849 3498 4904 civitatem
3527 4848 3796 4920 aggressi

2128 4943 2288 4996 sunt.
2322 4938 2485 5003 Quod
2517 4937 2779 4993 sentiens
2810 4936 3257 4994 Herlembaldus
3288 4937 3480 5001 Gotta,
3512 4936 3798 4993 dominus

2130 5026 2327 5102 populi
2361 5027 2608 5099 primus,
2642 5026 2815 5082 exivit
2837 5027 3067 5082 obviam
3116 5025 3498 5092 inimicis,cui
3532 5025 3797 5081 occurrit

2127 5119 2189 5174 in
2222 5134 2427 5189 campo
2459 5115 2903 5172 Herlembaldus
2955 5140 2976 5168 ι
3045 5115 3200 5186 (aliis
3247 5115 3543 5172 Arnaldus
3573 5112 3798 5186 dictus)

2137 5230 2162 5263 α
2194 5207 2266 5261 de
2290 5205 2508 5269 Raude,
2539 5203 2704 5259 miles
2724 5204 3114 5276 proscriptus,
3139 5205 3527 5277 atqueipsam
3550 5203 3621 5258 de
3643 5219 3796 5274 equo

2131 5295 2340 5368 dejecit
2370 5301 2426 5350 et
2453 5293 2820 5366 decapitavit.
2849 5316 2876 5343 ››
2906 5294 3084 5350 Addit
3114 5294 3324 5351 deinde
3354 5292 3600 5349 Azarius
3636 5308 3700 5346 :«
3728 5292 3800 5348 Et

2129 5383 2213 5439 sic
2242 5385 2301 5438 in
2332 5387 2536 5439 sancta
2581 5382 2950 5438 confessione
2985 5383 3245 5440 moriens
3291 5381 3564 5455 sepultus
3591 5379 3705 5434 fuit
3735 5380 3795 5435 in

2129 5472 2373 5529 ecclesia
2404 5474 2499 5528 SS.
2543 5471 2794 5528 Protasii
2823 5475 2881 5528 et
2905 5471 3150 5542 Aurelii,
3185 5473 3244 5529 id
3293 5477 3402 5539 est,
3433 5471 3491 5528 S.
3535 5468 3796 5543 Dionysii

2131 5562 2282 5618 inter
2321 5565 2626 5635 martyres.
2666 5584 2685 5610 υ

2750 5560 3141 5634 Hieronymus
3201 5561 3456 5630 Monius,
3509 5557 3792 5615 Mediola-
3883 5605 3896 5610 -
