4152 6194
298 323 488 400 tua.

1890 331 2116 400 ACTA.

3550 333 3707 405 ίαη

295 466 498 527 nensis
518 464 983 541 jurisconsultus
1004 470 1495 542 etorator,postea
1511 469 1684 526 etiam
1708 476 1944 526 senator
1971 470 2017 536 Α
2055 485 2286 541 corpus,
2321 487 2435 527 non
2481 469 2663 528 fuisse
2710 487 2911 528 verum
2961 485 3172 546 corpus
3217 475 3407 532 sancti
3456 475 3703 534 Arialdi.

296 565 354 616 et
382 575 598 631 praeses
628 558 924 626 sanitatis,
955 559 1016 614 in
1053 558 1400 631 panegyrico
1454 577 1630 631 quem
1683 560 1944 616 recitavit

295 665 449 705 anno
481 648 642 715 1547,
667 664 802 704 cum
833 647 1311 704 Herlembaldum
1344 665 1577 721 quoque
1605 667 1674 704 ex
1703 665 1770 705 eo
1817 650 1942 705 lau-

289 737 508 803 dasset,
543 737 699 809 quod
731 759 758 786 «
794 735 980 808 legem
1000 736 1059 792 in
1090 736 1348 792 Ecclesia
1372 737 1794 794 Mediolanensi
1818 756 1943 807 pro-

292 825 548 899 mulgeri
579 826 930 898 procuravit,
965 842 1036 880 ne
1066 825 1258 881 clerici
1292 843 1498 882 uxores
1538 828 1767 894 ducere,
1802 843 1944 883 neve

295 914 653 970 matrimonio
678 915 849 986 jungi
883 914 1226 986 possint.....
1261 916 1342 970 Ea
1369 931 1570 982 causa,
1602 916 1819 987 inquit,
1853 916 1943 971 of-

294 1002 494 1058 fensos
543 1001 806 1069 clericos,
843 1025 870 1051 »
901 1002 1135 1074 (melius
1167 1003 1411 1059 dixisset
1439 1021 1642 1058 eorum
1684 1005 1944 1059 fautores

293 1090 568 1162 nobiles,)
597 1115 616 1140 ιι
645 1107 846 1146 necem
874 1091 1098 1146 homini
1122 1092 1389 1147 intulisse
1421 1092 1642 1162 reperio
1665 1093 1814 1164 apud
1839 1109 1941 1148 au-

294 1185 518 1247 ctores;
551 1198 583 1234 a
609 1179 822 1252 populo
852 1196 984 1235 vero
1015 1180 1241 1234 divinos
1271 1180 1355 1234 illi
1389 1181 1660 1246 honores,
1692 1182 1763 1236 ob
1823 1185 1942 1236 tam

296 1268 543 1326 celebris
576 1268 711 1324 facti
768 1269 1112 1330 memoriam
1165 1268 1476 1335 exhibitos,
1533 1270 1946 1342 inclusumque

297 1359 486 1415 ferrea
515 1374 649 1412 arca
677 1358 942 1426 cadaver,
975 1357 1094 1412 dixi
1154 1358 1413 1430 Dionysii
1475 1361 1714 1432 templo,
1751 1359 1808 1414 in
1842 1377 1943 1415 no-

297 1451 484 1504 stram
516 1463 704 1518 usque
734 1446 886 1502 diem
911 1451 1205 1503 servatum
1236 1447 1527 1504 novimus.
1564 1471 1591 1498 ››

368 1537 457 1591 28.
491 1536 890 1592 Bernardinus
939 1536 1169 1606 Corius,
1211 1554 1338 1608 cap.
1381 1539 1434 1604 9,
1475 1561 1494 1587 α
1539 1555 1735 1594 arcam
1779 1563 1805 1588 ››
1839 1557 1944 1610 ap-

294 1625 495 1699 pellat,
529 1649 556 1676 «
577 1625 780 1682 ferreis
800 1625 1038 1682 laminis
1059 1626 1506 1682 circumdatam.
1535 1650 1562 1676 »
1589 1627 1803 1683 Paulus
1826 1629 1946 1684 Mo-

296 1715 468 1788 rigia,
500 1715 560 1771 in
611 1732 718 1771 suo
777 1715 1119 1770 Sanctuario
1180 1715 1596 1771 Mediolanensi
1619 1718 1757 1772 anni
1793 1718 1945 1785 I603,

2119 559 2207 613 30.
2241 559 2351 615 Sed
2383 561 2442 616 in
2473 560 2582 616 hoc
2619 584 2640 611 α
2676 560 2982 634 splendide
3013 563 3245 618 mentiri
3284 589 3303 612 η
3343 565 3696 622 Landulfum

2053 652 2251 704 censet
2278 649 2602 706 Puricellus
2625 667 2789 723 aeque
2819 668 2884 706 ac
2917 651 3014 707 ubi
3036 653 3184 707 dixit
3235 655 3410 724 quod,
3449 675 3477 703 «
3509 660 3700 710 trans-

2052 735 2195 790 actis
2226 737 2544 808 aliquantis
2569 762 2596 788 »
2628 757 2660 794 a
2687 740 2880 811 prima
2909 763 2936 790 «
2971 741 3028 795 in
3061 757 3191 795 arce
3235 740 3465 796 Travali
3488 743 3701 813 depor-

2050 824 2270 880 tatione
2300 827 2663 898 diebus,ejus
2693 829 2990 884 cadaveris
3007 829 3153 884 fetor
3173 829 3480 885 castellum
3511 847 3705 895 omne,

2052 913 2132 969 ita
2166 919 2443 971 utomnes
2463 923 2812 973 nausearent
2837 918 3474 990 fugientes,occupavit.
3500 941 3527 967 »
3554 920 3707 975 Sane

2052 1020 2230 1074 quam
2263 1005 2371 1061 hoc
2401 1009 2556 1060 certo
2591 1005 2801 1061 falsum
2845 1011 2954 1076 est,
2985 1011 3049 1061 ut
3105 1023 3284 1078 supra
3327 1007 3582 1062 vidimus
3640 1025 3708 1064 ex

2051 1093 2329 1148 veraciori
2359 1098 2503 1150 teste
2536 1096 2597 1150 B.
2630 1097 2882 1163 Andrea,
2917 1101 3034 1150 tam
3118 1095 3262 1150 illud
3321 1112 3574 1166 quoque,
3636 1098 3706 1151 de

2054 1179 2263 1236 ablatis
2292 1181 2443 1236 clam
2475 1199 2544 1237 ex
2566 1200 2696 1238 arce
2727 1184 3004 1254 praedicta
3033 1185 3289 1252 ossibus,
3325 1186 3496 1240 debet
3526 1187 3704 1240 conﬁ-

2052 1274 2210 1323 ctum
2242 1271 2314 1324 ab
2339 1271 2594 1326 inimicis
2624 1272 2863 1327 censeri.
2924 1272 3246 1344 Utrumque
3304 1273 3572 1328 fortassis
3606 1290 3705 1344 pe-

2054 1359 2210 1427 dem,
2235 1364 2465 1415 mortuo
2496 1359 2825 1416 abscissum
2858 1378 3021 1416 num.
3051 1363 3144 1428 74,
3176 1379 3243 1417 ex
3273 1362 3550 1432 praedicto
3579 1362 3704 1417 loco

2054 1446 2366 1518 requisivit
2414 1448 2913 1521 archiepiscopus,
2946 1450 3034 1504 vel
3061 1467 3128 1504 ex
3175 1450 3300 1505 loco
3355 1450 3704 1506 carnificinas

2055 1538 2349 1594 dexteram
2370 1555 2660 1611 auresque
2681 1544 2738 1595 et
2759 1543 2966 1594 caetera
2982 1540 3248 1595 membra
3268 1540 3482 1595 viventi
3505 1557 3706 1612 ampu-

2054 1630 2197 1695 tata,
2231 1644 2410 1698 eaque
2435 1629 2698 1698 junxerit
2728 1628 2951 1701 reliquo
2973 1629 3128 1700 apud
3158 1629 3215 1683 S.
3250 1628 3481 1684 Celsum
3513 1634 3708 1684 tumu-

2056 1715 2173 1771 lato
2223 1719 2443 1787 copori,
2475 1734 2540 1773 ac
2603 1717 2821 1789 pariter
2867 1719 2940 1772 ad
2997 1717 3258 1789 Dionysii
3315 1717 3708 1782 transtulerit,

293 1805 452 1860 inter
472 1821 734 1876 corpora,
757 1808 898 1860 tunc
915 1803 1105 1858 adhuc
1132 1803 1566 1875 quiescentiain
1591 1806 1710 1860 aede
1731 1807 1789 1860 S.
1811 1806 1945 1861 Dio-
1981 1841 2028 1904 Β
2057 1810 2508 1861 monumentum
2541 1807 2624 1862 eis
2655 1807 2902 1862 daturus
2927 1823 3107 1878 prope
3161 1812 3614 1862 monumentum
3649 1808 3707 1863 S.

294 1894 473 1966 nysii,
505 1897 766 1949 recenset
822 1893 1059 1965 quidem
1085 1915 1113 1942 «
1173 1909 1384 1964 corpus
1442 1893 1500 1947 S.
1557 1893 1950 1950 Herlembaldi

297 1983 614 2055 martyris;
653 2004 685 2033 ››
721 1983 822 2038 sed
854 1999 923 2037 ex
953 1982 1065 2036 ﬁde
1111 1982 1489 2052 antiquorum
1541 1982 1950 2038 chronicorum

299 2072 501 2143 potius
526 2087 704 2142 quam
735 2086 802 2126 ex
833 2070 1102 2141 praesenti
1143 2075 1453 2141 conspectu
1507 2088 1518 2136 ;
1578 2071 1756 2142 idque
1811 2071 1950 2143 quia

300 2180 331 2210 ιι
362 2176 516 2215 anno
549 2160 687 2213 1549
718 2159 1122 2214 Ferdinandus
1152 2158 1464 2228 Gonzagua
1495 2159 1949 2217 Mediolanensis

295 2249 678 2322 gubernator,
696 2247 897 2302 volens
914 2245 1204 2302 civitatem
1222 2247 1450 2302 mceniis
1469 2247 1701 2320 cingere
1722 2265 1789 2303 ex
1806 2249 1948 2305 artis

294 2337 573 2396 militaris
587 2336 1130 2408 praescripto,ccepit
1143 2337 1213 2391 ab
1237 2338 1588 2392 exstruendo
1603 2337 1660 2392 S.
1685 2337 1947 2410 Dionysii

295 2425 762 2500 propugnaculo,
796 2427 966 2496 cujus
995 2424 1130 2481 licet
1158 2425 1382 2481 noviter
1429 2430 1715 2480 structam
1767 2425 1946 2481 eccle-

294 2516 470 2581 siam,
502 2515 658 2570 bona
686 2519 879 2570 tamen
912 2513 1004 2569 sui
1036 2517 1199 2585 parte
1229 2513 1544 2582 truncavit,
1575 2518 1696 2570 tota
1727 2514 1950 2570 scilicet

291 2605 537 2661 tribuna
566 2621 700 2658 cum
733 2603 1067 2659 sanctuario
1089 2603 1209 2658 sive
1232 2609 1434 2676 crypta
1455 2620 1641 2659 sacra.
1671 2627 1698 2653 »
1731 2605 1809 2659 Ex
1831 2621 1950 2676 qua

295 2693 605 2751 occasione
636 2691 852 2748 abolita
884 2693 1064 2748 fuisse
1097 2716 1123 2741 «
1177 2693 1274 2747 SS.
1308 2693 1530 2748 Arialdi
1587 2698 1642 2748 et
1690 2693 1949 2750 Herlem-

291 2782 456 2840 baldi
486 2802 512 2834 η
547 2785 950 2847 monumenta,
981 2780 1212 2835 videtur
1267 2797 1580 2853 agnoscere
1630 2781 1950 2838 Puricellus

293 2888 428 2944 pag.
459 2872 564 2926 384
592 2888 604 2938 ;
639 2869 723 2926 sic
753 2869 907 2925 enim
936 2868 1196 2941 loquitur
1225 2887 1237 2925 :
1274 2893 1300 2919 ‹‹
1327 2869 1386 2926 Si
1420 2871 1554 2941 quis
1584 2871 1822 2926 tandem
1853 2889 1948 2926 re-

293 2961 495 3034 quirat
517 2964 716 3015 utrum
751 2963 1090 3014 sanctorum
1123 2976 1365 3032 corpora
1395 2961 1720 3016 etiamnum
1754 2960 1810 3014 in
1844 2961 1949 3015 hac

293 3051 354 3106 S.
384 3047 664 3120 Dionysii,
687 3048 736 3103 si
765 3064 879 3103 non
910 3047 1154 3103 aedicula
1181 3049 1558 3104 subterranea
1586 3053 1788 3120 (quam
1836 3050 1950 3103 uti-

296 3154 414 3211 que
442 3137 697 3192 dirutam
731 3137 871 3193 fassi
904 3139 1135 3208 sumus)
1166 3141 1320 3192 certe
1351 3137 1557 3193 saltem
1592 3137 1834 3193 ecclesia
1866 3143 1953 3192 ut-

2060 1893 2474 1950 Herlembaldi.
2507 1895 2612 1958 Qui
2646 1895 2912 1950 Landulﬁ
2946 1896 3118 1950 istius
3150 1911 3216 1950 ac
3246 1895 3453 1950 deinde
3484 1895 3709 1950 Arnulfi

2060 1982 2338 2039 historias
2378 1983 2749 2056 transcripsit
2792 1983 3088 2049 librarius,
3139 1983 3293 2054 apud
3352 1983 3708 2039 Puricellum

2060 2087 2192 2143 pag.
2226 2071 2312 2137 11,
2347 2071 2430 2127 sic
2458 2073 2678 2128 notavit
2697 2072 2756 2127 in
2779 2072 3039 2145 margine
3065 2088 3077 2126 :
3104 2095 3130 2120 «
3158 2075 3272 2126 Nec
3297 2071 3709 2138 mirandum,si

2059 2160 2170 2215 iste
2201 2160 2730 2233 historiographus,
2750 2166 2807 2216 et
2831 2176 3234 2232 sequens,non
3266 2159 3508 2216 laudent
3525 2159 3707 2216 istum

2057 2247 2387 2318 Arialdum,
2441 2251 2578 2321 quia
2627 2249 2740 2321 ipsi
2807 2253 2973 2304 erant
3028 2249 3283 2304 fautores
3341 2249 3708 2304 sacerdotum

2060 2341 2453 2406 uxoratorum,
2479 2339 3031 2394 concubinariorum
3063 2341 3119 2392 et
3169 2337 3657 2404 Simoniacorum,
3681 2357 3715 2393 ει

2058 2425 2274 2496 quibus
2310 2427 2371 2481 B.
2403 2427 2675 2483 Arialdus
2703 2444 2913 2500 passus
2958 2431 3066 2482 est.
3105 2449 3126 2475 ι
3162 2425 3382 2482 Deinde
3414 2426 3472 2481 in
3503 2429 3707 2482 eodem

2059 2516 2324 2586 margine
2345 2516 2622 2571 describit
2647 2533 2850 2572 versus
2881 2539 2908 2565 ‹‹
2946 2532 3124 2586 super
3144 2514 3412 2587 sepulcro
3434 2515 3493 2570 S.
3527 2514 3711 2570 Arial-

2058 2602 2117 2657 di
2151 2624 2178 2652 »
2211 2609 2495 2675 repertos,
2525 2606 2625 2660 sed
2657 2603 2836 2660 veluti
2876 2608 3302 2675 consequenter
3328 2603 3608 2674 legendos
3648 2609 3712 2660 ut

2057 2691 2232 2760 infra,
2266 2710 2398 2747 cum
2447 2692 2777 2748 verosimile
2831 2692 2976 2747 mihi
3008 2693 3103 2759 sit,
3136 2691 3369 2763 duplex,
3402 2696 3503 2746 aut
3531 2692 3706 2747 etiam

2059 2780 2270 2852 triplex
2282 2782 2646 2854 epigramma
2662 2781 2753 2836 hic
2770 2781 3248 2853 haberi,quorum
3268 2779 3514 2835 alterum
3537 2797 3705 2849 arcae,

2060 2870 2309 2925 alterum
2343 2870 2546 2926 lavello
2569 2887 2671 2926 seu
2704 2870 2891 2926 absidi
2915 2869 3213 2942 appictum
3235 2868 3322 2924 vel
3346 2869 3707 2942 insculptum

2061 2959 2270 3027 fuerit;
2302 2960 2903 3026 tertium,communis
2931 2958 3188 3026 fuerit,et
3213 2959 3365 3012 inter
3393 2961 3710 3030 utrumque

2061 3047 2312 3103 duorum
2346 3052 2794 3103 monumentum
2827 3047 3084 3119 scriptus
3117 3047 3349 3103 titulus.

2130 3137 2220 3191 31.
2255 3137 2553 3192 Indicasse
2583 3136 2692 3192 hoc
2736 3137 2965 3192 videtur
3009 3136 3260 3208 scriptor
3315 3152 3450 3190 cum
3500 3136 3706 3192 addit:

295 3206 530 3298 c—unque
559 3231 947 3298 perseverent,
973 3242 1076 3280 nec
1099 3206 1210 3281 alio
1236 3226 1519 3281 translata
1541 3243 1803 3297 unquam
1832 3227 1950 3280 fue-
1981 3206 2022 3272 (ἶ
2063 3247 2089 3275 ‹‹
2125 3226 2264 3280 Tres
2290 3226 2386 3280 isti
2417 3242 2622 3281 versus
2651 3225 2975 3296 loquuntur
3003 3225 3073 3279 de
3097 3206 3334 3295 Arialdo
3368 3228 3425 3280 et
3453 3224 3710 3280 Herlem-

295 3316 454 3383 rint;
489 3331 594 3387 ego
627 3315 865 3386 quidem
887 3314 1078 3369 adhuc
1110 3313 1254 3369 nihil
1287 3315 1472 3370 habeo
1502 3331 1713 3383 causae,
1746 3331 1851 3369 cur
1879 3315 1951 3370 de

295 3421 539 3476 corpore
569 3403 848 3476 quiddam
884 3402 1274 3458 Herlembaldi
1307 3403 1624 3475 ambigam.
1661 3425 1688 3452 »

367 3494 458 3548 29.
492 3493 578 3547 Ad
612 3493 670 3548 S.
702 3492 1004 3548 Arialdum
1036 3497 1232 3548 autem
1259 3493 1411 3564 quod
1447 3494 1675 3561 attinet,
1706 3493 1950 3549 Landul-

292 3583 390 3640 fus
419 3583 630 3648 senior,
665 3599 889 3638 coaevus
921 3582 1027 3648 illi,
1061 3583 1163 3637 sed
1194 3582 1388 3638 studio
1407 3583 1662 3654 partium
1685 3583 1948 3640 infensus

292 3671 634 3738 historicus,
666 3672 821 3743 apud
852 3670 1225 3739 Puricellum,
1287 3687 1417 3743 pag.
1474 3672 1558 3739 12,
1594 3677 1727 3744 post
1753 3673 1947 3728 nescio

292 3778 424 3833 quas
455 3761 672 3833 scripta
703 3760 773 3815 de
803 3761 1063 3832 corporis
1113 3761 1447 3818 inventione
1475 3761 1562 3816 vel
1613 3765 1947 3819 ostensione

287 3853 422 3919 (nec
452 3849 609 3904 enim
638 3847 860 3920 placuit
906 3849 1192 3904 Puricello
1251 3867 1317 3906 ea
1366 3850 1688 3923 publicare)
1737 3851 1946 3907 deinde

290 3960 321 3988 ‹‹
349 3937 578 4005 multis,
612 3937 823 4009 inquit,
886 3937 1294 3993 dubitantibus
1326 3938 1647 4010 multisque
1686 3955 1944 4012 congau-

283 4026 1010 4098 dentibus,‘p1urimisque
1049 4027 1443 4092 credentibus,
1477 4028 1712 4082 tandem
1767 4028 1944 4098 pallio

283 4115 978 4188 uperimposito,lectica
994 4115 1355 4187 compositus
1373 4120 1480 4171 est.
1497 4116 1619 4179 Quo
1638 4120 1955 4188 assumpto.

283 4207 347 4260 et
373 4203 546 4274 quasi
579 4203 771 4260 Levita
811 4220 948 4258 cum
1009 4202 1159 4258 stola
1217 4207 1441 4267 ornato,
1499 4201 1752 4258 summis
1809 4219 1939 4258 cum

277 4290 508 4347 litaniis
525 4292 875 4363 magnisque
889 4290 1399 4348 exsulltationibus
1413 4290 1801 4362 plurimisque
1814 4308 1945 4346 con-

280 4380 886 4452 frequentationibus,
905 4381 962 4435 in
998 4379 1351 4436 monasterio
1371 4380 1429 4435 S.
1452 4379 1598 4435 Celsi
1630 4379 1941 4436 humatum

280 4472 394 4524 est.
413 4468 514 4524 His
545 4469 744 4541 itaque
769 4467 1491 4540 peractis,Herlembaldus
1515 4469 1639 4523 suis
1670 4485 1802 4524 cum
1825 4487 1943 4525 om-

2058 3312 2250 3379 baldo,
2285 3336 2312 3362 ››
2348 3313 2572 3368 scilicet
2599 3318 2718 3368 tres
2750 3312 2961 3380 ultimi,
2997 3314 3080 3368 sic
3109 3311 3388 3384 descripti
3424 3329 3437 3368 :

2129 3403 2349 3457 Sanctos
2377 3402 2664 3458 thesauros
2692 3418 2952 3457 venerare
2977 3418 3074 3472 per
3101 3402 3287 3457 omnia
3317 3400 3532 3467 charos,

2128 3493 2231 3547 Hos
2255 3493 2468 3564 pugiles
2500 3491 2725 3558 Christi,
2757 3507 2886 3563 gens
2918 3491 3124 3563 inclyta
3157 3490 3481 3558 Mediolani,

2126 3581 2201 3636 De
2230 3582 2388 3652 oujus
2407 3581 2586 3636 sancti
2603 3588 2732 3635 sunt
2761 3581 2858 3634 isti
2879 3581 3148 3650 sanguine
3186 3580 3328 3633 nati.

2125 3674 2285 3725 Area
2323 3669 2435 3742 ipsi
2466 3675 2584 3725 tres
2615 3670 2836 3742 primos
2860 3686 3063 3724 versus
3093 3669 3176 3723 sic
3205 3667 3601 3738 ascripserim,
3642 3673 3708 3722 ut

2054 3759 2138 3814 eis
2169 3760 2382 3814 addere
2412 3759 2584 3814 velim
2617 3775 2802 3812 unum
2854 3774 2923 3812 ex
2974 3754 3365 3812 Herlembaldi
3414 3754 3711 3826 epitaphio

2053 3852 2516 3919 assumptum,et
2542 3848 2613 3902 ad
2638 3846 3009 3917 suppendem
3032 3844 3436 3899 defectuosum
3457 3859 3700 3899 sensum

2052 3953 2336 4009 perquam
2367 3935 2593 3991 utilem.
3560 3935 3562 3937 ’

2122 4029 2339 4094 Martyr
2360 4025 2555 4078 Levita
2585 4026 2722 4092 iacet
2754 4022 2853 4077 hac
2879 4020 3136 4077 Ariotdus
3166 4022 3224 4074 in
3255 4036 3418 4075 urna.

2126 4115 2423 4168 Truncatus
2452 4114 2722 4179 moritur;
2752 4112 2850 4167 sed
2879 4112 3013 4166 vita:
3039 4110 3182 4166 dona
3210 4115 3454 4165 meretur
3470 4127 3490 4172 ;

2123 4207 2239 4258 Hoc
2269 4200 2548 4257 mausoleo
2581 4209 2887 4257 reverenter
2916 4200 3140 4256 condita
3167 4199 3334 4268 digno
3365 4221 3384 4267 ;

2122 4295 2360 4348 Incestus
2390 4291 2660 4362 reprobat.
2695 4290 2968 4346 Simonias
2996 4297 3048 4346 et
3073 4291 3212 4361 quia
3240 4289 3490 4344 damnat.

2122 4380 2403 4436 Similiter
2434 4380 2620 4436 tribus
2652 4380 2784 4436 aliis
2814 4378 3080 4435 versibus
3133 4395 3312 4448 super
3367 4376 3576 4432 lavello
3621 4377 3705 4432 lo-

2050 4470 2254 4525 candis
2302 4470 2502 4525 deesse
2557 4469 2786 4524 videtur
2852 4471 3028 4539 caput
3079 4484 3092 4533 ;
3171 4465 3328 4536 quod
3387 4468 3444 4520 et
3499 4465 3703 4520 eodem

283 4557 468 4613 nibus
498 4558 853 4630 magnisque
883 4557 1446 4628 caeremoniis,quasi
1479 4575 1692 4612 novum
1724 4563 1942 4632 marty-
1972 4576 2019 4639 D
2049 4559 2272 4614 Arialdi
2303 4559 2598 4631 epitaphio
2629 4558 2713 4613 sic
2745 4557 3060 4613 mutuabor
3091 4572 3103 4609 :

280 4660 410 4702 rem
443 4645 824 4712 celebrantes,
866 4647 1238 4719 phantastica
1289 4646 1480 4701 delusi
1537 4647 1793 4718 imagine
1854 4650 1941 4719 (ut

276 4737 490 4807 postea
518 4734 576 4789 in
609 4739 868 4806 tempore
885 4736 1079 4806 quarti
1107 4735 1366 4790 Anselmi
1397 4735 1818 4807 archiepiscOpi
1840 4755 1936 4809 ap-

271 4823 496 4895 paruit)
526 4823 729 4880 sedulo
761 4841 828 4880 ac
859 4824 1058 4880 devote
1088 4823 1374 4880 colebant.
1437 4824 1577 4880 Cum
1615 4825 1771 4880 enim
1805 4831 1936 4898 post

272 4911 581 4969 biennium
615 4931 732 4970 suae
764 4913 1225 4970 consecrationis
1263 4937 1283 4962 ν
1322 4914 1404 4984 (id
1436 4919 1526 4970 est
1583 4931 1736 4969 anno
1798 4916 1937 4971 1099

271 5001 606 5057 secundum
638 5019 836 5058 meum
869 5002 1009 5058 alibi
1047 5002 1362 5072 calculum,
1394 5003 1570 5058 etiam
1594 5021 1628 5058 a
1649 5003 1934 5060 Puricello

274 5104 416 5162 pag.
447 5091 942 5163 382,probatum,)
978 5112 1006 5142 «
1037 5108 1194 5158 cum,
1227 5092 1492 5163 inquam,
1516 5092 1794 5148 dominus
1817 5098 1930 5148 An-

271 5176 502 5235 selmus
532 5180 751 5236 Arialdi
775 5198 910 5237 ossa
931 5198 996 5236 ac
1021 5180 1517 5253 corpus,qualiter
1537 5181 1689 5237 male
1711 5181 1851 5236 olim
1876 5182 1933 5236 in

270 5265 522 5323 veritate
539 5268 1778 5340 fuissentbumata,comperisset,curialiter
1799 5287 1932 5325 cum

273 5355 486 5429 paucis
513 5356 740 5414 clericis
769 5359 840 5413 ad
870 5357 1066 5413 locum
1097 5359 1344 5414 tendens
1376 5375 1511 5415 ossa
1553 5375 1680 5430 quae
1720 5358 1934 5414 habere

275 5444 472 5517 potuit
507 5444 812 5519 colligens,
843 5447 903 5502 in
933 5445 1177 5502 ecclesia
1202 5446 1260 5501 S.
1297 5447 1553 5520 Dionysii
1586 5447 1867 5502 humavit.
1903 5469 1930 5496 ››

277 5532 505 5598 Quibus
526 5535 739 5591 verbus
759 5535 992 5591 videtur
1020 5534 1455 5604 indicari,istud
1481 5537 1637 5609 quod
1668 5535 1929 5593 Heriem-

277 5621 493 5682 baldus
507 5624 894 5694 transtulit,et
905 5624 1058 5698 apud
1077 5624 1358 5682 Sanctum
1373 5625 1605 5684 Celsum
1617 5625 1932 5684 tumulavit

2049 4648 2189 4703 Dum
2217 4650 2434 4704 veneris
2464 4663 2642 4703 servos
2671 4647 2924 4717 reprimit
2948 4645 3297 4714 Simonisque
3325 4641 3569 4712 maligni
3590 4660 3608 4700 .-

2046 4736 2261 4792 Deinde
2284 4737 2908 4808 subjungam,sensum
2927 4736 3222 4803 utcunque
3239 4731 3544 4787 habituros
3562 4735 3697 4787 tres.

2118 4828 2213 4881 His
2232 4827 2469 4896 geminis
2498 4825 2680 4879 causis
2711 4822 2968 4877 Arialdus
2989 4837 3182 4892 passus
3211 4821 3278 4875 ab
3305 4821 3447 4887 istis,

2114 4916 2324 4986 Martyr
2352 4917 2410 4968 in
2442 4914 2674 4969 ecclesia
2702 4913 2889 4967 Levita
2917 4910 3228 4967 reconditus
3255 4910 3388 4966 ista.

2117 5003 2420 5059 Transtulit
2450 5002 2738 5056 Anselmus
2762 5003 2954 5072 pastor
2981 5001 3294 5056 venerabile
3323 5014 3539 5069 corpus.

2115 5094 2208 5148 32.
2257 5093 2419 5148 Istaec
2468 5096 2766 5162 utcunque
2823 5089 3166 5157 sehabeant,
3200 5088 3428 5160 allegat,
3488 5103 3546 5157 p.
3613 5087 3696 5151 14,

2043 5180 2833 5249 Puricellus,commodatum
2867 5180 2978 5235 sibi
3011 5197 3122 5234 ms.
3159 5200 3186 5228 «
3220 5178 3292 5232 de
3313 5173 3700 5245 archiepisco-

2042 5271 2132 5343 pis
2165 5269 2720 5335 Mediolanensibus,
2748 5286 2782 5323 a
2810 5272 2865 5324 S.
2901 5269 3167 5323 Barnaba
3199 5281 3386 5336 usque
3415 5263 3488 5317 ad
3518 5262 3696 5317 Joan-

2043 5376 2176 5414 nem
2209 5357 2672 5423 Arcimboldum,
2706 5379 2734 5406 »
2766 5356 2822 5411 id
2855 5361 2943 5411 est
2972 5371 3160 5427 usque
3178 5354 3248 5408 ad
3280 5367 3501 5406 annum
3535 5350 3694 5414 1550,

2043 5471 2070 5497 ‹‹
2105 5448 2321 5518 quibus
2373 5447 2573 5503 addita
2602 5450 2741 5501 sunt
2789 5445 3058 5516 quaedam
3091 5460 3158 5499 ex
3207 5439 3464 5497 collectis
3493 5455 3596 5512 per
3625 5439 3692 5495 N.

2043 5537 2366 5592 Fontanam
2403 5555 2414 5591 :
2452 5559 2479 5584 ››
2512 5535 2607 5591 hic
2630 5551 2761 5590 vero
2801 5557 2820 5582 «ι
2848 5550 2917 5588 ex
2965 5532 3207 5588 Andreas
3257 5527 3466 5584 Alciati
3525 5528 3692 5583 Anti-

2042 5625 2269 5698 quario,
2315 5649 2342 5674 »
2393 5626 2462 5682 ad
2518 5642 2730 5683 nomen
2788 5621 3074 5680 Guidonis
3132 5617 3576 5692 archiepiscopi,
3610 5617 3693 5674 sic
