4152 6194
414 297 604 369 nos:

1530 297 1642 368 SS.
1687 302 2005 368 ARIALDI
2047 299 2158 369 Με
2190 301 2702 371 DRLEMBALDI

3663 292 3852 366 {00“

411 441 575 496 notat
601 453 614 493 :
656 456 680 490 ι
713 433 837 492 Sub
863 430 972 492 hoc
1003 429 1270 492 Guidone
1323 432 1394 492 de
1421 432 1622 492 Velate
1666 437 2056 504 Valvassorio,
2088 438 2142 504 Α
2172 454 2411 510 corpore
2442 441 2500 495 S.
2524 436 3082 494 Arialdi'conten’tu‘s
3108 431 3354 504 abierit;
3383 427 3496 491 hoc
3511 445 3648 491 vero
3677 433 3825 507 quid

411 528 629 584 Arialdi
661 543 729 582 ex
775 525 997 582 Alciata
1041 529 1212 598 gente
1261 525 1618 597 sepulcrum.
1682 525 1919 582 Delatus
1967 531 2054 582 est

409 618 560 674 inter
589 617 753 673 divos
783 616 855 671 ab
886 614 1212 670 Alexandro
1241 613 1586 686 Il,sepultus
1610 614 1665 669 in
1696 615 1760 670 D.
1794 615 2052 688 Dionysii

408 706 635 762 tumulo
667 721 1027 771 marmoreo;
1062 703 1160 758 sed
1196 702 1544 758 millessimo
1579 703 2052 776 quingentesimo

405 800 628 862 octavo,
662 811 698 849 a
743 791 1028 848 Ludovico
1087 792 1430 848 duodecimo
1486 793 1836 848 Francorum
1895 809 2047 866 rege,

407 883 657 939 Parisios
691 898 792 953 pro
843 897 1081 952 corpore
1112 881 1170 936 S.
1203 879 1444 936 Dionisii
1500 881 1848 936 translatum
1879 885 1986 936 est.
2023 905 2050 929 »

403 971 611 1028 Melius
627 976 821 1026 tamen
842 970 1108 1024 fortassis
1125 974 1426 1025 notaretur
1440 986 1511 1024 an
1523 987 1632 1025 nus
1654 971 2053 1042 1509,quando

403 1061 460 1117 in
496 1061 766 1116 lnsubria
796 1073 990 1130 regem
1015 1059 1193 1113 fuisse
1225 1063 1474 1124 constat,
1511 1059 1908 1114 Maximiliano
1938 1059 2052 1114 im-

404 1150 650 1222 peratori
686 1148 1059 1220 pontiﬁcique
1087 1147 1244 1201 Julio
1277 1153 1479 1201 contra
1525 1147 1774 1202 Venetos
1806 1148 2051 1203 fmdera-

403 1245 560 1305 tum;
603 1238 702 1293 ubi
725 1238 866 1292 inito
889 1237 959 1292 ad
1001 1236 1216 1291 ﬂumen
1238 1236 1504 1290 Adduam
1531 1234 2048 1306 praelio,victoriam

402 1327 700 1398 ingentem
733 1324 946 1380 retulit.
973 1325 1216 1379 Videtur
1235 1330 1429 1379 autem
1463 1340 1560 1377 rex
1586 1323 1823 1394 petiisse
1842 1341 2052 1395 corpus

401 1421 457 1470 S.
491 1415 748 1487 Dionysii
780 1413 1248 1474 Medionalensis,
1282 1417 1344 1466 ut
1386 1411 1580 1482 ipsum
1603 1413 1878 1482 jungeret
1908 1413 2050 1467 duo-

404 1504 516 1559 bus
545 1503 676 1558 aliis
718 1503 813 1556 SS.
847 1499 1162 1571 Dionysiis,
1216 1498 1528 1554 Parisiensi
1573 1499 1815 1564 scilicet,
1875 1517 2051 1572 quem

401 1590 809 1662 Areopagitam
839 1588 1052 1660 vulgus
1081 1588 1438 1654 credebat,et
1463 1588 1898 1644 Corinthiorum
1930 1591 2051 1661 epi-

403 1695 598 1751 scopo,
625 1679 695 1734 de
715 1678 886 1748 cujus
908 1692 1146 1749 corpore
1171 1676 1309 1732 illuc
1333 1677 1442 1732 sub
1462 1694 1680 1732 annum
1703 1677 1840 1733 1215
1860 1684 2051 1734 trans-

402 1769 518 1825 lato
547 1767 1098 1840 egit‘Henscbenius
1127 1769 1160 1820 8
1195 1767 1428 1838 Aprilis,
1463 1768 1564 1824 sed
1598 1767 2050 1840 deprecantibus

404 1875 476 1915 ne
505 1857 604 1914 illo
635 1856 869 1913 tutelari
920 1873 1025 1912 suo
1069 1855 1436 1927 privarentur
1492 1856 2048 1924 Mediolanensibus,

2166 543 2336 598 porro
2371 527 2588 583 factum
2617 527 2711 594 sit,
2745 527 3030 582 hactenus
3058 541 3176 582 non
3207 524 3398 597 potuit
3419 523 3706 580 invenire.

2234 617 2321 671 33.
2357 617 2528 672 Aliud
2561 616 2905 688 epitahium,
2939 617 3039 671 sed
3094 615 3290 671 nescio
3323 629 3397 669 an
3458 629 3574 668 non
3635 611 3708 666 ab
3743 612 3831 684 ip-

2165 708 2352 760 somet
2370 705 2588 761 Alciato
2605 705 3178 776 compositum,certe
3195 704 3254 757 in
3280 701 3642 775 praelaudato
3659 699 3830 757 illius

2167 793 2511 866 Antiquario
2542 812 2575 850 a
2606 795 2867 850 Fontana
2894 792 3352 864 transcriptum,
3380 795 3437 846 et
3479 791 3636 846 forte
3687 789 3830 846 nus-

2165 899 2341 954 quam
2377 883 2657 954 positum,
2691 882 2774 938 sic
2799 881 3004 937 recitat
3033 879 3376 946 Puricellus,
3407 895 3541 952 pag.
3577 881 3665 934 15.

2694 987 2937 1026 ARIALDO
2978 984 3243 1025 DIACONO.

2166 1060 2290 1127 Qui,
2322 1076 2482 1128 nemo
2501 1069 2562 1114 ut
2591 1061 2810 1127 melius,
2842 1060 3026 1114 divini
3043 1060 3276 1130 mystica
3305 1057 3484 1112 verbis

2237 1149 2498 1212 Tradidit,
2530 1153 2580 1203 et
2602 1150 2795 1219 populi
2821 1148 2968 1203 solus
2997 1149 3056 1202 in
3088 1155 3180 1201 ore
3206 1149 3316 1218 fuit
3335 1162 3357 1207 ,°

2164 1239 2268 1305 Qui
2293 1238 2439 1309 lapso
2467 1241 2646 1292 meres
2663 1236 3096 1308 diciplinamque
3115 1235 3380 1290 cadenten

2234 1329 2306 1381 Et
2341 1326 2533 1397 Thyasi
2559 1342 2769 1380 errores
2797 1327 3069 1396 corrigere
3098 1327 3227 1380 erat
3247 1341 3270 1387 ς

2162 1417 2260 1470 Hic
2288 1416 2546 1470 Arialdus
2571 1415 2747 1470 adest.
2776 1414 2890 1469 Heu
2918 1415 3090 1481 noxia
3119 1415 3231 1468 vita
3255 1417 3570 1478 nocentum,

2236 1505 2372 1572 Quae
2398 1519 2670 1560 censorem
2709 1503 2888 1558 ullum
2903 1506 3062 1574 ferre
3085 1502 3315 1556 molesta
3338 1503 3566 1571 nequit!

2165 1593 2315 1647 Clam
2347 1601 2588 1664 raptum,
2617 1599 3034 1664 appen'sumque
3057 1591 3240 1657 molae,
3269 1589 3590 1661 prejecit'in
3639 1590 3826 1644 undas

2237 1683 2486 1747 Verbani,
2519 1687 2578 1738 ut
2609 1681 2824 1750 rapidis
2853 1681 3098 1753 piscibus
3121 1695 3246 1736 esea
3268 1682 3416 1750 foret
3449 1696 3463 1734 :

2149 1771 2375 1827 Deinde
2403 1771 2818 1839 sed'invenmm,
2843 1775 3006 1842 atque
3033 1769 3212 1826 illaesa
3241 1777 3488 1838 corpore,
3523 1768 3749 1838 templi:

2231 1859 2323 1913 Est
2350 1859 2581 1930 dignata
2602 1875 2811 1914 novum
2831 1863 3086 1930 martyre
3101 1857 3410 1929 posteritas.

1602 2114 2611 2254 APPEND‘lX.

1907 2337 2322 2355 ψ

1112 2437 1202 2492 DE
1241 2429 1671 2494 VENERABILI
1713 2436 2069 2496 LIPRANDO
2110 2439 2573 2498 PRESBYTERO
2616 2437 3097 2497 CONFESSORE.

1907 2599 2314 2614 ——-

392 2732 422 2800 §
453 2731 494 2787 Ῑ.
529 2728 890 2787 Grossulanus
920 2727 1168 2784 Ansclmi
1190 2742 1478 2800 succeuor
1507 2725 1767 2781 Simoniae
1822 2727 2046 2780 convin-

939 2801 1085 2854 citur
1099 2797 1311 2870 judicio
1337 2799 1501 2867 ignis.

468 2910 519 2964 1.
552 2913 695 2964 Cum
737 2907 933 2963 senior
993 2905 1316 2962 Landulfus
1369 2928 1395 2954 ‹‹
1455 2905 1794 2976 Leoprando
1851 2919 2044 2959 sacer-

394 2997 536 3063 doti,
562 3019 590 3046 ››
623 2994 1096 3062 Heriembaldum
1140 2999 1398 3050 extremo
1419 2992 1748 3049 discrimini
1771 3009 1832 3048 se
1856 3015 1883 3044 ‹‹
1907 3009 2042 3048 cum

391 3087 596 3160 paucis
627 3085 870 3142 armatis
905 3107 931 3133 »
959 3084 1332 3156 objicientem
1354 3083 1650 3150 comitate,
1676 3082 1906 3138 crimini
1939 3083 2042 3136 du-

392 3180 485 3231 cat
515 3176 669 3248 apud
694 3172 1066 3240 Puricellum,
1087 3172 1476 3245 pag.13,quod
1510 3195 1536 3221 ‹‹
1563 3177 1618 3227 et
1648 3172 1773 3243 ipse
1804 3188 2037 3227 crucem

390 3282 565 3321 manu
597 3265 864 3338 gestabat
894 3261 1149 3336 propria,
1182 3279 1296 3318 non
1357 3265 1422 3316 ut
1449 3260 1734 3317 bellantes
1786 3261 2036 3326 sedaret,

391 3354 493 3409 sed
521 3358 587 3408 ut
615 3353 899 3408 bellantes
928 3369 1068 3407 suos
1126 3353 1318 3423 potius
1349 3351 1638 3418 incitaret,
1681 3349 1950 3405 hostibus
1981 3353 2039 3404 et

385 3443 512 3513 ipse
541 3441 765 3510 hostis;
801 3463 827 3489 »
850 3457 1025 3511 quem
1055 3445 1361 3511 propterea
1392 3439 1634 3494 naribus
1679 3436 2038 3509 auribusque

389 3528 731 3585 mutilatum
763 3527 1040 3594 vidimus,
1073 3532 1131 3582 et
1160 3528 1516 3598 martyribus
1577 3544 1611 3581 a
1667 3527 1725 3582 S.
1759 3525 2037 3598 Gregorio

387 3635 538 3692 papa
565 3617 665 3674 VII
713 3620 1140 3688 comparatum,
1176 3615 1362 3686 placet
1391 3616 1657 3686 ejusdem
1689 3620 1848 3679 acta,
1891 3632 2035 3686 qua.

384 3711 558 3764 tenus
585 3706 779 3780 colligi
811 3722 879 3761 ex
912 3704 1194 3761 Puricello
1247 3709 1535 3776 poterunt,
1589 3704 1659 3759 ad
1709 3708 2032 3759 extremum

384 3797 684 3869 prosequi,
713 3799 775 3864 et
806 3793 1073 3851 Landulﬁ
1105 3793 1278 3849 istius
1336 3791 1804 3848 maledicentiam
1858 3793 2034 3848 rebus

384 3885 496 3956 ipsi
528 3901 877 3956 coarguere;
911 3885 982 3939 ob
1014 3899 1162 3954 quas
1206 3886 1261 3938 et
1292 3881 1364 3937 ob
1422 3882 1804 3938 confessionis
1835 3881 2032 3938 catho-

383 3973 506 4028 licae
538 3973 836 4037 meritum,
868 3972 1091 4044 primas
1121 3969 1231 4026 fuit
1286 3970 1346 4044 in
1405 3971 1815 4035 aastimatione,
1875 3971 2045 4043 apud

381 4078 587 4117 omnes
610 4060 938 4132 apostolicae
953 4061 1119 4116 sedis
1141 4059 1378 4127 fideles;
1414 4060 1570 4131 quod
1602 4058 1920 4115 Landulfus
1934 4060 2048 4130 ju--

381 4148 510 4205 nior
537 4165 670 4221 pag.
705 4148 810 4204 388
841 4150 996 4220 apud
1030 4148 1383 4204 Puricellum
1428 4149 1596 4204 nobis
1628 4153 1895 4215 testatur,
1930 4148 2028 4203 ubi

379 4239 462 4294 ita
490 4237 698 4304 scribit
729 4254 743 4292 :
779 4259 807 4288 «
838 4243 992 4293 Cono
1045 4254 1164 4304 rex,
1214 4237 1316 4310 qui
1346 4239 1486 4292 dum
1546 4239 1830 4294 Henricus
1865 4241 2032 4309 pater

377 4327 528 4398 ejus,
549 4347 590 4376 ‹››
626 4325 891 4382 Ecclesia:
921 4325 1152 4383 rebellis
1183 4332 1239 4382 et
1290 4326 1849 4395 excommunicatus,
1886 4347 1915 4377 (ι
1946 4326 2028 4381 vi-

2157 2727 2379 2799 absque
2408 2727 2526 2784 ullo
2560 2743 2801 2784 rancore
2855 2728 2915 2783 in
2957 2725 3322 2798 beneplacito
3352 2726 3455 2784 Dei
3511 2731 3569 2784 et
3618 2728 3819 2801 ipsius

2157 2817 2312 2889 regis
2341 2817 2665 2889 respondit.
2702 2840 2729 2866 »

2223 2908 2275 2960 2.
2312 2905 2373 2960 In
2407 2906 2622 2978 quibus
2678 2905 2871 2962 verbis
2901 2908 3036 2961 ante
3085 2905 3284 2961 omnia
3331 2906 3683 2971 notandum,
3740 2921 3812 2963 ex

2156 2993 2396 3066 Hugone
2425 2993 2777 3050 Flaviacensi
2835 2993 2991 3065 apud
3031 2993 3320 3066 Cangium
3368 2992 3432 3049 in
3486 2992 3808 3060 Glossaria.

2155 3084 2332 3154 quod,
2358 3107 2385 3132 α
2419 3084 2467 3139 si
2492 3084 2625 3155 quis
2654 3087 2828 3152 esset,
2864 3082 2966 3154 qui
2985 3082 3261 3155 Gregorio
3283 3083 3812 3150 communicaret,»

2148 3173 2445 3244 (idemque
2477 3173 2546 3228 de
2578 3169 2808 3228 Urbano
2841 3171 3122 3245 intellige,
3180 3173 3309 3244 ejus
3341 3176 3474 3244 post
3511 3171 3811 3230 Victorem

2147 3262 2525 3331 successore,)
2557 3284 2585 3311 «
2636 3261 2731 3317 hic
2762 3261 3090 3329 haereticus,
3126 3260 3460 3316 destructor
3504 3261 3700 3333 regni,
3752 3265 3814 3318 et

2145 3351 2403 3421 quodam
2434 3349 2814 3406 adinventitio
2845 3349 3082 3405 nomine
3106 3349 3413 3405 Paterinus
3442 3349 3810 3405 dicebatur.»

2145 3439 2262 3495 Hoc
2293 3439 2502 3495 deinde
2533 3438 2772 3495 nomine
2797 3439 2870 3494 ad
2931 3439 3276 3494 Waldenses
3307 3438 3573 3509 aliosque
3619 3437 3812 3494 bere-

2144 3529 2293 3584 ticos
2322 3528 2554 3597 transit,
2604 3529 2677 3584 de
2706 3527 2922 3600 quibus
2950 3528 3080 3584 vide
3113 3528 3249 3583 loco
3283 3528 3460 3584 citato
3491 3527 3807 3600 Cangium,

2143 3617 2504 3690 opinantem,
2538 3621 2618 3673 ita
2648 3621 2790 3672 tunc
2849 3617 3038 3689 primo
3085 3617 3276 3672 dictos
3325 3615 3549 3684 ﬁdeles,
3579 3639 3610 3666 «
3641 3617 3800 3688 quod
3835 3636 3838 3639 ·

2143 3724 2327 3780 papae,
2361 3723 2534 3779 quem
2567 3710 2792 3779 patrem
2825 3705 3218 3778 appellabant,
3251 3705 3632 3761 adhaererent.
3671 3728 3700 3754 υ
3734 3709 3803 3760 Et

2142 3795 2252 3850 hoc
2281 3795 2340 3849 in
2373 3812 2550 3851 sensu
2575 3812 2716 3867 pag.
2766 3796 2921 3862 300,.
2951 3792 3424 3849 Herlembaldum
3474 3793 3800 3850 Landulfus

2141 3884 2336 3941 senior
2363 3883 2720 3958 inculpabat,
2751 3885 2906 3956 quod
2937 3900 3040 3956 per
3067 3884 3200 3954 ejus
3228 3882 3572 3954 potentiam,
3600 3881 3796 3938 schis—

2142 3973 2370 4030 maticis
2403 3973 2523 4046 regi
2553 3973 3281 4044 adhaerentibus-exosam,
3333 3993 3360 4022 ››
3386 3959 3794 4028 Patarinorum

2139 4063 2199 4118 in
2231 4067 2459 4119 tantum
2484 4062 2737 4118 excrevit
2767 4077 3050 4117 numerus
3084 4065 3261 4133 atque
3288 4060 3504 4126 virtus,
3529 4062 3589 4117 in
3629 4061 3793 4134 pagis

2137 4157 2195 4208 et
2223 4153 2472 4224 Oppidis,
2507 4169 2571 4207 ac
2600 4151 2960 4223 quibusdam
2990 4151 3137 4206 duce
3165 4149 3293 4221 ipso
3325 4149 3386 4204 in
3417 4149 3686 4215 urbibus,
3721 4152 3788 4203 ut

2137 4257 2378 4297 suorum
2411 4241 2702 4296 videretur
2731 4239 2997 4296 omnium
3026 4239 3333 4294 'dominus
3376 4237 3724 4294 concivium.
3761 4260 3789 4285 »

2139 4332 2257 4403 Ego
2289 4330 2576 4386 seniorem
2611 4328 2966 4385 Landulfum
2989 4329 3072 4383 ita
3098 4326 3259 4398 loqui
3288 4344 3404 4384 non
3437 4327 3663 4394 miror;
3694 4326 3798 4383 sed

375 4420 591 4486 voret,»
616 4417 900 4473 suadente
921 4415 1156 4472 Urbano
1192 4432 1342 4488 papa
1362 4415 1464 4484 ll,“
1493 4431 1597 4488 per
1618 4415 2024 4471 contractatio-
2059 4423 2106 4488 D
2127 4416 2449 4489 juniorem,
2481 4417 2826 4488 scriptorem
2857 4413 3234 4481 catholicum,
3283 4419 3344 4471 et
3373 4414 3655 4492 Liprandi
3705 4429 3803 4471 ne-

376 4521 513 4562 nem
546 4504 846 4561 Mathildis
876 4505 1206 4571 comitissae,
1262 4509 1320 4561 et
1347 4503 1610 4560 ofﬁcium
1640 4504 1896 4560 Anselmi
1957 4506 2040 4560 de'

376 4593 627 4650 Chode»
659 4593 1110 4651 Mediolanensis
1137 4593 1581 4666 archiepiscopi,
1615 4618 1642 4643 ‹‹
1703 4594 2027 4650 et-Armani

375 4683 714 4750 Briviensis,
750 4683 857 4738 fuit
885 4691 1200 4740 coronatus
1225 4683 1524 4739 Modoetize
1555 4683 1613 4738 in
1671 4683 1918 4739 ecclesia
1960 4685 2021 4740 'S.

373 4771 666 4826 Ambrosii
705 4789 860 4826 anno
893 4773 1048 4839 1093,
1073 4772 1144 4826 ad
1180 4771 1389 4827 horum
1419 4772 1764 4844 pontificum
1787 4773 2026 4828 ordina-

374 4859 595 4914 tionem
630 4875 745 4913 non
769 4861 1056 4931 respexit;
1091 4861 1191 4916 sed
1227 4877 1478 4933 regnans
1500 4861 1555 4914 in
1584 4859 1732 4926 loco,
1755 4861 1854 4934 qui
1887 4862 2028 4917 Bur-

373 4964 486 5020 gus
508 4946 848 5002 S.Domnini
871 4948 1138 5016 dicitur,»
1164 4949 1466 5021 (oppidum
1488 4955 1578 5005 est
1596 4951 1852 5006 medium
1874 4951 2028 5006 inter

372 5034 731 5090 Placentiam
782 5039 848 5091 et
875 5036 1196 5104 Parmam,)
1229 5059 1256 5086 «
1297 5037 1442 5092 vidit
1497 5039 1900 5111 presbyterum
1932 5038 2023 5094 Li-

373 5123 687 5196 prandum,
717 5131 956 5196 propter
985 5125 1278 5180 Patariam
1309 5141 1450 5182 naso
1481 5131 1538 5182 et
1585 5128 1827 5184 auribus
1857 5133 2023 5183 trun-

372 5218 590 5279 catum,
623 5218 860 5270 euntem
880 5214 954 5270 ad
990 5214 1284 5269 Urbanum
1312 5230 1616 5270 romanum
1650 5215 2022 5288 pontiﬁcem;

370 5301 464 5356 cui
492 5303 820 5374 presbitero
852 5321 947 5360 rex
978 5304 1106 5375 ipse
1134 5319 1268 5358 cum
1294 5303 1596 5359 devotione
1627 5304 1821 5376 inquit
1843 5323 1854 5359 :
1876 5307 2020 5361 Cum

372 5391 454 5446 sis
488 5393 769 5463 magister
800 5392 1230 5459 Patarinorum,
1264 5392 1404 5464 quid
1463 5393 1648 5448 sentis
1680 5395 1750 5448 de
1791 5394 2024 5465 pontiﬁ-

371 5479 539 5535 cibus
568 5485 638 5535 et-
654 5481 1076 5549 sacerdotibus,
1097 5482 1263 5553 regia
1286 5483 1426 5553 jura
1474 5482 1934 5551 possidentibus,
1965 5487 2051 5552 et;

372 5569 500 5644 regi.
517 5569 680 5625 nulla
697 5568 977 5628 alimenta
997 5571 1412 5644 praestantibus
1433 5569 1460 5623 ?
1481 5571 1549 5626 Et
1575 5570 1876 5644 presbyter
1896 5571 1910 5626 i
1920 5589 2022 5646 pse
2068 5611 2072 5614 -

2139 4510 2329 4578 potem
2351 4505 2431 4559 uti
2467 4505 2706 4560 Pataris:
2735 4502 3016 4560 vocabulo
3046 4521 3059 4559 :
3085 4520 3184 4559 rex
3214 4519 3372 4572 vero,
3396 4503 3550 4560 inter
3569 4518 3820 4560 διαθεῖν

2138 4593 2507 4650 municatum
2529 4599 2751 4664 patrem
2774 4608 2949 4648 suum
2977 4596 3034 4648 et
3057 4592 3364 4649 Urbanum
3385 4608 3601 4665 papam
3627 4592 3804 4664 quasi

2137 4683 2387 4750 medius,
2411 4682 2641 4738 videtur
2670 4687 2978 4754 suspectos
2999 4681 3281 4738 habuisse
3299 4681 3489 4738 dictos
3518 4681 3577 4736 in
3611 4682 3804 4753 patris

2137 4772 2270 4828 aula
2304 4771 2641 4839 Patarinos;
2676 4770 2896 4844 illoque
2929 4770 3167 4828 nomine
3188 4772 3367 4827 etiam
3394 4786 3542 4828 usus
3572 4769 3635 4825 in
3666 4785 3802 4835 sua,

2135 4866 2427 4934 quatenus
2454 4877 2557 4933 per
2581 4876 2682 4917 eos
2742 4861 3050 4916 videbatur
3109 4859 3270 4933 regia
3299 4863 3564 4932 potestas
3606 4860 3806 4916 immi-

2135 4950 2260 5019 nui,
2293 4954 2469 5022 atque
2499 4967 2603 5023 pro
2635 4953 2797 5022 parte
2837 4951 2894 5006 in
2943 4965 3158 5022 papam
3216 4949 3544 5006 transferri.
3607 4949 3803 5006 Et'Li-

2135 5040 2397 5112 prandus
2427 5039 2668 5112 quidem
2690 5039 3072 5112 interroganti
3094 5039 3215 5111 regi
3244 5053 3599 5118 responsum
3629 5037 3797 5097 haud

2134 5128 2432 5201 ingratum
2453 5128 2616 5184 visus
2633 5132 2767 5184 erat
2795 5127 3124 5184 reddidisse
3148 5147 3162 5197 ;
3195 5151 3224 5178 ‹‹
3248 5131 3660 5184 verumtamen
3703 5125 3800 5188 ιι-

2135 5221 2259 5273 tera
2279 5216 2374 5272 die
2396 5217 2618 5272 faciens
2667 5217 2777 5272 iter
2797 5233 3142 5285 suum,cum
3165 5216 3507 5289 presbytero
3530 5213 3801 5272 Arualdo

2133 5306 2414 5379 magistro
2435 5305 2771 5361 scholarum
2794 5305 3407 5373 Mediolanensium,et
3429 5309 3572 5377 Syro
3609 5317 3804 5362 sacer

2131 5396 2263 5452 dote
2295 5394 2551 5450 ecclesias
2577 5395 2634 5450 S.
2670 5395 2864 5450 Mariae
2898 5395 3356 5468 Podoni,captus
3377 5397 3470 5450 est
3488 5392 3572 5449 ab‘
3591 5392 3820 5450 homi-r

2133 5484 2310 5540 nibus
2339 5483 2674 5540 Parmensis
2724 5485 2983 5558 episcopi
3023 5503 3037 5553 ;
3086 5507 3114 5536 »
3147 5496 3340 5558 quem'
3380 5483 3519 5542 hinc
3543 5487 3808 5556 apparet”

2132 5572 2576 5631 echismaticum
2607 5571 2788 5631 fuisse
2827 5578 2896 5632 ut
2917 5572 3503 5647 dolere'magaopere
3537 5572 3823 5630 non-do;-
