4152 6194
311 281 471 347 15οθ

1871 293 2126 366 .ACTA.

3558 319 3715 384 1510

311 419 757 491 accendebatur,
789 425 936 481 dixit
968 444 981 482 :
1016 425 1131 484 Vos
1189 433 1395 502 praeter
1439 448 1530 488 me
1563 450 1678 489 non
1726 435 1965 491 cernitis
1993 445 2043 504 Α
2076 435 2372 494 dotalibus
2405 439 2662 497 vestibus
2697 439 2867 499 lineis
2925 460 2990 500 ac
3045 445 3266 515 sericis,
3319 451 3532 521 quibus
3594 458 3718 508 erat

309 508 693 577 sacerdotem,
715 513 815 584 qui
838 514 994 571 hunc
1017 517 1210 590 ignem
1235 521 1538 577 benedicat
1561 541 1574 589 ;
1603 524 1702 579 sed
1727 525 1963 579 cernitis

306 596 569 652 chartam
600 598 752 656 hanc
773 621 949 675 quam
983 609 1170 675 teneo,
1203 609 1262 663 in
1295 627 1412 681 qua
1440 617 1644 667 sancta
1685 613 1861 668 verba
1908 617 1964 668 et

307 684 480 757 signa
509 693 722 746 sancta:
754 693 943 748 crucis
1003 696 1399 753 continentur.
1439 700 1506 754 Et
1534 717 1639 772 ego
1699 701 1964 756 minister

303 772 430 830 hmo
463 777 629 848 signa
661 777 906 837 inferius
955 783 1146 840 dicam
1180 792 1237 841 et
1286 787 1518 857 faciam,
1550 794 1607 844 et
1653 790 1826 858 Deus,
1860 792 1958 862 qui
1995 783 1999 786 ’

304 867 394 918 est
452 864 737 922 Dominus
772 885 961 936 meus,
997 873 1252 946 desuper
1283 875 1476 947 ignem
1517 878 1838 933 benedicat.
1890 881 1961 934 Et

306 951 612 1009 audientes
642 960 698 1010 et
728 957 873 1014 bene
903 959 1298 1034 intelligentes
1322 964 1627 1023 dixerunt:
1659 969 1862 1022 Amen.

380 1040 470 1095 11.
503 1065 532 1091 ‹‹
563 1048 756 1116 Atque
797 1063 929 1102 cum
979 1048 1039 1104 in
1090 1051 1336 1107 circuitu
1396 1053 1549 1126 ignis
1607 1056 1729 1111 haec
1785 1058 1959 1113 verba

301 1127 548 1208 dixisset
577 1137 634 1186 et
661 1133 830 1205 signa
857 1136 1107 1207 fecisset,
1142 1145 1198 1196 et
1246 1158 1459 1213 aquam
1507 1144 1871 1200 benedictam
1904 1163 1933 1202 e

299 1216 608 1274 incensum
647 1238 824 1294 super
882 1225 1100 1298 ignem,
1154 1234 1383 1286 astante
1437 1231 1516 1287 ibi
1575 1234 1952 1303 Grossulano,

302 1305 672 1377 aspersisset,
705 1312 1089 1371 dubitabatur
1129 1318 1199 1373 de
1233 1319 1558 1376 ordinando
1590 1328 1955 1379 sacramento

299 1396 454 1466 apud
482 1398 904 1456 Grossulanum
941 1409 1011 1458 et
1048 1406 1352 1462 Arialdum
1375 1409 1446 1464 de
1473 1410 1822 1484 Meregnano
1853 1413 1953 1483 qui

300 1485 605 1556 eratquasi
629 1490 1077 1558 potentissimus
1099 1495 1370 1568 princeps
1390 1499 1728 1554 Grossulani
1753 1507 1807 1555 et
1829 1517 1955 1572 pro-

297 1577 530 1628 curator
587 1576 821 1645 judicii,
871 1584 928 1635 et
979 1588 1326 1655 exspectans
1387 1588 1792 1660 presbyterum
1853 1607 1956 1661 per

297 1660 492 1733 ignem
525 1669 709 1720 morte
740 1666 915 1735 finiri,
949 1670 1036 1724 vel
1092 1688 1194 1742 per
1245 1674 1494 1730 nimium
1544 1681 1821 1733 terrorem
1855 1660 1950 1732 iad

2073 524 2335 594 indutus,
2362 528 2479 583 sive
2505 530 2562 583 in
2595 530 3101 598 cilicio,laasianem
3140 535 3316 591 ullam
3344 541 3718 598 sensit.Tunc

2072 615 2324 685 populus
2354 616 2540 688 plene,
2570 621 2736 690 quasi
2760 639 2826 676 ex
2844 640 2959 678 uno
2982 623 3336 689 ore,laudem
3365 627 3479 683 Deo
3505 633 3562 684 et
3581 630 3719 686 huic

2071 705 2426 776 presbytero,
2456 712 2616 762 extra
2641 713 2696 764 et
2726 710 2877 765 infra
2909 713 3474 778 civitatem,contulit
3504 733 3517 771 :
3550 718 3720 774 Gros-

2070 791 2315 848 sulanus
2355 811 2487 850 vero
2545 796 2872 869 intrepidus
2923 801 3121 856 sedem
3180 803 3719 877 archiepiscopatus

2069 880 2394 937 deseruitet
2415 883 2706 940 civitatem
2733 905 2746 954 ;
2773 888 2912 958 quia
2933 894 3130 960 aperto
3150 892 3449 947 communi
3489 895 3720 952 civtatis

2068 971 2446 1040 orejuratum
2479 979 2620 1042 erat,
2655 977 2806 1046 quod
2855 979 3065 1032 meutri
3118 996 3341 1046 eorum,
3405 997 3509 1036 nec
3541 982 3714 1039 alicui

2067 1060 2138 1114 de
2165 1065 2329 1131 parte
2352 1059 2611 1128 illorum,
2645 1081 2748 1134 pro
2781 1064 3131 1122 hacactione
3164 1069 3382 1124 malum
3418 1071 3719 1138 fieret,nisi

2067 1148 2223 1218 quod
2255 1147 2538 1206 Dominus
2569 1153 2680 1207 sibi
2731 1153 2961 1210 faceret.
3013 1178 3040 1205 »
3076 1156 3368 1213 Hactenus
3404 1160 3719 1218 Puricellus

2066 1252 2197 1307 pag.
2231 1236 2336 1289 399
2365 1243 2422 1291 et
2452 1255 2613 1311 seqq.

2067 1321 2181 1394 §Il.
2209 1324 2434 1396 Reliqua
2454 1329 2722 1398 Liprandi
2743 1333 2852 1384 vita
2877 1335 2929 1385 et
2949 1348 3031 1387 mc
3042 1350 3094 1385 rs
3116 1336 3400 1390 miraculis
3419 1337 3716 1394 illustrem.

2135 1412 2222 1466 43.
2257 1414 2400 1467 Tam
2434 1414 2796 1471 luculentum
2832 1419 3179 1475 miraculum
3213 1440 3326 1476 non
3359 1424 3565 1479 habuit
3586 1443 3720 1481 con-

2065 1500 2227 1554 tinuo
2261 1517 2495 1557 omnem
2520 1505 2620 1574 qui
2657 1507 3007 1576 sperabatur
3032 1509 3300 1564 effectum
3337 1527 3348 1564 :
3385 1535 3412 1560 «
3445 1514 3544 1568 sed
3580 1515 3719 1585 quia

2063 1589 2371 1658 praesentia
2401 1591 2808 1663 episcoporum
2835 1595 3342 1667 suifraganeorum
3367 1598 3505 1653 huic
3528 1600 3641 1672 legi
3665 1607 3721 1657 et

2062 1675 2360 1748 triumpho
2383 1679 2636 1734 favorem
2661 1681 2886 1754 integre
2909 1700 3024 1738 non
3049 1685 3329 1755 praebuit;
3362 1692 3418 1742 et
3447 1689 3546 1759 qui
3565 1689 3719 1761 ignis

298 1749 610 1807 Dominum
664 1770 842 1811 suum
901 1761 1175 1815 converti.
1230 1763 1358 1833 Ipse
1415 1781 1670 1836 namque
1701 1766 1952 1823 Berardo
1981 1799 2028 1864 B
2064 1782 2303 1821 manum
2334 1769 2675 1840 presbyteri,
2711 1771 2768 1824 in
2803 1773 3139 1843 projicendo
3172 1791 3383 1845 aquam
3419 1779 3476 1830 et
3507 1777 3714 1833 incen-

298 1837 475 1864 :..A:-:
520 1841 737 1864 A-a-__:
800 1844 862 1864 LA
932 1863 937 1864 ,
978 1846 992 1864 ει
1452 1851 1465 1864 ς
2439 1855 2449 1864 .
2694 1858 2703 1864 .
2796 1860 2806 1864 -
3096 1861 3104 1864 .

285 1837 478 1907 judici
509 1841 764 1910 Astensi,
799 1844 950 1901 hanc
978 1846 1165 1920 legem
1218 1867 1332 1906 non
1384 1851 1573 1907 solum
1633 1871 1734 1925 per
1792 1872 1950 1912 mor-

291 1929 434 1994 tem,
486 1930 586 1984 sed
638 1931 814 1988 etiam
874 1952 977 2006 per
1025 1939 1352 2008 quamlibet
1395 1941 1640 2012 ignitam
1673 1942 1945 2001 lzesuram

292 2013 354 2068 in
385 2017 725 2089 presbytero
758 2021 971 2078 factam
1030 2027 1465 2094 condemnanti,
1526 2031 1748 2086 dixerat
1781 2051 1792 2086 :
1828 2035 1944 2088 Ab-

295 2103 374 2158 sit
431 2107 586 2176 quod
643 2106 889 2165 laasura:
933 2113 1034 2168 sed
1083 2114 1276 2187 ignem
1336 2118 1476 2174 adeo
1535 2119 1944 2192 magniﬁcabo,

295 2193 450 2263 quod
483 2195 684 2265 procul
739 2198 940 2256 oculos
990 2201 1144 2272 ignis
1202 2204 1272 2259 de
1329 2206 1516 2277 capite
1573 2208 1700 2278 ejus
1759 2213 1941 2278 eruet,

293 2284 354 2369 et
381 2281 508 2352 ipse
537 2283 670 2355 igne
700 2287 910 2343 ardens
952 2289 1099 2347 cinis
1131 2295 1424 2363 putrefiet.
1486 2298 1754 2355 Attamen
1814 2315 1942 2369 pre-

291 2368 511 2441 sbyter,
569 2388 703 2428 cum
759 2375 1002 2433 vidisset
1057 2395 1158 2435 eos
1238 2383 1307 2437 de
1364 2383 1690 2440 ordinando
1749 2368 1944 2442 sacra-

291 2462 492 2513 mento
523 2460 814 2549 dubitare,
845 2465 989 2521 dixit
1022 2469 1095 2523 ad
1126 2485 1224 2526 eos
1257 2487 1269 2525 :
1300 2470 1478 2528 Sinite
1512 2490 1624 2542 me,
1649 2477 1803 2546 quod
1837 2491 1942 2549 ego

290 2546 440 2602 bene
467 2548 788 2608 ordinabo:
821 2570 926 2608 nec
980 2555 1181 2612 finiam
1240 2566 1699 2627 sacramentum,
1759 2546 1942 2621 donec

286 2634 487 2691 dixero
518 2641 750 2695 tantum
781 2647 1069 2713 quantum
1099 2647 1262 2702 vobis
1294 2649 1659 2706 satisfecerit.
1696 2653 1758 2707 Et
1786 2652 1940 2709 illico

287 2739 578 2782 consensu
638 2744 838 2786 eorum
881 2734 1268 2806 apprehendit
1316 2755 1561 2810 cappam
1611 2740 1940 2799 Grossulari

288 2813 596 2888 ipsamque
629 2821 1206 2889 quassavit,dicens:
1242 2825 1354 2881 Iste
1389 2827 1803 2896 Grossulanus,
1838 2831 1937 2902 qui

287 2903 382 2955 est
409 2903 516 2958 sub
543 2903 656 2959 ista
686 2922 890 2979 cappa,
925 2913 982 2964 et
1011 2928 1125 2968 non
1174 2913 1243 2968 de
1277 2914 1388 2970 alio
1420 2915 1567 2985 dico,
1627 2923 1716 2974 est
1745 2919 1939 2974 Simo-

291 2987 499 3046 niacus
528 2993 597 3048 de
630 2995 1132 3070 archiepiscopatu
1166 3001 1496 3070 Mediolani,
1529 3023 1631 3077 per
1661 3024 1876 3064 munus
1908 3026 1942 3064 a

288 3094 602 3151 manu,per
631 3099 848 3142 munus
880 3104 913 3142 a
942 3087 1274 3161 lingua,per
1295 3109 1510 3148 munus
1532 3096 1603 3150 ab
1634 3097 1934 3168 obsequio.

2060 1869 2192 1908 sum
2231 1871 2407 1926 super
2436 1855 2653 1926 ignem,
2690 1858 2875 1927 laesit;
2907 1865 2984 1926 et,
3007 1861 3148 1932 quia
3179 1878 3280 1933 per
3304 1864 3439 1935 equi
3467 1865 3716 1922 Joannis

2057 1942 2128 1996 de
2154 1943 2310 1997 Rode
2344 1944 2571 1999 nudum
2607 1947 2929 2019 presbyteri
2952 1950 3180 2020 pedem,
3202 1951 3271 2006 de
3293 1951 3426 2023 igne
3450 1957 3716 2012 exeuntis

2057 2031 2200 2085 dure
2232 2030 2476 2086 calcavit
2505 2051 2517 2101 ;
2553 2035 2747 2100 turba,
2781 2036 2967 2092 tristis
2996 2037 3066 2092 de
3089 2054 3228 2093 casu
3261 2044 3318 2094 et
3349 2041 3519 2097 ruina
3547 2042 3716 2099 Gros-

2055 2117 2268 2185 sulani,
2305 2120 2362 2174 in
2395 2123 2801 2194 presbyterum
2833 2130 2890 2179 et
2944 2125 3074 2194 ejus
3122 2126 3307 2198 legem
3367 2134 3497 2200 post
3527 2148 3715 2202 pauca

2055 2207 2554 2277 scandalizavit,et
2581 2213 3294 2280 scandalizando,hortatu
3321 2221 3711 2288 quorumdam

2053 2297 2442 2363 sacerdotum,
2478 2299 2675 2370 prtelia
2704 2306 2760 2355 et
2806 2300 3123 2359 homicidia
3154 2306 3341 2361 multa
3373 2311 3692 2367 commisit.

2057 2385 2282 2440 [nterea
2311 2386 2704 2444 Grossulanus
2737 2390 3043 2446 dominum
3106 2410 3315 2465 papam
3363 2396 3702 2454 Paschalem

2049 2477 2278 2545 gratum
2305 2475 2416 2530 sibi
2441 2477 3065 2551 invenit.Landulphus
3090 2499 3221 2538 vero
3245 2485 3314 2538 de
3335 2484 3699 2557 Vareglate,»

2053 2580 2206 2619 unus
2237 2567 2305 2618 de
2337 2565 2690 2636 supradictis
2721 2567 2940 2636 electis,
2967 2571 3064 2624 sed
3090 2571 3318 2641 rejectis
3342 2580 3581 2646 propter
3601 2577 3702 2630 ab-

2051 2651 2596 2716 sentiam,«rediens
2617 2654 2689 2709 ab
2708 2655 3121 2727 Hierosolymis
3144 2663 3385 2714 Romam
3415 2662 3702 2732 pervenit;

2051 2743 2226 2810 atque
2253 2741 2322 2795 de
2353 2741 2708 2797 Grossulano
2759 2745 2884 2813 jam
2920 2744 3054 2799 inde
3114 2763 3376 2818 regresso
3437 2749 3642 2805 didicit
3675 2772 3702 2799 ››

2050 2826 2156 2898 (uti
2179 2827 2368 2899 legere
2389 2834 2478 2884 est
2497 2830 2555 2883 in
2578 2830 2974 2886 Monumentis
2995 2832 3398 2890 Ambrosianis
3422 2853 3553 2909 pag.
3574 2839 3702 2908 596)

2052 2937 2079 2965 ‹‹
2113 2932 2226 2971 non
2253 2915 2446 2972 solum
2478 2918 2631 2990 quod
2675 2924 2870 2974 actum
2906 2920 3090 2974 fuerat
3117 2921 3429 2978 Mediolani
3466 2931 3699 2996 propter

2048 3005 2536 3060 concertationem
2595 3007 2915 3081 presbyteri
2973 3013 3029 3063 et
3085 3009 3467 3067 Grossulani:
3505 3014 3607 3068 sed
3639 3019 3696 3070 et

2048 3109 2226 3164 quam
2259 3093 2598 3149 solemniter
2630 3100 2926 3151 Romanus
2956 3098 3213 3168 pontifex
3246 3103 3379 3170 post
3409 3101 3523 3154 alia
3546 3101 3698 3156 facta

289 3167 515 3222 Etcum
545 3168 659 3226 illis
711 3173 1018 3231 videbatur
1066 3179 1352 3247 sufﬁcere,
1395 3183 1622 3238 addidit
1654 3203 1666 3239 ;
1703 3164 1829 3258 θείς,
1863 3189 1934 3242 ad
1967 3164 2008 3230 C
2043 3181 2468 3238 Grossulanum
2493 3164 2994 3255 susceperat.....:.
3019 3186 3128 3241 Sed
3152 3164 3348 3242 tamen
3375 3187 3701 3245 Landull‘us

286 3255 567 3313 ﬁduciam
601 3261 870 3318 maleﬁcii
927 3270 1028 3321 aut
1059 3267 1477 3328 incantationis
1505 3272 1594 3329 vel
1638 3275 1940 3343 carminis,

287 3361 404 3399 non
437 3345 590 3402 intro
622 3348 730 3405 hoc
753 3351 1072 3422 judicium.

358 3434 446 3488 12.
474 3457 502 3484 ‹‹
537 3436 710 3494 Facto
741 3439 850 3496 hoc
872 3450 1260 3515 sacramento,
1287 3448 1684 3507 Grossulanus
1711 3469 1943 3510 concor-

291 3521 445 3577 diter
499 3540 719 3596 equum
769 3533 1051 3600 ascendit,
1113 3535 1182 3590 ad
1242 3537 1548 3594 ecclesiam
1607 3541 1664 3596 S.
1696 3542 1942 3599 Joannis

283 3626 412 3703 quae
445 3612 662 3703 dicitur
689 3618 760 3672 ad
795 3619 1086 3678 Concbam
1118 3625 1311 3694 venit;
1336 3627 1606 3685 Arialdus
1637 3647 1766 3686 vero
1797 3649 1940 3703 prae-

283 3697 478 3792 dictus
507 3701 577 3758 de
611 3703 976 3779 Meregrano,
1011 3710 1316 3783 inquirens
1347 3719 1403 3770 et
1440 3697 1941 3792 exspectans-ple-

283 3785 612 3845 nitudinem
641 3791 817 3864 ignis,
875 3799 1282 3872 presbyterum
1318 3805 1507 3860 tenuit
1531 3785 1630 3873 {et
1666 3785 1936 3879 tenendo,

286 3891 526 3933 manum
560 3897 731 3938 suam
766 3882 966 3941 laesam
992 3889 1062 3944 ab
1093 3889 1220 3961 ipso
1253 3891 1441 3947 calore
1467 3894 1619 3965 ignis
1642 3898 1857 3964 sensit;
1885 3903 1942 3953 et

281 3968 478 4055 tamen
509 3969 581 4024 ad
613 3973 1022 4045 presbyterum
1053 3977 1245 4049 inquit
1267 3997 1280 4035 :
1305 3980 1609 4052 Presbyter
1629 3984 1936 4055 Liprande,

271 4051 394 4108 vidi
429 4061 675 4114 mortem
701 4065 862 4117 tuam
886 4063 943 4117 in
966 4063 1098 4135 igne
1127 4083 1139 4133 ;
1172 4051 1515 4125 convertere
1537 4071 1608 4125 ad
1631 4072 1938 4129 dominum

277 4156 478 4198 meum
507 4147 1245 4222 archiepiscopum,habita
1274 4157 1596 4214 sucuritate
1642 4159 1771 4215 vitae
1804 4164 1936 4229 tuae,

270 4227 496 4321 alioqui
517 4236 658 4292 vade
681 4243 738 4294 et
752 4241 951 4296 ardeto
969 4258 1102 4297 cum
1127 4243 1227 4299 Dei
1252 4245 1761 4304 maledictione.Et
1781 4227 1937 4321 pres;

272 4316 443 4389 byter
458 4323 530 4377 ad
555 4323 722 4380 illum
750 4345 762 4382 :
786 4329 1182 4401 Satana,retro
1212 4334 1484 4390 vade.lllo
1517 4316 1931 4407 retrocedente,

267 4409 575 4498 presbyter
603 4420 935 4485 prostratus
960 4436 993 4474 a
1017 4424 1173 4476 terra
1195 4437 1257 4477 se
1276 4421 1520 4490 levavit;
1547 4429 1604 4480 et
1623 4425 1790 4498 signo
1808 4444 1935 4484 cru-

2051 3271 2147 3327 ille
2167 3271 2472 3344 Vareglate
2489 3273 2727 3329 veniens
2740 3273 3277 3345 Mediolanum,non
3297 3277 3698 3348 presbyterum

2052 3378 2156 3416 nec
2183 3361 2311 3431 ejus
2361 3361 2548 3434 legem
2582 3361 2796 3417 directe
2841 3364 3371 3436 comtempsit;sed
3433 3364 3587 3422 clero
3645 3371 3702 3422 et

2049 3449 2264 3522 populo
2283 3449 2697 3506 Mediolanensi
2723 3452 3070 3523 promittens
3089 3454 3376 3526 deponere
3397 3454 3702 3511 Grossula-

2053 3555 2192 3592 num
2230 3539 2302 3593 ab
2344 3539 2504 3594 omni
2543 3539 2934 3596 ecclesiastico
2966 3540 3177 3610 officio,
3206 3543 3376 3612 juxta
3407 3560 3700 3601 canonum

2049 3628 2355 3692 rationem,
2389 3628 2581 3700 inquit
2615 3647 2627 3684 :
2662 3629 2776 3684 Cur
2807 3630 2879 3684 de
2910 3628 3035 3701 lege
3059 3631 3389 3704 presbyteri
3423 3633 3700 3704 Liprandi

2050 3720 2107 3770 et
2137 3715 2478 3772 Grossulani
2509 3717 2882 3780 contenditis,
2903 3721 2959 3772 et
2990 3717 3190 3788 praelia
3211 3723 3266 3773 et
3297 3718 3611 3774 homicidia
3638 3721 3697 3776 in

2048 3804 2213 3859 vobis
2245 3805 2434 3858 facitis
2454 3804 2482 3858 ?
2506 3806 2573 3858 Et
2595 3804 2758 3860 vobis
2781 3805 3104 3858 certissime
3127 3806 3279 3871 dico,
3314 3811 3371 3860 et
3392 3824 3494 3878 per
3521 3808 3696 3864 Joan-

2050 3908 2183 3947 nem
2197 3893 2761 3947 Vicomercatensem
2779 3891 3136 3947 Grossulano
3159 3894 3393 3963 mando,
3411 3897 3567 3966 quod
3592 3914 3696 3969 ego

2048 3981 2203 4051 apud
2238 3980 2520 4033 domnum
2555 3997 2764 4051 papam
2794 3979 3149 4050 Paschalem,
3185 3982 3441 4054 ejusque
3471 3985 3695 4041 curiam

2048 4068 2136 4123 vel
2167 4069 2476 4140 synodum,
2501 4069 2672 4123 certis
2694 4085 2824 4124 cum
2857 4068 3178 4125 rationibus
3205 4076 3262 4125 et
3284 4071 3470 4141 justis
3491 4078 3547 4129 et
3563 4089 3696 4130 san-

2049 4156 2156 4212 ctis
2213 4157 2536 4212 canonibus
2569 4158 2958 4229 comprobabo
3010 4157 3177 4214 illum
3215 4176 3328 4214 non
3361 4177 3533 4232 posse
3561 4163 3696 4218 sub-

2047 4245 2252 4301 sistere
2282 4246 2341 4300 in
2366 4263 2608 4301 numero
2627 4245 3033 4318 episcoporum
3063 4247 3152 4303 vel
3197 4250 3696 4322 presbyterorum,

2043 4337 2144 4388 aut
2173 4335 2348 4390 etiam
2380 4335 2436 4388 in
2471 4333 2666 4406 aliquo
2697 4335 2899 4390 ordine
2929 4335 3297 4391 clericorum.
3332 4337 3532 4392 Clerus
3559 4355 3693 4394 vero

2042 4429 2098 4480 et
2126 4424 2378 4496 populus
2399 4423 2534 4478 huic
2556 4423 2910 4493 authentico,
2937 4428 2993 4479 et
3017 4425 3341 4479 secundum
3375 4427 3692 4496 quamdam

263 4494 355 4550 cis
387 4497 498 4554 sibi
529 4505 818 4574 apposito,
853 4507 1060 4580 ingens
1093 4510 1332 4566 ﬂamma
1353 4512 1504 4584 ignis
1530 4512 1587 4568 in
1623 4494 1925 4572 meridiem
1957 4532 2002 4595 D
2041 4514 2353 4569 novitatem
2387 4513 2663 4569 canonice
2686 4513 2745 4568 S.
2780 4512 3691 4585 Nazariipraeposito,etmajoris

271 4587 334 4639 et
363 4590 817 4676 septentrionem
853 4613 915 4651 se
945 4597 1161 4666 divisit,
1194 4604 1250 4655 et
1296 4601 1388 4656 via
1449 4603 1722 4674 apparuit
1747 4622 1924 4676 quam

269 4674 579 4763 presbyter
606 4679 864 4739 intravit.
898 4686 968 4740 Et
997 4687 1288 4745 transiens
1319 4706 1424 4761 per
1446 4691 1604 4763 ipsos
1639 4674 1922 4751 carbones

261 4761 446 4832 ignis,
478 4781 582 4822 ceu
614 4785 852 4828 arenam
903 4774 1168 4845 calcaret,
1200 4778 1384 4834 sensit
1431 4761 1562 4846 ;‘et
1618 4782 1758 4836 dum
1819 4801 1922 4855 per

259 4849 458 4939 i_psam
504 4855 658 4913 viam
690 4861 998 4931 transibat,
1031 4865 1270 4921 ﬂamma
1318 4872 1449 4938 post
1481 4868 1672 4939 ipsum
1706 4849 1917 4929 coibat.

260 4936 334 4992 Et
363 4937 488 5010 ipse
520 4944 664 5000 mihi
718 4948 885 5018 dixit,
921 4955 977 5006 et
1007 4952 1154 5009 bene
1204 4936 1456 5010 intellexi
1489 4936 1673 5013 donec
1723 4959 1779 5014 in
1827 4960 1920 5016 via

257 5026 446 5116 hujus
477 5031 598 5105 igni
631 5035 733 5103 fui,
760 5035 910 5094 hanc
933 5041 1257 5098 orationem
1286 5044 1400 5100 Deo
1424 5045 1639 5116 protuli
1677 5065 1689 5101 :
1729 5049 1919 5104 «Deus

259 5114 326 5168 in
359 5120 594 5178 nomine
621 5127 720 5179 tuo
742 5126 967 5183 salvum
988 5146 1080 5185 me
1108 5131 1282 5198 fac,et
1302 5133 1361 5187 in
1385 5114 1596 5190 virtute
1617 5139 1716 5190 tua
1739 5137 1923 5192 libera

260 5218 399 5273 me;
436 5205 588 5264 Deus
623 5211 682 5266 in
718 5217 953 5272 nomine
1007 5223 1108 5274 tuo
1166 5220 1392 5276 salvum
1453 5239 1545 5276 me
1595 5223 1703 5289 fac,
1765 5229 1819 5280 et
1859 5227 1919 5281 in

259 5291 480 5349 virtute
512 5301 612 5354 tua
634 5299 816 5358 libera
848 5322 976 5360 me:
1012 5306 1165 5363 Deus
1195 5307 1255 5363 in
1289 5310 1525 5367 nomine
1563 5316 1662 5367 tuo
1691 5313 1918 5370 salvum

262 5395 360 5475 me
388 5382 498 5475 fac,
530 5390 587 5442 et
617 5388 675 5444 in
707 5391 919 5450 virtute
947 5398 1049 5451 tua
1073 5395 1259 5454 libera
1291 5414 1384 5454 me
1414 5399 1589 5471 (Psal.
1636 5418 1754 5471 Lm,
1784 5403 1862 5475 3).
1888 5424 1916 5452 ››

260 5469 351 5563 Et
394 5472 536 5563 dum
593 5479 763 5538 tertio
822 5484 1108 5556 proferret
1156 5485 1265 5543 hoc
1317 5469 1559 5546 verbum
1616 5493 1707 5563 fac
1741 5469 1770 5561 7;
1822 5469 1916 5550 'se

261 5561 428 5654 extra
454 5561 653 5638 ignem
710 5570 894 5646 vidit;
928 5589 1032 5633 nec
1061 5574 1122 5637 in
1153 5591 1238 5650 se,
1271 5591 1377 5641 nec
1430 5577 1492 5640 in
1536 5561 1629 5642 sui
1723 5597 1914 5644 sacer-

2036 4601 2296 4658 ecclesiae
2324 4600 2745 4657 Mediolanensi
2768 4601 3062 4656 ordinario
3090 4601 3384 4668 credulus,
3410 4619 3526 4657 una
3553 4619 3687 4659 cum

2034 4691 2392 4747 Grossulano
2409 4697 2479 4746 ad
2495 4695 2819 4746 Romanam
2834 4689 3124 4760 synodum
3148 4690 3446 4761 pervenire
3470 4692 3685 4748 studet.

2031 4779 2192 4835 Unde
2223 4781 2448 4851 rigidus
2472 4784 2528 4833 et
2542 4778 2777 4849 sapiens
2794 4778 3135 4848 capitaneus
3151 4778 3674 4836 Mediolanensium

2030 4869 2229 4922 Amizo
2277 4868 2347 4922 de
2377 4867 2728 4932 Landriano,
2763 4866 2846 4920 ait
2877 4881 2890 4920 :
2926 4869 3042 4921 Vos
3073 4865 3349 4923 ludriam.
3405 4891 3425 4918 ιο
3461 4868 3542 4940 (id
3595 4873 3686 4926 est

2029 4955 2270 5021 lutram,
2320 4955 2690 5026 amphibium
2741 4954 3007 5027 animal,)
3059 4979 3086 5006 ‹‹
3138 4956 3194 5011 in
3227 4975 3380 5028 aqua
3411 4974 3682 5030 negare»

2031 5044 2154 5116 (seu
2188 5045 2469 5116 mergere)
2505 5066 2532 5092 ‹‹
2565 5043 2762 5111 vultis,
2802 5067 2821 5093 ι
2857 5044 2916 5098 id
2939 5050 3045 5112 est,
3081 5045 3297 5102 frustra
3342 5046 3642 5102 laboratis.

2104 5136 2189 5189 14.
2238 5156 2265 5184 ‹‹
2296 5134 2405 5189 Sed
2439 5132 2858 5199 Grossulanus,
2892 5134 2961 5188 ad
2994 5135 3170 5206 pedes
3209 5135 3511 5206 apostolici
3544 5151 3676 5206 pro-

2028 5222 2281 5290 volutus,
2317 5223 2430 5278 sibi
2451 5222 2653 5278 etsuis
2685 5223 2895 5277 iterum
2921 5223 3210 5295 refugium
3235 5223 3514 5293 suscepit.
3541 5225 3676 5278 Pre-

2029 5314 2227 5384 sbyter
2256 5329 2388 5368 vero
2420 5311 2768 5384 Liprandus,
2789 5313 3062 5382 cumjam
3086 5328 3261 5366 senex
3283 5316 3456 5378 esset,
3482 5315 3538 5366 et
3559 5312 3674 5367 duo

2029 5402 2164 5456 anni
2188 5406 2321 5473 post
2342 5401 2527 5474 legem
2555 5400 2626 5456 ab
2653 5400 2776 5472 ipso
2799 5400 3007 5455 factam
3041 5401 3414 5470 transissent,
3441 5422 3468 5449 ››
3499 5401 3669 5457 adeo-

2027 5506 2141 5563 que
2169 5507 2322 5548 anno
2356 5491 2516 5560 4103,
2549 5512 2577 5539 ‹‹
2630 5492 2975 5562 provocatus
3018 5494 3074 5544 et
3105 5489 3276 5561 quasi
3328 5490 3670 5562 compulsus

2027 5581 2272 5646 Romam
2293 5581 2364 5643 ad
2395 5580 2685 5661 synodum
2717 5578 2907 5650 venit;
2941 5577 3002 5642 in
3032 5595 3150 5659 qua
3178 5579 3498 5657 prmdictus
3528 5580 3671 5647 Lan-
