4142 6192
559 309 722 373 ειῦη

1685 311 1802 389 εει
1843 303 2162 374 ARIALDI
2207 306 2310 370 ET
2351 292 2861 373 ERLEMBALDI

3719 304 3840 379 ist!

567 443 828 518 dulphus
859 443 930 498 de
957 437 1400 515 Vareglate,'qui
1423 442 1761 514 post'ipsam
1783 441 2070 513 synodum
2105 439 2216 495 fuit
2237 439 2298 508 Α
2324 448 2383 504 S.
2415 441 2730 509 Ambrosii,
2755 447 2813 498 et
2825 442 3065 497 Andreae
3078 433 3838 515 Mediolanensis'primicerii,et

567 531 831 591 Astansis
867 531 1198 603 episcopus,
1235 553 1260 580 n
1293 547 1460 603 prece
1491 530 1756 587 fortassis
1797 529 1884 586 vel
1937 529 2118 602 pretio
2148 529 2207 584 in

569 623 822 679 favorem
846 621 925 676 rei
947 625 1278 691 corruptus,
1305 641 1331 670 »
1358 637 1544 691 neque
1575 624 1708 676 ante
1728 636 1940 691 papam
1969 617 2060 672 vel
2083 618 2212 688 ejus

568 712 791 768 curiam
807 725 912 765 seu
927 710 1211 781 synodum
1226 710 1506 766 adversus
1526 708 1951 766 Grossulanum
1969 708 2210 763 verbum

569 800 755 856 ullum
783 798 1244 872 ignominiosum
1269 798 1511 870 protulit
1539 816 1552 854 :
1591 821 1618 847 ››
1651 802 1853 854 contra
1883 812 2059 869 quam
2091 795 2210 850 Me-

567 887 784 944 diolani
810 887 1185 958 promiserat;
1214 907 1241 937 ‹‹
1265 887 1365 942 sed
1390 887 1689 958 presbyter
1712 885 2040 957 Liprandus
2072 900 2208 938 cau-

568 994 717 1045 sam,
741 991 920 1048 quam
941 975 1221 1032 adversus
1243 975 1668 1031 Grossulanum
1695 974 1921 1041 habuit,
1946 989 2090 1046 pure
2113 989 2208 1027 no-

566 1065 808 1122 tiﬁcavit
832 1082 845 1128 ;
871 1067 928 1120 et
956 1063 1311 1136 apostolicus
1333 1081 1448 1120 non
1479 1063 1688 1136 legem,
1721 1079 1824 1135 per
1848 1062 2044 1134 ipsum
2076 1077 2208 1134 pre-

557 1156 864 1226 sbyterum
896 1153 1116 1218 datam,
1149 1157 1206 1208 et
1251 1156 1614 1209 sacramento
1663 1156 1720 1207 et
1763 1153 1894 1223 igne
1923 1154 2205 1216 notatam,

565 1241 840 1310 laudavit,
875 1241 976 1296 sed
1007 1241 1254 1312 gratiam
1283 1245 1340 1296 et
1369 1241 1629 1296 officium
1673 1241 2108 1312 presbyteratus
2145 1237 2206 1291 in

564 1330 665 1386 illo
695 1329 951 1385 ﬁrmavit
997 1334 1054 1384 et
1093 1329 1238 1384 dixit
1271 1347 1284 1385 :
1328 1329 1386 1384 Si
1418 1329 1510 1384 hic
1559 1329 1860 1400 presbyter
1893 1328 2120 1397 juraret
2148 1328 2207 1379 et

563 1419 870 1476 duodecim
905 1419 1234 1473 sacerdotes
1258 1434 1391 1473 cum
1422 1416 1521 1472 illo
1545 1415 1932 1487 jurejurando
1955 1413 2207 1468 affirma-

563 1512 711 1573 rent,
745 1507 900 1578 quod
917 1505 1310 1561 Grossulanus
1338 1505 1526 1577 coegit
1565 1505 1761 1576 ipsum
1798 1503 2204 1575 presbyterum

561 1596 648 1650 ire
661 1595 989 1667 perignem,
1014 1594 1332 1650 sustineret
1347 1593 1741 1650 Grossulanus
1756 1590 2201 1664 depositionem:

564 1688 739 1756 atque
787 1700 964 1755 super
1021 1683 1128 1738 hoc
1168 1683 1424 1755 spatium
1473 1681 1813 1737 consulendi
1864 1696 1966 1752 per
2023 1695 2202 1734 unam

565 1777 792 1828 noctem
823 1771 1002 1826 dedit.
1026 1771 1201 1827 Nocte
1221 1776 1415 1826 autem
1447 1770 1549 1824 illa
1576 1773 1890 1837 transacta,
1933 1767 2206 1839 apostoli-

563 1877 668 1916 cus
699 1876 890 1916 coram
914 1860 1134 1932 synodo
1162 1877 1196 1914 a
1219 1859 1576 1916 Grossulano
1598 1857 1857 1929 suscepit
1877 1871 2207 1912 sacramen-

565 1955 715 2014 tum,
747 1947 807 2003 in
840 1964 954 2020 quo
988 1952 1352 2003 sacramento
1391 1946 1787 2002 Grossulanus
1821 1945 1906 2000 sic
1938 1945 2055 2000 ait:
2088 1945 2207 2015 Ego

563 2037 959 2094 Grossulanus
988 2037 1177 2109 gratia
1215 2036 1313 2092 Dei
1351 2035 1847 2108 archiepiscopus,
1882 2051 1996 2090 non
2047 2032 2206 2104 coegi

563 2126 789 2182 dictum
849 2125 1202 2198 Liprandum
1263 2125 1668 2197 presbyterum
1727 2122 1811 2179 ire
1869 2123 1940 2178 ad
1985 2121 2205 2194 ignem.

564 2215 725 2270 Tunc
738 2219 793 2270 et
805 2213 1469 2279 Ardericus,Laudensis
1487 2213 1796 2284 episcopus
1805 2211 2206 2281 ,jurejurando

563 2302 817 2359 ﬁrmavit
861 2301 917 2356 id
967 2301 1194 2372 ipsum;
1225 2302 1402 2356 Azoni
1441 2317 1572 2356 vero
1618 2299 1878 2372 Aquensi
1911 2299 2203 2371 episcopo,

563 2390 878 2463 proferenti
908 2389 965 2444 id
996 2390 1192 2461 ipsum
1215 2391 1417 2460 jurare
1446 2407 1515 2444 ex
1547 2394 1706 2460 parte
1738 2388 2102 2453 Grossulani,
2131 2388 2203 2442 ab

563 2478 882 2552 apostolico
905 2477 1014 2532 fuit
1038 2479 1452 2533 condonatum.
1473 2477 1869 2534 Grossulanus
1886 2478 2082 2548 itaque
2111 2491 2203 2532 ac-

563 2567 740 2624 cessit
768 2572 832 2623 ut
863 2565 1148 2639 acciperet
1166 2567 1412 2638 gratiam
1437 2566 1855 2634 restitutionis;
1888 2570 1945 2620 et
1973 2582 2106 2620 cum
2129 2566 2200 2620 ad

561 2656 960 2728 accipiendam
1020 2655 1454 2711 restitutionem
1504 2655 1823 2722 accederet,
1882 2655 2098 2726 gabuta
2146 2657 2204 2710 et

562 2744 868 2816 pastoralis
898 2743 1078 2816 virga,
1097 2761 1274 2817 quam
1299 2743 1451 2799 idem
1474 2743 1870 2799 Grossulanus
1901 2759 2010 2798 sua
2038 2747 2200 2798 tene-

558 2834 660 2889 bat
688 2849 888 2902 manu,
921 2849 1114 2888 coram
1147 2833 1367 2906 synodo
1399 2834 1471 2888 ad
1502 2837 1718 2888 terram
1744 2833 2008 2888 corruit:
2042 2832 2198 2904 quod

559 2921 795 2994 signum
828 2921 1279 2994 quampluribus
1309 2922 1420 2977 fuit
1459 2922 1739 2977 indicium
1799 2920 1951 2994 quod
2011 2937 2201 2976 sacra-

561 3011 964 3081 mentumejus
979 3010 1087 3066 fuit
1099 3015 1533 3066 sacramentum
1547 3010 2196 3066 mortis.Verumtamen

565 3116 671 3156 nec
703 3115 874 3172 papa,
908 3113 1012 3154 nec
1043 3100 1172 3170 ejus
1202 3100 1460 3171 synodus
1493 3100 1564 3155 ad
1596 3099 1704 3155 hoc
1735 3103 1874 3154 tunc
1906 3100 2196 3171 respexit;

2321 537 2506 593 alioru
2517 551 2570 588 m
2591 531 2910 588 multorum
2925 531 3274 603 prudentum
3287 529 3839 606 tamclericorumqnetil

2319 625 2624 689 laicorum,
2679 635 2786 676 nec
2829 621 3047 684 sedem,
3103 635 3202 674 nec
3261 619 3500 692 aliquam
3546 622 3841 679 munitionem

2321 711 2880 784 archiepiscopatus,
2916 713 3046 781 post
3065 707 3247 779 legem
3281 708 3512 780 primam
3539 725 3566 764 a
3589 711 3842 783 presbytero

2319 803 2554 868 factam,
2603 799 2724 854 sive
2770 797 3200 854 restitutionem
3252 813 3285 851 a
3321 797 3525 868 synodo
3560 797 3842 866 celebratam,

2321 891 2546 947 habuit.
2608 890 2772 944 Meus
2813 903 2948 942 vero
3002 900 3152 958 serpe
3210 885 3395 941 dictus
3424 887 3717 953 avunculus,
3737 889 3844 945 intra

2317 981 2496 1036 unius
2525 978 2662 1034 anni
2693 981 2752 1032 et
2783 975 3012 1030 dimidii
3043 975 3324 1046 spatium,
3366 974 3628 1041 homines,
3665 976 3741 1047 qui
3763 993 3843 1032 non

2317 1085 2422 1142 pro
2453 1081 2650 1123 amore
2681 1063 2885 1119 divina:
2919 1061 3065 1134 legis
3105 1066 3161 1116 et
3192 1060 3566 1117 ecclesiasticis
3605 1059 3842 1132 disciplina

2317 1152 2909 1229 litigabant,dimisit,
2937 1157 3209 1207 eteorum
3230 1150 3504 1205 civitatem
3544 1145 3846 1222 exivit,atqae

2314 1244 2688 1301 Valtellinam
2720 1238 2951 1307 vallem,
2986 1238 3382 1295 a'Mediolluno
3407 1238 3546 1294 ultra
3563 1238 3846 1310 septuaginta

2315 1333 2591 1390 milliaria
2622 1331 2958 1395 distantem,
2993 1324 3296 1383 habitavit.
3345 1349 3371 1376 »
3407 1326 3542 1392 Quid
3570 1331 3725 1383 autem
3749 1327 3844 1382 hinc

2316 1428 2447 1496 post
2476 1421 2847 1492 aliquantum
2893 1422 3125 1488 tempus
3168 1415 3463 1472 revertenti
3497 1416 3725 1470 acciderit
3747 1421 3842 1487 pag.

2316 1511 2418 1567 417
2457 1511 2540 1566 sic
2586 1510 2787 1564 narrat
2815 1506 2969 1578 apud
3002 1503 3350 1560 Puricellum
3395 1502 3688 1559 Landulfus.
3719 1526 3736 1552 ι
3771 1505 3846 1558 As-

2313 1605 2550 1672 sumptc
2567 1613 2717 1670 equo
2741 1594 3002 1651 Anselmi
3039 1617 3060 1644 ι»
3097 1593 3294 1649 fratris
3322 1616 3348 1642 ‹‹
3372 1598 3426 1648 et
3444 1605 3575 1655 meo,
3599 1609 3694 1646 una
3709 1605 3844 1646 cum.

2311 1689 2466 1745 dicto
2497 1712 2524 1737 «
2560 1688 2734 1742 fratre
2766 1699 2892 1740 meo
2923 1680 2995 1738 ad
3027 1682 3221 1754 ipsum
3257 1693 3444 1737 meum
3489 1685 3747 1752 patronum
3768 1680 3847 1734 fes-

2314 1777 2516 1832 tinavi.
2549 1777 2618 1830 Et
2646 1789 2780 1830 cum
2800 1771 3220 1844 processissem
3249 1769 3448 1842 viginti
3465 1767 3846 1841 quinquemillie-

2318 1866 2445 1935 riis,
2479 1864 2624 1921 mihi
2655 1859 2903 1935 angelus
2933 1859 3211 1928 occurrit,
3255 1859 3449 1914 dicens
3478 1874 3488 1912 :
3523 1857 3772 1928 Presbyter
3790 1853 3848 1909 Li

2318 1955 2579 2028 prandus
2610 1950 2841 2007 rediens
2873 1947 3254 2013 aValtellina,
3275 1945 3666 2016 inﬁrmusjacet
3690 1943 3744 1998 ad
3767 1951 3848 1997 mo-

2317 2041 2641 2099 nasterium
2662 2041 2734 2096 de
2756 2037 2991 2095 Clivate.
3013 2036 3389 2108 Citiusigitur
3401 2049 3560 2106 quam
3581 2037 3844 2105 Spei-assem,

2317 2130 2508 2186 inveni
2541 2128 2707 2184 illum
2740 2127 2800 2182 in
2831 2126 2980 2181 lecto
3005 2125 3307 2180 sedentem
3329 2127 3385 2178 et
3411 2122 3493 2178 lac
3519 2120 3844 2177 comedentem.

2315 2219 2420 2286 Qui
2455 2233 2588 2274 cum
2621 2233 2712 2272 me
2731 2215 2897 2282 vidit,
2930 2209 3136 2270 ambas
3165 2207 3373 2268 levavit
3391 2219 3599 2271 manus.
3626 2211 3671 2263 et
3691 2206 3845 2280 gratia!

2315 2307 2430 2362 Deo
2458 2305 2624 2360 dixit.
2668 2301 2944 2358 Arialdus
2990 2316 3124 2356 vero
3176 2299 3336 2354 illius
3386 2295 3682 2354 monasterii
3704 2293 3847 2357 abbati,

2314 2400 2625 2467 postquam
2661 2390 2883 2449 audivit
2913 2406 3006 2445 me
3030 2390 3360 2455 advenisse,
3384 2385 3849 2452 consolatione‘mque

2313 2485 2423 2555 ipsi
2469 2487 2682 2555 aegroto
2725 2480 2985 2546 dedisse;
3025 2494 3119 2534 me
3164 2493 3474 2549 meumque
3503 2477 3702 2530 fratrem
3739 2473 3850 2525 extra

2312 2589 2604 2628 cameram
2637 2570 2902 2635 vocavit,-
2928 2572 2985 2624 et
3014 2583 3116 2639 per
3153 2565 3327 2639 plura
3356 2566 3521 2621 verba
3562 2579 3614 2619 se
3637 2559 3849 2631 trepidare

2313 2661 2675 2727 fidelitatem,
2709 2674 2886 2730 quam
2911 2659 3217 2728 juraverat
3246 2654 3600 2718 Grossulanc,
3628 2647 3758 2706 nobis
3779 2661 3847 2700 no-

2309 2750 2454 2804 tavit
2483 2766 2494 2804 :
2521 2753 2692 2820 atque
2727 2745 3122 2802 nescientibus
3153 2743 3476 2809 monachis,
3507 2753 3600 2796 nos
3625 2733 3850 2794 admonuit

2310 2842 2376 2894 ut
2433 2837 2629 2909 ipsum
2692 2837 3137 2907 deportaremus
3169 2837 3448 2906 aegrotum
3494 2847 3525 2886 a
3566 2822 3847 2884 monasterio.

2309 2925 2515 2982 saltem
2539 2925 2771 2980 duobus
2795 2921 3170 2978 milliaribus.

2380 3016 2466 3069 17.
2503 3035 2529 3064 ‹‹
2563 3013 2840 3068 Infirmus
2861 3017 3056 3067 autem
3083 3015 3147 3066 ut
3180 3010 3384 3078 sensit,
3403 3025 3488 3064 me
3510 2998 3850 3074 meumquefra-

2310 3108 2455 3159 trem
2491 3101 2792 3159 sollicitari
2825 3117 3003 3173 super
3031 3114 3139 3156 sua
3167 3099 3507 3156 infirmitate
3533 3100 3584 3151 et
3608 3087 3848 3173 portatione

557 3188 658 3244 sed
690 3168 885 3260 ipsum
909 3168 1332 3244 Grossulanum
1365 3187 1540 3245 Azoni
1562 3188 1822 3260 Aquensi
1852 3191 1910 3243 et
1929 3168 2200 3243 Arderico
2231 3168 2273 3235 (ἶ
2313 3192 2392 3247 ait
2424 3207 2436 3245 :
2465 3191 2650 3246 Nolite
2680 3168 2924 3257 turbari,
2950 3188 3088 3259 quia
3109 3203 3216 3259 per
3236 3187 3478 3261 gratiam
3495 3183 3583 3240 Dei
3601 3194 3726 3237 nunc
3749 3171 3849 3230 mihi

563 3277 878 3346 Laudensi,
899 3281 1072 3349 atque
1090 3277 1346 3333 Jordano
1378 3277 1449 3333 de
1478 3276 1639 3343 Clivi,
1673 3282 1728 3332 et
1745 3276 1966 3332 caateris
1989 3277 2202 3332 Medio-

557 3364 899 3422 lanensibus
920 3370 1042 3420 tam
1072 3365 1298 3421 clericis
1330 3382 1508 3437 quam
1550 3365 1735 3429 laicis,
1785 3381 1986 3421 verum
2017 3366 2196 3421 etiam

556 3453 845 3525 episcopis
860 3454 1126 3524 ejusdem
1145 3453 1413 3509 Ecclesia:
1427 3472 1494 3510 su
1504 3455 1834 3527 tfraganeis,
1869 3454 2198 3511 volentibus

556 3558 688 3597 eum
709 3541 995 3597 haberein
1014 3540 1543 3612 archiepiscopum,
1558 3542 1693 3597 licet
1709 3542 2174 3610 otiose,restituit

636 3632 713 3686 l5.
749 3652 777 3680 «
808 3628 1234 3701 Presbyterille
1252 3628 1598 3698 Landulfus,
1624 3629 1757 3685 licet
1775 3630 2075 3685 occasione
2098 3631 2198 3686 hu-

553 3722 652 3793 jus
676 3717 1062 3776 restitutionis
1087 3718 1516 3790 foretsuspectu
1527 3717 1914 3774 sGrossulano
1934 3719 2198 3774 restituto

557 3813 614 3865 et
644 3808 980 3864 restitutum
1011 3806 1489 3879 suscipientibus,
1521 3811 1717 3863 tamen
1759 3807 1815 3861 in
1863 3806 2110 3863 ecclesia
2140 3808 2197 3863 S.

557 3897 720 3953 Pauli
751 3913 974 3968 suaque
1003 3897 1198 3964 domo,
1241 3895 1352 3951 fuit
1407 3897 1677 3952 sacerdos
1709 3896 1954 3952 idoneus
1985 3896 2044 3952 in
2093 3913 2199 3953 suo

556 3986 749 4042 officio
780 4002 882 4057 per
912 3989 1131 4057 septem
1166 4000 1354 4040 annos
1384 3988 1513 4056 post
1545 3985 1733 4056 ipsam
1767 3983 2197 4041 restitutionem

559 4089 746 4144 usque
763 4077 896 4144 post
916 4089 1135 4128 annum
1169 4072 1329 4129 “15.
1365 4093 1392 4122 ‹‹
1425 4075 1623 4128 Cum»
1652 4077 1846 4128 autem
1875 4073 1960 4128 sic
1993 4095 2020 4123 «
2055 4073 2204 4128 alter

561 4161 808 4217 alterum
823 4165 1160 4232 suspectum
1175 4161 1849 4234 haberet,contigitquod
1865 4167 1910 4215 Η
1917 4163 2200 4218 eribertus

558 4250 630 4305 de
660 4250 944 4317 Bruzano,
967 4248 1132 4304 valde
1162 4254 1514 4322 aggravatus
1535 4250 1818 4317 febribus,
1837 4251 1992 4306 venit
2022 4251 2094 4306 ad
2121 4251 2199 4305 di-

556 4343 717 4394 ctum
751 4338 1178 4411 presbyterum,
1220 4338 1604 4409 supplicando
1637 4344 1701 4394 ut
1729 4340 2008 4395 adversus
2040 4339 2200 4393 infir-

557 4427 820 4482 mitatem
843 4427 1006 4482 daret
1022 4425 1136 4481 sibi
1157 4425 1500 4482 remedium.
1527 4426 1774 4482 Ministri
1798 4445 1930 4484 vero
1961 4428 2200 4500 presby-

2309 3280 2493 3336 multo
2525 3285 2612 3336 est
2637 3278 2868 3345 melius,
2900 3282 2958 3333 et
2996 3278 3054 3331 in
3086 3276 3366 3344 crastino,
3399 3273 3507 3330 Deo
3536 3270 3787 3330 annuente,
3809 3261 3851 3315 in

2309 3369 2600 3426 civitatem
2649 3367 2759 3422 iter
2796 3366 3166 3421 habebimus.
3225 3367 3295 3421 Et
3323 3379 3488 3421 mane
3516 3363 3642 3417 facto
3672 3351 3851 3412 ocrudt-

2308 3463 2400 3515 tas
2429 3457 2717 3530 quaedam
2731 3471 2872 3511 suas
2887 3459 3077 3510 vestes
3097 3455 3298 3510 induit
3314 3458 3371 3510 et
3393 3453 3574 3509 cibum
3589 3439 3803 3516 sumpsit,
3813 3442 3853 3492 et

2311 3546 2479 3619 quasi
2511 3562 2691 3602 sanus
2723 3545 2910 3600 factus
2957 3558 3136 3615 super
3161 3542 3384 3599 mulam
3425 3539 3582 3597 sedit.
3611 3541 3732 3590 Puer
3752 3543 3854 3601 quo.

2310 3653 2422 3708 que
2451 3636 2602 3705 ejus,
2627 3634 2849 3689 habens
2877 3649 3052 3688 suum
3083 3632 3322 3687 asinum
3343 3633 3624 3708 oneratum
3652 3619 3854 3708 pellibut.

2308 3724 2444 3780 licet
2473 3724 2544 3778 de
2573 3721 2744 3778 solito
2777 3721 2868 3777 bis
2899 3724 3001 3776 aut
3029 3726 3117 3776 ter
3143 3721 3204 3775 in
3226 3719 3320 3776 die
3350 3715 3683 3790 torqueretur
3701 3707 3855 3764 caduco

2311 3813 2534 3879 morbo,
2566 3817 2758 3866 tamen
2811 3810 3148 3882 presbytero
3198 3811 3436 3866 sedente
3478 3821 3634 3878 super
3680 3796 3853 3882 multm}.

2310 3919 2453 3974 puer
2483 3901 2636 3956 idem
2665 3899 2819 3955 venit
2859 3899 3165 3954 nobiscum
3218 3898 3279 3954 in
3312 3915 3429 3954 una
3456 3887 3544 3951 die
3569 3903 3722 3962 usque
3743 3879 3854 3976 adii.

2310 3971 2660 4047 Damianum
2694 3989 2765 4045 de
2795 3987 3031 4056 Baraza,
3062 3988 3289 4059 absque
3329 3986 3446 4042 ulto
3476 3971 3858 4040 illiusinﬁrmith-

2310 4079 2388 4135 tis
2419 4077 2862 4150 impedimento.
2888 4075 2973 4131 Ibi
3021 4075 3211 4149 gratia
3242 4077 3344 4132 Dei
3374 4079 3432 4131 et
3467 4062 3744 4128 beatissimi
3764 4061 3857 4113 Am-

2311 4167 2510 4236 brosii,
2547 4168 2716 4238 cujus
2745 4166 2910 4222 locus
2940 4165 3052 4221 iste
3083 4164 3230 4221 cella
3259 4169 3373 4232 est,
3406 4165 3546 4220 bene
3573 4153 3741 4226 recepti
3762 4159 3853 4238 ρει-ξ

2310 4255 2708 4323 noctavimus;
2761 4259 2816 4310 et
2866 4252 3112 4309 alteram
3159 4253 3319 4310 diem
3373 4246 3774 4308 dimidiavimus;
3815 4233 3858 4285 ά

2312 4349 2444 4401 ante
2475 4345 2616 4401 solis
2643 4358 2916 4400 occasum
2949 4341 3256 4399 ecclesiam
3297 4343 3356 4398 S.
3391 4339 3547 4397 Pauli
3591 4331 3861 4393 domuit“!ne

2312 4439 2573 4490 nostram
2626 4432 2997 4498 intravimus,
3023 4435 3198 4504 atque
3222 4431 3528 4495 familiam,
3559 4440 3664 4498 quae
3684 4417 3746 4474 ibi
3767 4410 3862 4468 αὔθ-

554 4517 660 4572 teri
697 4514 1176 4572 ministraverunt
1205 4515 1401 4571 cibum
1433 4519 1489 4571 et
1519 4516 1734 4572 lectum
1760 4517 2200 4573 convenientem
2234 4536 2279 4600 Β
2313 4527 2402 4578 rat
2430 4527 2712 4589 nostram,
2748 4520 2939 4576 lzetam
2971 4520 3237 4576 fecimus.
3273 4542 3301 4571 ››
3337 4517 3555 4575 Bellum
3585 4517 3699 4570 tunc
3718 4504 3864 4600 (so-utr!

554 4604 638 4660 illi
689 4603 1012 4677 egrotanti,
1046 4605 1230 4659 donec
1253 4604 1536 4660 Dominus
1558 4605 1862 4670 virtutum,
1889 4622 1990 4677 per
2017 4605 2202 4678 impo-

552 4694 824 4751 sition'em
852 4709 1136 4749 manuum
1169 4694 1296 4764 ejus
1336 4694 1677 4766 presbyteri,
1722 4694 1972 4765 praebuit
2001 4694 2201 4750 saluti~

554 4784 742 4838 ferum
774 4783 1100 4838 remedium
1123 4783 1448 4854 aegrotanti.
1481 4783 1644 4839 Unde
1672 4783 2067 4838 Grossulanus
2099 4784 2196 4838 sti-

553 4870 834 4938 mulatus,
886 4871 967 4926 ait
1006 4871 1078 4926 ad
1128 4872 1533 4944 presbyterum
1584 4890 1596 4928 :
1642 4871 1787 4936 Quia
1833 4873 2195 4944 participasti

555 4959 876 5024 Heriberto,
928 4975 1057 5014 meo
1114 4962 1636 5030 excommunicato,
1677 4960 1945 5033 praecipio
1987 4961 2096 5016 tibi
2136 4966 2201 5016 ut

559 5048 803 5104 missam
820 5064 933 5102 non
947 5053 1483 5121 cantes,quousque
1497 5049 1896 5122 paenitentiam
1920 5050 2054 5104 inde
2067 5067 2196 5106 sus-

557 5137 800 5210 ceperis,
819 5135 1081 5208 mihique
1099 5135 1475 5193 satisfeceris.
1503 5138 1883 5210 Etpresbyter
1898 5138 1970 5192 ad
1999 5137 2196 5194 illum:

557 5227 719 5291 Quod
751 5226 859 5282 feci
889 5225 948 5281 in
977 5226 1296 5292 lleriberto,
1321 5227 1539 5282 bonum
1572 5227 1700 5293 fuit,
1726 5231 1785 5282 et
1815 5243 1847 5281 a
1879 5227 1993 5282 Deo
2023 5227 2199 5295 venit;

557 5320 734 5389 atque
752 5317 824 5372 de
853 5316 1004 5372 bono
1034 5318 1092 5371 et
1120 5315 1222 5371 Dei
1244 5331 1415 5388 opere
1447 5333 1561 5372 non
1589 5315 1721 5372 novi
1746 5317 2045 5388 pcsnitere.
2079 5317 2202 5373 Etsi

557 5421 674 5461 non
715 5403 897 5460 habcs
955 5419 1132 5476 super
1179 5420 1272 5461 me
1321 5409 1693 5476 potestatem,
1745 5410 1936 5461 tamen
1970 5411 2207 5478 propter

555 5491 900 5552 scandalum
930 5493 1257 5562 vitandum,
1291 5494 1396 5550 tibi
1427 5495 1859 5568 optemperabo.
1899 5517 1919 5543 ι

629 5583 718 5644 16.
747 5582 926 5643 Porro
955 5604 977 5635 ι
1003 5582 1418 5660 Grossulanus,
1442 5585 1630 5669 gratia
1659 5583 1956 5648 Guillelmi
1977 5585 2207 5648 abbatis

2313 4611 2648 4666 Laudenses
2661 4608 3194 4665 Mediolanensibus
3211 4612 3338 4663 erat
3354 4633 3368 4676 ;
3387 4608 3456 4662 de
3477 4619 3584 4678 quo
3600 4603 3745 4672 agens
3761 4590 3863 4678 [53’

2309 4699 2508 4756 dulfus
2539 4699 2693 4770 apud
2727 4697 3076 4753 Puricellum
3109 4697 3169 4752 in
3202 4672 3588 4752 Monumentis
3628 4687 3734 4761 p718}
3771 4672 3864 4770 mf

2307 4789 2409 4843 «in
2421 4804 2662 4844 numera
2678 4786 2832 4842 mala
2849 4803 2976 4858 quas
2995 4789 3236 4858 operata
3247 4790 3386 4842 sunt
3402 4799 3501 4858 per
3512 4773 3868 4858 quatuorannal

2307 4878 2507 4949 ίηίρεει
2523 4891 2732 4949 guerra
2753 4855 3184 4942 non—enumero,
3203 4855 3421 4946 inquit,
3444 4871 3538 4929 sed
3561 4868 3766 4925 mortem
3785 4855 3866 4950 At!-

2309 4965 2474 5023 selmi
2495 4963 2756 5038 germani
2781 4964 2914 5035 mei,
2929 4967 2987 5020 et
2999 4963 3247 5019 aliorum
3268 4963 3578 5019 multorum
3593 4950 3868 5038 propinqua

2309 5071 2440 5111 rum
2475 5069 2736 5110 meorum
2770 5069 2834 5108 ac
2866 5051 3112 5119 civium,
3147 5070 3249 5124 per
3281 5052 3441 5108 illam
3469 5049 3707 5123 guerram
3734 5043 3867 5126 stant

2311 5145 2579 5200 festatam
2598 5142 2900 5215 lugeo;nec
2913 5121 3169 5214 coeptum
3189 5141 3298 5197 iter
3316 5121 3544 5213 penitus
3557 5136 3745 5191 desero.
3762 5121 3866 5220 Diti!

2313 5233 2453 5288 dum
2477 5211 2690 5287 civitas
2701 5229 2802 5285 illa
2833 5211 3156 5286 Laudensis
3181 5211 3374 5285 adhuc
3413 5227 3598 5292 staret,
3620 5223 3669 5276 et
3694 5211 3865 5270 resiste-

2312 5325 2422 5388 ret,
2466 5318 3000 5376 Mediolanensibus
3059 5318 3406 5375 conantibus
3456 5329 3576 5372 eam
3618 5304 3863 5388 destruere.

2313 5387 2708 5466 Grossulanus
2772 5424 2806 5463 a
2875 5407 3202 5464 Mediolano
3272 5395 3586 5470 exsulabat,
3653 5396 3701 5451 et
3760 5387 3864 5483 Ltﬂ'

2315 5500 2514 5558 densis
2546 5499 2640 5556 ille
2671 5498 2989 5555 Ardericns
3029 5497 3198 5555 suam
3247 5497 3534 5554 civitatem
3578 5487 3863 5562 petram!”

2316 5555 2530 5664 trahat,
2575 5555 2677 5650 sed
2727 5587 3124 5652 Mediolanum
3167 5555 3596 5670 frequentabat}
3638 5555 3868 5652 presbyter
