4152 6194
291 249 450 321 ιω

1888 250 2084 326 AO'PA
2105 305 2116 321 .

3547 261 3709 327 18M

291 382 431 447 vero
463 384 817 463 Liprandus,
851 386 911 448 in
944 405 1052 450 sua
1080 386 1254 450 domo
1292 405 1519 467 suaque
1559 393 1806 452 ecclesia
1853 397 1952 468 [vi-
1978 398 2033 464 Α
2062 395 2290 452 litatem
2321 410 2448 468 qua:
2477 390 2801 463 videbatur,
2849 391 2908 450 in
2949 391 3282 453 animarum
3311 398 3368 453 et
3397 399 3708 471 corporum

292 479 452 551 cina]
477 480 538 535 Β.
597 478 766 536 Pauli
822 476 1098 552 ecclesia,
1158 483 1616 541 consolationem
1671 485 1835 557 regni
1890 489 1947 540 et

291 565 560 624 Ecclesiae
585 571 977 642 cnspecta‘bat.
1013 594 1042 621 »

365 658 452 712 18.
483 659 600 712 Nec
623 657 841 713 ﬁ-Ustra
870 660 1222 731 exspectavit
1248 677 1261 715 :
1296 674 1451 717 anno
1482 661 1773 733 siquidem
1807 663 1938 717 1111

291 745 525 802 Octobri
562 759 762 803 mense
780 747 1084 804 occasione
1104 749 1189 806 sic
1210 751 1667 806 excrescentium
1690 765 1793 822 per
1811 766 1945 806 con-

287 834 519 890 tin’u‘am
552 835 812 906 pluviam
845 836 1182 906 ﬂuminum,
1217 861 1246 889 «
1278 840 1433 910 quod
1467 855 1583 895 non
1614 840 1806 895 solum
1835 839 1942 895 vili-

287 922 398 989 l'as,
433 925 536 980 sed
567 928 625 980 et
651 925 838 996 ipsam
869 924 1163 983 civitatem
1193 927 1409 983 mirum
1442 928 1502 983 in
1535 929 1774 984 modum
1806 943 1940 1001 per-

287 1003 634 1081 turbarent;
663 1034 691 1064 »
719 1017 780 1070 et
811 1013 1052 1086 quidam
1101 1015 1383 1084 dicerent,
1429 1039 1458 1067 «
1487 1017 1839 1072 discordiam
1872 1018 1943 1073 de

287 1100 650 1172 Grossulano
681 1111 810 1159 esse
843 1103 1128 1160 malitiam
1159 1103 1342 1161 altero
1363 1103 1582 1162 diluvio
1613 1106 1884 1178 dignam;
1912 1127 1938 1156 »

285 1191 360 1246 ad
391 1205 521 1246 eam
557 1191 884 1247 finiendam.
906 1191 1076 1248 electi
1105 1194 1426 1249 octodecim
1457 1195 1586 1263 viri,
1621 1201 1825 1250 omnes
1855 1194 1940 1250 sic

277 1280 586 1352 jurarunt:
622 1300 650 1330 «
670 1279 865 1353 Usque
890 1282 961 1336 ad
983 1281 1135 1338 istas
1157 1275 1443 1339 Kalendas
1460 1283 1707 1355 proximi
1727 1287 1942 1339 Janua-

287 1368 356 1424 rii
387 1368 755 1425 concorditer
783 1368 1060 1426 dabimus
1084 1372 1311 1441 justam
1344 1376 1403 1428 et
1437 1376 1655 1428 rectam
1704 1377 1941 1429 senten-

284 1458 430 1512 tiam
463 1459 788 1514 secundum
814 1469 1088 1528 canones,
1116 1461 1187 1516 de
1208 1461 1500 1517 discordia
1527 1461 1867 1517 Grossulani
1890 1462 1938 1518 si

282 1547 474 1618 possit
501 1559 632 1604 esse
671 1546 1151 1621 archiepiscopus
1179 1545 1512 1618 Mediolani,
1546 1551 1666 1606 sive
1696 1567 1810 1606 non
1836 1568 1850 1618 ;
1884 1553 1941 1606 et

283 1635 333 1691 si
367 1651 484 1691 non
517 1637 734 1707 poterit
760 1649 910 1703 esse,
942 1639 1014 1693 de
1045 1637 1159 1694 alia
1196 1655 1444 1710 persona
1489 1635 1772 1695 faciemus
1802 1655 1937 1695 con-

283 1725 421 1780 eord
432 1725 543 1780 iter
560 1724 910 1781 catholicam
929 1725 1269 1783 electionem
1292 1727 1352 1782 in
1375 1729 1577 1783 eodem
1591 1727 1684 1783 die
1703 1745 1714 1782 :
1735 1717 1758 1778 'n
1785 1743 1939 1783 eam-

283 1827 400 1885 que
431 1835 460 1863 ‹‹
494 1813 849 1869 sententiam
881 1818 1076 1870 tenere
1104 1837 1132 1865 »
1167 1815 1440 1871 similiter
1479 1817 1782 1886 jurarunt,
1833 1816 1934 1888 qui

281 1902 526 1957 fuerunt
553 1902 626 1956 ab
664 1901 750 1958 eis
775 1903 1124 1980 nominatim
1149 1904 1220 1959 ad
1240 1903 1348 1958 hoc
1370 1904 1556 1975 petiti,
1581 1905 1934 1972 sacerdotes,

281 1988 524 2045 milites.
561 2011 588 2039 «
614 1989 724 2046 Sed
759 2007 893 2046 cum
924 1989 984 2044 in
1015 1990 1223 2046 ultimo
1254 1991 1348 2046 die
1379 1991 1737 2058 Decembris,
1773 2015 1802 2041 »
1845 1993 1934 2047 in-

283 2078 416 2150 quit
445 2078 769 2134 Landulfus
800 2078 858 2133 in
891 2079 1152 2135 Monum.
1178 2097 1234 2151 p.
1258 2079 1384 2146 541,
1410 2103 1439 2131 ‹‹
1461 2080 1772 2136 Ardericus
1803 2080 1933 2137 ille»

280 2165 989 2234 relictusaGr'ossulano,
1039 2166 1503 2240 Hierosolymam
1552 2170 1826 2241 profecto,
1873 2170 1940 2225 in

279 2255 512 2312 civitate
555 2255 832 2322 vicarius,
891 2279 919 2306 «
953 2259 1010 2311 et
1039 2257 1458 2328 septemdecim
1501 2256 1598 2312 alii
1646 2262 1841 2313 essent
1871 2258 1931 2313 in

277 2344 590 2400 concordia
619 2343 872 2416 eligendi
901 2344 1260 2412 Jordanum;
1292 2359 1398 2417 ego
1441 2346 1616 2416 jussu
1666 2346 1930 2415 Andreae,

279 2432 602 2504 primicerii
625 2433 1096 2505 presbyterorum
1128 2437 1596 2489 Decumanorum
1627 2439 1684 2490 et
1703 2434 1936 2492 clerico-

275 2537 414 2576 rum
445 2519 994 2586 Mediolanensium,
1016 2521 1088 2575 ad
1111 2537 1208 2576 eos
1226 2522 1356 2577 veni
1388 2539 1402 2589 ;
1425 2526 1482 2577 et
1502 2527 1566 2578 ut
1585 2523 1710 2594 ipse
1733 2524 1933 2595 primi-

275 2609 472 2665 cerius
503 2608 647 2664 mihi
681 2608 968 2680 praecepit,
997 2608 1082 2664 eis
1115 2609 1259 2676 dixi,
1284 2611 1438 2681 quod
1473 2610 1622 2667 male
1644 2611 1940 2667 conciliati

276 2701 465 2752 erant.
491 2697 906 2752 Verumtamen
930 2696 1044 2767 ipsi
1066 2696 1378 2752 consilium
1401 2715 1516 2752 non
1537 2702 1930 2768 mutaverunt;

276 2786 384 2840 sed
416 2801 589 2840 mane
625 2784 797 2852 facto,
831 2783 1101 2840 videlicet
1131 2783 1404 2840 Kalendis
1433 2785 1742 2842 Januarii»
1792 2787 1932 2844 anni

279 2873 442 2940 1112,
483 2873 567 2927 uti
601 2888 771 2944 porro
804 2871 1018 2944 legitur
1074 2873 1229 2944 apud
1278 2872 1630 2929 Puricellum
1663 2883 1731 2930 ex
1779 2866 1931 2930 Lan-

274 2959 443 3016 dulfo
474 2961 533 3015 in
587 2961 723 3016 Vita
778 2959 1171 3034 Herlembaldi
1218 2977 1352 3033 pag.
1404 2962 1529 3016 412.
1562 2985 1590 3012 ‹‹
1621 2963 1932 3019 Ardericus

271 3049 437 3105 idem
468 3065 600 3104 cum
632 3047 994 3104 vicedomino
1024 3053 1082 3104 et
1128 3050 1349 3105 caeteris
1393 3049 1509 3104 sibi
1535 3051 1926 3121 'conjuratis...

2053 486 2272 540 damna
2300 484 2660 542 Conversam.
2689 509 2718 535 »
2767 486 3007 540 Peracta
3043 485 3224 558 igitur
3272 488 3709 544 consecratione

2051 574 2312 642 Jordani,
2338 595 2366 624 ‹‹
2390 575 2729 630 Mamardus
2746 574 3126 630 Taurinensis
3146 573 3302 630 illico
3330 575 3573 632 Romam
3607 579 3707 633 ad-

2053 662 2174 730 ivit,
2201 667 2256 718 et
2277 663 2487 719 stolam
2518 664 2686 736 petiit
2707 680 2722 731 ;
2742 667 2798 718 et
2820 664 3052 720 rediens
3075 664 3210 719 inde
3233 663 3443 720 stolam
3465 669 3522 719 et
3543 665 3710 722 char-

2052 755 2196 820 tam,
2222 752 2615 808 continentem
2640 756 3072 808 sacramentum
3089 753 3245 824 quod
3268 761 3417 825 papa
3429 755 3707 825 poscebat

2053 839 2391 909 aJordano,
2452 839 2688 908 attulit;
2746 841 2962 912 alioqui
3010 841 3219 897 stolam
3268 841 3393 897 dari
3449 842 3705 898 Jordano

2050 943 2201 999 papa
2230 929 2552 1000 prohibuit,
2585 931 2739 985 sicut
2767 930 2921 984 idem
2971 929 3312 986 Mamardus
3360 931 3598 985 notavit.
3632 933 3707 986 At
3757 950 3771 972 ι

2049 1016 2346 1074 Jordanus
2377 1031 2478 1089 per
2509 1033 2607 1073 sex
2634 1018 2867 1073 menses
2923 1019 3160 1089 jejunus
3211 1019 3340 1086 fuit,
3391 1023 3446 1072 et
3490 1018 3701 1074 stolam

2051 1121 2166 1161 non
2199 1106 2424 1162 habuit.
2459 1129 2486 1156 »

2119 1195 2209 1248 20.
2243 1194 2427 1264 Tunc,
2457 1200 2522 1250 ut
2552 1196 2802 1251 refertur
2839 1211 2973 1267 pag.
3031 1197 3149 1260 145,
3198 1217 3228 1246 ‹‹
3261 1195 3560 1268 presbyter
3609 1197 3701 1250 Li-

2050 1283 2331 1353 prandus,
2355 1284 2413 1338 in
2446 1300 2682 1339 summa
2700 1301 2809 1339 sua
2830 1289 3130 1340 senectute
3159 1284 3406 1356 positus,
3444 1306 3470 1332 η

2049 1371 2177 1442 ejus
2209 1388 2388 1442 nepos
2415 1371 2759 1441 Landulfus,
2791 1393 2818 1425 ‹‹
2839 1373 2982 1428 mihi
3007 1373 3124 1429 ait:
3159 1373 3336 1429 Video
3366 1381 3418 1428 te
3440 1373 3703 1445 aliquan-

2050 1459 2240 1514 tulum
2274 1475 2452 1532 super
2477 1477 2570 1517 me
2598 1462 2942 1518 erubescere
2973 1467 3210 1534 propter
3243 1478 3311 1517 ea
3337 1473 3464 1533 qusi
3497 1463 3698 1518 adver-

2049 1564 2182 1603 sum
2215 1548 2638 1606 Grossulanum
2671 1550 2788 1604 dixi
2810 1555 2867 1606 et
2910 1551 3036 1606 feci.
3084 1552 3194 1605 Sed
3223 1555 3287 1604 ut
3315 1550 3514 1606 minus
3543 1551 3700 1606 idem

2047 1637 2380 1708 erubescas,
2412 1655 2544 1711 vere
2594 1639 2725 1694 dico
2750 1638 2879 1705 tibi,
2913 1639 3065 1710 quod
3101 1655 3207 1711 ego
3258 1637 3420 1693 illam
3462 1645 3702 1694 causam

2049 1740 2278 1781 reservo
2300 1725 2411 1782 soli
2431 1709 2548 1781 Deo
2571 1709 2978 1798 omnipotenti,
3002 1731 3060 1781 et
3075 1709 3215 1781 dum
3241 1730 3510 1798 superest
3539 1731 3700 1798 spes,

2048 1813 2302 1870 multum
2334 1815 2600 1871 desidero
2633 1815 2812 1886 hujus
2841 1815 3049 1870 mundi
3079 1815 3258 1870 vitam
3289 1831 3481 1870 meam
3529 1815 3699 1872 ﬁnire

2044 1903 2104 1956 in
2137 1903 2410 1958 manibus
2439 1919 2663 1972 eorum,
2697 1920 2947 1974 quorum
2979 1903 3339 1974 protectione
3382 1919 3596 1975 corpus
3643 1907 3701 1959 et

2045 1992 2260 2058 anima,
2295 1997 2606 2064 praestante
2635 1993 2833 2047 divina
2862 1993 3068 2065 gratia,
3092 1996 3480 2064 protegatura
3508 1992 3697 2048 mani-

2043 2078 2154 2133 bus
2186 2095 2410 2149 eorum,
2446 2079 2543 2150 qui
2572 2080 2929 2151 protegendo
2954 2077 3404 2146 Grossulanum,
3435 2077 3698 2134 volunta-

2043 2171 2160 2221 tem
2192 2167 2293 2221 Dei
2325 2167 2616 2222 occultare
2644 2167 2957 2223 voluerunt
2986 2172 3042 2223 et
3070 2167 3292 2224 volunt.
3331 2169 3406 2224 De
3453 2167 3700 2223 ecclesia
3742 2230 3749 2236 ,

2043 2258 2238 2310 autem
2263 2255 2374 2310 ista
2392 2255 2830 2323 Mediolanensi,
2871 2257 2930 2311 in
2955 2273 3069 2328 qua
3103 2256 3362 2312 consulis
3394 2253 3540 2311 mihi
3571 2273 3698 2312 ma-

2043 2359 2180 2399 nere
2211 2349 2266 2399 et
2297 2345 2474 2400 vitam
2527 2345 2715 2416 finire,
2746 2345 2896 2411 dico,
2932 2346 3085 2416 quod
3119 2344 3219 2400 illa
3247 2350 3337 2400 est
3372 2343 3540 2412 mihi,
3589 2361 3698 2400 cu-

2042 2432 2224 2503 pienti
2249 2432 2712 2505 Hierosolymam
2745 2433 2925 2498 adire,
2960 2449 3064 2488 ceu
3097 2433 3261 2488 navis
3291 2433 3419 2488 sine
3440 2436 3623 2488 nauta
3642 2438 3701 2489 et

2029 2521 2262 2593 .remige
2292 2522 2351 2576 in
2383 2527 2554 2592 portu
2585 2529 2923 2593 putrescens
2949 2539 2960 2589 ;
2989 2522 3142 2593 quod
3173 2521 3221 2576 si
3244 2521 3453 2576 vixeris
3483 2538 3692 2577 secun-

2039 2610 2182 2664 dum
2213 2614 2439 2665 aetatem
2472 2615 2657 2677 tuam,
2705 2626 2833 2666 eam
2883 2609 3060 2664 talem
3109 2609 3441 2680 experieris.
3503 2610 3695 2680 Hujus

2041 2697 2156 2753 mei
2186 2698 2450 2771 magistri
2482 2697 2792 2754 consilium
2825 2715 3098 2769 sequens,
3123 2714 3258 2752 cum
3285 2697 3489 2752 vellem
3521 2714 3694 2769 pror-
3737 2713 3761 2724 θ’

2040 2803 2144 2842 sus
2177 2787 2475 2842 dimittere
2491 2786 2736 2842 Jordani
2758 2785 3325 2841 administrationem
3355 2784 3582 2841 delatus
3603 2791 3693 2843 est

2039 2875 2164 2946 ipse
2190 2876 2490 2948 presbyter
2530 2875 2603 2930 ad
2647 2874 2901 2930 Pontidii
2943 2874 3387 2941 monasterium,
3439 2890 3532 2929 me
3589 2889 3690 2930 ne-

2040 2964 2274 3019 sciente.
2309 2986 2336 3014 »
2371 2967 2470 3018 Est
2500 2963 2668 3029 illud,
2695 2967 2841 3018 teste
2870 2961 3154 3018 Puricelio
3187 2979 3320 3035 pag.
3366 2964 3490 3029 419,
3522 2967 3689 3018 trans

2037 3052 2302 3108 Adduam
2362 3051 2629 3119 fluvium,
2680 3052 2738 3107 S.
2781 3050 2998 3107 Jacobo
3043 3056 3468 3122 nuncupatum,
3518 3052 3689 3120 cujus

271 3135 574 3210 pulpitum
602 3137 882 3204 ascendit;
902 3143 960 3193 et
976 3137 1126 3193 facto
1148 3136 1379 3193 silentio
1402 3138 1457 3192 in
1476 3139 1710 3210 populo,
1731 3156 1925 3196 coram
1958 3129 2001 3196 C
2039 3139 2221 3197 solius
2249 3141 2485 3195 nomine
2517 3143 2751 3194 notatur
2794 3139 2852 3194 in
2895 3139 3125 3212 mappis
3156 3140 3226 3194 ad
3259 3139 3330 3194 3O
3358 3155 3438 3194 m.
3472 3155 3528 3211 p.
3563 3139 3683 3194 Me-

268 3225 379 3280 illa
411 3226 663 3281 maxima
683 3225 1060 3281 multitudine
1080 3225 1346 3298 loquens,
1379 3225 1560 3281 dixit:
1591 3227 1728 3291 Nos,
1763 3228 1923 3284 salva

267 3313 598 3370 reverentia
623 3331 806 3385 papze,
839 3315 1163 3369 secundum
1213 3314 1620 3370 auctoritatem
1652 3319 1709 3370 et
1743 3314 1922 3386 justi-

266 3403 417 3458 tiam
450 3419 761 3469 canonum,
793 3402 1048 3458 dicimus
1077 3403 1231 3474 quod
1262 3402 1656 3459 Grossulanus
1676 3414 1789 3460 non
1823 3415 1923 3477 po-

273 3494 393 3546 test
411 3506 539 3546 esse
560 3490 1036 3563 archiepiscopus
1058 3489 1386 3547 Mediolani.
1411 3491 1526 3547 leto
1549 3491 1702 3547 dicto
1722 3497 1779 3548 et
1797 3509 1928 3548 con-

271 3578 529 3645 ﬁrmato,
552 3578 708 3634 illico
729 3580 1134 3651 presbyterum
1154 3579 1478 3636 Jordanum
1501 3578 1570 3635 de
1591 3579 1730 3636 Clivi
1752 3580 1928 3653 elegit

270 3667 335 3721 in
369 3666 892 3740 archiepiscopum.
1097 3724 1113 3736 ,

348 3756 439 3811 19.
504 3779 532 3806 ‹‹
570 3761 689 3812 Hoc
747 3773 880 3812 cum
940 3757 1244 3829 presbyter
1299 3757 1630 3830 Liprandus
1685 3758 1929 3827 audivit,

271 3850 532 3918 aegrotus
563 3862 593 3902 e
623 3844 772 3900 lecto
793 3845 1066 3914 surrexit,
1098 3849 1157 3901 et
1202 3846 1262 3901 in
1294 3846 1476 3903 altera
1505 3847 1598 3904 die
1629 3846 1714 3902 illi
1747 3847 1930 3903 electo

272 3933 504 4005 piscem
555 3934 788 4002 obtulit,
841 3933 1340 3990 dicens:Gratias
1392 3940 1528 4002 Deo,
1587 3937 1740 4007 quod
1775 3952 1932 3990 nunc

277 4021 429 4077 mihi
445 4019 1205 4093 testimoniumfperhibetis.
1228 4021 1340 4077 Sed
1357 4022 1416 4077 hi
1440 4024 1541 4092 qui
1560 4027 1614 4078 te
1635 4022 1935 4094 elegerunt

273 4109 342 4165 in
370 4111 897 4183 archiepiscopum,
921 4108 1074 4164 male
1095 4109 1373 4176 fecerunt,
1397 4113 1453 4166 et
1479 4111 1633 4166 Deus
1672 4110 1792 4166 illis
1824 4111 1936 4165 mi-

275 4203 567 4268 sereatur;
587 4200 725 4271 quia
744 4203 806 4254 tu
826 4214 1030 4271 posses
1042 4213 1169 4254 esse
1184 4215 1338 4254 unus
1350 4198 1541 4254 bonus
1554 4200 1854 4272 presbyter
1865 4200 1936 4256 de

275 4287 724 4356 claustro,nunc
741 4292 936 4343 autem
959 4286 1258 4342 masculus
1276 4287 1394 4359 (sic)
1407 4291 1550 4343 esto.
1576 4287 1719 4342 Cum
1741 4294 1936 4344 autem

280 4376 510 4434 electus
535 4377 652 4444 ille,
676 4392 781 4432 nec
812 4375 1026 4448 aliquis
1047 4391 1116 4431 ex
1145 4379 1231 4430 tot
1250 4376 1789 4445 circumstantibus,
1822 4376 1935 4448 ipsi

2032 3228 2283 3283 diolano.
2327 3228 2622 3283 Fundator
2640 3229 2768 3298 ejus
2796 3227 3062 3282 Albertus
3093 3244 3245 3283 anno
3263 3228 3403 3282 1095
3430 3227 3679 3296 obierat,

2033 3318 2294 3389 adeoque
2323 3333 2523 3372 recens
2552 3315 2632 3371 ibi
2654 3316 2847 3371 adhuc
2868 3314 3177 3387 disciplina
3206 3321 3346 3371 erat.
3373 3337 3400 3364 «
3435 3315 3678 3388 Presby-

2032 3409 2155 3460 t‘ero
2187 3404 2381 3460 autem
2407 3405 2697 3476 Liprando
2733 3405 2920 3476 posito
2943 3403 3001 3458 in
3024 3403 3276 3459 Pontidii
3299 3403 3677 3474 monasterio,

2035 3494 2192 3550 fama
2211 3493 2282 3549 de
2298 3493 2960 3560 Grossulano,redeunte
2977 3493 3048 3548 ab
3067 3492 3681 3565 Hierosolymis,aures

2033 3581 2273 3637 Jordani
2293 3586 2350 3636 et
2380 3581 2807 3636 ordinariorum
2842 3581 2970 3652 ejus
3000 3578 3301 3652 implevit;
3347 3585 3406 3637 et
3434 3582 3681 3637 Mamar-

2037 3670 2150 3726 dus
2173 3669 2556 3726 Taurinensis
2579 3669 2890 3741 episcopus
2912 3668 3122 3724 iterum
3165 3668 3560 3724 Mediolanum
3589 3685 3682 3724 ve-

2038 3759 2162 3826 nit;
2211 3761 2386 3832 atque
2436 3757 2670 3823 stolam,
2723 3774 2901 3828 quam
2949 3757 3009 3810 in
3059 3757 3400 3828 praecedenti
3447 3757 3622 3812 Junio
3654 3777 3684 3806 ››

2039 3848 2143 3918 (ita
2172 3846 2508 3918 legendum,
2541 3862 2656 3900 non
2683 3849 2880 3900 autem
2929 3848 2994 3899 ut
3040 3844 3216 3899 habet
3262 3861 3372 3899 ms.
3421 3860 3513 3899 res
3556 3844 3686 3916 ipsa
3779 3849 3794 3862 "

2040 3934 2322 4005 loquitur)
2356 3955 2376 3981 α
2413 3933 2538 3988 sine
2571 3936 2936 3988 sacramento
2985 3931 3240 3988 Jordano
3289 3933 3427 3988 dare
3474 3931 3686 4000 noluit,

2042 4039 2230 4093 neque
2261 4021 2454 4076 dedit:
2503 4037 2679 4086 nunc,
2733 4018 3001 4075 videlicet
3045 4020 3104 4075 in
3160 4021 3306 4076 festo
3353 4021 3411 4077 S.
3445 4019 3688 4088 Nicolai,

2042 4110 2276 4184 quando
2323 4110 2628 4181 presbyter
2677 4108 3002 4181 Liprandus
3047 4109 3381 4165 Pontidium
3429 4109 3688 4178 intravit,

2044 4216 2220 4272 super
2249 4197 2428 4254 altare
2451 4197 2510 4252 S.
2540 4197 2833 4252 Ambrosii
2855 4197 3088 4269 posuit:
3123 4221 3151 4248 «
3181 4202 3236 4253 et
3264 4198 3583 4266 Jordanus,
3605 4214 3696 4253 os-

2045 4287 2249 4344 culans
2293 4301 2422 4341 eam
2454 4286 2524 4341 de
2553 4285 2681 4357 ipso
2710 4285 2880 4341 altari
2913 4286 3204 4359 sumpsit:
3238 4303 3364 4358 quae
3396 4286 3604 4358 positio
3635 4290 3694 4341 et

2046 4373 2396 4446 assumptio,
2452 4374 2796 4430 absentibus
2853 4375 3163 4430 ordinariis
3220 4379 3277 4430 et
3321 4371 3691 4445 primiceriis,

276 4467 625 4539 presbytero
649 4464 1068 4553 respondiSset,
1091 4464 1532 4553 presbyteripse
1551 4465 1938 4538 propinquius
1965 4485 2014 4553 D
2047 4463 2198 4553 facta
2227 4461 2358 4553 fuit.

278 4553 558 4620 accessit,
590 4557 649 4608 et
679 4550 979 4623 osculatus
1019 4551 1368 4618 Jordanum,
1416 4552 1568 4608 sicut
1621 4565 1806 4608 unum
1865 4554 1936 4609 de

281 4640 518 4696 cceteris
547 4639 972 4705 sacerdotibus,
1005 4639 1263 4710 reliquit.
1292 4661 1321 4689 »
1371 4639 1683 4696 Februario
1732 4641 1941 4696 deinde

285 4746 517 4798 mense,
539 4730 834 4785 Jordanus
857 4745 890 4784 a
916 4728 1300 4801 suifraganeis
1325 4729 1672 4801 Landulpho
1687 4729 1948 4801 Astensi,

289 4818 532 4878 Arialdo
562 4817 846 4874 Januensi
880 4822 936 4872 et
963 4816 1261 4872 Mamardo
1283 4817 1627 4873 Taurinensi
1649 4823 1948 4874 Consecra-

287 4914 396 4964 tus
415 4907 546 4973 fuit,
581 4906 781 4979 utique
801 4905 1149 4960 assentiente
1167 4905 1426 4961 Paschale
1446 4923 1616 4978 papa,
1635 4911 1692 4961 et
1710 4907 1956 4962 tandem-

288 4996 360 5050 in
392 4993 709 5050 Grossulani
737 4991 1158 5064 depositionem
1215 4993 1612 5049 consentiente
1661 5010 1763 5066 per
1819 5011 1950 5050 sen-

290 5083 567 5150 tentiam,
597 5097 716 5153 qua
737 5103 765 5130 ‹‹
790 5080 1088 5152 prohibuit
1108 5081 1532 5138 Grossulanum
1565 5082 1952 5138 Mediolanen-

293 5187 426 5228 sem
460 5170 774 5226 Ecclesiam
807 5168 1154 5240 inquietare,
1189 5175 1246 5226 et
1275 5171 1346 5226 ad
1378 5170 1719 5243 episcopum
1752 5193 1781 5222 »
1813 5171 1976 5240 Sao-V

298 5277 567 5329 nensem,
593 5260 761 5331 cujus
779 5258 916 5314 olim
939 5264 1274 5331 sumpserat
1294 5260 1793 5331 possessionem,«
1810 5260 1957 5315 dixit

299 5365 438 5405 eum
472 5349 696 5418 redire;
732 5369 761 5398 »
797 5349 997 5404 addita
1027 5347 1272 5412 ratione,
1301 5350 1452 5420 quod
1479 5366 1612 5406 cum
1648 5371 1674 5398 ‹‹
1705 5349 1955 5404 transla-

299 5437 493 5494 tiones
526 5437 936 5510 episcoporum
966 5437 1199 5493 duobus
1248 5437 1375 5493 ﬁeri
1406 5438 1596 5495 modis
1626 5460 1654 5488 ››
1708 5439 1955 5510 possint,

303 5531 615 5602 appareret
645 5526 952 5584 manifeste
983 5525 1330 5585 Grossulani
1358 5548 1388 5582 ι(
1418 5526 1823 5588 translationis
1853 5527 1961 5586 uti-

627 5655 893 5721 ΡΑτειοι.
937 5652 1200 5725 CXLIII.

2115 4552 2206 4606 2|.
2241 4571 2269 4601 «
2307 4551 2612 4624 Presbyter
2640 4572 2668 4600 »
2713 4555 2905 4606 autem
2963 4572 2991 4599 «
3027 4549 3370 4623 Liprandus,
3419 4548 3478 4604 in
3511 4571 3540 4598 ››
3583 4549 3698 4604 isto

2059 4661 2086 4693 α
2115 4638 2490 4706 monasterio,
2511 4654 2703 4693 coram
2733 4638 3035 4694 monachis
3066 4643 3122 4693 et
3151 4638 3450 4705 fratribus,
3483 4655 3516 4694 a
3552 4639 3698 4694 festo

2053 4732 2109 4783 S.
2142 4727 2362 4784 Nicolai
2397 4744 2584 4798 usque
2632 4727 2703 4780 ad
2754 4727 2968 4781 festum
3017 4725 3352 4798 Epiphaniae
3383 4726 3636 4791 Domini,
3667 4748 3698 4776 ››

2056 4834 2209 4872 anno
2239 4816 2396 4878 1113,
2429 4837 2456 4864 ‹‹
2481 4813 2806 4886 splendide,
2830 4835 2858 4864 »
2883 4814 2940 4868 id
2958 4817 3047 4870 est
3067 4830 3197 4869 cum
3225 4831 3437 4886 magna
3457 4814 3700 4875 (adiﬁca-

2058 4905 2236 4973 tione,
2276 4924 2302 4955 α
2331 4903 2492 4969 vixit,
2528 4907 2702 4974 atque
2733 4903 2790 4956 in
2821 4902 3084 4973 ejusdem
3133 4902 3465 4959 festivitatis
3511 4907 3698 4972 nocte,

2059 4993 2295 5066 quando
2325 4990 2599 5063 spiritum
2623 4988 2840 5059 emisit,
2866 5006 3116 5062 magnus
3138 4995 3193 5046 et
3213 4991 3408 5047 suavis
3429 4991 3706 5064 splendor

2061 5082 2300 5136 domum
2336 5079 2394 5133 in
2418 5078 2801 5150 quajacebat,
2820 5078 3248 5135 admirantibus
3269 5078 3704 5136 circumstanti-
3736 5115 3740 5118 -

2063 5171 2198 5238 bus,
2219 5167 2549 5236 illustravit,
2598 5171 2654 5223 et
2674 5168 2758 5223 sic
2786 5167 2915 5238 ipse
2937 5169 3280 5240 praedixerat
3310 5168 3608 5222 fratribus.
3644 5167 3707 5222 In

2064 5259 2165 5314 illa
2194 5257 2356 5324 hora,
2391 5257 2623 5327 quando
2656 5274 2866 5327 corpus
2897 5259 3025 5327 ejus
3055 5258 3402 5312 efferebatur
3423 5256 3490 5310 ad
3519 5253 3710 5326 sepul-

2066 5365 2252 5412 crum,
2286 5346 2428 5402 solis
2461 5345 2736 5416 splendor
2765 5361 2956 5400 aerem
3004 5343 3386 5412 illuminavit;
3432 5348 3489 5399 et
3525 5343 3712 5398 nubes

2069 5454 2198 5492 cum
2224 5437 2352 5491 nive
2382 5434 2648 5489 cessavit.
2674 5434 2804 5505 Ipso
2826 5450 3055 5504 quoque
3074 5433 3410 5504 presbytero
3432 5431 3713 5488 existente

2067 5526 2128 5584 in
2158 5525 2296 5594 vita,
2330 5539 2464 5583 cum
2501 5521 2894 5582 Grossulanus
2936 5527 2994 5582 et
3039 5521 3228 5581 caeteri
3268 5520 3712 5582 Grossulanista

3311 5650 3390 5722 48

3509 1285 3704 1356 inquit
3782 1317 3789 1322 -
