4152 6194
501 216 656 280 1515

1737 219 1802 283 S.
1836 221 2155 284 ARIALDI
2199 220 2654 285 CONCIONES.

3734 214 3893 280 1516

495 353 1010 410 calumniabantur
1035 366 1170 409 eum
1201 356 1259 409 et
1282 369 1449 410 suam
1472 353 1659 426 legem
1686 373 1698 422 ;
1733 355 1944 410 nobilis
1970 357 2135 412 miles
2165 363 2220 426 Α
2249 358 2486 428 quidem
2515 362 2571 412 et
2600 356 2716 411 luci
2749 358 2979 428 paratae,
3015 352 3116 411 sed
3147 368 3451 426 nunquam
3494 352 3685 420 edite,
3732 354 3892 424 quod

498 442 868 499 Placentinus
900 444 969 498 de
1009 442 1277 499 faucibus
1326 443 1552 510 mortis,
1605 444 1674 498 ad
1718 444 1953 499 laudem
2014 447 2140 514 ejus

497 537 732 605 ereptus
761 537 868 588 est.
901 533 1068 600 Quia,
1100 549 1234 588 cum
1295 531 1465 588 miles
1521 532 1620 588 ille
1677 539 1831 589 esset
1880 535 2046 604 quasi
2081 535 2136 587 in

497 638 724 689 somno,
759 620 944 677 sensit
984 621 1141 677 hunc
1189 622 1592 693 presbyterum
1653 623 1886 694 palpare
1940 627 2142 693 guttur

497 726 672 764 suum
702 727 714 776 ;
747 714 804 764 et
829 709 1024 764 statim
1048 711 1303 765 evomuit
1324 727 1388 766 os
1419 711 1616 782 piscis,
1641 712 1796 781 quod
1820 711 2141 765 suffocabat

495 814 652 853 eum.
687 798 902 853 Eodem
925 798 1096 853 etiam
1126 803 1388 870 tempore
1418 815 1550 853 cum
1587 800 1797 854 domus
1829 799 2135 869 cujusdam

496 886 690 940 affinis
721 891 776 941 et
805 885 917 941 sibi
961 886 1322 958 attingentis,
1370 889 1620 953 arderet,
1671 893 1902 959 repente
1952 888 2140 941 imber

495 975 626 1045 fuit,
659 979 714 1030 et
746 973 974 1046 paleam
1004 979 1060 1030 et
1089 977 1328 1031 domum
1359 976 1545 1047 ipsius
1570 976 1888 1048 presbyteri
1920 977 2140 1048 integre

496 1064 764 1119 servavit.
798 1063 960 1128 Quod
995 1064 1044 1119 si
1077 1080 1370 1121 currerem
1404 1083 1505 1137 per
1554 1065 1788 1136 singula
1825 1083 1950 1136 quae
1984 1066 2136 1130 fecit,

495 1153 564 1207 ad
591 1152 821 1208 laudem
845 1154 996 1224 ejus,
1023 1153 1292 1209 deficeret
1314 1154 1554 1226 spiritus
1578 1171 1812 1210 meus...
1832 1156 1938 1209 Sed
1965 1157 2136 1220 Deus,

494 1241 594 1312 qui
626 1258 730 1312 per
757 1242 956 1297 omnia
984 1241 1194 1297 saecula
1221 1243 1360 1297 vivit
1390 1247 1446 1298 et
1475 1247 1696 1314 regnat,
1732 1261 1885 1298 nunc
1917 1249 1971 1298 et
1993 1261 2139 1298 sem-

492 1346 616 1402 per,
649 1330 855 1385 anima:
886 1331 1012 1402 ejus
1042 1332 1364 1386 benedicat.
1399 1337 1603 1387 Amen.
1640 1354 1667 1381 ››

562 1421 651 1473 22.
687 1419 979 1475 Hactenus
1013 1419 1331 1474 Landulfus
1382 1444 1408 1469 ‹‹
1439 1421 1714 1491 Liprandi
1755 1423 2072 1493 presbyteri
2108 1447 2129 1474 ι

491 1525 560 1564 ex
590 1524 787 1563 sorore
818 1524 1019 1579 nepos,
1043 1527 1076 1563 a
1096 1509 1174 1562 Pu
1186 1508 1379 1563 ricello
1401 1510 1647 1563 transcri
1656 1515 1810 1580 ptus,
1842 1512 2052 1581 partim
2078 1511 2135 1564 in

491 1596 888 1668 Monumentis
916 1597 1310 1652 Ambrosianze
1341 1597 1616 1666 basilicae,
1651 1599 1862 1669 partim
1896 1616 1961 1654 ac
1992 1617 2132 1670 prae-

490 1684 657 1756 cipue
686 1683 747 1739 in
778 1684 880 1740 lib.
937 1702 992 1739 ιν
1023 1686 1099 1741 De
1160 1687 1257 1740 SS.
1318 1685 1549 1742 Arialdo
1589 1691 1645 1741 et
1701 1687 2129 1755 Horlembaldo,

489 1789 740 1846 quorum
769 1773 1052 1829 librorum
1085 1774 1254 1829 citavi
1285 1775 1550 1847 paginas,
1576 1777 1852 1847 quoniam
1881 1777 2004 1848 ipse
2036 1794 2131 1832 au-

488 1866 612 1918 ctor
640 1862 923 1918 hactenus
949 1863 1204 1919 ineditus
1254 1868 1470 1931 manet,
1531 1880 1692 1936 asque
1742 1882 1807 1920 ac
1862 1865 2131 1922 Historiae

483 1952 741 2010 Senioris
774 1952 1039 2008 Landulfi
1071 1957 1127 2008 et
1155 1953 1401 2019 Arnulfl,
1440 1971 1473 2008 a
1517 1953 1798 2010 Puricello
1829 1956 2130 2026 promissa:

2247 446 2519 517 equidem
2552 446 2754 500 sciam.
2789 445 3070 500 Czeterum
3103 461 3208 498 nec
3239 444 3365 516 ipse
3407 459 3510 498 nec
3541 441 3694 497 alius
3727 441 3894 514 quis-

2249 551 2427 604 quam
2460 533 2728 589 mcminit
2754 533 2930 589 ullius
2953 533 3146 589 cultus
3169 533 3461 605 Liprando
3487 537 3552 588 ut
3570 532 3744 587 beato
3766 535 3897 602 post

2249 627 2494 677 mortem
2527 623 2815 694 impensi;
2850 623 2948 677 sed
2998 639 3184 692 neque
3233 638 3541 693 superesse
3569 621 3808 675 videtur
3836 619 3894 674 in

2249 711 2492 767 ecclesia
2516 711 2873 766 Pontidiensi
2908 711 3060 765 intra
3085 710 3170 765 vel
3189 712 3362 780 juxta
3383 725 3562 782 quam
3591 707 3895 780 sepultum

2248 801 2471 870 opinari
2501 799 2654 859 licet.
2675 803 3117 854 monumentum
3137 798 3392 853 defuncti
3414 797 3634 861 ullum;
3659 796 3897 868 quando

2248 887 2394 942 nihil
2428 887 2766 959 hujusmodi
2794 887 3034 942 adducit
3055 885 3397 952 Puricellus,
3419 885 3750 940 omniahuc
3775 901 3899 955 spe-

2249 977 2465 1031 ctantia
2486 977 2916 1032 studiosissime
2933 979 3249 1030 scrutatus.
3269 973 3412 1054 Mihi
3431 979 3626 1028 tamen
3642 973 3715 1027 ad
3736 972 3895 1027 diem

2247 1067 2685 1136 praecedentem,
2749 1065 2847 1120 ubi
2907 1068 3100 1120 actum
3152 1064 3222 1118 de
3277 1064 3334 1117 S.
3369 1063 3586 1118 Davide
3635 1061 3895 1116 solitario

2247 1156 2327 1208 Th
2337 1153 3010 1224 essalonicensi,Papiam
3023 1169 3157 1208 vero
3169 1150 3737 1208 similitertranslato
3747 1167 3900 1218 ,c-on-

2241 1245 2470 1313 jectura
2483 1243 2656 1312 venit,
2672 1243 2810 1298 illuc
2828 1242 3092 1299 Pontidio
3109 1240 3460 1297 translatum
3478 1241 3658 1296 etiam
3681 1254 3897 1310 corpus

2247 1336 2348 1388 aut
2367 1349 2501 1388 ossa
2520 1333 2784 1404 quaedam
2812 1355 2837 1380 «
2866 1331 3142 1403 Liprandi
3165 1328 3487 1402 presbyteri
3511 1347 3525 1395 ;
3551 1350 3579 1377 »
3599 1327 3895 1399 siquidem

2247 1421 2396 1477 inter
2426 1421 2724 1493 reliquias,
2747 1420 2879 1476 istic
2908 1423 3166 1491 repertas
3196 1418 3350 1490 apud
3381 1416 3718 1489 sepulcrum
3740 1415 3898 1487 regis

2246 1511 2608 1582 Luitprandi,
2643 1526 2794 1565 anno
2824 1510 2959 1563 1514
2989 1509 3082 1563 die
3110 1509 3178 1562 24
3223 1506 3390 1572 Julii,
3440 1511 3643 1578 praeter
3689 1527 3719 1554 «
3761 1521 3902 1560 ossa

2246 1604 2300 1654 et
2331 1597 2554 1654 cineres
2584 1598 2770 1670 ipsius
2801 1599 2860 1653 S.
2894 1597 3093 1664 David,
3131 1618 3157 1644 »
3190 1599 3462 1650 censetur
3490 1594 3663 1649 etiam
3695 1593 3900 1664 aliqua

2249 1710 2274 1736 ‹‹
2308 1689 2365 1742 S.
2401 1688 2636 1743 Thomas
2671 1686 2944 1758 martyris
2973 1690 3030 1740 et
3057 1685 3116 1740 S.
3151 1683 3446 1756 Liprandi,
3480 1706 3510 1733 »
3565 1699 3672 1738 nec
3725 1680 3898 1737 facile

2161 1745 2207 1808 B
2238 1780 2325 1832 est
2347 1775 2525 1831 alium
2549 1777 2725 1846 hujus
2749 1773 3006 1831 nominis
3027 1773 3307 1838 invenire,
3327 1772 3420 1829 cui
3436 1771 3693 1844 potuerit
3715 1771 3894 1826 datus

2241 1866 2420 1921 fuisse
2447 1864 2654 1920 titulus
2688 1864 2894 1920 sancti.

485 2144 3897 2179 Μ

1460 2303 2072 2406 εΔΝατι

2185 2305 2897 2406 ΑΒιΑιυι

1733 2527 2450 2624 CONCIONES
2548 2529 2636 2620 II

1148 2770 1308 2875 AD
1419 2757 2026 2877 CLERICOS
2119 2766 3205 2876 MEDIOLANENSES.

1717 2989 1807 3051 De
1851 2990 2205 3052 continentia
2249 2989 2640 3052 sacerdotum.

1875 3303 2345 3398 CONCIO
2418 3304 2486 3394 Ι.

1405 3481 1616 3552 (Exstat
1644 3498 1760 3552 cap.
1795 3482 1848 3548 4,
1878 3499 2033 3537 num.
2059 3485 2111 3550 8,
2152 3483 2285 3539 Vita:
2319 3481 2548 3538 Arialdi
2574 3497 2746 3553 supra
2773 3479 2957 3536 editae.

1859 3765 2324 3862 CONCIO
2376 3768 2493 3859 II.

1056 3946 1211 4018 (Vide
1241 3948 1299 4003 in
1326 3945 1586 4005 Chronico
1617 3945 1871 4017 Landul/i
1900 3946 2166 4018 Senioris,
2197 3947 2518 4018 Pati-alogias
2545 3947 2675 4002 tom.
2713 3944 2949 4013 CXLVII,
2980 3943 3081 3999 col.
3114 3942 3260 4014 935).

1917 4231 2384 4328 CONCIO

531 4406 637 4474 Ad
666 4408 1164 4478 Alexandrum
1195 4429 1488 4499 papam,
1525 4411 1822 4479 natione
1869 4410 2514 4492 Mediolanensem,
2551 4412 2629 4477 ut
2669 4407 3264 4478 Herlembaldum
3306 4406 3820 4477 Vexilliferum

1850 4527 2194 4596 Ecclesim
2245 4527 2488 4595 faciat.

1763 4723 1930 4798 (Vide
1961 4725 2057 4780 ubi
2085 4739 2272 4797 supra,
2303 4724 2403 4780 col.
2435 4722 2584 4796 917).
