4152 6194
499 283 655 348 1519

1602 284 1669 346 S.
1716 281 2058 346 ANNONIS
2102 282 2471 347 ARCHIEP.
2518 283 2798 348 COLON.

3741 221 3902 342 ηερ

501 419 671 476 culus
689 435 756 475 ex
787 415 1112 474 abundanti
1142 413 1340 472 laetitia
1369 415 1692 488 gratiarum
1723 420 1856 471 vota
1892 416 2064 471 corde
2093 420 2150 471 et
2178 420 2232 487 Α
2261 419 2336 472 tis
2354 418 2650 488 jacentem
2683 434 2814 472 cum
2847 416 2999 471 idem
3027 409 3379 488 venerabilis
3405 409 3494 488 vir
3525 409 3905 488 imperatoria

504 509 602 548 ore
630 492 745 547 Deo
771 488 1127 562 persolvens,
1159 489 1242 562 sic
1273 489 1511 542 demum
1540 505 1856 542 conversus
1886 489 1958 562 ad
1990 504 2147 562 eum,

505 563 623 620 ait:
657 564 737 617 En
769 559 874 633 ego
906 561 1167 633 proximo
1217 560 1344 633 lpce
1374 575 1737 626 recessurus,
1771 559 2153 633 professionis

506 631 829 710 etordinis
849 633 961 686 mei
993 631 1206 710 locum,
1233 631 1349 685 Deo
1369 636 1786 710 prosperante,
1805 631 2154 710 quantocius
2198 683 2210 692 ,

509 705 680 760 adibo
706 721 718 758 :
754 707 818 757 tu
847 719 1002 772 vero,
1027 701 1130 771 ﬁli,
1152 701 1490 758 domesticis
1511 701 1753 772 abjectis
1774 702 2154 772 impedimen-

508 775 606 842 tis,
641 774 791 829 clam
819 778 994 844 patre
1020 779 1120 827 tuo
1161 773 1487 841 discedens,
1519 773 1579 826 in
1611 773 1814 826 itinere
1847 790 1939 826 me
1969 779 2157 827 trans-

510 851 744 902 euntem
772 843 1125 916 praestolare,
1160 844 1267 898 hoc
1288 848 1511 899 certum
1537 850 1729 898 mente
1744 844 1985 911 habens,
2013 861 2157 916 nun-

512 933 689 989 quam
720 914 868 971 teab
901 914 999 970 illo
1031 915 1586 989 deserendum,isub
1626 918 1794 989 cujus
1847 915 2156 989 protectio-

513 985 605 1043 nis
626 987 749 1042 alas
777 1003 932 1042 nunc
954 987 1242 1057 confugis,
1275 988 1657 1058 quoadusque
1689 985 1747 1040 in
1772 1003 1934 1056 spem
1959 991 2010 1040 et
2035 985 2157 1058 glo:

513 1059 659 1115 riam
677 1058 869 1129 totius
881 1057 1109 1129 generis
1126 1059 1232 1124 tui,
1258 1057 1373 1112 non
1396 1059 1566 1112 modo
1588 1057 2031 1129 temporalibus,
2057 1057 2157 1129 sed

512 1135 572 1186 et
601 1129 830 1184 aeternis
857 1127 916 1183 in
949 1128 1090 1183 ccelo
1121 1129 1446 1184 commodis
1467 1135 1523 1183 et
1542 1127 1928 1199 dignitatibus
1951 1127 2159 1198 ampli-

514 1200 725 1256 ﬁceris.
750 1200 896 1264 Quid
929 1199 1097 1270 plura
1116 1199 1143 1252 ‘I
1173 1204 1341 1254 Anno
1366 1216 1509 1269 puer
1530 1216 1643 1253 non
1668 1199 1968 1270 pueriliter
1993 1200 2160 1252 aufu-

555 1272 704 1339 iens,
735 1277 799 1326 ut
828 1269 1208 1342 praémonitus
1239 1271 1448 1334 fuerat,
1481 1271 1634 1342 inter
1670 1269 1885 1342 l'ruteta
1915 1269 2161 1324 salicum

555 1289 704 1339 iens,
735 1289 799 1326 ιη
828 1289 1208 1342 praemonitus
1239 1289 1448 1334 luerat,
1481 1289 1634 1324 inter
1671 1289 1885 1324 iruteta
1915 1289 2161 1324 salicum

513 1289 771 1406 gelituit,
805 1342 988 1396 donec
1009 1359 1042 1395 a
1072 1345 1450 1412 praetereunte
1475 1341 1672 1395 furtim
1693 1341 1962 1395 sublatus
1987 1357 2165 1412 avun-

517 1414 647 1470 culo
672 1414 730 1467 in
755 1412 954 1468 schola
983 1410 1558 1483 Babinbergensium,
1593 1412 1690 1481 qui
1717 1416 1854 1466 tunc
1883 1410 2164 1481 temporis

518 1483 862 1555 disciplinae,
913 1482 1213 1555 religionis
1247 1482 1312 1536 ac
1358 1482 1536 1555 studii
1576 1483 1806 1555 fervore
1847 1484 2073 1537 cunctis
2103 1483 2163 1535 in

517 1553 830 1610 Germania
857 1553 1291 1624 praeponebant,
1325 1553 1621 1607 succiduis
1652 1554 2014 1624 temporibus
2046 1569 2166 1607 ma-

519 1642 700 1698 gnum
720 1623 986 1698 Ecclesize
1013 1624 1700 1698 documentumfuturus,
1728 1623 1797 1678 ad
1826 1625 2048 1678 litteras
2071 1640 2166 1694 po-

519 1694 673 1752 situs
698 1701 807 1752 est.
841 1696 902 1750 In
937 1712 1050 1766 quo
1082 1695 1276 1750 studio
1307 1694 1789 1765 perincrementa
1811 1699 2163 1765 temporum,

521 1765 1082 1860 acqres‘cente.siinu.l
1105 1767 1311 1860 ardore
1343 1766 1624 1860 discendi,
1647 1772 1840 1860 speet
1861 1766 2164 1860 gratialco-
2197 1797 2244 1860 B

523 1839 662 1894 mite
687 1837 846 1892 illius
878 1836 1068 1891 intimi
1103 1836 1387 1908 magistri,
1413 1838 1484 1891 de
1507 1853 1620 1906 quo
1647 1836 2162 1902 Veritas'testatur,

527 1933 547 1959 α
574 1909 827 1981 Spiritus
877 1909 994 1981 ubi
1023 1907 1146 1981 vult
1195 1908 1379 1978 spirat
1419 1909 1754 1981 (Joansm):
1805 1932 1830 1956 ››
1882 1909 2167 1981 maximas

521 1978 917 2036 humanorum
942 1979 1389 2051 divinorumque
1407 1978 1771 2033 voluminum
1787 1981 1936 2034 acris
1953 1978 2168 2051 ingenii

523 2051 860 2108 adolescens
889 2049 1356 2122 bausitrdivitias,
1382 2051 1537 2104 unde
1558 2056 1759 2122 postea
1785 2068 1888 2106 suo
1913 2049 2170 2122 tem—pore

522 2122 759 2178 creditis
791 2122 901 2176 sibi
925 2121 1156 2192 populis
1179 2126 1465 2176 eructaret
1495 2138 1643 2175 nova
1672 2127 1728 2176 et
1755 2127 1964 2177 vetera.
1999 2121 2171 2192 Ouid-

525 2194 666 2266 quid
694 2194 762 2248 ad
797 2191 1180 2248 exercendum
1211 2192 1533 2266 ingenium,
1559 2193 1840 2266 quidquid
1875 2191 2171 2266 adrnobili:

526 2261 735 2320 tandos
768 2280 960 2319 mores
992 2261 1349 2333 competens,
1383 2269 1440 2317 et
1463 2261 1794 2332 jucundum
1819 2263 2060 2318 auribus
2083 2261 2171 2317 vel

525 2335 712 2392 oculis
744 2351 872 2390 sese
902 2334 1199 2406 offerebat,
1231 2334 1429 2388 statim
1461 2339 1524 2406 ut
1556 2334 1680 2404 apis
1714 2336 2172 2406 prudentissima

527 2405 860 2486 ingeniose.
886 2404 1273 2486 perlustrans,
1301 2403 1544 2486 “aveolo'
1592 2403 1782 2486 cordis
1841 2406 2056 2486 intulit,
2095 2408 2175 2486 ‘et

527 2474 653 2532 suis
667 2474 1019 2548 quandoque
1031 2474 1762 2548 armisGoliathinfandissi
1774 2479 1962 2547 mumj
1975 2475 2176 2548 ugula-

527 2545 701 2603 turus
742 2548 792 2614 (I
821 2547 1144 2618 Reg._xvu),
1169 2545 1300 2618 jugi
1336 2546 1708 2600 meditatione
1738 2545 2040 2602 torrentes
2055 2547 2172 2601 elo-

529 2618 781 2691 quentiae
799 2615 1112 2691 saecularis,
1129 2615 1296 2691 quasi
1313 2633 1415 2691 per
1430 2621 1698 2691 naturam
1711 2617 1890 2691 victor
1902 2619 2170 2674 obtinuit.

515 2688 565 2717 ’“
601 2690 649 2745 ΙΙ
692 2691 790 2760 (1).
851 2689 986 2743 Mire
1054 2688 1270 2758 proﬁcit
1330 2690 1388 2742 in
1472 2689 1689 2744 litteris.
1775 2690 1852 2743 Ab
1935 2691 2174 2744 Henrico

528 2762 899 2832 imperatore“
925 2761 986 2814 in
1037 2761 1312 2832 palatium
1375 2761 1679 2832 asciscitur.
1740 2762 1934 2815 Forma
1988 2776 2174 2832 corpo-

528 2830 775 2903 ris’ejus.
803 2902 812 2903 ί
837 2830 1044 2903 Ηίεᾼββ
1084 2830 1423 2903 hujusmodi
1459 2832 1815 2901 profectibus
1874 2832 1931 2885 in
1990 2831 2174 2886 altum

529 2901 688 2958 velut
719 2902 928 2957 cedrus
956 2901 1158 2956 Libani
1188 2918 1582 2970 succrescens,
1617 2903 1717 2957 ubi
1766 2903 1944 2957 robur
1995 2903 2176 2958 virilis

531 2974 718 3028 aetatis
773 2973 1090 3044 ingressus
1136 2979 1246 3037 est,
1307 2973 1582 3044 magister
1639 2974 1970 3029 scholarum
2030 2973 2175 3028 inibi

531 3045 792 3117 effectus,
823 3043 1129 3114 probitatis
1168 3061 1290 3117 suae
1321 3049 1378 3099 et
1414 3043 1703 3099 ’virtutum
1762 3061 1955 3099 ramos
2007 3045 2176 3117 longe

516 3115 762 3187 lateque
793 3132 896 3187 per
923 3131 1024 3188 ora
1063 3115 1382 3188 multorum
1440 3117 1613 3188 ccepit
1663 3117 1990 3170 extendere.
2039 3115 2173 3188 Epi-

535 3186 743 3258 scopus
781 3186 1098 3242 accersitus
1154 3186 1341 3258 adiit,
1375 3202 1478 3240 nec
1534 3186 1703 3240 latuit
1749 3188 2041 3258 principes
2067 3186 2099 3241 :'
2143 3205 2175 3242 a

573 3256 748 3330 uibus
779 3275 880 3330 pro
914 3256 1385 3330 suarreverentia
1415 3258 1473 3311 in
1505 3256 1822 3312 amicitiam
1855 3256 2172 3329 admissus,

584 3328 979 3384 enrioo'tertio
1032 3328 1427 3383 Romanorum
1478 3331 1739 3400 Augusto
1791 3330 1957 3384 facile
2008 3328 2173 3383 inne-

532 3400 665 3453 tuit.
696 3401 744 3453 Α
786 3416 901 3470 quo
949 3399 1008 3452 in
1052 3399 1334 3469 palatium
1384 3399 1744 3470 assumptus,
1803 3401 1962 3456 brevi
2018 3402 2172 3470 apud

537 3485 674 3524 eum
706 3486 818 3540 prae
852 3470 1126 3525 omnibus
1157 3471 1403 3536 clericis,
1455 3471 1554 3540 qui
1601 3471 1658 3524 in
1710 3471 1929 3526 foribus
1977 3470 2174 3540 palatii

530 3541 914 3612 excubabant,
955 3540 1211 3612 primum
1243 3541 1440 3612 gratiae
1471 3547 1526 3594 et
1546 3541 1957 3612 familiaritatis
1977 3540 2172 3598 locum

531 3611 819 3666 obtinuit:
855 3609 975 3666 hoc'
997 3609 1283 3681 praecipue
1311 3609 1689 3680 diligentibus
1721 3613 1780 3666 in
1811 3629 1876 3667 eo
1899 3614 2174 3668 omnibus

528 3682 720 3749 bonis,
753 3683 908 3754 quod
932 3681 1081 3754 justi
1131 3681 1385 3754 acrrrecti
1436 3682 1753 3735 admodum
1793 3688 1966 3737 tenax
1994 3689 2170 3750 esset,

528 3757 704 3825 atque
743 3753 803 3808 in
835 3753 1028 3809 causis
1059 3753 1334 3825 omnibus
1382 3769 1486 3823 pro
1527 3769 1632 3806 suo
1677 3758 1802 3807 tum
1847 3759 2022 3819 statu,
2057 3773 2172 3810 non

529 3824 847 3891 adulando,
875 3829 940 3879 ut
969 3824 1180 3891 caeteri,
1203 3825 1306 3879 sed
1337 3840 1471 3878 cum
1495 3840 1706 3895 magna
1727 3825 1990 3880 libertate
2011 3826 2170 3880 oblo-

526 3898 779 3978 quendo,
805 3895 1047 3978 justitiae
1076 3895 1754 3978 patrocinabatur..Erat
1803 3900 1996 3978 autem
2029 3915 2171 3968 pran-

525 3965 616 4022 ter
644 3965 887 4039 virtutes
919 3965 1099 4039 animi
1121 3971 1178 4039 et
1203 3982 1433 4021 morum
1456 3965 1722 4038 gloriam,
1748 3967 2007 4039 corporis
2029 3965 2170 4039 quo-

527 4053 640 4108 que
668 4037 839 4092 bonis
868 4037 1300 4102 ornatissimus,
1333 4037 1556 4092 statura
1578 4037 1874 4107 procerus,
1898 4037 2061 4093 vultu
2082 4055 2174 4094 ve-

529 4109 852 4181 nerandus,
879 4108 1082 4181 lingua
1111 4112 1438 4181 promptus,
1481 4108 1813 4181 vigiliarum
1863 4115 1920 4165 et
1967 4111 2170 4165 inedia)

528 4178 1015 4251 patientissimus,
1038 4178 1332 4251 postremo
1363 4180 1433 4233 ad
1456 4178 1628 4251 omne
1650 4180 1784 4235 boni
1807 4181 1998 4251 operis
2019 4199 2171 4237 exer-

527 4249 732 4305 citium
749 4253 970 4306 naturis
989 4250 1332 4306 muneribus
1359 4250 1578 4304 all‘atim
1600 4249 1944 4307 instruct—us.
1968 4254 2072 4308 Cui
2100 4255 2170 4309 de

525 4321 738 4376 virtute
770 4322 828 4376 in
858 4323 1152 4388 virtutem,
1183 4321 1373 4376 instar
1419 4338 1638 4376 aurorze
1671 4323 1728 4376 in
1764 4339 2009 4379 ascensu
2040 4341 2165 4390 suo,

526 4393 883 4475 procedenti,
918 4395 1068 4475 sicut
1098 4393 1251 4475 apud
1286 4397 1483 4475 Deu‘m‘
1513 4393 1688 4447 crevit
1737 4396 2036 4475 sanctitas,
2084 4396 2168 4475 sic

527 4462 664 4519 item
695 4465 767 4519 de
792 4465 982 4590 gloria
1006 4466 1063 4520 in
1087 4462 1352 4536 gloriam,
1379 4463 1448 4518 de
1471 4462 1688 4519 honore
1707 4467 1777 4520 ad
1808 4465 2084 4521 honorem
2107 4467 2166 4520 in

525 4535 650 4590 dies
682 4553 783 4590 pro
832 4537 1026 4590 cienti.
1060 4536 1215 4590 aoud
1247 4535 1514 4589 homines
1547 4537 1792 4590 accessit
1832 4538 2165 4590 auctoritas.

567 4551 650 4591 tes
681 4553 783 4607 pro

524 4606 730 4662 Actum
764 4612 854 4663 est
883 4608 990 4679 hoc
1021 4606 1134 4663 non
1168 4607 1424 4662 humano
1455 4606 1736 4679 arbitratu
1780 4607 2016 4679 [libitu],
2065 4609 2165 4664 sed

525 4683 803 4751 consueta
866 4678 965 4734 Dei
1025 4679 1418 4751 providentia,
1465 4677 1562 4751 qui
1623 4677 1811 4734 sciens
1868 4677 2167 4735 lucernam

525 4765 692 4804 suam
726 4749 1100 4806 celeberrimo
1132 4751 1191 4805 in
1223 4749 1569 4804 candelabro
1601 4751 1950 4820 ponendam,
1985 4757 2050 4805 ut
2078 4751 2166 4806 lu-

523 4825 677 4894 ceret
732 4822 936 4894 (Matth.
972 4824 1048 4894 v).
1105 4823 1378 4876 omnibus
1436 4820 1696 4894 Ecclesize
1752 4821 1908 4894 ﬁliis,
1963 4840 2032 4877 ne
2072 4840 2164 4877 re-

523 4892 763 4962 pentina
787 4892 1157 4948 exaltationis
1188 4895 1314 4962 ejus
1336 4892 1563 4946 novitas
1586 4892 1933 4948 miraculum
1956 4894 2164 4948 dunta-

519 4966 620 5016 xat
649 4962 930 5034 gigneret,
964 4981 1074 5018 non
1106 4963 1388 5026 laetitiam,
1423 4964 1764 5018 meritorum
1798 4966 1924 5034 ejus
1975 4964 2165 5020 lucem

520 5033 669 5106 ante
684 5033 868 5088 voluit
897 5035 1115 5088 mundo
1146 5034 1461 5103 declarare,
1495 5041 1781 5106 quatenus
1811 5033 1875 5090 eo
1908 5037 2164 5090 fructuo-

520 5105 639 5160 sior
669 5106 795 5173 ejus
831 5105 992 5160 ﬁeret
1024 5107 1329 5176 promotio,
1365 5123 1478 5176 quo
1510 5105 1565 5160 et
1599 5107 1848 5177 gratior:
1903 5108 2052 5178 quod
2108 5111 2165 5161 et

518 5181 733 5231 factum
769 5183 875 5232 cst.

587 5249 683 5302 Ill.
709 5250 865 5304 Anno
885 5250 1023 5304 1055
1044 5249 1118 5320 (2)
1140 5248 1201 5317 ﬁt
1222 5249 1555 5320 Coloniensis
1578 5249 1876 5320 episcopus.
1904 5249 2164 5320 Denique

515 5320 731 5392 exactis
744 5321 802 5374 in
817 5321 1030 5391 palatio
1044 5322 1198 5376 haud
1214 5319 1416 5392 multis
1431 5321 1842 5391 annis,magna
1854 5319 2164 5392 imperato-

515 5391 677 5458 ris,m
688 5408 837 5463 agna
852 5393 1008 5447 omni
1021 5410 1138 5457 um,
1157 5391 1256 5462 qui
1271 5409 1403 5446 eum
1420 5397 1716 5457 noverant,
1736 5391 2160 5463 exspectatione

514 5463 1945 5547 n'deptusestAgrippinaeque)etColpnia,nobilem
1963 5467 2158 5524 sedem

514 5535 1320 5610 Hermannomominishujus
1335 5537 1579 5610 praesule
1594 5539 2006 5610 secundo,aule
2023 5558 2160 5610 pau-

508 5623 607 5664 cos
631 5607 757 5664 dies
777 5625 845 5664 ex
857 5608 1105 5666 bacluce
1119 5607 1558 5665 subtractos.Ad
1575 5625 1747 5680 quem
1773 5609 1829 5663 in
1845 5610 1989 5665 lecto
2005 5607 2157 5666 mor-

576 5750 653 5829 (1)
684 5749 875 5829 In_hoc
902 5752 1089 5829 capite
1103 5753 1377 5829 quaedam
1396 5752 1472 5829 ad
1489 5750 1732 5812 verbum
1759 5756 1996 5829 accepta
2018 5757 2158 5814 sunt

503 5835 576 5893 ex
604 5821 912 5886 Lamberto
941 5821 1498 5908 S’chafﬁaburgenei.

2261 485 2548 560 legatione
2586 488 2990 554 transmissus,
3024 492 3157 559 post
3183 485 3592 560 salutationem
3627 485 3907 539 mandata

2262 557 2416 632 regis
2445 560 2807 632 absolvisset,
2839 571 2888 613 et
2915 557 3044 629 jam
3065 559 3141 632 ad
3192 557 3510 632 hospitium
3548 559 3905 632 remeasset,

2261 627 2612 686 testantibus
2641 631 2740 702 qui
2771 627 3030 696 aderant,
3062 627 3504 702 idempontifex
3531 627 3754 681 dixisse
3799 627 3907 681 fer-

2262 707 2378 768 tur,
2412 707 2469 757 et
2500 719 2562 756 se
2592 700 2753 756 ocius
2773 703 3128 771 mortisjura
3149 700 3507 766 subiturum,
3525 703 3584 771 et
3601 701 3907 771 Annonem

2261 775 2381 829 vice
2399 791 2505 828 sua
2528 773 2824 827 Coloniam
2848 769 3283 842 suscepturum.
3306 774 3494 841 Atque
3514 769 3612 842 illo
3633 775 3770 840 post
3791 769 3910 823 haec

2262 846 2437 900 verba
2469 844 2738 909 obeunte,
2773 844 3002 898 tametsi
3025 840 3152 912 jam
3183 840 3490 897 Annonem
3522 840 3784 895 velocius
3807 856 3911 912 Are-

2267 916 2425 986 gredi
2446 915 2764 986 necessitas
2785 914 2993 986 regalis
3026 910 3238 984 negotii
3271 915 3630 986 perurgeret,
3663 910 3911 986 no_nim-_

2268 980 2493 1041 memor
2518 985 2612 1040 ille
2644 980 3030 1041 tamenbonaa
3059 980 3175 1039 suae
3223 980 3691 1046 consuetudinis,
3724 980 3914 1037 funeri

2268 1059 2418 1128 ejus,
2451 1073 2756 1128 quousque
2794 1062 2959 1111 terrae
3008 1056 3402 1120 mandaretur,
3451 1070 3669 1128 magna
3722 1053 3916 1109 cordis

2268 1125 2617 1183 contritione
2643 1125 3567 1199 obsequebatur._Legerat_enim,
3614 1128 3672 1179 et
3719 1139 3914 1199 opere2

2311 1200 2459 1254 uoad
2491 1199 2653 1270 vixit,
2688 1194 2919 1269 semper
2966 1194 3264 1270 implevit:
3315 1220 3342 1247 ‹‹
3371 1196 3700 1270 Meliusest
3731 1194 3816 1250 ire
3844 1194 3917 1270 ad

2311 1217 2459 1254 uoaa
2491 1217 2653 1263 Vixit,
2688 1217 2919 1269 semper
2966 1217 3264 1270 impievu:
3315 1220 3342 1247 α
3372 1217 3579 1251 Μθιιυδ
3607 1217 3700 1251 est
3731 1217 3816 1250 ire
3845 1217 3917 1250 au

2269 1217 2509 1325 gomum
2534 1269 2929 1340 luctus,quam
2953 1270 3023 1323 ad
3042 1271 3281 1324 domum
3299 1267 3917 1340 convivii(Eccle.vn):»

2271 1340 2562 1396 laudabile
2592 1337 2906 1406 satisfimo
2932 1340 3327 1395 necessarium
3357 1339 3584 1393 cunctis
3608 1337 3924 1393 inculcans

2271 1411 2601 1482 exemplum
2629 1429 2640 1466 :
2673 1412 2975 1482 quoniam,
3007 1411 3158 1465 sicut
3186 1410 3308 1482 illic
3337 1410 3622 1482 scriptum
3657 1415 3777 1476 est,
3807 1430 3838 1456 «ε
3863 1410 3924 1462 in

2273 1483 2373 1537 illa
2404 1480 2536 1537 ﬁnis
2559 1480 2900 1537 cunctorum
2930 1482 2996 1536 ad
3009 1485 3278 1536 monetur
3292 1480 3616 1547 hominum,
3639 1486 3699 1534 et
3720 1481 3923 1534 vivens

2273 1553 2653 1626 cogitatquid
2681 1555 2942 1607 futurum
2975 1554 3053 1606 sit
3076 1553 3259 1623 (Ibid).
3296 1576 3318 1603 ι

2347 1622 2437 1678 IV.
2473 1622 2813 1678 calonienses
2849 1639 2998 1692 aegre
3047 1640 3172 1677 eum
3213 1622 3533 1694 Suscipiunt.
3580 1622 3924 1677 Coloniensi:

2277 1697 2509 1750 Ecclesia
2542 1703 2810 1766 quantum
2853 1697 2953 1749 sub
2983 1695 3079 1748 illo
3109 1693 3364 1750 creverit.
3416 1693 3524 1749 Per
3579 1694 3637 1748 id
3687 1698 3924 1764 tempus

2277 1765 2594 1837 imperatur
2642 1767 2797 1837 apud
2841 1766 3263 1837 Conllurentiam
3289 1765 3675 1837 rmorabatur,
3711 1769 3770 1819 et
3796 1780 3926 1820 ecce

2279 1835 2493 1892 adsunt
2514 1835 2827 1906 optimates
2846 1842 2902 1891 et
2924 1836 3109 1908 capita
3130 1836 3326 1908 populi
3341 1835 3731 1899 Coloniensis,
3758 1837 3929 1890 bacu-

2277 1909 2397 1962 lum
2432 1907 2820 1979 episcOpalem
2854 1909 2972 1979 regi
2996 1907 3389 1972 restituentes,
3412 1908 3593 1979 inque
3619 1908 3818 1962 locum
3839 1908 3930 1979 de-

2279 1979 2460 2033 tuncti
2492 1978 2765 2033 idoneum
2801 1978 3196 2034 successorem
3227 1979 3472 2050 supplici
3505 1978 3677 2050 prece
3708 1978 3929 2050 unani-

2281 2050 2451 2104 miter
2480 2050 2862 2120 postulantes.
2897 2051 3076 2116 'l‘unc,
3111 2055 3173 2104 ut
3202 2050 3258 2104 in
3294 2051 3383 2103 his
3413 2051 3589 2105 rebus
3631 2049 3765 2104 ﬁeri
3811 2065 3930 2104 cer-

2279 2126 2404 2174 tum
2436 2119 2543 2186 est,
2578 2120 2709 2176 aliis
2729 2126 2904 2192 atque
2935 2121 3064 2176 aliis
3093 2121 3202 2175 hac
3231 2120 3477 2192 velrillac
3498 2137 3604 2191 pro
3629 2119 3808 2174 libitu
3829 2136 3932 2175 suo

2280 2193 2368 2247 vel
2401 2193 2724 2250 commodo.
2779 2191 3103 2262 promissis,
3160 2191 3441 2256 consiliis,
3498 2208 3603 2246 seu
3659 2191 3934 2262 precibus

2281 2280 2477 2335 regem
2534 2262 3007 2335 sollicitantibus,
3048 2263 3201 2318 Deus
3259 2264 3477 2317 arbiter
3533 2279 3820 2318 summus
3875 2263 3933 2335 in

2282 2333 2452 2415 cujus
2483 2351 2660 2415 manu
2690 2350 2790 2415 cor
2821 2333 2973 2405 regis
3002 2339 3108 2415 est,
3160 2338 3217 2388 et
3262 2350 3617 2415 quocunque
3660 2333 3933 2415 voluerit,

2283 2405 2453 2459 vertit
2484 2404 2627 2458 illud
2683 2405 2865 2471 (Prov.
2897 2404 3038 2475 xxi),
3098 2422 3215 2459 non
3274 2404 3332 2459 in
3373 2404 3579 2476 alium,
3641 2421 3829 2476 quam
3878 2405 3936 2460 in

2283 2477 2473 2548 solum
2495 2477 3167 2548 Annonem,sententiam
3184 2477 3350 2548 regis
3370 2482 3427 2531 et
3445 2475 3818 2548 voluntatem
3845 2477 3937 2548 de-

2283 2546 2467 2609 duxit,
2501 2545 2880 2601 laudantibus
2913 2548 3060 2613 aliis,
3096 2547 3228 2601 aliis
3261 2545 3375 2602 non
3408 2547 3534 2602 sine
3577 2547 3713 2602 felle
3756 2546 3941 2602 recla-

2284 2619 2603 2698 mantibus.
2629 2618 2900 2698 Suscepit
2918 2620 3112 2698 itaque
3130 2618 3688 2698 regiishexnmanibus
3710 2619 3940 2698 virgam

2285 2689 2658 2760 pastoralem,
2714 2690 2896 2759 patris
2953 2689 3330 2760 et’magistri
3386 2691 3635 2760 ﬁguram
3688 2689 3941 2760 praeten-

2285 2762 2515 2815 dcntem
2546 2777 2558 2813 :
2592 2760 2851 2830 suscepit
2874 2763 2930 2814 et
2959 2761 3243 2815 annulum
3275 2760 3336 2815 in
3384 2762 3577 2815 dotem
3629 2760 3772 2815 ﬁdei
3806 2777 3941 2815 con-

2286 2831 2580 2886 servandae
2613 2833 2682 2885 ad
2734 2832 2916 2886 Deum
2961 2837 3017 2886 et
3045 2833 3116 2885 ad
3151 2848 3430 2902 sponsam
3460 2847 3633 2886 suam
3667 2837 3940 2886 sanctam

2285 2902 2624 2974 Ecclesiam.
2659 2903 2773 2957 Nec
2800 2919 2984 2974 mora,
3005 2903 3062 2957 in
3092 2902 3542 2957 similitudinem
3573 2902 3793 2974 Moysi,
3826 2904 3942 2957 dux

2287 2973 2695 3028 salvandorum
2727 2972 3072 3045 populorum
3103 2974 3401 3030 Coloniam
3439 2972 3774 3099 ingressus,
3803 2990 3938 3099 8m-

2287 3044 2446 3099 tinus
2478 3045 2704 3099 caninis
2739 3044 2979 3099 rictibus
3011 3045 3366 3099 oblatrantes
3414 3062 3486 3099 au
3535 3045 3680 3099 ivit:
3739 3068 3772 3095 ει
3853 3044 3938 3099 ais

2287 2991 2695 3028 salvanoorum
2727 2991 3072 3045 populorum
3103 2991 3401 3030 uetomam
3439 2991 3774 3099 ingressus,
3849 2991 3938 3028 ro-

2286 3044 2446 3099 tinus
2478 3045 2704 3099 caninis
2739 3044 2979 3099 rictibus
3011 3045 3366 3100 oblatrantes
3414 3062 3486 3099 au
3535 3045 3680 3099 ivit:
3739 3068 3772 3095 ει
3803 2991 3938 3108 δαί.

2287 3115 2394 3170 iste
2426 3120 2534 3179 est,
2566 3114 2652 3169 vel
2686 3117 2816 3186 quis
2838 3133 2970 3171 eum
3004 3117 3308 3171 constituit
3336 3115 3660 3186 principem
3691 3123 3755 3170 et
3777 3116 3938 3186 judi-

2286 3204 2410 3241 cem
2445 3203 2620 3258 super
2640 3203 2745 3258 nos
2765 3187 2791 3240 ?
2815 3209 2841 3235 »
2863 3187 3052 3256 (Exod.
3075 3189 3159 3257 ιι.)
3179 3186 3477 3258 Simulque
3496 3186 3748 3258 pollutis
3768 3193 3830 3242 et
3850 3203 3938 3242 ne-

2287 3258 2444 3312 fariis
2474 3257 2643 3311 labiis
2672 3257 2893 3312 clarum
2927 3275 3139 3313 nomen
3163 3259 3302 3312 divae
3325 3257 3620 3312 memeria:
3645 3259 3937 3314 Brunonis

2286 3328 2700 3398 archiepiscopi
2737 3330 3123 3399 praeferentes,
3172 3331 3416 3400 ejusque
3470 3329 3623 3384 facta
3665 3331 3841 3400 quasi
3879 3331 3936 3384 in

2286 3400 2473 3471 ipsius
2504 3399 2758 3471 laudem,
2793 3416 2852 3453 re
2878 3405 3072 3455 autem
3105 3417 3239 3455 vera
3263 3403 3317 3454 in
3340 3399 3788 3471 derogationem
3820 3404 3929 3455 An-

2287 3470 2471 3543 nonis
2499 3470 2734 3524 sinistro
2763 3472 2935 3543 corde
2973 3473 3287 3541 jactantes,
3335 3470 3549 3526 iterum
3597 3473 3934 3543 iterumque

2285 3540 2644 3596 tumultuose
2664 3540 3158 3597 vociferabantur:
3182 3544 3322 3608 Quis
3338 3543 3446 3598 iste
3462 3546 3572 3606 est,
3591 3547 3651 3597 et
3674 3544 3779 3597 ubi
3803 3540 3932 3598 sunt

2285 3612 2405 3680 illa,
2440 3612 2655 3683 quibus
2697 3613 3162 3684 ampliﬁcaturus
3191 3621 3282 3669 est
3310 3613 3655 3668 Coloniam?
3705 3615 3824 3668 Hoc
3852 3613 3930 3668 illi

2285 3685 2577 3756 dixerunt,
2611 3683 2906 3756 genimina
2937 3689 2993 3739 et
3039 3701 3322 3756 sequaces
3370 3701 3594 3752 eorum,
3631 3686 3734 3755 qui
3769 3685 3929 3756 vipa-

2283 3771 2380 3826 rea
2411 3753 2950 3826 linguafDominum
2980 3753 3337 3812 Salvatorem
3368 3756 3516 3811 fabri
3553 3753 3746 3810 ﬁlium
3793 3753 3931 3810 con-

2281 3825 2648 3900 viciabantur
2720 3825 2926 3897 (Matth.
2987 3843 3090 3900 xii,
3147 3829 3312 3900 xm):
3363 3828 3542 3900 nobis
3617 3833 3820 3882 autem
3873 3831 3930 3882 et

2283 3897 2520 3968 cunctis
2558 3896 2832 3968 deinceps
2879 3897 3106 3953 sazculis
3154 3896 3282 3953 luce
3329 3898 3545 3953 clarius
3576 3903 3830 3962 constat,
3861 3913 3932 3952 ex

2283 3984 2408 4040 quo
2426 3966 2664 4040 Colonia
2695 3966 2939 4040 l'undata
2967 3974 3076 4037 est,
3109 3970 3285 4025 unius
3315 3985 3620 4040 nunquam
3671 3968 3928 4040 episcopi

2281 4037 2474 4093 studio
2505 4037 2683 4106 (salvo
2716 4038 3026 4111 Brunonis,
3069 4040 3239 4095 utita
3290 4037 3556 4106 dixerim,
3602 4037 3930 4111 privilegio)

2280 4110 3043 4182 tantumopes‘et‘gloriam
3075 4111 3325 4182 crevisse
3345 4110 3710 4182 Geloniensis
3740 4110 3909 4182 Eccle

2282 4181 2399 4254 sim,
2432 4181 2542 4234 Sed
2568 4179 2661 4254 his
2690 4179 2749 4254 in
2783 4179 2923 4237 locis
2944 4182 3067 4238 suis
3099 4181 3328 4254 plenius
3350 4181 3629 4246 dicendis,
3649 4195 3766 4254 nos
3797 4179 3932 4236 his-

2278 4253 2437 4378 tloriaa
2455 4252 2701 4324 vestigia
2716 4251 3117 4325 insequentes,
3127 4257 3325 4325 empta:
3349 4251 3664 4308 narrationi
3685 4265 3931 4322 operam

2320 4340 2508 4378 emus.

2320 4340 2508 4378 emus.

2349 4395 2416 4448 V.
2451 4394 2605 4448 Anno
2639 4394 2795 4458 1055,
2829 4396 3015 4464 quinto
3043 4395 3222 4449 Nonas
3262 4395 3466 4457 Martii,
3499 4394 3796 4449 ordinatur
3818 4395 3930 4464 epi-

2275 4481 2483 4548 scopus.
2518 4465 2700 4546 Igitur
2719 4465 3057 4546 auctoritate
3087 4465 3263 4548 simul
3297 4470 3353 4521 et
3375 4471 3531 4548 metu
3556 4467 3733 4548 regis:
3755 4467 3931 4548 maje-

832 4537 1026 4620 cienti,
1060 4524 1215 4620 apud
1247 4524 2165 4620 homines.accessit‘auctoritas:
2199 4524 2244 4588 Ι)
2278 4524 2449 4620 statis
2478 4524 2799 4620 pr‘éssi.,qui
2823 4537 2987 4607 quasi
3007 4543 3208 4591 contra
3230 4542 3487 4593 montem
3511 4524 3931 4620 seuimpetum

2279 4605 2540 4661 fluminis
2563 4605 2668 4678 niti
2695 4605 2907 4661 frustra
2938 4614 3382 4678 proposuerant,
3404 4609 3641 4662 tandem
3675 4605 3932 4664 necessi-

2276 4683 2457 4732 tatem
2490 4678 2548 4731 in
2580 4677 2951 4732 voluntatem
2970 4677 3278 4746 vertentes,
3316 4681 3372 4734 in
3420 4681 3929 4736 consecrationem

2277 4749 2442 4804 electi
2477 4748 2768 4820 pontiﬁcis
2793 4751 3182 4805 communiter
3199 4755 3638 4808 consenserunt.
3679 4751 3771 4805 Fit
3804 4768 3934 4807 con-

2274 4827 2482 4876 ventus
2505 4821 2932 4892 episcoporum,
2966 4839 3030 4876 ac
3073 4823 3252 4877 totius
3283 4822 3665 4877 ecclesiastici
3701 4823 3927 4878 ordinis

2273 4893 2553 4972 virorum,
2588 4909 3156 4972 procerum-quoquc
3189 4895 3527 4972 frequentia
3550 4909 3690 4972 cum
3721 4894 3930 4972 _ambi-

2274 4963 2664 5036 tionernimia,
2698 4964 2909 5018 diversi
2951 4966 3126 5019 etiam
3176 4963 3348 5020 sexus
3381 4971 3435 5020 et
3467 4965 3655 5019 aetatis
3717 4964 3925 5036 ingens

2274 5034 2636 5108 populositas
2663 5050 2675 5088 ε
2702 5051 2846 5104 quos
2868 5051 3071 5091 omnes
3093 5054 3200 5091 sua
3220 5034 3929 5108 benedictioneLsua'gt-a-

2273 5107 2352 5159 tia
2381 5123 2482 5163 per
2511 5122 2739 5161 servum
2774 5123 2944 5160 suum
2979 5109 3276 5162 Annonem
3323 5108 3585 5163 Christus
3637 5107 3925 5162 Dominus

2273 5194 2338 5232 ea
2367 5178 2457 5233 die
2489 5178 2867 5242 relevaturus,
2903 5195 3033 5232 cum
3069 5180 3290 5250 angelis
3320 5181 3654 5238 advenerat.
3706 5179 3923 5233 sanctis

2273 5251 2545 5322 omnibus
2579 5266 2679 5322 pro
2713 5250 2946 5322 concive
2971 5250 3192 5304 ccrlitus
3221 5250 3510 5305 destinato
3540 5250 3922 5322 congauden-

2272 5321 2452 5376 tibus.
2488 5319 2832 5374 Producitur
2863 5322 3081 5376 interea
3129 5322 3487 5376 ordinandus
3534 5319 3689 5375 ante'
3727 5320 3920 5388 altam,

2270 5393 2529 5448 vestibus
2561 5390 2741 5464 sacris
2776 5391 3196 5464 induitur,olei
3232 5393 3381 5449 sacri
3412 5392 3640 5464 liquore
3688 5392 3920 5462 perfun-

2271 5465 2447 5533 ditur,
2473 5468 2527 5521 et
2555 5480 2683 5542 vere
2697 5461 2869 5542 larga
2892 5463 3078 5542 sancti
3101 5463 3354 5542 Spiritus
3371 5461 3668 5542 inlusione.
3691 5461 3922 5540 repente

2272 5543 2531 5595 mutatus
2565 5538 2623 5592 in
2657 5537 2845 5591 virum
2880 5537 3082 5600 alium,
3115 5555 3268 5594 anno
3300 5538 3616 5595 Dominica:
3653 5537 3919 5596 lucerna.

2268 5611 2446 5667 tionis
2479 5609 2790 5665 millesimo
2821 5609 3310 5681 quinquagesimo
3335 5612 3561 5683 quinto,
3586 5613 3804 5684 quinto
3825 5610 3919 5668 No-

2339 5751 2562 5827 _(2)_Bar.
2576 5750 2861 5827 ,__Marian.
2881 5749 3090 5808 Scotus
3113 5755 3168 5809 et
3184 5751 3505 5827 Sigeb.boc
3521 5769 3699 5814 anno.
3718 5751 3915 5817 Lamb.

2266 5823 2455 5884 Schaf.
2489 5827 2548 5886 et
2576 5823 2770 5884 Herm.
2803 5826 3094 5890 Contraot.
3117 5823 3275 5891 anno
3307 5825 3462 5890 1056.
