4152 6194
512 267 668 342 1893

1624 269 1690 343 Β.
1733 270 2072 343 ANNONIS
2115 266 2480 343 ABGHIEP.
2525 269 2798 342 COLON.

3750 261 3912 335 15M

511 410 1160 495 dissimi‘lem‘bouitatis
1183 412 2145 495 suaeretributionem,.utille,sic.et
2173 419 2227 485 Α
2255 412 2621 495 impendens.
2653 410 2799 495 Cum
2827 407 2983 495 enim
3024 401 3182 495 esset
3219 420 3358 480 erga
3399 399 3645 495 cuncth
3696 405 3908 495 inopes

508 483 605 556 hic
627 483 770 555 proh
786 483 948 539 dolor
973 482 1350 540 lconsecutus
1371 489 1478 540 est.
1504 484 1717 556 Verum
1737 485 1830 539 his
1851 485 2143 556 sepositis,

511 555 736 627 adivitis
754 555 880 625 ejus
903 556 1169 611 instituta
1190 557 1571 610 describenda
1592 555 1807 627 stylum
1832 555 2144 610 vertamus.

583 626 730 681 V111.
766 627 960 681 Crebro
990 629 1360 682 concionatur.
1414 628 1567 682 Multi
1611 626 1892 696 can/luunt
1929 627 1998 680 ad
2048 644 2147 680 au.—

511 695 738 753 dicnda:
767 699 1044 752 conciones
1074 701 1208 768 eius.
1241 701 1288 752 A
1338 699 1544 768 primis
1587 695 1973 753 ordinationis
2029 714 2146 751 suae

512 767 896 841 temporibus,
929 785 1248 840 congruum
1280 767 1353 823 eti
1369 785 1498 824 vere
1528 770 1772 841 dignum
1805 769 1992 841 officio
2043 785 2148 841 suo

514 855 662 910 opus
685 840 988 911 arripiens,
1006 839 1174 911 juxta
1194 841 1454 894 docentis
1474 839 1729 910 Apostoli
1756 840 1974 894 monita
1998 856 2010 892 :
2032 862 2058 888 ‹‹
2086 840 2148 893 ΙΙΙ

517 911 793 983 omnibus
814 911 1031 983 labora,
1055 929 1202 982 opus
1233 913 1320 966 fac
1346 912 1731 983 evangelistae,
1754 911 2148 965 ministerium

515 987 686 1036 tuum
741 981 919 1053 imple
980 985 1050 1053 (II
1083 981 1214 1038 Tim.
1257 984 1366 1052 1v):
1405 1006 1432 1032 ››
1487 981 1720 1037 omnem
1781 982 2150 1053 episcopatus

516 1053 615 1144 sui
640 1053 1698 1144 parochiam.perlustravit,‘homines
1730 1053 1876 1133 fidei
1892 1069 1957 1107 ac
1989 1069 2149 1144 [pene

514 1123 695 1178 totius
726 1123 1025 1196 religionis
1053 1125 1306 1196 ignaros,
1341 1125 1462 1178 solo
1489 1131 1681 1179 autem
1725 1123 1958 1178 nomine
1988 1123 2148 1196 Chri-

513 1196 766 1267 stianos,
792 1195 1047 1251 assiduis
1067 1195 1576 1267 praedicationibus
1602 1197 1672 1249 ad
1705 1195 2003 1249 catholicae
2035 1195 2150 1267 pie-

512 1267 650 1321 tatis
682 1266 907 1321 cultum
938 1265 1284 1334 informans,
1309 1267 1554 1321 breviter
1586 1273 1642 1320 et
1674 1272 1869 1337 aperte
1901 1265 2151 1336 comple-

508 1353 642 1404 xus,
673 1338 816 1409 quid
847 1339 1021 1402 credi,
1055 1337 1195 1408 quid
1230 1339 1474 1408 sperari,
1501 1336 1724 1408 quidve
1745 1336 1930 1409 amari
1981 1352 2147 1409 opor-

508 1415 645 1463 teat.
666 1407 1120 1480 Imperavitdei’n
1135 1407 1473 1480 auctoritate
1489 1407 1829 1480 pontiﬁcali,
1845 1408 2151 1480 suasitque
2182 1463 2197 1471 ,

508 1480 723 1551 pietate
747 1478 1005 1551 paterna,
1024 1479 1288 1551 singulos
1304 1478 1736 1551 auditoresth
1757 1478 2150 1551 cedemdomi

510 1548 627 1604 suae
657 1548 1068 1621 evangelizare,
1102 1548 1312 1604 bonam
1334 1549 1448 1604 illis
1481 1566 1582 1621 pro
1605 1550 1712 1604 hoc
1743 1567 1776 1604 a
1797 1550 1911 1621 Deo
1935 1548 2151 1621 vicissif

508 1620 1315 1701 tudinem‘p’ollicensglnquo
1335 1620 1593 1692 eousque
1617 1620 1878 1701 profecit,
1904 1624 1966 1674 ut
1989 1620 2152 1701 pueri

511 1707 744 1816 quoque
773 1697 1000 1747 teneros
1029 1691 1286 1746 infantiae
1319 1691 1511 1747 annos
1532 1693 1782 1746 necdum
1818 1693 2058 1816 aggressi,
2085 1691 2150 1744 ﬁ-

555 1778 669 1816 em.
703 1767 768 1816 ut
797 1769 1090 1816 asserunt.
1116 1763 1266 1816 beati
1285 1764 1547 1816 Annonis
1569 1762 1817 1816 invicem
1879 1762 2149 1816 iscerent.

555 1778 669 1842 em,
703 1767 768 1817 ut
797 1769 1090 1855 esserunt,
1116 1763 1547 1855 beatiAnn‘cnis
1569 1762 1817 1855 invicem
1839 1762 2149 1855 discerent,
2184 1791 2232 1855 Β

515 1834 762 1906 invicem
792 1834 1064 1889 do'cerent
1086 1840 1143 1888 et
1166 1851 1236 1888 ex
1267 1835 1393 1906 ipsa
1417 1835 1552 1889 boni
1583 1834 1761 1889 studii
1784 1834 2152 1906 assiduitate,

515 1904 767 1976 singulis
795 1922 996 1960 eorum
1028 1904 1359 1977 eammane
1383 1906 1468 1960 vel
1507 1921 1744 1977 vespere
1789 1920 1986 1977 coram
2039 1905 2153 1959 Deo

557 1974 934 2032 rohuntiandi
964 1977 1132 2047 quasi
1165 1974 1255 2031 lex
1277 1974 1904 2047 inoleveritfHabebat
1960 1980 2152 2047 autem

557 1993 1592 2047 ronunuanuiquasi1ex1n01ever1t.
1644 1993 1904 2030 habebat
1960 1993 2152 2031 autem

513 1993 624 2102 gos
647 2047 875 2120 insigne
896 2048 1236 2120 meritorum
1264 2065 1506 2102 suorum
1531 2047 1683 2120 apud
1715 2045 1982 2120 homines
2003 2046 2153 2101 indi-

513 2119 694 2198 cium,
727 2117 882 2198 quod
915 2119 1141 2198 quoties
1171 2117 1589 2198 praedicaturus
1611 2119 1669 2171 in
1693 2117 1996 2198 publicum
2019 2134 2155 2188 pro-

519 2189 808 2262 cessisset,
841 2189 1020 2258 tantis
1051 2189 1245 2262 subito
1273 2189 1543 2262 lacrymis
1571 2189 1901 2262 immaduit,
1929 2193 1992 2242 ut
2031 2205 2154 2262 om_-

516 2261 679 2316 nium
695 2263 869 2316 corda
883 2262 953 2316 ad
971 2259 1828 2316 miserationem'commovisset
1849 2277 1859 2314 :
1877 2265 2001 2314 tum
2018 2259 2157 2314 mel-
2175 2291 2189 2305 ο

516 2331 698 2412 liﬂua,
714 2338 770 2386 et
800 2332 1245 2412 coﬁmpunetione
1271 2331 1440 2412 plena
1457 2333 1631 2412 verba
1654 2331 2021 2412 profundere,
2047 2331 2156 2386 cle-

515 2403 796 2457 mentiam
851 2403 950 2456 Dei
1008 2418 1348 2472 proponere,
1395 2403 1689 2471 justitiam
1749 2419 1863 2456 non
1926 2408 2149 2456 tacere:

514 2471 732 2527 hortari
763 2474 968 2540 bonos,
994 2471 1057 2526 ut
1087 2471 1157 2527 ad
1193 2473 1432 2527 meliora
1463 2473 1841 2543 proficerent:
1877 2472 2156 2540 malos,ut

511 2543 582 2598 ad
617 2548 943 2614 perpetrata
973 2548 1288 2606 cessarent.
1314 2560 1517 2598 omnes
1549 2544 1608 2597 in
1640 2560 1972 2609 commune,
2009 2549 2072 2597 ut
2093 2560 2154 2599 se

513 2613 642 2670 reos
673 2613 1012 2681 clamarent,
1046 2631 1111 2668 ac
1143 2631 1244 2684 pro
1275 2615 1453 2670 totius
1480 2616 1682 2669 mundi
1709 2614 2154 2669 necessitatibus

512 2701 886 2741 communem
919 2686 1232 2741 Dominum
1258 2686 1606 2740 invocarent.
1624 2685 1762 2751 Quis
1784 2702 2042 2756 unquam
2065 2686 2152 2741 vel

515 2757 671 2812 saxei
701 2758 895 2812 cordis
925 2757 1322 2815 Annonemin
1362 2756 1606 2812 ecclesia
1658 2757 1990 2827 loquentem
2051 2773 2152 2811 au-

512 2829 699 2894 diens,
732 2846 764 2883 a
783 2828 1059 2900 lacrymis
1091 2828 1273 2900 valuit
1296 2828 1663 2900 temperare?
1686 2827 1946 2900 Denique
1968 2827 2040 2881 ab
2062 2844 2151 2900 ex-

511 2901 651 2954 teris
681 2900 856 2954 etiam
887 2898 944 2955 et
964 2899 1374 2955 remotioribus
1407 2898 1837 2970 provinciis,ob
1860 2898 2150 2953 solamin-

513 2970 820 3041 dulgentiae
833 2976 888 3025 et
904 2972 1177 3026 doctrina:
1201 2971 1326 3041 ejus
1351 2969 1588 3034 famam,
1604 2969 1840 3040 plurimi
1860 2970 2150 3024 conﬂuxe-

512 3046 668 3110 runt,
683 3041 954 3096 omnibus
975 3041 1201 3096 deliciis
1213 3042 1579 3112 praeferentes
1600 3045 1900 3096 Annonem
1926 3041 2148 3112 audire,

512 3112 745 3184 divitias
759 3110 1244 3184 incomparabiles
1259 3112 1688 3182 :estimantes,ej
1701 3110 2150 3184 usindgulgentia

509 3183 775 3252 relaxari,
808 3182 1396 3255 ejus—benedictione
1447 3183 1805 3255 praemuniri.
1872 3182 2150 3255 Prazterea

508 3255 721 3325 pietate
752 3261 807 3310 et
837 3253 1246 3310 misericordia:
1281 3253 1554 3325 operibus
1606 3253 1762 3308 nullo
1821 3259 1944 3308 erat
2004 3254 2147 3308 infe-

508 3327 646 3382 rior.
679 3327 824 3382 Nam
847 3326 1133 3398 agricolas
1146 3327 1500 3398 ctdebitores
1516 3325 1870 3398 reddituum,
1889 3329 2149 3380 anteces-

508 3413 707 3452 sorum
738 3397 981 3452 suorum
1007 3398 1305 3452 nimietate
1337 3397 1422 3451 vel
1455 3397 1858 3468 superfluitate
1880 3401 2150 3463 gravatos

506 3474 564 3521 et
596 3484 770 3538 prope
801 3469 1052 3523 nudatos
1085 3468 1436 3537 intelligens,
1470 3469 1834 3522 exactoribus
1859 3474 1920 3521 ut
1952 3484 2147 3538 parce-

507 3543 636 3592 rent
657 3539 858 3608 jussit,
893 3539 1142 3610 singulis
1173 3539 1258 3593 vel
1293 3545 1499 3602 totum,
1535 3538 1620 3592 vel
1651 3556 1718 3592 ex
1751 3543 1931 3610 parte;
1979 3543 2150 3610 prout

505 3626 652 3679 opus
685 3615 827 3676 erat,
854 3609 1178 3664 remittens.
1222 3610 1570 3679 Pauperum,
1597 3609 2034 3732 peregrinorum
2093 3613 2150 3663 et

508 3681 877 3732 infirmorum
910 3681 1101 3732 nrima
1121 3679 1272 3732 illiet
1286 3695 1490 3732 cernes
1519 3685 1640 3732 erat
1666 3696 1728 3732 so
1756 3678 2148 3732 licitudo.imi-

508 3678 878 3736 inlirmorum
910 3679 1272 3752 primailliet
1286 3678 1490 3752 perpes
1519 3685 1640 3752 erat
1666 3678 2148 3752 sol’lic‘itudo,imi-

507 3752 655 3806 tanti
685 3769 842 3816 eum,
867 3750 965 3823 qui
1000 3751 1182 3823 dixit:
1217 3773 1244 3801 ‹‹
1273 3751 1464 3805 Estote
1509 3750 1934 3815 misericordes,
1995 3751 2147 3823 sicut

506 3831 563 3878 et
595 3829 757 3894 pater
783 3820 1032 3878 cml'estis
1085 3822 1415 3878 misericors
1467 3826 1553 3894 est
1601 3823 1750 3891 (Luc.
1784 3822 1882 3892 v1).
1919 3842 1944 3894 ν
2008 3820 2142 3875 [llu-

505 3890 767 3950 ces'cente
794 3895 948 3950 enim
973 3894 1159 3965 primo
1183 3893 1477 3965 surgentis
1501 3890 1615 3947 diei
1635 3890 1995 3965 crepusculo,
2016 3909 2145 3947 ecce

506 3965 663 4020 velut
691 3982 930 4036 examen
954 3963 1154 4036 apum,
1185 3963 1359 4019 turba
1388 3981 1707 4036 egenorum,
1759 3963 2146 4036 undecunque

505 4035 839 4095 convolans.
875 4034 1006 4106 ejus
1034 4037 1292 4106 quotidie
1316 4034 1464 4090 fores
1513 4034 2146 4106 obsedit,sufﬁcientia

503 4107 783 4160 alimenta
808 4106 963 4178 hora
983 4105 1201 4161 statuta
1232 4106 1445 4178 singuli
1468 4105 1977 4178 percepturiJnter
1997 4122 2144 4176 quos

503 4193 708 4231 omnes
740 4177 1054 4232 miserrimi
1085 4179 1304 4248 quique
1332 4175 1589 4231 humero
1638 4175 1852 4247 ’viginti
1895 4175 2145 4246 quatuor

503 4247 877 4320 perscrutati,
890 4265 1161 4320 seorsum
1178 4247 1698 4320 congregabantur.
1723 4252 1870 4301 Ante
1891 4264 2141 4320 quorum

501 4319 677 4390 pedes
719 4319 1046 4374 humillime
1077 4320 1464 4389 procumbens
1488 4319 1739 4388 pontifex
1759 4319 2140 4389 summus“),

500 4396 810 4462 postquam
843 4390 982 4445 lavit
1011 4407 1075 4444 ac
1105 4390 1290 4454 tersit,
1325 4390 1595 4462 osculum
1629 4405 1860 4462 quoque
1882 4390 2072 4462 cordis
2087 4394 2144 4444 et

499 4460 1192 4534 orisimpressit,necnon
1216 4461 1491 4534 manibus
1511 4477 1725 4530 aquam
1745 4460 1976 4534 infudit_.
1994 4471 2138 4515 Uon-

497 4531 791 4589 summato
824 4533 1147 4589 ministerio
1179 4531 1549 4598 humilitatis,
1584 4535 1886 4586 versuscst
1903 4531 1974 4585 ad
1992 4548 2139 4602 opus

2259 477 2594 539 misericors
2618 488 2676 538 et
2705 481 3088 553 compatiens,
3121 494 3262 553 erga
3289 477 3681 553 pauperculae
3702 477 3903 553 tanien

2258 561 2314 610 et
2343 571 2543 610 earum
2578 550 2896 624 infantulos
2927 551 3168 624 speciali
3185 550 3465 624 fquadam
3524 551 3910 624 miseratione

2259 628 2598 680 ducebatur.
2641 623 2801 690 Quod
2845 620 3197 694 ihuj'usmodi
3229 620 3457 676 femina:
3505 621 3910 692 experimento

2259 701 2700 768 cognoscentes,
2731 693 3025 768 explorato
3052 708 3480 768 nonnunquam
3525 697 3821 768 tempore,
3849 694 3910 750 in

2259 763 2466 840 plateis
2493 783 2620 822 sese
2649 763 2934 840 gregatim
2964 763 3333 840 obtulerunt,
3352 763 3627 840 parvulus
3652 763 3708 818 ei
3769 781 3908 822 suos

2260 834 2393 916 cum
2417 834 2987 916 clamoresuppliees
3008 834 3689 916 objicientesilnterdum
3711 840 3911 916 trans-

2260 911 2406 975 iens,
2430 915 2486 964 et
2514 926 2630 980 prae
2660 906 3002 987 lassitudine
3033 906 3271 987 diutinae
3292 907 3717 987 expectationis
3742 907 3804 961 in
3821 924 3912 963 so-

2260 997 2456 1052 porem
2480 977 2674 1052 versos
2704 978 3072 1052 conspiciens
3095 977 3383 1048 ejusmodi
3408 977 3691 1052 puerulos
3705 994 3908 1052 exesos

2262 1048 2318 1107 et
2349 1051 2708 1116 seminudos,
2743 1048 2997 1119 aliquem
3031 1065 3601 1121 eorum,quemgnec
3659 1048 3907 1121 dignum

2259 1123 2444 1178 oculis
2477 1123 2608 1193 quis
2641 1121 3172 1193 arbitraretur,_pie
3203 1119 3274 1174 ad
3299 1135 3364 1193 se
3413 1119 3751 1193 adhibens,‘
3790 1137 3911 1193 ma-

2258 1198 2424 1249 terna
2444 1190 2566 1248 vice
2582 1191 2901 1247 exosculari
2923 1190 3114 1262 cmpit.
3142 1190 3416 1262 Quedam
3438 1191 3616 1245 etiam
3641 1192 3911 1262 proprios

2260 1282 2372 1320 non
2403 1265 2703 1330 habentes,
2731 1262 2951 1318 alienos
2971 1261 3298 1333 infantulos
3319 1261 3706 1333 expetierunt,
3735 1261 3915 1317 indu-

2261 1336 2422 1392 bium
2453 1335 2734 1390 habentes
2767 1343 3071 1388 Annonem
3102 1349 3241 1404 erga
3283 1331 3443 1404 ipsas
3477 1333 3913 1404 Amisericordia

2263 1413 2486 1485 motum
2509 1406 2602 1472 iri,
2637 1407 2684 1460 si
2716 1404 2932 1485 talibus
2961 1402 3194 1485 onustas
3235 1402 3572 1485 sarcinulis,
3599 1405 3752 1485 ejus.
3777 1421 3912 1461 con-

2262 1478 2486 1550 spectui
2520 1480 3028 1548 praesentarentur.
3065 1476 3220 1529 Inter
3243 1473 3367 1550 haec
3394 1473 3758 1550 solem‘nis_ei
3790 1493 3916 1550 mos

2262 1545 2387 1603 erat
2414 1545 2670 1603 vertente
2703 1563 2932 1617 semper
2961 1562 3135 1617 anno,
3160 1563 3194 1600 a
3214 1545 3410 1616 vigilia
3427 1545 3650 1617 natalis
3673 1546 3916 1602 Domini

2263 1636 2448 1690 usque
2480 1619 2550 1673 ad
2575 1620 2800 1673 intactae
2829 1615 3140 1690 genetricis
3160 1615 3917 1690 ejus’puriﬁcationemmer

2263 1687 2571 1770 continuos
2595 1687 2995 1770 quadraginta
3041 1688 3166 1742 dies
3206 1687 3563 1770 quamlibet.
3592 1687 3918 1770 lactentem

2263 1762 2494 1839 habere,
2515 1759 2685 1831 cujus
2707 1759 2981 1839 manibus
3004 1775 3215 1839 aquam
3240 1759 3815 1839 praebens_,-ips_emet
3831 1777 3920 1839 pe-

2266 1834 2369 1888 des
2401 1849 2466 1887 ac
2490 1829 2700 1886 manus
2723 1830 2946 1903 parvuli
2968 1829 3128 1903 lavit,
3152 1845 3400 1903 moxque
3419 1829 3916 1903 datis’alimeniis,

2267 1905 2522 1959 solidum
2545 1900 2741 1958 unum'
2756 1902 3026 1973 porrexit.
3056 1901 3243 1973 Super
3263 1900 3380 1955 haec
3402 1906 3459 1955 et
3477 1902 3917 1973 Xenodochium

2266 1974 2514 2030 Coloniae
2545 1971 2887 2038 construxit,
2921 1971 3253 2043 languidos,
3287 1977 3343 2027 et
3385 1971 3634 2038 debiles,
3669 1978 3734 2027 et
3761 1973 3914 2028 omni

2265 2047 2574 2101 destitutos
2602 2044 2807 2100 solatio
2831 2043 2970 2098 illuc
2995 2043 3271 2108 inferens,
3295 2043 3592 2113 deputatis
3615 2044 3689 2099 ad
3715 2060 3918 2100 eorum

2265 2118 2529 2172 subsidia
2543 2115 2900 2188 quotidianis
2913 2113 3244 2188 stipendiis.
3260 2113 3572 2188 Nunquam
3595 2132 3918 2188 pauperem

2265 2205 2326 2243 se
2377 2184 2789 2243 inclamantem
2852 2184 3074 2258 absque
3133 2184 3532 2258 misericordia
3583 2184 3918 2258 praeter-ivit,

2267 2275 2570 2330 nunquam
2603 2258 2839 2312 veniens
2862 2257 2931 2312 ad
2956 2255 3326 2330 invisendum
3347 2255 3918 2328 egenos,'monachos

2265 2330 2351 2386 vel
2373 2327 2932 2398 canonicos,absqus
2953 2327 3254 2382 charitatis
3283 2327 3443 2399 larga
3477 2345 3661 2383 manu
3703 2345 3923 2385 ramea.

2267 2402 2368 2456 vit.
2393 2403 2541 2456 Sane
2572 2401 2632 2454 in
2663 2400 2836 2454 Coena
2875 2398 3178 2454 Dominica
3206 2398 3694 2472 quam'prodigus
3717 2400 3913 2472 fuerit,

2263 2473 2633 2544 superfluum
2665 2476 2755 2526 est
2785 2485 3285 2544 memorare,_cum
3309 2470 3414 2524 nec
3431 2470 3646 2544 pansus
3670 2470 3923 2544 quilibet

2263 2539 2445 2598 ea'die
2470 2558 2709 2597 manum
2732 2541 2988 2596 retrahat
3002 2541 3074 2613 ab
3096 2539 3483 2613 eleemosyna.
3507 2541 3612 2596 His
3636 2539 3919 2598 omnibus

2263 2614 2619 2669 antecellunt
2641 2628 2889 2684 numero
2905 2616 2964 2666 et
2981 2611 3386 2684 admiratione,
3403 2629 3535 2684 que
3553 2629 3662 2684 per
3683 2620 3920 2670 noctur-

2264 2702 2369 2740 nas
2400 2686 2692 2752 tenebras,
2718 2681 2841 2739 solo
2865 2683 2979 2738 Deo
3000 2686 3168 2745 teste,
3193 2681 3509 2738 i'arissimis
3532 2681 3917 2740 sberetalium

2261 2773 2502 2829 suorum
2537 2757 2827 2829 duntaxat
2856 2753 3133 2824 exceptis,
3165 2758 3437 2825 operatus
3468 2759 3590 2829 est,
3611 2772 3756 2829 cum
3790 2757 3916 2829 qui-

2262 2827 2392 2892 bus,
2427 2833 2492 2882 ut
2528 2827 2753 2882 dictum
2801 2830 2911 2890 est,
2959 2830 3132 2879 noctu
3186 2831 3520 2880 sanctorum
3553 2825 3774 2882 limina
3808 2825 3919 2883 ἐὴ·-

2261 2898 2487 2970 cuiens,
2520 2897 2858 2970 peregrinos
2878 2900 2944 2970 _et
2973 2895 3187 2970 quibus
3220 2913 3347 2970 non,
3375 2904 3500 2970 erat
3540 2903 3794 2970 tectum,
3856 2900 3912 2954 in

2261 2966 2604 3041 porticibus,
2632 2966 2686 3022 in
2719 2966 2951 3039 angulis
2977 2966 3255 3041 vasisque
3278 2967 3518 3023 vinariis
3548 2985 3656 3040 per
3689 2968 3914 3041 plateas

2257 3039 2556 3122 expositis,
2580 3043 2881 3122 scrutatus
2909 3043 3032 3093 est:
3067 3055 3213 3122 quos
3245 3039 3509 3122 inventos
3543 3039 3706 3122 pavit
3741 3047 3916 3122 atque

2258 3108 2508 3176 vestivit,
2540 3110 2712 3166 allato
2753 3126 2950 3164 secum
2979 3108 3221 3180 pro’hoc
3251 3109 3377 3180 ipso
3406 3108 3557 3165 victu
3591 3116 3651 3166 et
3681 3108 3914 3167 vestitu.

2328 3183 2415 3237 1X.
2450 3181 2817 3237 Lamentabile
2863 3181 3154 3250 cujusdam
3205 3183 3570 3250 parturientis
3625 3193 3915 3253 spectacu-

2258 3254 2390 3308 lum.
2426 3255 2686 3324 Cumque
2713 3267 2874 3324 more
2899 3259 3172 3324 consueto
3204 3269 3306 3323 per
3357 3253 3677 3322 cujusdam
3723 3256 3912 3310 noctis

2258 3324 2492 3404 silentia
2524 3321 2880 3404 pronegotio
2901 3321 3091 3404 simili
3112 3321 3274 3404 esset
3308 3321 3602 3404 egressus,
3631 3323 3917 3404 lamenta.

2258 3395 2372 3449 bile
2402 3401 2458 3449 et
2487 3392 2647 3449 omni
2679 3392 3052 3464 miseratione
3075 3392 3311 3464 plenum
3344 3392 3401 3448 in
3427 3394 3636 3450 itinere
3669 3396 3914 3451 offendit

2258 3465 2681 3538 spectaculum,
2715 3463 3044 3538 mulierem,
3077 3463 3254 3538 quam
3274 3465 3347 3519 ob
3379 3466 3642 3538 inopiam
3705 3468 3906 3524 nullus

2257 3534 2509 3607 hospitio
2540 3536 2912 3608 dignabatur,
2947 3534 3190 3590 recentis
3231 3541 3287 3590 et
3308 3537 3436 3606 ipsa
3465 3534 3612 3593 hora
3642 3539 3790 3593 editi
3822 3540 3905 3595 in-

2256 3606 2400 3662 fanti
2418 3613 2586 3679 partu
2603 3606 3192 3679 periclitatam,super
3206 3608 3423 3662 nudam
3440 3608 3695 3664 humum
3713 3609 3905 3665 sesela

2255 3677 3038 3749 erymabilitervolutantem.
3056 3678 3190 3732 Erat
3212 3695 3347 3750 ergo
3369 3680 3564 3734 videre
3579 3682 3899 3736 miseriam.

2254 3750 2374 3804 Nox
2420 3750 2678 3824 tenebris
2708 3749 2905 3804 densis
2928 3755 3232 3820 vagantem
3265 3749 3671 3824 occupaverat,
3703 3753 3904 3824 fatiga-

2253 3825 2374 3894 tam
2403 3820 2586 3894 tellus
2603 3838 2834 3894 caenosa
2848 3836 2913 3875 ac
2938 3828 3167 3894 petrosa
3184 3820 3554 3894 seminudam
3579 3820 3901 3894 exceperat,

2253 3891 2405 3947 fame
2419 3897 2476 3964 et
2495 3892 2590 3947 siti
2604 3892 2925 3947 confectam
2950 3891 3133 3964 frigus
3148 3891 3402 3963 amplius
3434 3891 3900 3961 vexabat,nullus

2254 3963 2591 4037 mortalium
2635 3964 2937 4037 aderat,_et
2967 3979 3117 4028 ecce,
3151 3970 3392 4037 urgente
3441 3970 3676 4037 natura,
3735 3966 3905 4037 πρῖε

2255 4035 2522 4106 cruciari,
2556 4051 2724 4106 voces
2752 4033 3034 4097 emittere,
3067 4033 3322 4106 suspiria
3348 4036 3571 4106 crebra
3629 4033 3897 4092 trahere:

2249 4105 2607 4186 tandemque
2623 4105 2871 4186 enixam
2900 4105 3214 4186 prolem'in
3263 4105 3558 4186 pulverem
3619 4107 3895 4186 fundens2

2251 4175 2376 4246 ipsa
2410 4175 2670 4245 disjectis
2701 4176 2807 4230 hac
2825 4175 3031 4230 etillac
3061 4175 3475 4232 miserabiliter
3497 4179 3792 4242 membris,
3808 4177 3894 4232 nil

2252 4246 2404 4319 ultra
2435 4249 2642 4319 praeter
2674 4250 2917 4319 mortem
2947 4245 3336 4319 exspectabat.
3361 4248 3478 4304 Hac
3497 4265 3632 4319 ergo
3654 4248 3898 4304 miseria

2251 4318 2390 4388 quid
2417 4317 2736 4372 miserius?
2767 4318 3111 4388 Supervenit
3141 4318 3338 4388 igitur,
3379 4324 3444 4374 ut
3497 4317 3727 4375 dictum
3784 4325 3892 4386 est,

2249 4387 2412 4462 sacer
2441 4388 2674 4459 prmsul,
2709 4405 2774 4442 ac
2798 4387 3061 4462 protinus
3090 4387 3250 4443 velut
3279 4389 3393 4462 ictu
3427 4392 3656 4462 sagitta:
3709 4395 3897 4447 trans-

2245 4461 2609 4539 verberatus,
2628 4475 2889 4539 represso
2923 4459 3128 4529 gradu,
3167 4477 3282 4531 prae
3308 4459 3547 4539 horrore
3569 4468 3625 4517 et
3659 4462 3897 4539 mieeria

2245 4531 2507 4604 substitit
2537 4531 2849 4604 attonitus:
2887 4546 3020 4604 cum
3051 4546 3183 4604 ecce
3239 4533 3519 4603 gravitate
3567 4534 3896 4604 pontiﬁcali

497 4605 820 4682 charitatis,
853 4621 984 4682 cum
1018 4605 1235 4682 cibost
1265 4608 1402 4682 potu
1454 4602 1777 4682 unicuique
1823 4599 2132 4682 nummum
2173 4680 2197 4682 Α
2244 4602 2588 4682 postposita,
2623 4603 2809 4682 instar
2824 4599 3447 4682 velocissimicursoris
3478 4599 3896 4682 rep-raperent,

495 4677 817 4757 porrigens.
850 4676 982 4730 Jam
1003 4693 1135 4757 vero
1160 4675 1501 4757 imminente
1523 4674 1666 4728 hora
1691 4678 1746 4728 et
1769 4673 2132 4757 necessitate,
2170 4680 2212 4742 ι)
2246 4673 2640 4757 impositoque
2675 4673 2941 4757 humeris.
2958 4673 3081 4728 suis
3106 4674 3513 4757 grabatucum
3528 4673 3894 4757 stramentis,

498 4743 595 4802 ubi
627 4743 686 4801 et
712 4748 836 4819 ipse
866 4747 1128 4802 consedit
1149 4748 1217 4819 ad
1253 4761 1538 4819 mensam,
1574 4760 1732 4798 more
1763 4743 2135 4819 solito,quot_-

493 4823 634 4888 quot
663 4817 1135 4890 supervenerant,
1161 4817 1679 4890 introducebantur
1706 4821 2008 4890 ante‘eum
2061 4817 2130 4870 ad

487 4885 949 4966 c‘onvescendum
985 4889 1292 4966 peregrini.
1337 4889 1492 4966 Tum
1552 4903 1619 4941 ex
1673 4885 1943 4966 singulis,
2004 4903 2130 4966 qua:

489 4975 702 5012 mensae
733 4957 1208 5030 erantim’posita,
1227 4962 1447 5030 partem
1465 4975 1639 5028 prope
1663 4957 1952 5030 decimam
1972 4957 2129 5030 colli-

485 5046 648 5112 gens,
684 5047 786 5100 pro
812 5028 1139 5085 reficiendis
1170 5028 1276 5112 hac
1305 5035 1360 5112 et
1382 5028 1511 5112 illac
1546 5038 1645 5100 per
1668 5029 1869 5082 urbem
1897 5029 2128 5112 aegrotis

488 5100 542 5156 in
562 5101 751 5156 locum
777 5118 958 5155 unum
979 5102 1286 5172 separavit.
1305 5100 1600 5154 Postremo
1617 5115 1818 5172 mensa
1832 5100 2125 5172 submota,

484 5173 734 5228 surrexit
758 5189 885 5228 vere
917 5170 1081 5244 pater
1111 5172 1533 5244 orpbauorum,
1561 5171 1881 5244 verejudcx
1913 5170 2122 5244 vidua-

484 5263 636 5308 rum,
669 5249 725 5300 et
757 5241 1033 5315 tanquam
1066 5241 1320 5298 diceret:
1356 5266 1380 5290 ‹‹
1418 5242 1600 5296 Sinite
1632 5241 2125 5315 [)Aziruulos‘venire

482 5317 552 5369 ad
577 5333 698 5382 me,
729 5311 932 5369 talium
964 5320 1052 5369 cst
1081 5315 1233 5369 enim
1271 5330 1539 5384 regnum
1574 5312 1851 5384 cmloruin
1909 5311 2118 5384 (Matth.

482 5388 596 5455 xix)
622 5403 632 5440 :
667 5410 691 5434 υ
724 5386 1018 5440 acclinans
1041 5402 1121 5452 se,
1150 5382 1582 5453 manu'propria
1606 5383 1818 5455 cibavit
1844 5382 2120 5455 pupillos,

482 5453 678 5512 refecit
706 5457 1020 5528 orphanos,
1055 5456 1367 5511 aluitlilios
1393 5471 1738 5528 pauperum,
1766 5453 2117 5528 delicatiori-

479 5529 589 5584 bus
617 5524 857 5584 escis'ex
885 5547 1088 5584 mensa
1120 5546 1220 5600 per
1251 5524 1591 5600 seipﬁSumin
1617 5524 1727 5600 _hoc
1768 5525 2114 5600 reservatis;

478 5603 753 5671 praeterea
785 5601 1069 5655 matribus
1098 5595 1705 5671 e'orumffamiliarius
1731 5612 1871 5671 suas
1895 5595 2118 5671 illicmi-

2245 4743 2539 4798 celeritate
2570 4760 2687 4813 qua
2713 4748 2972 4812 venerat,
3006 4743 3273 4799 recurrit.
3309 4747 3437 4801 Mox
3465 4748 3698 4814 abjecto
3721 4764 3757 4802 a
3777 4764 3897 4803 cer-

2242 4813 2465 4887 vicibus
2488 4830 2680 4881 ouere,
2702 4814 3022 4887 incurvavit
3039 4832 3100 4887 se
3124 4817 3553 4887 quantociusad
3571 4819 3896 4887 jacentem,

2243 4884 2556 4965 puerulum
2586 4883 2797 4965 pannis
2828 4884 3098 4965 obvolvit,
3125 4883 3316 4965 ipsam
3349 4906 3382 4943 a
3407 4883 3893 4965 terra—sublatam

2241 4955 2601 5029 inlectulum’
2628 4955 2947 5029 collocavit,
2984 4973 3049 5011 ac
3083 4955 3334 5029 propriis
3381 4959 3651 5015 extractis
3711 4962 3887 5016 vesti-

2237 5027 2368 5091 bus,
2403 5032 2684 5097 utrosque
2714 5027 3023 5098 diligenter
3059 5027 3332 5084 contexit.
3385 5031 3444 5085 In
3495 5031 3706 5086 eodem
3770 5031 3889 5087 loco

2237 5099 2540 5173 dispositis
2572 5115 2676 5168 pro
2709 5099 3130 5173 sustentatione
3160 5101 3310 5173 ejus,
3336 5118 3644 5173 quousque
3677 5119 3888 5158 conva-

2235 5169 2493 5235 lesceret,
2520 5169 2890 5243 necessariis,
2919 5171 3201 5243 processit
3224 5169 3613 5243 vere'precu'm
3638 5190 3888 5230 suarum

2233 5247 2658 5326 consecuturus
2687 5242 2983 5308 allectum,
3013 5241 3110 5312 qui
3140 5246 3260 5326 tam
3280 5241 3488 5326 humili
3514 5249 3572 5326 et
3601 5245 3702 5326 pio
3722 5246 3892 5300 mini-

2232 5313 2407 5366 sterio
2442 5329 2543 5382 per
2564 5311 2875 5382 horrorem
2899 5311 3056 5366 caecae
3089 5315 3275 5369 noctis
3307 5315 3362 5369 in
3396 5311 3659 5372 minimis
3693 5333 3882 5372 mem-

2231 5383 2360 5457 bris
2384 5381 2506 5438 suis
2537 5381 2620 5435 illi
2652 5383 3096 5457 obsecutusest,
3117 5401 3290 5457 quem
3315 5387 3614 5457 quondam

2228 5453 2318 5508 bis
2351 5454 2736 5525 incarnatum,
2764 5453 2944 5525 Virgo
2978 5453 3160 5510 Mater
3189 5453 3403 5512 vilibus
3459 5481 3482 5508 ι
3539 5453 3888 5515 obvolutum

2230 5525 2463 5600 pannis,
2495 5522 2804 5600 reclinavit
2834 5522 2900 5578 in
2929 5526 3277 5600 praesepium
3310 5529 3459 5600 (Luc.
3496 5531 3587 5599 II).
3627 5553 3655 5579 ››

3648 5405 3758 5458 pro
3784 5404 3885 5444 no-

2297 5596 2362 5650 X.
2399 5595 2744 5672 S._L]rsulam
2773 5599 2824 5650 et
2846 5595 3026 5672 socias
3041 5595 3292 5672 uirgines
3318 5595 3704 5656 invisitIAlia
3745 5618 3892 5672 quaa-

476 5665 658 5726 serias
709 5672 1221 5742 conquerentibus,
1285 5667 1614 5724 necessaria
1665 5666 2118 5732 misericorditer
2224 5666 2358 5721 dam
2391 5665 2653 5721 subierat
2673 5682 2809 5733 nox,
2841 5671 2898 5722 et
2919 5667 3006 5722 vir
3039 5665 3156 5724 Deo
3176 5670 3440 5738 devotus,
3475 5665 3887 5729 aestimationis

520 5814 617 5887 ’(4)
651 5814 904 5871 Observa
929 5818 1141 5872 lector:
1177 5814 1270 5871 hic
1302 5811 1560 5886 pontifex
1591 5827 1883 5881 summus,
1915 5828 2018 5885 pro
2051 5810 2488 5883 archiepiscopo
2525 5808 2761 5866 dicitur.
