4086 6210
351 282 414 338 ﬂ
1551 267 1924 321 EPHBBMII
1959 265 2532 327 CHRONOGRAPHI
3691 274 3758 331 12

347 406 686 468 varietates
712 401 846 480 ipse
875 396 1235 459 exscribens
1264 392 1558 455 effecerit.
1594 392 1883 452 Profecto
1913 411 2054 452 cum
2086 392 2306 454 folium
2341 395 2782 456 tantummodo
2814 395 3087 474 primum
3121 415 3158 456 a
3201 396 3417 458 codice
3456 397 3643 468 absit,
3695 397 3761 458 in

344 524 472 587 quo
493 520 724 565 nomen
745 497 1021 561 auctoris
1049 515 1182 557 esse
1205 492 1634 564 debuit,valde
1663 491 1946 570 suspicor
1977 498 2118 572 post
2147 491 2365 554 Allatii
2393 499 2645 554 aetatem
2670 495 2733 553 id
2764 493 3095 567 excidisse,
3127 514 3271 555 cum
3301 495 3499 556 codex
3529 497 3644 557 Pio
3679 497 3761 556 VI

345 609 657 682 regnante
686 597 868 677 cujus
897 613 1064 657 nunc
1092 597 1428 656 stemmata
1458 590 1640 668 gerit,
1672 609 1710 651 a
1738 589 2102 670 bibliopego
2134 599 2503 671 compactus
2532 592 2669 653 fuit.
2706 595 2785 654 Et
2823 611 2975 653 sane
3026 593 3181 654 mihi
3227 599 3509 666 narrant,
3559 591 3763 653 multa

348 697 719 779 hujusmodi
749 696 984 757 damna
1011 693 1090 753 ab
1121 707 1456 770 operarum
1488 688 1738 748 inscitia
1766 689 2084 748 Vaticanis
2115 690 2458 763 codicibus,
2491 691 2841 768 prmsertim
2874 691 3130 769 Graecis,
3163 691 3486 752 accidisse.
3521 689 3644 750 Sed
3683 690 3762 749 de

349 798 562 859 codice
594 796 920 856 hactenus.
954 793 1094 854 Jam
1126 805 1267 848 cum
1301 803 1505 864 neque
1535 785 1826 855 Allatius,
1863 792 1932 846 ut
1960 786 2111 860 dixi,
2160 805 2364 866 neque
2413 787 2522 847 alii
2570 787 2819 860 eruditi,
2867 787 3215 868 quidquam
3272 787 3350 848 de
3402 785 3763 867 Ephraamio

347 893 835 973 chronographo
866 905 1121 950 narrare
1151 885 1518 955 videantur;
1556 882 1711 942 mihi
1740 883 1995 960 quidem
2027 883 2104 943 de
2133 884 2266 945 viro
2309 883 2428 944 hoc
2457 886 2767 963 quaerenti
2796 887 3173 946 occurrabat
3202 885 3596 964 Ephrazmius
3626 883 3759 946 ille.

352 1011 540 1072 quem
561 993 835 1055 Joannes
857 990 972 1049 ΧΙΙ
1003 983 1364 1065 patriarcha
1391 979 2146 1060 Constantinopolitanus,
2181 988 2327 1043 ante
2357 1000 2601 1042 sacram
2623 1001 2802 1043 suam
2831 982 3226 1062 dignitatem,
3261 983 3558 1061 legitimis
3592 1001 3756 1060 nup-

350 1091 454 1152 tiis
483 1090 740 1168 genuit;
776 1088 853 1145 de
882 1102 1008 1162 quo
1040 1080 1408 1142 nominatim
1444 1078 1804 1158 Ephreemio
1833 1078 2028 1139 verba
2057 1079 2206 1140 facit
2240 1080 2658 1159 Pachymeres
2696 1082 2760 1140 in
2808 1081 3092 1160 praedicti
3142 1080 3518 1160 patriarchae
3537 1080 3760 1141 notitia

351 1193 396 1248 t.
432 1188 506 1262 II,
540 1186 649 1246 lib.
684 1201 765 1257 ιν,
790 1183 940 1242 dum
971 1178 1081 1249 ait,
1115 1177 1445 1255 episcopos
1476 1175 1639 1235 inter
1662 1181 1922 1236 caeteras
1935 1175 2404 1237 criminationes
2426 1177 2856 1255 patriarcham
2872 1177 3558 1257 reprehendisse,quod
3587 1177 3758 1239 bona

347 1284 626 1345 ecclesiae
658 1277 1022 1359 Ephraemio
1052 1276 1182 1336 filio
1208 1293 1321 1334 suo
1351 1273 1775 1352 dispensanda
1806 1273 2341 1352 relinqueret,non
2372 1275 2714 1336 constituto
2746 1283 2934 1355 prout
2961 1275 3132 1354 leges
3152 1275 3464 1354 jubebant
3501 1293 3759 1337 (econo-

350 1399 476 1441 mo.
511 1385 758 1456 Reapse
788 1383 851 1436 et
883 1382 1095 1435 noster
1133 1371 1660 1450 chronographus
1713 1371 1776 1430 in
1835 1371 2339 1449 patriarcharum
2381 1372 2672 1451 catalogo
2724 1380 3033 1435 memorat
3086 1374 3438 1435 masculum
3494 1373 3760 1436 Joannis

345 1479 454 1537 XII
485 1475 710 1552 ﬁlium,
743 1474 850 1534 sed
883 1473 959 1533 de
990 1471 1212 1551 seipso
1241 1470 1410 1531 haud
1445 1469 1673 1529 diserte
1705 1468 1874 1546 loqui
1906 1468 2241 1546 significat.
2276 1472 2351 1530 Et
2387 1475 2595 1531 tamen
2629 1476 2782 1532 aetas
2811 1471 3096 1550 apprime
3118 1471 3449 1550 congruit:
3479 1489 3758 1550 namque

344 1573 448 1634 hic
475 1575 706 1636 Joanes
736 1569 1235 1651 patriarchatum
1268 1567 1526 1627 retinuit
1555 1585 1753 1644 usque
1775 1565 1856 1626 ad
1884 1565 2115 1626 Christi
2143 1585 2380 1628 annum
2424 1569 2607 1641 £304;
2644 1574 2856 1629 noster
2887 1573 3096 1630 autem
3128 1568 3524 1648 Ephraamius
3565 1568 3755 1629 chro-

342 1673 527 1733 nicon
543 1689 726 1732 suum
750 1688 916 1730 anno
933 1668 1084 1728 1313
1098 1665 1440 1728 concludit.
1455 1666 1486 1726 J
1493 1683 1593 1724 am
1607 1682 1722 1742 ego
1739 1664 1940 1724 fontes
1951 1663 2364 1742 Ephraamicaa
2379 1665 2808 1744 chronologize
2823 1666 3125 1745 comperi,
3145 1669 3454 1727 Zonaram
3496 1665 3752 1745 quidem

343 1789 541 1849 usque
556 1770 634 1830 ad
651 1768 859 1828 Alexii
874 1771 897 1826 Ι
914 1764 1463 1827 Comneniobitum
1493 1781 1507 1836 ;
1542 1763 1831 1823 Nicetam
1849 1762 2223 1824 Choniatam
2249 1783 2446 1844 usque
2469 1765 2549 1824 ad
2572 1764 2951 1826 Balduinum
2967 1768 3016 1838 1,
3031 1765 3754 1844 imperatorem;deinde

341 1887 492 1928 vero
521 1867 862 1946 Georgium
895 1863 1350 1942 Acropolitam.
1386 1864 1515 1939 Age
1547 1879 1693 1922 vero
1727 1861 1896 1938 quod
1925 1861 2322 1939 Ephraemius
2351 1863 2681 1923 historiam
2732 1862 2981 1942 poetico
3033 1868 3234 1922 metro
3282 1862 3747 1940 conscripserit,

339 1983 526 2024 nemo
559 1980 943 2041 magnopere
973 1963 1314 2031 irascatur;
1348 1959 1552 2037 primo
1585 1957 1735 2037 quia
1761 1975 2014 2018 carmen
2043 1959 2384 2021 iambicum
2414 1960 2793 2021 narrationis
2850 1959 3282 2039 perspicuitati
3335 1957 3749 2040 peridoneum

336 2068 453 2140 est,
488 2067 550 2122 et
582 2059 952 2120 memoriam
986 2057 1326 2135 legentium
1359 2055 1646 2134 apprime
1667 2053 1888 2133 juvat;
1925 2055 2150 2117 deinde
2181 2058 2331 2136 quia
2379 2058 2620 2119 Pisidas
2677 2059 2892 2130 etiam,
2917 2058 3366 2119 Constantinus
3406 2059 3749 2136 Manasses,

337 2165 529 2238 atque
561 2161 810 2218 Tzetzes
839 2158 1098 2235 impune
1131 2173 1274 2214 suas
1304 2153 1600 2214 historias
1628 2153 1912 2213 versibus
1943 2161 2472 2234 composuerunt;
2507 2156 2614 2234 qui
2662 2157 2862 2218 nihilo
2915 2155 3120 2216 minus
3161 2163 3474 2225 auctores,
3526 2155 3752 2234 praeci-

334 2274 582 2335 pueque
611 2258 882 2328 'l‘zetzes,
919 2270 1150 2328 magno
1183 2251 1322 2311 usui
1344 2251 1512 2328 apud
1545 2250 1823 2310 eruditos
1853 2257 2021 2311 sunt.
2057 2256 2266 2331 Atque
2296 2270 2412 2331 ego
2440 2254 2781 2333 Ephraemii
2802 2253 3058 2332 quidem
3092 2254 3456 2325 Historiam,
3492 2257 3754 2333 propter

335 2372 514 2415 suam
545 2353 838 2415 eximiam
874 2350 1207 2412 utilitatem
1241 2349 1322 2410 ad
1348 2349 1636 2409 Latinam
1661 2349 2203 2422 consuetudinem,
2236 2351 2440 2411 soluta
2473 2358 2685 2412 tamen
2717 2352 3024 2428 oratione,
3060 2350 3391 2412 transtuli:
3423 2350 3535 2412 etsi
3583 2351 3752 2411 enim

336 2452 487 2513 olim
519 2452 830 2531 poeticam
864 2469 988 2510 non
1020 2448 1297 2527 neglexi,
1328 2466 1493 2507 nunc
1524 2453 1736 2508 tamen
1767 2447 2244 2526 pangendorum
2272 2467 2566 2510 versuum
2601 2449 2744 2528 plus
2773 2449 2989 2510 decem
3021 2449 3301 2510 millibus
3342 2449 3542 2510 otium
3596 2447 3754 2509 mihi

337 2550 758 2629 voluntasque
785 2547 1008 2611 defuit.

716 3001 2030 3178 ΕΦΡΑΙΜΙΟΥ
2156 3003 3389 3180 ΧΡΟΝΙΚΟΥ

1591 3325 2512 3457 ΚΑΙΣΑΡΕΣ.

559 3829 1801 3998 EPHB/EMII
1971 3828 3540 4000 CHRONOLOGI

1621 4143 2466 4270 CAESARES.

2796 4585 3050 4658 mm

865 4695 1074 4754 CAIUS
1121 4694 1336 4750 ANNIS
1377 4692 1468 4748 IV.

2671 4692 2881 4748 ΓΑΙΟΣ
2922 4692 3064 4750 ΕΤΗ
3103 4692 3176 4748 Δ’.

339 4825 562 4881 Deinde
583 4823 981 4881 Romanorum
1015 4818 1329 4890 imperium
1355 4815 1545 4872 tenuit

2273 4817 2408 4870 Εἶτα
2438 4815 2671 4891 κατέσχὲ
2700 4816 2764 4870 τὸ
2794 4814 2993 4889 κράτος
3019 4820 3129 4871 τῶν
3161 4813 3445 4891 Αὐσόνων,

335 4917 534 4985 Caius,
563 4914 682 4969 vita
710 4912 1001 4984 Epicurus
1027 4907 1114 4964 vel
1149 4906 1346 4980 potius
1377 4906 1582 4973 Satan,

2275 4904 2432 4966 Γαῖος
2466 4902 2787 4979 Ἐπίκουρος
2889 4903 3061 4959 Σατᾶν
3091 4905 3316 4979 τρόπον,

334 5020 517 5075 supra
545 5002 870 5058 humanam
895 5001 1166 5054 naturam
1199 4993 1484 5051 extollens
1517 4998 1705 5050 semet

2277 4992 2434 5066 Ὑπὲρ
2469 4992 2627 5070 φύσιν
2662 4993 2908 5068 βρότειον
2939 4993 3097 5050 αὐτὸν
3127 4996 3425 5069 σεμνύνων,

332 5094 710 5164 divinamque
743 5091 1044 5158 alTectans,
1075 5084 1405 5141 vilissimus
1449 5083 1734 5151 mortalis,

2274 5083 2340 5138 Ἥ
2367 5081 2455 5136 καὶ
2489 5087 2761 5158 θεουργῶν
2794 5084 2828 5152 ἡ
2861 5084 3230 5146 κατπάτυστος
3255 5086 3409 5162 φύσις

331 5182 692 5255 impudicus,
725 5179 1032 5244 scelestus,
1065 5172 1487 5245 sanguinarius
1521 5189 1535 5227 :
1820 5183 1828 5190 '

1820 5183 1828 5190 '
2201 5175 2232 5225 5
2275 5171 2441 5245 Ἀνὴρ
2475 5171 2737 5245 ἀσελγὴς,
2774 5171 3040 5248 ἀποφρὰς,
3077 5173 3389 5251 μιαιφόνος·

329 5275 441 5330 sub
472 5290 589 5344 quo
623 5272 815 5344 prima
844 5268 1180 5340 Stephanus
1211 5264 1393 5336 gloria
1425 5268 1750 5336 martyrum

2273 5261 2387 5338 Ἐφ’
2417 5261 2478 5314 οὗ
2511 5261 2780 5338 Στέφανος
2808 5265 3294 5338 πρωτομαρτῦρων
3322 5263 3483 5329 κλέος

401 5454 687 5524 (“Deest
735 5453 792 5507 in
844 5445 1351 5524 codice_p_rim_um
1384 5445 1613 5524 folium,
1650 5443 1981 5524 quod-Julii
2091 5408 2774 5524 minus‘quinquaginta,
2800 5446 2867 5498 ut
2895 5442 3246 5524 paginarum
3301 5445 3448 5524 ratio
3494 5447 3740 5504 demon-

333 5513 598 5592 Csisaris,
630 5524 896 5596 Augusti,
943 5527 1002 5576 et
1055 5516 1277 5596 Tiberii
1334 5515 1604 5572 notitiam
1666 5513 1979 5596 continuit.
2089 5517 2259 5596 strat.
2292 5513 2472 5581 Nihil,
2494 5518 2694 5596 tamen
2723 5513 3092 5588 incognitum
3122 5515 3184 5573 in
3215 5516 3326 5574 hac
3356 5515 3571 5578 lacuna
3595 5520 3740 5579 ami-

331 5584 750 5654 Desiderantur
777 5584 960 5666 igitur
988 5607 1059 5650 ex
1084 5589 1354 5648 universo
1381 5604 1552 5660 opere
1581 5603 1786 5644 versus
1806 5586 1982 5660 paulo
2086 5584 2238 5641 sisse
2269 5601 2376 5641 nos
2405 5589 2568 5658 puto.
