4086 6210
357 347 425 401 15
1561 335 1937 393 ΕΡΗΒΕΜΙΙ

1561 335 1937 393 ΕΡΗΒΕΜΙΙ
1973 333 2553 392 CHRONOGRAPHI

353 471 472 526 Sub
506 487 572 527 eo
605 470 844 542 quidam
878 469 1091 542 reperit
1119 484 1331 524 aurum
1360 467 1708 537 plurimum,

353 561 619 631 amplum
655 576 866 633 nempe
896 561 1240 616 thesaurum
1272 555 1439 612 humi
1472 555 1774 617 obrutum,

355 662 532 717 quem
565 647 638 702 ad
670 647 986 702 arbitrium
1018 646 1260 702 Caesaris
1291 643 1572 699 effossum
1604 639 1826 696 retulit.

358 735 462 790 Hic
495 743 690 792 autem
722 741 780 792 et
809 737 1061 792 retinere
1089 736 1246 791 hunc
1266 732 1454 804 jussit
1481 730 1804 801 eodemque
1829 727 1932 782 uti.

361 827 625 897 Cumque
656 825 754 882 ille
786 827 1068 897 majorem
1095 823 1318 895 privato
1351 838 1471 877 rem
1504 835 1632 876 esse
1655 818 1900 893 diceret,

361 914 447 970 Tu
479 931 634 987 vero,
665 916 863 987 inquit
890 914 1093 980 Nerva,
1126 913 1362 967 inventa
1393 925 1455 966 re
1485 909 1576 964 vel
1607 907 1884 964 abutitor.

791 1027 1166 1085 TRAJANUS
1218 1031 1335 1082 AN.
1376 1024 1576 1082 XVIII.

366 1137 471 1194 Ubi
504 1137 820 1211 imperium
849 1137 1034 1192 Nerva
1064 1151 1199 1190 cum
1230 1136 1347 1190 vita
1376 1132 1711 1205 dereliquit,

361 1228 670 1297 Trajanus,
704 1227 883 1297 hujus
911 1225 1222 1295 adoptione
1252 1225 1434 1289 filius,

364 1321 764 1371 Romanorum
791 1319 1089 1386 sceptrum
1122 1313 1448 1386 occupavit,

365 1404 626 1459 victoriis
653 1404 741 1458 vir
771 1405 1068 1475 rebusque
1097 1402 1281 1474 gestis
1314 1401 1588 1473 inclytus.

365 1493 421 1550 Is
451 1499 649 1548 tamen
681 1493 810 1564 pios
841 1491 1212 1563 aliquantum
1244 1499 1587 1564 persecutus
1618 1490 1708 1544 est
1737 1504 1749 1542 :

360 1599 476 1654 quo
505 1587 771 1654 tempore
803 1582 1095 1638 contritus
1123 1580 1444 1636 bestiarum
1474 1579 1752 1634 dentibus

363 1670 558 1742 Theop
589 1670 772 1726 horus
803 1669 1066 1741 Ignatius
1091 1669 1149 1724 in
1185 1669 1324 1724 urbe
1357 1669 1542 1724 Roma
1571 1667 1682 1721 fuit
1713 1681 1728 1720 :

361 1764 539 1830 atque
568 1758 669 1814 alii
701 1760 940 1830 insuper
963 1758 1203 1829 plurimi
1234 1757 1414 1814 vitam
1449 1761 1737 1825 martyres

367 1847 583 1902 Christi
613 1863 794 1904 causa
823 1847 1100 1902 certando
1128 1863 1371 1902 consum
1385 1851 1623 1902 marunt
1653 1863 1668 1902 :

367 1953 618 2008 quorum
648 1936 942 1992 intellecto
973 1936 1266 2008 Trajanus
1300 1937 1561 1991 interitu.

368 2027 602 2098 negavit
631 2026 843 2097 dignos
874 2026 1056 2080 fuisse
1087 2024 1228 2080 talia
1256 2024 1396 2097 pati,

367 2130 433 2170 eo
465 2117 622 2186 quod
653 2114 954 2169 Christum
989 2113 1157 2170 unice
1185 2113 1367 2169 Deum
1400 2112 1677 2184 colerent,

369 2210 427 2261 et
453 2221 526 2260 ne
555 2203 871 2260 Christiani
905 2209 1256 2260 vexarentur
1285 2203 1490 2259 vetuit.

375 2294 533 2349 Idem
566 2309 700 2348 cum
728 2293 994 2363 praefecto
1027 2292 1290 2364 gladium
1324 2293 1598 2362 traderet,

377 2382 596 2438 dixisse
625 2382 810 2437 fertur
845 2399 856 2435 :
898 2385 1064 2436 Hunc
1095 2398 1258 2453 cape,
1291 2383 1498 2452 amice,
1533 2399 1729 2438 manu.

374 2475 432 2527 et
460 2470 510 2526 si
539 2471 776 2541 quidem
808 2469 1225 2541 rempublicam
1263 2470 1409 2526 bene
1439 2486 1695 2542 gessero,

373 2577 478 2632 pro
511 2575 642 2615 mea
667 2557 858 2615 salute
887 2558 996 2614 hoc
1026 2558 1134 2613 tibi
1166 2559 1450 2614 utendum
1481 2564 1571 2615 est
1596 2578 1609 2627 ;

373 2649 465 2705 sin
499 2648 650 2704 male
679 2649 1059 2720 imperavero,
1093 2647 1203 2702 hoc
1231 2664 1323 2703 me
1352 2649 1671 2704 confodito.

816 2762 1227 2820 HADRIANUS
1267 2763 1383 2820 AN.
1424 2766 1578 2819 XXI.

374 2873 510 2928 Post
538 2871 697 2926 hunc
725 2871 847 2926 vita
877 2870 1222 2926 defunctum
1254 2869 1314 2926 in
1347 2869 1617 2942 imperio,

372 2961 557 3017 zElius
590 2960 919 3016 Hadrianus
949 2960 1197 3015 bellator
1229 2959 1446 3015 nobilis

374 3050 539 3122 regni
571 3065 879 3105 successor
908 3049 1251 3121 designatus
1279 3049 1388 3105 fuit
1421 3066 1435 3104 ε

373 3140 464 3196 vir
491 3141 700 3196 doctus
729 3157 796 3196 ac
827 3139 1176 3212 magnificus
1208 3156 1655 3212 usquequaque,

375 3231 474 3300 qui
505 3231 683 3285 etiam
713 3231 896 3285 vetuit
930 3232 1000 3284 de
1027 3230 1380 3286 Christianis
1411 3248 1615 3302 pmnas
1645 3230 1822 3287 sumi.

379 3319 527 3374 Huic
559 3318 876 3388 aliquando
907 3318 1196 3388 equitanti
1228 3319 1287 3374 in
1320 3320 1411 3374 via

381 3423 582 3478 preces
613 3405 822 3461 mulier
850 3406 1118 3476 quaedam
1151 3404 1412 3461 efﬂictim
1443 3407 1657 3462 obtulit
1689 3424 1702 3461 :

379 3496 431 3550 is
458 3499 650 3550 autem
685 3491 915 3564 negavit
943 3496 1210 3548 orantem
1243 3510 1304 3549 se
1336 3508 1507 3565 posse
1537 3495 1759 3551 audire.

379 3584 528 3640 Tum
559 3583 680 3652 illa,
713 3583 792 3639 Ne
824 3598 1028 3652 regnes
1060 3582 1258 3652 igitur,
1287 3584 1586 3655 respondit
1617 3600 1629 3638 :

379 3690 562 3746 quare
593 3674 642 3728 is
669 3688 983 3728 conversus
1017 3670 1244 3726 femina:
1267 3673 1372 3742 jus
1405 3673 1676 3729 reddidit.

375 3764 537 3820 Idem
568 3763 628 3818 in
661 3760 970 3817 Palaestina
999 3761 1202 3816 urbem
1239 3762 1474 3830 struxit,

374 3854 474 3908 ubi
505 3853 641 3907 Sion
674 3850 941 3906 funditus
973 3864 1175 3904 eversa
1207 3851 1416 3918 fuerat,

372 3957 618 4013 eamque
648 3937 964 4013 appellavit
993 3937 1378 4010 Capitolinam
1411 3938 1642 3996 Etiam.

373 4030 684 4103 Templum
718 4044 950 4101 quoque
983 4028 1254 4083 excitavit
1283 4029 1555 4084 Saturnio
1586 4029 1737 4096 Jovi,

371 4121 471 4176 ubi
503 4120 640 4176 olim
674 4118 950 4174 Solomon
983 4133 1158 4172 suum
1192 4117 1556 4174 condiderat.

369 4213 506 4278 Quae
537 4227 630 4265 res
661 4206 1051 4264 intolerabilis
1079 4207 1335 4262 Judaicm
1366 4208 1527 4279 genti
1563 4208 1674 4264 fuit
1704 4223 1718 4263 ε

369 4317 552 4374 quare
583 4302 780 4355 coacto
811 4300 1172 4350 armatorum
1205 4312 1474 4363 numero,

366 4396 698 4446 Romanum
731 4385 1152 4457 aggrediuntur
1183 4385 1522 4455 praesidium
1550 4384 1682 4456 loci,

369 4480 756 4552 ejusdemque
780 4475 1076 4546 ingentem
1108 4479 1359 4543 stragem
1393 4474 1597 4528 edunt.

371 4571 534 4634 Quod
567 4567 667 4624 ubi
697 4571 886 4620 Caesar
919 4562 1095 4628 novit,
1129 4562 1417 4633 conjurati
1445 4562 1734 4618 exercitus

370 4660 746 4715 Hebraeorum
781 4653 1016 4726 penitus
1041 4652 1293 4706 succidit
1322 4653 1476 4707 vires
1511 4669 1522 4706 :

364 4750 649 4806 nimirum
682 4747 732 4801 is
763 4744 1088 4815 quingenta
1118 4745 1176 4796 et
1207 4741 1500 4812 octoginta

362 4839 675 4896 hominum
703 4831 887 4888 millia
915 4830 1074 4885 letho
1104 4831 1287 4885 dedit.

363 4927 549 4998 Pagos
579 4923 756 4978 etiam
787 4918 978 4991 gentis
1008 4917 1300 4974 subvertit
1333 4915 1494 4972 mille

361 5031 496 5070 cum
527 5009 954 5085 quinquaginta
979 5005 1215 5062 arcibus
1247 5005 1565 5063 nobilibus.

361 5105 538 5158 Porro
569 5099 807 5172 quidam
839 5098 911 5152 ab
937 5111 1004 5152 eo
1036 5095 1161 5151 neci
1196 5095 1492 5164 addictus,

360 5194 534 5249 thure
559 5191 616 5245 in
648 5189 845 5261 ignem
879 5185 1141 5255 conjecto
1172 5188 1424 5240 testatus
1451 5190 1560 5252 est,

358 5302 421 5342 se
453 5283 689 5356 quidem
719 5280 1125 5334 immerentem
1159 5276 1230 5330 ad
1260 5285 1503 5332 mortem
1537 5277 1734 5350 adigi;

355 5370 665 5445 imprecari
697 5372 895 5424 autem
927 5363 1220 5420 Hadriano
1253 5381 1322 5420 ne
1353 5381 1488 5420 cum
1519 5365 1673 5422 volet

357 5463 529 5527 mori,
560 5458 677 5516 voti
708 5457 800 5514 sui
832 5470 1073 5526 compos
1101 5453 1202 5509 ﬁat
1235 5470 1249 5509 :

359 5552 516 5626 quod
546 5564 745 5607 revera
768 5544 1058 5602 Hadriano
1083 5542 1275 5600 evenit
1305 5542 1364 5599 in
1393 5543 1524 5601 vitae
1556 5543 1828 5616 termino,

2031 468 2087 534 A

2043 1833 2092 1900 Β

2054 3197 2098 3265 C

2047 4564 2094 4630 D

2293 459 2408 536 Ἐφ’
2438 459 2499 513 οὗ
2521 481 2604 523 τις
2629 461 2704 533 (2)
2736 459 3012 534 ἀμύθητον
3044 463 3164 541 εὗρε
3193 469 3422 544 χρυσίον

2289 549 2572 624 Θησαυρὸν
2605 545 2770 623 ἁϐρὸν
2805 550 3384 630 ἐγκατακεχωσμὲνον,

2181 639 2254 694 60
2291 639 2385 692 Ὅν
2421 637 2753 713 ἐκκαλύψας,
2783 643 3048 718 κράτορος
3089 645 3231 717 μένει
3263 648 3463 720 κρίσιν.

2290 729 2350 785 Ὁ
2379 725 2424 782 δ’
2450 728 2514 781 αὗ
2544 735 2850 804 κεχρῆσθαι
2885 731 3077 804 μηνύει
3106 734 3195 790 καὶ
3227 738 3500 814 κατέχειν

2293 816 2447 872 Ἀλλ’
2481 817 2614 892 ὑπὲρ
2645 817 2804 874 αὐτὸν
2836 821 3053 895 εὑρεθὲν
3084 823 3275 900 φάσκει
3305 828 3516 901 πὲλειν,

2292 906 2362 962 Ἢ
2396 902 2441 959 δ’
2471 905 2556 976 ὃς,
2590 908 2990 983 Κατακὲχρησο
3019 917 3136 974 τοῖς
3169 914 3523 990 εὑρημένοις.

2597 1023 2956 1084 ΤΡΑΙΔΝΟΣ
3000 1030 3111 1086 ET.
3166 1031 3270 1086 ΠΥ.

2294 1126 2508 1183 Τούτου
2542 1127 2802 1194 λιπόντος
2835 1131 2928 1186 σὺν
2961 1137 3272 1211 κραταρχίᾳ
3305 1136 3444 1212 βίον,

2185 1218 2256 1271 65
2294 1217 2562 1291 Τραϊανός
2594 1239 2676 1282 τις
2709 1226 2835 1283 παῖς
2866 1224 3020 1286 Θετὸς
3061 1227 3258 1282 τούτου
3289 1227 3486 1306 στέφος

2295 1306 2398 1361 Καὶ
2431 1314 2677 1384 σκῆπερα
2706 1309 3103 1392 παρείληφετᾶ
3129 1320 3238 1371 τῶν
3271 1317 3553 1374 Αὐσόνων·

2294 1393 2436 1469 Εύρὺ
2466 1395 2628 1458 κλὲος
2655 1400 2804 1473 σχὼν
2839 1398 2891 1455 ἐν
2923 1401 3092 1465 νίκαις
3122 1405 3214 1459 καὶ
3243 1407 3552 1480 πρακτέοις·

2293 1481 2356 1537 EI
2387 1483 2477 1539 καὶ
2509 1483 2722 1542 διώκων
2759 1485 2993 1552 εὐσεϐεῖς
3021 1492 3087 1561 ἦν
3126 1496 3386 1570 μετρίως,

2297 1573 2424 1626 Καθ’
2451 1573 2509 1628 ὃν
2533 1579 2735 1660 χρόνον
2771 1573 3018 1654 βέϐρωτο
3049 1582 3255 1658 θηρίων
3283 1586 3504 1660 γνάθοις

2188 1661 2260 1715 70
2297 1661 2356 1717 Ὁ
2383 1658 2643 1738 θεοφόρος
2677 1665 2941 1740 Ἰγνάτιος
2972 1668 3024 1724 ἐν
3054 1669 3265 1746 Ῥώμῃ,

2297 1747 2502 1805 ¹¹Λλλοι
2532 1772 2590 1806 τε
2618 1752 2872 1810 πλεῖστοι
2907 1765 3252 1833 μρτυρικῶς
3281 1764 3374 1816 τὸν
3411 1763 3528 1838 βίον

2301 1840 2538 1914 Χριστοῦ
2569 1845 2733 1916 χάριν
2763 1845 2965 1915 ἢνυσαν
2993 1847 3382 1922 ἠγωνισμένου

2298 1929 2520 1984 Τούτων
2555 1932 2797 2004 μαθόντα
2823 1935 2915 1989 τὸν
2947 1942 3246 2012 κρατοῦντα
3272 1939 3368 1995 τὸν
3405 1941 3592 2019 φόνον.

2300 2018 2389 2081 Ὠς
2419 2018 2484 2072 οὗ
2516 2028 2760 2097 πονηρᾶς
2789 2023 2968 2086 αἰτίας
2999 2027 3230 2101 πάσχειν
3255 2025 3387 2084 τάδε

2193 2107 2264 2161 75
2303 2108 2399 2169 Οἷς
2431 2105 2487 2162 δὲ
2517 2110 2750 2182 Χριστὸν
2784 2107 3029 2170 σέϐουσιν
3059 2115 3135 2178 ὡς
3161 2115 3288 2172 Θεὸν
3326 2118 3511 2191 μόνον,

2303 2197 2397 2264 Μὴ
2432 2193 2542 2251 δεῖν
2574 2197 2830 2269 κολάζειν
2859 2203 3100 2257 θεσπίσαι
3132 2207 3580 2281 Χριστωνύμους.

2300 2285 2504 2372 Τοῦτόν
2534 2288 2587 2362 γ’
2616 2288 2844 2366 ἐπάρχῳ
2872 2291 3191 2367 χειρίσαντα
3218 2297 3280 2350 τὸ
3313 2295 3490 2372 ξίφος,

2300 2371 2488 2446 Δέδεξο
2518 2377 2672 2433 τουτὶ
2703 2386 2821 2435 ταῖν
2857 2387 3068 2456 χεροῖν,
3100 2388 3291 2439 τοῦτον
3320 2371 3508 2464 φάναι,

2304 2461 2408 2518 Κᾶν
2444 2466 2540 2537 μὶν
2567 2464 2751 2530 καλῶς
2776 2467 2820 2522 ὦ
2853 2467 3053 2526 διέπων
3083 2472 3151 2528 τὰ
3179 2478 3275 2528 τοῦ
3305 2461 3562 2550 κράτους,

2197 2555 2266 2608 80
2303 2553 2461 2625 Ὑπὶρ
2492 2556 2541 2631 γ’
2572 2554 2809 2628 ἰμαυτοῦ
2836 2557 2977 2630 τῷδε
3006 2564 3298 2637 χρηστέον.
3324 2563 3468 2640 φίλε’

2307 2643 2369 2700 Εἰ
2402 2642 2450 2698 δ’
2480 2643 2545 2699 αὖ
2577 2667 2640 2721 γε
2667 2651 2868 2720 κακῶς,
2897 2651 3015 2703 κατ’
3046 2649 3282 2724 ἐμαυτοῦ
3312 2651 3559 2729 καρδίας.

2625 2765 2970 2836 ΑΔΡΙΑΝΟΣ
3012 2767 3124 2824 ET.
3166 2770 3277 2824 KA'

2301 2866 2503 2922 Τούτου
2536 2865 2593 2923 δὲ
2627 2869 2747 2944 βίον
2775 2872 2866 2925 καὶ
2897 2873 3094 2946 κράτος
3135 2871 3488 2948 λελοιπότος,

2301 2953 2586 3031 Ἀδριανὸς
2615 2955 2811 3021 Αἴλιος
2840 2959 3090 3034 ἀριστεὺς
3123 2961 3288 3038 μέγας

2306 3043 2579 3121 Διάδοχος
2611 3044 2853 3104 δέδεικτο
2882 3056 2986 3119 τῆς
3020 3051 3349 3128 μοναρχίας’

2205 3136 2275 3190 85
2312 3135 2607 3208 Ἐρμαϊκός
2624 3158 2683 3192 τε
2711 3138 2798 3192 καὶ
2835 3137 3194 3218 μεγαλόφρων
3227 3141 3404 3213 ὅλοις,

2314 3225 2408 3293 Μὴ
2442 3223 2551 3280 δεῖν
2582 3224 2833 3296 κολάζειν
2863 3229 3119 3292 θεσπίσας
3142 3231 3584 3306 Χριστωνύμους·

2311 3313 2515 3369 Τούτου
2547 3312 2594 3369 δ’
2622 3316 2948 3380 ἱππεύοντός
2979 3321 3104 3374 ποτ’
3136 3318 3187 3374 ἐν
3218 3319 3486 3399 λεωφόρῳ

2312 3400 2516 3459 Ἐδεῖτο
2548 3406 2685 3478 γυνή
2720 3404 2968 3481 λιπαρῶς
2996 3407 3302 3485 ἐγκειμένηο

2311 3491 2372 3548 Ὁ
2405 3489 2474 3560 δ’,
2506 3493 2582 3550 Ού
2613 3493 2897 3568 σχολάζω,
2928 3493 3050 3568 τῇδ’
3081 3496 3368 3574 ἐγκειμρνῃ
3403 3497 3571 3574 Λέγει·

2204 3582 2274 3638 90
2313 3579 2439 3653 Καὶ,
2471 3579 2629 3650 Μηδὲ
2659 3581 2934 3655 βασίλευε,
2966 3585 3103 3657 πρὸς
3133 3583 3278 3641 τόνδ’
3311 3587 3538 3667 ἀντὲφη,

2310 3671 2373 3728 Ὁ
2403 3667 2459 3724 δὲ
2490 3671 2741 3747 στραφεὶς
2770 3672 3074 3748 προσέσχεν
3105 3673 3274 3745 αὐτῆς
3297 3680 3367 3751 τῇ
3401 3675 3552 3752 δίκῃο

2311 3760 2482 3822 Οὗτος
2511 3759 2726 3828 πολίζει
2759 3761 2896 3834 πρὸς
2931 3761 3269 3840 Παλαιστίνῃ
3301 3763 3460 3821 πόδιν

2309 3850 2487 3906 ⁰Οπου
2519 3849 2661 3903 Σιὼν
2698 3846 2881 3921 ἵδρυτο
2901 3853 3342 3927 κατεσκαμμένη,

2312 3937 2690 3993 Καπιτωλίναν
2722 3937 2952 4003 καλέσας
2977 3939 3131 4011 τήνδ’
3160 3943 3379 4000 Αἷλίαψ

2200 4030 2272 4084 95
2311 4027 2414 4084 Καὶ
2441 4028 2568 4082 ναὸν
2602 4026 2892 4103 ἀντήγειρε
2922 4031 3006 4084 Διὶ
3035 4034 3115 4102 τῷ
3147 4030 3380 4104 Κρόνου,

2306 4114 2383 4174 Οὖ
2411 4116 2537 4191 πρὶν
2571 4112 2844 4188 Σολομὼν
2869 4117 2960 4171 τὸν
2992 4118 3117 4172 ναὸν
3148 4119 3336 4190 τεύξας
3367 4118 3509 4196 ἔχει·

2305 4210 2465 4260 Τοῦτ’
2494 4205 2593 4260 οὺκ
2621 4205 2836 4260 ἀνεκτὸν
2864 4207 2929 4275 ἦν
2964 4204 3239 4263 Ἰουδαίων
3273 4207 3453 4288 φύλῳ·

2308 4293 2761 4368 Συσπειραθὲντες
2790 4299 3082 4371 τοιγαροῦν
3117 4295 3483 4372 ὡπλισμένοι,

2303 4385 2518 4440 Ἐπίασι
2550 4383 2741 4461 φύλαξι
2774 4384 3070 4458 Ῥωμαίοις
3099 4385 3297 4459 τόπου,

2164 4476 2265 4531 100
2302 4472 2404 4530 Καὶ
2434 4476 2582 4548 σφῶν
2615 4493 2678 4546 γε
2706 4469 2998 4535 πλείστους
3030 4470 3252 4550 ἔδρασαν
3287 4471 3440 4552 ἔργον
3474 4477 3662 4556 φόνου·

2301 4565 2370 4619 ’Ὀ
2398 4561 2557 4636 γνοὺς
2587 4562 2614 4616 ὁ
2645 4566 2880 4637 κρατῶν,
2909 4568 3163 4640 στρατιᾶς
3197 4565 3510 4643 ὁμαιχμίας

2296 4649 2501 4726 -Αρδην
2533 4646 2803 4727 Ἑϐραίων
2835 4649 3097 4726 ἐκθερίζει
3127 4654 3188 4708 τὸ
3219 4655 3432 4732 στίφος.

2297 4740 2474 4797 Ὀκτὼ
2509 4740 2602 4813 μὶν
2630 4735 2838 4815 ἀνδρῶν
2871 4739 2962 4795 καὶ
2993 4743 3329 4812 πεντήκοντα
3356 4743 3521 4800 πάλιν

2298 4829 2649 4902 ΙΙοσουμὲνας
2682 4827 2812 4891 δοὺς
2847 4827 3115 4903 μυριάδας
3144 4833 3376 4906 θανάτῳ,

2157 4919 2261 4974 105
2299 4919 2503 4991 Κώμας
2533 4917 2876 4991 κατασκάψας
2909 4915 2967 4973 δὲ
2995 4919 3205 4975 τούτων
3237 4919 3450 4996 χιλίας,

2297 5007 2543 5082 Φρούρια
2572 5009 2908 5078 πεντήκοντα
2937 5007 3213 5082 τεθρυλλη
3226 5011 3381 5082 μὲνα.

2297 5095 2473 5161 Οὗτός
2500 5098 2622 5152 ποτ’
2649 5093 2843 5169 ἀνδρὸς
2870 5097 2937 5165 ἦν
2971 5098 3294 5172 κατακρίνας
3329 5099 3519 5174 μόρον⁶

2295 5186 2401 5244 Καὶ
2429 5187 2520 5242 τὸν
2554 5181 2796 5241 λαϐόντα
2826 5190 2934 5261 πῦρ
2965 5189 3244 5260 θυμιῶντα
3276 5187 3480 5265 λέγειν,

2295 5276 2435 5351 Ἐγὼ
2470 5277 2564 5348 μὲν
2594 5273 2747 5330 οὐδὲν
2780 5271 2982 5330 ἀδικῶν
3017 5277 3236 5347 θνήσκω
3271 5279 3379 5354 βίᾳ,

2155 5369 2256 5423 110
2295 5363 2574 5440 Ἀὃριανὸν
2608 5361 2665 5419 δὲ
2692 5365 2780 5418 καὶ
2812 5369 3085 5429 ποθοῦντα
3113 5367 3359 5422 τεθνάναι

2295 5457 2390 5525 Μὴ
2421 5457 2517 5510 τοῦ
2545 5457 2664 5509 κατ’
2695 5455 2868 5530 εὐχὴν
2900 5453 3138 5530 εὔχομαι
3167 5462 3358 5533 τυχεῖν
3383 5456 3596 5523 τέλουςο

2292 5545 2360 5602 Ὀ
2389 5543 2479 5599 καὶ
2508 5548 2697 5609 παθεῖν
2732 5544 2785 5599 οἱ
2814 5539 3010 5615 συνέϐη
3041 5546 3180 5621 πρὸς
3209 5551 3288 5618 τῷ
3307 5545 3479 5619 τέλει,

427 5681 504 5752 (2)
537 5679 758 5751 Nempe
788 5675 1042 5734 Herodes
1073 5675 1323 5745 Atticus,
1357 5678 1420 5732 ut
1450 5677 1650 5731 narrat
1674 5673 1734 5730 in
1767 5672 1916 5731 Vitis
1947 5672 2359 5732 Philostratus.

3695 354 3764 408 16
