4086 6210
332 306 406 368 17

520 427 681 501 Νόσφ
709 428 950 503 χρονίως
986 427 1164 507 ὑδέρῳ
1192 436 1537 510 τετηγμένῳ.

518 515 665 572 Κεὶπί
695 517 915 592 Θρᾴκης
950 516 998 573 δ’
1029 518 1094 575 αὖ
1129 519 1390 600 Ὀδρυσοῦ
1420 528 1557 601 πρὸς
1587 530 1799 607 χωρίῳ.

368 610 471 665 115
509 606 732 679 ’Ἄλλην
766 607 990 679 πολίζει
1021 613 1120 682 τήν
1155 613 1455 689 ὁμώνυμον
1488 620 1671 677 πόλιν.

555 718 984 775 ANTQNINOZ‘.
1016 721 1096 791 (3)
1127 722 1170 778 0
1200 726 1319 780 ΚΑΙ
1350 727 1511 783 mox
1545 729 1652 787 ET.
1687 732 1762 789 K'.

505 801 617 858 Εἶτ’
647 803 982 869 Ἀντωνῖνος
1014 804 1260 879 Εὐσεϐὴς
1288 812 1652 889 κεκλημένος,

505 889 807 954 Βέλτιστος
837 895 975 969 ἀνὴρ
1009 896 1205 971 εὐαγής
1236 921 1295 954 τε
1323 902 1452 965 τοὺς
1481 906 1737 981 τρόπους,

508 982 735 1037 Πάντων
766 989 947 1056 τιμῶν
987 988 1225 1058 μάλιστα
1254 990 1379 1053 τοὺς
1410 998 1853 1071 Χριστωνύμους,

506 1071 818 1146 Χειρίζεται
850 1072 1123 1131 κάλλιστα
1153 1081 1253 1148 τήν
1282 1085 1617 1159 κραταρχίαν
1649 1106 1662 1119 ·

354 1158 463 1214 120
503 1160 694 1222 Ὅστις
726 1181 793 1236 γε
824 1160 1013 1237 μάχης
1039 1163 1128 1218 καὶ
1166 1165 1283 1241 βίας
1314 1158 1667 1246 ἐγκειμένων,

506 1249 765 1322 Ἐπείπερ
799 1248 954 1306 οὐδὲν
989 1254 1238 1328 εὐπορῶν
1270 1258 1337 1326 ἦν
1366 1263 1697 1334 χρημάτων,

503 1339 595 1400 Εἰς
625 1341 832 1415 ἀγοράν
863 1340 1144 1416 προῦθηκε
1172 1352 1290 1411 τοῖς
1321 1349 1626 1425 ᾑρημένοις

505 1428 686 1483 Ηάντα
714 1431 781 1483 τὰ
811 1428 1043 1506 λαμπρὰ
1071 1435 1161 1489 καὶ
1191 1436 1442 1517 τιμαλφῆ
1476 1446 1573 1496 τοῦ
1602 1445 1835 1519 κράτους
1864 1466 1877 1478 ·

506 1517 628 1590 Ἀφ’
657 1516 733 1571 ὧν
765 1518 963 1574 ἱκανῶν
996 1521 1304 1597 εὐπορήσας
1338 1516 1642 1603 χρημάτων

356 1606 469 1661 125
504 1604 604 1660 Καὶ
640 1614 991 1681 στρατιωτῶν
1025 1611 1240 1682 ἡλικὼς
1269 1616 1528 1683 πλείστας
1560 1618 1704 1689 ἴλας,

498 1696 704 1769 Μάχην
736 1705 1001 1773 κατορθοῖ
1028 1702 1117 1756 καὶ
1154 1704 1320 1778 βαθὺν
1351 1712 1589 1764 πλοῦτον
1622 1711 1766 1789 φέρει
1800 1733 1813 1746 ⁸

494 1784 591 1839 Καὶ
623 1783 790 1840 πάλιν
824 1784 1066 1845 ἀπέλαϐε
1094 1791 1161 1846 τὰ
1188 1796 1562 1873 πεπραγμένα,

504 1874 860 1947 Δὶρουμένοις
896 1874 1024 1942 δοὺς
1050 1883 1150 1951 τήν
1181 1886 1350 1956 τιμήν
1384 1886 1741 1961 ὠνουμένοις.

635 1982 924 2039 ΜΑΡΚΟΣ
964 1989 1372 2049 ΑΝΤΩΝΙΝΟΣ
1416 1996 1516 2052 ΕΤ.
1560 2000 1651 2066 1ζ’.

503 2070 603 2123 Καὶ
632 2070 793 2125 πάλιν
827 2070 1004 2136 ἄλλος
1034 2077 1357 2144 Ἀντωνῖνός
1384 2104 1466 2146 τις
1501 2088 1721 2162 Μάρκος

365 2158 464 2212 130
499 2159 722 2233 Πρώτου
756 2164 913 2227 Θετὸς
939 2172 1090 2238 παῖς,
1124 2169 1427 2250 φιλόσοφος
1454 2158 1835 2252 τοὺς-λόγους,

491 2250 736 2323 Τρόπους
769 2273 829 2306 τε
860 2257 1126 2328 χρηστὸς,
1162 2259 1395 2333 εὐμενής
1423 2250 1859 2340 Χριστωνύμοις.

492 2335 833 2413 Παραλαϐὼν
868 2343 1014 2399 move
1042 2348 1141 2416 τὴν
1173 2335 1509 2427 κραταρχίαν
1546 2374 1557 2386 ·

491 2425 608 2501 Ἐφ’
638 2426 701 2483 οὗ
732 2428 939 2507 φάλαγξ
971 2435 1209 2504 κέκλητο
1245 2425 1678 2516 Κεραυνοϐόλος,

494 2516 654 2577 Ἥτις
690 2518 908 2591 μερίδος
937 2521 1071 2579 οὖσα
1100 2532 1206 2582 τῶν
1238 2530 1644 2607 Χριστωνύμων

362 2602 467 2657 135
502 2608 683 2699 Καιρῷ
706 2608 893 2684 μάχης
923 2611 1120 2687 ηὔξατο
1151 2619 1365 2693 Χριστῷ
1397 2602 1664 2699 Δεσττότῃ,

495 2692 643 2766 Δὶψει
679 2706 930 2772 στρατιᾶς
955 2702 1377 2780 κινδυνευούσης
1401 2711 1546 2783 τότε,

492 2782 838 2843 ’Δντιπάλων
870 2811 929 2845 τε
961 2790 1261 2869 Βαρϐάρων
1293 2798 1525 2865 ἐπιθέσει

488 2872 592 2928 Καὶ
620 2872 909 2969 δυσμενεῖς
943 2882 1038 2953 μὶν
1067 2889 1148 2956 τῷ
1176 2894 1421 2962 κεραυνῷ
1460 2892 1786 2969 συμφλέγει,

492 2957 759 3039 ’Όμόρων
792 2964 841 3021 δ’
873 2966 962 3023 ἐπὶ
997 2957 1306 3048 στράτευμα
1333 2957 1618 3045 πλουσέως
1647 2957 1748 3040 {is}.

351 3048 452 3103 140
488 3050 830 3146 Ἑρμογένης
858 3059 908 3146 τ’
936 3056 1151 3133 ἤκμαζε
1179 3071 1279 3133 τῆς
1311 3067 1513 3143 τέχνης
1541 3068 1683 3146 ἴδρις
1716 3092 1730 3106 ⁸

487 3140 630 3204 Θυάς
659 3148 706 3196 τ’
730 3143 949 3208 έναθλεῖ
980 3150 1268 3227 μαρτύρων
1303 3140 1547 3233 Χριστοῦ
1580 3140 1740 3237 χάριν

490 3228 755 3306 Σμῦρνης
781 3234 807 3288 ὁ
830 3234 1197 3315 Πολύκαρπος
1225 3245 1316 3298 καὶ
1344 3228 1655 3311 ’Ϊουστῖνος.

834 3345 1166 3405 ΚΟΜΟΔΟΣ
1201 3352 1310 3408 ET.
1344 3356 1450 3411 IB'.

490 3424 751 3500 Κόμοδος
783 3431 893 3486 εἶτα
927 3437 1121 3510 μιαρὸς
1154 3439 1540 3517 φαυλεργάτης

492 3522 691 3609 Κακῶς
721 3518 1081 3609 ἐπεισέφρησε
1115 3532 1182 3602 τῇ
1214 3534 1520 3609 κραταρχίᾳ
1544 3555 1556 3569 ⁸

350 3605 450 3661 145
646 3608 711 3704 οὐ
738 3608 973 3684 Κλήμης
1003 3614 1070 3683 ἧν
1100 3605 1464 3693 Στρωματευς
1490 3627 1655 3703 σοφὸς
1684 3628 1869 3704 μέγας,

494 3696 607 3751 Καὶ
636 3699 955 3774 Πάνταινος,
988 3707 1225 3779 κήρυκες
1261 3709 1434 3783 ὀρθῶν
1465 3696 1771 3789 δογξιάτῶνξ

681 3808 1041 3871 ΗΕΡΤΙΝΛΞ
1070 3818 1184 3871 ΚΑΙ
1215 3817 1613 3882 ΙΟΥΛΙΑΝΟΣ.

495 3893 643 3989 Μιδ¹
671 3894 736 3989 ὃν.
756 3906 1058 3989 κραταρχεῖ
1082 3904 1337 3980 Περτίναξ
1369 3910 1396 3964 ὁ
1426 3913 1714 3989 τριγέρων,

494 3981 606 4038 Καὶ
638 3983 921 4061 σφάττεται
956 3986 1021 4060 δὴ
1055 3993 1189 4067 πρὸς
1226 3997 1413 4069 μέσοις
1443 3981 1782 4080 ἀνακτόροις.

495 4073 601 4128 Καὶ
633 4082 882 4149 σκῆπτρα
912 4080 1218 4161 παρείληφε
1246 4086 1313 4140 τὰ
1341 4092 1448 4142 τῶν
1481 4092 1744 4149 Αὐσόνων

350 4161 453 4217 150
493 4162 802 4227 Ἰουλιανὸς
832 4165 1009 4233 Δίδιος
1045 4171 1254 4249 βραχὺν
1290 4179 1511 4253 χρόνον.

844 4279 1160 4338 ΣΕΒΗΡΟΣ
1194 4284 1302 4340 ET.
1343 4288 1449 4344 IH’.

496 4362 601 4416 Καὶ
631 4358 884 4456 ξεϐἤρος
910 4370 1197 4444 κράτιστος
1220 4374 1432 4450 ἐχθρῶν
1461 4376 1512 4434 ἐν
1550 4380 1753 4456 μάχαις

497 4448 754 4527 Σφοδρὸς
784 4456 1065 4528 κολαστὴς
1088 4448 1322 4519 εὐσεϐῶν
1353 4448 1760 4545 Χριστωνύμων
1796 4493 1810 4508 θ

495 4539 620 4634 ’E?’
650 4542 834 4634 obdobv
859 4546 1053 4613 ἄλλοις
1082 4552 1173 4607 καὶ
1204 4557 1383 4630 πατὴρ
1403 4539 1721 4634 ”Ωριγένους

496 4628 825 4705 Φιλωνίδης
849 4640 927 4712 (4)
957 4639 1147 4713 εὕρατο
1186 4628 1718 4727 μαρτύρων-στέφος.

559 4744 975 4803 ΑΝΤΩΝΙΝΟΣ
1009 4751 1492 4814 ΚΑΡΑΚΑΛΑΟΣ
1526 4760 1635 4815 ΕΤ.
1669 4761 1737 4818 Ζ’.

351 4828 455 4884 155
495 4830 716 4885 Τούτου
747 4834 1021 4906 θανόντος,
1048 4839 1407 4914 Καράκαλλος
1433 4846 1739 4919 τούπίκλην

493 4918 822 4984 Ἀντωνῖνος
854 4921 1049 5001 εἶ’ληφε
1076 4930 1176 4999 τὴν
1215 4934 1517 5010 μοναρχίαν
1552 4955 1564 4967 ·

489 5007 744 5084 Αἷσχρός
771 5031 855 5074 τις
884 5014 1023 5089 ἀνὴρ
1055 5020 1139 5072 καὶ
1174 5007 1684 5100 πλέονμιαιφόνος.

562 5116 918 5175 ΜΑΚΡΙΝΟΣ
949 5128 1069 5179 ΚΑΙ
1101 5128 1381 5185 ΑΡΒΙΤΟΣ
1412 5131 1489 5203 (5)
1523 5133 1636 5190 ET.
1671 5135 1740 5193 Δ’.

492 5206 606 5296 Καὶ
637 5208 915 5283 Μακρῖνος
948 5212 1246 5288 βράχιστον
1276 5216 1436 5292 ἄρξας
1456 5220 1547 5275 τὸν
1582 5224 1780 5296 χρόνον
1816 5243 1829 5256 ·

491 5294 637 5353 Εἶτα
666 5302 1073 5374 κατωρχήσατο
1099 5309 1196 5373 τῆς
1225 5309 1558 5383 κραταρχίας

351 5383 455 5438 ⁴160
495 5382 714 5454 Κλῆσιν
743 5384 1019 5463 ’Ᾱρϐιτος,
1056 5382 1481 5469 Σαρδανάπαλος
1512 5401 1675 5473 θέσιν,

497 5568 646 5643 god.
679 5569 777 5628 hic
824 5572 1138 5638 Ἀντώνιος.
1173 5576 1286 5634 Sed
1338 5579 1397 5636 in
1435 5582 1599 5638 textu
1630 5580 1974 5643 Ἀντωνῖνος·

388 5641 467 5715 (4)
502 5640 596 5697 Ita
623 5642 754 5700 cod.

1871 319 2246 379 CESABBS.

2027 444 2083 512 Α
2114 460 2248 501 cum
2280 446 2436 504 lento
2468 450 2747 522 hydropis
2776 456 2979 511 morbo
3009 458 3106 513 diu
3141 462 3351 518 tabuit.

2109 535 2164 590 Is
2194 536 2369 592 etiam
2398 538 2456 593 in
2480 540 2720 597 Thracia
2750 559 2929 615 prope
2964 552 3224 606 castrum
3257 552 3580 627 Odryssum

2107 624 2176 680 de
2208 642 2314 681 suo
2342 628 2557 684 dictam
2591 631 2825 687 nomine
2855 651 3062 691 novam
3097 638 3296 695 urbem
3329 624 3612 703 condidit.

2458 735 2877 795 ANTONINUS
2921 740 3083 797 PIUS
3121 745 3236 799 AN.
3280 747 3402 804 XX.

2101 818 2318 876 Deinde
2342 822 2677 880 Antoninus
2710 837 3093 899 cognomento
3126 833 3286 905 Pius,

2097 908 2185 962 vir
2213 910 2475 980 optimus
2507 914 2844 987 sanctisque
2868 920 3154 992 moribus,

2096 997 2197 1067 qui
2230 998 2590 1058 Christianos
2623 1020 2858 1062 summo
2891 1007 2949 1062 in
2983 1011 3170 1081 pretio
3200 1012 3427 1082 habnit,

2098 1085 2253 1142 felici
2284 1106 2427 1146 sane
2459 1092 2576 1147 fato
2609 1095 2678 1149 ad
2711 1095 3028 1167 imperium
3062 1102 3244 1158 venit.

2094 1182 2149 1236 Is
2180 1184 2483 1249 premente
2515 1182 2651 1238 belli
2685 1187 3054 1258 necessitate,

2092 1270 2232 1341 quia
2263 1269 2407 1325 nihil
2440 1271 2497 1324 in
2532 1273 2734 1329 aerario
2768 1278 3027 1347 pecuniae
3060 1285 3203 1348 erat,

2089 1357 2148 1413 in
2181 1358 2304 1414 foro
2335 1361 2602 1432 exposuit
2632 1361 2997 1422 licitantibus

2088 1448 2344 1519 pretiosa
2372 1450 2736 1522 principatus
2767 1463 3112 1513 ornamenta
3142 1462 3341 1516 omnia
3376 1482 3389 1519 :

2087 1538 2242 1592 unde
2273 1539 2543 1610 pecunia,
2577 1546 2864 1611 quantum
2897 1548 2988 1600 sat
3016 1552 3162 1616 erat,
3197 1555 3386 1625 capta,

2086 1626 2534 1700 conscriptaque
2568 1630 2828 1688 militum
2856 1632 3082 1705 ingenti
3115 1653 3318 1707 manu,

2063 1715 2389 1771 victoriam
2420 1734 2534 1772 non
2569 1718 2695 1774 sine
2727 1722 2891 1777 lauta
2923 1726 3118 1794 praeda
3146 1728 3347 1784 retulit
3379 1747 3393 1786 :

2002 1814 2051 1881 Β
2085 1805 2467 1876 quamobrem
2500 1822 2591 1863 res
2621 1808 2952 1867 divenditas
2981 1818 3363 1887 recuperavit,

2081 1894 2307 1950 civibus
2339 1897 2438 1967 qui
2471 1904 2737 1953 emerant
2766 1916 3011 1970 repenso
3043 1905 3246 1974 pretio.

2361 2003 2646 2059 MARCUS
2685 2005 3099 2066 ANTONINUS
3137 2008 3256 2065 AN.
3301 2010 3439 2067 XVI.

2080 2089 2451 2161 Rursumque
2485 2092 2634 2147 alius
2665 2096 2998 2152 Antoninus
3029 2103 3281 2171 Marcus,

2078 2178 2292 2250 prioris
2324 2180 2638 2251 adoptione
2670 2182 2848 2254 filius,
2880 2186 3145 2243 doctrina
3173 2189 3586 2263 phiIOSOphus,

2080 2268 2346 2324 moribus
2378 2272 2670 2341 egregius,
2705 2272 3057 2331 Christianis
3087 2278 3412 2350 benivolus,

2079 2356 2416 2427 reipublicae
2445 2358 2911 2430 gubernaculum
2945 2365 3117 2435 ccnpit
3150 2383 3365 2438 regere.

2078 2445 2199 2501 Sub
2230 2462 2295 2501 eo
2328 2446 2475 2517 legio
2506 2448 2663 2504 dicta
2694 2450 3099 2521 Fulminatrix,

2078 2535 2149 2589 de
2179 2534 2641 2592 Christianorum
2676 2538 2983 2597 hominum
3017 2544 3268 2600 conﬂata
3296 2563 3562 2616 numero,

2077 2629 2413 2696 pugnatura
2443 2626 2669 2684 Christo
2702 2629 2947 2687 Domino
2976 2632 3350 2705 supplicavit,

2076 2713 2354 2784 quoniam
2388 2719 2443 2769 et
2474 2716 2569 2771 siti
2602 2718 2894 2775 exercitus
2928 2720 3250 2792 laborabat,

2075 2806 2132 2859 et
2162 2802 2554 2860 Barbarorum
2586 2805 2848 2863 hostium
2882 2809 3145 2867 instabat
3166 2811 3424 2884 impetus
3459 2832 3472 2871 :

2076 2892 2391 2962 statimque
2413 2893 2612 2950 hostes
2644 2896 2992 2955 fulminibus
3023 2901 3438 2973 deﬂagrarant,

2077 2980 2376 3039 Romanus
2407 2984 2695 3040 exercitus
2725 2985 2911 3044 imbre
2942 2989 3178 3060 copioso
3210 2992 3459 3049 maduit.

2072 3073 2235 3125 Tunc
2262 3071 2506 3127 ﬂorebat
2536 3078 2913 3144 Hermogenes
2945 3079 3153 3133 doctus
3184 3080 3399 3133 rhetor.

1994 3186 2037 3253 ρ
2075 3158 2412 3230 Christique
2442 3177 2622 3216 causa
2652 3178 2757 3232 par
2787 3168 3111 3235 martyrum
3143 3167 3463 3223 decertavit

2077 3247 2428 3321 Polycarpus
2457 3252 2718 3321 Smyrna
2747 3250 3060 3322 episcopus
3090 3259 3147 3309 et
3174 3256 3462 3312 Justinus.

2540 3357 2931 3415 COMMODUS
2981 3361 3100 3416 AN.
3133 3362 3259 3419 XII.

2079 3447 2295 3503 Deinde
2318 3448 2669 3503 Commodus
2701 3447 2991 3519 impurus,
3027 3450 3331 3521 scelestus,

2077 3537 2218 3594 laevo
2249 3539 2444 3593 omine
2474 3538 2736 3608 adrepsit
2766 3539 2835 3593 ad
2865 3539 3197 3611 imperium.

2075 3628 2194 3684 Sub
2219 3644 2285 3683 eo
2315 3627 2584 3683 Clemens
2609 3632 2971 3683 Stromatum
3005 3636 3207 3685 auctor
3236 3632 3494 3703 sapiens,

2078 3722 2531 3788 Pantaenusque,
2567 3716 2871 3771 orthodoxi
2901 3720 3073 3773 ambo
3101 3721 3526 3791 praedicatores.

2466 3824 2818 3880 PERTINAX
2859 3826 2946 3881 ET
2983 3826 3349 3882 JULIANUS.

2080 3919 2210 3971 Mox
2240 3914 2549 3986 imperavit
2577 3914 2869 3981 Pertinax,
2903 3916 3249 3986 grandaevus
3280 3931 3477 3986 senex,

2081 4004 2181 4075 qui
2210 4005 2267 4058 in
2299 4003 2434 4059 aula
2464 4002 2665 4074 palatii
2694 4003 3037 4060 interiectus
3069 4012 3176 4061 est.

2080 4097 2505 4165 Sceptrumque
2533 4093 2781 4163 arripuit
2812 4093 3057 4147 Romani
3090 4094 3320 4165 imperii

2081 4182 2240 4239 brevi
2269 4181 2587 4237 admodum
2618 4184 2883 4252 tempore
2906 4181 3176 4238 Julianus
3205 4182 3434 4242 Didius.

2536 4287 2853 4343 SEVERUS
2894 4291 3009 4342 ΑΝ.
3050 4288 3259 4345 XVIII.

2082 4381 2227 4437 Hinc
2254 4379 2501 4435 Severus
2532 4377 2794 4433 hostium
2826 4377 2884 4433 in
2919 4378 3133 4449 praeliis
3165 4379 3441 4448 domitor,

2084 4471 2247 4527 dirus
2279 4469 2507 4540 piorum
2542 4466 3006 4523 Christianorum
3041 4474 3379 4539 persecutor
3411 4486 3424 4525 :

2000 4558 2046 4623 D
2081 4562 2189 4617 sub
2222 4574 2335 4631 quo
2366 4574 2498 4614 cum
2531 4556 2663 4612 aliis
2692 4561 2857 4627 pater
2886 4573 3115 4627 quoque
3147 4557 3412 4627 Origenis

2082 4649 2369 4706 Leonidas
2402 4646 2663 4717 martyrii
2687 4661 2963 4700 coronam
2995 4646 3216 4702 retulit.

2295 4752 2710 4812 ANTONINUS
2761 4752 3176 4809 CARACALLA
3216 4759 3334 4811 AN.
3378 4756 3497 4812 VII.

2083 4845 2271 4915 Hujus
2294 4842 2562 4899 exstincti
2598 4841 2996 4896 monarchiam
3026 4844 3251 4915 excepit

2080 4934 2413 4991 Antoninus
2443 4931 2787 5003 cognomine
2817 4931 3130 4997 Caracalla,

2083 5026 2271 5081 fmdus
2294 5023 2468 5078 homo
2499 5025 2555 5075 et
2588 5020 2838 5075 maxime
2871 5022 3310 5091 sanguinariae.

2360 5127 2727 5187 MACRINUS
2765 5128 2857 5183 ET
2894 5129 3153 5185 AVITUS
3192 5130 3308 5186 AN.
3354 5131 3447 5186 IV.

2085 5222 2231 5277 Tum
2265 5223 2321 5275 et
2347 5218 2642 5274 Macrinus
2672 5218 3016 5275 brevissime
3045 5219 3373 5291 imperavit.

2086 5310 2305 5368 Deinde
2336 5308 2394 5364 in
2428 5308 2676 5379 imperio
2706 5307 3099 5364 debacchatus
3131 5317 3219 5366 est

2087 5400 2323 5457 nomine
2355 5398 2576 5463 Avitus,
2611 5398 2956 5470 cognomine
2988 5398 3447 5473 Sardanapalus,

2154 5582 2235 5655 (5)
2267 5582 2353 5637 Ita
2383 5580 2510 5636 cod.

3696 346 3763 400 18
