4086 6210
386 319 461 375 21

556 438 1047 499 ΒΔᾹΛΕΡΙΑΝΟΣ
1080 438 1200 495 ΚΑΙ
1231 436 1587 492 ΓΑΛΗΙΝΟΣ
1631 439 1737 492 ET.
1770 433 1875 491 IE'.

566 540 909 614 Αἲμιλιανοῦ
942 536 998 594 δὲ
1030 538 1326 617 σφαγέντος
1353 535 1586 607 ἀθλίως,

565 627 937 704 Βαλλεριανὸ,
969 622 1387 702 παραλαμϐάνει
1414 628 1634 701 κράτος,

560 718 743 794 Βαρὺς
776 715 1021 787 διώκτης
1054 712 1286 771 εὐσεϐῶν
1319 712 1724 787 Χριστωνύμων
1756 730 1772 747 ο

419 812 523 867 210
559 811 755 870 "om.
786 807 1025 881 ἆγεννως
1056 799 1364 880 Βαρϐἀροις
1397 804 1625 877 Πέρσαις
1660 804 1815 875 μάχῃ

559 896 765 967 Αλοῦς,
796 901 923 968 παρ’
955 894 1140 955 αὐτοῖς
1174 894 1264 947 τὸν
1298 890 1414 967 βίον
1450 892 1825 966 καταστρέφει.

561 985 677 1044 Καὶ
709 989 838 1046 παῖς
867 982 1118 1057 παρῆλθε
1152 979 1425 1050 Γαληῖνος
1459 980 1535 1042 εἷς
1565 981 1780 1041 κοάτος,

563 1076 740 1147 Δεξιὸς
782 1075 943 1147 ἀνὴρ,
977 1072 1299 1149 φιλότιμος,
1331 1070 1564 1146 χαρίεις,

564 1162 820 1226 Πολλοὺς
852 1162 1086 1225 ἀνατλὰς
1116 1159 1402 1222 κινδύνους
1434 1159 1485 1214 ἐν
1516 1164 1632 1221 ταῖς
1669 1157 1892 1234 μάχαις.

840 1281 1186 1338 ΚΛΔΥΔΙΟΣ
1230 1280 1335 1336 ET.
1367 1282 1425 1335 A'
1454 1279 1587 1352 (ιο).

404 1391 525 1447 215
564 1389 699 1452 Μεθ’
729 1389 785 1443 ’ὸν
822 1385 1098 1449 Κλαύδιος
1130 1385 1399 1462 ἀρῥεποῦς
1432 1382 1585 1454 δίκης
1613 1383 1807 1462 φύλαξ,

556 1476 784 1553 Κράτωρ
827 1476 1023 1553 ἀγαθὸς
1053 1475 1143 1531 καὶ
1180 1476 1439 1549 μαχητὴς
1472 1470 1746 1549 γεννάδας,

551 1567 783 1629 Πάππος
912 1567 1168 1641 μεγίστου
1296 1564 1563 1638 κράτορος
1688 1559 2032 1616 Κωνσταντί-

1679 1654 1789 1725 [νου
1825 1652 1955 1724 (11).

862 1754 1304 1811 ΑΥΡΗΛΙΛΝΟΣ
1336 1753 1447 1808 ΕΤ.
1480 1755 1539 1819 ζ’.

552 1842 765 1900 Τούτου
794 1843 1218 1913 τελευτήσαντος
1247 1841 1299 1895 ἐν
1325 1839 1651 1914 κραταρχίᾳ,

560 1931 903 2007 Αὖρηλιανὸς
937 1931 1205 2004 δυσμενὴς
1239 1928 1655 1999 Χριστωνύμοις

421 2022 525 2077 220
558 2022 626 2076 Ti
652 2029 904 2095 σκῆπτρα
924 2018 1233 2096 παρείληφε
1259 2024 1358 2088 τῆς
1387 2015 1687 2090 αὐταρχίας
1719 2034 1732 2047 ·

550 2113 751 2167 Τούτου
781 2114 1103 2187 κρατοῦντος
1132 2106 1350 2165 Παῦλον
1382 2105 1697 2178 Σαμοσατὲα

544 2206 741 2263 Κακῶς
774 2204 1075 2278 φρονοῦντα
1102 2196 1350 2270 Ηατὲρων
1379 2197 1520 2256 θεῖος
1546 2194 1733 2270 στίφος

539 2292 843 2359 Ἐπάρατον
875 2288 1057 2359 τίθησι
1088 2285 1178 2341 καὶ
1213 2282 1535 2361 βδελυκτὲον
1571 2302 1583 2315 ·

540 2380 652 2447 Τῆς
686 2376 733 2433 δ’
762 2378 1059 2451 Ἀντιόχου
1089 2372 1349 2448 καθέδρας
1381 2370 1769 2446 δεδραγμένον,

402 2469 511 2522 225
547 2469 655 2523 Καὶ
683 2464 841 2538 τήνδε
874 2466 967 2542 βίᾳ
996 2466 1245 2540 κατέχειν
1276 2464 1582 2539 ᾑρημένον,

548 2556 784 2618 Πεισθεὶς
809 2556 836 2610 ὁ
865 2559 1079 2631 κρατῶν
1113 2547 1346 2609 εὐσεϐῶν
1380 2548 1603 2624 ἐντυχίᾳ

542 2653 777 2723 Γραφαῖς
805 2647 1020 2720 ἀτίμως
1052 2644 1323 2716 ἐξελαύνει
1352 2648 1448 2698 τοῦ
1480 2642 1695 2716 Θρόνου.

930 2765 1199 2819 ΠΡΟΒΟΣ
1231 2763 1339 2818 ΕΤ.
1376 2762 1437 2829 ζ’.

535 2853 753 2929 Βραχῦν
784 2853 982 2930 χρόνον
1006 2854 1249 2923 Τάκητος
1284 2852 1420 2926 ἀνὴρ
1452 2846 1781 2925 πρεσϐύτης.

533 2943 665 2998 Εἶτα
695 2938 906 3017 Πρόϐος
936 2945 1047 3015 (12)
1078 2964 1161 3004 τις
1196 2940 1353 3018 φίλος
1388 2941 1558 3014 ἓρμοῦ
1587 2938 1676 2993 καὶ
1712 2939 1898 3012 μᾶχης

386 3033 492 3088 230
531 3027 876 3105 Παραλαϐὼν
906 3028 1051 3095 ἴθυνε
1077 3032 1178 3100 τὴν
1205 3027 1565 3103 κραταρχίαν,

529 3127 732 3197 Πρᾶος,
767 3116 1181 3196 μεγαλόψυχος,
1209 3120 1443 3193 εὐμενής
1473 3115 1690 3193 κράτωρ
1726 3135 1740 3149 ’

528 3212 603 3264 Οὔ
631 3216 750 3273 ταῖς
781 3212 897 3265 κατ’
926 3209 1139 3285 ἐχθρῶν
1164 3204 1596 3282 ἐμϐραδνόνοντος
1633 3206 1856 3280 μάχαις,

528 3304 772 3375 Στρατοῦ
802 3297 859 3355 δὲ
894 3300 1119 3373 βρωτῶν
1149 3295 1555 3358 κινδυνεύοντος
1583 3295 1791 3365 σπάνει,

524 3390 645 3445 Ἐπ’
669 3389 826 3443 αὐτὸν
860 3386 1187 3443 ἐκλείποντα
1218 3387 1370 3459 λιμῷ
1401 3387 1587 3440 σιτίων

372 3479 480 3534 235
519 3472 771 3552 ’Ὁμϐρον
800 3477 934 3549 σίτῳ
965 3475 1275 3549 σύμμικτον
1305 3471 1582 3550 ὀμϐρῆσαι
1617 3473 1786 3550 λόγος

522 3568 623 3620 Τὸν
656 3567 849 3640 ὑψόθεν
882 3565 1158 3641 βλύσαντα
1186 3569 1266 3637 τῷ
1298 3562 1418 3637 λαῷ
1454 3564 1641 3638 μάννα,

523 3660 693 3733 ’ῼπερ
722 3661 1010 3732 τραφεῖσαν
1037 3654 1287 3730 στρατιὰν
1321 3654 1620 3730 ἐνισχύσαι.

345 3774 578 3828 ΚΑΡΟΣ
680 3772 797 3827 ΚΑΙ
887 3771 1382 3899 ΝΟΥΜέῧἹῌΙὲΝΟΣ
1488 3776 1607 3825 ΚΑΙ
1698 3773 1993 3826 ΚΑΡΙΝΟΣ

1111 3848 1267 3899 Τ.Β’.

524 3934 655 3988 Μεθ’
685 3932 745 3988 ’ὃν
778 3931 960 4007 Κάρος
989 3952 1069 3993 τις
1094 3928 1346 4006 γεννάδας
1379 3929 1471 3983 σὺν
1501 3928 1665 3985 υἱέσιν

522 4024 681 4093 ”Λναξ
712 4019 935 4096 ἐδείχθη
967 4016 1301 4095 παραλαϐὼν
1332 4021 1394 4073 τὸ
1415 4021 1610 4090 κράτος
1647 4039 1658 4050 ’

370 4114 476 4168 240
521 4112 887 4185 Νουμεριανὸς
920 4108 1165 4185 ἐκδαρεὶς
1196 4110 1361 4164 ἀσκοῦ
1396 4105 1573 4178 δίκην,

520 4201 761 4278 Δηιρθεές
793 4202 918 4274 παρ’
951 4200 1163 4274 ἐχθρῶν
1196 4196 1559 4273 αῗχμάλωτος
1593 4199 1667 4259 ὠς
1702 4195 1868 4273 λόγος
1903 4218 1915 4230 ·

523 4291 619 4347 Καὶ
653 4294 884 4365 Καρῖνος
916 4287 1223 4364 α’ίσχιστος,
1256 4288 1471 4357 ἀπηνὴς
1503 4286 1643 4357 Λίαν,

513 4381 918 4454 Χριστωνῦμων
944 4376 1191 4452 ὄλεθρος,
1222 4375 1350 4453 ἔσχε
1378 4378 1441 4432 τὸ
1471 4377 1669 4449 κράτος
1703 4398 1716 4410 θ

517 4471 634 4547 ’F/p’
656 4470 719 4523 οὗ
747 4467 1024 4529 λελοιπὼς
1052 4464 1282 4540 Περσίδα
1312 4467 1502 4537 Μάνης
1528 4465 1695 4527 τάλας

368 4562 476 4616 245
513 4556 826 4631 Ῥωμαῖδος
854 4555 1083 4629 κλίμασι
1108 4557 1537 4631 παρεισεφθάρη,

518 4649 725 4709 Κακίας
754 4646 837 4702 ῗὸν
866 4644 1067 4720 ἒξεμῶν
1100 4640 1479 4720 ψυχοφθὸρον,

513 4738 638 4814 ’Δφ’
664 4738 725 4791 οὗ
759 4733 1052 4812 βδελυκτὸν
1080 4730 1323 4807 τοῦνομα
1352 4732 1700 4809 Μανιχαίων.

777 4853 1291 4910 ΔΙΟΚΛΗΤΙΑΝΟΣ
1326 4853 1431 4908 ET.
1465 4852 1541 4922 K',

516 4945 673 5001 Μετὰ
703 4940 761 4997 δὲ
783 4942 987 4996 τούτων
1020 4943 1054 5009 ἡ
1092 4939 1317 5016 μεγίστη
1354 4939 1541 5012 μανίαν

511 5034 631 5099 Τὴν
660 5030 796 5085 κατὰ
824 5030 1067 5103 Χριστοῦ
1099 5026 1228 5090 δυὰς
1256 5030 1290 5097 ἡ
1320 5026 1607 5101 τρισαθλία

367 5126 471 5179 250
509 5124 735 5195 Βρονῶν
770 5118 977 5194 ἐριννυς
1007 5117 1327 5191 αἱμοχαρὴς
1359 5113 1555 5189 καρδία

402 5284 512 5355 (10)
544 5282 695 5338 Male
725 5280 1020 5355 in‘codice
1055 5281 1146 5350 ια’,
1177 5280 1459 5355 updectm.

402 5350 515 5426 (η’)
566 5353 891 5426 Eumenius
941 5368 1152 5426 pancg.
1198 5350 1535 5407 Cantantini
1586 5366 1713 5426 cap.
1758 5351 1792 5403 2
1848 5366 1861 5405 :
1913 5351 1988 5426 Ab

343 5428 431 5483 illo
459 5423 609 5482 enim
640 5427 768 5481 dzvo
816 5423 1053 5480 Claudio
1099 5423 1288 5480 innuat
1318 5426 1379 5479 in
1415 5428 1470 5479 te
1518 5423 1675 5478 avita
1704 5425 1987 5493 cognatio,

344 5499 432 5571 qui
459 5497 697 5571 Romani
725 5498 952 5571 imperii
979 5496 1214 5552 solutam
1243 5500 1296 5551 et
1326 5496 1604 5564 perditam
1633 5494 1989 5565 dssciplz’nam

344 5569 555 5642 prima:
567 5569 930 5642 _re[orm_avit.

411 5642 525 5713 (12)
557 5637 696 5697 God.
730 5637 992 5713 Φλῶρος,
1024 5639 1152 5697 sine
1184 5638 1360 5695 dubio
1392 5654 1496 5710 pro
1523 5637 1828 5696 Florianus
1850 5658 1865 5707 ;
1885 5638 1986 5694 sed

1924 276 2282 366 eaeaeae.
3732 327 3805 383 22

2070 436 2124 504 Α
2310 435 2770 497 VALERIANUS
2806 442 2898 498 ET
2940 444 3331 504 GALLIENUS
3368 449 3485 507 AN.
3525 452 3644 509 XV.

2154 535 2287 592 Post
2314 536 2694 593 ZEmilianum
2729 541 2942 599 misere
2975 543 3345 601 interfectum

2150 626 2407 698 suscepit
2438 627 2751 699 imperium
2784 632 3152 700 Valerianus,

2149 715 2342 786 gravis
2375 718 2602 787 piorum
2635 725 2967 790 persecutor
2986 721 3457 782 Christianorum
3494 744 3507 782 :

2149 807 2248 874 qui
2281 806 2545 862 barbaris
2578 825 2611 863 a
2642 808 2835 863 Persis
2866 809 2925 864 in
2959 809 3158 881 praelio
3183 815 3440 885 turpiter

2148 899 2379 964 captus,
2409 898 2563 967 apud
2588 897 2747 969 ipsos
2779 899 2959 954 vitam
2992 900 3200 957 ﬁnivit.

2146 982 2411 1039 Obtinuit
2442 990 2637 1041 autem
2672 987 2983 1058 imperium
3015 991 3317 1049 Gallienus
3346 992 3525 1057 ﬁlius,

2143 1075 2232 1129 vir
2260 1074 2477 1140 dexter,
2512 1074 2771 1131 liberalis
2802 1082 2858 1132 et
2886 1078 3177 1145 amabilis,

2145 1163 2245 1234 qui
2279 1163 2534 1235 pericula
2566 1165 2620 1220 in
2656 1165 2850 1236 praelis
2882 1167 3068 1223 multa
3099 1169 3362 1239 pertulit.

2666 1282 3024 1341 CLAUDIUS
3053 1286 3174 1341 AN.
3207 1287 3248 1341 Ι.

2138 1389 2285 1446 Exin
2316 1390 2596 1447 Claudius
2619 1393 2728 1447 fuit
2750 1393 2998 1463 justitia
3030 1394 3238 1450 firmus
3270 1400 3494 1464 custos,

2139 1481 2413 1552 princeps
2442 1481 2629 1537 bonus
2660 1486 2717 1537 et
2746 1481 2993 1538 bellator
3019 1487 3320 1554 strenuus,

2138 1569 2373 1624 maximi
2407 1569 2688 1642 principis
2719 1571 3085 1627 Constantini
3120 1590 3283 1629 avus.

2577 1757 3036 1814 AURELIANUS
3073 1759 3189 1814 AN.
3237 1760 3328 1816 VI.

2057 1806 2104 1870 B
2134 1847 2449 1917 Postquam
2485 1846 2579 1901 hic
2616 1846 2676 1901 in
2710 1863 2974 1918 purpura
3002 1848 3182 1903 vitam
3215 1806 3450 1915 clausit,

2072 2001 2075 2005 ι
2131 1936 2483 1991 Aurelianus
2511 1936 2980 1991 Christianorum
3012 1936 3143 1992 odio
3175 1936 3441 1992 imbutus

2131 2024 2350 2080 summi
2383 2025 2613 2096 imperii
2643 2032 2938 2096 sceptrum
2972 2029 3201 2097 gestare
3233 2026 3429 2098 coepit.

2127 2114 2206 2169 Eo
2237 2118 2520 2184 regnante
2547 2113 2795 2169 Paulum
2828 2114 3299 2171 Samosatensem

2128 2220 2304 2273 prava
2334 2204 2683 2259 sentientem
2714 2204 2949 2258 Patrum
2982 2203 3215 2258 divinus
3246 2204 3462 2259 chorus

2124 2291 2305 2347 edixit
2334 2308 2463 2348 esse
2497 2291 2874 2349 maledictum
2906 2296 2962 2348 et
2990 2293 3412 2349 exsecrabilem
3445 2310 3457 2349 :

2122 2382 2223 2451 qui
2254 2398 2388 2437 cum
2418 2381 2841 2436 Antiochenam
2868 2382 3182 2438 invasisset
3210 2383 3547 2438 cathedram

2122 2471 2507 2541 eamdemque
2530 2470 2814 2525 niteretur
2843 2470 2897 2525 vi
2930 2471 3201 2541 retinere,

2120 2560 2346 2630 piorum
2379 2560 2667 2631 legatione
2697 2564 3000 2631 permotus
3026 2561 3347 2631 imperator

2120 2647 2319 2704 missis
2348 2648 2559 2704 litteris
2591 2650 2729 2704 sede
2759 2649 3008 2721 turpiter
3037 2666 3173 2705 eum
3205 2650 3394 2720 cjecit;

2649 2764 2931 2823 PROBUS
2971 2766 3089 2821 AN.
3134 2768 3223 2822 VI.

2048 2848 2055 2855 ’
2116 2854 2280 2909 Brevi
2311 2852 2575 2925 regnavit
2603 2855 2865 2921 Tacitus,
2897 2855 2986 2909 vir
3016 2856 3385 2925 grandaevus.

2115 2944 2251 2998 Dein
2287 2943 2511 3010 Florus,
2546 2949 2605 2998 et
2636 2960 2770 2999 mox
2799 2945 3021 2999 Probus
3054 2944 3209 2999 domi
3246 2943 3499 3013 bellique

2114 3034 2324 3099 bonus,
2359 3049 2479 3087 rem
2514 3032 2687 3103 cmpit
2719 3032 3017 3103 publicam
3049 3033 3397 3101 gubernare.

2115 3121 2271 3177 Mitis
2302 3121 2396 3175 hic
2428 3126 2552 3176 erat
2586 3122 2878 3191 princeps,
2912 3120 3351 3190 magnanimus,
3384 3118 3717 3181 benevolus,

2032 3173 2075 3239 Ο
2115 3210 2213 3280 qui
2244 3212 2385 3264 dum
2418 3173 2715 3264 diuturnis
2747 3173 3125 3263 distineretur
3152 3177 3342 3277 bellis,

2114 3298 2478 3371 periclitante
2510 3298 2764 3353 exercitu
2794 3301 3230 3351 commeatuum
3264 3296 3533 3367 penuria,

2102 3390 2349 3460 jamque
2378 3387 2788 3442 deficientibus
2820 3387 2894 3440 ob
2927 3386 3140 3440 famem
3173 3386 3419 3449 viribus,

2110 3480 2298 3534 imber
2327 3476 2674 3533 commistus
2705 3476 2898 3531 tritico
2932 3476 3219 3531 decidisse
3251 3474 3468 3530 dicitur

2108 3567 2342 3625 caeleste
2374 3583 2592 3621 manna
2622 3565 2990 3621 multitudini
3022 3565 3355 3629 effundens,

2105 3674 2217 3729 quo
2250 3660 2455 3729 pastus
2484 3656 2636 3711 vires
2668 3655 2949 3727 pristinas
2971 3654 3189 3725 recepit
3221 3653 3408 3709 miles.

2158 3772 2413 3841 CARUS,
2453 3770 2943 3839 NUMERIANUS,
2987 3771 3073 3825 ET
3113 3769 3417 3826 GABINUS
3455 3768 3576 3823 AN.
3621 3770 3689 3825 II.

2174 3934 2355 3989 Carus
2386 3932 2619 3998 deinde,
2650 3932 2736 3987 vir
2767 3935 3066 3998 strenuus,
3100 3948 3231 3987 cum
3267 3930 3391 3985 suis
3432 3928 3636 3984 liberis

2101 4023 2325 4093 regium
2359 4038 2566 4077 nomen
2600 4037 2734 4075 cum
2769 4022 3029 4092 potentia
3058 4020 3301 4091 excepit.

2101 4112 2458 4169 Numeriano
2491 4110 2725 4181 quidem
2762 4111 2917 4181 apud
2949 4110 3149 4164 hostes
3181 4109 3432 4179 captivo.

2099 4201 2261 4256 Cutis
2292 4202 2552 4256 detracta
2583 4198 2817 4262 dicitur,
2852 4199 3001 4253 utris
3033 4199 3238 4255 instar.

2098 4288 2343 4345 ()arinus
2371 4287 2754 4358 turpissimus
2786 4293 2843 4344 et
2872 4286 3128 4344 crudelis
3159 4288 3495 4343 admodum.

2097 4379 2686 4449 Christianorumque
2717 4379 2919 4450 pestis,
2952 4378 3263 4451 imperium
3297 4376 3506 4433 tenuit.

2098 4468 2219 4523 Sub
2250 4484 2315 4523 eo
2352 4468 2549 4523 Manes
2582 4469 2961 4524 calamitosus
2995 4467 3201 4523 relicta
3231 4465 3465 4522 Perside

2023 4540 2069 4604 D
2102 4559 2175 4614 ad
2209 4558 2501 4614 Romanas
2532 4560 2721 4613 terras
2751 4558 3010 4628 adrepsit
3035 4573 3323 4611 venenum
3352 4571 3628 4611 evomens

2100 4646 2499 4718 improbitatis
2530 4664 2670 4712 suae,
2704 4646 3016 4701 animabus
3045 4645 3553 4710 exitiosissimum,

2100 4736 2179 4791 Ex
2208 4735 2317 4791 hoc
2347 4735 2800 4791 Manichaeorum
2834 4734 3000 4788 ﬂuxit
3030 4734 3247 4789 infame
3280 4749 3514 4789 nomen.

2504 4849 3028 4905 DIOCLETIANUS
3064 4849 3182 4904 AN.
3225 4848 3336 4904 XX.

2097 4941 2200 4996 His
2232 4939 2558 5007 exstinctis,
2591 4939 2783 4993 furere
2814 4939 2871 4993 in
2903 4938 3197 4994 Christum
3230 4938 3405 5009 cmpit

2097 5030 2334 5100 gemina
2366 5027 2702 5084 mortalium
2730 5027 2977 5099 Erynnis
3011 5032 3183 5097 atque
3212 5026 3490 5095 maxima,

2098 5118 2423 5172 tristimum
2456 5117 2788 5172 animorum
2824 5120 2881 5171 et
2903 5114 3384 5171 cruentissimum

2096 5283 2291 5334 tamen
2325 5276 2986 5349 consequenteslaudes
3019 5277 3190 5333 Probo
3222 5282 3575 5349 congruunt,
3596 5282 3742 5334 teste

2097 5351 2273 5405 etiam
2308 5348 2549 5405 Zonara’.
2586 5351 2651 5405 Et
2679 5348 2915 5420 quidem
2942 5350 3146 5405 Probus
3178 5348 3455 5405 scribitur
3485 5351 3541 5404 in
3576 5350 3736 5405 codi-

2099 5423 2183 5477 cis
2214 5422 2616 5488 lemmatibus,
2668 5440 2781 5477 non
2832 5423 3022 5477 Florus
3073 5428 3174 5475 aut
3229 5423 3545 5478 Florz'anus.
3601 5421 3736 5474 Exi-

2098 5495 2273 5550 stimo
2306 5495 2487 5565 igitur
2518 5510 2702 5549 unum
2733 5510 2961 5549 versum
2994 5494 3298 5564 excidisse,
3326 5495 3382 5548 in
3415 5509 3530 5563 quo
3561 5494 3737 5548 aFlo-

2099 5567 2257 5621 νίαηο
2286 5566 2461 5621 ﬁebat
2492 5566 2739 5621 tansitus
2768 5566 2839 5621 ad
2871 5567 3133 5621 Probum.
