4086 6210
285 187 357 243 23
1495 187 1866 244 armum
1903 181 2482 240 CHRONOGRAPHI

289 330 416 386 par,
452 311 848 369 Diocletianus
882 311 1106 370 scilicet
1132 315 1189 368 et
1215 311 1629 380 Maximianus,

1481 330 1629 380 mus,
1970 311 2024 377 Α
2229 305 2565 379 Μαξιμιανὸς
2594 307 2990 380 Διοκλητιανός
3015 334 3094 384 τε,

289 404 522 457 utentes
553 401 714 474 regia
745 405 1030 474 potestale
1060 401 1395 459 crudeliter.

2228 397 2412 469 Ὠμῶς
2442 399 2710 472 κατῆρξαν
2742 403 2838 455 τοῦ
2876 402 3029 477 βασι)
3045 401 3159 460 είου
3185 406 3414 482 κράτους
3448 425 3461 440 ·

290 491 360 546 Et
390 491 548 562 prior
579 491 816 562 quidem
851 489 1119 545 obscuris
1151 491 1211 546 in
1242 491 1534 547 Dalmatia
1556 491 1790 564 genitus

2225 487 2324 546 ⁶Ος
2353 486 2600 558 πατέρων
2635 488 2734 563 φὺς
2769 487 3035 564 δυσγενῶν
3071 493 3415 569 Δαλματόθεν

294 580 660 651 parentibus,
693 578 888 634 servili
915 579 1098 650 stirpe
1130 583 1186 636 et
1211 581 1613 654 conspuenda,

2229 576 2481 647 Ἀσημος
2513 575 2548 645 ἢ
2579 575 2872 653 τρίδουλος
2900 576 3293 658 ἐϐδελυγμένος

297 685 508 725 arcano
541 669 643 724 Dei
677 670 914 725 decreto
945 669 1258 742 imperium
1295 671 1589 740 obtinuit;

2086 665 2194 720 255
2231 668 2364 718 Θεοῦ
2395 664 2675 740 χριμάτων
2707 670 2968 743 τυγχάνει
2998 674 3334 746 κραταρχίας
3371 694 3383 706 ·

300 759 470 830 cujus
503 759 712 812 deinde
744 758 1085 830 participem
1112 760 1447 815 Herculium
1483 760 1617 815 fecit

2231 755 2334 814 Ἧς
2370 757 2744 829 συμμεριστὴν
2777 758 3104 832 Ἐρκούλιον
3141 757 3407 835 λαμϐάνει

301 845 721 903 Maximianum
753 845 1220 903 Christianorum
1256 849 1432 905 exitio
1465 851 1688 904 natum.

1544 851 1688 904 tum.
2239 842 2575 916 Μαξιμιανὸν
2603 839 2835 899 εὐσεϐῶν
2871 847 3157 922 ἀναιρέτην

302 936 452 1006 Ergo
485 934 543 988 hi
573 935 690 990 duo
723 935 791 989 ad
818 936 1133 1006 perniciem
1162 937 1560 1009 conspirantes

2238 930 2358 984 Ἐπὶ
2390 937 2542 1003 κοικῴ
2571 937 2699 1007 γοῦν
2729 932 2872 988 τώδε
2903 939 3344 1007 συμπιπνευκότε

305 1021 802 1095 Christianorum,
827 1025 914 1078 vel
949 1024 1146 1095 potius
1172 1025 1421 1098 proprias
1454 1025 1684 1094 animm,

2237 1020 2473 1090 Χριστοῦ
2507 1017 2732 1095 μερίδος
2763 1022 2798 1090 ἢ
2833 1021 3001 1078 πλέον
3037 1028 3182 1102 σφῶν
3211 1024 3454 1102 καρδίας,

306 1111 779 1182 persecutionem
811 1119 1258 1170 commoverunt
1289 1113 1674 1186 asperrimam
1706 1131 1720 1182 ;

1586 1130 1674 1170 am
1706 1131 1720 1182 ;
2096 1111 2200 1164 260
2239 1107 2493 1182 Διωγμὸν
2527 1108 2801 1182 ἀφόρητον
2837 1110 3199 1186 ἔξηγειρέτην,

307 1199 732 1270 turmatimque
765 1216 867 1272 per
896 1200 1143 1273 populos
1173 1203 1795 1274 ingentemnumerum

1638 1218 1795 1258 erum
2242 1195 2345 1252 Καὶ
2375 1197 2511 1250 κατὰ
2543 1193 2762 1269 δήμους
2792 1197 2898 1254 εἰει-ε
2928 1200 3251 1276 χιλιοστύας

313 1291 636 1360 martyrum
671 1289 989 1346 effecerunt
1013 1291 1362 1347 certantium
1392 1292 1620 1348 fortiter
1649 1309 1662 1346 :

2241 1283 2533 1360 Μάρτυρας
2567 1287 2845 1364 ἀπέφηναν
2872 1290 3294 1366 ἠγωνισμένους,

309 1377 674 1432 voluntarias
706 1394 917 1450 nempe
945 1380 1216 1437 victimas
1247 1387 1305 1437 et
1336 1382 1707 1453 purissimas,

1603 1397 1707 1449 ias,
2245 1373 2539 1447 Αὐθαίρετα
2571 1376 2780 1448 θύματα
2811 1381 3216 1454 καθηγνισμένα

315 1465 542 1522 animas
574 1482 1000 1540 usquequaque
1024 1457 1294 1541 acceptas
1325 1469 1592 1526 Domino.

2243 1465 2530 1537 Ἕμψυχα,
2565 1463 2872 1539 παντέλεια,
2905 1465 3064 1524 δεκτά
3093 1468 3295 1544 Κυρίῳ,

315 1555 492 1610 Porro
524 1559 769 1626 uterque
799 1563 1072 1628 regnator
1099 1574 1382 1628 generum
1413 1558 1525 1614 sibi
1559 1558 1700 1632 legit

2103 1554 2209 1608 265
2248 1546 2532 1625 Γαμϐροὺς
2565 1549 2694 1614 δυάς
2723 1553 2946 1632 εἷ’ληφεν
2981 1557 3391 1635 αὐτοκρατόρων

317 1644 409 1700 cui
442 1644 740 1715 propriam
772 1645 1077 1702 collocavit
1106 1647 1380 1704 dilectam
1412 1647 1592 1704 ﬁliam
1631 1664 1644 1703 :

1991 1691 2038 1726 ι)
2245 1641 2340 1703 Εἷς
2371 1642 2465 1704 τὰς
2499 1642 2698 1697 ἑαυτῶν
2721 1642 2983 1720 φιλτάτας
3009 1649 3301 1726 θυγατέρας
3334 1671 3345 1685 ·

320 1691 409 1700 η.
443 1691 740 1715 ,--,.--_---
774 1691 1077 1702 “ne”...
1107 1691 1380 1704 μηνυηη..
1414 1691 1592 1704 .........
1632 1691 1644 1703 .

320 1731 712 1789 Maximianus
743 1733 997 1791 nobilem
1031 1735 1439 1792 Constantium
1471 1736 1748 1792 Chiorum

1992 1691 2039 1756 B
2247 1691 2695 1805 :D‘p‘ev‘XKwpov
2724 1691 3050 1790 ᾗώναταύτέι
3079 1691 3333 1814 λαμπρόν
3359 1745 3439 1811 τῷ
3465 1742 3605 1816 γένει

321 1820 419 1891 qui
452 1821 690 1876 maximi
721 1826 1084 1880 Constantini
1117 1842 1330 1897 parens
1360 1826 1471 1882 fuit
1501 1847 1516 1895 ;

2246 1817 2357 1876 Τοῦ
2383 1821 2760 1894 παμμεγίστου
2791 1823 2994 1898 πατέρα
3032 1827 3457 1886 Κωνσταντίνου.

320 1908 720 1966 Diocletianus
748 1916 946 1968 autem
978 1913 1385 1985 Maximinum,

2249 1909 2307 1962 Ὀ
2339 1906 2734 1977 Διοκλητιανὸς
2766 1907 2812 1965 δ’
2844 1912 2906 1965 αὖ
2937 1913 3244 1986 Μαξιμῖνον

323 1998 418 2054 cui
449 1997 677 2055 Galerio
709 2017 944 2072 quoque
975 2019 1184 2058 nomen
1215 2009 1358 2061 erat.

2110 1999 2217 2052 270
2254 1998 2352 2058 ’ος
2380 1998 2469 2051 καὶ
2502 1997 2763 2073 Γαλέριος
2792 2001 2857 2068 ἦν
2892 1999 3331 2075 ἐπικεκλημένος
3363 2023 3377 2037 ·

324 2089 513 2158 Atque
544 2087 635 2142 his
663 2090 923 2145 Cassarea
953 2091 1213 2162 dignitas
1239 2098 1326 2148 est
1357 2094 1601 2149 tributa.

2256 2086 2356 2140 Καὶ
2386 2084 2580 2142 τούσδε
2609 2093 2743 2161 τιμᾷ
2770 2088 2842 2164 τῇ
2872 2091 3149 2167 Καίσαρος
3183 2092 3301 2165 ἀξίᾳ
3324 2113 3335 2127 ·

323 2176 454 2232 Jam
487 2193 621 2232 cum
653 2176 1047 2235 Christianam
1079 2181 1452 2253 exstinguere
1483 2183 1825 2257 religionem

1797 2199 1825 2238 ο
1987 2214 1994 2220 .
2258 2174 2408 2230 Ἐπεὶ
2443 2173 2500 2230 δὲ
2527 2177 2914 2250 Χριστώνυμον
2945 2179 3044 2234 οὐκ
3070 2181 3195 2250 ἐνῆν
3229 2177 3410 2238 σϐέσαι

324 2265 560 2337 tyranni
590 2266 706 2321 duo
739 2283 854 2322 non
883 2274 1145 2340 possent,
1174 2279 1454 2328 conantes
1486 2272 1643 2340 licet,

2258 2263 2454 2320 Ηολλὰ
2483 2269 2719 2338 καμοῦσι
2750 2265 2932 2322 τοῖσδε
2961 2268 3245 2345 τυράννοις
3279 2267 3455 2343 σέϐας,

328 2355 746 2412 abdicaverunt
780 2357 931 2414 ultro
963 2359 1310 2432 dignitatem
1342 2379 1534 2430 suam,

2260 2354 2509 2418 Ἑκόντες
2540 2355 2798 2420 ἀπέθεντο
2829 2359 2931 2427 τὴν
2962 2378 3254 2436 σκηπτουχ
3261 2359 3361 2430 ίαν,

329 2443 776 2516 Caesaribusque
810 2447 1122 2519 imperium
1157 2451 1591 2521 permiserunt;

2118 2445 2226 2499 215
2265 2443 2521 2520 Καίσαρσι
2547 2442 2726 2510 δόντες
2755 2443 2955 2503 διέπειν
2986 2448 3054 2503 τὰ
3077 2453 3173 2504 τοῦ
3203 2453 3435 2526 κράτους
3470 2470 3483 2485 ·

330 2531 413 2587 ita
443 2537 507 2588 ut
536 2533 800 2591 Galerius
832 2536 1070 2608 quidem
1101 2538 1157 2594 in
1191 2543 1310 2595 toto
1336 2540 1593 2612 Oriente,

2263 2532 2474 2606 Ἀρχὴν
2511 2532 2754 2607 Γαλερίῳ
2783 2536 2878 2607 μὲν
2905 2537 3120 2608 ἀπάσης
3149 2541 3286 2610 "Eoo,

333 2620 716 2679 Constantius
749 2625 807 2680 in
841 2627 1104 2684 occiduis
1134 2634 1406 2702 regnaret
1437 2631 1724 2702 partibus.

2260 2624 2345 2690 Τῷ
2378 2623 2683 2675 Κώνσταντι
2717 2625 2827 2696 (13)
2861 2622 2918 2678 δὲ
2951 2624 3257 2699 βασιλεύειν
3283 2629 3543 2705 Ἑσπέρας
3577 2646 3591 2662 ·

335 2710 473 2765 Erat
501 2710 678 2766 etiam
712 2714 920 2770 tertius
952 2715 1144 2772 Romae
1168 2721 1456 2789 tyrannus

2263 2713 2362 2764 Ἠν
2390 2708 2478 2762 καὶ
2512 2708 2694 2784 τρίτος
2723 2711 2987 2786 τύραννος
3019 2713 3070 2769 ἐν
3101 2717 3289 2792 Ῥώμῃ
3321 2716 3487 2774 πάλιν

334 2798 589 2854 Herculii
621 2801 780 2858 ﬁlius
809 2805 1134 2862 Maxentius
1167 2807 1446 2866 furiosus.

2015 2816 2020 2820 ‘
2265 2795 2590 2871 Ἑρκουλίου
2623 2806 2750 2864 παῖς
2782 2802 3078 2872 Μαξέντιος
3113 2806 3382 2878 μαινόλης
3414 2827 3458 2858 ο.

335 2891 754 2947 Verumtamen
785 2895 1163 2951 Constantius
1192 2897 1425 2953 cunctis
1457 2897 1726 2970 placidus

2124 2889 2230 2943 280
2271 2885 2444 2943 Ἀλλά
2475 2889 2733 2952 Κώνστας
2775 2892 2868 2964 μὲν
2903 2893 3134 2967 εὐμενὴς
3167 2895 3235 2964 ἦν
3265 2900 3381 2959 τοῖς
3410 2895 3586 2966 ὅλοις,

338 2976 701 3034 Christianos
725 2979 1009 3052 diligebat
1039 2984 1418 3056 singulariter
1447 3003 1461 3042 :

2018 3043 2055 3056 _
2271 2977 2696 3051 Χριστωνύμους
2729 2973 2948 3056 ἔστεργε
2977 2987 3085 3038 τῶν
3119 2982 3305 3039 ἄλλων
3337 2983 3505 3042 πλέον
3537 3005 3549 3020 ·

337 3071 396 3121 at
422 3066 780 3125 Maximinus
812 3043 1202 3144 pvermolestuls
1235 3075 1511 3146 subditis,

2013 3043 2056 3110 C
2273 3043 2576 3140 Μαξιμῖνος
2607 3064 2664 3124 δὶ
2695 3043 2966 3146 δυσχέρης
3001 3071 3287 3143 ὑπηκόοις,

339 3157 720 3226 mulierosus,
755 3162 1043 3233 moechus,
1075 3165 1261 3234 pestis
1292 3167 1550 3238 publica,

2276 3159 2714 3229 Γυναικομανής,
2753 3161 3035 3234 μοιχικὸς,
3065 3163 3224 3231 κοινὴ
3259 3161 3432 3236 λύμη,

341 3243 694 3303 Christianis
726 3254 922 3304 autem
956 3250 1421 3321 infensissimus,

2278 3245 2699 3318 Χριστωνύμοις
2731 3245 2789 3301 δὲ
2820 3245 3244 3324 δυσχερέστατος
3277 3249 3423 3323 λίαν,

344 3333 631 3404 ipsorum,
664 3335 775 3391 heu
803 3335 816 3390 ί
851 3339 1185 3395 decreverat
1213 3343 1429 3398 caedem
1463 3344 1752 3399 omnium.

2133 3334 2241 3389 285
2279 3330 2656 3408 Πάνωλεορίαν
2689 3333 2860 3391 τῶνδε
2891 3342 2987 3415 φεῦ
3017 3341 3344 3415 κατακρίνας
3372 3360 3383 3373 ·

347 3422 449 3478 Hic
483 3423 541 3477 in
572 3423 802 3495 imperii
835 3431 1056 3497 partem
1090 3429 1390 3485 advocavit

2280 3422 2545 3476 Κοινωνὸν
2579 3424 2735 3485 οὗτος
2766 3429 2862 3479 τοῦ
2887 3428 3118 3500 κράτους
3145 3425 3558 3504 προσλαμϐάνει

349 3511 674 3568 Constantii
705 3513 924 3570 fmdum
955 3531 1236 3586 generum
1270 3518 1557 3575 Licinium

2281 3511 2519 3566 Λικίνιον
2553 3512 2900 3576 Κώνσταντος
2931 3517 3043 3589 (14)
3074 3517 3302 3594 αἰσχρὸν
3333 3520 3565 3598 νυμφίον

354 3599 578 3654 malum
611 3606 942 3658 monstrum
974 3609 1032 3660 et
1065 3606 1294 3676 piorum
1326 3607 1592 3663 exitium.

2283 3600 2453 3654 Κακόν
2480 3621 2533 3654 τι
2562 3603 2874 3677 τερμέρειον
2906 3607 3018 3678 (15)
3044 3602 3278 3662 εὐσεϐῶν
3309 3609 3508 3684 φθόρον
3539 3628 3552 3642 ·

354 3689 470 3746 Hos
500 3690 828 3746 Maxentius
861 3693 1210 3765 adaequabat
1240 3697 1364 3752 suis
1398 3698 1681 3770 moribus,

2282 3693 2382 3746 Καὶ
2414 3691 2708 3763 Μαξέντιος
2738 3693 2804 3760 ἦν
2835 3691 2948 3756 ἴσος
2975 3695 3191 3759 τούτοις
3219 3697 3476 3773 τρόπους,

349 3779 820 3835 Christianorum
851 3781 1059 3847 hostis,
1090 3787 1148 3838 et
1177 3801 1365 3840 saevus
1396 3786 1710 3843 homicida.

2139 3781 2244 3835 290
2281 3781 2381 3834 Καὶ
2419 3781 2798 3856 χριστομάχος
2827 3783 2917 3838 καὶ
2949 3785 3238 3861 μιαιφόνος
3269 3785 3435 3844 πλέον
3471 3806 3484 3820 ⁶

352 3867 494 3922 Hem
527 3870 943 3924 exsecrandam
978 3871 1243 3943 lriadom,
1277 3872 1508 3945 pietatis
1540 3875 1761 3933 labem!

1660 3877 1761 3933 ,ωε
2284 3869 2452 3942 Τριὰς
2481 3869 2690 3945 ἐναγὴς,
2723 3868 2954 3927 εὐσεϐῶν
2985 3874 3273 3949 ἀναιρέτις,

351 3972 526 4027 quam
563 3965 831 4015 assecuta
860 3963 949 4015 est
971 3960 1310 4032 justissima
1343 3963 1486 4021 ultio
1515 3965 1640 4022 Dei.

2281 3960 2486 4034 ἽΙνπερ
2517 3959 2783 4032 μετῆλθεν
2815 3959 3034 4027 ἐνδίκως
3065 3965 3182 4027 θεία
3213 3961 3360 4036 δίκη.

685 4076 1240 4136 CONSTANTINUS
1282 4080 1400 4138 ΔΝ.
1442 4081 1658 4139 XXXII.
2513 4077 3058 4135 ΚΩΝΣΤΑΝΤΙΝΟΣ
3085 4080 3194 4135 ET.
3218 4082 3344 4138 AB'.

351 4173 500 4246 Ergo
533 4175 914 4230 Constantius
947 4182 1193 4233 mortem
1232 4195 1366 4235 cum
1396 4181 1517 4236 vita
1548 4185 1786 4238 mutans

2285 4174 2341 4226 Ὀ
2371 4174 2551 4227 τοίνυν
2586 4175 2837 4236 Κώνστας
2866 4173 2946 4246 τῷ
2973 4174 3114 4250 γόνῳ
3145 4179 3526 4252 Κωνσταντίνῳ

349 4262 662 4334 imperium
697 4263 816 4320 filio
848 4265 1232 4323 Constantino
1265 4269 1526 4338 tradidit,

2284 4261 2405 4316 Βίον
2439 4259 2706 4317 τελευτῶν
2736 4261 3053 4319 καταλείπει
3081 4264 3143 4320 τὰ
3174 4265 3391 4340 κράτος,

351 4368 525 4422 quem
561 4369 625 4408 ex
660 4353 850 4424 priore
879 4363 1216 4425 susceperat
1245 4357 1474 4412 Helenae
1506 4361 1816 4433 conjugio;

2027 4411 2074 4433 ῃ
2139 4352 2246 4406 295
2280 4353 2376 4407 "Ov
2411 4350 2461 4420 ἐξ
2491 4351 2716 4420 Ἑλένης
2746 4348 2874 4426 ἔσχε
2901 4358 3008 4409 τῶν
3041 4355 3268 4430 πρόσθεν
3299 4359 3491 4432 γάμων
3522 4375 3533 4389 ·

367 4411 384 4422 .
661 4411 678 4424 .
1056 4411 1071 4425 .
1440 4411 1466 4412 η
1515 4411 1774 4433 τουτο-ν
1802 4411 1816 4428 ι

353 4441 450 4510 qui
479 4442 773 4512 quomodo
807 4442 1140 4515 reipublicae
1175 4445 1472 4516 navigium
1505 4449 1740 4516 rexerit,

1717 4411 1774 4421 η--
2447 4411 2461 4420 _
2673 4411 2714 4420 μ
3085 4411 3092 4430 1
3188 4411 3210 4420 ν
3311 4411 3322 4432 ⁸

1725 4489 1740 4516 ,
1802 4411 1816 4428 ι
2027 4411 2076 4474 D
2284 4438 2360 4496 Οὐ
2391 4439 2552 4514 χάριν
2581 4439 2749 4494 εἰπεῖν
2784 4440 2845 4495 οὐ
2875 4443 3155 4520 περίεργον
3187 4446 3330 4521 τάχα

354 4529 699 4602 primusque
731 4532 802 4587 ad
836 4531 1136 4588 Christum
1167 4535 1485 4591 Dominum
1537 4554 1636 4592 rex
1664 4540 1967 4595 accesserit

1771 4540 1997 4610 asserit,
2285 4527 2520 4583 Κλύουσι
2551 4531 2884 4605 προσγένοιτ’
2914 4530 2974 4586 ἂν
3009 4530 3384 4604 εὐεπηϐόλως,

351 4621 542 4676 dicere
575 4637 687 4675 non
723 4621 852 4687 erit,
885 4625 950 4676 ut
979 4637 1129 4691 reor,
1164 4639 1683 4696 supervacaneum,

2283 4622 2475 4681 ⁸Ὀπως
2505 4640 2563 4674 τε
2594 4617 2826 4675 διίΟυνεν
2859 4621 3040 4697 ἀρχῆς
3069 4624 3132 4678 τὸ
3164 4623 3387 4701 σκάφος,

353 4713 527 4780 atque
559 4709 849 4766 audituris
881 4710 1199 4767 absurdum
1233 4729 1348 4768 non
1380 4714 1696 4771 videbitur.

2283 4709 2380 4762 Καὶ
2413 4707 2782 4784 προσδραμεῖν
2820 4712 3023 4786 ὑπῆρξε
3052 4713 3268 4787 Χριστῷ
3292 4713 3533 4789 Δεσπότῃ
3565 4734 3577 4746 ·

355 4797 539 4868 Igitur
570 4798 662 4853 hic
686 4799 1114 4871 rempublicam
1148 4819 1180 4856 a
1212 4808 1379 4873 patre
1408 4804 1685 4860 traditam

2142 4801 2246 4854 300
2283 4799 2487 4873 Ἀρχὴν
2525 4801 2618 4871 μὲν
2648 4800 2803 4862 οὗτος
2833 4803 3094 4874 πατρόθεν
3128 4800 3445 4877 δεδεγμένος

356 4885 628 4957 praeclare
657 4887 1027 4959 gubernabat
1058 4890 1240 4946 armis
1271 4895 1327 4946 et
1358 4893 1625 4960 consilio,

2284 4893 2466 4943 Διεῖπε
2496 4888 2681 4952 καλῶς
2714 4887 2915 4945 συνέσει
2949 4890 3322 4966 στρατηγίαις,

355 4975 616 5030 nondum
650 4975 936 5045 initiatus,
970 4980 1071 5034 sed
1106 4984 1299 5033 tamen
1335 4987 1490 5036 recte
1521 4984 1804 5054 sentiens,

2283 4979 2400 5033 Ἔτι
2437 4978 2529 5050 μὶν
2560 4978 2826 5051 ἀμύητος,
2857 4979 2912 5034 εὖ
2943 4984 3149 5057 φρενῶν
3184 4978 3229 5034 δ’
3260 4976 3425 5056 ἔχων,

354 5066 505 5134 quod
540 5081 606 5120 ex
636 5066 886 5137 ipsomct
916 5068 1059 5122 satis
1091 5069 1377 5139 conjicere
1410 5070 1639 5140 licebat,

2281 5068 2371 5128 Ὠς
2403 5067 2452 5138 ἐξ
2476 5069 2642 5123 αὐτοῦ
2670 5066 2735 5137 δὴ
2769 5068 3189 5145 συλλογίσασθαι
3224 5067 3366 5140 δέον,

353 5160 526 5225 atque
560 5159 623 5209 ut
653 5171 848 5210 rerum
881 5157 1070 5211 exitus
1101 5158 1312 5214 deinde
1341 5160 1558 5215 docuit.

2280 5160 2366 5220 Ὠς
2395 5155 2612 5232 ὕστερον
2647 5154 2858 5231 δὲδειχε
2887 5157 3216 5233 πραγμάτων
3249 5161 3418 5234 πέρας
3449 5177 3463 5194 ⁸

349 5243 481 5299 Jam
513 5260 646 5300 cum
678 5245 1059 5316 imperatores
1088 5251 1208 5302 tres
1239 5253 1380 5304 tunc
1410 5254 1629 5317 essent,

2139 5248 2246 5302 305
2281 5249 2462 5319 Τριῶν
2496 5245 2540 5300 δ’
2575 5247 2818 5302 ὑπόντων
2853 5247 3271 5325 αὐτοκρατόρων
3297 5248 3441 5320 τότε,

422 5370 537 5441 (13)
584 5371 668 5426 Ita
717 5371 844 5426 cod.
903 5374 974 5426 At
1026 5372 1247 5428 Latinis
1295 5379 1384 5430 est
1446 5376 1824 5444 Constantius,
1877 5393 1993 5434 non
2103 5379 2251 5436 erat,
2283 5389 2462 5445 gener
2494 5374 2820 5430 Constantii.

352 5441 633 5519 Constans.
765 5514 780 5519 _
861 5517 905 5519 Η
1005 5513 1229 5519 _____
1372 5517 1386 5519 _
1810 5441 1818 5444 '

1155 5515 1164 5519 _
1219 5515 1229 5519 _
1372 5517 1386 5519 _
1810 5441 1818 5444 '
2175 5441 2407 5519 “ama
2436 5447 2564 5502 cod.

417 5514 532 5585 (14)
563 5514 648 5570 Ita
678 5514 806 5569 cod.
841 5513 1017 5585 Atqui
1051 5515 1309 5574 Licinius
1354 5517 1692 5576 Constantia?
1738 5536 1994 5592 sponsus

3631 194 3705 251 24
