4086 6210
315 365 386 419 2⁷
1524 365 1890 424 apsumi

2077 365 2502 424 ()NOGRAPHI

316 488 832 564 immortalemque
861 509 927 549 ac
959 492 1171 552 miram
1201 494 1380 550 vitam
1409 493 1675 564 adipisci.

317 580 638 650 Postquam
667 597 803 638 eum
835 599 1083 640 somnus
1110 582 1442 656 dereliquit,
1477 581 1677 639 statim

318 674 590 726 sanctum
621 670 968 729 Silvestrum
1001 673 1321 729 admodum
1354 675 1681 728 reverenter

320 757 565 814 advocat
591 783 606 827 ;
640 764 815 833 atque
845 763 944 817 ubi
976 762 1302 818 venientem
1335 759 1644 831 conspicit,

319 862 442 902 rem
473 845 560 903 illi
591 854 868 907 cunctam
898 850 1102 923 pandit
1129 848 1543 905 lubentissime
1576 866 1591 904 :

320 935 604 994 Silvester
635 954 830 1011 regem
862 940 969 994 visi
1000 937 1284 993 rationem
1313 937 1538 993 edocet.

319 1030 436 1084 Cur
465 1027 644 1084 verba
673 1027 878 1099 longas
909 1027 1119 1082 ducam
1147 1041 1252 1098 per
1283 1025 1566 1097 ambages
1596 1025 1624 1081 ?

322 1115 666 1188 religiosum
699 1115 946 1188 principi
979 1114 1325 1181 mysterium
1356 1115 1627 1186 explicat,

323 1205 736 1276 initiatumque
764 1207 821 1259 et
851 1203 1182 1260 credentem
1215 1203 1510 1276 baptismo
1543 1202 1740 1276 tingit,

323 1299 380 1350 et
410 1297 612 1348 sancto
643 1292 838 1348 educit
863 1293 1093 1348 lavacro
1121 1292 1502 1349 incolumem.

323 1380 407 1436 Ad
436 1379 655 1435 Christi
683 1385 876 1452 partes
906 1381 1155 1438 accessit
1183 1381 1360 1438 etiam
1393 1382 1609 1438 Helena

325 1467 592 1525 Silvestri
624 1469 812 1527 verbis
845 1471 1050 1527 edocta
1079 1473 1333 1542 pastoris
1364 1471 1626 1528 maximi.

325 1560 459 1628 Ipsa
482 1558 756 1632 deinceps
782 1560 1016 1616 Sionem
1043 1561 1144 1616 Dei
1176 1562 1382 1617 urbem

324 1645 544 1715 invisit,
575 1664 804 1704 sacrum
835 1648 1064 1721 lignum
1095 1649 1395 1722 vestigans
1424 1649 1636 1721 crucis,

322 1735 522 1807 ibique
551 1743 617 1792 ut
647 1738 868 1808 templa
897 1739 1173 1795 conderet
1201 1739 1599 1797 sanctissima.

325 1823 548 1897 Religio
580 1830 780 1882 nostra
810 1829 992 1883 crevit
1019 1844 1089 1884 ex
1118 1827 1226 1884 hoc
1257 1832 1520 1901 tempore

325 1913 651 1986 amplifice;
685 1920 862 1987 atque
892 1918 963 1973 ad
997 1918 1157 1974 orbis
1189 1917 1454 1989 pervenit
1481 1917 1626 1973 ﬁnes

327 2002 726 2074 apostolorum
759 2005 1017 2062 salubris
1047 2007 1384 2078 praedicatio
1419 2023 1432 2062 :

324 2091 572 2164 risitque
600 2110 699 2149 ver
733 2095 1115 2168 tranquillum
1147 2096 1522 2152 orthodoxiaa.

326 2182 490 2237 Tunc
520 2181 742 2255 templa
771 2185 994 2255 passim
1027 2189 1266 2257 patuere
1295 2184 1682 2253 Christicolis,

322 2277 498 2344 atque
532 2273 726 2330 omnis
757 2291 861 2331 ara
890 2274 1023 2332 falsi
1054 2275 1247 2331 cultus
1273 2275 1528 2332 concidit

321 2359 540 2418 Christi
562 2365 777 2420 virtute
807 2365 1042 2420 Domini
1074 2373 1131 2421 et
1161 2364 1427 2420 omnium
1459 2363 1657 2437 Regis,

321 2449 588 2521 Itemque
617 2451 986 2509 Constantini
1018 2453 1197 2526 legati
1228 2455 1381 2525 ejus.

322 2537 426 2594 Hic
458 2539 576 2596 late
606 2540 954 2612 imperitans
985 2543 1264 2614 gentibus
1294 2541 1646 2608 innumeris,

322 2628 570 2698 prolatis
598 2630 774 2688 etiam
809 2631 1019 2704 priscis
1049 2631 1280 2703 imperii
1314 2631 1534 2686 finibus

323 2715 515 2774 crucis
546 2721 722 2792 atque
742 2720 1042 2794 Evangelii
1070 2720 1329 2793 potentia
1360 2721 1626 2792 adjutus,

322 2805 735 2880 homonymam
769 2825 1002 2880 quoque
1028 2808 1292 2866 condidit
1323 2809 1434 2865 sibi
1463 2809 1691 2879 urbem,

321 2895 570 2953 ocellum
602 2898 785 2955 totius
807 2898 1015 2954 mundi
1046 2897 1618 2972 splendidissimum.

322 2984 546 3058 Regum
581 2987 676 3044 hic
707 2987 940 3060 piorum
972 2994 1136 3060 pater
1163 2993 1255 3044 est
1285 2987 1636 3060 appellatus,

322 3079 382 3130 et
411 3075 884 3134 christicolarum
917 3076 1212 3134 Caesarum
1245 3081 1603 3133 antecessor.

321 3163 483 3221 Idem
510 3165 921 3238 episcoporum
954 3168 1206 3240 primam
1239 3166 1449 3222 indixit
1474 3166 1788 3238 synodum,

324 3254 675 3326 quibuscum
710 3258 981 3328 spurium
1016 3257 1137 3312 Arii
1167 3258 1382 3330 dogma
1411 3253 1683 3328 perculit.

358 3379 857 3438 CONSTANTIUS
897 3381 1130 3437 MAGNI
1169 3380 1648 3437 CONS'I‘ANTINI
1692 3379 1925 3436 FILIUS

961 3453 1079 3508 AN.
1120 3452 1320 3508 XXIV.

321 3559 642 3627 Postquam
674 3557 724 3613 is
752 3561 1030 3613 terrestre
1060 3558 1318 3614 deseruit
1347 3555 1684 3628 imperium,

324 3662 548 3718 proque
577 3645 686 3702 hoc
717 3662 1036 3719 supernam
1067 3646 1313 3719 gloriam
1344 3647 1596 3718 adeptus
1627 3648 1737 3712 est,

325 3734 726 3807 cmlorumque
757 3737 922 3809 regni
952 3737 1097 3792 adiit
1126 3735 1520 3792 haereditatem
1545 3755 1560 3804 ;

327 3825 450 3880 nati
484 3839 552 3879 ex
580 3840 647 3880 eo
678 3824 846 3880 liberi
878 3830 1107 3882 tantam
1131 3823 1367 3897 imperii
1399 3822 1615 3880 molem

323 3917 640 3983 Constans,
670 3914 1075 3983 Constantius,
1108 3919 1284 3986 atque
1311 3911 1756 3985 Constantinus,

322 4002 478 4058 inter
505 4019 568 4058 se
599 4003 797 4075 partiti
825 4009 967 4060 sunt
995 4004 1293 4060 heredum
1326 4003 1466 4058 ritu.

321 4091 392 4147 Et
418 4094 712 4150 Constans
743 4094 980 4165 quidem
1014 4109 1150 4150 cum
1181 4091 1565 4150 Constantino
1597 4090 1774 4147 fratre

324 4185 513 4237 terras
544 4183 819 4238 occiduas
849 4184 961 4238 sibi
985 4185 1270 4254 regendas
1301 4186 1568 4249 sumunt,

326 4269 569 4325 Romam
600 4270 814 4342 ipsam,
849 4270 1123 4340 Africam,
1157 4271 1527 4343 Italiamque,

326 4362 384 4412 et
412 4358 701 4430 quidquid
735 4359 941 4414 mundi
973 4375 1162 4428 usque
1191 4359 1264 4414 ad
1295 4375 1581 4414 oceanum
1613 4363 1790 4429 patet.

327 4445 534 4502 Oriens
565 4447 908 4503 Constantio
941 4446 1188 4519 contigit
1220 4447 1550 4514 universus,

326 4539 722 4608 praetereaque
751 4535 1017 4605 Thracia,
1051 4537 1315 4606 ﬁnesque
1345 4533 1722 4603 Macedonici,

327 4640 463 4680 cum
495 4628 640 4682 urbe
670 4643 703 4682 a
728 4631 890 4698 patre
920 4626 1157 4682 condita
1185 4632 1241 4681 et
1270 4625 1433 4698 regni
1464 4623 1620 4680 sede.

326 4714 429 4772 Hic
458 4715 573 4772 sibi
602 4716 890 4772 creditum
921 4715 1142 4787 optime
1169 4713 1485 4787 imperium
1517 4727 1726 4785 gerens

325 4803 544 4861 multos
576 4822 796 4876 agonas
825 4804 1068 4878 pertulit
1097 4822 1163 4860 ac
1193 4803 1561 4868 discrimina,

323 4900 604 4967 perpetuo
639 4894 901 4951 militans
933 4887 1251 4966 hostesque
1282 4892 1461 4950 armis
1492 4905 1855 4964 persequens

326 4985 542 5042 Deinde
573 4986 781 5043 occisis
812 4987 869 5041 in
902 4986 1212 5043 Occidente
1243 4987 1548 5052 fratribus,

321 5077 708 5132 Constantino
741 5075 880 5148 quia
911 5077 1149 5132 fratrem
1185 5071 1369 5132 armis
1399 5073 1796 5142 lacessiverat,

323 5164 638 5222 Constante
676 5165 828 5222 dolis
860 5165 1180 5238 Magnentii
1214 5165 1460 5232 irretito,

323 5255 481 5310 orbis
512 5255 768 5311 universi
799 5255 1184 5312 Constantius
1214 5260 1513 5326 sceptrum
1543 5253 1754 5309 tenuit.

323 5345 471 5400 Nam
501 5345 903 5418 Magnentium
935 5344 1167 5415 quidem
1197 5343 1331 5401 belli
1355 5345 1492 5415 jure
1522 5341 1767 5399 sustulit
1794 5359 1808 5410 ;

326 5439 386 5490 at
414 5435 829 5490 Vetranionem
861 5435 963 5506 qui
994 5440 1202 5506 praeter
1235 5435 1321 5489 ias
1349 5450 1411 5490 se
1440 5437 1721 5506 gesserat,

329 5523 662 5596 perculsum
695 5528 852 5581 metu
883 5523 1192 5582 subditum
1225 5523 1336 5580 sibi
1366 5522 1520 5581 fecit.

395 5702 510 5776 (16)
539 5709 627 5763 Ita
654 5706 786 5763 cod.

1987 493 2044 561 Α
2106 492 2214 548 365
2251 496 2406 559 Ζωῆς
2435 492 2712 568 ἀκηράτου
2741 514 2801 549 τε
2829 497 3016 569 τυχεῖν
3045 494 3134 548 καὶ
3168 494 3342 563 ξένης.

2252 581 2402 639 Ἐπεὶ
2434 579 2481 637 δ’
2509 583 2703 652 ἀνῆκεν
2736 582 2903 646 ὕπνος
2933 584 3116 654 αὐτὸν,
3147 581 3341 637 αὐτίκα

2249 671 2357 727 Τὸν
2389 671 2532 746 ἱερὸν
2569 671 2905 749 Σίλοεστρον
2937 666 3186 733 εὐλαϐῶς
3211 670 3342 745 άγαν

2250 758 2677 827 Μετακαλεῖται,
2706 761 2796 816 καὶ
2827 757 3200 836 προσελθὸντα
3233 757 3443 834 βλέπει,

2254 849 2353 902 Καὶ
2385 849 2559 903 πάντα
2584 847 2830 922 διέξεισιν
2863 848 3011 921 αἱ)τῷ
3034 846 3384 925 προφρόνως’

2109 940 2217 996 370
2252 939 2310 994 Ὀ
2337 937 2386 994 δ’
2415 939 2480 994 αὖ
2512 940 2700 1015 ἐπάγει
2727 946 2836 996 τῶν
2869 939 3166 1006 θεαθέντων
3199 937 3377 994 λύσινο

2251 1029 2360 1084 Καὶ
2388 1029 2441 1084 τί
2475 1051 2543 1102 με
2572 1027 2655 1085 δεῖ
2682 1032 2957 1107 γράφοντα
2992 1030 3171 1105 μακρὰ
3199 1027 3532 1102 συμπλέκειν
3563 1047 3579 1100 ;

2251 1117 2551 1173 Ἐκτίθεταί
2581 1120 2638 1173 οἱ
2668 1121 2761 1174 τὸν
2787 1119 2951 1196 λόγον
2983 1119 3308 1192 μυστηρίου.

2251 1208 2396 1265 Μυεῖ
2421 1228 2480 1263 τε
2513 1207 2759 1283 βαπτίζει
2789 1229 2848 1264 τε
2877 1207 3235 1264 πιστεύσαντά
3261 1227 3346 1282 γε,

2253 1298 2499 1372 Λουτροῦ
2520 1299 2568 1352 τ’
2595 1298 2749 1367 ἀσινῆ
2780 1301 2879 1353 τοῦ
2908 1301 3183 1372 παναγοῦς
3216 1295 3419 1372 ἀνάγειο

2108 1387 2217 1442 375
2255 1391 2543 1462 Προσῆλθε
2567 1391 2790 1462 Χριστῷ
2817 1387 2905 1442 καὶ
2943 1385 3160 1463 βασιλὶς
3186 1384 3381 1456 Ἑλένη

2251 1473 2638 1540 Διδασκαλίαις
2666 1476 3052 1552 ποιμενάρχου
3079 1471 3438 1551 Σιλϐέστρουο

2250 1566 2381 1628 Μεθ’
2412 1563 2474 1619 οῦ
2507 1567 2649 1622 Σιὼν
2681 1561 2878 1640 εϐλεψε
2905 1566 3005 1634 τὴν
3038 1568 3172 1622 Θεοῦ
3202 1562 3370 1620 πόλιν

2250 1653 2348 1718 Εἷς
2379 1656 2678 1732 φανέρωσιν
2708 1659 2998 1730 σταυρικοῦ
3031 1655 3179 1719 θείου
3209 1652 3396 1726 ξύλου,

2251 1747 2414 1800 Ναῶν
2445 1745 2494 1798 τ’
2522 1741 2861 1817 ἀναδόμησιν
2894 1743 3281 1817 εὐαγεστάτων.

1992 1861 2042 1927 Β
2106 1835 2213 1892 380
2251 1832 2539 1927 Κάντεῦθεν
2573 1834 2723 1927 ἀνθεῖ
2747 1833 2815 1927 τά
2843 1832 2962 1895 καθ’
2991 1833 3141 1904 ἡμᾶς
3173 1829 3247 1892 εἷς
3281 1831 3434 1927 μέγαο

2249 1921 2572 1978 Ἐκτείνεται
2605 1920 2664 1977 δὲ
2691 1921 2780 1976 καὶ
2816 1922 2981 1997 μέχρι
3006 1926 3108 1994 γῆς
3133 1916 3417 1994 τερμάτων

2251 2014 2534 2086 Σωτήριον
2567 2013 2826 2087 κήρυγμα
2852 2013 2962 2065 τῶν
2997 2006 3342 2064 ἀποστόλων·

2250 2097 2390 2170 Γελᾷ
2418 2097 2464 2154 δ’
2495 2094 2588 2174 ἔαρ
2617 2100 2828 2174 ἥσυχον
2858 2095 3196 2173 ὀρθοδοξίας·

2251 2189 2590 2265 Ἀνοίγνυται
2621 2194 2724 2251 πᾶς
2753 2187 2843 2244 καὶ
2873 2187 3010 2251 νεὼς
3039 2185 3476 2262 Χριστωνύμοις,

2107 2279 2215 2335 385
2251 2277 2452 2351 Βωμὸς
2482 2280 2529 2333 τ’
2550 2277 2909 2354 ἀνετέτραπτο
2935 2281 3040 2338 πᾶς
3075 2275 3166 2330 σὺν
3198 2278 3268 2348 τῇ
3297 2272 3477 2347 πλάνῃ
3545 2321 3561 2334 ,

2249 2370 2486 2441 Χριστοῦ
2519 2363 2744 2439 δυνάμει
2776 2365 3147 2427 παντάνακτος
3177 2361 3448 2418 Δεσπότου

2244 2457 2669 2531 Ὑποστρατήγῳ
2704 2453 2920 2530 βασιλεῖ
2956 2450 3368 2524 Κωνσταντίνῳ,

2251 2546 2347 2607 Ὅς
2379 2544 2538 2620 ἄρξας
2569 2542 2734 2599 ἐθνῶν
2766 2542 3016 2599 ἀπλέτων
3043 2540 3330 2618 ἐθναρχίας

2255 2632 2634 2708 Σχοινίσματά
2660 2653 2720 2688 τε
2748 2631 3025 2696 πλατύνας
3051 2628 3396 2706 κληρουχίας

2110 2723 2218 2778 390
2259 2725 2509 2797 Σταυρυῦ
2539 2742 2599 2776 τε
2627 2720 2811 2796 κράτει
2839 2718 3254 2793 παντοδυνάμου
3286 2717 3474 2794 λόγου,

2252 2809 2424 2866 Πάλιν
2458 2808 2674 2880 πολίζει
2704 2811 2804 2880 τήν
2835 2810 3132 2884 ὁμώνυμον
3165 2805 3352 2878 πόλιν,

2258 2897 2578 2974 Ὀφθαλμὸν
2611 2896 2912 2975 αἰγλήεντα
2938 2904 3039 2968 τῆς
3065 2899 3212 2953 οἶκον
3223 2898 3410 2970 μένης·

2259 2989 2446 3065 Πατὴρ
2479 2989 2724 3044 ἀνάκτων
2751 2983 2986 3044 εὐσεϐῶν
3015 2985 3358 3061 κεκλημένος

2253 3077 2354 3132 Καὶ
2379 3075 2796 3153 χριστολατρῶν
2828 3077 3108 3154 κρατόρων
3141 3074 3474 3151 ἀρχηγέτης·

2109 3167 2218 3223 395
2255 3167 2491 3238 Ηρώτης
2522 3167 2745 3242 ὁριστής
2776 3168 3166 3243 ποιμενάρχων
3199 3161 3454 3232 συνόδου,

1997 3226 2042 3295 C
2257 3226 2390 3321 Μεθ’
2527 3226 2776 3312 καθεῖλεν
2805 3226 3025 3330 Ἀρείου
3053 3226 3236 3331 δόγμα
3263 3226 3447 3319 νόθον;

2077 3381 2583 3439 ΚΩΝΣΤΑΝΤΙΟΣ
2645 3381 2688 3437 Ο
2756 3380 2913 3437 ΥΙΟΣ
2971 3380 3106 3436 ΤΟΥ
3173 3380 3505 3436 ΜΕΓΔΛΟΥ
3560 3381 3732 3435 ΚΩΝ·

2546 3452 2954 3527 ETANTINOI‘
3000 3453 3105 3508 ET.
3150 3451 3268 3507 mc

2254 3559 2459 3615 Τούτου
2492 3557 2750 3622 λιπόντος
2775 3559 2877 3626 τὴν
2908 3557 3057 3612 κάτω
3092 3555 3394 3632 μοναρχίαν

2257 3648 2519 3724 Οὐράνιον
2544 3645 2699 3720 δόξαν
2725 3644 2782 3701 δὲ
2805 3645 3266 3720 κληρωσαμένου,

2255 3736 2354 3792 Καὶ
2387 3733 2666 3805 βασιλείας
2699 3733 2938 3810 οὐρανῶν
2967 3731 3341 3809 κληρουχίαν,

2113 3828 2219 3884 400
2256 3827 2324 3885 Οἱ
2352 3823 2543 3890 παῖδες
2573 3825 2741 3880 αὐτοῦ
2763 3824 2862 3893 τήν
2897 3821 3035 3894 ὅλην
3065 3821 3404 3897 κραταρχίαν

2254 3915 2518 3972 Κώνστασ
2543 3934 2624 3982 τε,
2652 3912 3021 3974 Κωνστάντιος
3048 3911 3139 3966 καὶ
3170 3913 3602 3980 Κωνσταντῖνος,

2253 4002 2453 4065 Δύτοῖς
2485 3999 2689 4070 διεῖλόν
2720 4022 2896 4080 σφισιν
2930 4000 3005 4062 εἷς
3033 3997 3405 4075 κληρουχίανο

2253 4094 2513 4155 Κώνστας
2549 4093 2643 4165 μὶν
2674 4091 2787 4164 ἅμα
2817 4088 3061 4166 συγγόνῳ
3089 4087 3472 4160 Κωνσταντίνῳ

2254 4183 2531 4257 Λαχόντες
2561 4181 2748 4257 ἄρχειν
2779 4182 2887 4235 τῶν
2919 4178 3036 4233 καθ’
3058 4176 3319 4253 Ἑσπέραν
3349 4175 3529 4232 τόπων

2113 4276 2218 4331 405
2253 4273 2438 4341 Αὐτῆς
2468 4292 2527 4326 τε
2550 4270 2799 4343 Ῥώμης,
2832 4269 3116 4344 Ἀφρικῆς,
3150 4265 3409 4338 ἸταΛίας,

2254 4361 2352 4415 Καὶ
2382 4361 2577 4433 μέχρις
2606 4357 2781 4412 αὐτῶν
2810 4355 3048 4410 ὠκεανοῦ
3077 4376 3168 4429 τερ
3179 4357 3384 4429 μάτωνο

2257 4444 2482 4518 Ιιᾶσαδ
2509 4445 2651 4501 Ἑώα
2679 4448 2758 4517 τῷ
2789 4445 3152 4517 Κωνσταντίῳ
3184 4445 3385 4519 λάχος,

2252 4537 2399 4612 Πρὸς
2426 4532 2609 4591 τοῖσδε
2639 4533 2874 4608 Θρᾴκης,
2907 4531 3248 4595 Μακεδονίας
3279 4533 3422 4609 ὅροι,

2000 4605 2047 4669 D
2257 4605 2361 4681 Σύν
2392 4628 2461 4699 τῇ
2491 4605 2719 4698 πατρῴα
2747 4622 2838 4678 καὶ
2861 4605 3120 4697 βασιλίδι
3148 4605 3330 4677 πόλειλ

2113 4719 2218 4774 410
2254 4717 2356 4777 ’Ὁς
2388 4711 2586 4769 διέπων
2620 4713 2812 4789 ἄριστα
2839 4713 2938 4780 τήν
2965 4709 3310 4786 κληρουχίαν

2253 4802 2506 4867 Πολλοὺς
2533 4802 2746 4877 ἀγῶνας
2775 4799 2972 4872 ἀνέτλη
3003 4799 3092 4855 καὶ
3123 4798 3425 4873 κινδύνους,

2255 4893 2368 4952 Ἀεὶ
2400 4895 2779 4969 στραταρχῶν,
2811 4890 2928 4946 κατ’
2959 4888 3170 4965 ἐχθρῶν
3197 4893 3360 4944 κινῶν
3394 4887 3546 4967 δόρυ·

2255 4984 2387 5038 Εἶτα
2417 4980 2722 5060 σφαγέντων
2756 4979 3030 5055 συγγόνων
3063 4977 3117 5034 ἐν
3145 4980 3397 5055 Ἑσπέρᾳ,

2253 5075 2368 5130 Τοῦ
2402 5072 2496 5145 μὲν
2530 5074 2808 5132 κινοῦντος
2837 5069 2956 5133 καθ’
2987 5066 3293 5142 ὁμαίμονος
3323 5068 3472 5148 ξίφη,

2112 5165 2217 5220 415
2250 5166 2356 5217 Τοῦ
2387 5161 2738 5221 Κώνπαντος
2770 5157 2828 5213 δὲ
2857 5158 2996 5234 πρὸς
3025 5157 3366 5232 Μαγνεντίου
3398 5155 3574 5231 δόλῳ,

2255 5252 2441 5320 Πάσης
2469 5250 2730 5324 κατῆρξεν
2759 5245 3019 5323 Ἐσπέρας
3050 5245 3140 5301 καὶ
3169 5254 3270 5318 τῆς
3301 5249 3438 5305 "Eur

2255 5337 2586 5415 Μαγνέντιον
2618 5338 2711 5411 μὲν
2745 5334 2954 5392 ἀνελὼν
2990 5337 3178 5412 μάχης
3206 5338 3387 5410 νόμῳ,

2257 5428 2364 5486 Τὸν
2399 5426 2444 5482 δ’
2477 5427 2541 5482 αὗ
2574 5427 2917 5501 Βρετανίωνα
2945 5427 3054 5499 (16)
3080 5427 3172 5480 τὸν
3203 5425 3540 5503 κακεργάτην

2256 5519 2524 5589 Ὑπήκοον
2559 5517 2669 5581 θεὶς
2696 5512 3112 5579 κατασεισθέντα
3141 5509 3320 5593 φόϐῳ.
