4038 6214
257 271 322 328 31
1478 274 1848 330 EPHREMII
1883 272 2447 332 CHRONOGRAPHI

256 395 329 453 ad
361 395 596 470 imperii
626 396 979 470 dignitatem
1010 397 1124 455 fuit
1154 397 1491 465 subvectus,

255 485 622 558 Ceteroquin
655 486 782 557 ipse
815 505 1065 559 regnum
1098 487 1435 559 respuebat,

250 575 466 633 Christi
500 591 562 632 se
591 577 889 632 famulum
921 593 1051 633 esse
1082 579 1308 644 dicens,

254 671 428 736 atque
457 666 710 722 ethnicis
746 666 1035 723 militibus
1068 666 1496 738 imperaturum
1530 681 1766 734 negans.

255 757 322 810 Hi
357 771 490 812 vero
521 771 658 810 cum
689 755 1072 811 Christicolas
1103 772 1166 810 se
1199 754 1640 821 inclamassent,

252 849 396 901 tunc
429 845 746 917 imperium
777 845 1058 902 Jovianus
1084 843 1304 916 recepit
1333 843 1622 914 protinus.

254 935 323 990 Et
352 945 494 1006 pace
527 951 662 990 mox
696 934 1026 1005 composita
1058 949 1192 988 cum
1227 933 1402 987 Persa
1430 947 1588 1005 rege,

255 1027 433 1096 atque
463 1023 834 1080 Antiochiam
868 1023 1104 1077 reducto
1138 1020 1417 1091 exercitu,

255 1111 488 1168 exsules
521 1113 743 1168 dudum
773 1111 1067 1182 principes
1098 1117 1366 1182 pastores

253 1203 325 1256 ad
358 1217 498 1256 suos
529 1216 739 1272 greges
769 1199 958 1255 edicto
992 1201 1302 1266 revocavit,

259 1306 408 1361 quos
439 1289 590 1344 inter
618 1287 1012 1344 Athanasium
1043 1288 1307 1344 divinum
1340 1287 1672 1361 praesulem,

257 1377 604 1448 cunctisque
633 1377 902 1434 exhibuit
931 1378 1283 1434 Christianis

253 1481 354 1521 ver
383 1464 770 1538 tranquillum
798 1471 854 1523 et
880 1466 1239 1525 orthodoxize
1268 1467 1491 1525 lumen.

256 1554 364 1609 Hic
395 1553 734 1610 Galatarum
765 1558 1055 1629 Ancyram
1087 1557 1341 1626 delatus,

254 1643 336 1698 ibi
367 1643 689 1716 improviso
717 1645 880 1700 obitu
915 1646 1162 1703 excessi:
1194 1647 1386 1716 terris,

253 1733 612 1800 recentibus,
647 1739 714 1790 ut
741 1735 898 1790 fama
927 1739 1035 1802 est,
1061 1735 1280 1792 voratis
1311 1735 1531 1808 fungis.

252 1820 409 1876 haud
442 1820 760 1894 plusquam
792 1828 920 1880 octo
954 1825 1258 1881 mensibus
1288 1841 1465 1898 regno
1497 1827 1730 1882 fruitus.

255 1910 480 1967 Pietate
510 1911 584 1977 is,
614 1918 681 1968 ut
709 1913 850 1984 dixi,
882 1913 994 1970 fuit
1022 1914 1301 1988 inclytus,

254 2002 467 2069 bonus,
505 2004 886 2076 tranquillus,
920 2006 1239 2063 benevolus
1268 2023 1406 2080 erga
1435 2007 1727 2077 subditos,

256 2095 607 2165 staturaque
638 2094 899 2165 corporis
930 2111 1171 2168 procera
1200 2095 1444 2168 lucens;

257 2180 475 2236 litteris
507 2183 684 2238 etiam
711 2183 1085 2240 mediocriter
1113 2185 1382 2241 eruditus
1405 2205 1419 2254 ;

256 2268 377 2322 vini
408 2273 606 2326 tamen
639 2274 814 2344 atque
847 2273 1065 2329 amoris
1096 2272 1386 2330 illecebris
1417 2273 1725 2332 obnoxius.

257 2355 450 2428 Hujus
477 2359 727 2416 cadaver
747 2361 905 2431 apud
939 2361 1282 2433 Byzantium
1316 2364 1519 2420 urbem

259 2445 319 2500 in
352 2451 554 2504 sancto
587 2450 1003 2520 Apostolorum
1037 2451 1254 2524 templo
1285 2456 1374 2509 est
1404 2454 1727 2511 conditum.

631 2564 1221 2625 VALENTINIANUS
1259 2571 1376 2626 AN.
1419 2571 1535 2639 XI;

543 2652 726 2724 SIVE,
768 2654 865 2712 UT
903 2655 1055 2713 ALII
1107 2657 1356 2731 AIUNT,
1395 2659 1515 2715 AN.
1555 2659 1621 2716 Χ.

255 2758 393 2815 Post
424 2758 581 2815 hunc
615 2760 833 2817 insedit
863 2763 1079 2834 regiam
1113 2765 1462 2837 dignitatem

254 2846 508 2904 Justitize
542 2848 723 2906 simul
755 2850 1196 2926 clementiaeque
1221 2854 1519 2926 exemplar

259 2935 716 2996 Valentinianus
744 2940 1215 2998 Christianorum
1250 2944 1456 3016 decus,

259 3025 349 3082 vir
379 3029 658 3098 stremus,
687 3029 992 3088 animosus
1027 3048 1091 3088 ac
1124 3031 1425 3104 robustus,

255 3115 485 3187 generis
515 3133 583 3173 ex
610 3119 914 3175 Pannonia
944 3120 1184 3190 stirpem
1215 3121 1488 3191 trahens;

253 3204 527 3277 princeps
559 3207 748 3263 bonus
780 3213 837 3262 et
868 3211 1148 3280 providus
1178 3227 1316 3284 erga
1347 3211 1638 3284 subditos,

251 3292 351 3362 qui
380 3293 720 3364 peregrinas
752 3298 1052 3366 quondam
1083 3299 1143 3354 in
1174 3300 1462 3371 regiones,

251 3384 452 3451 utpote
478 3381 844 3439 Christianus
875 3385 1175 3456 Deumque
1207 3389 1504 3444 Christum
1535 3390 1752 3461 colens,

255 3467 328 3524 ab
359 3473 626 3542 apostata
653 3471 891 3529 Juliano
921 3473 1131 3546 pulsus
1164 3476 1392 3548 fuerat;

256 3575 413 3614 nunc
443 3560 625 3615 redux
655 3562 726 3616 ad
760 3563 1097 3632 exercitum,
1134 3567 1410 3623 tribunus
1441 3573 1584 3624 erat.

257 3646 314 3702 Is
343 3646 441 3702 ubi
468 3664 809 3719 supremam
839 3649 1188 3722 dignitatem
1220 3655 1385 3725 adiit,

257 3735 490 3808 imperii
519 3737 746 3794 socium
779 3740 1017 3796 fratrem
1047 3743 1254 3798 ascivit
1282 3761 1480 3814 suum,

255 3839 655 3880 aerumnosum
687 3825 1017 3900 Valentem,
1047 3830 1165 3884 Arii
1198 3831 1506 3902 asseclam,

255 3911 351 3968 cui
382 3917 578 3986 partes
609 3914 864 3973 Orientis
892 3919 1178 3989 regendae
1205 3921 1488 3977 tradidit:

254 4001 382 4072 ipse
411 4018 546 4058 vero
575 4004 849 4060 Occiduis
880 4006 972 4078 pie
1002 4009 1250 4080 przet‘uit,

257 4089 359 4145 ubi
390 4091 650 4164 trophaea
677 4094 900 4152 nobilia
929 4096 998 4152 de
1027 4097 1352 4156 barbaricis

257 4179 531 4250 gentibus
559 4184 739 4240 victor
766 4189 973 4242 statuit
1001 4204 1109 4259 ope
1139 4189 1427 4248 Numinis.

261 4273 364 4331 Hic
394 4277 594 4332 omnia
623 4278 762 4334 boni
793 4295 1142 4350 expromens
1174 4282 1457 4354 principis

253 4365 617 4438 justitiazque
646 4384 844 4424 amore
874 4371 1198 4440 praesertim
1234 4373 1509 4444 ﬂagrans,
1580 4406 1582 4409 -

257 4455 712 4514 orthodoxorum
742 4460 1083 4532 dogmatum
1115 4461 1404 4530 defensor,

260 4545 586 4616 spatiosum
618 4547 744 4604 vitae
777 4549 1141 4606 curriculum
1173 4566 1452 4608 emensus
1483 4556 1594 4621 est,

260 4640 318 4690 et
348 4652 525 4692 cursu
555 4638 684 4694 vitae
717 4643 773 4694 et
802 4641 1051 4697 termino
1081 4641 1290 4698 beatus
1319 4642 1503 4712 visus,

261 4726 506 4798 expletis
537 4731 792 4800 quatuor
820 4746 1000 4803 supra
1027 4732 1302 4804 octogina
1328 4731 1500 4789 annis

261 4831 498 4871 summo
528 4817 586 4872 in
621 4818 815 4875 favore
848 4821 1120 4876 Numinis
1151 4823 1580 4892 beatitateque;

263 4920 330 4959 ex
361 4922 474 4978 quo
507 4907 823 4982 imperium
853 4916 1191 4982 susceperat
1221 4912 1392 4968 annis
1426 4910 1722 4969 undecim.

263 4994 366 5052 llic
396 4999 537 5053 dum
567 4997 626 5053 in
659 4999 844 5055 Gallis
876 5001 1133 5072 degeret,
1168 5007 1418 5057 mortem
1446 5003 1614 5068 obiit,

263 5085 540 5143 Gratiano
572 5088 692 5145 filio
724 5089 1038 5161 imperium
1072 5090 1414 5162 relinquens

261 5174 384 5230 viro
415 5183 706 5232 rectorum
738 5177 1075 5249 dogmatum
1106 5177 1422 5235 defensori.

633 5292 918 5350 VALENS
960 5293 1078 5350 AN.
1121 5294 1222 5360 III,
1263 5294 1395 5352 SEU
1435 5293 1532 5352 IV.

261 5398 514 5457 Orientis
542 5399 778 5458 interim
808 5408 1079 5473 regnator
1107 5399 1324 5458 Valens

261 5491 608 5549 Arianorum
641 5490 876 5548 deditus
908 5490 1178 5560 vesaniae,

1930 397 1986 466 Α
2195 396 2293 461 Εἷς
2328 393 2608 473 βασιλείας
2637 398 2701 454 τὸ
2730 395 2927 474 κράτος
2951 400 3278 474 προεκρίθη·

2057 485 2164 543 475
2199 486 2256 538 '0
2283 482 2329 540 δ’
2349 488 2415 555 ἦν
2449 485 2676 556 ἀπειθὴς
2707 486 2845 557 πρὸς
2877 487 2939 541 τὸ
2972 484 3214 556 δέξασθαι
3244 486 3469 562 κράτος.

2198 579 2440 652 Χριστοῦ
2474 575 2566 648 μὲν
2595 575 2754 631 αὐτὸν
2785 575 3001 647 οἰκέτην
3036 577 3169 632 εἶναι
3199 574 3399 654 λέγων,

2200 663 2298 719 Καὶ
2335 666 2410 738 μὴ
2438 669 2765 740 κραταρχεῖν
2795 660 3022 728 ἀσεϐοῦς
3052 669 3282 742 στρατοῦ
3307 664 3505 730 θέλειν

2200 754 2425 811 Τούτων
2457 752 2514 810 δὲ
2542 757 2773 826 Χριστὸν
2805 755 3219 831 ἀνακραξάντων
3253 751 3452 828 σέϐειν,

2195 843 2372 908 Εὐθὺς
2403 845 2706 912 άνεζώσατο
2732 844 2830 913 τὴν
2861 844 3224 919 κραταρχίανο

2053 935 2160 990 480
2199 933 2293 988 Καὶ
2327 933 2606 988 σπένδεται
2638 931 2696 988 δὲ
2722 939 2803 1006 τῷ
2831 937 3121 1010 κρατοῦντι
3152 931 3438 1008 Περσίδοςο

2195 1021 2298 1080 Kal
2326 1022 2419 1077 σὺν
2454 1027 2676 1098 στρατιᾷ
2703 1024 2802 1092 τήν
2835 1022 3124 1098 Ἀντιόχου
3157 1022 3358 1102 φθάσας

2195 1109 2338 1173 Τοὺς
2367 1111 2493 1186 πρὶν
2528 1109 2770 1189 φυγάδας
2797 1110 3096 1187 άρχιθύτας
3127 1113 3394 1186 ποιμένας

2189 1200 2288 1262 Εἲς
2320 1205 2468 1276 σφῶν
2503 1199 2810 1277 ἐπανήγαγε
2838 1201 3263 1276 ποιμεναρχίας,

2192 1291 2418 1354 Μεθ’ὦν
2452 1291 2761 1348 Ἀθανάσιον
2794 1285 2977 1347 ἔνθεον
3012 1290 3206 1364 θύτην,

2047 1381 2155 1436 485
2192 1379 2291 1436 Καὶ
2321 1386 2481 1434 πᾶσιν
2515 1375 2804 1456 ὲϐράϐευσε
2833 1385 2949 1441 τοῖς
2977 1379 3394 1456 Χριστωνύμοις

2187 1471 2321 1545 Ἔαρ
2341 1468 2581 1544 γαληνὸν
2616 1466 2927 1544 ὀρθοδοξίας
2958 1469 3113 1548 φάος.

2185 1557 2284 1620 Εἷς
2311 1558 2584 1634 Ἀγκυραν
2617 1556 2675 1613 δὲ
2702 1557 2990 1632 πεφθακὼς
3023 1557 3290 1620 Γαλατίας

2191 1647 2340 1703 Έκεῖ
2367 1651 2594 1717 τελευτᾷ
2625 1644 2826 1721 διάγων
2857 1645 3109 1718 ἐξαπίνης

1928 1769 1978 1836 Β
2187 1733 2386 1811 Φαγών
2415 1735 2663 1810 μύκητας
2691 1734 2989 1814 ἀρτιφυεῖς,
3021 1736 3094 1798 ὡς
3125 1733 3314 1812 λόγος,

2048 1827 2154 1883 490
2190 1827 2370 1883 Ὀκτώ
2400 1825 2692 1901 κατασχὼν
2730 1831 2904 1898 μῆνας
2936 1825 3117 1900 ἀρχὴν
3147 1825 3239 1879 καὶ
3275 1825 3494 1898 μόνουςο

2187 1916 2462 1990 Ύπῆρχεν
2496 1914 2655 1977 οὗτος
2684 1910 2912 1982 εὐσεϐὴς
2945 1915 3064 1988 μὲν,
3097 1915 3172 1976 ὡς
3199 1908 3351 1988 ἕθφν,

2188 2005 2439 2077 Χρηστὸς
2471 2003 2714 2078 γαληνὸς
2745 2003 2980 2076 εὐμενὴς
3013 2001 3305 2073 ὑπηκόοις,

2189 2090 2530 2168 Ἀναδρομήν
2565 2093 2820 2166 σώματος
2852 2091 3065 2165 εὐμήκη
3100 2091 3325 2170 φέρων,’

2192 2182 2290 2236 Καὶ
2323 2183 2664 2258 γραμμάτων
2699 2179 2757 2236 δὲ
2787 2181 3021 2256 μετρίως
3051 2181 3398 2256 γεγευμένος⁸

2049 2274 2156 2329 495
2197 2278 2441 2343 Ἥττητο
2467 2270 2514 2327 δ’
2545 2270 2699 2326 οἴνου
2721 2272 2812 2326 σὺν
2849 2269 3274 2347 ἐρωτοληψίαις⁶

2193 2361 2294 2418 Καὶ
2323 2358 2472 2416 τοῦδ’
2504 2362 2532 2415 ὁ
2561 2361 2748 2435 νεκρὸς
2777 2358 2832 2415 ἐν
2863 2357 3024 2415 πόλει
3057 2356 3341 2428 Βυζαντίδι

2193 2452 2282 2508 Ἐν
2314 2451 2500 2526 εὐαγεῖ
2517 2451 2752 2504 τέθαπτο
2781 2447 3035 2522 κηρύκων
3071 2443 3250 2521 δόμῳ.

2117 2567 2723 2626 ΟΥΑΔΕΝΩΙΝΙΔΝΟΣ
2768 2567 2881 2623 ET.
2926 2567 3033 2622 IA'.
3074 2566 3147 2622 ΟΙ
3187 2566 3291 2622 ΔΕ.
3337 2569 3437 2624 ΕΤ.
3480 2565 3517 2620 Ι⁰
3545 2603 3560 2619 .

2191 2765 2324 2822 Εἶτα
2351 2763 2630 2840 παρῆλθεν
2659 2762 2736 2826 εἷς
2772 2760 3045 2839 βασίλειον
3077 2763 3275 2838 κράτος

2192 2854 2571 2924 Δικαιοσύνης,
2605 2854 2919 2928 πραότητος
2952 2850 3016 2907 αὖ
3047 2851 3218 2914 τύπος

2048 2948 2155 3003 500
2192 2942 2636 3008 Οὐαλεντινιανὸς
2664 2937 2898 2999 εὐσεϐῶν
2930 2940 3118 3011 κλέος,

2193 3031 2454 3092 Γεννάδας
2488 3034 2646 3108 ἀνὴρ,
2680 3033 2957 3104 εὐσθενὴς,
2991 3029 3300 3107 ῥωμαλέος,

1930 3134 1975 3204 c
2193 3127 2288 3182 Ἐκ
2318 3122 2589 3185 Πανονίας
2621 3122 2860 3198 ἀρχῆθεν
2894 3121 3248 3194 ὡρμημένος,

2193 3216 2424 3289 Κράτωρ
2453 3212 2672 3289 ἀγαθὸς,
2703 3208 2960 3285 κηδεμὼν
2995 3211 3275 3281 ὑπηκόων,

2194 3303 2288 3365 Εἷς
2320 3300 2644 3371 ἀλλοδαπὴν
2677 3298 2972 3374 ἐξορισθείς
3001 3320 3106 3354 που
3140 3298 3313 3374 χθόνα

2041 3396 2152 3451 505
2193 3394 2282 3454 Ὠς
2312 3391 2629 3466 Χριστιανὸς
2656 3391 2748 3446 καὶ
2780 3390 2911 3445 Θεὸν
2942 3390 3172 3465 Χριστὸν
3205 3382 3376 3442 σέϐων

2188 3481 2494 3539 Ἱουλιανοῦ
2525 3482 2661 3556 πρὸς
2688 3473 3010 3554 Παραϐάτου
3040 3476 3230 3532 πάλαι’

2191 3572 2305 3629 Εἶτ’
2335 3570 2666 3641 ἀνακληθεὶς
2694 3569 3029 3645 χρημανίζει
3059 3561 3374 3642 τρεϐοῦνος.

2188 3661 2277 3722 Ὠς
2310 3660 2400 3714 οὗν
2435 3659 2740 3728 ἀνεζὼσατο
2769 3659 2869 3727 τήν
2897 3653 3257 3732 κραταρχίαν,

2186 3749 2458 3803 Κοινωνὸν
2491 3748 2674 3823 ἀρχῆς
2701 3747 2961 3823 σὺγγονον
2986 3740 3398 3821 προσλαμϐάνει

2040 3841 2148 3897 510
2184 3838 2406 3896 Ἀθλιον
2440 3836 2721 3896 Οὐάλεντα
2756 3836 2962 3910 μύστην
2998 3836 3236 3912 Ἀρείου’

2182 3927 2282 3982 Καὶ
2317 3933 2516 4001 μοῖραν
2549 3925 2697 3998 αὐτῷ
2729 3923 3004 4001 παραδοὺς
3025 3927 3124 3993 τὴν
3147 3927 3244 3992 τῆς
3267 3926 3404 3995 Ἕω,

2182 4017 2355 4080 Αὐτὸς
2386 4019 2660 4091 κατῆρχεν
2691 4009 2925 4076 εὐσεϐῶς
2955 4021 3054 4084 τῆς
3082 4014 3370 4088 Ἑσπέραςς

2187 4109 2465 4185 Ηεριφανῆ
2499 4105 2734 4182 τρόπαια
2761 4104 2896 4158 κατὰ
2929 4098 3222 4178 Βαρϐάρων

2189 4199 2288 4254 Καὶ
2318 4199 2472 4262 νίκας
2496 4198 2646 4258 ἱστὰς
2675 4199 2744 4269 τῇ
2769 4198 2906 4250 Θεοῦ
2936 4193 3246 4269 συμμαχίᾳο

2042 4291 2151 4347 515
2190 4289 2288 4344 Kal
2310 4288 2480 4342 πάντα
2505 4290 2677 4341 ποιῶν
2706 4286 2792 4346 οἷς
2816 4281 3130 4356 σεμνύνεται
3161 4281 3400 4359 κράτωρ,

2191 4375 2549 4444 Δικαιοσύνης
2580 4373 2635 4433 ἇς
2662 4373 2730 4426 τά
2763 4370 2997 4445 μάλιστα
3028 4371 3213 4451 φίλος,

1940 4491 1985 4556 D
2195 4463 2293 4556 Kal
2324 4460 2616 4556 δογμάτων
2635 4458 3306 4556 πρόμαχοςόρθρδσξίας,

2196 4551 2478 4621 ΙΙολυετής
2510 4571 2594 4612 τις
2625 4549 2912 4624 ἀναφανεὶς
2942 4549 2994 4606 ἐν
3027 4550 3156 4627 βίῳ,

2196 4641 2292 4697 Kal
2326 4639 2655 4716 μακαριστὸς
2684 4643 2780 4694 τοῦ
2815 4639 2934 4716 βίου
2961 4639 3050 4694 καὶ
3080 4644 3177 4694 τοῦ
3206 4638 3420 4711 τέλους,

2053 4733 2160 4789 520
2197 4728 2360 4791 Βιοὺς
2393 4726 2732 4805 ὀγδοήκοντα
2758 4735 2859 4798 τῆς
2894 4734 3038 4799 ζωῆς
3065 4730 3302 4805 χρόνους

2198 4821 2340 4896 Πρὸς
2367 4820 2613 4893 τέτρασιν
2641 4817 2706 4873 αὖ
2735 4819 2928 4882 ἐνθέως
2951 4816 3309 4892 εὐδαιμόνως,

2197 4911 2313 4988 Ἀφ’
2344 4910 2418 4963 ὧν
2450 4910 2707 4985 κατῆρξεν
2738 4905 2925 4964 ἕνδεκα
2949 4909 3309 4984 κραταρχίας·

2201 5000 2374 5061 Οὗτος
2399 5003 2626 5070 τελευτᾷ
2656 4996 2855 5074 διάγων
2890 4998 2943 5054 ἐν
2973 4997 3257 5065 Γαλλίαις,

2198 5089 2311 5162 Υἱῷ
2343 5085 2622 5150 λελοιπὼς
2651 5088 2930 5164 Γρατιανῷ
2949 5087 3013 5144 τὸ
3042 5086 3262 5163 κράτος,

2053 5180 2161 5236 525
2201 5175 2384 5254 Ἀνδρὶ
2415 5179 2697 5254 προμάχῳ
2729 5173 3014 5253 δογμάτων
3044 5174 3414 5253 ὀρθοφρόνων,

2200 5295 2478 5352 οΥΑΑΠΣ
2518 5295 2631 5350 ET.
2674 5294 2748 5350 ιν.
2779 5294 2894 5367 (17)
2936 5294 3007 5351 01
3045 5297 3130 5348 ΑΕ
3169 5295 3272 5351 ET.
3315 5293 3388 5350 A'.

2195 5403 2257 5459 Ὁ
2289 5399 2338 5456 δ’
2364 5398 2429 5455 αῦ
2459 5398 2682 5471 Οὐάλης
2717 5399 3019 5476 βασιλεύων
3049 5406 3153 5471 τῆς
3176 5405 3289 5456 Ἕω

2201 5491 2310 5547 Καὶ
2337 5490 2708 5563 καθυπαχθεῖς
2741 5490 3030 5567 ’Λρειανῶν
3067 5491 3254 5564 μανίᾳ,

330 5619 444 5692 (17)
475 5618 739 5693 Intellige
767 5623 890 5678 tres
917 5619 1007 5678 vel
1040 5622 1296 5693 quatuor
1326 5636 1512 5678 annos
1544 5623 1688 5692 post
1708 5618 2102 5681 Valentiniani
2132 5619 2329 5678 fratris
2358 5618 2605 5677 obitum.
