4086 6210
231 282 302 337 35
1444 239 1815 338 EPHBBMII
1852 281 2426 340 caaonooaarm
3567 289 3638 346 35

227 411 286 462 et
314 407 386 463 de
415 409 646 480 patrata
669 405 913 463 victoria
942 407 1246 463 certiorem
1275 405 1432 474 facit,

1902 406 1958 474 Α
2161 404 2336 466 Αὐτὸς
2370 406 2589 480 βασιλεῖ
2619 407 2816 480 μηνύει
2844 409 2912 462 τὰ
2939 414 3040 478 τῆς
3069 407 3252 482 νίκης,

227 512 523 552 summam
555 495 878 553 Gothorum
911 496 1248 568 significans
1280 494 1667 550 occidionem.

2161 493 2256 548 Καὶ
2287 494 2378 549 τὸν
2415 499 2635 559 Σκυθῶν
2669 493 2901 572 ὄλεθρον
2935 498 3045 570 ἅμα
3075 497 3166 551 καὶ
3199 497 3388 572 φόνον·

225 584 572 641 Gratianum
605 603 776 658 porro
809 591 874 641 ut
904 586 1068 642 daret
1097 584 1346 641 victoriae
1381 583 1710 655 praemium,

1708 627 1710 640 .
2157 584 2316 640 ’ΌΘεν
2354 584 2607 658 βασιλεὺς
2638 584 2716 648 εἷς
2747 581 2988 659 ἀμοιϐὴν
3018 593 3118 656 τῆς
3147 586 3321 657 νίκης,

225 673 441 746 alioqui
474 675 530 730 id
557 675 680 746 jam
712 675 1056 732 existimans
1087 676 1362 748 prodesse
1391 671 1660 744 imperio,

2157 670 2386 734 ’Ἄλλως
2409 694 2467 727 τε
2497 673 2683 746 κρίνας
2713 673 3006 751 ἐμπρέπειν
3034 676 3361 752 κραταρχίᾳ,

224 763 638 834 imperatorem
669 771 828 821 creat
856 766 1252 821 Theodosium

1901 791 1914 804 ι
2013 761 2121 817 590
2160 764 2352 837 Στέφει
2385 761 2670 818 Θεοδόσιον
2701 764 2776 826 εἰς
2814 763 3042 840 βασιλέα

224 854 404 908 totius
435 853 698 924 orientis,
731 858 787 911 et
814 853 1160 911 Macedoniae
1193 868 1260 907 ac
1289 849 1543 907 Thracia:
1569 865 1582 903 :

2155 850 2339 921 Πᾶσης
2368 852 2561 925 Ἑῴας,
2595 850 2964 922 Μακεδονίας,
2995 855 3225 929 Θρᾴκης.

224 940 453 997 occidui
489 944 690 999 mundi
723 944 893 999 terris
926 942 1167 998 serVatis
1199 941 1332 996 sibi.

2152 941 2315 1012 Αύτῷ
2345 937 2392 994 δ’
2421 940 2810 1016 ἀπεκλήρωσεν
2843 943 3105 1017 Ἐσπέρας
3135 943 3353 1006 τόπους.

224 1029 364 1086 Post
388 1031 510 1087 haac
542 1033 598 1088 in
636 1032 840 1088 Galliis
867 1032 1082 1102 degens
1117 1027 1469 1084 interﬁcitur

2153 1030 2240 1085 Ἐν
2273 1028 2537 1092 Γαλλίαις
2569 1030 2664 1085 οὖν
2701 1029 2900 1106 διάγων
2935 1032 3167 1107 ἀνῃρέθη

222 1136 256 1174 a
285 1121 432 1177 duce
462 1122 737 1192 quodam,
771 1120 1005 1175 nomine
1035 1117 1453 1190 Andragathio,

2151 1117 2280 1172 Ὑπὸ
2312 1123 2616 1194 στρατηγοῦ
2645 1117 2843 1189 κλῆσιν
2876 1119 3268 1196 Ἀνδραγαθίου

224 1210 325 1280 qui
354 1209 486 1266 dolo
519 1211 590 1264 ad
619 1209 834 1264 caedem
864 1208 993 1278 ejus
1025 1211 1329 1279 grassatus
1362 1212 1470 1274 est,
1611 1275 1616 1278 _

2006 1207 2114 1262 595
2150 1203 2308 1277 Δόλῳ
2339 1206 2774 1281 κάταπράξαντος
2802 1209 2970 1263 αὐτοῦ
2999 1209 3088 1263 τὸν
3122 1205 3309 1287 φόνον·

220 1305 536 1369 postquam
569 1315 669 1353 sex
689 1298 861 1354 annis
892 1297 1121 1353 circiter
1152 1299 1532 1368 regnaverat;

2147 1295 2243 1364 Ἓξ
2273 1316 2379 1349 που
2410 1295 2700 1370 κατασχὼν
2733 1298 2829 1366 τὴν
2867 1297 3140 1373 βασιλείαν
3175 1298 3427 1373 χρόνους.

217 1386 408 1442 bonus
438 1386 776 1458 imperator,
811 1387 1065 1459 piusque
1095 1386 1304 1441 Christi
1341 1384 1619 1442 famulus.

2148 1385 2372 1460 Κράτωρ
2404 1384 2604 1460 ἀγαθὸς
2637 1381 2866 1457 εὐσεϐὴς
2889 1391 3123 1463 Χριστοῦ
3154 1385 3368 1465 λάτρις.

455 1502 950 1559 VALENTINIAN
961 1504 1042 1557 US
1079 1502 1108 1558 J
1121 1501 1339 1558 UNIOR
1380 1501 1620 1558 ΡιΟΜΑΞ.

2102 1502 2728 1559 ΟΥΑΑΕΝΤΙΝΙΑΝΟΣ
2772 1509 2954 1561 ΝεοΣ
2995 1505 3088 1562 EN
3127 1506 3326 1574 ΡΩΜῌ
3353 1507 3487 1579 (18).

210 1609 487 1666 Gratiano
516 1611 802 1666 exstincto
829 1614 1025 1682 partes
1054 1609 1356 1680 hesperias
1389 1611 1634 1665 cunctas

2142 1605 2348 1662 Τούτου
2381 1608 2654 1677 θανόντος,
2685 1607 2842 1682 ἧρξεν
2873 1610 3134 1686 Ἑσπέρας
3165 1610 3305 1683 ὅλης

210 1697 652 1755 Valentinianus
677 1698 882 1769 junior
910 1699 1090 1754 frater
1121 1698 1288 1767 rexit,

2145 1693 2594 1758 Οὐαλεντινιανὸς
2627 1696 2890 1772 σύγγονος
2922 1699 3059 1771 νέος,

208 1787 309 1858 qui
341 1787 575 1858 quidem
609 1787 816 1842 matris
849 1787 1126 1858 deceptus
1159 1786 1543 1842 suasionibus

1886 1779 1933 1844 Β
1997 1785 2104 1840 600
2144 1785 2330 1846 Ὅστις
2361 1804 2421 1859 γε
2455 1786 2663 1860 μητρὸς
2697 1787 2961 1862 ὑπαχθεὶς
2995 1782 3356 1862 συμϐουλίαις

208 1876 458 1932 Justinae
491 1876 611 1931 Arii
642 1877 923 1948 dogmata
949 1876 1256 1948 amplexus
1284 1879 1375 1932 est
1399 1893 1411 1929 :

2145 1871 2442 1942 Ἰουστίνης
2475 1871 2718 1929 ἐδέδεκτο
2746 1872 2973 1949 δείγματ’
3005 1875 3221 1950 Ἀρείου

209 1971 386 2038 atque
421 1966 556 2020 hinc
584 1965 814 2036 piorum
853 1967 1085 2021 turbam
1113 1980 1311 2020 amare
1341 1963 1536 2020 desiit.

2141 1963 2432 2026 Κάντεῦθεν
2463 1963 2777 2037 ἀπέστεργεν
2811 1958 3048 2017 εὐσεϐῶν
3082 1964 3287 2040 στίφος·

209 2055 357 2110 Tum
390 2053 707 2110 rebellante
737 2055 994 2125 quodam
1028 2055 1175 2109 duce
1200 2053 1474 2122 Maximo,

2140 2050 2238 2105 Καί
2267 2071 2413 2111 τινος
2443 2049 2588 2121 αὐτῷ
2619 2050 2876 2122 Μαξίμου
2907 2052 3273 2126 στρατηγέτου

208 2151 264 2198 et
285 2146 412 2214 jam
443 2143 688 2200 victoria
718 2149 922 2199 contra
955 2159 1016 2198 se
1047 2144 1256 2214 potito,

2137 2137 2485 2214 Ἐπιφυέντος
2513 2136 2602 2192 καὶ
2632 2139 2950 2207 νικήσαντος
2985 2137 3164 2214 μάχῃ,

207 2230 415 2304 legatis
446 2231 647 2288 missis
677 2231 746 2287 ad
781 2231 1034 2286 Orientis
1065 2230 1392 2302 principem

1993 2227 2100 2281 605
2141 2220 2395 2300 Πρέσϐεις
2423 2227 2730 2303 πεπομφὼς
2757 2228 2894 2300 πρὸς
2922 2229 3240 2303 κρατάρχην
3267 2235 3367 2299 τῆς
3395 2232 3509 2288 Ἕω

207 2319 490 2393 inclytum
516 2320 909 2377 Theodosium
942 2319 1244 2392 suppetias
1277 2318 1439 2390 petit.

2135 2316 2398 2390 Λαμπρὸν
2430 2313 2716 2370 Θεοδόσιον
2747 2317 2882 2371 αἰτεῖ
2915 2318 3261 2393 συμμάχους.

210 2409 314 2466 Ille
344 2411 644 2482 respondit
672 2427 734 2466 se
766 2409 966 2465 mirari
1000 2409 1243 2464 minime

2133 2405 2195 2461 Ὁ
2234 2401 2280 2458 δ’
2313 2402 2378 2458 αὖ
2407 2401 2635 2475 ἐδήλου,
2673 2407 2748 2477 μὴ
2781 2407 3093 2480 τεθηπέναι,
3126 2407 3319 2482 κέγων,

201 2500 257 2555 si
289 2516 492 2556 servus
521 2499 810 2557 Maximus
840 2499 1080 2555 domino
1112 2497 1382 2570 superior
1412 2497 1608 2569 fuerit,

2137 2493 2201 2550 Εἰ
2233 2490 2429 2557 δοῦλος
2459 2492 2532 2548 ὢν
2565 2492 2814 2567 Μάξιμος
2850 2494 3003 2572 ὤφθη
3039 2493 3302 2550 δεσπότου

202 2588 518 2660 ipsumque
549 2605 736 2660 nuper
765 2589 889 2644 acie
920 2587 1356 2660 proﬂigaverit;

2135 2582 2450 2658 Ὑπέρτερός
2478 2603 2537 2637 τε
2564 2583 2654 2636 καὶ
2682 2585 2911 2653 νικητής
2942 2583 2992 2638 έν
3031 2586 3256 2658 μάχαις,

203 2677 483 2750 quoniam
513 2681 602 2748 tu,
633 2677 944 2733 Dominum
977 2682 1168 2745 tuum,
1197 2676 1406 2745 Caesar,

1989 2672 2095 2726 610
2135 2674 2243 2724 Σοῦ
2271 2668 2537 2740 δεσπότην
2570 2672 2660 2724 σὸν
2693 2672 3045 2740 ἠθετηκότος,
3074 2673 3300 2747 κράτορ,

201 2771 644 2823 exauctoratum
675 2765 914 2822 famulis
943 2780 1357 2833 connumeras,

2132 2760 2229 2813 Καὶ
2258 2757 2415 2813 τόνδε
2445 2755 2667 2822 δούλοις
2697 2761 3303 2835 συγκατηριθμηκότος,

205 2855 307 2928 qui
339 2855 578 2927 quidem
612 2854 766 2910 Patri
800 2853 1012 2911 similis
1044 2853 1380 2910 substantia
1409 2858 1518 2909 est.

2134 2847 2472 2926 Σύμμορφον
2500 2847 2627 2903 ὄντα
2650 2849 2730 2921 τῷ
2761 2847 2930 2924 Πατρὶ
2962 2849 3079 2903 κατ’
3109 2848 3318 2907 οὐσίαν.

196 2948 473 3001 Attamen
505 2943 761 3015 sumptis
789 2943 972 2999 armis
1001 2943 1320 3014 imperator

2127 2939 2321 3011 ’Ὁμως
2351 2936 2675 3012 στρατεύσας
2704 2937 2840 2992 κατά
2869 2936 3122 3010 Μαξίμου
3154 2940 3371 3016 κράτωρ

206 3033 527 3090 Maximum
553 3033 752 3106 pralio
782 3035 1128 3104 superatum
1153 3032 1365 3088 occidit
1397 3048 1412 3086 :

2130 3024 2344 3084 Ἀτεῖλε
2373 3031 2561 3082 τοῦτον
2594 3028 3003 3101 κατακρατήσας
3035 3029 3207 3104 μάχπ

197 3126 326 3177 tum
359 3123 537 3178 etiam
570 3120 966 3192 Andragathio
998 3125 1174 3192 caput
1205 3119 1469 3190 abstulit,

1872 3140 1916 3208 ρ
1991 3117 2099 3172 615
2134 3117 2232 3170 Καὶ
2263 3117 2364 3184 τὴν
2397 3115 2640 3192 κεφαλὴν
2675 3112 2721 3170 δ’
2753 3115 3137 3192 Ἀνδραγαθίου
3165 3117 3372 3190 τέμνει,

206 3227 410 3282 poenas
440 3211 513 3266 ab
544 3227 611 3265 eo
642 3216 910 3281 repetens
941 3210 1114 3265 caedis
1145 3209 1339 3282 regiae.

1884 3203 1915 3208 ἡ
2131 3203 2430 3278 Ἐκπράξας
2460 3204 2617 3259 αὐτὸν
2652 3204 2874 3268 εὐθύνας
2901 3206 2997 3268 τὰς
3025 3209 3122 3260 τοῦ
3153 3207 3339 3282 φόνου.

190 3299 296 3355 His
323 3299 505 3371 gestis
537 3301 775 3354 domum
811 3298 1123 3354 revertitur
1153 3297 1492 3369 imperator.

2124 3296 2309 3350 Ταῦτα
2339 3291 2539 3358 διαθεὶς
2570 3293 2823 3368 βασιλεὺς
2861 3295 3206 3372 ὑποστρέφει·

192 3388 303 3444 Sed
335 3404 468 3444 ecce
499 3404 704 3443 rursus
737 3385 1149 3443 Valentiniano
1173 3386 1380 3457 juveni

2125 3381 2563 3454 Οὐαλεντινιανῷ
2589 3380 2635 3437 δ’
2665 3381 2730 3436 αὖ
2759 3384 3011 3458 νεωτέρῳ

191 3475 420 3532 aulicus
449 3477 538 3531 vir
563 3475 861 3548 Eugenius
893 3474 1264 3532 adversarius
1295 3474 1522 3532 oritur:

2124 3473 2383 3548 Ἀντῆρεν
2417 3471 2678 3547 Εὑγένιος
2707 3474 2784 3535 εἴς
2815 3477 2923 3528 τὼν
2955 3471 3007 3526 έν
3036 3472 3204 3529 τέλει·

193 3581 310 3637 qua
335 3580 397 3620 re
429 3571 748 3637 comperta,
784 3569 944 3620 metu
976 3567 1281 3635 correptus
1309 3562 1501 3619 Caesar

1981 3562 2088 3617 620
2126 3561 2224 3615 Καὶ
2253 3560 2414 3636 γνοὺς
2444 3562 2507 3616 τὸ
2539 3558 2738 3637 δρᾶμα,
2771 3562 3053 3637 συσχεθεὶς
3086 3560 3211 3634 ἅναξ
3243 3559 3395 3640 φόϐῳ

187 3654 316 3726 ipse
348 3653 460 3711 sibi
494 3653 704 3724 laqueo
736 3654 915 3710 vitam
947 3653 1285 3724 interrupit.

2124 3650 2344 3707 Ἑαυτὸν
2380 3648 2635 3724 ἐξήγαγεν
2669 3649 2878 3725 ἀγχόνῃ
2913 3649 3052 3725 βίου.

222 3769 666 3826 THEODOSIUS
727 3768 1026 3826 MAGNUS
1085 3769 1203 3824 AN.
1243 3768 1420 3838 XVII,
1462 3769 1602 3825 VEL
1649 3771 1800 3826 XVI.

1990 3767 2383 3823 ΘΕΟΔΟΣΙΟΣ
2429 3766 2471 3822 Ο
2511 3767 2740 3822 ΜΕΓᾹΣ
2782 3768 2891 3823 ET.
2936 3769 3029 3837 lZ',
3072 3770 3141 3826 ΟΙ
3181 3775 3264 3828 ΔΕ
3303 3772 3408 3830 ΕΤ.
3451 3773 3541 3837 Ις’.

185 3877 257 3931 At
286 3875 654 3932 Theodosius
688 3881 992 3931 Ausonum
1023 3875 1346 3948 imperator

2127 3869 2304 3930 Ἀλλᾶ
2332 3869 2620 3935 Θεοδόσιος
2644 3871 3060 3950 αύσονοκράτωρ

185 3964 513 4037 Eugenium
545 3978 780 4037 quoque
811 3964 1001 4036 captis
1032 3964 1215 4020 armis
1245 3979 1610 4036 persequens

1554 3981 1610 4021 13
2124 3962 2573 4038 Ἐπιστρατεύσας
2603 3963 2692 4017 καὶ
2729 3961 2896 4018 πάλιν
2925 3964 3092 4040 Εὐγεν
3105 3964 3167 4038 ίῳ

183 4053 383 4125 praelio
415 4053 710 4112 devictum
738 4054 856 4110 vita
886 4053 1124 4127 spoliat,

2123 4050 2328 4107 Κτείνει
2355 4073 2414 4107 τε
2442 4056 2634 4108 τοῦτον
2667 4051 2952 4124 ἐκνικήσας
2979 4053 3029 4110 ἐν
3066 4058 3222 4132 μάχῃ

184 4158 483 4214 regnoque
514 4158 622 4198 suo
655 4148 850 4213 partes
884 4142 1183 4215 hesperias
1215 4142 1400 4217 addit.

1978 4143 2086 4198 625
2123 4140 2230 4197 Καὶ
2265 4139 2539 4217 βασιλεύει
2574 4141 2664 4196 καὶ
2701 4145 2877 4217 μερῶν
2903 4149 3006 4214 τῆς
3036 4146 3313 4222 Ἑσπέρας·

185 4233 514 4303 Antequam
545 4235 742 4287 tamen
776 4231 898 4287 haec
928 4231 1202 4303 praeclare
1232 4235 1478 4304 gereret,

2121 4230 2256 4285 Ποὶν
2287 4231 2323 4300 ἢ
2358 4228 2405 4285 δ’
2431 4229 2657 4307 ὑπάρξαι
2686 4228 2816 4287 τάδε
2838 4235 3307 4310 κατορθωμάτων,

185 4319 603 4376 Thessalonica
634 4321 694 4376 in
727 4321 872 4376 urbe
901 4322 1092 4376 Caesar
1122 4336 1386 4386 versans,

2120 4322 2277 4394 Ἀναξ
2309 4318 2531 4382 ἐπιστὰς
2563 4319 2926 4395 Θεσσαλονίκῃ
2951 4320 3109 4379 πόλει

189 4413 316 4466 orto
347 4426 451 4481 per
479 4408 762 4482 populum
795 4413 958 4465 motu
993 4409 1293 4477 seditioso,

2122 4410 2311 4481 Δήμου
2343 4410 2728 4472 στασιάσαντος
2755 4406 2805 4483 ἐξ
2839 4409 3076 4482 ἀταξίας,

189 4499 636 4556 contumeliosis
668 4499 882 4555 civium
912 4498 1083 4555 dictis
1114 4499 1240 4570 ipse
1271 4497 1526 4568 laeditur,
1581 4533 1584 4536 ~

1581 4533 1584 4536 .
1865 4513 1914 4575 ι)
2119 4492 2414 4573 Ὑϐρίζεται
2442 4498 2536 4570 μὲν
2565 4497 2722 4560 οὗτος
2755 4497 2940 4561 ἀστοῖς
2972 4498 3163 4573 ἀνέδην

187 4592 367 4660 atque
396 4589 455 4645 in
485 4587 744 4644 tumultu
777 4588 1022 4644 caeditur
1050 4588 1378 4660 praefectus.

1978 4587 2085 4643 630
2123 4585 2417 4641 Φονεύεται
2450 4583 2497 4640 δ’
2528 4585 2776 4662 ὕπαρχος
2807 4587 2860 4643 ἐν
2891 4592 2961 4655 τῇ
2991 4590 3275 4666 συγχύσει.

181 4677 312 4733 11330
338 4676 659 4749 imperator
687 4676 845 4733 haud
878 4677 1172 4733 moderate
1205 4676 1397 4731 ferens

2120 4679 2278 4731 Ταῦτ’
2307 4674 2406 4731 οὐκ
2435 4674 2665 4752 ἐνεγκὼν
2701 4678 2728 4732 ὁ
2759 4677 3072 4756 κρατάρχης
3101 4682 3322 4758 ἡμέρως

185 4770 448 4822 armatos
473 4769 678 4820 contra
707 4764 994 4838 populum
1029 4763 1279 4821 immisit
1309 4763 1546 4836 milites,

2121 4764 2424 4841 Στράτεύμ¹
2452 4767 2626 4843 ἀφῆκε
2653 4770 2732 4838 τῷ
2759 4765 2868 4839 λεῷ
2898 4767 3219 4847 ξιφηφόρον,

184 4855 283 4926 qui
315 4854 473 4910 hunc
503 4855 820 4910 crudeliter
839 4854 1051 4926 gladiis
1078 4853 1485 4924 conciderunt,

2122 4853 2224 4910 Καὶ
2252 4851 2407 4909 τόνδε
2436 4853 2762 4932 κατέσφαξαν
2797 4853 3031 4932 ἀφειδῶς
3062 4856 3222 4935 ξ’ίφει,

184 4943 269 4998 ita
299 4949 365 4998 ut
395 4944 454 4999 in
485 4947 649 4999 tanto
675 4947 1023 5016 congregato
1052 4957 1298 4998 numero

2118 4944 2204 5006 Ὠς
2237 4941 2296 4999 ἐκ
2322 4943 2584 4999 τοσούτου
2619 4944 2986 5020 μυριαρῖθμου
3017 4946 3099 5001 στί

185 5032 525 5104 quindecim
557 5032 741 5089 millia
772 5032 1078 5088 hominum
1112 5031 1412 5102 perierint.

1974 5034 2082 5090 635
2123 5033 2263 5108 Πρὸς
2295 5034 2454 5088 πέντε
2484 5039 2660 5098 θανεῖν
2690 5032 3018 5109 χιλιοστύας
3049 5033 3196 5094 δέκα.

183 5123 294 5177 Sed
326 5123 638 5179 Mediolani
673 5121 1022 5179 Ambrosius
1051 5121 1369 5192 episcopus

2122 5118 2274 5179 Ἀλλ’
2308 5117 2642 5197 Ἀμϐρόσιος
2674 5120 3032 5180 Μεδιολάνων
3067 5123 3233 5197 θύτης

183 5211 469 5267 Caesarem
503 5211 828 5267 admonens
856 5211 1004 5266 tanti
1041 5211 1344 5266 commissi
1378 5209 1639 5281 sceleris,

2115 5208 2276 5268 Τόνδ’
2307 5212 2620 5285 ἀναμνήσας
2648 5216 2746 5266 τοῦ
2775 5215 3158 5290 πεπραγμένου
3195 5213 3417 5288 μύσους,

183 5301 255 5356 ad
289 5300 690 5372 pmnitentiam
723 5300 858 5356 facti
886 5300 1045 5355 ﬂexit
1074 5299 1338 5355 animum
1377 5315 1390 5354 :

2116 5301 2349 5376 ’Ἠγαγεν
2377 5301 2538 5355 αὐτὸν
2572 5299 2650 5362 είς
2682 5299 3032 5373 συναίσθησιν
3063 5303 3289 5368 πάθους·

185 5395 308 5445 tum
343 5388 693 5462 lacrymanti
716 5388 798 5444 rei
831 5391 1173 5460 perpetratae
1200 5404 1378 5444 causa

2115 5389 2222 5445 Καὶ
2251 5388 2538 5465 πρόσφορα
2567 5387 2817 5465 κί’ρνησιν
2849 5391 2996 5464 αὑτῷ
3025 5393 3324 5471 φαρμάκων

255 5534 368 5612 (t8)
391 5532 798 5612 _Anno.s_regni
832 5536 959 5612 tum
990 5531 1254 5589 Gratiani
1285 5537 1412 5612 tum
1433 5529 1830 5612 Valentiniani
1937 5530 2285 5612 Gratianum
2341 5533 2679 5612 regnavisse
2735 5539 2869 5608 post
2914 5539 3142 5608 patrem
3183 5538 3358 5598 annis
3387 5539 3443 5612 9,
3474 5541 3591 5598 Va-

182 5603 437 5679 junio'ris
463 5605 684 5664 omittit
706 5603 1132 5678 chronologus;
1168 5607 1575 5666 verumtamen
1605 5603 1828 5664 scimus
1937 5603 2332 5664 tentinianum
2364 5603 2457 5660 17.
