4038 6214
292 246 370 304 37

330 375 447 431 640
487 368 911 445 Δακρυῤῥοοῧντι
944 372 1059 421 τῶν
1093 368 1485 445 πεπραγμένων
1521 368 1707 442 χάριν.

480 463 648 519 Οὗτος
678 454 943 532 βασιλεὺς
980 452 1213 526 εὐσεϐὴς
1244 455 1340 526 ὢν,
1382 459 1694 532 ἀρθόφρων,

477 550 744 620 Σύστημα
776 546 977 601 σεπτὸν
1012 547 1336 623 ἀρχυθυτῶν
1370 546 1562 609 ἁλίσας

476 639 614 714 Πρὸς
641 641 763 698 τοῖς
795 636 990 691 ἑκατὸν
1024 637 1114 691 καὶ
1146 640 1482 707 πεντήκοντα
1510 634 1675 691 πάλιν

481 730 757 799 Πνευματο
770 727 959 799 μάχου
989 726 1128 780 κατὰ
1157 724 1513 795 Μακεδονίου,

343 822 438 875 645
480 816 699 888 Πνεῦμα
727 815 793 869 τὸ
827 820 973 878 θεῖον
1010 815 1074 869 ού
1107 812 1360 878 σέϐοντος
1390 816 1465 878 ὡς
1498 816 1672 887 θέμις,

477 903 857 979 Συνεκρὼησε
891 901 1118 958 σύνοδον
1153 906 1251 973 τήν
1285 902 1534 980 δευτέραν
1570 923 1583 935 ”

469 996 542 1051 ’Ἡ
570 994 814 1069 συμφυὲς
846 993 909 1047 τὸ
934 998 1157 1067 Πνεῦμα
1187 994 1352 1068 Πατρὶ
1385 994 1474 1049 καὶ
1508 994 1673 1067 Λόγῳ

473 1084 705 1159 Ἀριστα
733 1083 1059 1156 τρανώσασα
1090 1082 1375 1157 σύνθρονον
1411 1084 1457 1147 θ’
1488 1083 1620 1155 ἅμα,

477 1170 687 1230 Βάλλει
722 1170 1064 1227 Μακεδόνων
1094 1171 1250 1247 ἄραῖς
1282 1170 1508 1235 ἐνδίκως

321 1265 436 1320 650
471 1267 584 1331 Τῆς
616 1259 921 1329 καθολικῆς
951 1260 1236 1334 ἐκτεμοῦσ’
1266 1260 1589 1332 Ἐκκλησίας
1622 1281 1635 1293 ·

476 1352 581 1406 Καὶ
608 1350 1002 1425 ποιμενάρχην
1036 1346 1267 1404 δεικνύει
1300 1348 1630 1419 Βυζαντίδος

475 1442 780 1515 Νεκτάριον
814 1438 1107 1512 λάμποντα
1142 1439 1245 1514 βίῳ
1274 1441 1362 1494 καὶ
1398 1439 1575 1515 Λόγῳ,

471 1531 876 1604 Χριστώνυμον
909 1530 1005 1602 μέν
1036 1527 1285 1602 ἀμύητον
1319 1526 1367 1583 δ’
1395 1529 1582 1602 εἰσέτι,

468 1622 566 1678 Ὃν
597 1621 714 1692 ἅμα
749 1618 1074 1695 βαπτίζουσι
1107 1621 1327 1693 χρίουσι
1360 1620 1525 1689 θύτην
1552 1638 1565 1652 ⁸

326 1713 437 1767 655
472 1712 589 1767 Τοῦ
622 1708 936 1782 Γρηγορίου
965 1708 1055 1762 καὶ
1088 1710 1295 1783 Πατρὸς
1329 1710 1593 1783 οεηγόρου

470 1798 829 1873 Δῦθαιρέτως
859 1818 920 1872 γε
941 1798 1032 1851 τὸν
1068 1799 1260 1871 θρόνον
1293 1795 1626 1860 λελοιπότος
1658 1817 1672 1831 ·

476 1889 646 1948 Οὗτος
675 1886 908 1957 τελευτᾷ
942 1884 1200 1960 βασιλεύς
1233 1887 1351 1940 καθ’
1380 1888 1639 1962 Ἑσπέραν

480 1979 623 2037 fici;
660 1975 889 2049 μερίσας
920 1980 1040 2036 τοῖς
1074 1972 1194 2029 δυσί
1224 1974 1556 2050 κραταρχίαν

477 2066 727 2140 Ὀνωρίῳ
764 2066 860 2137 μὲν
896 2062 1023 2125 δοὺς
1052 2062 1347 2139 κατάρχειν
1376 2064 1657 2137 Ἐσπέρας,

337 2157 437 2212 660
474 2152 752 2227 Ἀρκαδίῳ
785 2151 830 2207 δ’
863 2153 928 2207 αὖ
956 2158 1065 2207 τῶν
1102 2158 1281 2228 μερῶν
1309 2158 1415 2208 τῶν
1439 2152 1534 2219 τῆς
1565 2156 1702 2223 Ἕω,

466 2239 897 2304 Βεῦασιλευκὼς
922 2242 1056 2296 έπτὰ
1084 2242 1177 2297 καὶ
1210 2239 1338 2297 δέκα
1363 2240 1598 2317 χρόνους

462 2335 617 2403 Πρὸς
647 2334 809 2389 πέντε
842 2333 1007 2406 μησὶν
1042 2329 1302 2404 εὐσεϐῶς,
1338 2331 1677 2407 εὐδαιμόνως
1713 2350 1727 2366 ⁸

468 2425 651 2499 Ἀνὴρ
682 2424 876 2497 ἀγαθὸς
903 2422 992 2478 καὶ
1024 2424 1243 2499 κράτωρ
1272 2422 1594 2500 νικηφόρος,

476 2516 568 2586 Ti;
599 2510 647 2566 δ’
679 2508 908 2584 εὐσεϐείᾳ
935 2510 1152 2586 μᾶλλον
1185 2513 1523 2587 ὡραϊσμένος
1556 2531 1570 2545 ο

329 2606 443 2659 665
480 2602 586 2660 Καὶ
615 2602 752 2657 κίον’
781 2603 936 2664 οὗτος
972 2600 1023 2656 ἐν
1048 2602 1185 2665 Βοὸς
1212 2600 1398 2678 τεύχει
1424 2600 1582 2674 τόπῳ
1617 2603 1727 2675 (19)
1753 2622 1768 2638 ο

475 2690 853 2768 ’Δνδρείκελον
887 2693 1121 2769 φέροντα
1149 2694 1247 2746 τοῦ
1280 2688 1631 2765 δειμαμένου.

816 2809 1154 2865 ΑΡΚΑΔΙΟΣ
1186 2809 1300 2865 ΕΤ.
1333 2808 1434 2867 ΙΔ’.

465 2910 766 2990 ’Λρκάδιος
792 2919 920 2991 γοῦν
949 2909 1284 2989 παραλαϐὼν
1315 2914 1379 2969 τὸ
1408 2915 1606 2990 κράτος

462 3010 686 3059 Διεῖπεν
718 3004 847 3059 αὐτὸ
876 3003 1235 3077 πλημμελῶς
1263 3004 1353 3059 καὶ
1388 3002 1644 3080 ῥᾳθύμως
1678 3021 1691 3037 ⁶

459 3095 665 3162 Νωθής
693 3092 821 3169 γὰρ,
854 3092 1186 3167 εύρίπιστος,
1220 3089 1293 3147 ὢν
1320 3091 1623 3165 ἀνειμένος,

324 3186 424 3241 670
464 3183 576 3241 Καὶ
605 3186 678 3257 τῇ
707 3182 919 3257 γυναικὶ
950 3182 1126 3237 πάντα
1152 3180 1673 3256 προσπεπεισμένος,

461 3271 774 3348 Τρικυμίας
805 3267 1013 3341 ἔπλησε
1035 3271 1136 3339 τὴν
1171 3269 1523 3341 Ἐκκλησίαν,

466 3361 638 3433 Αὐτῷ
670 3358 728 3415 δὲ
765 3363 1001 3434 μέμψεις
1031 3358 1392 3432 προύξένησεν
1418 3357 1663 3423 ἐνδίκους
1698 3380 1711 3395 ·

468 3449 780 3524 Νεκταρίου
810 3449 913 3524 γὰρ
947 3448 1384 3524 έκμετρήσαντος
1409 3448 1550 3525 βίον,

480 3539 711 3616 ’Δχθεῖς
741 3540 771 3593 ὁ
802 3542 1039 3614 χρυσοῦς
1068 3537 1121 3593 ἐν
1155 3536 1343 3611 λόγοις
1373 3536 1631 3609 Ἰωάννης

340 3633 447 3688 675
484 3629 581 3699 Ἐξ
613 3627 907 3703 Ἀντιόχου
935 3627 1074 3703 πρὸς
1103 3626 1266 3682 πόλιν
1304 3625 1579 3703 βασιλίδα,

474 3716 703 3787 Ταύτης
732 3718 1035 3793 καθωράῖσε
1062 3716 1153 3771 τὸν
1186 3716 1381 3789 σεμνὸν
1411 3715 1599 3793 θρόνον
1630 3734 1645 3749 ⁶

482 3804 648 3865 Ἀλλ’
678 3809 713 3876 ἡ
750 3806 965 3880 βασιλὶς
992 3802 1195 3867 ἀδίκως
1227 3802 1464 3876 Εὔδοξία

476 3898 809 3969 Μυσήσασα,
844 3897 973 3969 φεῦί
1008 3894 1190 3959 ἐνθέου
1219 3894 1522 3971 παρρησίας

474 3987 587 4042 Τὸν
618 3988 725 4040 τῶν
758 3988 951 4059 ψυχῶν
982 3983 1144 4053 ἥλιον
1170 3981 1314 4057 ἄξιον
1352 3984 1544 4058 θρόνου

328 4078 439 4135 680
476 4074 707 4145 Τίθησιν
734 4072 1004 4149 ἐξόριστον
1041 4072 1093 4128 ἐν
1120 4078 1237 4137 τοῖς
1264 4071 1543 4145 Κομάνοις
1577 4092 1592 4110 -

476 4164 861 4233 ’Δντικαθιστᾷ
892 4159 939 4217 δ’
970 4162 1254 4238 Ἀρσάκιον
1286 4157 1595 4237 πρεσϐύτην
1628 4182 1640 4195 ·

479 4251 655 4313 Οὗτος
689 4250 941 4326 βασιλεὺς
967 4250 1018 4306 ἰν
1052 4250 1233 4325 Θρᾴκῃ
1265 4250 1433 4319 κτίζει
1463 4249 1650 4321 πόλιν,

476 4342 579 4397 ⁸Ἡν
612 4337 907 4415 Α’ρκαδίου
938 4338 1135 4401 πάντες
1170 4334 1357 4409 ᾅδουσι
1389 4338 1576 4398 πόλιν.

478 4427 582 4483 Καὶ
611 4427 745 4482 κίον’
775 4428 1053 4503 ἀνήγειρεν
1077 4426 1129 4482 έν
1160 4425 1456 4504 ξηρολόφῳ

322 4520 437 4575 685
476 4516 705 4587 Στήλην
738 4515 849 4571 ἅνω
880 4518 1113 4595 φέροντα
1140 4521 1237 4571 τοῦ
1273 4513 1628 4591 δειμαμένου.

476 4607 617 4676 Ἔτη
656 4602 711 4660 δῖε
733 4605 870 4679 πρὸς
900 4604 1152 4681 τέσσαρσι
1182 4604 1444 4681 κατάρξας
1474 4603 1623 4680 δέκα,

471 4701 573 4748 Ὧν
602 4689 826 4765 εὐσεϐής
855 4714 964 4765 τις,
996 4691 1309 4768 ὀρθοδοξίας
1343 4692 1525 4773 φίλος,

474 4782 703 4845 Ἀλλως
737 4781 793 4838 δέ
819 4785 1020 4862 κοῦφος
1057 4783 1336 4860 εὐάγωγος
1364 4785 1456 4840 τὸν
1483 4787 1713 4861 τρόπον,

476 4874 731 4942 Νοστξσας
764 4870 974 4944 ἐξέλιπε
1003 4874 1095 4928 τὸν
1129 4874 1363 4951 φθαρτὸν
1402 4874 1542 4948 βίον.

625 4990 1015 5047 ΘΕΟΔΟΣΙΟΣ
1053 4991 1096 5048 Ο
1131 4994 1311 5048 ΝΕΟΣ
1352 4994 1463 5048 ET.
1498 4993 1628 5049 MB’.

318 5100 433 5155 690
477 5096 579 5151 Καὶ
612 5101 742 5159 παῖς
773 5094 1063 5159 Θεοδόσιος
1090 5100 1249 5174 ἄρχει
1276 5102 1372 5152 τοῦ
1403 5098 1634 5172 κράτους

473 5186 679 5259 Πραῢς,
708 5186 1016 5259 προσηνὴς,
1050 5182 1301 5260 εὐσεϐὴς,
1336 5188 1577 5263 χρηστὸς
1608 5189 1865 5265 τρόπους,
1938 5226 1943 5231 ,

470 5273 797 5350 Ἐγκύκλιον
825 5272 1107 5330 παίδευσιν
1141 5277 1195 5331 εὗ
1226 5275 1563 5350 ἠσκημένος,

466 5364 827 5437 Μαθημάτων
862 5362 1007 5441 ἴδρις
1036 5386 1094 5419 τε
1122 5373 1224 5436 τῆς
1256 5365 1603 5443 τετρακτύος,

467 5454 573 5510 Καὶ
602 5453 914 5523 πλαστικῆς
944 5455 1008 5509 αὗ
1039 5455 1130 5510 καὶ
1158 5462 1428 5534 γραφικῆς
1454 5454 1737 5531 τεχνίτης,

1838 235 2206 293 CESABES.

1988 367 2042 432 Α
2072 361 2350 417 idoneum
2378 361 2561 434 culpae
2591 362 2701 418 rite
2732 362 3053 419 remedium
3086 366 3353 423 contulit.

2069 451 2183 505 Rex
2214 450 2309 505 hic
2342 467 2445 520 pro
2473 468 2581 507 sua
2606 451 2817 523 pietate
2849 456 2905 506 et
2937 451 3279 510 orthodoxia

2070 538 2388 609 praesulum
2420 541 2813 595 venerandum
2845 546 3059 596 emtum
3087 557 3472 615 congregans,

2070 632 2304 685 centum
2336 629 2603 685 videlicet
2633 634 2688 685 et
2718 629 3150 701 quinquaginta
3180 631 3440 703 Patrum,

2070 719 2350 773 adversus
2382 717 2785 774 Macedonium
2818 719 2920 789 qui
2952 719 3219 776 divinum

2068 806 2351 877 Spiritum
2385 807 2580 865 debito
2613 808 2833 863 honore
2865 825 2982 864 non
3014 810 3258 879 colebat,

2069 895 2387 950 secundam
2420 898 2826 952 celebrandam
2859 898 3083 953 curavit
3107 900 3396 970 synodum
3431 917 3445 956 :

2069 1001 2195 1055 quae
2224 985 2377 1040 Patri
2406 1002 2471 1041 ac
2503 986 2686 1042 Verbo
2715 987 2994 1057 Spiritum
3024 988 3310 1046 definiens

2070 1074 2289 1131 honore
2321 1093 2539 1147 parem,
2572 1081 2785 1133 natura
2814 1078 3015 1134 eadem
3052 1080 3384 1150 praeditum,

2070 1164 2298 1219 devovit
2326 1166 2728 1222 Macedonium
2753 1167 2935 1236 justis
2970 1168 3117 1222 diris

2071 1258 2250 1324 atque
2280 1270 2414 1309 eum
2448 1254 2735 1311 catholica
2766 1256 2991 1327 pepulit
3021 1256 3297 1313 Ecclesia.

2069 1341 2330 1414 Byzantii
2361 1361 2495 1399 vero
2524 1344 2835 1417 praesulem
2860 1345 3080 1417 delegit

2069 1430 2404 1487 Nectarium
2439 1432 2641 1505 lingua
2672 1438 2729 1489 et
2761 1434 3025 1489 moribus
3056 1434 3372 1504 eluentem,

2069 1519 2474 1577 Christicolum
2507 1523 2767 1593 quidem,
2802 1523 2903 1578 sed
2936 1523 3199 1579 nondum
3229 1524 3530 1583 initiatum
3565 1543 3580 1584 :

2071 1608 2367 1680 baptizant
2396 1627 2531 1683 ergo
2563 1611 2739 1667 simul
2773 1617 3128 1683 sacrantque
3158 1614 3497 1687 episcopum
3524 1637 3539 1685 ;

2071 1700 2351 1769 quoniam
2381 1699 2697 1774 Gregorius
2729 1706 2905 1758 Pater
2935 1702 3248 1775 theologus

2071 1788 2183 1844 hac
2203 1795 2389 1846 semet
2409 1794 2547 1847 sede
2568 1796 2779 1864 sponte
2808 1793 3177 1863 deposuerat.

2070 1877 2190 1933 Rex
2209 1880 2304 1935 hic
2336 1880 2622 1951 hesperiis
2647 1882 2896 1937 moritur
2925 1882 2985 1937 in
3017 1883 3213 1951 terris,

2069 1969 2301 2025 duobus
2324 1970 2582 2040 partiens
2615 1970 2819 2027 liberis
2850 1971 3166 2044 imperium
3197 1990 3210 2041 ;

2067 2056 2318 2114 Honorio
2352 2061 2590 2130 quidem
2623 2065 2817 2132 partes
2842 2062 3118 2118 occiduas
3142 2063 3424 2120 tribuens.

2065 2144 2287 2201 Orienti
2309 2149 2625 2205 Arcadium
2656 2150 2967 2206 dominum
2997 2151 3321 2223 praeficiens
3346 2172 3361 2221 ;

2063 2239 2378 2308 postquam
2401 2243 2744 2310 regnaverat
2774 2240 2946 2295 annis
2979 2242 3397 2311 septemdecim

2064 2338 2196 2379 cum
2230 2325 2490 2397 quinque
2523 2327 2828 2383 mensibus
2854 2328 3101 2384 feliciter
3122 2333 3179 2385 et
3198 2330 3292 2402 pie
3327 2346 3340 2386 :

2062 2412 2150 2468 vir
2176 2431 2317 2471 sane
2347 2416 2618 2488 egregius
2649 2421 2704 2472 et
2734 2417 3008 2489 princeps
3039 2419 3405 2491 victoriosus,

2060 2503 2164 2558 sed
2196 2504 2409 2573 pietate
2440 2510 2636 2561 tamen
2671 2507 2858 2563 multo
2891 2507 3250 2566 rutilantior.

2064 2593 2119 2647 Is
2148 2596 2205 2648 et
2234 2592 2573 2650 columnam
2603 2595 2803 2667 posuit
2828 2596 2888 2651 in
2918 2596 3089 2653 Bovis
3120 2596 3267 2666 loco,

2058 2685 2391 2751 gestantem
2424 2683 2582 2756 regis
2612 2689 2869 2742 statuam
2903 2687 3162 2743 auctoris
3192 2687 3307 2744 sui.

2534 2800 2891 2858 ARCADIUS
2932 2802 3053 2858 AN.
3093 2802 3237 2859 XIV.

2058 2907 2340 2963 Arcadius
2365 2906 2543 2979 igitur
2572 2907 2756 2964 haeres
2786 2909 3019 2980 imperii
3050 2909 3241 2967 factus

2056 2996 2208 3053 male
2234 2996 2383 3053 illud
2416 2998 2591 3070 coepit
2615 3012 2814 3070 gerere
2842 3003 2899 3053 et
2928 2999 3252 3055 socorditer
3271 3017 3290 3055 :

1976 3108 2020 3177 ρ
2060 3086 2236 3143 hebes
2266 3086 2446 3157 enim,
2476 3086 2768 3143 versatilis
2798 3091 2855 3142 et
2886 3087 3191 3159 remissus,

2067 3180 2127 3232 et
2156 3180 2369 3231 cuncta
2400 3175 2596 3231 uxoris
2623 3175 2824 3230 sinens
2853 3174 2912 3229 in
2946 3175 3212 3244 arbitrio,

2061 3265 2372 3321 turbarum
2404 3262 2690 3320 ﬂuctibus
2721 3263 2917 3320 obruit
2948 3263 3291 3334 Ecclesiam,

2064 3354 2296 3427 sibique
2321 3355 2549 3426 justam
2583 3354 2808 3426 peperit
2837 3353 3165 3413 infamiam.

2062 3443 2330 3517 Namque
2360 3444 2461 3501 ubi
2484 3443 2789 3501 Nectarius
2818 3443 3065 3517 explevit
3083 3444 3211 3502 vitae
3242 3462 3507 3521 cursum,

2065 3551 2245 3591 aurea
2271 3535 2474 3606 lingua
2504 3535 2782 3607 praeditus
2810 3535 3068 3591 Joannes

2063 3624 2372 3680 Antiochia
2400 3625 2711 3680 deducitur
2739 3625 2810 3681 ad
2846 3624 3052 3680 urbem
3075 3625 3320 3698 regiam,

2066 3717 2131 3769 ut
2160 3713 2339 3785 hujus
2370 3730 2598 3771 sacram
2629 3712 2853 3770 scilicet
2884 3717 3050 3770 ornet
3079 3716 3300 3774 sedem.

2064 3802 2172 3859 Sed
2205 3802 2362 3858 enim
2394 3806 2647 3875 angusta
2677 3806 2882 3858 contra
2911 3802 2998 3858 fas
3028 3802 3289 3860 Eudoxia

2067 3908 2289 3959 sacros,
2315 3891 2430 3948 heu
2456 3890 2468 3946 !
2505 3906 2714 3963 perosa
2743 3889 2962 3947 liberos
2995 3907 3319 3962 sermones,

2066 3980 2247 4037 solem
2279 3981 2634 4050 animarum,
2668 3980 2825 4035 sedis
2862 3980 3127 4050 apprime
3156 3980 3425 4052 dignum,

2065 4070 2331 4128 exsulem
2363 4068 2529 4142 pellit
2560 4083 2748 4139 usque
2787 4067 2858 4123 ad
2892 4067 3095 4122 urbem
3118 4069 3375 4125 Comana
3397 4114 3414 4141 ,

2064 4159 2297 4231 ipsique
2327 4157 2627 4214 Arsacium
2659 4163 2799 4211 natu
2826 4157 2949 4227 jam
2981 4157 3264 4227 grandem
3297 4158 3541 4217 sufﬁcit.

2066 4248 2185 4305 Rex
2215 4247 2309 4303 hic
2338 4247 2397 4301 in
2423 4245 2668 4301 Thracia
2696 4244 2961 4300 condidit
2992 4245 3199 4302 urbem
3230 4246 3416 4316 illam,

2065 4353 2244 4409 quam
2273 4334 2702 4406 Arcadiopolim
2730 4333 2905 4406 vulgo
2934 4339 3202 4392 vocatam
3231 4337 3547 4397 cernimus.

2065 4428 2220 4484 Idem
2243 4427 2577 4484 columnam
2608 4424 2806 4494 posuit
2836 4425 2896 4480 in
2926 4426 3283 4499 Xerolopho,

2066 4517 2386 4575 conditoris
2416 4516 2508 4574 sui
2539 4515 2710 4588 signo
2744 4515 3138 4588 superposito.

2063 4608 2350 4681 Regnavit
2380 4610 2575 4663 autem
2609 4606 2810 4661 decem
2842 4620 2973 4660 cum
3007 4610 3266 4677 quatuor
3294 4608 3465 4666 annis
3491 4627 3506 4680 ;

2060 4696 2149 4753 vir
2177 4712 2317 4753 sane
2346 4694 2481 4767 pius
2515 4697 2690 4765 atque
2711 4692 3070 4749 orthodoxiae
3103 4698 3312 4765 tenax;

2062 4785 2204 4841 levis
2234 4783 2453 4855 alioqui
2485 4782 2726 4856 ingenii,
2760 4781 2959 4838 varius
2990 4799 3057 4838 ac
3087 4784 3389 4842 mutabilis
3416 4804 3430 4851 ;

2062 4874 2384 4945 implicitus
2410 4874 2470 4928 in
2503 4872 2775 4928 morbum
2807 4871 2925 4927 vita
2958 4873 3195 4929 mortali
3226 4876 3422 4930 cessit.

2322 4987 2772 5045 THEODOSIUS
2810 4987 3071 5043 JUNIOR
3110 4988 3231 5047 AN.
3272 4989 3442 5046 XLII.

2060 5097 2285 5170 Excipit
2312 5096 2625 5167 imperium
2658 5094 2813 5149 ﬁlius
2831 5094 3218 5165 Theodosius,

2062 5187 2224 5244 mitis
2256 5185 2529 5250 affabilis,
2562 5184 2693 5254 pius
2726 5183 3175 5256 commodisque
3206 5187 3493 5256 moribus,

2062 5276 2354 5350 encyclica
2372 5273 2638 5329 doctrina
2659 5276 2813 5329 recte
2835 5272 3141 5341 exercitus,

2063 5362 2512 5436 disciplinarum
2545 5364 2800 5431 quatuor
2831 5361 2977 5415 bene
3005 5361 3218 5427 sciens,

2062 5454 2338 5527 plastices
2370 5451 2611 5522 insuper
2642 5454 2811 5522 atque
2838 5449 3079 5522 picturas
3109 5466 3349 5523 gnarus.

347 5584 446 5657 (19
466 5581 670 5640 Locus
699 5581 986 5638 nimirum
1018 5581 1179 5639 urbis
1207 5582 1536 5655 Byzantines
1564 5583 1757 5641 dictus
1778 5583 1902 5640 Bos.
1928 5582 2138 5642 Zonar.
2168 5577 2319 5649 XIV,
2350 5578 2403 5632 4.
