4038 6214
216 266 269 321 il
1779 266 2133 323 CBSARES.

387 389 655 463 Ἀρπαγὲν
688 388 840 464 ἄφνω
870 383 1099 442 παιδίον
1130 389 1267 463 πρὸς
1287 388 1419 461 ἆέρα

242 482 348 538 755
390 479 613 533 Πάντων
650 476 970 550 βλεπόντων
996 478 1082 531 καὶ
1117 476 1240 531 λἰαν
1276 472 1701 551 θαμϐουμὲνων,

391 570 529 627 Μεθ’
550 568 741 635 ἱκανὴν
775 562 920 640 ὣραν
954 564 1014 622 δὲ
1042 568 1309 641 και-ταχθὲν
1342 565 1511 621 πάλιν

391 660 536 734 Ἔφη
568 654 848 728 μυηθῆναί
878 676 941 730 γε
977 658 1052 729 μὴ
1082 657 1435 731 προστιθέναι

391 748 468 804 Τὸ
496 744 823 819 όταυρωθεὶς
853 745 995 820 πρός
1028 745 1179 819 ῥῆμα
1210 743 1279 799 δι’
1306 748 1453 818 ἡμᾶς
1484 743 1662 821 λέγων

391 833 492 907 Τῷ
515 833 779 910 τρισαγίῳ
806 833 900 887 καὶ
935 829 1219 906 σεϐασμίῳ
1250 833 1426 906 ’ὑμνιιν

249 928 353 983 760
392 924 600 980 Τούτου
635 922 1000 995 μεταστάντος
1036 920 1093 977 δὲ
1123 924 1259 997 πρὸς
1290 921 1467 985 Θείους
1495 921 1644 990 νόας,

391 1010 693 1086 Προεδρίαν
728 1010 927 1087 εἴληφε
953 1018 1056 1081 τῆς
1089 1012 1495 1066 Κωνσταντίνου

396 1097 769 1178 Πρεσϐύτερός
800 1121 885 1163 τις
918 1096 1230 1163 Φλαϐιανὸς
1260 1100 1444 1170 ἀξίως,

396 1192 696 1265 Πρόμαχος
727 1188 909 1260 όρθῶν
939 1186 1228 1264 δογμάτων
1264 1188 1612 1259 Ἐκκλησίας·

395 1281 575 1355 Οὗπερ
599 1279 855 1343 θανόντος
888 1277 1131 1333 λακτίσει
1164 1277 1463 1353 Διοσκόρου

252 1373 362 1428 765
400 1371 489 1423 Ἐν
523 1368 786 1443 λῃστρικῇ
818 1388 878 1422 τε
904 1367 997 1421 καὶ
1035 1370 1233 1443 φονικῇ
1264 1364 1478 1439 συνόδῳ

398 1457 575 1528 Θύτης
602 1456 923 1519 Ἀνατόλιος
953 1454 1371 1529 Ἀλεξανδρείας

398 1546 609 1625 Εἷληφε
631 1548 805 1601 Θῶκον
842 1546 984 1622 ἱερὸν
1021 1542 1326 1620 βασιλίδος.

398 1637 569 1697 Οὗτος
600 1634 888 1696 Θεοδόσιος
919 1633 1339 1710 αὐσονοκράτωρ

400 1727 494 1780 Καὶ
528 1731 721 1800 τεῖχος
755 1725 1003 1800 ἀνήγειρε
1032 1728 1293 1798 χερσαῖον
1318 1720 1479 1777 πόλει

264 1818 359 1870 770
395 1818 490 1869 Ἐκ
517 1815 631 1869 τῶν
660 1813 990 1888 Βλαχερνῶν
1032 1812 1107 1874 εἰς
1137 1811 1316 1875 πύλας
1343 1811 1438 1873 τὰς
1469 1809 1731 1884 Χρυσὲας,

391 1903 638 1979 Τοῧργον
666 1901 902 1977 περάνας
934 1900 985 1955 ἐν
1018 1898 1137 1955 δυσὶ
1175 1900 1312 1973 μησὶ
1350 1899 1563 1972 μόνοις,

396 1988 623 2065 Σπουδῇ
649 1992 699 2067 γ’
730 1990 976 2066 ἐπάρχου
1006 1989 1097 2045 καὶ
1128 1988 1381 2065 συνεργίᾳ
1410 1987 1609 2061 Κύρου⁸

394 2081 705 2155 ’Δγαμὲνου
736 2077 921 2152 δήμου
951 2077 1009 2133 δὲ
1038 2081 1212 2154 Κῦρον
1242 2082 1343 2133 τοῦ
1370 2078 1599 2152 τάχους,

398 2171 491 2223 Καὶ
526 2170 679 2224 ταῦτ’
709 2168 1096 2239 ἀνακράξαντει
1127 2166 1180 2221 ἐν
1210 2165 1512 2243 παῤῥησίᾳ,

268 2262 365 2314 775
398 2263 807 2319 Κωνσταντῖνὸς
844 2259 940 2330 μὲν
975 2255 1152 2311 ἔκτισε
1179 2255 1307 2331 πρὶν
1335 2256 1436 2324 τὴν
1469 2254 1653 2328 πόλιν,

287 2385 304 2397 .
402 2350 637 2404 ’Δνανεοῖ
665 2350 840 2423 Κῦρος
874 2343 933 2400 δὲ
963 2350 1083 2413 νῦν,
1113 2346 1397 2421 προθυμίᾳ

406 2436 591 2509 Ταύτῃ
619 2435 898 2513 οθονηθείς
928 2434 1174 2489 ἐκπεσὼν
1202 2441 1330 2504 τῆνς
1356 2432 1529 2504 ἀξίας,

414 2522 735 2593 Ἐκκλησίας
760 2522 1022 2599 πρόεδρος
1055 2518 1209 2599 ὤφθη
1248 2522 1596 2598 Σμυρναίων·

420 2614 506 2667 Καὶ
538 2612 870 2688 Πουλχερίαν
903 2613 1066 2675 οὗτος
1099 2610 1340 2690 ἀδελφὴν
1381 2610 1547 2687 φίλην

280 2700 382 2757 780
413 2706 523 2756 Τῶν
555 2701 845 2777 βασιλείων
872 2697 1118 2757 ἐκϐαλὼν
1152 2702 1228 2765 ὡς
1258 2699 1358 2756 οὐκ
1385 2697 1492 2756 ἔδει

406 2791 528 2853 Ταῖς
559 2791 865 2862 ύποθήκαις
901 2791 1167 2866 βασκάνου
1199 2790 1512 2866 Χρυσαφίου

401 2880 485 2935 Ἐν
522 2878 748 2955 ἑβδόμῳ
775 2880 991 2950 τίθησιν
1024 2878 1510 2955 ἐγκεκλεισμένην,

400 2967 696 3041 Φροντίδος
722 2969 892 3039 αὐτὴν
924 2969 1267 3030 καταπαύσας
1288 2988 1433 3043 πραγ
1444 2966 1650 3040 μάτων⁶

395 3057 570 3120 Μόλις
603 3056 664 3113 δὲ
692 3058 866 3119 συνεὶς
893 3059 984 3112 τὸν
1017 3056 1213 3135 φθόνον
1247 3056 1583 3133 Χρυσαφίου,

266 3147 369 3202 785
398 3148 570 3203 Αύτὸν
607 3148 702 3220 μὲν
734 3147 1005 3220 ἐξόριστον
1041 3144 1265 3208 ἐνδίκως
1296 3141 1447 3220 ἔδρα,

402 3238 515 3305 Τὴν
548 3236 811 3311 σύγγονον
836 3233 894 3291 δὲ
922 3230 1256 3310 προσλαϐὼν
1287 3232 1440 3299 αὖθις
1471 3235 1623 3308 νέμει

402 3323 678 3399 Φροντίδα
705 3331 903 3381 κοινῶν
933 3323 1068 3399 τῇδε
1092 3325 1430 3400 πραγμάτων
1464 3322 1632 3379 ὃλων⁶

398 3415 568 3477 Οὗτος
602 3417 837 3485 νοσήσας
868 3413 1083 3487 ἐξέλιπε
1108 3415 1201 3469 τὸν
1242 3414 1380 3489 βίον.

398 3507 491 3567 ’Ὡς
515 3525 667 3578 φασι,
703 3503 856 3579 βιοὺς
886 3505 1221 3573 πεντήκοντά
1259 3525 1365 3559 που
1396 3504 1650 3579 χρόνους,

262 3594 370 3647 790
406 3595 530 3656 Καθ’
562 3592 654 3655 οὓς
687 3589 882 3668 σχεδὸν
907 3599 1156 3668 κατῆρχε
1184 3592 1315 3655 τοὺς
1346 3594 1584 3667 χρόνους
1614 3590 1801 3653 ὅλους.

671 3709 1091 3764 ΜΑΡΚΙΑΝΟΣ
1133 3712 1228 3762 ετ.
1276 3709 1315 3776 ξ
1359 3708 1433 3770 ς’.

404 3811 673 3880 Σκῆπτρα
706 3798 1010 3877 μεταϐαίνει
1044 3801 1102 3859 δέ
1133 3805 1270 3877 πρὸς
1314 3802 1658 3879 Πουλχερίαν

404 3896 644 3970 Τρόποις
678 3894 902 3967 ἀγαθοῖς
932 3894 1017 3947 καὶ
1051 3898 1274 3966 σεμνοῖς
1307 3892 1713 3966 κοσμουμένην,

401 3987 479 4057 Τῇ
507 3981 556 4038 δ’
582 3977 831 4053 εὐσεϐείᾳ
856 3981 1118 4057 παρθενία
1146 3985 1191 4035 τ’
1229 3979 1294 4036 αὖ
1324 3980 1517 4038 πλέον.

404 4074 471 4129 Ἠ
504 4073 810 4145 Μαρκιανὸν
842 4069 1010 4147 ἄνδρα
1038 4072 1281 4147 χρηστὸν
1306 4070 1436 4135 τοὺς
1461 4072 1719 4145 τρόπους,

260 4164 374 4219 795
411 4163 641 4235 Σεμνὸν,
672 4162 927 4236 γεραρὸν,
957 4161 1211 4236 σώφρονα
1231 4162 1319 4215 καὶ
1354 4155 1662 4236 πρεσϐύτην

409 4252 503 4307 Ἐκ
532 4253 875 4323 στρατιωτῶν
912 4254 1301 4324 προσκαλεῖται
1331 4252 1566 4325 ταχέως,

408 4338 503 4393 Καὶ
532 4336 673 4409 τῷδε
703 4335 869 4407 δηλοῖ
900 4341 997 4392 τοῦ
1025 4339 1341 4414 κρατάρχου
1386 4338 1478 4392 τὸν
1516 4336 1706 4412 μόρον·

409 4427 507 4481 Καὶ
539 4446 719 4503 φησιν’
756 4425 827 4483 Ei’
855 4446 947 4499 μοι
978 4425 1159 4482 πίστιν
1188 4426 1406 4504 ἀσφαλῆ
1439 4425 1629 4499 νέμοις

412 4517 497 4578 Ὠς
526 4515 815 4589 παρθενίας
846 4519 944 4589 τῇς
976 4514 1115 4589 ἐμῇς
1147 4515 1346 4593 φύλαξ,

252 4606 373 4662 800
408 4608 611 4679 ’Πνπερ
642 4605 952 4679 καθιέρωσα
981 4606 1200 4681 Χριστῷ
1226 4605 1465 4682 νυμφίῳ,

411 4692 601 4765 Στέψω
632 4692 856 4768 βασιλέα
884 4714 940 4748 σε
965 4699 1067 4768 τῇς
1094 4691 1426 4766 Ῥωμαῗδος,

411 4784 524 4838 Τοῦ
556 4779 602 4835 δ’
632 4779 697 4836 αὗ
729 4783 1152 4847 κατανεύσαντος
1182 4782 1438 4859 ἀσφαλῶς
1465 4778 1609 4852 τόδε,

408 4869 813 4928 Μετακαλεῖται
846 4870 1060 4946 βασιλὶς
1090 4872 1418 4947 ἀρχιθύτην,

410 4961 552 5020 Τοὺς
580 4959 631 5014 ἐν
659 4959 831 5032 τέλει,
862 4958 1197 5035 σύγκλητον,
1231 4959 1372 5015 ἄλλο
1402 4980 1461 5015 τε
1492 4960 1700 5039 στίφος,

251 5051 373 5106 805
412 5049 512 5102 Καὶ
542 5050 853 5122 Μαρκιανὸν
886 5055 1093 5104 ταινιοῖ
1121 5048 1355 5125 κράτους
1378 5048 1578 5127 στέφει,

413 5138 511 5191 Καὶ
541 5138 794 5211 κράτομα
823 5135 1059 5192 δείκνσσι
1088 5142 1193 5208 τῆς
1222 5136 1548 5211 Ῥωμαῒδος,

411 5227 506 5296 Τῷ
535 5222 582 5279 δ’
612 5226 960 5301 αἰχμαλώτῳ
990 5225 1395 5304 χρηματίσαντι
1427 5224 1597 5282 πάλαι

414 5315 610 5387 Θέρους
644 5315 899 5371 ὑπνοῦντι
931 5317 1067 5391 πρὸς
1099 5314 1280 5393 φλόγα
1306 5318 1406 5385 τήν
1440 5313 1629 5384 ἡλίου,

414 5400 523 5455 Σὺν
553 5402 939 5477 αἰχμαλώτοις
971 5402 1221 5460 πλείοσιν
1254 5399 1447 5478 ἕρκους
1492 5403 1673 5477 μέσον,

246 5494 371 5551 810
412 5490 819 5567 Ἑπιγαταπτὰς
853 5493 1008 5557 ἀετὸς
1040 5494 1195 5549 σκιὰν
1228 5491 1377 5569 ἔδρα·

406 5580 479 5643 Ὀ
506 5580 665 5654 γνοὺς
702 5580 979 5658 ἐθνάρχης
1006 5580 1154 5639 τόνδ’
1186 5584 1214 5638 ὁ
1243 5582 1474 5653 κατένων
1504 5578 1693 5645 πέδαις

574 5703 848 5766 Pauor.
897 5703 1005 5766 Gn.
1057 5704 1319 5767 CXLIII.

1901 415 1957 478 Α
1986 391 2269 463 abreptus
2299 394 2496 449 subito
2519 411 2665 466 puer
2693 395 2752 449 in
2787 410 2999 464 aerem,

1987 481 2216 536 cunctis
2236 482 2659 553 aspicientibus
2688 482 2911 554 ingenti
2943 485 3181 553 stupore
3211 482 3472 553 percitis,

1860 618 1877 627 -
1984 575 2119 640 post
2146 570 2521 626 intervallum
2552 572 2851 627 modicum
2886 572 3075 627 denuo
3109 573 3291 627 redux

1982 659 2128 713 dixit
2156 659 2443 715 divinitus
2466 661 2577 715 sibi
2613 661 2929 716 revelatum

1984 764 2057 802 ne
2086 748 2388 817 cruciﬁxus
2411 765 2513 804 vox
2543 749 2859 804 adderetur

1981 838 2105 891 voci
2134 852 2232 908 pro
2261 839 2417 893 nobis
2448 838 2687 908 trisagio
2717 838 2778 892 in
2810 838 3049 909 hymno.

1981 925 2180 980 Proclo
2212 927 2283 981 ad
2313 943 2599 998 supernos
2631 926 2895 982 evolante
2925 926 3167 997 spiritus

1981 1014 2382 1086 episcopatum
2416 1016 2579 1071 urbis
2611 1016 2976 1071 Constantini

1985 1103 2191 1159 merito
2214 1104 2467 1160 obtinuit
2497 1106 2581 1159 vir
2612 1121 2789 1161 senex
2814 1105 3121 1161 Flavianus

1982 1210 2261 1249 sanorum
2297 1194 2560 1249 Ecclesiae
2588 1195 2931 1267 dogmatum
2956 1195 3226 1251 defensor
3257 1211 3271 1249 :

1983 1298 2158 1354 quem
2192 1283 2289 1336 ubi
2324 1283 2537 1339 occidit
2559 1283 2819 1340 calcibus
2843 1284 3158 1340 Dioscorus

1979 1371 2311 1427 latrocinali
2344 1372 2404 1427 in
2438 1374 2661 1444 synodo
2685 1377 2950 1441 cruenta,

1980 1460 2343 1516 Alexandria
2378 1463 2591 1534 praesul
2622 1463 2934 1519 Anatolius

1980 1565 2209 1606 sacram
2242 1550 2407 1607 urbis
2436 1553 2607 1623 regiae
2642 1555 2844 1608 sedem
2877 1554 3199 1624 occupavit.

1979 1644 2155 1694 Porro
2187 1639 2507 1710 imperator
2535 1640 2644 1695 iste
2675 1641 3035 1697 Theodosius

1978 1730 2253 1782 terrestre
2284 1743 2514 1798 quoque
2545 1746 2782 1784 murum
2807 1730 3078 1787 excitavit

1901 1784 1947 1849 Β
1981 1816 2144 1871 urbis
2175 1830 2208 1871 a
2238 1784 2571 1873 Blachernis
2602 1818 2672 1872 ad
2709 1784 3240 1889 portamituream,

1981 1921 2129 1976 opus
2158 1904 2215 1959 id
2250 1921 2483 1961 menses
2511 1906 2668 1960 intra
2701 1906 2849 1961 duos
2879 1922 3170 1979 peragens

1979 1992 2289 2049 sedulitate
2316 1997 2370 2048 et
2397 1994 2592 2049 studio
2624 1995 2883 2065 praefecti
2916 1996 3078 2067 Cyri;

1977 2082 2148 2152 cujus
2180 2082 2478 2137 demirans
2510 2082 2866 2139 celeritatem
2902 2085 3155 2156 populus

1978 2174 2150 2240 atque
2180 2170 2273 2227 his
2304 2172 2583 2228 audacter
2611 2173 2808 2229 verbis
2841 2174 3234 2242 succlamans,

1977 2261 2397 2317 Constantinus
2433 2263 2637 2318 urbem
2669 2264 2970 2334 quondam
3004 2265 3287 2331 condidit,

1975 2350 2158 2420 Cyrus
2190 2367 2343 2405 nunc
2374 2356 2652 2419 renovat;
2677 2352 2859 2423 hujus
2892 2370 3071 2410 causa
3094 2354 3342 2426 plausus

1973 2444 2214 2495 vocatus
2241 2440 2299 2494 in
2332 2440 2614 2495 invidiam
2640 2443 2825 2513 gradu
2868 2443 3103 2511 excidit,

1974 2532 2234 2600 Smyrnae
2262 2544 2424 2601 aeque
2456 2530 2667 2601 praesul
2697 2532 2870 2587 datus
2901 2537 2990 2587 est
3020 2533 3311 2589 Ecclesiae.

1975 2617 2135 2673 Idem
2155 2616 2521 2674 Theodosius
2552 2618 2925 2675 Pulcheriam
2958 2637 3215 2677 sororem

1976 2706 2155 2778 regali
2186 2705 2420 2777 pulsam
2453 2712 2657 2763 contra
2688 2707 2776 2763 fas
2808 2708 3044 2779 palatio,

1975 2794 2213 2851 consilis
2245 2794 2466 2851 scilicet
2492 2796 2670 2850 invidi
2692 2797 3061 2869 Chrysaphii,

1967 2883 2150 2954 jussit
2170 2888 2236 2939 ut
2267 2884 2469 2939 clausa
2497 2885 2713 2940 viveret
2735 2886 2792 2953 in
2825 2886 3122 2942 Hebdomo

1975 2973 2133 3027 omni
2166 2973 2501 3045 reipublicae
2533 2974 2763 3045 negotio
2795 2974 3119 3030 abstinens.

1973 3061 2079 3116 Vix
2106 3062 2341 3117 demum
2374 3062 2595 3116 invidia
2626 3061 2860 3131 cognita
2888 3062 3263 3134 Chrysaphii,

1900 3144 1943 3211 C
1981 3150 2135 3204 hunc
2161 3150 2396 3219 quidem
2428 3148 2639 3204 merito
2674 3149 2849 3204 trusit
2878 3149 2936 3204 in
2966 3149 3269 3219 exsilium;

1970 3253 2260 3309 germana
2282 3254 2414 3293 vero
2446 3241 2720 3292 revocatas
2752 3238 2943 3293 denuo

1974 3342 2270 3382 summam
2302 3328 2446 3398 reip.
2479 3328 2796 3398 regendam
2829 3328 3092 3383 tradidit.

1976 3418 2108 3487 Ipse
2138 3422 2454 3487 occupatus
2482 3416 2686 3471 morbo
2716 3415 2895 3472 vitam
2929 3417 3171 3487 clausit,

1977 3521 2185 3574 annos,
2217 3514 2279 3560 ut
2307 3504 2495 3572 aiunt,
2528 3510 2702 3560 natus
2732 3505 3180 3577 quinquaginta,

1978 3611 2126 3666 quos
2157 3609 2363 3649 omnes
2385 3592 2565 3648 ferme
2594 3593 2784 3665 exegit
2812 3595 2872 3649 in
2904 3595 3175 3667 imperio.

2260 3708 2675 3764 MARCIANUS
2714 3710 2828 3764 AN.
2873 3710 2945 3766 VI
2986 3711 3196 3766 MENS.
3239 3711 3335 3766 VI.

1980 3806 2213 3863 Devenit
2242 3811 2437 3862 autem
2471 3811 2767 3876 sceptrum
2796 3808 2866 3861 ad
2898 3806 3268 3863 Pulcheriam

1981 3896 2244 3952 moribus
2274 3894 2519 3966 egregiis
2550 3895 2849 3967 inclytam,
2878 3898 2977 3950 sed
3010 3896 3201 3968 magis

1981 3986 2194 4057 pietate
2223 3984 2284 4038 in
2314 3983 2498 4039 Deum
2524 3988 2699 4053 atque
2729 3983 3069 4054 virginitate
3099 4003 3112 4039 :

1981 4092 2108 4146 quae
2139 4074 2498 4130 Marcianum
2532 4074 2679 4128 bene
2712 4078 3005 4127 moratum
3037 4074 3232 4129 virum

1983 4163 2286 4236 pudicum,
2316 4161 2728 4229 venerabilem,
2753 4163 2954 4232 etjam
2977 4179 3178 4219 senem

1981 4268 2012 4307 e
2041 4250 2249 4307 castris
2280 4250 2626 4305 festinanter
2656 4250 2727 4303 ad
2762 4266 2826 4305 se
2855 4258 3043 4307 vocat.

1982 4344 2039 4395 et
2068 4341 2138 4395 de
2168 4338 2413 4395 Caesaris
2459 4338 2620 4393 obitu
2648 4338 2957 4395 certiorem
2988 4340 3149 4396 facit.

1983 4430 2133 4484 Tum
2166 4427 2249 4483 ait
2280 4444 2292 4483 :
2326 4426 2383 4481 Si
2414 4427 2651 4499 quidem
2682 4427 2828 4482 mihi
2860 4430 3115 4501 spondes
3149 4428 3417 4495 firmiter,

1906 4505 1953 4570 D
1984 4523 2042 4573 te
2074 4516 2363 4572 castitatis
2396 4532 2535 4571 mea:
2577 4517 2880 4571 custodem
2917 4518 3057 4586 fore,

1985 4621 2163 4676 quam
2196 4620 2301 4677 ego
2329 4603 2559 4659 Christo
2584 4604 2817 4673 jambiu
2850 4604 3203 4674 consecravi,

1990 4693 2235 4751 Romani
2268 4692 2496 4763 imperii
2527 4684 2834 4747 dominum
2864 4697 2920 4749 te
2945 4694 3172 4749 faciam.

1992 4782 2101 4849 Qui
2129 4785 2442 4855 postquam
2474 4780 2705 4836 ﬁrmam
2740 4782 2877 4853 ejus
2907 4782 2990 4838 rei
3022 4783 3193 4839 fidem
3228 4783 3465 4855 obtulit,

1993 4875 2195 4945 regina
2225 4871 2495 4944 protinus
2525 4876 2692 4927 vocat
2721 4873 3237 4946 archyprassulem,

1996 4963 2399 5033 magistratus,
2432 4965 2723 5032 senatum,
2758 4962 3052 5034 aliamque
3080 4964 3312 5020 turbam

1994 5050 2472 5117 Marcianumque
2503 5049 2738 5105 redimit
2768 5052 2928 5123 regni
2959 5057 3291 5123 stemmate,

1998 5144 2056 5196 et
2077 5143 2475 5194 Romanorum
2508 5138 2924 5209 imperatorem
2955 5151 3129 5198 creat.

2001 5229 2150 5285 Huic
2182 5226 2319 5283 olim
2355 5228 2583 5298 captivo
2616 5244 2681 5282 ac
2703 5228 3019 5285 dormienti

2003 5334 2138 5373 cum
2172 5315 2303 5373 aliis
2335 5316 2693 5387 concaptivis
2726 5316 2785 5371 in
2814 5322 2979 5389 septo
3012 5318 3223 5389 medio,

2008 5405 2235 5462 aestivas
2268 5404 2391 5461 sole
2415 5404 2715 5475 jaculante
2749 5406 3038 5474 ﬂammas,

2012 5494 2293 5552 advolans
2325 5494 2523 5567 aquila
2554 5496 2824 5551 umbram
2858 5496 3137 5568 praebuit:

2015 5585 2169 5657 quod
2204 5600 2338 5641 cum
2372 5583 2646 5641 rescisset
2669 5584 2943 5641 dominus
2974 5584 3152 5655 hujus
3183 5583 3442 5655 regulus,

3297 5703 3338 5761 2
