4086 6210
239 320 316 374 45

426 442 529 503 Ὃς
560 438 929 517 γνωματεόων
967 441 1042 515 μὴ
1074 446 1241 496 κινεῖν
1270 439 1499 515 βασιλέα

426 532 665 608 Ἔφασκε
697 528 808 585 δεῖο
840 530 986 585 ὅπλα
1015 551 1072 585 τε
1101 531 1191 585 καὶ
1228 531 1414 606 μάχην
1444 528 1592 593 ὅλως

428 623 529 678 ’Ἂν
630 618 855 675 δυνατὸν
890 618 1099 696 ἤρεμον
1139 622 1288 695 βιοῦν
1323 620 1461 694 βίον.

283 744 472 794 ΛΕΘΝ
511 740 555 793 ι)
595 740 830 794 ΜΕΓΑΣ
873 739 1043 795 ΠΤΟΙ
1096 741 1141 795 Ο
1179 739 1574 795 ΜΔΚΕΛΛΗΣ
1616 738 1728 794 ET.
1769 738 1873 795 IH'.

426 925 645 982 Τούτου
678 922 935 989 θανόντος
966 925 1056 978 καὶ
1093 923 1451 996 μεταστάντος
1487 923 1630 999 βίου,

280 1018 391 1070 875
430 1014 608 1075 Εὐθὺς
636 1012 916 1089 παρῆλθεν
948 1012 1026 1075 εἷς
1062 1012 1340 1087 βασίλειον
1364 1012 1563 1088 κράτος

431 1101 646 1173 Κλῆσιν
682 1105 830 1158 Λέων
862 1124 947 1164 τις
977 1103 1066 1156 καὶ
1098 1102 1398 1171 Μακέλλης
1430 1102 1757 1175 τούπίκλην,

433 1194 570 1260 Ἀνὴ
580 1212 608 1264 ρ
640 1192 838 1267 ἀγαθὸς
867 1192 1071 1267 ἀρετῶν
1098 1190 1505 1265 πεπλησμένος,

431 1281 689 1337 Minuta
721 1278 992 1358 φιλοίκτῳ
1024 1278 1082 1335 δὶ
1106 1282 1581 1356 κατηυγασμένος,

435 1372 667 1446 Κράτωρ
700 1369 950 1444 ἀριστεὺς
981 1371 1071 1424 καὶ
1104 1371 1364 1445 μαχητὴς
1397 1367 1679 1445 γεννάδας,

279 1464 392 1519 880
430 1462 683 1535 ’Βχθρῶν
711 1459 924 1514 κλονῶν
957 1458 1240 1537 φάλαγγας
1271 1460 1452 1535 ὥσπερ
1482 1481 1565 1522 τις
1596 1458 1757 1517 λέων.

431 1550 628 1623 Σειράν
660 1548 853 1625 γένους
886 1546 1088 1614 ἄνωθεν
1118 1546 1298 1603 ’έΛκων
1332 1549 1391 1604 ἐκ
1422 1549 1635 1625 Θρᾴκης

434 1642 508 1695 Ἦ
540 1638 630 1693 καὶ
663 1642 875 1707 Δακῶν,
910 1639 983 1699 ὥς
1012 1638 1137 1713 φασί
1166 1659 1329 1709 τινες,
1364 1638 1422 1693 ἆκ
1444 1639 1653 1714 γένους,

434 1728 592 1797 Ύπέρ
604 1746 783 1802 μαχος
815 1729 1103 1802 κράτιστος
1138 1724 1476 1801 όρθοδοξίας,

440 1817 541 1872 Καὶ
575 1814 818 1889 δαψιλής
845 1837 927 1878 τις
957 1815 1177 1892 ἀπόρων
1212 1817 1547 1893 χορηγέτης·

301 1908 410 1964 885
447 1905 655 1963 Εῗωθεν
692 1906 852 1966 οὗτος
884 1905 1253 1979 γνωματεύειν
1286 1906 1375 1959 καὶ
1407 1903 1611 1980 λέγειν,

444 1997 537 2057 Ὠς
570 1992 734 2063 ἥλιος
761 1994 967 2070 πέφυκε
996 1993 1302 2069 θερμαίνειν
1337 1991 1491 2055 ὅλοις

446 2086 540 2145 Οἷς
567 2080 628 2137 ἂν
662 2083 842 2160 ἐπαφῇ
868 2084 966 2145 τὰς
997 2085 1214 2157 φαεινάς
1245 2083 1488 2151 ἀκτῖνας,

450 2174 559 2229 Τὸν
593 2172 754 2226 αὐτὸν
788 2173 941 2244 οἶμαι
976 2169 1085 2227 δεῖν
1123 2171 1350 2247 βασιλέα
1372 2172 1575 2246 τρόπον

449 2263 548 2323 Οἷς
580 2260 639 2315 ἂν
673 2255 1016 2335 έπιϐλέψειεν
1048 2261 1351 2336 ἀνθρώπων
1382 2260 1593 2337 γένους,

297 2354 408 2408 890
451 2356 603 2429 Σφᾶς
634 2351 816 2421 ἀξιοῦν
850 2348 1036 2405 οἷ’κτου
1066 2371 1124 2405 τε
1154 2348 1513 2427 φιλοδωρίας.

450 2441 568 2516 Πρὸ
597 2444 695 2494 τοῦ
724 2445 1017 2514 κατασχεῖν
1042 2437 1200 2501 οὗτος
1232 2439 1413 2515 ἀρχὴν
1440 2440 1528 2494 καὶ
1554 2439 1754 2513 κράτος

446 2532 688 2603 ’Ἂσπαρι
722 2525 883 2600 δεινῷ
914 2533 1019 2582 τῶν
1060 2529 1195 2602 μέγα
1227 2526 1533 2601 δυναμένων

454 2624 495 2671 ’1
514 2617 776 2692 πόσχεσιν
806 2614 1009 2672 δέδωκε
1037 2615 1144 2672 τῶν
1178 2615 1387 2672 παίδων
1415 2614 1509 2671 ἕνα

458 2708 558 2769 Εἷς
591 2708 913 2783 καισαρικήν
942 2705 1094 2777 ἀξίαν
1125 2701 1484 2783 προϐιϐάσαι·

304 2799 415 2853 895
455 2796 607 2849 Ἐπεὶ
642 2793 689 2848 δ’
718 2788 1013 2865 ἐπιϐέϐηκε
1042 2801 1140 2864 τῆς
1170 2794 1473 2870 αὐταρχίας

452 2887 671 2959 Ἀσπαρ
705 2884 899 2958 ἀπῄτει
931 2886 1031 2953 τὴν
1063 2885 1223 2959 χάριν
1263 2884 1397 2957 μετᾶ
1440 2883 1576 2958 βίας·

456 2974 555 3028 Καὶ
588 2970 927 3050 πορφυρίδος
953 2970 1105 3027 τοῦδ’
1137 2970 1365 3034 ἀναιδῶς
1390 2974 1660 3046 ἡμμένος,

456 3060 853 3139 Ψευδηγορεῖν,
886 3061 1133 3140 ἔφασκεν,
1169 3062 1231 3116 οὐ
1264 3063 1467 3138 χρεὼν,
1498 3060 1643 3132 ἅναξ,

451 3152 559 3208 Τὸν
587 3149 754 3222 τήνδε
785 3149 1041 3227 λαμπράν
1066 3148 1358 3229 πορφυρίδ⁹
1390 3150 1718 3224 ἐνημμένον.

302 3242 414 3297 900
453 3240 617 3296 Ἀλλ’
650 3237 775 3295 οὐδὲ
802 3239 967 3295 πάλιν
1003 3234 1340 3309 ἐκϐιάζεσθαι
1371 3236 1489 3293 δέον

454 3333 554 3391 ’Ὡς
586 3349 711 3384 τινα
739 3326 958 3400 δοῦλον,
989 3328 1283 3402 ἀντεπῆγεν
1318 3329 1345 3383 ὁ
1374 3329 1613 3403 κράτωρ,

452 3420 564 3475 Τὸν
598 3419 837 3492 ἀρχικήν
870 3421 1139 3495 φοροῦντα
1169 3417 1426 3492 λαμπράν
1458 3413 1740 3491 χλαμύδα·

453 3507 628 3569 Οὸτος
662 3508 889 3579 συνῴκει
918 3510 1133 3583 γαμετῇ
1163 3509 1231 3579 τῇ
1266 3506 1474 3582 Βηρίνῃ

454 3599 526 3654 Ἥ
560 3595 657 3651 δύο
686 3596 855 3651 τίκτει
892 3595 1111 3671 βασιλεῖ
1142 3596 1456 3671 θυγατέρας,

306 3690 425 3744 905
461 3688 571 3755 Τὴν
604 3683 916 3760 Ἀριάδνην,
948 3682 1196 3760 δευτέραν
1228 3684 1501 3740 Λεοντίαψ

460 3780 559 3829 Ὧν
588 3772 849 3848 Ἀριάδνη
882 3776 1091 3845 Ζήνωνι
1123 3772 1386 3848 συνεζύγη

462 3860 650 3938 Ἀνδρὶ
684 3860 916 3919 δυσειδεῖ
946 3863 1038 3917 καὶ
1065 3862 1300 3937 κακίστῳ
1330 3862 1455 3925 τοὺς
1487 3866 1743 3937 τρόπους,

462 3953 721 4008 Ἕλκοντι
754 3952 933 4026 σειρὰν
965 3956 1062 4006 τοῦ
1093 3954 1281 4026 γένους
1313 3950 1364 4022 ἐξ
1397 3950 1671 4027 Ἰσαύρων,

461 4042 777 4117 Μαρκιανὸς
808 4038 853 4095 δ’
886 4039 980 4118 ἔγη
993 4062 1059 4114 με
1086 4042 1185 4110 τὴν
1210 4040 1463 4095 Λεοντίαν

310 4136 425 4190 910
465 4130 758 4204 Ἀνθεμίου
789 4135 916 4192 παῖς
953 4129 1378 4205 βασιλεύσαντος
1399 4131 1642 4203 Ῥώμης.

464 4220 680 4277 Τοῦτου
712 4218 1120 4293 βασιλεύοντος,
1155 4219 1206 4274 ἐν
1242 4217 1485 4295 βασιλίδι

466 4311 715 4385 Πυρκαϊά
740 4330 825 4372 τις
856 4304 1052 4378 συνέϐη
1089 4308 1357 4386 φρικαΛέα

468 4400 564 4453 Ἐκ
590 4405 691 4468 τῆς
722 4399 859 4473 πρὸς
890 4397 1085 4472 ἄρκτον
1116 4396 1367 4475 ἁλμυρᾶς
1396 4397 1473 4461 εἰς
1498 4399 1745 4473 θατέραν,

468 4488 648 4561 Πυρὸς
682 4485 1050 4558 διαζώσαντος
1080 4486 1131 4543 ἐν
1170 4487 1319 4560 μέσῳ
1348 4486 1536 4553 πόλιν,

318 4580 431 4635 915
474 4578 577 4633 Καὶ
610 4576 1026 4651 πυρπολοῦντος
1056 4574 1223 4647 τῆσδε
1252 4574 1509 4652 λαμπρὰς
1541 4575 1741 4646 οἰκίας,

470 4664 661 4721 Τάλλα
691 4687 748 4720 τε
778 4666 952 4721 πάντα
980 4666 1071 4720 καὶ
1104 4661 1433 4739 σεϐασμίους
1467 4662 1670 4739 δόμους

473 4755 601 4812 Ἐπὶ
631 4755 923 4830 τετρακτὺν
956 4758 1181 4830 ἡμερῶν
1216 4752 1501 4809 άνενδότω’

473 4843 552 4917 Τῇ
591 4841 637 4897 δ’
668 4845 965 4920 Ἀντιόχου
992 4845 1081 4899 καὶ
1111 4842 1347 4923 σφοδρὸς
1379 4850 1483 4919 γῆς
1510 4865 1594 4906 τις
1622 4840 1817 4902 κλόνος

476 4929 706 5005 Συμϐἀς
737 4934 1138 5009 κατηρείπωσεν
1174 4933 1339 5002 αὐτὴν
1375 4932 1641 5009 ἐσχάτωςο

324 5026 437 5080 920
474 5024 644 5092 ’Υσθη
678 5020 878 5084 σποδὸς
910 5021 966 5078 δὲ
1001 5023 1150 5096 μάλα
1178 5021 1368 5091 πολλή
1501 5022 1662 5076 πόλει

477 5111 573 5173 Εἷς
609 5110 878 5187 ἐμψύχων
911 5114 1150 5167 κάκωσιν
1186 5112 1261 5174 εἰς
1294 5115 1517 5186 καρπῶν
1547 5110 1747 5187 φθίσινο

478 5204 574 5256 Ἐκ
601 5198 755 5255 τοῦδ’
785 5202 813 5255 ὁ
844 5205 1057 5275 κρατῶν
1094 5203 1375 5277 συσχεθεὶς
1412 5200 1617 5275 ἀγωνίᾳ

478 5289 648 5345 Πόλιν
682 5289 990 5363 λελοιπὼς,
1014 5290 1065 5344 ἐν
1101 5289 1398 5366 βασιλείοίς
1439 5287 1633 5361 δόμοις

484 5376 619 5436 Οὗσι
651 5379 758 5450 πρὸ
789 5383 1017 5454 τειχῶν,
1050 5378 1309 5457 ἀσφαλῶς
1339 5380 1404 5447 ἦν
1438 5374 1659 5451 διάγων.

347 5470 458 5524 925
497 5468 615 5542 Ἐφ’
640 5466 810 5545 οὗπερ
841 5467 1002 5538 ἐσθὴς
1026 5465 1454 5544 Μητρανάνδρου
1485 5462 1760 5538 Παρθένου

493 5560 589 5615 Ἐκ
614 5562 717 5625 τῆς
752 5560 902 5613 Σιών
932 5578 990 5613 τε
1020 5558 1110 5613 καὶ
1141 5556 1517 5627 Παλαιστίνης
1540 5556 1715 5611 τόπου

496 5649 643 5725 Πρὸς
669 5649 769 5717 τὴν
809 5644 1203 5723 βασιλεύουσαν
1240 5646 1469 5720 ἀχθεῖσα
1496 5643 1658 5699 πόλιν

1823 320 2187 378 CESARES.

1937 444 1993 512 Α
2022 445 2211 517 Hujus
2240 454 2509 506 sententa
2539 452 2669 524 fuit,
2706 460 2768 509 ut
2798 471 2895 511 rex
2926 473 3233 527 nunquam

2025 539 2340 594 commotis
2374 539 2556 597 armis
2587 541 2808 599 bellum
2840 543 3175 617 lacesseret,

2025 626 2075 680 si
2106 627 2341 699 quidem
2374 635 2573 701 posset
2603 631 2780 688 vitam
2815 635 3077 705 quietam
3108 638 3336 709 degere.

2147 751 2284 807 LEO
2316 755 2609 811 MAGNUS
2648 757 3144 886 CfENg‘hIIIIIEINTO
3186 760 3552 818 MACELLES

2027 929 2319 985 Marciano
2350 930 2530 987 vitam
2565 932 2893 1005 deserente,
2926 944 2987 991 ut
3021 936 3301 1006 diximus,

2029 1019 2230 1074 statim
2264 1022 2523 1091 perVenit
2554 1023 2624 1076 ad
2658 1027 3009 1094 potestatem
3045 1026 3285 1097 regiam,

2030 1108 2265 1163 nomine
2293 1112 2404 1164 Leo
2437 1110 2700 1181 quidam,
2730 1113 3072 1183 cognomine
3102 1113 3392 1184 Macelles,

2028 1198 2117 1253 vir
2147 1198 2337 1254 bonus
2369 1205 2425 1254 et
2455 1201 2771 1257 virtutibus
2804 1204 3165 1270 redundans,

2031 1286 2439 1343 misericordia
2468 1294 2663 1344 tamen
2696 1291 2989 1363 praecipue
3020 1298 3283 1362 ornatus,

2031 1378 2308 1448 princeps
2333 1378 2604 1449 egregius
2638 1383 2695 1434 et
2724 1380 2971 1435 bellator
2999 1392 3297 1449 strenuus,

2031 1464 2294 1521 hostium
2329 1472 2591 1523 catervas
2622 1470 2894 1539 quatiens
2929 1486 3134 1542 reapse
3165 1476 3231 1527 ut
3260 1471 3370 1527 leo.

2031 1552 2134 1609 Hic
2165 1554 2449 1611 oriundus
2479 1573 2509 1613 e
2538 1557 2785 1613 Thracia
2814 1559 2945 1625 fuit,

2033 1642 2123 1697 vel
2153 1643 2467 1713 Dacorum,
2502 1650 2566 1700 ut
2595 1648 2837 1716 quidam
2869 1649 3120 1717 malunt,
3156 1666 3386 1721 genere,

2036 1732 2399 1788 fortissimus
2432 1735 2702 1790 defensor
2731 1736 3114 1804 orthodoxiae,

1954 1814 2002 1878 B
2034 1821 2234 1892 egenis
2261 1820 2462 1893 largus
2494 1823 2897 1879 subsidiorum
2932 1826 3229 1895 praebitor.

2039 1909 2226 1979 Hujus
2258 1910 2318 1964 in
2353 1927 2450 1965 ore
2482 1927 2633 1982 szspe
2663 1914 2957 1968 sententia
2988 1918 3114 1968 erat
3145 1929 3160 1969 :

2038 1998 2126 2054 sol
2161 1998 2246 2053 uti
2277 1998 2424 2055 solet
2451 2016 2656 2055 omnes
2688 2000 3001 2057 calefacere

2041 2088 2259 2157 quibus
2308 2090 2566 2143 ostendit
2604 2088 2986 2161 splendidum
3022 2091 3222 2147 lumen
3254 2108 3431 2149 suum
3469 2109 3482 2147 :

2040 2175 2124 2231 sic
2155 2192 2217 2231 se
2246 2176 2542 2247 arbitrari,
2575 2194 2772 2249 regem
2808 2183 3078 2251 oportere

2041 2280 2425 2336 quoscunque
2458 2266 2727 2322 homines
2758 2268 2973 2323 intuitu
3008 2270 3368 2339 lustraverit,

2041 2368 2141 2409 eos
2174 2353 2487 2410 clementia
2518 2354 2575 2409 in
2610 2357 2782 2412 donis
2815 2358 3125 2429 impertiri.

2040 2442 2146 2497 Hic
2177 2442 2338 2513 prius
2367 2459 2546 2514 quam
2579 2445 2769 2501 adiret
2801 2446 3144 2517 imperium,

2039 2530 2252 2603 Aspari
2282 2531 2498 2587 illustri
2532 2533 2802 2605 Optimati
2846 2534 3075 2591 homini

2042 2636 2227 2675 unum
2257 2637 2320 2676 se
2350 2622 2708 2692 promiserat
2737 2639 2805 2679 ex
2835 2625 2965 2694 ejus
3004 2624 3206 2681 liberis

2043 2709 2114 2763 ad
2147 2708 2496 2779 dignitatem
2524 2713 2769 2767 Caesaris
2801 2718 3231 2783 promoturum.

2040 2800 2169 2852 Mox
2193 2814 2325 2853 cum
2353 2797 2670 2870 imperium
2707 2801 3071 2857 obtinuisset
3104 2802 3240 2871 Leo,

2044 2886 2102 2940 id
2134 2887 2483 2943 beneficium
2504 2890 2693 2959 Aspar
2725 2890 2774 2943 vi
2812 2891 3081 2962 exigebat
3113 2908 3125 2944 :

2043 2975 2183 3046 quin
2216 2976 2591 3046 impudenter
2622 2994 2947 3049 purpuram
2982 2979 3106 3048 ejus
3138 2983 3410 3049 tangens,

2043 3063 2209 3119 Haud
2240 3064 2347 3118 tibi
2375 3064 2531 3130 licet,
2562 3065 2777 3136 inquit,
2811 3082 2929 3133 rex,
2965 3068 3139 3121 fidem
3184 3066 3408 3136 fallere,

1965 3179 2007 3245 Ο
2044 3169 2177 3208 cum
2203 3153 2299 3245 sis.
2325 3153 2444 3245 hac
2465 3152 2771 3245 splendida
2801 3171 3059 3245 purpura
3083 3154 3352 3245 vestitus.

2039 3240 2217 3313 Atqui
2248 3240 2510 3295 vicissim
2538 3240 2700 3296 nefas
2737 3246 2847 3308 est,
2881 3247 2945 3297 ut
2976 3242 3195 3298 famulo

2040 3331 2158 3386 vim
2192 3328 2339 3384 mihi
2371 3329 2593 3399 inferri,
2620 3331 2925 3401 respondit
2959 3332 3302 3402 imperator,

2043 3420 2145 3491 qui
2177 3418 2485 3491 principali
2513 3418 2821 3491 chlamyde
2854 3420 3186 3491 praefulgeo.

2044 3508 2190 3565 Huic
2219 3513 2343 3563 erat
2362 3510 2571 3578 juncta
2600 3508 2825 3579 nuptiis
2854 3510 3086 3579 Verina,

2046 3615 2173 3669 quas
2205 3598 2352 3652 duas
2384 3597 2502 3667 regi
2538 3596 2687 3652 ﬁlias
2718 3598 2889 3652 enixa
2916 3602 3005 3653 est
3039 3616 3052 3652 :

2047 3702 2262 3742 nomen
2294 3685 2395 3739 uni
2419 3686 2692 3753 Ariadna,
2727 3687 3013 3742 Leontina
3043 3688 3231 3743 alteri.

2049 3775 2125 3830 Ex
2156 3773 2249 3829 his
2278 3773 2528 3828 Ariadna
2552 3774 2762 3845 juncta
2792 3775 3011 3831 Zenoni
3047 3776 3158 3830 fuit

2050 3866 2201 3920 fmda
2228 3863 2351 3919 viro
2383 3864 2529 3919 facie
2561 3868 2618 3919 et
2663 3865 2928 3921 moribus
2959 3866 3257 3938 pessimis,

2052 3953 2152 4025 qui
2178 3954 2385 4008 seriem
2421 3968 2489 4006 ex
2521 3952 2743 4008 Isauris
2776 3955 3029 4009 ducebat
3057 3954 3307 4026 generis.

2055 4042 2355 4098 Leontiam
2387 4041 2720 4096 Marcianus
2753 4042 2977 4113 accepit
3009 4044 3321 4114 conjugem

2058 4132 2215 4186 filius
2249 4129 2551 4185 Anthemii
2583 4130 2683 4200 qui
2719 4130 2915 4185 Romae
2950 4131 3251 4203 regnabat.

2057 4218 2246 4273 Leone
2277 4215 2622 4271 dominante
2652 4216 2992 4273 incendium
3026 4219 3326 4290 quoddam

2059 4306 2203 4362 urbe
2234 4305 2292 4359 in
2325 4302 2506 4377 regali
2540 4305 2786 4378 contigit
2818 4308 3155 4364 horrificum

2062 4413 2097 4451 a
2126 4394 2345 4451 boreali
2378 4393 2524 4449 mari
2557 4410 2745 4466 usque
2776 4397 2846 4450 ad
2881 4395 3130 4453 alterum

2063 4483 2320 4540 ﬂammis
2352 4483 2555 4538 urbem
2588 4483 2844 4539 mediam
2878 4484 3431 4557 complectentihus,

2065 4572 2525 4646 splendidasque
2556 4572 2735 4643 hujus
2769 4574 2974 4629 domos
3008 4572 3435 4646 populantibus
3466 4587 3480 4626 :

2065 4668 2241 4734 atque
2271 4662 2425 4717 inter
2456 4666 2680 4730 cetera,
2716 4679 2915 4719 sacras
2947 4663 3123 4720 etiam
3153 4664 3309 4719 (edes

2065 4750 2494 4823 quatriduanus
2526 4750 2680 4822 ignis
2712 4750 3042 4807 inclemens
3076 4752 3296 4807 hausit.

2069 4839 2438 4897 Antiochiam
2470 4854 2601 4894 vero
2634 4842 2797 4895 terrea
2831 4846 3026 4897 motus
3056 4841 3297 4913 quidam

2069 4929 2383 4986 vehemens
2414 4944 2691 4999 supremo
2725 4932 3043 5001 prostravit
3072 4931 3247 4987 exitio
3284 4946 3297 4984 :

2074 5018 2417 5089 multusque
2448 5017 2599 5088 pluit
2631 5020 2752 5091 regi
2786 5019 2843 5075 in
2879 5021 3022 5076 urbe
3046 5020 3263 5093 pulvis,

2075 5106 2362 5163 molestus
2395 5106 2794 5163 animantibus
2824 5113 2881 5164 et
2911 5112 3119 5165 noxius
3152 5108 3441 5181 frugibus.

2078 5196 2181 5253 His
2214 5193 2386 5250 malis
2415 5196 2675 5267 graviter
2704 5198 2912 5253 anxius
2942 5200 3259 5271 imperator

2080 5284 2226 5341 urbe
2256 5282 2477 5353 relicta,
2513 5286 2584 5340 ad
2612 5287 3020 5344 suburbanum
3055 5288 3347 5360 palatium

2084 5373 2259 5431 saluti
2290 5390 2409 5429 sues
2441 5374 2754 5432 consulens
2786 5377 2981 5434 sedem
3015 5378 3341 5435 transtulit.

2083 5462 2203 5517 Sub
2225 5476 2291 5517 eo
2320 5462 2501 5518 vestis
2533 5464 2793 5538 Deiparm
2825 5466 3085 5539 Virginis

2087 5568 2155 5608 ex
2184 5552 2329 5607 urbe
2358 5551 2533 5608 Sicne
2559 5570 2624 5609 ac
2670 5554 2963 5611 Palestina
2992 5560 3147 5612 terra

2092 5641 2161 5696 ad
2196 5639 2419 5712 regiam
2450 5641 2643 5701 delata
2676 5645 3043 5718 metropolim

3608 336 3677 390 46
