4038 6214
350 344 419 397 47
1555 319 1927 378 ΕΡΗΒΒΜΠ

1555 319 1927 378 ΕΡΗΕΒΜΠ
1969 313 2540 370 CHRONOGBAPHI

345 468 500 540 apud
531 464 889 522 Blachernas
915 461 975 516 in
1003 457 1224 529 templo
1255 453 1365 510 fuit
1395 447 1668 521 reposita,

349 557 503 631 quod
536 555 662 627 ipse
694 569 792 608 rex
823 549 1079 621 Deipara
1111 544 1478 608 excitaverat,

349 625 624 718 argenteo
657 641 1032 714 pretiosoque
1078 636 1279 693 clausa
1308 633 1368 686 in
1397 625 1589 684 loculo
1624 641 1639 678 :

351 715 532 807 quare
561 737 620 788 et
647 731 705 786 id
738 727 1026 800 templum
1060 724 1235 794 coepit
1263 715 1546 807 appellari

351 806 485 880 arca
516 818 876 878 honorabilis
906 813 1165 886 Virginis
1191 806 1635 866 laudatissima.

353 913 542 968 Leone
572 909 912 964 dominante
943 907 1061 960 dux
1090 899 1381 973 egregius,

352 1005 474 1055 arte
507 996 821 1068 strategica
850 993 1111 1065 optimus
1147 984 1468 1052 Rusticius,

352 1089 503 1144 bello
535 1084 880 1159 praepositus
910 1078 1170 1136 victoriis
1199 1075 1432 1131 claruit.

353 1182 425 1232 At
454 1176 562 1230 hoc
594 1172 903 1239 exstincto,
935 1164 1329 1240 imperatricis
1361 1159 1522 1216 fratri

354 1277 651 1320 armorum
684 1257 1000 1329 imperium
1035 1254 1315 1312 Basilisco
1348 1249 1624 1312 traditur,

351 1353 452 1422 qui
485 1352 884 1419 transportato
917 1347 973 1398 in
1010 1343 1264 1398 Africam
1298 1339 1577 1404 exercitu,

351 1456 486 1494 cum
517 1441 671 1494 esset
701 1435 812 1492 loci
845 1433 1122 1490 dominus
1151 1429 1514 1495 Gizerichus,

353 1542 745 1584 aerumnosam
777 1525 835 1579 in
871 1523 1071 1596 praelia
1102 1519 1312 1592 accipit
1341 1517 1592 1582 cladem,

352 1618 774 1689 copiarumque
799 1614 1001 1670 amisit
1034 1615 1259 1684 partem
1293 1607 1638 1663 maximam.

351 1709 484 1763 Jam
517 1704 618 1760 ubi
643 1705 762 1759 vita
788 1701 1123 1758 Anatolium
1156 1697 1448 1765 destituit,

355 1793 938 1864 Constantinopoleos
969 1788 1183 1861 praesul
1216 1786 1494 1857 deligitur

357 1888 650 1940 rectorum
681 1882 1021 1951 dogmatum
1054 1877 1263 1933 vindex
1293 1871 1629 1931 Gennadius
1661 1886 1676 1925 :

358 1979 490 2046 post
519 1988 694 2044 quem
729 1971 1072 2025 defunctum
1104 1967 1165 2022 in
1195 1964 1351 2021 sedis
1381 1964 1617 2030 honore,

360 2063 658 2136 pessimus
691 2061 883 2118 locum
915 2061 1162 2129 occupat
1192 2054 1458 2110 Aeacius.

361 2150 702 2224 Imperatori
734 2148 968 2204 interim
1001 2162 1181 2217 nepos
1213 2143 1476 2198 nascitur

359 2258 429 2297 ex
456 2240 722 2295 Ariadnae
755 2242 810 2293 et
834 2235 1082 2292 Zenonis
1111 2232 1404 2304 conjugio.

361 2329 453 2384 cui
486 2343 700 2384 nomen
734 2324 907 2382 Leoni
940 2323 1092 2390 fecit,
1126 2336 1459 2392 coronaque

359 2421 526 2473 aetate
551 2415 762 2487 puerili
793 2418 970 2486 caput
999 2413 1200 2468 cinxit.

356 2507 462 2562 Hie
494 2506 627 2577 pius
660 2504 863 2559 morbo
895 2503 1213 2572 imperator
1244 2500 1354 2554 Leo

357 2599 662 2666 correptus
688 2593 864 2648 vitam
897 2589 1206 2646 mortalem
1239 2586 1516 2653 deseruit,

362 2683 588 2738 haerede
619 2685 953 2754 potentatus
985 2683 1195 2751 nepote
1227 2677 1402 2732 dicto.

358 2772 544 2828 Annis
574 2770 699 2842 ipse
730 2767 1057 2825 octodecim
1088 2765 1403 2839 imperium
1437 2766 1680 2833 rexerat,

358 2861 633 2934 princeps
667 2859 982 2926 humanus,
1017 2855 1271 2912 subditis
1302 2851 1627 2920 benivolus,

355 2949 651 3018 afﬂabilis,
691 2947 981 3020 placidus,
1014 2945 1233 3011 suavis,
1265 2947 1322 3000 et
1351 2940 1642 2999 amabilis.

848 3078 978 3135 LEO
1007 3079 1267 3134 JUNIOB
1304 3075 1422 3134 AN.
1465 3079 1512 3131 Ι.

354 3190 561 3246 Junior
591 3188 902 3260 imperium
933 3190 1283 3243 consecutus
1310 3185 1419 3240 Leo

355 3277 609 3332 infantili
642 3276 816 3348 plane
845 3280 1014 3330 aatate
1036 3279 1332 3344 sceptrum
1365 3269 1571 3327 tenuit.

356 3367 465 3420 Sed
500 3380 635 3420 mox
661 3365 755 3419 vix
787 3380 902 3418 uno
933 3362 1192 3417 revoluto
1223 3377 1375 3416 anno

355 3453 604 3510 excessit
633 3453 807 3508 terris
842 3450 1062 3505 lumine
1088 3465 1287 3505 cassus
1320 3448 1470 3503 vitae.

768 3583 950 3639 ZENO
990 3582 1204 3639 SIMUL
1241 3582 1355 3637 AN.
1398 3581 1576 3636 XVII.

351 3694 500 3749 Zeno
532 3695 657 3748 erat
690 3692 953 3756 Isaurus,
987 3693 1052 3745 ut
1083 3689 1199 3744 dixi
1233 3703 1482 3760 genere;

362 3781 723 3837 fmdissimus
755 3777 1020 3835 mortalis
1052 3781 1109 3832 et
1141 3781 1335 3832 mente
1364 3779 1422 3830 et
1451 3790 1709 3846 corpore,

356 3869 638 3934 cinaedus,
668 3867 881 3939 turpis,
916 3865 1154 3921 malitiae
1184 3864 1418 3930 cinnus,

355 3963 412 4015 et
443 3959 830 4014 nefandorum
867 3972 1109 4028 operum
1144 3957 1425 4026 patrator,

353 4047 582 4103 furialis
613 4047 919 4103 hominum
947 4045 1125 4118 pestis
1157 4043 1533 4116 optimatium
1562 4059 1577 4111 ;

353 4137 512 4193 haud
546 4137 704 4209 regio
738 4152 899 4192 more
931 4133 1355 4207 rempublicam
1391 4147 1622 4204 regens,

350 4228 451 4283 sed
483 4227 786 4298 tyrannice
818 4229 1028 4280 cuncta
1058 4224 1459 4289 inﬂammans,
1495 4221 1811 4286 subruens,

350 4331 560 4388 resque
588 4314 958 4370 subditorum
991 4329 1092 4382 pro
1122 4312 1347 4366 viribus
1381 4311 1792 4381 pessumdans,

350 4405 627 4475 dogmate
660 4419 898 4475 pravus,
933 4399 1373 4471 monOphysites
1403 4397 1601 4452 miser.

346 4493 512 4549 Hunc
544 4509 678 4549 cum
709 4492 929 4547 videret
961 4505 1388 4561 usquequaque
1419 4486 1716 4552 timidum,

348 4583 566 4640 Verinaa
599 4579 920 4637 Basiliscus
950 4595 1267 4652 germanus
1299 4578 1494 4644 frater,

345 4672 526 4727 armis
557 4672 916 4742 aggreditur,
948 4669 1160 4725 Verina
1190 4669 1406 4722 lerente
1437 4680 1628 4738 opem.

344 4763 534 4831 Atque
567 4759 733 4815 illum
765 4760 834 4815 ad
872 4757 1054 4831 patria
1077 4773 1244 4812 suam
1280 4755 1519 4828 pulsum
1551 4752 1771 4821 trudit;

345 4848 558 4904 deinde
589 4847 704 4903 sibi
736 4847 1010 4903 diadema
1041 4862 1175 4902 cum
1208 4844 1451 4916 reliquis

345 4936 678 5008 insignibus
711 4935 942 5007 imperii
975 4933 1385 5004 circumponit.

344 5026 455 5080 Sed
487 5026 646 5081 enim
677 5025 769 5080 hic
799 5026 1057 5080 confusa
1085 5027 1306 5078 naturae
1338 5019 1628 5085 haeresim,

342 5114 678 5186 Eutychetis
710 5118 767 5169 et
793 5114 1055 5169 Dioscuri
1089 5113 1444 5167 fermentum
1471 5124 1749 5180 sequens,

337 5204 796 5259 orthodoxorum
839 5201 1128 5258 Ecclesiae
1160 5200 1387 5255 acerbis
1421 5199 1610 5254 modis

337 5293 612 5364 omnique
645 5307 950 5363 poenarum
983 5305 1195 5363 genere
1224 5286 1640 5344 excruciabiat.

337 5381 723 5439 Chalcedonis
753 5380 1146 5436 venerandam
1180 5392 1413 5448 quoque
1442 5375 1730 5447 synodum

335 5470 664 5542 antiquavit
691 5469 879 5525 edicto
913 5472 1113 5524 contra
1146 5467 1232 5522 fas
1263 5464 1561 5538 proposito
1595 5480 1609 5519 :

332 5568 388 5614 et
414 5557 810 5631 patriarcham
843 5574 976 5613 cum
1017 5555 1284 5628 synedris
1317 5552 1654 5626 pastoribus

337 5648 410 5703 ad
441 5647 913 5706 conﬁrmandum
944 5644 1182 5718 impulit
1210 5643 1421 5716 dogma
1454 5657 1650 5700 suum.

2021 453 2072 518 Α
2278 439 2411 506 Ναῷ
2438 434 2759 510 τεθαύριστο
2788 439 2868 508 τῷ
2897 436 3032 511 πρὸς
3073 437 3426 510 Βλακέρναις,

2275 526 2371 580 ’Όν
2403 523 2565 586 αὐτὸς
2596 526 2844 601 ἀνήγειρε
2877 527 3346 602 Μητροπαρθένῳ,

2133 615 2240 670 930
2277 613 2365 671 Ἐν
2398 613 2607 689 ἀργυρᾷ
2638 619 2784 687 σορῷ
2810 615 2899 669 καὶ
2928 610 3213 690 σεϐασμίᾳ,

2279 704 2358 756 Δι’
2387 703 2453 771 ἢν
2481 702 2872 776 κατωνόμαστο
2903 704 2992 759 καὶ
3025 707 3170 768 θεῖος
3198 704 3369 779 δόμος

2282 791 2454 864 Σορὸς
2483 793 2637 865 τιμία
2665 799 2765 861 τῆς
2789 789 3146 865 πανυμνήτόυ
3178 794 3379 870 Κόρης⁴

2280 878 2454 942 Οὗτος
2483 901 2810 957 κραταρχων
2844 883 2934 936 καὶ
2971 884 3276 958 στρατηγὸν
3306 881 3562 958 γεννάδαν

2279 970 2612 1026 Ῥουστὶκιον
2637 968 2851 1045 ἄριστον
2884 973 2936 1025 ἐν
2967 971 3316 1048 στρατηγίαις

2137 1060 2244 1114 935
2285 1053 2665 1132 Προϐάλλεται
2697 1057 2762 1128 δή
2795 1061 2885 1113 καὶ
2915 1061 3174 1135 κατορθοῖ
3199 1060 3292 1123 τὰς
3325 1060 3497 1124 νίκας·

2281 1148 2488 1202 Τούτου
2519 1148 2798 1219 θανόντος,
2829 1148 3086 1225 σύγγονον
3123 1147 3404 1225 βασιλίδος

2282 1239 2609 1296 Βασιλίσκον
2640 1237 2958 1316 προῦκρινεν
2992 1239 3070 1304 εἷς
3100 1241 3450 1317 στρατηγίαν,

2281 1333 2379 1393 "Oc
2407 1329 2720 1391 ἐκπλευκὼς
2754 1328 2832 1391 εἷς
2863 1330 3110 1406 Αφρικὴν
3140 1331 3231 1384 σὺν
3265 1329 3448 1403 στόλῳ

2283 1421 2760 1494 Κατακρατοῦντος
2786 1423 2884 1473 τοῦ
2910 1418 3082 1474 τόπου
3113 1419 3425 1494 Γιζερίχου,

2139 1507 2247 1563 940
2284 1509 2484 1563 Ἠτταν
2511 1508 2716 1582 ὑπέσχε
2747 1504 2981 1562 δυσκλεά
3009 1508 3148 1563 κατά
3181 1509 3393 1582 μάχην,

2285 1595 2387 1653 Καὶ
2418 1601 2677 1652 πλεῖστον
2704 1592 2946 1652 ἀπέϐαλε
2973 1601 3081 1652 τῶν
3116 1596 3536 1672 στρατευμάτων

2284 1687 2606 1742 Ἀνατολίου
2636 1683 2684 1740 δ’
2714 1684 3104 1748 ἐκλελοιπότος
3138 1686 3280 1762 βίον,

2285 1775 2617 1850 Ἀρχιθύτης
2651 1772 2891 1830 δέδεικτο
2920 1781 3019 1844 τῆς
3055 1775 3458 1830 Κωνσταντίνου

2285 1862 2568 1929 Γεννάδιος
2595 1864 2888 1940 πρόμαχος
2911 1863 3231 1940 ὀρθοδοξίας

2142 1956 2250 2011 945
2277 1954 2482 2009 Τούτου
2511 1956 2574 2009 τὸ
2607 1955 2758 2030 βιοῦν
2791 1953 2842 2008 έν
2875 1949 3052 2029 θρόνῳ
3085 1953 3438 2027 λελοιπότος,

2287 2041 2542 2106 Ἀκοὶκιος
2568 2043 2826 2104 κάκιστος
2853 2038 2983 2118 ἔσχε
3004 2043 3097 2097 τὸν
3131 2042 3346 2111 θρόνον.

2283 2133 2420 2209 "Ech
2457 2130 2676 2208 βασιλεῖ
2705 2129 3063 2206 θυγατριδοῦς
3092 2152 3176 2194 τις
3202 2132 3322 2194 νέος

2285 2221 2375 2292 Ἐξ
2406 2219 2690 2297 Ἀριάδνης
2719 2222 2809 2276 καὶ
2841 2223 3094 2292 Ζήνωνοσ
3122 2221 3372 2297 συζύγου,

2282 2312 2381 2366 "Ov
2413 2308 2644 2372 καλέσας
2670 2310 2894 2379 Λέοντα,
2925 2310 3106 2380 ταινίᾳ
3135 2311 3312 2386 στέφει

2141 2401 2248 2456 953
2288 2401 2375 2457 Ἐν
2408 2400 2601 2471 ἡλικίᾳ
2630 2398 2975 2474 τυγχάνοντα
3005 2399 3241 2469 νηπίων.

2285 2489 2453 2550 Οὗτος
2485 2491 2719 2559 νοσήσας
2750 2484 2976 2556 εὐσεϐὴς
2997 2489 3118 2558 ἅναξ
3149 2487 3296 2545 Λέων

2282 2578 2381 2631 Τὸν
2415 2579 2648 2653 φθαρτὸν
2683 2575 2972 2632 ἐκλέλοιπε
3000 2581 3190 2632 τοῦτον
3235 2577 3383 2652 βίον,

2285 2669 2380 2734 Τῷ
2407 2664 2711 2740 θυγατριδῷ
2741 2665 3070 2740 καταλείψας
3097 2666 3160 2720 τὸ
3180 2668 3406 2742 κράτος,

2284 2749 2696 2817 Βεϐασιλευκὼς
2727 2754 2818 2809 σὺν
2855 2755 3000 2811 ὀκτὼ
3031 2753 3157 2810 δέκα
3181 2754 3442 2831 χρόνουςο

2144 2845 2250 2901 955
2285 2843 2450 2914 ’Ἁναξ
2480 2842 2692 2920 ἱλαρὸς,
2717 2843 2948 2918 εὐμενής
2982 2842 3266 2914 ὑπηκόοις,

2287 2930 2558 3003 Γαληνὸς,
2590 2931 2952 3002 εὐέντευκτος,
2983 2929 3138 3002 ἡδὺς,
3171 2931 3407 3008 χαρίεις.

2601 3069 2787 3124 ΛΕΘΝ
2826 3068 3004 3124 ΝΕΟΣ
3045 3069 3159 3124 ET.
3201 3073 3280 3122 A'.

2032 3189 2075 3257 ρ
2289 3171 2426 3237 Νέος
2459 3171 2505 3229 δ’
2537 3169 2728 3236 ἐπιϐὰς
2759 3181 2859 3244 τῆς
2893 3172 3172 3250 βασιλείας
3199 3172 3349 3228 Λέων

2288 3270 2572 3340 Κατῆρχεν
2603 3262 2771 3334 αὐτῆς
2799 3262 3080 3334 νηπιάζων
3109 3267 3190 3336 τῷ
3218 3263 3423 3337 χρόνῳ*

2282 3355 2446 3415 Ἔτος
2479 3351 2535 3408 δὲ
2563 3351 2764 3422 ταύτην
2800 3350 2853 3408 ἓν
2885 3353 3175 3427 κατασχὼν
3206 3351 3297 3406 καὶ
3323 3351 3509 3424 μόνον,

2141 3443 2246 3498 960
2284 3442 2518 3515 ’Λπῆρεν
2553 3439 2696 3497 ἔνθεν
2722 3440 3050 3515 καταλείψας
3079 3442 3170 3496 τὸν
3209 3439 3348 3514 βίον·

2556 3575 2786 3630 ΖΗΝΩΝ
2826 3575 3020 3631 ΟΜΟΥ
3057 3574 3167 3630 ET.
3208 3578 3311 3631 IZ'.

2284 3681 2466 3750 Ζήνων
2496 3677 2542 3733 δ’
2575 3680 2818 3756 ὑπῆρχεν
2849 3679 2900 3750 ἐξ
2931 3677 3212 3756 Ἰσαύρων,
3245 3678 3322 3741 ὡς
3353 3676 3512 3757 ἔφην,

2283 3765 2586 3843 Αἵσχιστὸς
2617 3769 2753 3846 ἀνὴρ
2785 3769 2874 3824 καὶ
2908 3766 3075 3842 δέμας
3106 3769 3195 3824 καὶ
3227 3765 3474 3844 καρδίαν,

2285 3854 2565 3928 Κίναιδος,
2597 3858 2846 3935 αἰσχρὸς,
2879 3857 3216 3937 συμφόρημα
3244 3878 3458 3924 κακιας,

2284 3947 2491 4021 Ἒὸγων
2529 3952 2778 4025 πονηρῶν
2809 3946 3076 4022 ἀθεμίτων
3112 3946 3366 4022 ἐργάτης,

2139 4037 2246 4092 965
2283 4032 2526 4111 Ἀνδρῶν
2560 4035 2770 4113 ἐριννὺς
2802 4040 2909 4091 τῶν
2941 4034 3427 4113 περιφανεστέρωψ

2282 4125 2405 4199 Οὐχ
2434 4126 2508 4188 ὡς
2546 4125 2798 4202 βασιλεὺς
2829 4122 3027 4180 διέπων
3061 4123 3387 4201 αὖταρχίαν,

2281 4213 2441 4269 Ἀλλ’
2472 4214 2545 4277 ὡς
2572 4214 2830 4289 τύραννος
2860 4213 3172 4289 ἐμπιπρῶν,
3203 4211 3612 4289 καταστρέφων,

2284 4302 2381 4356 Καὶ
2413 4305 2587 4358 πάντα
2616 4309 2789 4358 ποιῶν
2825 4302 2900 4368 είς
2930 4305 3132 4380 φθορὰν
3164 4303 3443 4375 ὑπηκόωψ

2284 4387 2452 4454 Σέϐας
2479 4392 2765 4470 κακόφρων
2791 4391 3128 4469 Οἶοφυσίτης
3159 4391 3346 4458 τάλας⁶

2137 4481 2244 4535 970
2281 4479 2471 4552 Τούτῳ
2499 4501 2559 4554 γε
2590 4478 2759 4553 δειλῷ
2790 4481 3069 4536 παντάπαν
3097 4481 3363 4560 πεφυκότι

2024 4557 2071 4622 D
2279 4567 2604 4630 Βασιλίσκος
2638 4568 2898 4644 σύναιμος
2923 4569 2996 4625 ὢν
3029 4577 3127 4642 τῆς
3157 4557 3400 4648 Βηρίνης

2275 4659 2498 4734 Ἀντῆρε
2527 4663 2692 4735 χεῖρα
2721 4658 2953 4731 Βηρίνης
2983 4680 3250 4736 συνεργιᾳ,

2271 4747 2377 4801 Καὶ
2404 4744 2550 4802 τόνδ’
2582 4745 2931 4824 ἐφυγάδευσεν
2960 4749 3036 4810 εἷς
3062 4750 3162 4818 τὴν
3191 4745 3426 4825 πατρίδα
3463 4771 3471 4780 ·

2271 4837 2398 4892 Εἶτα
2427 4836 2766 4910 περιτίθησιν
2796 4835 2944 4910 αὖτῷ
2968 4837 3030 4892 τὸ
3058 4837 3246 4916 στέφος

2126 4925 2233 4979 975
2272 4924 2374 4980 Καὶ
2405 4927 2574 4980 πάντα
2603 4924 2904 4999 παράσημα
2930 4933 3031 4997 τῆς
3059 4927 3397 5002 κραταρχίας

2267 5018 2379 5082 Τῆς
2403 5021 2739 5091 συγχυτικῆς
2771 5011 3090 5085 κακοδοξίας
3121 5012 3304 5069 πέλων

2264 5103 2372 5170 Τῆς
2403 5102 2681 5179 Εὐτυχοῢς
2711 5123 2769 5158 τε
2797 5105 2886 5158 καὶ
2920 5101 3215 5172 Διοσκόρου
3247 5101 3456 5175 λύμης,

2266 5191 2601 5262 Ἐκκπησίας
2633 5190 2789 5253 οὗτός
2820 5212 2880 5266 γε
2907 5191 3000 5252 τὰς
3033 5190 3381 5266 ὀρθοφρόνων

2269 5285 2485 5354 Πικρῶς
2517 5280 2710 5334 ἐκάκου
2734 5277 3102 5341 παντοδαπαῖς
3122 5278 3348 5342 αἷκίαις·

2121 5368 2228 5424 980
2266 5367 2362 5422 Καὶ
2395 5367 2616 5423 σύνοδον
2656 5366 2714 5422 δὲ
2741 5370 2844 5437 τὴν
2873 5369 3011 5423 κατά
3037 5365 3365 5439 Χαλκηδόνα

2263 5458 2476 5527 Σεπτὴν
2509 5458 2704 5532 ἀκυροῖ
2731 5459 3044 5535 γράμμασιν
3079 5459 3153 5521 ὡς
3187 5457 3285 5513 οὐκ
3301 5451 3428 5513 ἔδει·

2259 5546 2357 5599 Καὶ
2391 5547 2735 5622 πατριάρχην
2769 5547 2856 5602 καὶ
2890 5543 3179 5620 συνέδρους
3211 5547 3474 5618 ποιμένας

2259 5635 2439 5692 Ταῦτα
2467 5638 2664 5712 κυροῦν
2696 5629 2892 5709 ἔπειθε,
2924 5634 3014 5690 καὶ
3043 5633 3219 5690 τοῖσδ’
3249 5633 3520 5710 ἐμμένειν.

3683 318 3750 372 48
