4086 6210
329 325 412 380 49

523 448 683 506 Ἀλλ’
712 444 1017 522 ὀρθοδὸξων
1051 450 1520 524 συναθροισθέντες
1550 450 1736 528 στίφος

379 542 487 597 985
524 537 846 595 Βασὶλίσκον
885 536 1157 613 βάλλουσι
1188 542 1305 599 ταῖς
1338 535 1693 615 δυσφημίαις·

519 628 627 695 Τὴν
659 624 889 681 σύνοδον
922 624 969 680 δ’
998 627 1062 681 αὖ
1095 627 1419 701 ἆνεκήρυξαν
1446 626 1611 683 πάλιν

525 718 922 790 θεοκρότητον,
955 714 1137 790 ἁγίαν,
1170 711 1490 789 σεϐασμίαν*

521 808 621 860 Διά
650 826 713 879 γε
740 810 908 860 ταῦτα
938 804 1267 867 Βασιλίσκος
1298 806 1461 875 ἀξίως

520 901 691 949 Πᾶσιν
721 894 1095 969 ἆποτρόπαιος
1123 896 1184 963 ἣν
1216 894 1536 969 στυγητέος’

369 987 481 1041 990
519 986 719 1057 ’Ὁμως
745 985 884 1039 κατὰ
912 986 1162 1054 Ζήνωνος
1190 982 1449 1057 ἐκπέμπει
1483 984 1656 1059 τάχος

513 1070 751 1149 ⁶Ανδρας
778 1072 1120 1148 στρατηγοὺς
1150 1073 1240 1127 καὶ
1272 1072 1364 1127 σὺν
1398 1074 1585 1135 αὐτοῖς
1616 1071 1893 1149 δυνάμεις,

412 1180 415 1181 ⁷
520 1161 893 1237 Ηροσρυέντες
918 1166 997 1233 τῷ
1023 1163 1234 1231 Ζήνωνι
1261 1160 1504 1235 γνησίως

514 1249 884 1323 Σπεισάμενοί
910 1271 989 1318 τε,
1023 1250 1158 1323 πρὸς
1187 1248 1351 1304 πόλιν
1389 1249 1645 1325 βασιλίδα

510 1340 682 1403 Αὖθις
720 1340 857 1411 μετὰ
883 1341 1131 1409 Ζήνωνος
1159 1342 1291 1407 ἧκον
1314 1338 1365 1393 ἐν
1388 1339 1569 1415 τάχει·

359 1441 474 1496 995
516 1439 622 1496 Καὶ
654 1436 825 1492 πάλιν
854 1437 1152 1513 ἀπείληφεν
1184 1438 1344 1501 οὗτος
1371 1438 1434 1492 τὸ
1463 1440 1685 1513 κράτος,

519 1530 595 1597 Ars
607 1548 714 1599 μου
739 1547 797 1581 τε
830 1525 966 1581 λαοῦ
992 1522 1150 1581 τόνδε
1174 1524 1673 1602 προσδεδεγμένου’

514 1615 840 1676 Βασικίσκος
870 1613 927 1670 δὲ
955 1617 1282 1693 προσφυγὼν
1314 1614 1583 1687 ἐκκλησίᾳ

509 1704 664 1763 Μετᾶ
690 1704 949 1779 γυναικὸς
982 1704 1168 1773 ἱκέτης
1196 1704 1285 1758 καὶ
1319 1703 1619 1782 φιλτάτων,

508 1796 721 1852 ’Ἐπειτ’
755 1793 954 1849 ἐκεῖθεν
987 1792 1290 1865 ἐξελασθεὶς
1321 1794 1532 1868 ὁρκίοις

329 1898 473 1953 1οω
514 1896 665 1950 Ἐκεῖ
694 1891 847 1965 λιμῷ
874 1893 1101 1961 τέθνηκε
1133 1892 1352 1969 φθαρεὶς
1386 1891 1609 1961 ἀθλίως,

513 1986 650 2050 Ἐτη
680 1982 970 2057 κατασχὼν
1004 1984 1103 2051 τήν
1140 1981 1417 2056 βασιλείαν
1453 1979 1569 2039 δύο.

508 2072 726 2130 Τούτου
757 2074 1106 2146 κρατοῦντος,
1136 2073 1205 2143 τῇ
1242 2067 1485 2143 βασιλίδι
1517 2070 1677 2126 πόλει

514 2161 763 2236 ΙΙυρκαιά
787 2181 871 2221 τις
897 2154 1095 2229 συνέϐη
1129 2158 1418 2236 φρικαλέα,

322 2255 464 2310 1005
504 2253 597 2307 Ἐκ
630 2247 1087 2325 χαλκοπρατείων
1119 2269 1182 2323 γε
1213 2248 1381 2320 πυρὸς
1414 2244 1691 2321 ἠμμένου.

496 2342 610 2417 Ὑφ’
640 2340 707 2408 ἧς
735 2335 1094 2408 κατηθάλωτο
1126 2336 1215 2391 καὶ
1262 2334 1523 2413 διεφθάρη

493 2426 683 2485 ’Άλλα
712 2448 770 2481 τε
801 2426 1036 2481 πλεῖστα
1062 2425 1150 2479 καὶ
1186 2422 1356 2497 δόμος
1386 2424 1561 2503 φύλαξ
1597 2421 1806 2502 βίϐλων

502 2520 595 2578 Ἐς
633 2513 901 2591 μυριάδας
933 2512 1143 2569 δώδεκα
1174 2511 1556 2587 ποσουμένωνο

502 2608 593 2663 Ἐν
626 2608 713 2668 αἷς
740 2604 934 2681 ’χορίον
968 2604 1059 2659 καὶ
1092 2601 1383 2677 δράκοντος
1416 2605 1491 2667 ὡς
1522 2602 1688 2679 λόγος

499 2694 552 2750 ἰν
585 2716 688 2750 τινι
724 2692 1002 2754 κλεισθεὶς
1033 2691 1247 2767 πυρρίῳ
1278 2693 1369 2747 τὸν
1396 2692 1654 2762 τεκνίοις,

316 2797 461 2853 1010
503 2795 798 2867 Πρόμηοιες
835 2793 974 2859 ὑπῆν
1007 2790 1057 2853 ἐς
1086 2787 1257 2852 πόδας
1288 2789 1583 2863 τεταμένον

504 2883 650 2957 Πρὸς
677 2887 797 2943 τοῖς
828 2881 1017 2935 ἑκατὸν
1051 2878 1245 2945 εἷ’κοσι,
1276 2881 1457 2951 Θαῦμα
1496 2879 1665 2949 ξένον,

500 2973 637 3035 Καθ’
668 2972 731 3025 οὗ
760 2974 990 3046 χρυσοῖς
1023 2970 1338 3044 γράμμασιν
1370 2967 1809 3044 ἐγγεγραμμέναι

498 3065 670 3116 ΪἩσαν
702 3061 956 3132 Ὁμήρου
982 3062 1079 3112 τοῦ
1111 3061 1279 3135 σοφοῦ
1312 3054 1579 3133 ῥαψῳδίαι

502 3148 695 3221 Ἰλιὰς,
728 3146 1033 3206 Ὀδύσσεια·
1063 3151 1159 3223 φεῦ
1188 3154 1287 3217 τῆς
1324 3146 1554 3219 ζημίαςί

321 3242 464 3298 1015
502 3232 829 3294 ’Λναλαῦὼν
863 3234 920 3291 δὲ
950 3238 1135 3305 Ζήνων
1161 3235 1519 3309 κραταρχίαν,

504 3328 805 3404 Ἁρμάτιον
844 3328 938 3399 μὶν
969 3322 1112 3397 τῷδε
1144 3325 1522 3399 συνηργηκότα

502 3411 892 3493 Προϐάλλεται
928 3412 994 3483 δὴ
1020 3413 1310 3488 ταγμάτων
1344 3414 1733 3488 στρατηγέτην,

504 3508 626 3560 nev
661 3503 707 3559 δ’
742 3504 949 3558 ἐκείνου
984 3503 1221 3575 Καίσαρα
1246 3500 1413 3556 πάλιν
1440 3504 1639 3579 στέφει·

504 3596 636 3649 Εἶτα
664 3594 754 3647 τὸν
785 3591 1087 3665 ’Δρμάτιον
1108 3588 1307 3645 ἔκτεινε
1337 3591 1497 3668 ξίφει*

325 3687 467 3743 1020
510 3680 685 3738 Παῖδα
716 3679 774 3736 δὲ
801 3682 894 3735 τὸν
928 3680 1171 3755 Καίσαρα
1199 3677 1467 3755 κληρικὸν
1501 3676 1697 3755 δράσας

504 3769 828 3846 Περιπολεῖν
861 3766 1034 3824 εἴάσεν
1069 3766 1211 3822 οὕτω
1240 3767 1331 3821 τὸν
1369 3766 1504 3841 βίον·

503 3862 595 3923 Ὠς
623 3861 805 3914 πίστιν
840 3858 1008 3933 ὀρθὴν
1042 3858 1144 3911 οὐκ
1172 3855 1437 3932 ἐφύλαξαν
1470 3858 1700 3931 φράσας,

510 3948 675 4006 Οὗτοι
704 3947 1153 4023 κραταρχήσαντι
1181 3948 1261 4015 τᾷ]
1292 3944 1627 4016 Βασιλίσκῳ,

503 4035 631 4095 Οὗτ’
664 4036 729 4091 αὖ
759 4036 885 4108 ἐμοὶ
914 4033 1114 4104 ταύτην
1146 4054 1207 4108 γε
1236 4031 1530 4111 φυλάξουσ⁹
1554 4031 1715 4095 ’ίσως.

322 4131 469 4186 1025
510 4127 653 4199 Πρὸς
678 4122 864 4180 τοῖσδε
892 4121 1141 4183 πολλοὺς
1171 4124 1493 4196 παρέπεμψε
1523 4122 1752 4194 θανάτῳ,

502 4213 747 4275 ’Δλλους
780 4210 827 4267 δ’
858 4210 1052 4266 ἐκάκου
1081 4209 1410 4285 κατέτρυχεν
1439 4210 1639 4274 αἰκίαις

501 4309 617 4358 Τῶν
646 4301 887 4358 εὐκλεῶν
919 4321 979 4355 τε
999 4300 1090 4355 καὶ
1120 4319 1606 4376 περιφανεστερων·

504 4392 599 4455 Εἲς
622 4394 724 4468 γάρ
758 4389 1027 4463 ἀθέσμους
1059 4386 1308 4449 ἐκκλίνας
1342 4386 1739 4463 αἰσχρουργίας

508 4482 735 4555 Πράξεις
770 4479 1092 4553 μιαιφόνους
1123 4498 1183 4531 τε
1211 4477 1299 4531 καὶ
1335 4475 1660 4551 βδελυκτέας

320 4584 466 4641 1030
497 4580 642 4655 Πρὸς
674 4576 720 4633 δ’
752 4576 817 4632 αὖ
850 4576 1114 4650 ὑπάχθιὶς
1147 4574 1347 4649 αἱρέσει
1382 4576 1685 4649 Διοσκόρου

507 4668 770 4739 Μυσητὸς
798 4668 863 4735 ἦν
898 4668 1060 4720 ἅπασι
1090 4665 1179 4719 καί
1208 4670 1325 4726 τοῖς
1354 4663 1405 4718 ἐν
1424 4663 1589 4733 τέλει,

504 4755 767 4832 Ἀριάδνῃ
799 4753 855 4810 δὲ
883 4759 951 4829 τῇ
985 4754 1223 4825 συνεύνῳ
1252 4752 1340 4807 καὶ
1364 4751 1554 4807 πλέον·

507 4848 674 4905 Ὀθεν
706 4850 851 4917 σορῷ
880 4843 1111 4908 τέθαπτο
1143 4840 1293 4913 δέξας
1322 4841 1591 4914 τεθνάναι,

507 4937 679 4994 Κάκεῖ
715 4934 907 5010 βιαίως
933 4934 1025 4990 τὸν
1064 4932 1178 5009 βίον
1210 4930 1582 5007 καταστρέφει·

328 5030 470 5085 1035
507 5027 576 5083 Οἱ
613 5024 708 5097 μέν
741 5045 877 5101 φασι·
904 5024 1089 5097 μέθαις
1121 5042 1178 5076 τε
1208 5022 1495 5097 χρώμενον
1525 5020 1713 5083 πότοις

505 5117 797 5173 Ἕκστασιν
830 5114 987 5168 αὐτὸν
1021 5116 1125 5167 τῶν
1161 5114 1370 5188 φρενῶν
1401 5109 1742 5173 πεπονθέναι·

505 5204 745 5275 Δόξαντα
776 5200 823 5257 δ’
856 5202 1088 5278 οἰκτρῶς
1120 5198 1497 5255 ἐκλελοιπέναι
1534 5197 1675 5273 βίον,

506 5299 879 5366 Κατατεθῆναι
914 5297 1139 5369 λάρνακι
1168 5294 1304 5347 καθᾶ
1334 5291 1507 5346 νέκυν⁹

508 5388 612 5443 Καὶ
642 5384 1094 5459 πωματισθέντος
1124 5402 1186 5455 γε
1210 5384 1305 5435 τοῦ
1334 5382 1506 5458 τάφου
1536 5378 1693 5453 λίθῳ,

330 5477 471 5531 1040
498 5475 789 5548 Γοώμενον
822 5474 1051 5527 κάκιστα
1078 5473 1252 5525 Θανεῖν
1283 5468 1334 5523 ἓν
1360 5468 1535 5547 τάφῳ·

505 5563 705 5621 Ἀλλοι
742 5562 800 5618 δὶ
829 5567 1020 5626 παθεῖν
1050 5563 1211 5615 τοῦτο
1244 5556 1423 5627 δεινῆς
1454 5557 1513 5612 ἐκ
1540 5557 1698 5613 νόσου

503 5654 676 5709 Δόντα
708 5658 887 5718 θανεῖν
921 5649 1140 5723 δόκησιν
1176 5649 1425 5725 ἀθροῦσιν
1448 5646 1623 5712 ὅλοις.

1875 328 2241 387 CBSARES.

2027 461 2083 526 Α
2112 457 2222 513 Sed
2255 459 2412 517 enim
2444 464 2748 521 orthodoxi
2780 467 2979 521 coacto
3007 467 3157 520 coetu

2117 548 2465 606 Basiliscum
2499 553 2830 609 maledictis
2864 553 3282 625 perculerunt;

2115 637 2613 711 decreveruntque
2644 646 2909 697 sanctam
2944 642 3127 697 fuisse
3152 642 3444 710 synodum

2114 726 2395 784 divinitus
2427 736 2839 802 congregatam
2870 734 2927 785 et
2953 730 3368 785 venerabilem.

2114 814 2199 869 Ob
2232 816 2353 871 haec
2383 818 2567 873 evasit
2596 819 2913 875 Basiliscus
2939 820 3147 874 merito

2113 904 2336 961 cunctis
2367 907 2798 964 abominandus
2828 913 2884 965 et
2914 908 3297 964 detestabilis.

2112 995 2324 1051 Contra
2354 996 2643 1052 Zenonem
2676 1002 2870 1053 tamen
2904 998 2954 1052 is
2986 996 3249 1052 celeriter

2111 1084 2289 1139 duces
2322 1100 2455 1139 cum
2490 1085 2673 1156 copiis
2705 1086 2868 1140 misit
2900 1085 3289 1152 militaribus;

2110 1189 2235 1245 quas
2261 1174 2331 1228 ad
2360 1175 2650 1229 Zenonem
2682 1180 2892 1245 sponte
2923 1174 3279 1239 deficientes,

2101 1263 2425 1334 junctoque
2456 1279 2655 1318 secum
2689 1264 2900 1318 foedere
2931 1264 3001 1318 ad
3036 1262 3239 1317 urbem
3272 1262 3491 1333 regiam

2107 1351 2282 1407 citato
2311 1353 2498 1423 gradu
2528 1368 2659 1407 cum
2692 1354 2918 1408 Zenone
2947 1353 3216 1407 redeunt.

2108 1450 2256 1520 Ergo
2289 1448 2382 1503 hic
2415 1448 2726 1521 imperium
2761 1450 2978 1520 recepit
3010 1449 3223 1516 denuo,

2107 1537 2336 1592 favente
2368 1537 2567 1609 populi
2600 1542 2811 1593 cuncta
2844 1537 3246 1592 multitudine.

2103 1630 2175 1683 At
2206 1626 2523 1682 Basiliscus
2556 1627 2801 1698 supplex
2833 1628 2902 1682 ad
2937 1626 3242 1682 ecclesiam

2105 1716 2368 1787 confugit
2400 1732 2535 1771 cum
2568 1732 2745 1771 uxore
2778 1715 3025 1787 aliisque
3058 1714 3385 1769 aﬂectibus.

2022 1824 2070 1889 Β
2103 1806 2266 1862 Illinc
2300 1805 2509 1860 deinde
2535 1806 2670 1859 data
2693 1804 2950 1873 juranda
2982 1804 3093 1858 fide

2098 1905 2343 1970 excitus,
2377 1903 2753 1974 claususque,
2789 1905 2948 1957 turre
2979 1918 3110 1956 cum
3143 1900 3336 1973 parvis
3370 1899 3592 1969 liberis,

2096 1991 2312 2045 ibidem
2349 1990 2501 2044 fame
2535 1989 2746 2045 misere
2776 1988 3100 2057 contabuit,

2096 2084 2410 2153 postquam
2440 2080 2674 2135 biennio
2704 2096 2945 2149 regnum
2978 2079 3317 2133 retinuerat.

2094 2169 2298 2224 Adhuc
2331 2168 2430 2224 illo
2464 2170 2766 2240 regnante,
2798 2168 2857 2222 in
2893 2169 3035 2223 urbe
3065 2168 3223 2240 regia

2096 2256 2400 2313 calamitas
2429 2256 2685 2312 incendii
2716 2256 3008 2312 horrenda
3039 2255 3281 2328 contigit
3314 2272 3326 2310 :

2097 2362 2353 2418 namque
2385 2346 2651 2401 excitatis
2683 2346 2739 2401 in
2775 2346 2897 2401 foro
2928 2346 3131 2400 arrario
3163 2344 3419 2399 ﬂammis

2097 2439 2454 2507 propagatus
2486 2434 2638 2505 ignis
2669 2452 2803 2488 cum
2840 2435 2957 2490 alia
2988 2434 3323 2505 absumpsit

2094 2528 2219 2579 tum
2253 2524 2641 2579 inﬂammavit
2669 2524 2845 2579 etiam
2876 2522 3297 2579 bibliothecam

2096 2612 2332 2668 divitem
2363 2613 2540 2667 tomis
2572 2616 2805 2668 centum
2832 2612 3035 2683 viginti
3068 2611 3345 2667 millibus.

2097 2718 2157 2756 In
2189 2700 2280 2756 his
2306 2707 2359 2756 et
2389 2700 2662 2757 draconis
2693 2717 2926 2773 quoque
2958 2700 3136 2757 fuisse
3167 2701 3382 2758 dicitur

2097 2798 2318 2854 corium
2352 2799 2734 2870 praelongum,
2768 2803 3004 2854 centum
3034 2799 3249 2870 vigenti
3281 2802 3490 2867 patens

2095 2888 2293 2960 pedes,
2329 2888 2569 2957 mirum,
2601 2888 2929 2953 insolitum,
2962 2888 3021 2943 in
3055 2904 3169 2960 quo
3200 2888 3428 2959 scriptae

2095 2976 2302 3032 formis
2336 2976 2662 3033 litterarum
2695 2994 2836 3031 auro
2869 2977 3251 3031 rutilantibus

2094 3065 2331 3120 Homeri
2359 3064 2639 3135 sapientis
2668 3066 2899 3119 fuerant
2929 3064 3258 3135 rhapsodia;

2100 3153 2236 3209 Ilias
2267 3158 2325 3209 et
2357 3153 2617 3222 Odyssea
2649 3153 2819 3223 (proh
2851 3153 3141 3223 pernicies
3162 3152 3222 3222 ι).

2095 3246 2346 3313 Recepto
2377 3241 2556 3312 igitur
2586 3240 2735 3295 Zeno
2777 3240 3010 3311 imperio

2091 3330 2456 3387 Harmatium
2488 3329 2589 3401 qui
2622 3328 2731 3385 sibi
2766 3328 3069 3401 suppetias
3099 3327 3316 3383 tulerat

2093 3418 2454 3477 militaribus
2483 3419 2669 3490 copiis
2699 3418 2906 3473 ducem
2942 3416 3202 3489 praaﬁcit,

2092 3514 2486 3582 praetereaque
2518 3508 2704 3562 filium
2737 3508 2865 3578 ejus
2896 3511 3052 3562 creat
3082 3507 3386 3561 Caesarem.

2090 3599 2313 3656 Deinde
2342 3596 2709 3653 Harmatium
2741 3596 2934 3667 gladio
2968 3611 3313 3667 percussum
3347 3597 3536 3663 necat,

2092 3688 2391 3758 filiumque
2420 3688 2549 3757 ejus
2578 3687 2858 3741 Caesarem
2891 3686 3045 3740 clero
3076 3684 3378 3753 adscribit,

2093 3778 2297 3848 sicque
2320 3775 2404 3830 illi
2436 3776 2565 3830 vita)
2597 3775 2825 3831 veniam
2858 3774 3172 3830 retinendae
3207 3774 3364 3830 facit.

2092 3871 2239 3922 Nam
2274 3864 2550 3937 quoniam
2586 3864 2705 3932 isti,
2735 3864 2946 3934 aiebat,
2980 3864 3277 3935 fregerunt
3299 3863 3474 3917 ﬁdem

2094 3972 2272 4027 quam
2308 3954 2581 4010 Basilisco
2614 3952 2865 4025 principi
2896 3953 3355 4024 spoponderant,

2095 4045 2181 4100 sic
2213 4048 2277 4097 ut
2306 4044 2418 4113 ipsi
2453 4043 2597 4096 mihi
2630 4048 2859 4097 servent
2889 4042 3089 4095 eadem
3121 4056 3341 4095 vereor.

2096 4134 2307 4187 Praeter
2333 4132 2461 4200 hos,
2494 4130 2640 4185 alios
2673 4129 2886 4185 multos
2916 4128 3072 4184 letho
3104 4128 3266 4183 dedit

2094 4223 2165 4277 de
2196 4235 2442 4275 numero
2476 4218 2760 4274 nobilium
2793 4222 2970 4288 atque
2994 4216 3395 4288 optimatium,

2092 4309 2179 4366 vel
2214 4308 2507 4379 impositis
2539 4307 2728 4379 plagis
2759 4306 3129 4362 excruciavit.

2093 4401 2243 4470 Ergo
2275 4396 2537 4454 scelestis
2564 4396 2879 4467 indulgens
2912 4396 3271 4451 facinoribus

2092 4488 2466 4557 casdibusque
2497 4503 2774 4559 grassans
2806 4484 3132 4555 ﬂagitiosis,

2094 4579 2358 4635 imbutus
2388 4576 2630 4647 insuper
2658 4573 2865 4630 haeresi
2895 4572 3180 4641 Dioscori,

2096 4673 2311 4747 populo
2339 4672 2560 4727 invisus
2593 4676 2719 4725 erat
2748 4675 2805 4724 et
2833 4668 3236 4740 optimatibus,

2096 4761 2330 4834 conjugi
2360 4776 2494 4817 vero
2533 4760 2797 4814 Ariadna)
2829 4775 3006 4830 quam
3039 4759 3139 4828 qui
3174 4757 3448 4813 maxime.

2094 4850 2480 4914 Quamobrem
2514 4848 2788 4903 simulato
2822 4847 3023 4901 mortis
3055 4861 3217 4914 casu,

2095 4956 2231 4995 arca
2261 4936 2592 5005 conclusus,
2626 4935 2842 4990 ibidem
2875 4936 3021 4989 mori
3055 4934 3298 5007 cogitur.

2093 5032 2197 5084 Ast
2227 5027 2325 5084 alii
2357 5032 2620 5094 narrant,
2652 5026 2809 5081 hunc
2838 5024 3142 5095 indulgere
3174 5023 3422 5096 crapula:

2093 5123 2152 5175 et
2184 5118 2344 5189 potui
2378 5116 2633 5182 solitum,
2669 5114 2876 5170 mentis
2908 5130 3252 5193 perpesspm
3285 5112 3564 5181 extasim;

2094 5212 2270 5280 atque
2300 5206 2381 5261 ita
2412 5205 2695 5261 creditum
2726 5203 2905 5259 vitam
2938 5202 3139 5258 finisse
3170 5202 3398 5269 misere,

2093 5312 2285 5368 capsae
2317 5295 2495 5349 fuisse
2526 5292 2804 5348 traditum
2838 5310 2939 5347 ceu
2972 5293 3253 5360 cadaver;

2094 5390 2221 5441 tum
2252 5400 2387 5439 vero
2420 5383 2545 5438 saxi
2576 5384 2810 5438 admoto
2843 5383 2913 5436 ad
2946 5380 3281 5453 sepulcrum
3316 5378 3499 5447 obice,

2094 5474 2435 5530 tristissime
2464 5471 2783 5542 eiulantem
2816 5488 2975 5527 mors
3007 5469 3317 5543 oppressit.

2090 5564 2199 5619 Alii
2235 5563 2485 5635 denique
2518 5566 2758 5617 narrant
2786 5562 2839 5617 id
2872 5561 2955 5615 illi
2987 5578 3055 5615 ex
3084 5559 3243 5631 gravi

2089 5652 2294 5710 morbo
2325 5651 2631 5721 accidisse,
2661 5650 2976 5722 visumque
3006 5649 3355 5705 exstinctum
3380 5645 3673 5702 omnibus.
