4038 6214
328 275 393 331 51
1536 299 1906 352 ΕΡΗΒΕΜΠ

2008 297 2531 358 HRONOGRAPHI

746 408 1155 468 ANATASIUS
1193 414 1308 470 AN.
1350 417 1566 476 XXVII.

331 525 561 584 Zenone
592 528 751 586 hunc
781 531 913 589 vitae
939 535 1163 592 exitum
1194 541 1423 610 sortito,

330 618 574 672 senatus
605 622 662 673 et
691 620 1065 690 optimatium
1091 627 1161 682 de
1191 633 1485 687 sententia

328 705 529 774 regina
557 705 813 762 Ariadna
843 709 916 764 ad
951 713 1286 771 societatem
1319 719 1448 774 vitae

333 790 460 862 lege
484 793 674 863 jugali
708 797 966 854 traditur
997 805 1328 873 Anastasio,

331 879 424 933 cui
458 880 674 936 fontem
698 886 930 955 generis
961 891 1103 947 urbs
1134 892 1462 964 Epidaurus
1495 897 1763 968 praebuit.

329 968 478 1023 Tum
512 969 562 1024 is
603 971 902 1032 Romanus
936 979 1150 1050 legitur
1174 983 1495 1055 imperator

333 1058 589 1114 eunuchi
621 1061 830 1119 validis
863 1068 1092 1125 artibus
1125 1073 1366 1140 Urbicii,

335 1150 512 1217 atque
543 1149 614 1203 ab
649 1150 974 1224 Euphemio
1007 1167 1322 1217 coronatur
1347 1164 1623 1236 praesule.

335 1233 432 1290 Sic
461 1240 551 1292 est
582 1238 898 1311 imperium
933 1253 1140 1305 nactus
1177 1254 1554 1325 Anastasius,

337 1322 432 1378 cui
464 1336 915 1395 cognomentum
949 1335 1196 1395 Dicorus
1226 1341 1495 1414 adhaesit,

342 1413 624 1482 quoniam
657 1419 874 1490 pupilis
898 1423 1007 1480 fuit
1036 1426 1454 1497 dissimilibus,

341 1501 612 1559 dextrum
643 1505 907 1566 videlicet
929 1513 1319 1586 nigricantem
1351 1520 1609 1592 oculum,

338 1589 612 1658 glaucum
646 1595 956 1656 sinistrum
989 1605 1301 1677 insigniter
1328 1626 1554 1680 gerens.

340 1679 445 1734 llic
477 1681 764 1740 tributum
799 1690 926 1744 auri
958 1695 1323 1768 argentique,

337 1767 593 1826 invisum
625 1776 852 1833 cunctis
882 1781 1136 1838 subditis
1166 1787 1704 1863 molestissimum;

342 1855 567 1913 malum
600 1863 843 1936 vectigal
874 1868 966 1939 pie
997 1873 1291 1942 perimens
1321 1878 1590 1947 sustulit;

342 1961 458 2016 quo
489 1956 782 2023 manente,
814 1972 1301 2035 unumquemque
1332 1983 1481 2038 opus
1511 1973 1635 2024 erat

343 2051 449 2105 pro
481 2052 544 2091 se
575 2040 884 2114 brutisque
915 2048 1090 2106 etiam
1123 2052 1480 2112 animalibus

343 2139 609 2182 annuum
640 2132 941 2189 numisma
969 2139 1204 2208 publico
1233 2145 1434 2200 aerario
1463 2147 1733 2216 pendere.

346 2211 504 2268 Idem
539 2215 772 2275 venales
803 2227 976 2279 antea
1003 2227 1319 2299 dignitates

343 2305 400 2354 et
428 2301 794 2371 publicarum
829 2326 1022 2368 rerum
1064 2321 1527 2390 procurationes,

341 2389 570 2446 sublato
600 2394 805 2464 abusu,
837 2402 1021 2472 gratis
1053 2408 1320 2464 tradebat
1350 2389 1568 2482 dignis.

340 2478 587 2536 Caeteras
619 2499 852 2555 quoque
883 2494 1164 2562 regnandi
1196 2501 1389 2566 partes
1416 2478 1582 2556 recte
1619 2502 1906 2575 explebat.

339 2565 824 2656 Syncbyticorum
857 2581 1054 2636 tamen
1083 2565 1404 2656 occupatus
1435 2588 1644 2646 haeresi

338 2654 615 2713 Ecclesiis
645 2662 984 2723 ortbodoxis
1015 2654 1298 2729 molestus
1332 2682 1470 2732 erat.

338 2743 457 2799 Hoc
488 2757 769 2818 regnante
800 2759 1109 2813 Anastasio
1142 2761 1292 2818 mira
1322 2780 1415 2820 res
1455 2768 1666 2825 evenit.

335 2831 584 2896 Quidam
616 2843 952 2911 Agarenicee
985 2848 1174 2905 tribus
1208 2851 1481 2927 princeps

333 2921 428 2977 cui
462 2939 674 2982 nomen
708 2929 1161 3006 Alamundarus,
1195 2921 1370 2998 bomo
1393 2945 1570 3018 frugi,

332 3010 565 3070 Christo
599 3032 663 3072 se
694 3019 1046 3094 adjungens,
1080 3026 1308 3099 riteque
1338 3010 1580 3092 edoctus
1614 3039 1749 3095 ﬁdei

336 3100 612 3172 dogmata
637 3106 710 3196 ab
740 3109 1080 3170 orthodoxis
1111 3119 1650 3196 archiprzesulibus,

335 3187 712 3260 baptismatis
743 3204 1039 3267 postremo
1070 3187 1320 3276 gratiam
1353 3187 1652 3285 impetrat:

338 3275 656 3350 Recognita
688 3283 932 3342 Severus
963 3295 1236 3361 profanos
1265 3316 1405 3356 suos

336 3371 602 3436 pastores
632 3371 703 3426 ad
736 3372 892 3431 hunc
924 3380 1104 3436 mittit
1132 3384 1256 3441 sine
1288 3404 1451 3445 mora

335 3469 584 3524 quorum
617 3476 724 3532 ope
754 3466 1111 3539 neopbytum
1152 3475 1224 3529 ad
1256 3493 1319 3532 se
1352 3479 1634 3549 pelliciat.

334 3545 389 3597 Is
419 3549 617 3604 autem
648 3550 782 3607 ﬁdei
814 3557 1007 3623 tenax,
1041 3564 1096 3614 et
1125 3561 1338 3621 Christi
1353 3545 1520 3640 'lapis

331 3631 637 3708 immotus,
663 3637 884 3711 legatos
916 3645 1048 3704 illos
1079 3652 1163 3706 sic
1194 3631 1460 3727 coarguit
1492 3673 1506 3711 :

331 3724 557 3780 curavit
586 3729 743 3785 enim
775 3737 839 3787 ut
862 3733 1171 3794 familiaris
1205 3724 1376 3799 homo

329 3812 400 3866 ad
434 3829 636 3870 aurem
664 3818 779 3874 sibi
800 3821 1018 3893 aliquid
1049 3843 1326 3885 arcanum
1361 3831 1579 3891 diceret
1614 3853 1626 3892 :

330 3902 453 3955 tum
486 3903 738 3976 impuris
770 3913 1102 3980 pastoribus
1131 3915 1623 3995 inspectantibus,

334 4005 578 4048 mmrore
599 4010 661 4049 se
691 4011 1021 4071 correptum
1055 4005 1222 4062 ﬁnxit
1251 4009 1544 4084 princeps.

333 4077 422 4132 Illi
453 4096 686 4138 causam
719 4096 926 4159 rogant
951 4107 966 4157 ;
1002 4109 1152 4164 quos
1177 4077 1380 4155 contra
1417 4077 1558 4159 talia
1589 4106 1764 4165 refert

333 4169 666 4227 nuntiatum
693 4175 827 4242 sibi,
861 4178 1204 4239 Micbaelem
1235 4201 1591 4249 summatem

331 4256 794 4331 angelorumque
838 4265 1048 4322 ducem
1082 4287 1268 4342 nuper
1297 4282 1616 4339 mortuum.

329 4343 452 4401 Illis
478 4363 804 4408 sermonem
835 4354 1010 4410 talem
1043 4364 1456 4429 respuentibus
1482 4385 1496 4434 ;

329 4434 528 4492 fabula
558 4443 794 4513 retecta,
831 4446 914 4500 sic
946 4453 1147 4502 contra
1181 4450 1332 4506 fatur
1362 4456 1595 4524 regulus
1632 4475 1646 4513 :

329 4522 444 4579 Cur
472 4541 610 4598 ergo
638 4543 743 4585 vos
774 4530 1032 4591 humana
1062 4553 1193 4593 cum
1228 4545 1437 4598 natura

329 4610 587 4671 divinam
619 4619 762 4689 pati,
797 4639 985 4694 nuper
1014 4625 1234 4684 tulistis
1265 4631 1480 4704 dogma
1500 4634 1527 4689 Τ

330 4705 487 4758 Tunc
521 4704 604 4760 illi
635 4707 771 4764 victi
801 4713 1023 4783 pudore
1055 4717 1452 4778 discedebant.

332 4790 554 4848 Certior
584 4799 934 4856 Anastasius
967 4806 1164 4860 nescio
1193 4825 1305 4878 quo
1335 4817 1571 4869 auctore
1605 4815 1794 4873 tactus

335 4879 649 4940 fulminum
675 4887 840 4958 jactu
873 4891 985 4946 sibi
1018 4893 1074 4946 in
1109 4894 1244 4952 fatis
1274 4913 1404 4954 esse

335 4975 398 5023 ut
423 4969 549 5026 vita}
579 4978 637 5029 et
668 4993 844 5047 regno
877 4980 1191 5038 terminum
1225 4984 1572 5061 imponeret,

333 5075 626 5116 cameram
659 5067 872 5121 struxit
897 5075 1020 5125 arte
1049 5080 1353 5129 venustam
1385 5079 1532 5134 mira

334 5147 426 5202 cui
458 5149 768 5223 fastigiataa
800 5173 1010 5214 nomen
1045 5166 1179 5231 apte
1211 5163 1383 5234 fecit;

332 5235 389 5291 in
421 5254 539 5310 qua
563 5241 868 5300 diversans
901 5247 1149 5307 fulmine
1179 5263 1522 5326 erumpente

329 5326 591 5383 subitum
621 5331 746 5386 vita:
780 5333 952 5390 finem
989 5343 1195 5396 nactus
1227 5347 1340 5401 est.

329 5419 382 5473 Is
414 5420 479 5472 ut
507 5418 820 5478 Moesorum
851 5424 1314 5501 Gothorumque,
1349 5433 1482 5490 Istri
1516 5436 1837 5498 incolarum

2009 418 2062 486 Α
2519 429 2972 492 ΑΝΑΣΤΑΣΙΟΣ
3029 438 3140 497 ET.
3195 443 3312 499 KZ'.

2266 549 2481 605 Τούτου
2511 559 2974 632 καταστρέψαντος
3005 563 3146 619 οὕτω
3176 567 3268 622 τὸν
3304 569 3444 644 βίον,

2270 637 2454 711 Βουλῇ
2480 641 2763 715 γερουσίας
2791 666 2848 702 τε
2877 649 2965 701 καὶ
2994 654 3101 704 τῶν
3125 650 3175 705 ἐν
3197 637 3344 710 τέλει

2095 725 2232 779 1045
2272 726 2632 801 Συζεύγνυται
2664 729 2730 800 δὴ
2769 734 2985 809 βασιλὶς
3014 738 3267 814 Ἀριάδνη

2269 814 2599 891 Ἀναστασίῳ
2633 822 2767 895 πρὸς
2800 825 2981 897 γάμου
3007 829 3315 899 κοινωνίαν,

2266 902 2526 960 ’Ἐλκοντι
2555 912 2736 983 σειρὰν
2770 911 2820 982 ἐξ
2853 912 3188 989 Ἐπιδάμνου
3217 918 3426 994 γένους*

2267 994 2365 1049 "Ov
2388 995 2628 1071 κράτορα
2655 996 2867 1076 δέδειχε
2895 1011 2994 1073 τῆς
3026 1006 3334 1080 Ῥωμαΐδος

2267 1079 2564 1157 Οὐϐρικίου
2595 1089 2924 1154 σπεύσαντος
2959 1094 3227 1171 εὐνούχου
3255 1097 3400 1174 τόδε,

2091 1172 2230 1226 1050
2268 1171 2557 1250 Εὐφήμιος
2588 1173 2634 1230 δ’
2666 1174 2850 1252 ἔστεψε
2879 1179 3024 1237 τόνδ’
3050 1184 3374 1261 ἀρχιθύτης.

2267 1259 2457 1323 Οὕτως
2487 1264 2838 1330 Ἀναστάσιος
2868 1266 2996 1344 ἔσχε
3024 1272 3085 1326 τὸ
3115 1273 3334 1348 κράτος,

2266 1350 2455 1413 ’Ὀστις
2486 1351 2842 1427 ἐπωνόμαστο
2873 1360 3104 1436 Δίκορος
3137 1364 3299 1437 Θέσιν,

2267 1439 2364 1501 Οἷς
2397 1439 2504 1516 οὐχ
2534 1443 2727 1515 ὁμοίας
2759 1441 2915 1522 ἔσχεν
2945 1450 3210 1523 ὁμματων
3243 1454 3430 1529 κόρας,

2268 1528 2443 1584 ’Λλλά
2475 1531 2800 1606 μελαντέραν
2834 1538 2930 1609 μὲν
2965 1539 3139 1594 αὐτῶν
3173 1528 3420 1618 θατέραν,

2089 1616 2230 1673 4055
2269 1617 2520 1689 Γλαυκήν
2551 1618 2607 1677 δὲ
2638 1620 2796 1679 λαιὰν
2826 1627 2900 1689 ὡς
2933 1626 3203 1702 ἐπίσημον
3234 1616 3432 1706 φέρων

2266 1707 2440 1770 Οὗτος
2477 1707 2742 1787 βδελυρὰν
2777 1713 3029 1792 εἷσφτρὰν
3061 1722 3406 1795 χυσαργύρου

2016 1790 2061 1856 Β
2267 1799 2532 1866 Ὑπήκοον
2558 1821 2587 1854 τ
2594 1790 2882 1876 ρύχουσανή
2899 1806 3035 1860 ἅπαν

2268 1887 2482 1958 Δασμὸν
2512 1890 2750 1964 πονηρὸν
2783 1887 3016 1954 εὐσεϐῶς
3046 1893 3253 1956 παύσας
3282 1894 3421 1970 ἔχει,

2267 1978 2404 2039 Καθ’
2432 1976 2492 2032 δν
2520 1999 2604 2040 τις
2635 1980 2941 2055 ἠνάγκαστο
2963 1988 3066 2046 πᾶς
3095 1987 3456 2062 συνεισφέρειν

2092 2064 2231 2120 1060
2267 2065 2423 2141 Ὑπὲρ
2453 2067 2499 2120 θ’
2529 2065 2719 2122 ἑαυτοῦ
2750 2070 2839 2124 καὶ
2873 2071 3184 2142 προσόντων
3219 2071 3460 2148 ἀλόγων,

2267 2153 2514 2223 Ἐτήσιον
2549 2155 2792 2228 νόμισμα
2821 2163 2900 2229 τῷ
2929 2165 3096 2231 κοινῷ
3123 2162 3312 2237 φόρον

2265 2241 2371 2297 Καὶ
2400 2239 2666 2316 δημοσίας
2696 2242 2858 2308 οὔσας
2890 2247 3062 2324 ἀρχὰς
3092 2247 3310 2322 ὠνίους,

2265 2333 2406 2406 Πρὸς
2433 2329 2478 2386 δ’
2509 2334 2573 2386 αὖ
2605 2331 2902 2404 διοικήσεις
2929 2356 2988 2391 τε
3015 2343 3218 2391 κοινῶν
3247 2338 3578 2414 πραγμάτων

2265 2421 2480 2486 Παύσας
2507 2428 2768 2498 παρεῖχεν
2803 2422 2949 2479 ἀδοτ⁹
2977 2431 3094 2488 τοῖς
3124 2427 3314 2497 ἀξίοις·

2090 2511 2226 2566 1065
2264 2511 2364 2564 Καὶ
2392 2509 2570 2566 τᾶλλα
2601 2509 2646 2566 δ’
2677 2514 2858 2588 ἀρχῆς
2888 2513 3131 2588 εὐτυχῶς
3155 2515 3224 2584 ἦν
3257 2513 3480 2571 διέπων·

2265 2597 2416 2668 Πλὴν
2451 2605 2806 2675 Συγχυτικῶν
2830 2604 3202 2677 καθυπαχθεὶς
3228 2606 3455 2681 αἱρέσει,

2259 2688 2360 2750 Τὰς
2387 2687 2689 2762 όρθοδόξων
2722 2693 2786 2758 ἦν
2819 2696 2999 2746 κακῶν
3027 2690 3344 2764 ἐκκλησίας,

2256 2777 2464 2832 Τούτου
2493 2783 2822 2854 κρατοῦντος
2855 2781 3152 2852 θαυμάσιον
3185 2778 3383 2850 συνέϐη

2262 2867 2562 2944 Φύλαρχος
2594 2868 2730 2943 ἀνὴρ
2763 2871 3076 2945 Ἀγαρηνῶν
3106 2876 3213 2926 τῶν
3240 2873 3366 2927 τότε

2085 2959 2223 3013 1070
2261 2955 2464 3026 Κλῆσιν
2496 2956 2936 3034 Ἀλαμούνδαρος
2968 2961 3168 3035 ἀγαθὸς
3197 2961 3439 3036 τρόπους

2260 3050 2486 3120 Χριστῷ
2515 3047 2832 3122 προσελθὼν
2860 3050 2949 3104 καὶ
2981 3051 3209 3122 μυηθεὶς
3240 3050 3469 3115 εἷ’κότως

2004 3151 2048 3218 C
2267 3137 2408 3210 Πρὸς
2442 3134 2746 3210 ὀρθοδόξων
2781 3139 3101 3214 ἀρχυθυτῶν
3133 3142 3432 3214 ποιμένων,

2263 3226 2492 3280 Ἔπειτα
2526 3226 2901 3299 βαπτίσματος
2933 3227 3097 3304 αὐχεῖ
3122 3231 3222 3298 τὴν
3252 3229 3438 3305 χάριν.

2263 3317 2441 3370 Ταῦτα
2476 3317 2657 3388 μαθὼν
2693 3311 2939 3390 Σεϐῆρος
2971 3320 3085 3391 (20)
3116 3318 3281 3372 αὐτοῦ
3313 3315 3579 3392 ποιμὲνας

2089 3403 2228 3459 1075
2267 3401 2540 3477 Ἀνιέρους
2571 3402 2828 3474 πέπομφε
2857 3405 2995 3478 πρὸς
3025 3409 3218 3460 τοῦτον
3256 3405 3449 3480 τάχος·

2264 3488 2520 3544 Σπεύδων
2556 3488 2602 3544 δ’
2632 3491 2809 3546 αὐτῶν
2845 3491 2922 3554 εἷς
2955 3492 3142 3550 ἑαυτὸν
3177 3493 3397 3550 ἑλκύσαι

2264 3580 2408 3633 Ἐπεὶ
2444 3576 2489 3633 δ’
2520 3578 2758 3654 ἕρασθεὶς
2789 3578 3024 3645 πίστεως
3053 3587 3292 3658 Χριστοῦ
3320 3582 3489 3658 πέτρα

2261 3673 2543 3730 ’Ἃσειστος
2570 3669 2661 3740 ἧν,
2699 3668 2932 3741 μέτεισιν
2960 3671 3156 3735 αὐτοὺς
3189 3669 3289 3727 ὡδί
3318 3692 3457 3736 πως·

2262 3762 2417 3812 Ποιεῖ
2445 3759 2566 3813 τινά
2595 3759 2648 3812 οἱ
2677 3762 2784 3814 τῶν
2822 3759 2909 3815 ὑπ’
2939 3760 3100 3816 αὐτὸν
3135 3760 3425 3837 ἐκκρίτων,

2085 3848 2224 3904 1080
2262 3847 2408 3920 Ηρὸς
2439 3847 2530 3910 οὗς
2557 3847 2857 3922 ψιθυρίζειν
2885 3869 2938 3903 τι
2967 3851 3398 3926 προσκεκοφότα,

2259 3935 2362 3990 Καὶ
2387 3939 2494 3989 τῶν
2528 3933 2806 4011 βδελυρῶν
2840 3936 3116 4009 ποιμένων
3143 3935 3502 4013 δεδορκότων,

2261 4024 2390 4078 Εἶτα
2421 4022 2709 4102 φύλαρχος
2737 4023 2920 4079 ἀλύειν
2953 4026 3236 4102 ὑπεκρίθησ

2261 4118 2495 4189 ’Ήροντο
2528 4111 2573 4168 δ’
2606 4115 2656 4169 οἱ
2690 4115 2785 4188 μὶν
2819 4113 3010 4170 αἰτίαν·
3043 4116 3078 4185 ἦ
3113 4114 3161 4171 δ’
3191 4115 3248 4179 ὅς
3278 4114 3423 4172 τάδε’

2261 4203 2349 4264 Ὠς
2384 4209 2690 4275 μηνυθῆναι
2723 4203 2950 4278 Μιχαὴλ
2980 4208 3369 4280 πρωτοστάτην

2088 4292 2228 4348 1085
2265 4292 2361 4345 Καὶ
2389 4293 2785 4367 ταγματάρχην
2819 4293 3063 4369 ἀγγέλων
3096 4295 3186 4350 νῦν
3213 4298 3485 4366 τεθνάναι,

2261 4381 2383 4435 Τῶν
2417 4376 2464 4432 δ’
2495 4379 2593 4434 οὐκ
2622 4380 2842 4435 ἀνεκτὸν
2868 4383 2958 4438 τὸν
2994 4380 3156 4461 λὸγον
3189 4388 3540 4459 ποιουμένων

2003 4488 2049 4553 D
2261 4469 2322 4524 Ὁ
2353 4464 2398 4520 δ’
2431 4464 2739 4541 ἐκκαλύψας
2772 4470 2834 4524 τὸ
2867 4468 3071 4546 δρᾶμα,
3101 4479 3218 4536 τοῖς
3252 4471 3298 4528 δ’
3329 4475 3554 4553 ἀντέφη·

2262 4555 2360 4609 Καὶ
2387 4559 2504 4618 πῶς
2530 4557 2656 4631 παρ’
2689 4557 2815 4630 ὑμῖν
2850 4567 3148 4633 συμπαθεῖν
3179 4561 3321 4626 θείαν
3354 4564 3510 4640 φύσιν

2260 4643 2620 4720 ἈνΘρωπίνῃ,
2650 4644 2851 4725 πέφυκε
2879 4646 2968 4702 νῦν
2999 4647 3361 4726 δεδογμένον;

2083 4733 2222 4787 1090
2261 4731 2354 4787 Ἐκ
2381 4730 2530 4787 τοῦδ’
2561 4733 2979 4806 ἀπηλλάττοντο
3011 4740 3490 4816 κατῃσχυμμένοι.

2256 4822 2534 4897 Προγνοὺς
2567 4824 2818 4898 βασιλεὺς
2849 4827 3006 4889 οὗτος
3038 4829 3139 4884 οὐκ
3168 4826 3289 4884 οἶδα
3320 4831 3480 4896 πόθεν

2253 4915 2338 4971 Ὡς
2370 4909 2429 4965 ἐκ
2455 4917 2723 4986 κεραυνῶν
2757 4914 3041 4989 ἀστραπῶν
3074 4915 3308 4993 α’ίμαρτό
3341 4920 3395 4974 οἱ

2261 4998 2390 5055 Βίου
2420 5001 2662 5074 γενέσθαι
2689 5004 2777 5057 καὶ
2813 5003 3089 5078 βασιλείας
3112 5007 3298 5081 πὲρας.

2259 5087 2517 5161 Θάλαμον
2549 5087 2596 5143 δ’
2625 5091 2873 5166 ἀνήγειρε
2897 5091 3192 5149 κάλλιστον
3237 5095 3407 5171 δόμον

2085 5177 2222 5232 1095
2259 5175 2512 5233 Θολωτὸν
2543 5179 2698 5234 αὐτὸν
2731 5178 2962 5245 καλέσας
2993 5185 3349 5260 φερωνύμως.

2259 5266 2347 5321 'Ev
2379 5266 2423 5338 ᾦ
2457 5264 2651 5341 διάγων
2686 5269 2970 5344 ἀστραπῶν
3000 5273 3351 5348 ῥηγνυμένων

2259 5354 2546 5426 Ἐξαπίνης
2578 5355 2768 5432 εὕρατο
2798 5361 2972 5436 τέρμα
3001 5366 3097 5418 τοῦ
3133 5363 3273 5440 βίου.

2256 5441 2428 5506 Οὗτος
2459 5450 2655 5499 Μυσῶν
2689 5468 2746 5502 τε
2775 5449 2863 5502 καὶ
2895 5456 3116 5516 Σκυθῶν
3148 5455 3483 5531 παριστρίων

395 5579 507 5650 (20)
537 5582 770 5641 Scilicet
799 5587 1044 5643 Severus
1077 5591 1392 5650 Antiochiae
1427 5599 1775 5671 patriarcha,
1809 5604 2118 5664 haereticus
2143 5605 2527 5679 Synchyticus
2555 5612 2611 5664 et
2643 5609 3119 5683 Theopaschites.

3669 329 3748 384 52
