4086 6210
338 287 410 344 55
1545 287 1920 342 ΕΡΗΒΔΕΜΙῙ

1545 287 1920 342 ΕΡΗΒΔΞΜΙῙ
1956 281 2526 342 CHRONOGRAPHI

673 375 1004 467 iusrmos
1038 407 1303 466 JUNIOR
1343 409 1461 465 AN.
1501 409 1648 468 xm.

344 513 481 567 Post
506 510 664 566 hunc
688 509 958 566 Justinus
991 507 1178 565 comis
1208 511 1386 579 atque
1416 508 1550 579 pius

345 600 573 658 ornavit
603 617 636 654 a
672 601 780 653 Deo
813 599 1015 653 datum
1050 597 1276 669 regium
1309 602 1580 667 stemma,

347 694 403 748 et
433 690 520 746 vir
549 687 949 762 pragmaticus
978 691 1035 742 et
1068 686 1256 743 bonus
1291 686 1626 758 imperator,

350 779 669 844 beneﬁcus,
701 776 1030 845 benivolus,
1059 777 1323 831 modesto
1356 776 1591 847 Spiritu,

350 869 593 941 probus,
627 865 1065 938 magnanimus,
1099 865 1228 919 miti
1260 865 1513 936 ingenio.

352 957 455 1012 Hic
484 955 642 1011 velut
671 971 806 1010 arca
836 971 896 1010 re
927 954 1080 1009 bona
1110 954 1471 1020 redundans,

350 1045 780 1116 virtitubusque
815 1059 950 1114 rege
981 1041 1174 1114 dignis
1207 1041 1506 1114 praeditus,

347 1134 585 1205 justitia
615 1139 812 1188 tamen
836 1132 1021 1199 magis
1054 1129 1453 1202 praefulgebat,

358 1223 476 1294 Ipsi
507 1222 726 1277 sociata
756 1220 867 1274 fuit
897 1220 1109 1275 fmdere
1139 1219 1395 1291 conjugii

359 1310 577 1367 femina
603 1327 636 1365 a
666 1308 781 1366 Deo
813 1310 983 1364 docta
1013 1307 1232 1381 Deique
1264 1323 1560 1377 reverens,

356 1399 572 1472 Sophia
597 1399 772 1468 dicta,
806 1397 1070 1454 moribus
1101 1415 1230 1454 vere
1261 1397 1464 1469 sopha.

358 1490 484 1544 Haec
519 1487 751 1543 miseris
783 1502 947 1558 spem
980 1487 1219 1542 ferendo
1252 1490 1483 1542 aetatem
1513 1487 1692 1542 trivit.

357 1577 506 1632 Nam
533 1577 976 1648 exstinguendis
1008 1577 1400 1632 fenerantium
1431 1577 1690 1632 sortibus

357 1670 649 1738 quotquot
679 1665 736 1719 in
772 1666 913 1720 urbe
945 1664 1105 1736 regia
1133 1665 1353 1720 versari
1379 1664 1558 1732 novit,

360 1753 550 1811 alieno
581 1769 693 1808 aere
720 1768 954 1824 presso
985 1752 1300 1824 expedivit,

360 1842 727 1916 syngraphas
760 1846 939 1913 atque
965 1841 1213 1913 pignora
1243 1842 1313 1896 ad
1349 1857 1410 1897 se
1441 1841 1690 1914 recepit;

359 1946 611 2002 quorum
644 1929 894 1986 alterum
926 1929 1183 1985 dominis
1213 1929 1444 1985 restitui
1467 1931 1670 2002 jussit,

359 2019 610 2076 alterum
641 2019 764 2090 igni
794 2019 1053 2089 tradens,
1087 2036 1209 2076 rem
1242 2019 1459 2075 malam
1491 2020 1755 2076 abstulit.

359 2108 633 2164 Justinus
661 2107 959 2163 infirmam
993 2107 1252 2179 corporis
1284 2109 1356 2163 ob
1389 2125 1732 2181 compagem

363 2211 613 2266 raroque
643 2196 716 2250 ob
750 2196 1023 2250 morbum
1055 2196 1332 2267 prodiens
1361 2197 1420 2250 in
1454 2198 1782 2268 publicum,

365 2285 706 2341 hominibus
737 2284 978 2355 injustis
1015 2285 1175 2340 auxit
1209 2285 1638 2357 impudentiam
1673 2304 1687 2343 :

365 2391 547 2447 quare
578 2374 844 2429 maeroris
868 2373 1070 2445 jaculo
1101 2375 1388 2445 conﬁxus,

365 2461 718 2533 consiliique
749 2465 923 2533 inops
954 2479 1087 2518 cum
1121 2463 1339 2518 Davide
1369 2463 1561 2520 aiebat
1587 2481 1600 2520 :

369 2552 537 2619 Quis,
568 2567 691 2618 oro,
722 2550 936 2606 vindex
964 2550 1123 2608 latus
1154 2552 1307 2625 leget
1337 2568 1533 2608 meum
1555 2553 1584 2607 ‘I

369 2641 511 2704 Quis
539 2640 889 2696 adversariis
921 2656 1151 2696 mecum
1187 2642 1634 2698 adversabitur?

370 2734 517 2784 Tum
549 2729 791 2800 quidam
822 2730 1084 2798 adstans,
1115 2745 1217 2785 ceu
1247 2730 1524 2801 quoniam
1554 2730 1756 2803 Isaias,

371 2819 462 2872 vir
489 2817 814 2887 animosus,
847 2817 1175 2889 iniquitatis
1205 2835 1362 2886 osor,

375 2907 513 2976 Rex,
542 2905 754 2977 inquit,
786 2907 1032 2977 adsum;
1065 2922 1242 2979 Opera
1271 2923 1399 2963 mea
1429 2912 1700 2981 prompta
1729 2913 1836 2967 est.

372 3001 520 3068 Ergo
550 2995 601 3051 is
630 2996 886 3051 obtinuit
917 3013 1134 3052 munus
1166 2997 1537 3068 praefecturae.

371 3085 537 3141 Hunc
568 3101 668 3141 rex
696 3084 986 3142 hortando
1017 3086 1152 3142 fecit
1180 3086 1598 3144 animosiorem

373 3177 578 3230 contra
607 3191 845 3247 rapaces
878 3175 1326 3248 homicidasque
1355 3176 1546 3250 lupos.

371 3263 462 3317 Sic
493 3263 604 3317 iste
634 3264 704 3317 ad
733 3279 853 3317 rem
887 3264 1202 3335 gerendam
1237 3267 1501 3320 munitus
1533 3267 1660 3321 fuit.

371 3353 521 3420 Ergo
552 3351 695 3405 dum
721 3351 978 3419 juridico
1011 3367 1114 3421 pro
1147 3352 1421 3408 tribunali
1455 3355 1638 3422 sedet,

373 3439 614 3508 quidam
647 3439 900 3494 accessit
930 3439 1212 3510 ignobilis
1243 3445 1420 3511 atque
1453 3457 1674 3512 pauper

371 3528 442 3582 de
464 3526 588 3582 viro
619 3527 801 3582 nobili
832 3526 1258 3599 splendidoque
1287 3528 1666 3600 expostulans

377 3621 617 3689 pr0pter
647 3616 873 3687 injuriae
903 3617 1125 3672 crimen
1159 3622 1215 3673 et
1246 3617 1624 3674 maleﬁcium.

375 3707 520 3775 Ergo
550 3705 600 3760 is
636 3705 852 3774 peccati
886 3709 1184 3762 auctorem
1217 3706 1277 3761 in
1302 3708 1403 3778 jus
1428 3713 1614 3775 vocat,

375 3793 474 3862 qui
503 3791 906 3848 vadimonium
939 3792 1177 3848 deserit.
1211 3797 1392 3848 Vocat
1420 3793 1632 3850 iterum
1666 3811 1679 3850 :

375 3881 473 3937 ille
503 3880 776 3954 superbis
807 3897 930 3938 rem
961 3881 1218 3954 praterit
1247 3883 1513 3939 auribus.

379 3972 439 4025 ιτ]
473 3971 573 4026 ubi
606 3970 794 4027 datori
825 3971 1135 4044 potestatis
1167 3972 1285 4043 regi

377 4061 654 4131 innotuit,
681 4061 905 4118 dictum
937 4061 1108 4118 laude
1137 4061 1381 4134 dignum
1415 4064 1695 4135 protulit:

379 4151 438 4205 Si
469 4149 707 4222 quidem
736 4150 861 4222 ipse
892 4152 1222 4222 praeterjus
1253 4151 1390 4223 quid
1425 4153 1631 4225 fecero,

379 4238 580 4295 hortor
608 4241 680 4295 de
709 4240 868 4312 regio
897 4239 1175 4297 detrahas
1205 4258 1300 4296 me
1324 4241 1556 4299 throno.

377 4329 562 4402 Igitur
590 4333 801 4401 prator
831 4324 1064 4401 rapiens
1095 4345 1163 4385 ex
1192 4331 1450 4387 convivio

379 4418 676 4474 hominem
710 4416 880 4473 illum
912 4418 1060 4473 forte
1089 4425 1226 4473 tunc
1259 4421 1662 4494 prandentem,

379 4508 655 4581 pauperis
681 4524 920 4566 causam
979 4513 1046 4565 ut
1076 4527 1185 4582 par
1213 4514 1303 4566 est
1332 4513 1600 4583 cognovit
1634 4530 1647 4567 :

379 4615 632 4670 cumque
663 4599 875 4670 rapinrr
913 4599 1130 4655 crimen
1163 4600 1522 4670 emersisset,

377 4688 565 4760 plagis
592 4690 799 4744 merito
833 4688 1124 4760 impositis
1151 4692 1402 4762 castigat
1432 4707 1594 4746 reum

380 4782 614 4849 propter
639 4778 957 4850 contempti
982 4777 1196 4848 judicii
1229 4778 1680 4850 impudentiam.

381 4867 620 4922 Multam
657 4871 926 4940 praeterea
959 4873 1126 4940 rapta
1159 4885 1263 4940 pro
1293 4885 1354 4923 re
1384 4869 1710 4940 persolvere

380 4957 552 5028 longe
582 4958 904 5029 graviorem
939 4957 1168 5029 cogitur
1197 4955 1295 5011 ille
1324 4956 1543 5013 invitus
1579 4975 1591 5014 :

379 5061 625 5116 namque
659 5045 899 5117 pauperi
932 5049 1140 5115 praetor
1171 5045 1495 5101 habendam
1526 5048 1752 5103 tribuit.

883 5152 1218 5209 TIBERIUS
1256 5154 1374 5209 AN.
1418 5154 1509 5208 lV.

377 5251 481 5307 Ubi
509 5251 781 5307 Justinus
814 5255 1112 5322 sceptrum
1145 5268 1281 5306 cum
1311 5252 1430 5306 vita
1460 5253 1676 5320 amisit,

373 5341 596 5398 exstitit
627 5343 854 5414 imperii
887 5359 1196 5398 successor
1224 5341 1494 5399 Tiberius

374 5429 672 5498 religionis
703 5447 910 5486 amans
936 5430 1110 5484 homo
1138 5429 1454 5501 legumque
1485 5447 1774 5501 reverens,

375 5519 518 5573 nihil
555 5522 611 5574 in
646 5519 913 5574 Ecclesiae
948 5518 1237 5573 institutis
1271 5520 1575 5587 innovans,

369 5610 468 5664 sed
501 5607 558 5663 in
593 5607 948 5680 praescriptis
977 5609 1400 5679 conquiesceus
1427 5613 1670 5682 regulis,

2015 405 2072 474 Α

2031 1774 2078 1840 Β

2055 4504 2103 4570 D

2440 406 2811 462 ΙΟΥΣΤΙΝΟΣ
2848 407 2887 456 Ο
2926 403 3110 459 ΝΕΟΣ
3150 401 3261 457 ΕΤ.
3303 401 3403 458 II“.

2273 503 2404 562 Μετ’
2434 503 2491 558 ’ὀν
2525 503 2829 578 προσηνὴς,
2861 495 3108 570 εὐσεϐὴς,
3139 501 3431 563 Ἰουστῖνος

2097 593 2240 649 1155
2277 598 2484 666 Κοσμεῖ
2509 592 2571 647 τὸ
2609 588 2884 665 βασίλειον
2919 589 2980 644 ἐκ
3010 593 3143 644 Θεοῦ
3175 591 3391 665 στέφος,

2277 681 2441 756 Ἀνὴρ
2473 678 2801 756 περιδέξιος,
2833 679 3029 753 ἀγαθὸς
3060 678 3300 754 κράτωρ,

2281 770 2652 846 Εὐεργετικὸς,
2685 768 2935 842 εὐμενὴς,
2968 767 3370 844 ταπεινόφρων,

2278 861 2549 935 Χρηστὸς,
2587 857 2998 934 μεγαλόψυχος,
3031 857 3170 928 ἡπία
3196 857 3373 936 φύσις·

2281 949 2453 1010 Οὗτος
2481 953 2708 1021 ταμεῖον
2743 947 2956 1023 ἀγαθῶν
2987 945 3377 1020 πεπλησμένον

2109 1039 2243 1095 1160
2286 1039 2370 1094 Ἐν
2408 1037 2720 1112 βασιλικαῖς
2751 1036 2964 1112 ἀρεταῖς
2992 1034 3303 1110 διαπρέπων

2281 1127 2603 1201 Δικαιοσύνη
2631 1126 2845 1200 μᾶλλον
2874 1125 3269 1202 ἠγλαῖσμένος·

2283 1221 2449 1291 Ὦπερ
2482 1223 2724 1284 συνῆπτο
2754 1217 2893 1289 πρὸς
2921 1216 3102 1288 γάμου
3130 1214 3415 1268 κοινωνίαν

2283 1306 2421 1374 Γυνῆ
2456 1305 2702 1383 θεόφρων
2740 1306 2831 1359 καὶ
2863 1305 2993 1360 Θεὸν
3021 1298 3338 1378 φοϐουμένη

2285 1393 2492 1464 Κλῆσιν
2525 1396 2718 1463 Σοφία,
2751 1394 2841 1448 καὶ
2872 1395 3011 1470 σοφή
3043 1414 3128 1455 τις
3160 1390 3286 1454 τοὺς
3313 1392 3572 1465 τρόπουςο

2108 1485 2248 1542 1165
2286 1486 2387 1546 Ἠς
2418 1478 2573 1559 ἔργον
2605 1485 2788 1546 οἶκτος
2815 1482 3034 1558 ἀπορων
3067 1480 3157 1536 καὶ
3191 1482 3522 1556 χρηστότης.

2287 1573 2429 1644 νῦτη
2465 1570 2765 1632 δανεισταῖς
2792 1565 3174 1626 καταϐαλοῦσα
3207 1569 3346 1645 χρέα

2284 1664 2519 1719 ’Ἀπασιν
2554 1663 2637 1724 οἷς
2670 1666 2886 1730 οἴκησις
2907 1662 2972 1728 ἦν
3005 1658 3139 1730 αὕτη
3173 1658 3336 1720 πόλις

2284 1752 2477 1824 Χρεῶν
2507 1747 2663 1813 λύσις
2692 1747 2738 1804 δ’
2768 1746 2998 1826 ὅφλουσι
3023 1748 3414 1820 καθισταμένη,

2289 1839 2589 1916 Ἐγγραφάς
2621 1835 2914 1915 ἀπείληφε,
2951 1838 3236 1911 μνήμονας
3267 1833 3467 1903 δόσεις,

2115 1931 2254 1986 1170
2291 1930 2386 1982 Ὧν
2419 1929 2639 2003 θάτερον
2673 1928 2765 2001 μὲν
2799 1933 2914 1988 τοῖς
2945 1926 3301 1998 κεκτημένοις
3331 1925 3507 1998 νέμει,

2297 2017 2376 2074 Τὸ
2400 2013 2448 2070 δ’
2476 2016 2607 2090 πυρὶ
2639 2013 2868 2071 δέδωκεν
2901 2015 2978 2077 εἷς
3010 2013 3332 2087 ἀμνηστίανο

2295 2106 2468 2168 Οὗτος
2499 2102 2776 2167 νοσώδους
2807 2102 3034 2179 σαρκίου
3064 2103 3262 2157 πλάσιν
3294 2099 3437 2176 ἔχων

2297 2195 2402 2251 Καὶ
2438 2196 2512 2267 μή
2546 2192 2757 2270 προῖὼν
2791 2193 3054 2268 συχνάκις
3086 2190 3146 2246 ἐκ
3173 2194 3276 2260 τῆς
3305 2191 3470 2245 νόσου

2296 2284 2688 2354 Ἀρπακτικοῖς
2719 2279 2949 2354 ηὔξησεν
2979 2279 3386 2356 ἀναισχυντίαν.

2125 2373 2263 2430 1172
2298 2371 2568 2448 Ῥομφαίᾳ
2598 2369 2780 2441 λύπης
2806 2373 3094 2446 τοιγαροῦν
3126 2368 3469 2444 τετρωμένος

2299 2463 2449 2517 Μετᾶ
2480 2457 2644 2515 Δαδὶδ
2677 2459 2900 2537 ἔφασκεν
2930 2459 3148 2534 ἀπορῶν
3179 2456 3328 2512 τάδε’

2302 2551 2402 2613 Τίς
2430 2548 2489 2604 ἃν
2521 2549 2804 2625 τιμωρὸςσ
2827 2547 3314 2622 υμπαραστήσαιτό
3349 2566 3445 2618 μοι
3472 2565 3488 2616 ς

2299 2641 2366 2694 "II
2397 2642 2488 2693 νῦν
2520 2638 2882 2706 ἀναστήσαιτο
2910 2638 3027 2692 κατ’
3059 2633 3343 2691 ἀντιδίκων
3383 2655 3397 2705 ;

2302 2736 2401 2791 Καὶ
2431 2737 2514 2798 τἰς
2543 2734 2856 2811 παρελθὼν,
2882 2735 2956 2796 ὡς
2985 2732 3213 2796 Ἡσαΐας
3241 2731 3433 2804 πάλαι,

2128 2828 2266 2884 1180
2306 2822 2583 2901 Ἀνδρεῖος
2611 2825 2746 2898 ἀνὴρ
2773 2823 2861 2878 καὶ
2898 2824 3070 2896 μισῶν
3102 2820 3336 2893 ἀδικίαν,

2303 2914 2486 2984 ’¹Αναξ,
2523 2911 2642 2968 ἷδού
2674 2914 2924 2988 πάρειμι,
2950 2910 3196 2987 κέχρησό
3229 2932 3344 2985 μοι.

2303 3003 2642 3078 Ἐπαρχικήν
2676 2999 2895 3079 εἴληφεν
2930 3000 3122 3056 οὐκοῦν
3157 2999 3324 3070 ἀξίαν,

2307 3092 2451 3167 Πρὸς
2481 3089 2528 3145 δ’
2557 3088 2622 3146 αὖ
2649 3091 2832 3154 σθένος
2856 3089 3140 3166 κράτιστον
3176 3089 3236 3144 ἐκ
3269 3087 3536 3164 βασιλέως

2307 3182 2442 3236 Καθ’
2472 3179 2828 3255 ἀρπακτόρων
2863 3180 2955 3234 καὶ
2987 3177 3167 3234 λύκων
3197 3175 3570 3253 βροτοκτόνων

2126 3271 2269 3327 1185
2307 3269 2465 3328 Οὖτω
2495 3269 2858 3344 κατωχύρατο
2886 3266 3075 3343 τάνδρὶ
3101 3269 3164 3322 τὸ
3197 3269 3396 3328 σθένος.

2306 3359 2457 3416 Ἐπεὶ
2488 3357 2545 3413 δὲ
2575 3357 2923 3431 προύκάθητο
2951 3358 3235 3434 κρίνωνὼς
3261 3353 3408 3426 δέον,

2308 3448 2624 3521 Προσῆλθεν
2651 3446 2798 3518 αύτῷ
2827 3443 3092 3522 δυσγενής
3117 3467 3202 3508 τις
3223 3446 3312 3500 καὶ
3344 3446 3511 3515 πένης

2306 3537 2432 3592 Κατ’
2462 3533 2656 3611 ἀνδρὸς
2685 3535 2837 3598 ἱστὰς
2866 3535 3115 3611 εὐγενοῦς
3145 3528 3515 3610 περιϐλέπτου

2305 3621 2576 3685 ’ννδικίας
2606 3621 2862 3699 ἔγκλημα
2889 3622 2982 3679 καί
3012 3623 3409 3702 φαυλουργίας.

2129 3715 2268 3769 1190
2304 3712 2699 3768 Μετακαλεῖται
2726 3713 2816 3766 τὸν
2852 3713 3042 3788 ῥέκτην
3074 3719 3174 3781 τῆς
3201 3712 3416 3773 κακίας⁶

2302 3802 2362 3858 Ὁ
2397 3799 2442 3855 δ’
2473 3800 2572 3856 οὐκ
2599 3801 2828 3872 ἀπαντᾷο
2857 3802 2948 3855 καὶ
2977 3799 3144 3855 πάλιν
3179 3797 3260 3862 δὶς
3297 3801 3514 3870 μηνύει·

2307 3891 2409 3948 Καὶ
2439 3890 2604 3945 πάλιν
2631 3890 2791 3952 αὐτὸς
2824 3887 2959 3963 οὐδ’,
2992 3891 3179 3964 ἄκροις
3208 3889 3308 3943 ὠσὶ
3332 3888 3540 3945 κλύων.

2301 3981 2574 4037 ἸΙκουστο
2603 3977 2772 4035 ταῦδα
2800 3984 2880 4050 τῷ
2911 3975 3042 4053 ὃότῃ
3073 3985 3172 4048 τῆς
3205 3977 3371 4049 ἀξίας’

2305 4071 2379 4126 Ἦ
2401 4066 2447 4123 δ’
2467 4071 2524 4131 ὅς
2553 4067 2820 4144 παρευθὺς
2853 4067 3159 4138 ἀξιέπαινον
3195 4066 3382 4141 λόγον’

2130 4161 2268 4216 1195
2307 4157 2415 4216 Κᾶν
2447 4158 2604 4222 αὐτὸς
2639 4158 2803 4213 εἰπὼν
2837 4154 3039 4212 ἀδικῶν
3070 4154 3180 4232 ἐγώ
3205 4155 3384 4226 πελω,

2305 4248 2662 4305 Κατάσπασόν
2701 4269 2768 4320 με
2791 4251 2886 4302 τοῦ
2921 4245 3202 4321 βασιλείου
3232 4247 3451 4320 θρόνου,

2308 4339 2596 4393 Κάντεῦθεν
2633 4337 2972 4410 ἀνάρπαστον
3007 4333 3066 4390 έκ
3091 4334 3365 4389 συσσιτίου

2305 4427 2410 4484 Τὸν
2435 4423 2604 4501 ἄνδρα
2635 4419 2817 4480 λαϐὼν
2850 4424 3176 4497 ὲστιώμενον
3208 4425 3352 4480 τότε.

2312 4515 2410 4569 Καὶ
2440 4511 2762 4575 συνδικάσας
2789 4517 2869 4585 τῷ
2899 4515 3092 4583 πέδητι
3121 4513 3260 4589 πρὸς
3289 4511 3468 4586 δίκην,

2137 4606 2273 4661 1200
2311 4603 2417 4660 Καὶ
2447 4596 2768 4657 καταλαϐὼν
2802 4603 3016 4676 ἁρπαγῇ
3047 4602 3416 4677 κεχρημένον,

2309 4692 2585 4761 Αἶκῖζεται
2622 4690 2864 4764 μάστιξιν
2888 4690 3047 4745 αὐτὸν
3079 4693 3251 4762 ἀξίαις

2307 4787 2415 4851 Τῆς
2448 4781 2524 4845 εἷς
2554 4779 2902 4852 δικαστήριον
2938 4779 3347 4856 ἀναισχυντίας

2309 4871 2701 4948 Εἷ”σπράττεται
2735 4869 2792 4924 δὲ
2820 4868 2910 4924 καὶ
2945 4867 3100 4940 δίκην
3127 4867 3334 4931 ἀδικίας
3363 4899 3370 4905 -

2308 4960 2598 5036 Εἷ’σπραξιν
2632 4962 2704 5014 ὧν
2737 4960 2949 5035 ἥρπασε
2977 4958 3402 5014 πολλαπλασίω·

2135 5054 2273 5106 1205
2311 5053 2416 5107 Καὶ
2447 5055 2614 5107 ταῦτα
2641 5056 2720 5122 τῷ
2749 5051 2941 5120 πένητι
2973 5045 3163 5102 δίδωσι
3193 5050 3392 5124 φέρων.

2660 5159 2982 5216 ΤΙΒΕΡΙΟΣ
3017 5159 3126 5214 ΕΤ.
3162 5158 3232 5214 Δ“.

2305 5257 2518 5315 Τούτου
2543 5258 2604 5311 τὸ
2639 5257 2788 5332 βιοῦν
2821 5257 2908 5310 καὶ
2943 5256 3138 5329 κράτος
3169 5252 3516 5326 λελοιπότος,

2302 5348 2497 5421 Ἀρχει
2533 5346 2648 5419 μετ’
2681 5345 2838 5399 αὐτὸν
2863 5338 3118 5417 Τιϐέριος
3148 5347 3244 5398 τοῦ
3274 5345 3504 5420 κράτους

2301 5429 2638 5504 Φιλευσεϐής
2669 5455 2750 5496 τις
2784 5435 2875 5488 καὶ
2905 5437 3038 5488 Θεοῦ
3059 5435 3272 5509 τρέμων
3304 5435 3530 5508 νόμους,

2298 5521 2478 5594 Μηδὲν
2509 5529 2764 5597 νεοχμῶν
2790 5528 2898 5577 τῶν
2931 5523 3063 5586 ἐθῶν
3088 5522 3436 5592 Ἐκκλησίας.

2122 5619 2259 5674 1210
2297 5613 2422 5670 ἀλλ’
2444 5612 2754 5689 ἐξομαρτῶν
2778 5618 2895 5676 τοῖς
2925 5613 3114 5686 νόμοις
3145 5611 3263 5674 τοίς
3295 5611 3592 5686 κειμένοις,
