4038 6214
226 393 230 396 .
296 341 368 395 59
1506 339 1821 392 ΕΡΗΒιΕΜ

2116 335 2492 392 NOGRAPHI
3639 344 3711 399 eo

299 471 366 525 ut
390 467 463 525 ab
493 483 556 525 se
587 470 830 541 repetat,
861 471 919 522 et
947 465 1214 520 animum
1247 479 1388 521 cura
1419 463 1626 522 solvat.

2006 464 2033 529 ι
2241 460 2359 517 Ὧδ’
2384 461 2785 540 εἰσπραχθῆναι
2817 471 2969 542 σχεῖν
2999 487 3058 522 τε
3087 471 3264 523 κακῶν
3296 467 3395 538 τὴν
3428 468 3601 526 λύσιν.

300 561 446 631 Ergo
477 557 638 614 visus
667 562 758 614 est
789 555 900 612 sibi
935 571 1035 627 per
1065 555 1364 612 somnium
1397 570 1632 610 cernere

2232 547 2420 624 Ἔδοξε
2449 556 2585 628 γοῦν
2613 575 2666 609 τι
2697 557 2812 610 κατ’
2846 551 2974 629 ὄναρ
3003 553 3146 612 οὕτω
3181 555 3425 632 βλέπειν,

301 647 544 704 multam
579 650 827 718 utroque
855 661 887 701 e
918 661 1058 701 sexu
1091 644 1430 701 mortalium
1461 644 1696 701 turbam

2235 640 2390 696 Πολύ
2421 662 2473 696 τι
2503 640 2720 712 πλῆθος
2753 649 2995 721 γηγενῶν
3027 646 3351 720 παρεστάναι

299 738 536 794 adstare
568 752 764 792 coram
794 735 1053 806 imagine
1083 733 1296 790 Christi
1331 734 1588 802 Domini,

2237 727 2501 805 Ἀνδρῶν,
2534 737 2802 808 γυναικῶν
2835 730 3002 789 εἰκόνι
3033 738 3130 790 τοῦ
3162 731 3459 807 Δεσπότου,

301 841 614 898 regemque
639 825 920 881 adversus
951 824 1306 881 clamoribus
1333 823 1732 897 expostulare;

2061 821 2200 876 1270
2236 815 2521 893 Καταϐοᾷν
2549 822 2608 878 τέ
2638 844 2772 901 σφας
2804 825 3030 887 ἄνακτος
3063 824 3154 879 σὺν
3188 826 3341 899 γόοις

267 915 431 986 ‘ipso
463 918 749 987 prasente
779 931 1022 986 remque
1051 930 1185 970 cum
1214 922 1367 970 metu
1401 914 1698 971 audiente.

2235 910 2414 967 Αὐτοῦ
2445 912 2720 982 συνόντος,
2756 915 3213 988 συμπαρεστῶτος
3235 916 3447 991 τρόμῳ.

303 1005 468 1060 Tunc
502 1004 574 1060 ab
599 1003 858 1076 imagine
889 1021 996 1059 vox
1017 1003 1224 1060 emissa
1257 1005 1490 1073 sonuit;

2242 1005 2442 1069 Φωνῆς
2467 1001 2515 1054 τ’
2538 1001 2753 1057 ἀκούειν
2787 1001 3000 1067 εἰκόνος
3025 1005 3395 1080 προϊγμένης,

305 1093 548 1148 ubinam
581 1091 633 1148 is
659 1091 832 1148 vellet
864 1091 1150 1148 malorum
1186 1111 1413 1165 pmnam
1447 1093 1608 1150 luere

2241 1092 2351 1143 Ποῦ
2375 1092 2482 1144 τῶν
2517 1094 2700 1145 κακῶν
2735 1090 2995 1164 βούλοιτο
3029 1089 3214 1149 δοῦναι
3245 1095 3344 1164 τήν
3381 1092 3538 1167 δίκην

304 1181 404 1252 qui
437 1198 501 1237 se
529 1181 785 1237 avaritia;
815 1181 1128 1236 obstrinxit
1156 1183 1431 1255 piaculo?

2239 1176 2338 1230 Τὸν
2367 1179 2464 1231 τοῦ
2497 1177 2702 1251 μύσους
2734 1178 2904 1234 αἶ’τιον
2937 1180 2996 1236 έκ
3025 1179 3361 1259 φειδωλίαςς

302 1285 444 1326 num
479 1270 594 1336 hic,
629 1269 726 1324 ubi
759 1269 1118 1341 supplicium
1151 1271 1500 1328 clementius
1531 1271 1664 1340 erit,

2065 1263 2204 1320 1275
2239 1265 2479 1320 Ἐνταῦθ’
2510 1263 2650 1320 ὅπου
2683 1266 2902 1342 μέτριον
2935 1262 3080 1322 ἔσται
3111 1269 3174 1324 τὸ
3198 1269 3428 1344 τρύχον,

302 1375 374 1413 an
405 1357 524 1413 illic
555 1356 702 1413 alias
733 1374 932 1428 pcsnas
962 1359 1252 1430 experiri?

2242 1357 2306 1406 ’Ἡ
2331 1356 2451 1414 ταῖς
2482 1351 2681 1408 ἐκεῖθεν
2714 1363 3180 1434 παραπεμφθῆναι
3213 1355 3427 1429 δίκαις;

303 1447 357 1502 ls
385 1445 482 1502 hic
512 1462 573 1502 se
605 1445 800 1518 malle,
833 1447 1006 1503 verbo
1036 1447 1356 1518 intellecto,
1390 1449 1490 1506 ait.

2243 1442 2350 1498 Τὸν
2381 1439 2428 1495 δ’
2459 1439 2566 1498 ὧδε
2597 1445 2760 1520 φάναι
2791 1444 3037 1501 συνιέντα
3059 1451 3158 1502 τοῦ
3189 1445 3360 1522 λόγου
3394 1467 3407 1480 ⁸

301 1534 454 1590 'l'um
487 1551 550 1590 se
577 1535 859 1590 traditum
896 1536 1101 1594 Phocte
1134 1537 1316 1594 fuisse
1347 1537 1556 1593 audiit.

2238 1527 2624 1606 Παραδοθῆναι
2657 1531 2856 1588 λοιπὸν
2883 1538 3054 1605 Φωκᾷ
3084 1535 3405 1611 προοκλύει.

305 1623 522 1679 Somno
553 1623 848 1693 discusso,
880 1624 1256 1682 verissimum
1287 1627 1478 1684 visum
1512 1629 1703 1700 putat,

2235 1621 2434 1675 Ὕπνου
2467 1617 2514 1676 δ’
2544 1622 2785 1694 ἀνέντος,
2818 1624 2960 1699 ὕπαρ
2994 1625 3092 1680 οὐκ
3115 1622 3246 1702 ὄναρ
3275 1626 3471 1702 κρίνει,

306 1730 433 1786 quas
465 1712 609 1768 vidit
637 1730 884 1786 quaque
916 1714 1104 1770 audiit
1131 1715 1190 1771 in
1222 1732 1288 1772 eo
1320 1715 1673 1788 spectaculo.

2064 1711 2202 1766 1280
2238 1712 2330 1762 Ὧν
2363 1705 2522 1778 εἶδεν,
2554 1711 2628 1763 ὧν
2659 1708 2889 1779 ἤκουσεν
2916 1712 3050 1767 εἶναι
3082 1715 3180 1783 τὴν
3210 1713 3330 1769 θέαν

308 1801 582 1858 Protinus
602 1817 737 1871 ergo
769 1802 1014 1858 advocat
1043 1803 1434 1876 Pbilippicum

1983 1823 2030 1888 Β
2234 1797 2632 1854 Μετακαλεῖται
2666 1797 3003 1856 Φιλιππικὸν
3037 1799 3128 1856 οὗν
3159 1801 3330 1878 τάχος

302 1907 534 1947 carcere
563 1907 628 1946 ex
662 1890 907 1961 injusto,
938 1891 1191 1950 vinculis
1221 1893 1521 1962 detractis,

1987 1886 2019 1888 _
2237 1887 2474 1963 Εῗρκτῆς
2505 1909 2562 1943 τε
2596 1886 2809 1961 δεσμῶν
2840 1894 2948 1945 τῶν
2981 1888 3180 1947 ἆδίκων
3211 1891 3442 1957 ἐκλύσας

305 1980 473 2052 queis
503 1979 839 2052 suspicione
864 1985 1060 2037 motus
1091 1997 1224 2037 eum
1261 1986 1628 2055 gravaverat;

1613 2002 1628 2052 ς
2238 1978 2338 2035 οἷς
2369 1976 2527 2032 αὐτὸν
2563 1974 2829 2048 ἐξέθλιϐεν
2862 1978 2911 2052 ἐξ
2946 1980 3206 2054 ὑποψίας.

305 2085 506 2141 pacem
540 2068 823 2140 impertit,
854 2071 1083 2128 veniam
1113 2071 1374 2128 vicissim

2238 2065 2337 2122 Καὶ
2374 2062 2652 2120 σπένδεται(
2681 2087 2739 2140 γε
2766 2067 2856 2122 καὶ
2887 2066 3170 2141 κομίζεται
3204 2069 3358 2126 λύσιν

308 2158 732 2228 praeteritarum
767 2159 1043 2231 impetrat
1071 2161 1442 2232 injuriarum.

2064 2157 2203 2212 1285
2239 2155 2522 2227 Ὠνῖαύτὸν
2555 2155 2844 2231 εἰργάσατο
2873 2161 3054 2212 κακῶν
3082 2157 3306 2222 ἀδίκως.

315 2247 530 2303 Horum
563 2251 866 2319 gestorum
898 2247 1032 2304 talis
1066 2249 1176 2305 fuit
1206 2250 1418 2307 exitus.

2240 2243 2338 2299 Καὶ
2369 2248 2538 2299 ταῦτα
2569 2244 2666 2318 μὶν
2695 2245 2974 2321 πέπρακτο
3003 2245 3160 2303 τόνδε
3186 2250 3281 2305 τὸν
3304 2249 3533 2326 τρόπον.

310 2337 452 2392 Exin
487 2335 774 2392 exercitus
802 2341 967 2392 motu
1000 2339 1280 2395 seditioso

2241 2335 2305 2392 Ἦ
2337 2331 2394 2389 δὲ
2425 2334 2648 2410 στρατιὰ
2677 2339 3004 2392 στασιάσασα
3029 2337 3153 2393 τότε

307 2425 723 2497 imperatorem
756 2425 1102 2483 acclamavit
1136 2427 1408 2497 Phocam,

2243 2428 2440 2479 Φωκᾶν
2473 2423 2833 2499 ἀνηγόρευσαν
2867 2424 2944 2487 είς
2979 2425 3207 2500 βασιλέα
3240 2446 3252 2460 ’

311 2513 413 2587 qui
444 2515 628 2569 fretus
658 2514 839 2570 armis
869 2516 1208 2588 Byzantium
1238 2518 1498 2583 veniens,

2241 2514 2372 2570 Μεθ’
2399 2513 2461 2567 οὗ
2491 2513 2655 2568 πόλιν
2687 2515 2944 2591 φθάνουσι
2968 2517 3068 2585 τὴν
3105 2513 3378 2592 βασιλίδα,

313 2606 621 2660 stemmate
653 2607 900 2659 ornatur
927 2621 1110 2662 manu
1143 2606 1598 2681 archipresulis,

2065 2605 2204 2660 1290
2244 2602 2343 2657 Καὶ
2371 2606 2672 2658 ταινιοῢται
2704 2601 2986 2677 παλάμαις
3018 2604 3318 2680 ἀρχιθύτου
3348 2625 3361 2639 ·

310 2699 442 2750 Mox
471 2693 726 2766 pretium
757 2711 945 2767 operm
974 2695 1268 2752 facturum
1300 2712 1360 2754 se
1391 2697 1636 2771 putavit,

2250 2688 2586 2764 Σπούδασμα
2615 2689 2892 2769 προῦργου
2921 2691 3064 2766 τῶδε
3093 2691 3289 2750 λοιπὸν
3319 2694 3519 2770 γίνεται

312 2781 362 2838 si
396 2780 654 2838 Mauricii
687 2798 872 2855 genus
900 2800 1076 2840 omne
1107 2785 1439 2858 perimeret.

2241 2781 2314 2835 Τὸ
2347 2779 2649 2854 Μαυρίκιον
2681 2788 2920 2858 παγγενῆ
2957 2781 3143 2838 δοῦναι
3182 2785 3341 2862 ξίφει.

311 2871 702 2936 Quamobrem
738 2872 809 2928 de
840 2875 1118 2930 mandato
1148 2876 1376 2932 cruenti
1407 2875 1611 2944 animi,

2241 2871 2402 2927 ’Όθεν
2436 2869 2704 2940 κελεύσει,
2737 2873 2834 2948 φεῦ
2865 2879 3095 2948 φονικῆς
3122 2871 3371 2949 καρδίας,

313 2960 513 3016 Phoce
543 2961 800 3033 tyranni,
828 2963 1092 3035 inquam,
1125 2964 1553 3031 scelestissimi,

2248 2962 2418 3014 Φωκᾶ
2445 2961 2708 3034 τυράννου
2735 2958 2895 3016 τοῦδε
2923 2962 3012 3016 καὶ
3043 2961 3418 3040 φαυλεργάτου

313 3050 505 3122 (mitto
535 3050 690 3106 enim
723 3052 1009 3124 quidquid
1041 3054 1459 3111 intermedium
1495 3053 1736 3125 exstitit)

2065 3051 2212 3106 ’1295
2250 3052 2341 3103 Δεῖ
2368 3045 2469 3124 γὰρ
2504 3047 2862 3125 ἐπιτρέχοντα
2892 3047 3072 3106 λιπεῖν
3105 3049 3198 3105 τάν
3245 3052 3413 3124 μέσῳ,

309 3138 594 3213 principis
623 3156 769 3198 uxor
795 3140 1080 3215 liberique
1109 3143 1304 3216 gladio

1988 3192 2030 3218 ﬂ
2249 3139 2390 3209 Γυνή
2423 3157 2482 3192 τε
2510 3135 2699 3201 παῖδες
2729 3137 3093 3215 έκθερίζονται
3126 3140 3288 3218 ξίφει,

311 3192 365 3212 r'
388 3192 591 3213 ""'I'"
632 3192 758 3198 """
797 3192 1078 3215 """"|"'
1109 3192 1301 3216 ια’-*ην

309 3229 634 3284 caeduntur.
667 3231 882 3286 Aderat
913 3236 1186 3305 spectans
1219 3234 1538 3290 Mauricius

1987 3192 2030 3259 Ε
2247 3192 2354 3282 Τοῧ
2379 3192 2698 3303 ⁶Μαυρικίου
3127 3192 3465 3304 δήβῶμένοις,

307 3318 643 3388 caedemque
673 3318 905 3376 heroico
939 3321 1230 3377 tolerabat
1256 3323 1474 3393 animo,

2248 3317 2345 3371 Καὶ
2375 3315 2469 3371 τὰς
2502 3315 2708 3390 σφαγὰς
2737 3319 2998 3394 φέροντος
3031 3315 3488 3399 ἀνδρειοφρόνως,

309 3405 534 3477 gratias
564 3405 683 3462 imo
719 3407 829 3462 Deo
861 3407 934 3462 ob
960 3410 1226 3463 eamdem
1264 3427 1465 3481 agens.

2247 3404 2349 3464 Καὶ
2374 3401 2544 3459 τῶνδε
2573 3406 2736 3480 χάριν
2765 3409 2846 3476 τῷ
2875 3410 2992 3478 Θεῷ
3021 3404 3359 3470 κατειδότος.

308 3497 439 3566 Ipse
465 3495 537 3550 ad
570 3497 897 3550 extremum
933 3510 1071 3551 nece
1105 3496 1333 3566 injuste
1366 3498 1559 3570 periit.

2071 3497 2211 3552 1300
2247 3494 2461 3556 Καῦτὸς
2486 3492 2645 3555 τέλος
2675 3495 2924 3565 τέθνηκεν
2955 3493 3129 3568 ἀδίκῳ
3159 3496 3353 3572 κρίσει.

314 3589 433 3640 Rex
461 3582 556 3640 hic
585 3583 974 3656 quadraginta
1002 3585 1217 3640 Christi
1252 3591 1575 3658 martyrum

2247 3583 2417 3643 Οὗτος
2447 3583 2852 3656 τεσσαράκοντα
2882 3589 3115 3660 Χριστοῦ
3151 3587 3437 3662 μαρτύρων

312 3672 600 3746 templum
636 3672 889 3728 absolvit
916 3690 1136 3730 ornans
1167 3675 1434 3743 mirifice,

2251 3671 2397 3726 Νεὼν
2428 3669 2636 3726 τελειοῖ
2664 3669 2960 3749 φαιδρύνας
2995 3675 3127 3749 ὑπὲρ
3163 3673 3282 3730 λίαν

315 3777 528 3834 nempe
557 3762 710 3835 quod
744 3761 1013 3818 Tiberius
1045 3769 1269 3820 struere
1301 3767 1571 3836 coeperat.

2252 3759 2394 3836 Πρὸς
2423 3753 2674 3835 Τιϐερίου
2703 3758 2930 3823 κτίσεως
2960 3762 3087 3835 πρὶν
3120 3761 3425 3836 ἠργμένης.

618 3876 898 3934 PHOCAS
939 3877 1321 3935 TYRANNUS
1358 3879 1475 3935 AN.
1515 3879 1662 3937 VIII.

2395 3876 2631 3932 ΦΩΚΑΣ
2672 3877 2716 3932 Ο
2765 3881 3122 3932 ΤΥΡΑΝΝΟΣ
3170 3879 3284 3934 ΕΤ.
3326 3878 3403 3934 Η’.

317 3977 542 4033 Phocas
573 3975 878 4046 tyrannice
905 3991 1151 4048 regnum
1185 3977 1513 4050 occupavit,

2259 3978 2458 4036 Φωκᾶς
2484 3979 2735 4047 τυραννεῖ
2761 3977 2858 4028 τοῦ
2893 3973 3172 4049 βασιλείου
3202 3971 3452 4049 κράτους,

319 4065 582 4122 nefarius
613 4064 812 4135 homo,
846 4066 1266 4140 sanguinarius
1293 4067 1550 4139 animus,

2077 4064 2218 4121 1305
2254 4063 2421 4135 ’Δνήρ
2454 4062 2700 4138 ἀποφρὰς
2734 4062 3049 4137 αἱμοχαρής
3080 4059 3296 4137 καρδία,

321 4172 510 4212 sanus
539 4159 850 4227 tyrannus,
879 4156 1106 4212 cruoris
1136 4156 1300 4212 canis
1333 4161 1635 4229 appetens,

2253 4150 2529 4225 Τύραννος
2559 4150 2711 4223 ὠμὸς
2740 4150 2829 4205 καὶ
2861 4150 3192 4224 φιλαίματος
3219 4149 3389 4222 κύων,

325 4243 702 4310 mulierosus,
731 4249 1110 4314 comessator,
1144 4245 1433 4314 ebriosus,

2255 4240 2668 4313 Γυναικομανής
2700 4238 2789 4294 καὶ
2817 4238 3068 4317 φίλοινος
3097 4240 3184 4294 καὶ
3219 4239 3417 4311 πότης,

323 4333 554 4406 imperii
583 4333 859 4402 dedecus,
887 4332 977 4388 vel
1010 4333 1196 4405 magis
1225 4335 1508 4405 exitium,

2254 4327 2573 4404 Αὖταρχίας
2604 4325 2812 4391 ὄνειδος
2844 4329 2879 4398 ἢ
2915 4327 3127 4402 μᾶλλον
3157 4327 3332 4402 λύμη,

324 4421 734 4495 prosperitatis
768 4421 1044 4477 Romanas
1075 4436 1329 4490 eversor,

2253 4421 2375 4476 Τῶν
2403 4418 2723 4490 Ῥωμαϊκῶν
2755 4418 3053 4494 ἀφανιστής
3083 4419 3443 4494 πραγμάτων,

321 4511 578 4568 carnifex
610 4508 836 4582 populi,
869 4510 1121 4578 daemon,
1155 4515 1212 4565 et
1240 4509 1441 4580 labes;

323 4617 469 4624 ---η
528 4599 657 4624 2-..-
715 4599 859 4624 ..με
920 4598 1111 4624 Anu-
1168 4600 1420 4624 _-_..-_-

1997 4559 2046 4624 Β
2083 4511 2225 4567 1310
2261 4507 2544 4575 ’Υπηκόων
2581 4502 2808 4578 δήμιος,
2840 4506 3119 4583 ἀλάστωρ,
3153 4506 3375 4585 φθορὰς,

2256 4593 2442 4624 vv}--.
2502 4594 2629 4624 ρ..-)
2685 4595 2773 4624 υ..)
2809 4595 2902 4624 ιιι-Ἰ
2921 4594 3045 4624 ἐζ-..
3079 4597 3163 4624 -..Α
3193 4595 3324 4624 τι--.

321 4617 497 4674 aqua,
528 4599 682 4672 igne,
715 4599 886 4667 mari,
917 4598 1137 4672 gladio,
1168 4600 1441 4672 perdens,

1997 4593 2046 4624 ν
2256 4593 2470 4661 Ὕδατι,
2501 4594 2654 4666 πυρὶ,
2685 4595 2775 4650 καὶ
2809 4594 3052 4671 θαλάσσῃ
3079 4597 3164 4651 καὶ
3192 4595 3327 4674 ξίφει

319 4689 468 4746 alios
498 4687 845 4745 tristissime
877 4691 1005 4760 (pro
1037 4687 1336 4745 miseriam
1361 4686 1399 4760 l)

2266 4683 2526 4742 Οἴκτιστα
2549 4682 2676 4746 τοὺς
2707 4685 2802 4756 μὲν
2837 4681 3106 4757 ἐκδιδοὺς,
3139 4689 3236 4763 φεῦ
3265 4689 3366 4741 τοῦ
3391 4686 3621 4749 πάθους.

318 4777 464 4834 alios
495 4777 843 4833 imminutos
875 4777 1138 4848 corporis
1171 4777 1440 4848 partibus

2254 4777 2376 4830 Τῶν
2406 4769 2449 4827 δ’
2483 4772 2548 4827 αὗ
2585 4771 2752 4844 μέλος
2789 4775 2954 4848 μέρος
2984 4794 3036 4828 τι
3069 4775 3323 4847 σώματος
3355 4775 3587 4848 τέμνων,

319 4867 521 4923 sinens
551 4866 938 4938 ignominiam
973 4883 1142 4921 suam
1175 4866 1568 4924 circumferre.

2257 4867 2598 4939 Περινοστεῖν
2635 4857 2847 4926 ὄνειδος
2877 4861 2960 4918 ε’ία
2986 4867 3066 4934 τῷ
3102 4861 3206 4937 βίῳ

326 4957 468 5011 Dum
500 4954 594 5010 hic
621 4954 828 5026 ignave
851 4954 1078 5011 desidet
1107 4955 1266 5010 domi

2081 4954 2222 5010 1315
2259 4951 2338 5008 Οὖ
2371 4951 2606 5026 ῥᾳθυμίᾳ
2636 4955 2856 5026 συνεχεῖ
2882 4951 2929 5004 τ’
2961 4949 3212 5026 οἰκουρίᾳ

321 5061 459 5100 eoas
488 5043 871 5100 incursarunt
902 5043 1234 5114 provincias
1265 5047 1453 5102 Persae
1487 5060 1499 5096 :

2255 5041 2402 5097 Ἑῶα
2428 5038 2628 5114 Πέρσαι
2656 5036 2996 5114 κατέδραμον
3029 5038 3231 5113 χωρία,

321 5133 503 5190 armis
536 5133 848 5205 pulsarunt
875 5133 1024 5188 ﬁnes
1053 5133 1448 5205 Cappadocas,

2257 5127 2530 5197 Ἐπῆλθον
2563 5127 2761 5192 ὅπλοις
2793 5125 3184 5190 Καππαδοκίας
3217 5129 3391 5204 ὅροις,

319 5221 658 5278 Galatarum
692 5227 878 5277 terras
908 5225 966 5276 et
994 5221 1460 5293 Paphlagonum,

2256 5219 2354 5272 Καὶ
2389 5216 2653 5280 Γαλατίας
2676 5219 2765 5273 καὶ
2801 5215 3175 5294 Παφλαγόνων
3205 5217 3421 5291 τόποις,

319 5329 389 5368 ex
419 5311 729 5384 leesyria
760 5314 1091 5382 cunctaque
1124 5309 1403 5365 Armenia

2258 5304 2472 5378 Κοίλης
2507 5307 2733 5382 Συρίας,
2763 5312 2864 5376 τῆς
2887 5303 3027 5377 ὅλης
3057 5306 3366 5381 Ἀρμενίας,

324 5401 550 5473 prendas
581 5404 828 5472 egerunt
858 5415 1046 5471 usque
1077 5397 1503 5455 Chalcedonam
1543 5415 1556 5453 :

2082 5399 2223 5456 1320
2261 5392 2671 5466 Δεηλατοῦντες
2693 5394 2783 5449 καὶ
2819 5395 2988 5471 μέχρι
3025 5394 3411 5468 Χαλκηδόνος,

324 5496 451 5547 tum
480 5489 850 5546 Palaestinam
882 5493 939 5544 et
971 5488 1119 5544 fines
1146 5487 1473 5544 thnicios

2262 5480 2627 5554 Παλαιστίνην
2658 5480 2716 5538 δὲ
2744 5483 2835 5539 καὶ
2857 5483 3060 5546 τόπους
3086 5483 3187 5553 τῆς
3217 5484 3480 5556 Φοινίκης

396 5673 507 5742 (25)
536 5671 666 5729 Hec
697 5671 896 5729 Phocas
926 5668 1236 5727 verissima
1266 5669 1618 5741 vituperatio
1650 5685 1893 5744 prorsus
1924 5668 2188 5726 inﬁrmat
2216 5667 2392 5724 ﬁdem
2424 5666 2732 5725 laudativa
2765 5665 3174 5740 inscriptionis
3205 5666 3298 5723 his
3326 5666 3499 5724 annis
3526 5666 3585 5723 in
3617 5671 3740 5726 Bo-
