4086 6210
308 324 377 382 61

497 452 633 511 Τοῖς
665 448 753 526 ὑφ’
784 447 1011 511 ἑαυτοὺς
1044 449 1329 519 συνὲταξαν
1365 450 1620 527 χωρίοις.

498 540 580 596 Τὸ
612 536 658 592 δ’
690 533 943 613 ’Λϐάρων
978 540 1284 614 στράτευμα
1309 539 1474 595 πάλιν
1508 541 1561 596 ἐν
1587 539 1732 596 δύσει

494 628 691 699 Χώρας
726 623 948 689 δυτικάς
984 628 1261 701 κατὲκειρε
1290 629 1381 683 καὶ
1414 629 1625 692 πόλεις.

320 720 462 774 1325
501 717 564 773 Ἡ
598 717 825 792 στρατιά
854 714 901 770 δ’
932 714 1164 792 ἔφθαρτο
1192 717 1482 790 Ῥωμαίων
1520 719 1723 793 μάχαις

504 804 718 878 Λοιμός
744 826 802 859 τε
827 804 996 877 λιμὸς
1024 808 1315 882 κατέτρεχε
1342 808 1438 868 τάς
1470 806 1661 869 πόλεις

498 893 762 969 Ἀμετρία
792 894 994 969 κρύους
1021 916 1081 949 τε
1110 897 1199 950 καὶ
1232 900 1446 965 κτηνῶν
1479 896 1684 973 φθίσις,

496 985 651 1038 Κακά
681 982 953 1059 διωλύγια
981 985 1211 1040 ποικίλα
1239 988 1410 1056 πάθη.

493 1073 567 1127 Τὸ
598 1074 719 1127 κατ’
744 1073 1088 1148 ’Δντιόχειαν
1125 1071 1171 1127 δ’
1200 1069 1470 1149 Ἑϐραίων
1501 1074 1670 1151 enim.

309 1162 454 1217 1330
496 1163 698 1216 Στάσιν
730 1165 941 1216 κινοῦσι
972 1162 1062 1216 καὶ
1098 1164 1281 1237 μάχην
1316 1165 1756 1237 Χριστωνύμοις,

496 1250 605 1305 Καὶ
642 1248 810 1326 δρῶσι
844 1248 1092 1312 πολλοὺς
1124 1247 1357 1306 εὐσεϐῶν
1389 1250 1547 1326 ἔργον
1578 1255 1791 1329 ξίφους·

492 1340 627 1395 Μεθ’
652 1340 726 1393 ὧν
756 1340 1100 1395 ’Δναστάσιον
1133 1339 1302 1404 αὐτῆς
1325 1342 1586 1413 ποιμένα,

488 1431 595 1483 Καὶ
628 1429 815 1504 νεκρὸν
847 1429 1021 1483 αὐτοῦ
1045 1433 1124 1501 τῷ
1154 1428 1285 1505 πυρὶ
1320 1427 1639 1492 δεδωκότες.

497 1516 660 1574 Οὕτω
690 1522 871 1571 κακῶν
901 1538 984 1579 τις
1016 1516 1161 1580 ἷλιάς
1194 1517 1345 1573 πάντ’
1377 1518 1613 1590 ἐκλόνει,

306 1607 456 1662 1335
495 1606 601 1662 Καὶ
633 1608 889 1678 κυμάτων
921 1605 1169 1682 σύρροια,
1198 1606 1442 1678 καθάπαξ
1474 1610 1657 1685 φάναι,

497 1692 721 1767 Λαῖλάψ
749 1716 808 1749 τε
838 1692 987 1764 δεινὴ
1020 1696 1108 1750 καὶ
1139 1698 1385 1770 καταιγὶς
1414 1698 1502 1752 καὶ
1537 1696 1672 1768 ζάλη

494 1784 598 1840 Καὶ
626 1784 891 1858 τρικυμία
922 1783 1243 1858 πνευμάτων
1275 1786 1576 1841 ἀντιπνόων

496 1872 872 1949 Ἐφιλονίκουν
902 1877 986 1945 τῷ
1021 1874 1171 1948 βυθῷ
1201 1872 1496 1929 καταδύσαι

490 1961 811 2036 Αὐταρχίας
844 1959 1051 2016 ὁλκάδα
1080 1969 1179 2032 τῆς
1210 1962 1536 2036 ἐγκοσμίου,

314 2053 451 2107 1340
492 2050 791 2126 Ναύαρχον
825 2050 926 2106 οὐκ
957 2048 1189 2126 ἔχουσαν
1222 2051 1635 2130 οἶακοστρόφον.

493 2140 655 2197 Οὕτω
686 2136 869 2204 κακῶς
896 2141 1208 2215 πάσχοντος
1239 2142 1492 2197 Αὐσόνων
1522 2145 1753 2214 κράτους

496 2230 819 2303 Στρατηγὸς
848 2230 1169 2304 Ἡράκλειος
1204 2232 1467 2307 Ἀφρικῆς
1498 2230 1621 2285 τότε

497 2316 695 2390 Στόλῳ
722 2316 1047 2381 πεπλευκὼς
1082 2318 1157 2382 είς
1189 2317 1444 2393 βασιλίδα
1472 2317 1637 2375 πόλιν

496 2409 737 2476 ’Ήττησε
768 2413 966 2461 Φωκᾶν
997 2408 1337 2480 συμπλακεὶς
1368 2407 1498 2480 τῷδ’
1532 2409 1610 2469 εἷς
1644 2410 1854 2485 μάχην,

305 2498 459 2555 1345
499 2496 600 2551 Καὶ
630 2493 787 2551 τόνδε
814 2497 1023 2559 κτείνας
1057 2492 1473 2572 παραλαμϐάνει
1502 2499 1565 2553 τὸ
1593 2497 1812 2573 κράτος·

779 2632 1184 2687 ΗΡΑΚΛΕΙοΣ
1226 2633 1332 2687 ΕΤ.
1374 2632 1505 2689 ΛΑ’.

494 2750 664 2801 Φωκᾶ
698 2747 1014 2822 φθαρέντος,
1048 2747 1123 2809 ὡς
1155 2744 1314 2821 ἔφην,
1348 2746 1699 2824 αὐτοκράτωρ

490 2834 817 2909 Ἡράκλειος
839 2837 1079 2910 πέφηνεν
1111 2835 1361 2909 ἀριστεὺς
1388 2835 1549 2911 μέγας

489 2923 705 2988 ’Ἄλλος
732 2945 815 2987 τις
846 2920 1017 2989 ὄντως
1045 2924 1323 2999 Ἡρακλῆς
1354 2926 1490 2980 κατά
1520 2923 1729 2998 σθένος,

494 3014 574 3072 Οὐ
600 3013 806 3089 θηρίων
835 3021 941 3089 γῆν
973 3013 1303 3089 ἐκκαθαίρων
1338 3013 1553 3089 ἀλόγων

312 3105 458 3162 1350
499 3100 613 3161 Οὐδ
645 3102 962 3180 Εὐρυσθέως
993 3109 1329 3178 προπαγαῖς
1362 3101 1519 3158 εἷ’κιυν
1557 3103 1669 3179 βίᾳ,

492 3192 657 3248 Ἀλλ’
688 3190 1007 3248 ἀπελαύνων
1033 3190 1308 3248 ἐκδιώκων
1346 3192 1611 3269 μακρόθεν

496 3281 697 3359 Πόῤῥω
726 3303 783 3336 τε
806 3283 974 3345 τιθεὶς
997 3288 1098 3359 γῆς
1130 3281 1269 3353 ὅλης
1295 3279 1604 3355 Ῥωμαΐδος

497 3375 734 3446 Χριστοῦ
766 3369 993 3444 δυνάμει
1022 3374 1289 3445 οταυρικῇ
1325 3371 1627 3447 παντευχίᾳ

494 3466 584 3521 Ὠς
616 3461 785 3535 θῆρας
816 3457 1024 3523 ἄλλους
1050 3460 1273 3535 ἀγρίους
1305 3459 1671 3537 φιλαιμάτους

318 3552 468 3606 1355
505 3551 579 3605 ἸΙ
610 3548 987 3623 παλαμναίους
1018 3549 1108 3605 καὶ
1142 3551 1358 3627 θρασεῖς
1387 3549 1546 3614 κύνας
1580 3549 1802 3619 λύκους,

504 3640 714 3713 Ηὲρσας
743 3636 979 3701 ἀναιδεῖς
1017 3637 1288 3714 ἁρπαγαῖς
1311 3638 1706 3713 κεχρημένους.

506 3728 605 3788 "Oc
635 3726 709 3781 ὦν
742 3728 1042 3803 στρατηγὸς
1086 3727 1495 3804 καρτερόψυχος
1532 3726 1735 3803 μάχαις

507 3816 607 3869 Καὶ
640 3816 965 3887 ζηλοτυπῶν
994 3818 1236 3891 πατρίων
1269 3819 1438 3889 νόμον
1471 3819 1633 3892 χάριν

506 3906 711 3970 Κλεους
738 3930 797 3965 τε
822 3914 920 3964 τοῖ’)
944 3909 1069 3985 πρὶν
1102 3908 1360 3965 Αὐσόνων
1400 3909 1737 3984 κραταρχίας

319 3999 471 4054 1360
510 3996 763 4061 Πολλοὺς
795 3998 1030 4061 ἀνατλὰς
1060 3999 1147 4054 καί
1185 3997 1455 4075 μεγάλους
1486 3994 1793 4067 κινδύνους,

510 4088 847 4163 ’Υπερμαχεῖ
879 4086 1153 4144 κάλλιστα
1178 4086 1468 4160 Ῥωμαίων
1499 4083 1639 4160 όρων

508 4176 603 4240 Εἲς
633 4178 868 4239 πίστεως
897 4177 1146 4232 σύστασιν
1179 4171 1613 4254 εὐσεϐυφρόνων,

507 4266 604 4328 Εἰς
635 4267 931 4341 ἀντέρεισιν
964 4268 1169 4341 εὐαγῶν
1202 4270 1445 4342 Χριστοῦ
1473 4264 1660 4338 νόμων

1846 333 2214 387 ΟΕΒΑΒΕΒ.

2006 454 2061 521 Α
2088 453 2149 509 in
2184 452 2542 526 provinciam
2575 449 2864 507 Persicam
2902 447 3270 519 redegerunt.

2090 548 2165 598 At
2194 543 2254 596 in
2280 542 2579 597 occidente
2607 539 2931 594 Abarorum
2964 534 3253 590 exercitus

2088 636 2275 687 terras
2301 636 2475 701 atque
2506 628 2681 684 urbes
2716 626 3127 699 populabatur.

2090 720 2366 775 Romanae
2390 718 2541 774 vires
2575 718 2791 788 praeliis
2818 719 2959 771 sunt
2988 713 3212 769 accisae.

2089 809 2260 864 urbes
2292 808 2499 865 afﬂixit
2529 807 2713 861 fames
2744 820 2877 860 cum
2910 800 3266 875 peslilentia,

2087 898 2173 953 vis
2207 897 2390 952 nimia
2419 897 2653 968 frigoris
2682 900 2740 950 et
2760 896 3165 965 jumentorum
3198 889 3346 955 lues,

2089 987 2377 1043 malorum
2412 985 2622 1041 cohors
2649 984 2942 1039 immensa
2970 986 3028 1036 et
3059 975 3459 1034 multiformis.

2084 1077 2234 1131 Tum
2265 1076 2442 1131 etiam
2474 1073 2791 1129 Antiochiae
2831 1070 3118 1127 Judaicus
3150 1065 3402 1138 populus

2088 1166 2368 1221 seditiosa
2399 1180 2597 1236 pugna
2627 1162 2995 1217 Christianos
3027 1155 3292 1229 appetiit,

2089 1254 2526 1325 permultasque
2556 1252 2789 1323 piorum
2818 1249 2971 1304 vitas
3001 1245 3193 1319 gladio
3226 1241 3513 1309 messuit;

2086 1343 2145 1396 in
2179 1342 2272 1396 his
2304 1346 2595 1413 pastorem
2628 1338 2795 1395 urbis
2825 1336 3228 1403 Anastasium,

2086 1432 2257 1501 cujus
2287 1431 2463 1486 etiam
2496 1430 2739 1486 cadaver
2768 1428 2888 1500 igni
2920 1424 3179 1482 tradidit.

2086 1520 2179 1576 Sic
2211 1520 2503 1574 malorum
2535 1518 2666 1573 ilias
2698 1517 3003 1588 quatiebat
3033 1511 3251 1575 omnia,

2087 1625 2327 1679 prorsus
2356 1606 2535 1663 veluti
2565 1607 2806 1679 quidam
2840 1618 3163 1661 concursus
3195 1601 3503 1665 ﬂuctuum,

2084 1698 2282 1766 turbo,
2317 1696 2592 1769 procella,
2626 1694 2808 1750 maris
2839 1692 3129 1757 astuatio,

2084 1786 2279 1859 gravis
2310 1789 2628 1857 tempestas
2660 1789 2905 1839 natuum
2939 1778 3432 1843 adversariorum,

2086 1876 2393 1931 certabant
2422 1874 2711 1945 profundo
2746 1886 3005 1940 mergere

2084 1964 2368 2020 mundani
2401 1962 2631 2035 imperii
2673 1959 2971 2032 navigium

2083 2052 2375 2110 navarcho
2403 2052 2752 2107 destitutum
2786 2048 2887 2120 qui
2920 2047 3148 2103 clavum
3181 2043 3423 2114 regeret.

2083 2144 2229 2198 Cum
2270 2159 2362 2198 res
2394 2142 2668 2197 Romane
2697 2139 2779 2194 ita
2807 2138 3157 2201 laborarent,

2082 2232 2286 2287 Africae
2318 2248 2421 2303 per
2444 2231 2503 2285 id
2534 2235 2767 2301 tempus
2800 2229 2918 2283 dux
2948 2222 3251 2281 Heraclius

2082 2326 2368 2376 armatam
2401 2321 2647 2375 classem
2682 2316 2983 2389 appellans
3015 2315 3087 2369 ad
3124 2312 3327 2367 urbem
3358 2306 3607 2379 regiam,

2083 2410 2337 2466 Phocam
2370 2414 2639 2464 conserto
2667 2405 2865 2478 pralio
2896 2400 3243 2467 debellavit;

2083 2516 2198 2570 quo
2230 2498 2445 2567 occiso,
2480 2497 2593 2553 sibi
2625 2495 2939 2567 imperium
2972 2488 3305 2547 vindicavit.

2499 2630 2903 2688 HERACLIUS
2943 2626 3054 2683 AN.
3096 2625 3292 2681 XXXI.

2084 2750 2271 2809 Phoce.
2310 2748 2560 2813 sublato,
2594 2750 2655 2802 ut
2684 2744 2825 2815 dixi,
2856 2744 3178 2815 imperator

2084 2838 2367 2913 processit
2396 2835 2699 2892 Heraclius
2733 2835 2941 2906 ingens
2972 2832 3146 2887 heros

2084 2930 2231 2986 alter
2260 2943 2466 3001 reapse
2494 2924 2772 2983 Hercules
2803 2926 3039 2995 propter
3067 2920 3217 2977 vires
3250 2934 3264 2972 :

2084 3035 2189 3075 nec
2221 3034 2354 3074 vero
2383 3022 2597 3072 terram
2629 3029 2889 3085 purgans
2924 3009 3110 3065 brutis
3137 3005 3371 3073 belluis,

2082 3122 2271 3179 neque
2293 3102 2603 3177 Eurysthei
2637 3102 2920 3156 mandata
2952 3100 3189 3153 coactus
3222 3092 3463 3159 faciens,

1997 3194 2041 3262 C
2079 3211 2282 3253 verum
2322 3190 2619 3263 expellens
2648 3186 3105 3259 longissimeque
3136 3196 3497 3255 persequens

2088 3281 2484 3352 Romanisque
2513 3278 2729 3333 finibus
2763 3273 2964 3348 procul
3004 3272 3378 3337 submovens,

2090 3372 2306 3431 Christi
2335 3371 2548 3426 virtute
2579 3367 2887 3438 crucisque
2920 3360 3218 3435 panoplia.

2092 3465 2243 3519 feras
2274 3462 2421 3517 alias
2450 3474 2633 3515 saevas
2662 3461 2720 3512 et
2750 3450 3165 3527 sanguinariae

2092 3553 2371 3624 dirosque
2403 3549 2573 3621 lupos
2604 3552 2779 3619 atque
2810 3559 2983 3600 canes
3015 3540 3273 3609 rabidos,

2092 3640 2426 3713 impudicos
2461 3653 2669 3709 nempe
2700 3635 2906 3690 Persas
2938 3649 3002 3688 ac
3028 3632 3377 3701 direptores.

2094 3732 2197 3787 Hic
2228 3745 2361 3786 cum
2393 3729 2511 3783 dux
2542 3731 2695 3782 esset
2725 3724 2784 3778 in
2818 3721 3033 3795 praliis
3067 3723 3345 3775 strenuus

2093 3826 2151 3877 et
2182 3820 2503 3891 patriarum
2533 3815 2733 3887 legum
2766 3827 2963 3869 amore
2993 3811 3271 3881 ﬂagrans,

2094 3910 2237 3965 dum
2267 3912 2519 3963 veterem
2552 3904 2783 3975 imperii
2815 3900 3059 3975 gloriam
3092 3897 3322 3953 revocat

2097 3997 2299 4054 multis
2334 3994 2682 4067 magnisque
2714 3990 3005 4062 implicuit
3032 4003 3094 4044 se
3126 3981 3423 4058 periculis.

2098 4088 2246 4142 fines
2275 4083 2517 4140 Romani
2552 4082 2711 4137 orbis
2744 4078 2995 4150 protexit
3024 4080 3284 4137 strenue,

2098 4174 2553 4230 orthodoxorum
2587 4171 2866 4240 dogmata
2895 4161 3283 4229 confirmavit,

2103 4280 2205 4335 pro
2237 4262 2459 4320 sanctis
2480 4259 2693 4317 Christi
2723 4256 2952 4329 legibus
2983 4270 3148 4310 arma
3175 4249 3372 4318 movit,

312 4447 497 4487 mane
528 4430 655 4486 foro
684 4430 922 4487 detecta
954 4430 1065 4487 sub
1096 4429 1375 4487 columna
1406 4428 1613 4486 honori
1643 4428 1771 4500 ejus
1801 4426 2102 4500 regnantis
2129 4425 2199 4481 ab
2232 4426 2596 4481 assentatore
2626 4420 2841 4491 dicata,
2867 4434 2992 4490 qua
3023 4418 3112 4473 est
3140 4410 3483 4485 hujusmodi
3516 4427 3529 4467 :

1396 4597 1426 4657 f
1461 4590 1698 4646 cp'rIMO
1736 4587 2155 4654 CLEMENTIS,
2188 4584 2689 4648 raucussmOQVE

1373 4662 1683 4718 PRINCIPI
1723 4659 1999 4716 DOMINO
2039 4676 2095 4713 Ν.
2138 4675 2311 4714 FOCAE
2349 4658 2702 4712 IMPERATORI

1242 4733 1606 4790 PEBPETVO
1644 4735 1688 4788 A
1728 4732 1823 4787 D0
1862 4730 2245 4786 CORONATO
2284 4724 2837 4784 TRIVMPHATORI

1711 4802 1999 4859 SEMPER
2036 4802 2126 4858 AU
2137 4800 2355 4857 GVSTO

1275 4874 1713 4934 SMARAGDVS
1756 4874 1844 4930 EX
1889 4873 2227 4929 PRAEPOS.
2270 4870 2475 4927 SACRI
2506 4867 2797 4925 PALATII

1351 4950 1442 5004 AC.
1481 4946 1856 5003 PATRICIVS
1897 4946 1987 5001 ET
2024 4943 2389 5001 EXARCHVS
2431 4941 2722 4997 ITALIAE

1524 5017 1851 5074 DEVOTVS
1893 5017 2056 5072 EIVS
2100 5014 2554 5071 CLEMENTIAE

1335 5091 1471 5147 PRO
1507 5088 2169 5145 INNVMERABILIBVS
2215 5086 2539 5142 PIETATIS
2581 5083 2737 5138 EIVS

1556 5160 1957 5219 BENEFICIIS
1990 5160 2080 5215 ET
2119 5161 2255 5216 PRO
2291 5157 2529 5223 QVIETE

1215 5232 1628 5290 PROCVRATA
1671 5233 1846 5287 ITAL.
1888 5232 1971 5286 AC
2009 5230 2431 5287 CONSERVATA
2468 5223 2874 5282 LIBERTATE

1524 5304 1717 5359 HANC
1751 5304 2031 5359 STATVAM
2073 5302 2350 5358 PIETATIS
2391 5299 2548 5354 EIVS

1451 5376 1629 5431 AVRI
1663 5374 2054 5431 SPLENDan
2092 5374 2414 5430 MICANTEM
2456 5369 2624 5425 HVIC

1416 5447 1711 5505 SVBLIMI
1754 5446 2112 5503 COLVMNAE
2151 5464 2226 5500 AD
2268 5440 2655 5500 PERENNEM

1273 5521 1499 5578 IPSIVS
1534 5518 1850 5575 GLORIAM
1892 5517 2229 5573 IMPOSVIT
2270 5520 2358 5572 AC
2397 5511 2801 5569 DEDICAVIT.

1262 5592 1379 5648 DIE
1424 5592 1649 5647 PRIMA
1700 5590 1956 5645 MENSIS
2000 5589 2299 5645 AUGVST.
2346 5585 2601 5641 INDICT.
2641 5584 2808 5638 VNI).

1434 5665 1537 5720 ΟΡ.
1586 5662 1909 5718 PIETATIS
1944 5661 2101 5719 EISV
2135 5660 2331 5718 ANNO
2374 5657 2643 5723 QVINTO
