4038 6214
359 251 443 306 :63
1578 239 1950 294 BPHREMII
1994 236 2564 302 CHRONOGRAPHI

373 391 596 450 proque
624 369 942 432 dilatandis
971 368 1147 425 etiam
1179 363 1411 438 imperii
1443 364 1688 436 finibus,

373 482 614 540 prorsus
645 466 711 520 ut
741 479 864 519 rem
892 460 1216 516 Romanam
1250 455 1607 512 restitueret.

371 560 535 612 Tunc
567 559 764 612 autem
795 549 1049 606 Persidis
1081 550 1385 618 regnatore
1411 544 1697 602 Cbrosroe

371 661 506 702 eoas
540 644 758 716 ubique
784 644 970 696 terras
996 637 1390 708 depraedante,

371 735 520 790 ﬂues
550 747 782 805 quoque
812 728 1118 786 invadente
1149 724 1506 794 Palaestinos,

369 825 452 879 ita
485 828 548 878 ut
577 819 921 892 Theopolim
949 817 1139 889 ipsam
1169 815 1404 870 Sionem
1436 813 1689 886 ceperit:

368 910 853 969 Christicolarum
881 906 1056 980 periit
1084 904 1413 961 immensus
1443 919 1726 959 numerus

369 1000 555 1056 millia
585 999 892 1056 hominum
925 995 1151 1051 scilicet
1180 993 1538 1064 nonaginta;

366 1089 583 1161 partim
616 1089 675 1144 in
704 1088 835 1160 ipso
866 1083 1062 1157 pralio
1093 1081 1308 1156 gladiis
1337 1097 1510 1152 caesa,

368 1178 583 1250 partim
615 1175 743 1232 dolo
774 1175 1149 1230 Hebraeorum
1192 1170 1590 1243 pessumdata.

365 1268 587 1338 Quippe
619 1265 678 1320 hi
711 1261 970 1335 captivos
1003 1260 1407 1317 fraudulenter
1437 1262 1690 1330 emptos,

363 1355 526 1410 tenui
555 1370 804 1426 repensa
834 1350 1108 1407 Barbarie
1138 1348 1412 1421 pecunia,

361 1443 628 1514 protinus
659 1441 892 1513 gladiis,
928 1456 1031 1510 pro
1063 1437 1264 1494 dolori
1299 1435 1710 1492 conficiebant.

362 1532 601 1589 Barbari
629 1531 824 1588 Sionis
856 1533 1150 1601 pastorem
1183 1541 1535 1597 sacrumque
1564 1523 1793 1596 lignum

361 1623 419 1678 in
464 1621 761 1677 Persidem
796 1619 1168 1674 abduxerunt
1198 1616 1450 1688 patriam
1481 1631 1672 1670 suam.

361 1715 494 1766 Aaac
519 1709 841 1781 imperator
869 1705 1114 1763 audiens
1145 1704 1490 1776 angebatur,

362 1814 572 1870 nempe
606 1797 863 1853 militum
897 1809 1142 1850 numero
1176 1794 1449 1866 pauciore
1478 1791 1827 1860 instructus,

364 1887 505 1943 item
546 1885 807 1958 pecuniaa
837 1883 1054 1939 auxilio
1086 1882 1427 1949 destitutus,

365 1975 684 2045 quominus
713 1973 944 2030 hostem
965 1971 1283 2028 barbarum
1316 1969 1710 2043 propulsaret.

365 2071 497 2120 Mox
523 2069 722 2119 tamen
755 2079 894 2134 opes
922 2076 1418 2131 numerosumque
1435 2060 1756 2116 exercitum

365 2168 786 2224 armorumque
815 2155 1162 2223 apparatum
1194 2153 1326 2222 apte
1351 2149 1674 2215 instruens,

364 2242 613 2315 pecunia
640 2258 671 2298 e
700 2241 939 2314 templis
967 2245 1234 2297 mutuala
1261 2242 1469 2314 gratis,

361 2331 601 2388 collecto
631 2331 702 2386 de
731 2330 1050 2403 provinciis
1079 2330 1288 2387 idoneo
1319 2329 1529 2400 milite,

361 2421 642 2476 adversus
671 2419 989 2476 Chosroem
1020 2419 1136 2474 Deo
1169 2419 1476 2476 victorioso
1508 2419 1692 2474 fretus

361 2525 495 2565 cum
527 2508 782 2565 exercitu
813 2508 873 2565 in
905 2507 1198 2564 Persidem
1232 2507 1372 2563 facit
1400 2507 1705 2580 impetum.

360 2598 506 2654 Exin
535 2597 795 2670 vigorem
827 2597 1044 2654 animis
1074 2597 1364 2654 subdente
1396 2601 1530 2666 Deo,

360 2688 635 2744 victorias
667 2687 914 2754 nobiles,
947 2686 1255 2758 splendida
1284 2685 1565 2758 trophaaa,

359 2794 459 2834 rex
487 2775 606 2833 illic
636 2792 894 2850 praesens
920 2775 1120 2832 retulit
1149 2777 1218 2831 de
1244 2775 1538 2832 Barbarie.

355 2866 580 2922 Occidit
607 2867 765 2923 enim
806 2866 1065 2922 hostium
1094 2869 1355 2921 catervas
1385 2864 1699 2936 plurimas,

353 2955 608 3027 praedam
640 2954 856 3027 abegit,
891 2954 1204 3012 manubias
1237 2953 1504 3023 abstulit,

353 3050 569 3117 strage,
602 3045 755 3118 igne,
787 3043 1058 3101 vastitate
1088 3041 1311 3100 attrivit
1339 3043 1645 3100 Barbaros.

356 3133 454 3188 llis
487 3132 787 3190 Heraclius
819 3133 1063 3205 patratis
1100 3131 1255 3187 intra
1285 3132 1653 3199 sexennium,

353 3225 488 3290 post
519 3224 792 3275 sanctum
822 3219 1051 3291 lignum
1085 3236 1216 3275 cum
1247 3221 1442 3276 Sionis
1474 3219 1725 3292 praesule

352 3306 770 3380 Hierosolymis
802 3324 1010 3363 rursus
1041 3307 1409 3375 collocatum,

350 3396 420 3452 ad
455 3395 675 3467 regiam
707 3395 913 3450 urbem
945 3396 1188 3464 septimo
1221 3396 1533 3452 revertitur

355 3483 606 3539 miriﬁca
635 3482 834 3538 laetitia
864 3484 1206 3539 redundans
1227 3501 1400 3551 anno,

354 3573 590 3645 hymnis
618 3571 950 3628 innumeris
979 3571 1311 3629 celebratus
1342 3573 1563 3644 populi,

351 3659 524 3716 heros
555 3664 614 3717 et
641 3660 823 3717 victor
853 3661 1198 3732 praedicatus
1231 3662 1466 3719 nobilis.

350 3750 455 3805 Hic
489 3767 586 3806 rex
613 3749 969 3820 quibusdam
1004 3751 1341 3822 pastoribus
1369 3751 1658 3808 obnoxius

349 3838 438 3896 vel
471 3839 667 3911 potius
698 3838 1096 3907 mercenariis,
1130 3839 1246 3896 imo
1279 3845 1338 3897 et
1370 3841 1545 3913 lupis,

352 3944 421 3984 ex
452 3927 545 3983 his
575 3926 937 4000 synchyticis
969 3927 1336 4001 impurisque
1367 3930 1628 3986 fontibus

349 4015 664 4088 perniciem
699 4017 1022 4089 perpotavit
1053 4017 1491 4075 exsecrabilem.

350 4107 466 4161 Sub
497 4123 562 4162 eo
595 4106 969 4163 Mahumetus
1002 4107 1202 4180 populi
1234 4109 1504 4165 seductor
1533 4109 1708 4167 fallax

349 4195 540 4268 turpis
571 4195 877 4251 atheorum
911 4197 1184 4269 princeps
1213 4201 1634 4271 Agarenorum,

351 4283 613 4339 nefandae
636 4283 932 4355 religionis
965 4289 1323 4355 antecessor,

349 4371 422 4427 ad
456 4370 763 4427 hominum
797 4371 1038 4427 exitium
1069 4373 1193 4427 orbi
1228 4373 1502 4430 innotuit.

347 4459 596 4516 Feminae
627 4459 720 4516 hic
749 4459 888 4516 ditis
919 4459 1173 4516 Persidis
1199 4477 1333 4517 cum
1365 4467 1519 4519 esset
1551 4463 1828 4534 famulus,

343 4548 649 4620 impostor,
682 4547 858 4604 homo
882 4549 1194 4616 obscurus,
1222 4550 1407 4621 stirpe
1435 4551 1700 4624 ignobili,

341 4637 492 4694 hanc
520 4637 729 4693 habuit
757 4637 866 4693 tori
902 4638 1119 4694 sociam
1151 4643 1209 4695 et
1235 4640 1494 4696 malitiae.

341 4726 481 4782 Exin
513 4726 700 4782 evasit
732 4727 1002 4799 princeps
1033 4729 1352 4801 doctorque
1382 4747 1578 4802 nugax

344 4816 541 4870 nescio
573 4831 690 4886 quo
721 4820 890 4886 pacto
921 4818 1076 4888 apud
1111 4819 1310 4889 Agere:
1342 4825 1625 4891 posteros.

344 4903 502 4958 ldem
537 4903 916 4975 progrediens
948 4921 1016 4960 ex
1045 4904 1295 4960 Ethribi
1329 4908 1664 4978 regionibus

341 4992 678 5064 imperatori
714 4999 846 5063 post
868 4993 1169 5050 victoriam
1202 4996 1398 5051 reduci

341 5095 643 5147 oceurens,
676 5082 873 5137 sedem
906 5083 977 5138 ad
1009 5082 1385 5140 incolendum
1419 5086 1623 5158 petiit;

341 5187 459 5244 qua
489 5185 624 5224 mox
653 5170 984 5242 impetrata,
1015 5172 1238 5243 Syriam
1270 5173 1616 5246 incursavit,

341 5267 399 5318 et
431 5262 829 5318 Romanorum
861 5262 1035 5319 terris
1066 5263 1240 5335 potiri
1270 5265 1462 5337 coepit.

565 5385 1108 5443 CONSTANTINUS
1149 5387 1487 5446 HERACLII
1527 5390 1760 5449 FILIUS
1833 5447 1837 5452 .

1059 5459 1176 5516 AN.
1210 5460 1255 5518 Ι.

340 5561 657 5640 Postquam
689 5565 989 5623 Heraclius
1019 5567 1196 5624 ﬁnem
1227 5568 1355 5625 vitae
1388 5569 1694 5644 imposuit,

2037 362 2097 432 Α

2124 458 2262 514 1365
2301 457 2597 516 Ἐπάνοδόν
2628 482 2687 517 τε
2715 462 3035 533 Ῥωμαϊκῶν
3067 457 3423 533 πραγμάτων.

2297 554 2406 619 Λεη
2417 546 2710 614 λατοῧντος
2735 551 3033 621 τηνικαῦτα
3061 545 3309 623 Χοσρόου

2297 643 2514 714 Περσῶν
2545 639 2858 715 κρατάρχου
2885 639 3061 693 πάντα
3078 643 3178 706 τῆς
3208 639 3324 693 Ἕω
3360 638 3524 711 μέρη,

2299 725 2752 802 Καταδραμόντος
2783 729 2872 782 καὶ
2903 725 3274 797 Παλαιστίνης
3309 724 3494 800 ὅρους,

2295 820 2429 871 Θεοῦ
2453 816 2615 872 πόλιν
2646 839 2704 873 τε
2733 819 2832 886 τὴν
2867 817 3010 871 Σιὼν
3041 816 3353 884 ἡλωκότος,

2121 905 2258 960 1370
2294 904 2697 978 Χριστωνύμων
2729 900 2962 982 ἔφθαρτο
2991 901 3205 972 πλῆθος
3250 902 3447 978 μυρίον

2295 993 2380 1054 Ἐς
2406 991 2687 1070 μυριάδων
2715 994 2864 1050 ἐννέα
2891 993 3265 1066 ποσουμένων·

2293 1083 2363 1137 Τὸ
2397 1083 2490 1155 μὶν
2525 1083 2764 1156 θερισθὲν
2794 1081 2966 1139 τῶνδε
2995 1082 3133 1157 πρὸς
3165 1085 3320 1157 μάχῃ
3354 1082 3517 1158 ξίφει,

2290 1171 2365 1227 Τὸ
2398 1169 2444 1226 δ’
2475 1173 2540 1227 αὗ
2571 1173 2823 1251 φονευθὶν
2846 1167 3109 1248 Ἐϐραίων
3141 1171 3458 1246 κακουργίᾳ.

2291 1261 2606 1334 Ὠνούμενοι
2633 1261 2732 1338 γὰρ
2763 1259 3161 1336 αἰχμαλώτους
3195 1259 3515 1336 δυστρόπως

2109 1351 2253 1408 1375
2288 1355 2499 1426 Μικρᾶς
2537 1359 2707 1425 τιμῆς
2738 1350 2888 1407 οὗτοί
2917 1372 2977 1427 γε
3005 1351 3142 1426 πρὸς
3173 1355 3279 1405 τῶν
3313 1344 3610 1424 Βαρϐάρων

2287 1441 2522 1516 Ὑπῆγον
2557 1439 2712 1505 εὐθὺς
2739 1445 2808 1515 τῇ
2837 1444 2984 1514 τομῇ
3017 1443 3114 1518 φεῦ
3145 1443 3240 1494 τοῦ
3273 1438 3479 1518 ξίφους.

2235 1598 2244 1604 ο
2286 1531 2488 1605 Πέρσαι
2519 1527 2576 1584 δὲ
2603 1530 2745 1584 Σιὼν
2777 1530 3016 1603 ποιμένα
3045 1530 3165 1583 θεῖα
3195 1527 3331 1601 ξύλα

2235 1607 2250 1616 ’
2286 1620 2377 1680 Ἐς
2411 1615 2625 1693 Περσίδ’
2657 1619 2938 1694 ἀπήγαγον
2969 1618 3149 1673 αὐτῶν
3195 1613 3452 1692 πατρίδα.

2034 1733 2084 1800 Β
2291 1708 2458 1771 Ταῦθ’
2488 1708 2515 1761 ὁ
2545 1712 2758 1783 κρατῶν
2789 1706 2954 1784 γνοὺς
2981 1705 3345 1800 ⁴τιξυρπολεῖται
3373 1702 3622 1778 καρδίαν.

2116 1797 2255 1853 1380
2294 1795 2597 1871 Στράτευμ’
2628 1798 2889 1872 ἀποχρῶν
2924 1793 3195 1870 μηδαμῶς
3227 1794 3587 1868 κεκτημένος,

2288 1882 2432 1955 Μηδ⁹
2462 1883 2526 1939 αὖ
2560 1882 2802 1956 δαπάνην
2835 1884 3142 1960 χρημάτων
3173 1881 3452 1956 άναλόγων

2286 1972 2382 2036 Εἷς
2411 1971 2852 2046 ἀντιπαλάμησιν
2885 1971 3096 2048 ἐχθρῶν
3128 1968 3452 2048 Βαρϐάρων.

2284 2064 2479 2135 Ὅμως
2513 2059 2570 2116 δὲ
2597 2060 2687 2116 καὶ
2718 2063 2981 2136 χρήματα
3009 2059 3098 2116 καὶ
3129 2065 3364 2136 στρατοῦ
3394 2058 3582 2140 στίφος

2287 2149 2384 2205 Καὶ
2414 2149 2480 2204 τὰ
2510 2151 2647 2225 πρὸς
2674 2148 2949 2222 ἐξόπλισιν
2982 2148 3039 2203 εὗ
3069 2147 3392 2225 άπαρτίσας,

2108 2242 2248 2298 1385
2285 2241 2368 2297 Ta‘:
2401 2240 2495 2312 μὶν
2528 2239 2665 2314 πρὸς
2694 2236 2858 2294 οἷ’κων
2888 2238 3048 2313 ἱερῶν
3077 2239 3240 2313 χάριν
3281 2236 3476 2300 δάνους

2284 2328 2392 2386 Τὸν
2426 2324 2472 2382 δ’
2501 2325 2561 2382 ἐκ
2593 2327 2840 2400 θεμάτων
2870 2327 3184 2402 συναγείρας
3214 2327 3289 2388 ὡς
3319 2325 3460 2398 δέον,

2284 2418 2436 2474 Κατά
2465 2415 2708 2491 Χοσρόου
2739 2417 2833 2470 σὺν
2862 2420 2978 2487 Θεῷ
3009 2415 3168 2486 νίκης
3201 2413 3332 2490 δότῃ

2285 2507 2436 2564 Μετὰ
2465 2509 2718 2580 στρατιᾶς
2747 2499 3006 2559 ἐκϐάλλει
3036 2507 3104 2580 τῇ
3145 2503 3396 2581 ΙΙερσίδιο

2283 2600 2418 2652 Θεοῦ
2446 2595 2708 2650 τοΛοιπὸν
2744 2592 3073 2668 ἐμπνέοντος
3097 2595 3159 2649 τὸ
3192 2593 3374 2658 σθένος

2111 2689 2249 2744 1390
2286 2691 2558 2762 Περιφανῆ
2586 2680 2822 2759 τρὸπαια
2849 2685 3100 2758 γενναίας
3127 2683 3280 2746 νίκας

2286 2776 2432 2832 Ἐκεῖ
2463 2774 2650 2849 παρὼν
2685 2770 2908 2848 δέδρακε
2936 2771 3073 2828 κατὰ
3101 2768 3420 2848 Βαρϐάρων.

2285 2866 2530 2920 ’Έκτεινε
2557 2862 2648 2917 καὶ
2678 2862 2780 2938 γάρ
2813 2857 3110 2937 Βαρϐάρων
3141 2859 3398 2925 πλείστας
3431 2858 3580 2931 ἴλας,

2283 2952 2494 3010 ’Ήλασε
2526 2950 2676 3007 λείαν
2707 2950 2797 3006 καὶ
2829 2949 3277 3027 λαφυραγωγίαν,

2285 3045 2441 3117 Δῃῶν
2471 3041 2566 3116 ἐρη
2578 3042 2692 3114 μῶν
2717 3038 3018 3115 πυρπολῶν
3049 3039 3116 3095 τὰ
3138 3034 3455 3116 Βαρϐάρων,

2023 3100 2069 3170 c
2109 3135 2245 3190 1395
2281 3100 2438 3186 Τάὖτ’
2469 3100 2529 3186 ἔα
2555 3100 2862 3207 χρόνοιςιὲξ
2893 3100 3226 3206 Ἡράκλειος
3250 3100 3470 3203 ἀνύσας,

2272 3219 2430 3276 Ξύλα
2458 3241 2517 3275 τε
2546 3219 2716 3275 σεπτά
2740 3219 2830 3275 καὶ
2863 3219 3006 3274 Σιὼν
3035 3217 3339 3294 ἀρχιθύτην

2272 3307 2636 3385 Ἰερουσαλὴμ
2660 3308 3062 3383 ἐγκαταστήσας
3077 3305 3260 3375 πόλει,

2275 3398 2418 3472 Πρὸς
2452 3394 2708 3471 βασιλίδα
2737 3395 3163 3474 καθυποστρέφει
3195 3393 3356 3452 πόλει

2275 3487 2363 3544 Ἐν
2397 3481 2617 3558 ἑϐδόμῳ
2645 3484 2914 3542 κάλλ.στα
2945 3486 3154 3562 χαίρων
3179 3506 3261 3558 τῳ
3289 3483 3503 3560 χρόνῳ,

2101 3579 2238 3634 1400
2274 3574 2645 3648 ’Υμνούμενος
2675 3575 2939 3648 στόμασιν
2966 3575 3140 3630 ἀστῶν
3179 3573 3410 3650 μυρίων,

2276 3665 2487 3726 Ὀφθεὶς
2518 3663 2766 3738 ἀριστεὺς
2798 3661 3054 3741 γεννάδας
3086 3662 3404 3740 νικηφόρος.

2277 3751 2451 3814 Οὗτος
2484 3751 2738 3828 βασιλεὺς
2766 3752 3078 3826 ἐξομαρτῶν
3101 3751 3354 3825 ποιμέσιν

2274 3844 2341 3899 Ἢ
2379 3841 2592 3915 μᾶλλον
2625 3841 2797 3898 εἴπεῖν
2833 3841 3072 3915 μισθίοις
3099 3861 3160 3896 τε
3186 3841 3275 3897 καὶ
3311 3840 3500 3902 λύκοις

2277 3933 2370 3989 Ἐκ
2391 3933 2732 4008 συγχυτικῶν
2764 3931 2831 3987 ού
2861 3933 3110 4005 καθαρῶν
3149 3928 3399 4003 ναμάτων

2101 4022 2240 4078 1405
2278 4021 2616 4096 Ἀνατροπὴν
2645 4021 2856 4089 ποτίζει
2893 4017 3236 4094 βδελυκτέαν.

2273 4110 2395 4186 Ἐφ’
2436 4106 2498 4163 οὗ
2530 4107 2871 4184 Μουχούμετ
2896 4105 3212 4171 λαοπλάνος
3235 4105 3324 4162 καὶ
3357 4107 3517 4183 φέναξ

2278 4197 2576 4273 Φύλαρχος
2604 4196 2832 4274 αῗσχρὸς
2860 4197 3180 4272 Ἀγαρηνῶν
3211 4194 3382 4252 ἀθέων

2275 4286 2374 4341 Καὶ
2409 4286 2762 4360 μυσταγωγὸς
2790 4285 3060 4358 ἀθεμίτων
3094 4283 3292 4360 ὀργίων

2278 4369 2640 4450 Φθισίϐροτος
2672 4371 2823 4446 λύμη
2854 4394 2938 4436 τις
2971 4372 3124 4449 ἐξέφυ
3157 4372 3284 4447 βίῳ.

2019 4463 2068 4532 D
2100 4466 2238 4522 1410
2274 4466 2374 4526 "Oc
2407 4461 2480 4518 ὢν
2514 4465 2769 4538 γυναικὸς
2802 4460 3062 4538 Περσίδος
3086 4465 3185 4532 θὴς
3213 4459 3481 4523 πλουσίας

2275 4552 2443 4626 Ἀνὴρ
2466 4549 2600 4625 γόης
2633 4552 2848 4624 ἄσημος
2880 4551 3076 4624 ἀτίμοτ
3095 4549 3308 4625 γένους,

2276 4639 2536 4696 Σύνευνον
2572 4638 2700 4715 ἔσχε
2725 4637 2894 4711 τήνδε
2921 4637 3299 4714 κακοτεχνίας.

2272 4730 2402 4787 Εἶτα
2431 4727 2715 4807 φύλαρχος
2739 4728 2829 4783 καὶ
2861 4725 3187 4789 διδάσκαλος
3217 4725 3428 4789 πλάνος

2271 4819 2396 4894 Οὐχ
2424 4817 2528 4873 οἷδ’
2556 4818 2705 4881 ὅπως
2733 4816 2940 4894 γένοιτο
2967 4821 3078 4873 τῶν
3099 4815 3158 4872 ὲκ
3185 4821 3284 4886 τῆς
3315 4817 3510 4891 Ἅγαρ.

2094 4909 2235 4966 1415
2271 4909 2440 4971 Οὗτος
2467 4909 2673 4984 προϊὼν
2703 4906 2753 4980 ἐξ
2785 4902 3042 4981 Ἀθρίὸου
3071 4904 3280 4982 χωρίον

2270 4998 2687 5077 Ὑποστρέφοντι
2723 4995 2937 5073 βασιλεῖ
2965 4994 3250 5072 νικηφόρῳ

2270 5085 2589 5163 Προσῆλθεν
2621 5086 2786 5142 αίτῶν
2818 5089 3004 5161 χῶρον
3037 5083 3114 5148 είς
3138 5083 3439 5139 κατοικίαν

2274 5177 2369 5230 Καὶ
2401 5172 2734 5249 παραλαϐὼν
2760 5171 3066 5249 κατέδραμε
3096 5172 3315 5248 Συρίαν,

2270 5268 2370 5323 Καὶ
2401 5270 2719 5342 Ῥωμαϊκῶν
2751 5269 3077 5342 κατακρατεῖ
3103 5263 3351 5340 χωρίων.

2302 366 2399 431 Εἷς
2427 391 2484 425 τε
2513 368 2834 444 πλατυσμὸν
2864 373 2965 426 τοῦ
2989 367 3220 444 κράτους
3251 368 3679 443 σχοινισμάτων,

3699 244 3767 302 64

2150 5393 2689 5450 ΚΩΝΣΤΑΝΤΙΝΟΣ
2732 5393 2776 5448 Ο
2815 5394 2972 5448 ΥΙΟΣ
3013 5389 3418 5448 ΗΡΑΚΛΕΙοΥ
3455 5387 3564 5444 ΕΤ.
3602 5385 3686 5442 A'.

2096 5577 2234 5635 1420
2270 5570 2447 5632 ΤοῦδΠ
2475 5577 2594 5648 Ηρα
2622 5570 2810 5630 κλείου
2839 5571 2931 5628 τὸν
2976 5570 3096 5648 βίον
3132 5567 3487 5636 λελοιπότος,
