4086 6210
510 411 925 469 Κωνσταντῖνος
957 412 1084 469 παῖς
1110 403 1389 486 ὀρθόφρων
1420 407 1553 485 ἔσχε
1576 411 1792 487 κράτος.

514 498 652 561 Μεθ’
685 498 744 552 ’ὸν
779 496 870 551 σὺν
903 498 1005 569 υἱῴ
1035 499 1362 574 Ἡρακλωνᾷ
1392 499 1633 574 Μαρτίνα
1666 502 1776 573 (24)
1812 516 1827 530 ‘

514 592 610 641 Ὧν
640 584 895 662 γλῶσσαν
926 588 962 656 ἡ
999 588 1093 659 μὲν
1128 588 1379 660 τὲμνεται
1415 586 1545 661 μάλ’
1576 587 1823 660 ἐνδίκως,

518 674 869 750 Ἰῐρακλωνᾶς
898 673 955 730 δὲ
982 680 1080 730 τοῦ
1110 678 1410 750 προσώπου
1438 679 1537 746 τὴν
1572 678 1713 753 ῥῖνα,

326 767 479 823 4425
517 765 705 837 Φυγήν
740 765 1154 839 κατακριθέντες
1185 763 1549 835 ἐνδικωτάτην

329 882 664 937 ΚΩΝΣΤΑΣ
726 881 769 938 0
832 885 991 937 r102:
1065 886 1282 939 ΑΥΤΟΥ
1355 884 1517 939 HTOI
1577 884 1620 940 Ο
1678 884 1994 944 ΕΓΓΟΝΟΣ

806 953 1208 1010 ΗΡΑΚΛΕΙοΥ
1258 959 1359 1008 ΕΤ.
1416 960 1532 1011 KZ'.

510 1061 646 1116 Εἶτα
674 1057 935 1135 κατάρχει
964 1063 1059 1113 τοῦ
1090 1060 1321 1134 κράτους
1351 1066 1459 1116 τῶν
1488 1061 1743 1118 Αὐσόνων

510 1150 793 1217 Κώνστας,
828 1146 1071 1219 διώκτης
1102 1145 1483 1225 εὐσεϐεστέρου
1518 1152 1743 1225 μέρους,

511 1237 920 1292 Κωνσταντίνου
948 1243 1100 1306 παῖς,
1134 1236 1354 1314 ἔγγονος
1386 1237 1428 1293 δ’
1458 1238 1784 1314 Ἡρακλείου
1816 1259 1829 1270 ’

507 1326 703 1382 Τᾶλλα
740 1327 833 1399 μὲν
867 1326 966 1381 οὐκ
997 1326 1278 1402 ἄχρηστος
1308 1328 1491 1406 ὀφθείς
1519 1350 1604 1392 τις
1632 1328 1874 1405 κράτωρ,

324 1418 470 1474 1430
513 1411 688 1477 Σὲϐας
717 1414 766 1470 δ’
792 1417 1017 1492 ἀχρεῖος
1044 1416 1378 1493 Οίοφυσίτης
1402 1417 1573 1481 τάλας
1608 1438 1621 1452 °

512 1506 612 1569 ’⁸ος
644 1501 922 1560 ἐκδιώκων
954 1503 1391 1581 ὁρθοδοξούντων
1430 1508 1615 1584 μέρος,

513 1597 611 1651 Καὶ
647 1595 898 1667 Μάξιμον
928 1593 977 1649 δ’
1004 1591 1181 1664 ἤλασε
1208 1598 1298 1651 τὸν
1333 1598 1594 1671 θεηγόρον

513 1682 620 1737 Σὺν
652 1688 770 1747 τοῖς
800 1684 1089 1757 μαθηταῖς,
1113 1684 1204 1739 καὶ
1230 1691 1504 1761 Μαρτῖνον
1535 1686 1628 1741 τὸν
1657 1688 1859 1746 πάπαν.

506 1774 790 1845 ’Ὁμαιμον
822 1771 988 1828 αὐτοῦ
1009 1773 1220 1836 κτείνας
1252 1775 1407 1837 οὗτος
1442 1776 1470 1829 ὁ
1500 1779 1716 1853 κράτωρ

326 1864 467 1918 1435
506 1859 790 1931 Μισητέος
822 1863 1043 1937 κὲκριτο
1073 1862 1162 1917 καὶ
1199 1861 1546 1938 βδελυκτὲος,

506 1950 614 2006 Καὶ
646 1949 859 2024 μᾶλλον
888 1954 972 2014 οἷς
1006 1949 1230 2023 δέδρακε
1255 1956 1436 2015 κακῶς
1468 1953 1675 2030 ἁγίους.

504 2034 797 2115 Διατριϐἂς
827 2040 919 2095 οὖν
951 2039 1192 2096 ἐκλιπὼν
1228 2038 1566 2114 Βυζαντίδος,

504 2130 651 2204 Πρὸς
681 2127 933 2183 Σικελίαν
963 2130 1062 2198 τὴν
1098 2128 1356 2203 μεγίστην
1389 2128 1628 2203 ἐκπλέει,

506 2219 609 2273 Καὶ
647 2219 991 2292 Συράκουσαν
1021 2216 1178 2292 ἔσχεν
1211 2218 1288 2283 εἷς
1316 2220 1615 2277 κατοικίαν.

465 2335 1024 2392 ΚΩΝΣΤΑΝΤΙΝΟΣ
1065 2340 1104 2388 Ο
1143 2336 1558 2393 ΙΙΩΓΩΝΑΤΟΣ
1602 2338 1709 2394 ET.
1750 2338 1845 2395 IZ'.

310 2441 464 2497 4440
502 2439 707 2494 Τούτου
741 2441 1034 2516 σφαγέντος
1064 2442 1155 2495 καὶ
1191 2441 1550 2515 μεταστάντος
1585 2442 1729 2517 βίου,

503 2535 904 2591 Κωνσταντῖνος
933 2534 1062 2585 παῖς
1095 2526 1321 2600 εύσεϐἢς
1354 2533 1694 2608 [Ιωγωνάτος

503 2613 844 2692 Παραλαϐὼν
881 2618 1024 2683 ἴθυνε
1048 2621 1150 2687 τὴν
1179 2622 1515 2695 κραταρχίαν
1549 2639 1565 2655 ο

502 2708 671 2783 Ἀνὴρ
702 2706 925 2783 ἀγαθὸς,
959 2705 1273 2784 ὀρθοδοξίας
1308 2708 1470 2787 φίλος

499 2798 693 2861 ’Ὁστις
723 2800 973 2874 πατρῴαν
1008 2797 1324 2871 κακοδοξίαν
1361 2797 1508 2855 λύων

312 2888 459 2944 1445
499 2889 761 2961 Ἥθροισε
794 2894 1001 2943 σεπτῶν
1026 2889 1270 2965 πατέρων
1304 2894 1446 2953 θεῖον
1480 2890 1685 2970 στίφος,

499 2973 793 3053 Συνὲδριον
818 2976 1112 3033 κάλλιπον
1144 2976 1481 3053 ὀρθοδοξίας,

496 3065 624 3123 Ἐπί
652 3086 714 3143 γε
736 3072 972 3142 Χριστοῦ
1000 3063 1440 3144 δογματισάντων
1475 3070 1588 3142 ἅμα

493 3155 685 3217 Διττὰς
717 3153 963 3226 θελήσεις
984 3158 1073 3212 καὶ
1104 3156 1287 3234 φύσεις
1318 3159 1625 3230 ἡνωμένας,

489 3246 598 3301 Καὶ
626 3243 967 3301 καθελόντων
998 3246 1200 3308 πάντας
1230 3245 1579 3323 Οἷόφυσίτας.

300 3335 449 3391 1450
488 3333 711 3391 Τούτου
739 3339 1096 3408 κρατοῦντος,
1128 3337 1445 3412 Ἀγαρηνῶν
1476 3358 1559 3400 τις
1591 3337 1786 3402 στόλος

481 3423 567 3494 Τῇ
599 3419 842 3496 βασιλίδι
874 3417 1207 3496 προσϐαλὼν
1233 3422 1402 3498 ταύτῃ
1433 3423 1591 3481 πόλει

484 3505 777 3567 Ἐϐόσκετο
808 3512 1094 3585 ξύμπαντα
1124 3514 1216 3568 τὸν
1250 3512 1400 3588 πέριξ
1430 3514 1597 3569 τόπον
1633 3535 1647 3550 ·

482 3600 655 3673 Ἥρος
689 3600 783 3672 μὲν
817 3601 968 3662 ἱστὰς
1001 3599 1250 3675 χαλεπὰς
1281 3602 1612 3677 ναυμαχίας,

480 3689 747 3762 “Ωρμιστο
777 3694 1060 3765 χειμῶνος
1089 3687 1146 3744 δὲ
1174 3696 1290 3753 τοῖς
1319 3691 1566 3766 νεωρίοις

300 3778 445 3833 1455
482 3780 616 3839 Τοῖς
643 3784 744 3847 τῆς
777 3783 1011 3847 Κυζικοῦ
1044 3778 1241 3854 μέχρις
1273 3776 1511 3852 ἑϐδόμου
1544 3779 1747 3855 χρόνου
1780 3800 1793 3814 ⁸

484 3866 636 3922 Ἐπεὶ
668 3864 725 3922 δὲ
754 3867 1071 3943 τετρύχωτο
1105 3870 1267 3941 μήκει
1298 3873 1394 3923 τοῦ
1425 3869 1650 3943 χρόνου,

482 3952 662 4011 Βλοῖὰ
688 3978 746 4011 τε
778 3957 1130 4031 συντέτριπτο
1158 3958 1355 4012 τούτου
1379 3959 1446 4012 τὰ
1474 3956 1650 4031 πλὲω,

478 4043 859 4122 Ὀφλισκάνων
888 4045 1105 4121 γέλωτα
1130 4045 1582 4125 καθυποστρέφει,

476 4133 576 4187 Καὶ
609 4137 745 4190 κάτα
772 4137 873 4204 τήν
903 4133 1157 4191 κέλευθον
1190 4137 1329 4198 ἅπας
1354 4134 1559 4211 ἐφθάρη

288 4223 435 4278 1460
470 4222 721 4278 Λαίλαπι
755 4221 906 4298 δεινῇ
934 4228 1003 4295 τῇ
1038 4228 1171 4279 Θεοῦ
1199 4224 1460 4301 συνεργίᾳ.

472 4312 617 4386 Πρὸς
647 4318 771 4375 τοῖς
801 4310 847 4367 δ’
878 4307 1126 4385 ’Δϐάρων
1160 4315 1382 4387 στρατιὰ
1412 4312 1682 4392 φρικαλὲα

471 4400 715 4471 Ἑπῆλθε
741 4401 913 4475 ταύτῃ
938 4406 1006 4475 τῇ
1044 4401 1282 4476 βασιλίδι
1314 4401 1496 4471 πόλει,

469 4488 783 4563 Φρίσσουσα
811 4495 928 4552 τοῖς
959 4488 1148 4565 δόρασι
1178 4492 1267 4546 καὶ
1298 4489 1648 4553 πανοπλίαις.

470 4578 579 4632 Καὶ
606 4584 751 4633 πᾶσα
778 4580 1116 4656 κατέφθαρτο
1147 4579 1434 4653 Ῥωμαίων
1466 4580 1658 4648 σθένει,

286 4667 435 4723 1465
471 4669 598 4723 Τῶν
626 4668 957 4741 νεκριμαίων
986 4663 1282 4743 Βαρϐάρων
1315 4667 1666 4743 ποσουμὲνων

471 4755 567 4816 Ἐς
598 4753 857 4830 χιλιάδας
884 4759 1173 4832 τριάκοντα
1202 4758 1297 4819 τὰς
1327 4754 1479 4821 ὅλας.

470 4845 658 4920 Ὑγρόν
680 4866 740 4900 τε
768 4850 875 4921 πῦρ
906 4845 1103 4922 εὕρητο
1132 4845 1349 4909 τούτοις
1377 4852 1494 4909 τοῖς
1524 4848 1749 4923 χρόνοις

469 4932 651 5008 Σύρου
682 4935 829 5009 παρᾶ
855 4940 951 4991 τοῦ
978 4936 1231 4998 τέκτονος
1263 4934 1619 4992 Καλλινίκου.

446 5048 955 5107 ΙΟΥΣΤΙΝΙΑΝΟΣ
996 5056 1040 5108 Ο
1079 5052 1529 5109 ΡΙΝΟΤΜΗΤΟΣ
1570 5053 1677 5108 ET.
1722 5054 1777 5110 Γ.

458 5153 576 5210 Εἶτ’
607 5156 993 5220 Ἰουστινιανὸς
1023 5158 1154 5232 ἦρξε
1176 5162 1273 5213 τοῦ
1303 5160 1535 5234 κράτους

288 5243 425 5298 M70
462 5246 876 5299 Κωνσταντίνου
908 5250 1059 5316 παῖς,
1082 5240 1305 5317 εὐσεϐὴς
1335 5245 1473 5302 κατὰ
1500 5240 1681 5319 σέϐας,

1862 285 2230 341 ΟΕΒΔΒΕΒ.

2020 407 2076 473 Α
2103 406 2524 463 Constantinus
2556 407 2714 465 ﬁlius
2746 412 3011 482 regnavit
3041 415 3424 487 orthodoxus,

2108 502 2236 566 post
2267 510 2439 565 quem
2476 497 2723 553 Martina
2755 515 2889 554 cum
2923 502 3245 561 Heraclona
3277 508 3417 565 ﬁlio.

2103 584 2211 638 Sed
2238 584 2398 649 enim
2432 586 2604 640 matri
2638 588 2849 643 merito
2879 589 3081 662 lingua
3112 596 3419 668 exciditur,

2103 672 2354 743 turpiter
2382 673 2730 732 Heraclonas
2763 681 3075 735 truncatur
3105 683 3369 756 naribus,

2105 763 2348 832 uterque
2377 764 2578 821 exsilio
2613 765 2893 822 multatur
2913 768 3274 838 justissimo.

2324 878 3519 964 εοέῖὲἷᾼῖὲβ.,ΟρὲἓΤᾼΝΤΞΝΙηΕῌέΙυᾶ

2399 950 2731 1009 HERACLII
2776 955 3027 1024 NEPOS,
3070 959 3188 1013 AN.
3232 960 3446 1019 XXVII.

2099 1052 2241 1109 Exin
2276 1054 2673 1113 Romanorum
2706 1059 2935 1115 obtinet
2968 1062 3281 1134 imperium

2099 1143 2386 1199 Constans
2421 1145 2645 1216 piarum
2672 1154 3017 1220 persecutor
3046 1153 3323 1224 partium,

2099 1229 2466 1289 Constantini
2500 1235 2678 1308 ﬁlius,
2714 1254 2896 1310 nepos
2933 1241 3201 1297 lleraclii.

2097 1319 2329 1376 Caeteris
2363 1322 2566 1380 usibus
2602 1342 2716 1380 non
2751 1326 2950 1383 malus
2980 1327 3317 1403 imperator,

2097 1408 2368 1481 dogmate
2399 1414 2499 1467 sed
2529 1431 2762 1485 pravus,
2799 1417 3212 1489 monophysita
3244 1422 3461 1493 miser;

2095 1497 2196 1567 qui
2227 1500 2367 1555 dum
2400 1504 2698 1574 negotium
2730 1504 2968 1562 facessit
2998 1508 3360 1583 orthodoxis,

2093 1586 2411 1645 Maximum
2447 1608 2678 1663 quoque
2708 1594 3046 1667 theologum
3079 1598 3303 1671 expulit

2094 1692 2223 1733 cum
2258 1678 2383 1735 suis
2415 1678 2740 1751 discipulis,
2766 1700 3016 1755 cumque
3048 1686 3297 1744 Martino
3328 1706 3498 1761 papa.

2014 1772 2064 1838 Β
2093 1768 2238 1826 Cum
2268 1787 2404 1828 vero
2433 1777 2490 1829 et
2520 1775 2819 1845 proprium
2850 1777 3088 1833 fratrem
3121 1780 3456 1854 occidisset,

2097 1858 2322 1916 invisus
2353 1861 2522 1933 plane
2553 1864 2736 1919 evasit
2763 1869 2820 1920 et
2859 1866 3302 1937 abominabilis,

2093 1950 2219 2003 tum
2253 1953 2576 2020 praesertim
2611 1953 2751 2025 quia
2790 1959 3027 2010 sanctos
3056 1955 3276 2027 injuria
3306 1960 3596 2017 aﬂ'ecerat.

2090 2039 2243 2109 Ergo
2283 2039 2544 2112 Byzantii
2575 2042 2929 2114 degerejam
2964 2061 3080 2100 non
3114 2046 3435 2119 sustinens,

2091 2125 2163 2179 ad
2195 2125 2526 2184 insularum
2561 2130 2879 2186 maximam
2911 2132 3173 2189 Siciliam
3205 2141 3385 2206 venit,

2089 2219 2147 2269 et
2175 2215 2480 2288 Syracusis
2511 2220 2784 2275 stabilem
2817 2222 3013 2277 sedem
3046 2223 3190 2281 ﬁxit.

2220 2331 2758 2392 CONSTANTINUS
2799 2336 3225 2395 POGONATUS
3264 2341 3377 2398 AN.
3421 2344 3596 2402 XVII.

2085 2440 2229 2495 Cum
2259 2440 2515 2497 violenta
2539 2442 2827 2498 Constans
2859 2444 3101 2499 obiisset
3132 2463 3293 2519 nece,

2084 2527 2504 2586 Constantinus
2536 2535 2866 2602 Pogonatus
2908 2534 3169 2604 praedicti
3206 2536 3386 2608 ﬁlius,

2082 2616 2341 2673 delatum
2373 2619 2444 2673 ad
2475 2634 2534 2675 se
2560 2620 2874 2692 imperium
2908 2623 3082 2694 ccepit
3113 2640 3311 2696 regere
3337 2645 3350 2696 ;

2081 2706 2170 2761 vir
2201 2708 2410 2778 bonus,
2443 2709 2738 2781 dogmatis
2769 2709 2910 2766 recti
2942 2727 3150 2768 amans
3184 2730 3199 2767 :

2082 2795 2183 2867 qui
2214 2803 2279 2853 ut
2308 2797 2493 2869 patris
2524 2796 2793 2854 haeresim
2816 2799 3090 2867 solveret,
3120 2807 3496 2878 congregavit

2078 2886 2501 2943 venerabilium
2531 2889 2770 2943 Patrum
2798 2888 3062 2945 divinum
3095 2894 3332 2963 emtum,

2077 2973 2543 3046 pulcherrimum
2573 2976 2908 3049 synedrium
2941 2978 3328 3049 orthodoxiaa;

2079 3066 2180 3136 qui
2210 3066 2586 3137 deﬁnierunt,
2620 3066 2677 3121 in
2710 3066 2937 3122 Christo
2970 3066 3152 3122 fuisse
3183 3069 3361 3125 simul

1997 3132 2040 3201 (ἶ
2077 3132 2225 3209 duas
2256 3132 2589 3209 voluntates
2619 3159 2973 3224 naturasque
3000 3154 3195 3211 unitas
3217 3156 3388 3225 duas,

2072 3241 2416 3313 cunctisque
2444 3241 2849 3297 valedixerunt
2878 3242 3333 3314 monophysitis.

2069 3335 2188 3387 Hoc
2219 3331 2564 3404 imperante,
2599 3331 2867 3402 quaedam
2898 3336 3302 3403 Agarenorum

2068 3420 2276 3480 classis
2306 3423 2378 3479 ad
2409 3422 2561 3478 hanc
2590 3422 2952 3494 adnavigans
2985 3422 3190 3478 urbem
3222 3425 3462 3497 regiam,

2067 3512 2461 3585 populabatur
2487 3529 2722 3569 omnem
2755 3511 2911 3569 circa
2938 3510 3133 3567 locum
3171 3537 3187 3581 ;

2062 3618 2197 3658 vere
2227 3602 2460 3672 quidem
2492 3619 2655 3658 acres
2682 3601 3059 3657 committens
3090 3603 3497 3673 naumachias,

2063 3690 2255 3747 hieme
2284 3707 2348 3748 se
2377 3691 2713 3747 subducens
2743 3691 2814 3746 ad
2849 3688 3079 3745 navalia

2062 3779 2283 3851 Cyzici;
2315 3784 2490 3852 atque
2521 3780 2580 3835 id
2611 3778 2919 3852 septennio
2953 3777 3239 3835 factitavit
3267 3796 3279 3835 :

2060 3870 2163 3925 sed
2196 3885 2330 3925 cum
2354 3871 2479 3942 jam
2508 3868 2675 3940 lapsu
2718 3868 2999 3940 temporis
3032 3867 3230 3923 attrita
3259 3876 3431 3938 esset,

2060 3958 2481 4031 contractaeque
2510 3958 2845 4014 laborarent
2876 3956 3168 4029 pleraque
3200 3973 3397 4029 naves,

2060 4047 2308 4104 ridicula
2332 4048 2458 4120 jam
2490 4046 2695 4102 classis
2727 4061 2955 4101 reversa
2984 4050 3110 4112 est;

2056 4140 2183 4193 tum
2214 4138 2485 4193 universa
2508 4134 2568 4191 in
2592 4151 2770 4190 cursu
2802 4148 3043 4205 pessum
3075 4131 3181 4189 ivit

2053 4225 2288 4281 turbine
2318 4225 2496 4295 gravi,
2517 4224 2571 4279 vi
2603 4224 2978 4295 conspirante
3008 4221 3127 4277 Dei.

2054 4317 2300 4386 Insuper
2326 4314 2652 4370 Abarorum
2684 4310 3077 4369 formidabilis

2052 4403 2339 4460 exercitus
2369 4404 2441 4460 ad
2474 4403 2624 4459 hanc
2656 4402 2861 4458 urbem
2894 4399 3143 4457 accessit
3170 4399 3413 4472 regiam,

1978 4493 2023 4560 D
2055 4492 2276 4549 lanceis
2307 4492 2584 4550 horridus
2618 4496 2675 4547 et
2704 4491 3081 4564 cataphracto
3114 4488 3320 4545 milite.

2052 4584 2325 4638 Attamen
2358 4581 2669 4637 universus
2699 4579 2982 4636 Romanis
3010 4577 3233 4634 viribus

2054 4670 2387 4728 succubuit.
2422 4674 2507 4726 tot
2536 4669 2882 4725 cadentibus
2913 4668 2972 4722 in
3005 4667 3127 4724 acie
3157 4666 3428 4725 Barbarie

2054 4764 2119 4816 ut
2147 4758 2389 4831 triginta.
2419 4758 2669 4814 millium
2701 4774 2935 4815 summa
2964 4755 3207 4813 collecta
3240 4755 3432 4813 fuerit.

2055 4848 2252 4920 Ignem
2286 4864 2520 4920 quoque
2548 4863 2801 4920 graecum
2832 4847 2926 4902 his
2959 4846 3325 4919 temporibus

2053 4937 2232 5009 Syrus
2263 4936 2485 4993 invenit
2514 4936 2721 4993 artifex
2750 4935 3089 4993 Callinicus.

2226 5052 2690 5110 JUSTINIANUS
2732 5050 3247 5108 RHINOTMETUS
3287 5050 3404 5108 AN.
3447 5052 3511 5110 X.

2048 5161 2270 5218 Deinde
2294 5160 2665 5216 Justinianus
2697 5176 2940 5233 regnare
2970 5160 3141 5232 cmpit

2047 5248 2410 5307 Constantini
2441 5249 2619 5319 ﬁlius,
2653 5249 2931 5322 religione
2963 5250 3254 5320 sincerus,

353 5404 474 5476 (24)
524 5406 755 5481 scilicet
814 5408 1069 5481 Martina
1122 5425 1369 5481 noverca
1416 5406 1660 5467 sustulit
1715 5424 1937 5481 veneno
2119 5410 2227 5481 (25)
2261 5408 2405 5481 Hinc
2437 5413 2609 5481 atque
2636 5425 2706 5464 ex
2732 5408 2863 5481 aliis
2894 5408 3039 5464 locis
3070 5408 3364 5481 similibus
3406 5407 3548 5462 satis
3581 5424 3691 5481 ap-

286 5474 747 5554 Constantinum
782 5480 1141 5554 privignum,
1191 5480 1522 5554 invasitque
1564 5480 1937 5552 tyrannidem
2047 5474 2221 5554 paret
2240 5474 2662 5554 chronolo-gum
2693 5480 3090 5554 Ephraamium
3138 5480 3318 5535 fuisse
3365 5481 3454 5533 vel
3502 5474 3690 5549 patria

286 5563 422 5603 cum
451 5547 967 5677 cIlieé'atclona'tilio';
1002 5547 1173 5623 cujus
1213 5547 1450 5609 sceleris
1488 5547 1682 5624 justas
1734 5568 1937 5625 pcsnas
2046 5547 2428 5626 Byzantinum
2457 5547 2552 5608 vel
2577 5547 2786 5608 saltem
2816 5551 3092 5609 incolatu.

286 5634 424 5677 mox
499 5634 530 5676 e
573 5638 639 5677 ι.
