4086 6210
292 256 364 337 ea
1824 256 2190 310 CESARES.

473 374 618 449 Πρὸς
650 371 983 446 Βουλγάρων
1016 368 1257 447 ἄρχοντα
1292 369 1483 443 διέπτη
1516 371 1708 448 τάχος·

300 468 434 523 1525
476 463 582 520 Καὶ
612 462 799 522 πείσας
832 461 993 515 αὐτὸν
1025 458 1256 536 δωρεαῖς
1289 459 1572 535 δαῴιλὲσιν

472 552 795 626 Ὑποσχὲσει
829 547 1035 620 κήδους
1065 572 1122 606 τε
1152 551 1242 605 καὶ
1275 556 1476 627 χωρῶν
1503 550 1671 625 δόσει,

478 643 587 697 Σὺν
625 635 938 716 βαρϐαρικῇ
971 645 1193 713 στρατιᾷ
1225 643 1411 718 φθάνει
1444 640 1637 701 πόλιν,

477 732 582 789 Καὶ
613 729 808 792 νυκτὸς
838 727 1005 784 ὁλκὸν
1042 730 1292 805 ὑπόγειον
1327 728 1577 793 εἰσδύσας

474 821 665 884 Ἐντὸς
695 817 762 874 δι’
792 820 961 873 αὐτοῦ
992 819 1232 893 γίγνεται
1258 818 1607 889 Βυζαντίδος.

297 916 435 972 1530
473 912 575 967 Καὶ
607 907 776 965 πάλιν
809 907 1083 984 ἀπείληφε
1111 910 1211 976 τήν
1238 912 1602 987 κραταρχίαν,

472 1000 700 1063 Κτείνας
727 999 818 1053 τὸν
852 996 1107 1052 Λεόντιον
1137 998 1227 1052 σὺν
1262 1000 1554 1075 Ἀψιμάρῳ

473 1084 811 1162 ’Δμοιϐαδὸν
842 1088 968 1163 πρὶν
1000 1087 1404 1161 κεκρατηκότας
1432 1090 1681 1162 κράτους·

605 1198 824 1253 ΠΑΛΙΝ
865 1200 904 1247 o
943 1195 1385 1251 PINOTMHTOZ
1428 1201 1526 1254 ET.
1573 1198 1633 1265 ς.

468 1283 770 1359 ’Δμύνεται
800 1282 859 1337 δὲ
882 1282 973 1337 καί
1001 1304 1150 1345 τινας
1177 1286 1288 1338 τῶν
1315 1283 1368 1339 ἐν
1398 1282 1563 1342 τὲλει.

473 1376 652 1437 Οὗτος
681 1373 898 1449 τρέφων
932 1371 1171 1446 ἔναυσμα
1206 1372 1439 1445 μήνιδος
1467 1375 1649 1451 χόλου

297 1471 436 1524 1535
473 1466 645 1522 Πόλει
675 1465 962 1538 Χερσῶνος
994 1463 1081 1517 καὶ
1116 1462 1445 1537 προσοίκοισ
1475 1469 1780 1539 Χερσῶνος,

482 1558 746 1626 Ζητοῦσιν
779 1551 939 1607 αὐτὸν
973 1549 1181 1606 ἀνελεῖν
1206 1552 1534 1630 πεφευγότα,

476 1646 575 1702 Ἐκ
608 1639 766 1697 τῶνδ’
802 1642 976 1711 ἀνῆψε
1004 1642 1240 1714 θυμικὴν
1272 1639 1507 1718 σφοδρὰν
1537 1642 1720 1721 φλόγα

478 1731 577 1792 Εἷς
601 1726 776 1785 τῶνδε
802 1728 1175 1803 πυρπόλησιν,
1208 1728 1284 1791 είς
1320 1727 1575 1803 ἒρημίαψ

480 1819 748 1894 Στρατιὰν
782 1817 975 1872 οὐκοῦν
1010 1818 1327 1894 εὐτρεπίσας
1373 1819 1595 1896 μυρίαν.

301 1914 437 1969 1540
480 1911 581 1967 Καὶ
616 1908 870 1963 ναυτικὸν
904 1909 1211 1982 στράτευμα
1243 1908 1335 1962 σὺν
1367 1909 1521 1984 βαρεῖ
1553 1910 1735 1985 στόλῳ

477 1999 599 2072 Ἐφ’
632 2000 705 2051 ὢν
738 1996 922 2075 ἐφίστα
950 1996 1040 2051 καὶ
1072 2002 1387 2074 στρατηγῶν
1424 1996 1615 2066 δυάδα,

486 2092 819 2161 Πρηστῆρας
850 2084 1167 2161 ἐκπέπομφε
1194 2088 1330 2141 κατὰ
1362 2093 1674 2164 Χερσῶνος’

486 2174 672 2231 Φειδὼ
702 2172 960 2236 κελεύσας
991 2172 1222 2247 μηδενὸς
1256 2172 1628 2241 λαϐεῖν’δλως

483 2267 584 2327 Οἷς
615 2267 649 2335 ἡ
680 2263 843 2325 πόλις
868 2266 1075 2339 πέφυκε
1104 2264 1527 2340 κατοικουμένη,

294 2358 443 2413 1545
484 2357 706 2411 Κτεῖναι
738 2350 796 2407 δὲ
827 2352 1031 2414 πάντας
1063 2353 1137 2415 ὡς
1160 2349 1449 2428 προϐάτων
1485 2354 1712 2431 ἆγὲλην,

488 2441 811 2501 Κτείνοντας
843 2441 1219 2515 ἐκτέμνοντας,
1252 2439 1325 2497 ὢν
1351 2442 1658 2520 τραγῳδίας

486 2536 854 2606 Πιμπρῶντας
882 2530 1080 2592 αὐτοὺς
1108 2530 1478 2606 ἐκθερίζοντας
1508 2533 1672 2611 ξίφει,

487 2622 551 2675 Οἱ
585 2622 680 2693 μὲν
712 2620 873 2676 πόλιν
906 2618 1150 2690 ἔπλησαν
1181 2616 1325 2676 οὕτω
1354 2626 1450 2676 τοῦ
1481 2622 1671 2700 φόνου,

486 2710 705 2773 Μύσους
736 2712 782 2765 τ’
813 2707 1034 2782 ἐναγοῦς
1064 2710 1154 2763 καὶ
1187 2715 1499 2785 στεναγμῶν
1532 2713 1622 2767 καὶ
1651 2711 1794 2787 γόων

302 2803 452 2859 1550
492 2798 716 2875 Σωροὺς
746 2797 1141 2868 ἀναστήσαντες
1171 2797 1306 2872 αὐτῇ
1337 2802 1673 2873 πτωμάτων,

483 2895 570 2951 Ὡς
599 2886 782 2965 σφίσιν
806 2886 1110 2956 ἐντέταλτο,
1143 2891 1263 2961 φεῦ,
1296 2893 1393 2963 φεῦ
1421 2893 1518 2944 τοῦ
1548 2889 1752 2954 πάθους
1784 2892 1795 2948 l

490 2976 625 3035 Οὐδ’
647 2977 876 3046 ἀνεκτὴν
908 2972 1150 3049 ὄμμασιν
1173 2978 1405 3050 ἡμέροις
1436 2979 1582 3047 θέαν,

493 3066 701 3128 Πάντας
732 3063 969 3143 ἀφειδῶς
1006 3063 1299 3139 ὑπάγοντες
1329 3071 1407 3139 τῷ
1437 3068 1597 3146 ξίφει,

486 3155 677 3226 Μόνης
704 3154 889 3229 ἀώρου
918 3153 1127 3224 νηπίων
1159 3154 1380 3223 ἡλικίας

300 3249 453 3307 1555
490 3246 593 3300 Καὶ
622 3243 985 3319 μειρακίσκων
1019 3247 1318 3315 συμπαθῶς
1349 3247 1723 3323 πεφεισμένοι.

490 3336 553 3393 Ὁ
588 3331 645 3389 δὲ
671 3337 883 3407 κρατῶν
915 3331 1075 3409 γνοὺς
1104 3332 1317 3402 νηπίων
1344 3334 1640 3407 σωτηρίαν,

494 3423 747 3495 Φάλαρις
777 3424 812 3493 ἢ
844 3424 1080 3497 Ἔχετος
1104 3420 1359 3496 Ἡρώδης
1390 3421 1585 3498 πλέον,

488 3512 644 3567 Κόων
674 3512 703 3566 ὁ
736 3507 1091 3588 φιλαίματος,
1124 3509 1423 3586 ἐξώργιστό
1458 3533 1599 3580 πως,

494 3604 593 3663 Οἷς
620 3599 793 3656 ταῦτα
826 3601 902 3673 μὴ
936 3599 1183 3676 γὲνοιντο
1214 3601 1486 3675 πάρεργον
1521 3604 1759 3674 σπάθης’

301 3694 451 3750 1560
490 3691 591 3745 Καὶ
627 3694 843 3763 μηνιῶν
874 3689 967 3758 ἦν,
999 3688 1087 3744 καὶ
1120 3689 1324 3744 στελεῖν
1358 3689 1529 3745 ἄλλον
1562 3692 1760 3748 στόλον

492 3779 771 3855 Δράσοντα
798 3780 898 3847 τήν
930 3776 1141 3851 δῇωσιν
1172 3777 1393 3847 ἠπείλει
1418 3781 1615 3855 τάχος

493 3869 655 3924 Ταῦτ’
684 3866 785 3942 ἄρα
816 3866 950 3929 λαὸς
980 3868 1264 3941 Χερσῶνος
1296 3868 1663 3942 Λελειμμὲνος

498 3957 709 4022 Στόλος
734 3980 794 4013 τε
822 3958 1011 4033 παρὼν
1040 3957 1100 4013 ἐκ
1133 3957 1402 4033 βασιλέως
1429 3961 1555 4015 τότε

497 4049 911 4116 Ἀποστατήσας
943 4045 1282 4102 Φιλιππικὸν
1318 4045 1596 4121 Βαρδάνην

312 4141 462 4197 £565
497 4137 676 4197 Εὐθὺς
698 4136 1090 4213 ἆνευφήμησαν
1122 4137 1197 4198 ὡς
1234 4135 1478 4212 βασιλέα·

497 4228 551 4285 Μ
582 4227 628 4279 θ’
694 4222 765 4260 τ·
937 4225 969 4280 λ
1003 4223 1027 4262 ν’
1250 4228 1287 4278 ττ
1448 4225 1467 4248 ἰ
1581 4228 1633 4284 ’λ

556 4247 581 4281 ε
661 4246 724 4279 Οι)
756 4246 933 4279 καταπ
976 4245 1220 4287 εδσαντες
1274 4246 1383 4294 ,κον
1418 4247 1493 4289 εις
1523 4249 1593 4283 πο
1642 4250 1713 4297 ιν,

494 4316 595 4370 Καὶ
628 4310 998 4375 συλλαϐόντες
1031 4313 1365 4388 ἰκθερίζουσι
1398 4317 1538 4395 ξίφει

496 4406 677 4478 Κάραν
704 4404 1005 4479 φονουργὸν
1034 4404 1301 4479 κράτορος
1334 4404 1426 4459 σὺν
1457 4410 1538 4478 τῷ
1567 4408 1735 4483 γόνῳ.

446 4512 869 4568 ΦΙΑΙΠΙΙΙΚΟΣ
912 4510 955 4566 Ο
995 4512 1106 4565 ΚΑΙ
1147 4510 1523 4567 ΒΑΡΔΑΝΗΣ
1565 4516 1675 4573 ET.
1718 4517 1775 4572 Β’
1806 4536 1856 4579 ς.

502 4598 661 4657 Οὕτω
696 4599 790 4670 μὲν
819 4594 950 4673 ἔσχε
981 4597 1326 4661 Φιλιππικὸς
1354 4601 1418 4655 τὸ
1441 4604 1662 4676 κράτος,

309 4692 459 4749 1570
500 4692 687 4743 Δοκῶν
722 4687 819 4760 μὲν
853 4687 989 4741 εἶναι
1022 4686 1317 4762 ῥητορικὸς
1347 4688 1398 4743 ἐν
1433 4690 1644 4765 λόγοις,

503 4771 822 4846 Ἐπήϐολος
855 4772 1024 4849 λόγον
1056 4795 1113 4829 τε
1141 4775 1231 4831 καὶ
1266 4782 1627 4853 μαθημάτων,

504 4864 607 4919 Καί
636 4864 770 4937 πρός
799 4884 852 4917 τι
881 4869 984 4918 πᾶν
1018 4863 1325 4939 εὔχρηστος
1362 4864 1412 4920 ἐν
1443 4869 1767 4942 συνουσίαις,

501 4953 649 5029 Πρὸς
678 4950 727 5007 δ’
759 4950 825 5006 αὖ
855 4949 1157 5027 περιδέξιος
1186 4952 1239 5007 ἐν
1272 4956 1605 5032 συνττχίαις⁹

498 5039 747 5112 Ἀδὲξιος
776 5043 1002 5113 πάμπαν
1038 5037 1095 5095 δὲ
1125 5042 1261 5118 πρὸς
1291 5044 1356 5098 τὰ
1385 5046 1644 5117 πρακτέα,

311 5134 461 5189 1575
498 5131 617 5200 Τήν
650 5129 907 5206 γλῶσσαν
944 5130 1130 5205 αὐχῶν
1159 5133 1235 5204 μή
1270 5130 1598 5203 συνᾴδουσαν
1625 5133 1817 5213 λόγοις

498 5219 673 5282 Οὗτος
705 5218 980 5281 πεπωκὼς
1010 5225 1353 5294 συγχυτικῶν
1379 5220 1630 5295 ναμάτων

496 5306 765 5365 Ἔσπευδε
795 5305 965 5369 τάλας
998 5306 1273 5382 ἀκυρῶσαι
1307 5310 1554 5383 καθάπαξ

496 5397 766 5471 Σύστημα
795 5400 1007 5452 σεπτῶν
1042 5396 1305 5473 Πατέρων
1338 5401 1640 5478 θεηγόρων,

382 5580 505 5655 (28)
538 5580 629 5635 Ita
658 5579 874 5649 codex;
908 5594 1037 5650 qua
1070 5578 1244 5637 lectio
1276 5580 1682 5654 improbabilis
1713 5586 1961 5645 videtur.

1986 379 2038 444 Α
2072 378 2142 432 ad
2176 376 2559 450 Bulgarorum
2594 394 2788 450 regem
2820 380 3033 452 raptim
3066 383 3297 441 advolat
3329 402 3342 441 :

2071 484 2185 538 quo
2218 468 2447 540 magnis
2479 468 2589 523 sibi
2616 469 2786 524 donis
2819 470 3129 525 conciliato

2069 555 2281 612 oblatis
2312 558 2489 613 etiam
2523 557 2749 630 nuptiis
2780 562 2834 613 et
2863 560 3034 615 terris
3066 561 3310 633 aliquot,

2070 662 2203 701 cum
2237 646 2541 701 barbarico
2574 648 2824 703 exercitu
2860 649 2928 704 ad
2965 649 3166 705 urbem
3200 653 3375 721 venit,

2069 750 2466 806 arcanumque
2497 737 2908 807 aquaeductum
2942 743 3116 794 noctu
3150 756 3460 811 permeans

2068 822 2225 879 intra
2254 822 2517 896 Byzantii
2550 826 2765 882 moenia
2797 826 3093 898 recipitur.

2070 910 2164 967 Sic
2193 928 2329 984 ergo
2363 930 2572 971 rursus
2603 914 2911 987 imperium
2940 916 3307 988 adipiscitur.

2069 1001 2307 1057 Leontio
2340 1019 2474 1057 cum
2508 1003 2819 1075 Apsimaro
2851 1005 3193 1074 interfectis,

2071 1089 2171 1161 qui
2205 1089 2539 1147 alternatim
2574 1097 2744 1149 antea
2777 1099 3179 1166 regnaverant.

2320 1197 2836 1256 RHINOTMETUS
2888 1201 3167 1257 ITERUM
3211 1203 3328 1261 AN.
3370 1203 3467 1260 VI.

2069 1285 2214 1342 Exin
2246 1291 2303 1342 et
2334 1294 2635 1345 senatores
2665 1289 2959 1345 interfecit
2990 1290 3235 1362 aliquot.

2071 1375 2221 1430 Tum
2255 1375 2482 1432 ultricis
2512 1377 2609 1433 irae
2640 1379 2902 1436 fomitem
2935 1382 3110 1436 corde
3135 1398 3343 1452 gerens

2071 1468 2276 1520 contra
2320 1465 2674 1524 Chersonem
2708 1473 3029 1541 contraque
3059 1470 3239 1541 hujus
3270 1471 3578 1543 finitimos,

2072 1553 2173 1623 qui
2205 1569 2267 1609 se
2302 1561 2590 1611 extorrem
2624 1558 2864 1629 perdere
2897 1560 3373 1633 conjuraverant,

2073 1658 2229 1698 nunc
2256 1643 2495 1699 demum
2528 1645 2798 1701 excitavit
2828 1648 3127 1719 ingentem
3162 1650 3463 1707 ﬂammam

1994 1744 2043 1810 Β
2075 1734 2138 1785 ut
2166 1747 2267 1787 eos
2298 1732 2431 1804 igne
2455 1734 2744 1804 redigeret
2772 1734 2830 1790 in
2863 1736 3271 1793 solitudinem.

2072 1819 2261 1891 Igitur
2291 1830 2628 1893 comparato
2661 1823 2884 1894 ingenti
2907 1826 3186 1894 exercitu,

2073 1925 2207 1964 cum
2242 1909 2541 1966 maritimo
2575 1910 2757 1966 milite
2783 1916 2840 1968 et
2871 1911 3058 1969 classe
3090 1915 3271 1985 gravi,

2071 1999 2301 2055 duobus
2332 1999 2508 2055 etiam
2541 2001 2876 2072 praepositis
2907 2002 3182 2069 ducibus,

2073 2088 2371 2159 fulgurum
2407 2090 2593 2144 instar
2623 2096 2825 2146 contra
2853 2090 3209 2148 Chersonem
3242 2093 3433 2163 misit;

2075 2178 2365 2234 mandans
2400 2182 2463 2233 ut
2493 2179 2715 2234 nemini
2750 2196 2991 2251 prorsus
3024 2187 3348 2252 parcerent,

2074 2270 2364 2336 quotquot
2392 2266 2451 2322 in
2485 2267 2629 2323 urbe
2660 2267 2815 2323 cives
2845 2267 3203 2338 habitarent,

2074 2354 2176 2409 sed
2209 2359 2450 2411 cunctos
2482 2355 2597 2411 ritu
2631 2356 2921 2427 pecudum
2953 2356 3365 2415 interﬁcerent.

2076 2444 2408 2511 mactando,
2434 2444 2767 2515 jugulando
2800 2445 2937 2516 (heu
2972 2447 3316 2519 tragoediam
3348 2448 3386 2519 l)

2076 2532 2298 2587 urendo
2329 2533 2605 2601 ﬂammis,
2640 2533 2850 2605 gladiis
2881 2535 3252 2591 demetendo.

2074 2618 2163 2675 Illi
2193 2621 2278 2675 sic
2299 2620 2455 2690 jussi
2486 2622 2645 2677 coede
2676 2621 2979 2694 replerunt
3010 2625 3239 2694 urbem,

2075 2709 2334 2766 infandis
2365 2711 2624 2766 caedibus
2654 2718 2711 2766 et
2742 2712 2901 2767 luctu
2934 2717 2990 2768 et
3020 2713 3340 2784 gemitibus
3366 2733 3381 2782 ;

2075 2804 2607 2871 exstruxeruntque
2628 2800 2687 2855 in
2722 2801 2864 2857 urbe
2903 2801 3202 2873 ingentem
3233 2801 3543 2859 cumulum

2080 2888 2336 2959 aggestis
2368 2888 2752 2945 cadaveribus
2784 2891 2913 2962 (pro
2947 2890 3245 2946 miseriam
3269 2891 3307 2961 l)

2079 2975 2515 3032 intolerandum
2544 2977 2790 3033 mitibus
2817 2980 3241 3049 spectaculum,

2084 3066 2311 3121 cunctis
2342 3064 2724 3121 inclementer
2752 3066 3064 3122 trucidatis
3098 3067 3344 3122 civibus.

2084 3154 2161 3210 Ex
2191 3154 2284 3209 his
2308 3153 2624 3210 infantium
2654 3158 2884 3209 tantum
2914 3156 3122 3210 acerba
3153 3159 3292 3211 etas

2081 3260 2149 3299 ac
2180 3242 2513 3314 puellorum
2544 3244 2760 3299 meruit
2789 3243 3182 3300 clementiam.

2082 3336 2156 3388 At
2184 3332 2284 3388 ubi
2317 3348 2415 3387 rex
2446 3334 2718 3404 cognovit
2748 3337 3012 3388 servatos
3042 3349 3281 3403 pueros,

2084 3421 2350 3478 Phalaris
2381 3421 2549 3489 alter,
2582 3422 2860 3491 Echetus,
2898 3422 3173 3492 Herodes,

2085 3512 2250 3566 canis
2282 3510 2400 3567 imo
2426 3515 2728 3579 cruentus,
2764 3511 2850 3566 ira
2876 3511 3213 3580 excanduit,

2086 3600 2244 3671 quod
2278 3600 2400 3655 haec
2432 3600 2721 3655 mantissa
2755 3600 2896 3655 οωάὶ
2929 3617 3042 3655 non
3076 3601 3410 3657 accesserit.

2084 3690 2334 3760 Jamque
2360 3690 2608 3755 furebat,
2641 3695 2700 3744 et
2732 3693 2935 3745 statim
2966 3706 3176 3745 novam
3210 3690 3460 3747 classem

2087 3776 2245 3832 exitii
2278 3794 2457 3833 causa
2485 3779 2809 3833 missurum
2842 3794 2904 3833 se
2937 3778 3310 3847 minabatur;

2087 3866 2324 3922 interim
2357 3870 2556 3922 tamen
2587 3866 2850 3937 reliquus
2875 3867 3192 3924 Chersonis
3223 3868 3477 3941 populus

2088 3972 2224 4011 cum
2255 3955 2443 4011 classe
2474 3956 2632 4028 regia
2662 3961 2804 4011 tunc
2833 3956 2911 4011 ibi
2947 3960 3231 4027 praesente

2090 4045 2386 4101 conversis
2417 4044 2599 4100 armis
2630 4044 3024 4115 Philippicum
3058 4045 3380 4100 Bardanem

2091 4133 2286 4189 subito
2322 4138 2481 4188 motu
2510 4133 2795 4187 Caesarem
2826 4134 3232 4189 acclamarunt
3266 4149 3280 4187 :

2091 4237 2206 4293 quo
2236 4222 2382 4277 duce
2414 4222 2480 4277 ad
2516 4221 2721 4276 urbem
2754 4221 2978 4293 regiam
3011 4222 3355 4294 navigantes
3388 4237 3402 4277 :

2089 4310 2425 4367 Justiniano
2457 4310 2650 4381 potiti,
2674 4309 2870 4380 gladio
2903 4310 3211 4367 demetunt

2092 4402 2222 4472 ejus
2243 4399 2479 4456 credule
2509 4403 2685 4471 caput
2715 4404 2772 4455 et
2803 4399 2906 4454 filii
2940 4400 3179 4471 pariter.

2016 4466 2063 4531 Ῑ)
2119 4466 2601 4576 ’τΡΗιιιΙΡρῐοοέ
2641 4466 3016 4563 BARDANlﬁS
3056 4507 3172 4562 AN.
3218 4506 3285 4562 II.
3328 4506 3542 4564 MENS.
3581 4506 3679 4562 vr.

2093 4601 2284 4669 Atque
2314 4596 2399 4652 ita
2428 4595 2743 4667 imperium
2774 4595 3032 4651 obtinuit
3058 4595 3441 4668 Philippicus,

2091 4686 2182 4741 vir
2201 4699 2470 4741 sermone
2501 4684 2739 4755 quidem
2774 4684 3097 4739 admodum
3130 4684 3485 4754 rhetoricus,

2095 4774 2377 4831 doctrinis
2409 4778 2586 4844 atque
2618 4772 2831 4827 litteris
2865 4772 3152 4837 eruditus,

2014 4890 2021 4900 ο
2096 4863 2258 4918 omni
2291 4862 2535 4918 consilio
2568 4861 2878 4917 abundans
2910 4860 2969 4917 in
3002 4862 3337 4934 colloquiis,

2096 4957 2373 5025 praeterea
2402 4950 2546 5007 satis
2577 4951 2776 5006 dexter
2801 4950 2859 5006 in
2890 4951 3067 5007 variis
3097 4951 3338 5008 casibus
3363 4969 3377 5019 ;

2098 5043 2201 5099 sed
2231 5045 2431 5097 tamen
2465 5043 2536 5097 ad
2568 5040 2855 5113 gerendas
2888 5056 2979 5095 res
3007 5041 3263 5112 ineptus,

2094 5148 2246 5189 vana
2269 5131 2473 5203 lingua
2505 5128 2790 5203 praeditus
2820 5130 2977 5185 haud
3009 5130 3181 5186 factis
3207 5132 3618 5186 consentanea.

2095 5223 2241 5279 Cum
2272 5220 2368 5275 hic
2398 5219 2772 5292 synchyticos
2805 5218 2995 5274 fontes
3027 5219 3330 5288 ebibisset,

2097 5311 2300 5368 statim
2333 5309 2448 5366 heu
2480 5310 2663 5365 miser
2692 5309 2974 5380 abrogare
3002 5308 3193 5365 voluit

2096 5400 2279 5473 impio
2307 5399 2623 5456 stultorum
2656 5398 2928 5470 synedrio
2961 5398 3394 5468 haereticorum,

3646 269 3721 321 70
