4086 6210
343 231 410 286 71
1550 219 1920 274 EPHRBMII
1956 213 2524 273 CHRONOGRAPHI

340 357 662 428 augustum
693 356 933 408 Patrum
964 347 1371 416 theologorum
1402 347 1616 401 coetum

339 445 441 516 qui
474 444 731 499 divinam
759 445 982 496 sextam
1015 436 1304 510 synodum
1338 435 1820 505 approbaveranl.

340 535 608 606 Namque
636 533 697 586 in
729 528 986 604 partium
1015 525 1423 581 heareticarum
1456 521 1743 585 monacho

339 621 602 695 praedicti
632 618 864 690 imperii
896 615 1224 672 mercedem
1258 612 1609 684 promiserat

339 711 559 783 petenti
593 713 766 766 sextae
794 705 999 780 synodi
1031 701 1489 774 abrogationem.

338 801 460 856 Sub
493 815 559 854 eo
589 799 896 854 Mmsorum
929 801 1135 848 turmas
1161 789 1444 846 Thracios
1469 787 1616 842 ﬁnes

336 890 535 946 ablata
565 886 1012 944 incursaverant
1038 882 1235 952 praeda
1264 880 1594 944 innumera,

334 978 524 1049 ipsius
557 976 769 1048 regalis
796 973 957 1029 urbis
989 986 1177 1041 usque
1207 970 1278 1023 ad
1311 966 1548 1022 moenia.

334 1069 486 1123 Tum
518 1072 574 1122 et
607 1063 853 1136 Agareni
884 1065 1072 1117 terras
1102 1057 1306 1113 orienti
1337 1057 1613 1112 obversas

333 1156 498 1212 omni
529 1172 591 1211 re
621 1168 854 1209 corrasa
882 1147 1088 1204 armati
1118 1146 1508 1217 diripuerunt.

332 1247 484 1316 Ergo
517 1245 658 1299 dum
686 1241 780 1295 hic
809 1238 1000 1294 Casar
1030 1237 1191 1307 pigre
1221 1234 1488 1304 maleque
1518 1231 1666 1304 gerit

337 1333 678 1405 imperium,
707 1328 796 1385 vel
829 1325 1251 1399 rempublicam
1283 1324 1425 1378 dum
1459 1321 1652 1393 potius
1681 1317 1935 1386 subruit,

329 1428 387 1479 et
417 1421 594 1478 simul
624 1423 781 1475 recta
810 1419 1086 1489 dogmata
1116 1412 1363 1486 perverti
1394 1417 1580 1476 curat,

327 1529 360 1568 a
391 1509 763 1568 senatoribus
793 1509 1000 1576 captus
1034 1504 1093 1558 in
1123 1502 1384 1558 convivio

321 1600 547 1656 lumine
567 1597 874 1654 oculorum
910 1593 1118 1649 merito
1145 1592 1388 1646 orbatus
1418 1587 1547 1644 fuit.

429 1738 882 1802 ANASTASIUS,
923 1734 1042 1800 QUI
1080 1733 1170 1788 ET
1213 1729 1598 1792 ARTEMIUS,
1640 1729 1759 1788 ΑΝ.
1805 1731 1852 1796 Ι,

639 1812 779 1867 VEL
821 1809 908 1864 UT
947 1805 1094 1860 ALII
1131 1803 1374 1859 AIUNT.
1417 1805 1536 1855 ΑΝ.
1580 1803 1651 1856 II.

319 1929 539 1988 Deinde
570 1941 805 1983 summa
835 1937 1030 1979 rerum
1065 1918 1175 1974 fuit
1205 1916 1538 1974 concredita

319 2018 499 2092 regali
528 2033 664 2072 cum
692 2013 926 2085 fastigio
959 2007 1208 2080 sapienti
1239 2006 1359 2062 viro

316 2105 725 2180 protasecretis
757 2099 1159 2157 doctrinarum
1191 2100 1344 2160 cato,

313 2198 408 2268 qui
443 2193 839 2267 apostolorum
874 2189 1133 2258 itemque
1166 2184 1402 2238 Patrum
1436 2183 1729 2254 dogmata.

313 2285 680 2348 collaudans,
715 2279 978 2352 apprime
1009 2273 1247 2330 amabat
1277 2271 1706 2338 orthodoxiam,

313 2377 384 2432 ad
415 2388 612 2429 rerum
643 2383 875 2443 quoque
903 2364 1161 2436 regimen
1196 2367 1350 2418 recte
1381 2361 1696 2430 exercitus,

315 2480 473 2520 nunc
503 2458 853 2517 Anastasius
878 2455 1138 2520 nomine,
1172 2450 1469 2507 Artemius
1499 2449 1658 2505 olim.

312 2555 420 2610 Hic
451 2555 744 2625 pastorem
776 2544 1116 2602 haereticum
1148 2542 1434 2596 Joannem

312 2643 512 2701 statim
545 2640 837 2712 deposuit,
867 2639 1334 2702 Germanumque
1367 2645 1645 2702 magnum

311 2735 384 2789 ad
416 2729 795 2804 Byzantinam
826 2724 1058 2782 censuit
1085 2721 1564 2778 transferendum

309 2820 505 2876 sedem
539 2835 569 2874 e
597 2815 793 2886 Cyzico
825 2829 959 2870 cum
996 2814 1295 2884 pastorum
1331 2807 1596 2864 consilio.

309 2912 467 2966 Idem
499 2913 555 2965 et
585 2907 834 2964 classem
868 2901 1030 2959 misit
1072 2901 1355 2956 adversus
1387 2896 1649 2954 hostium

306 2998 550 3054 classem
581 2993 888 3054 thnicice
913 2991 1206 3064 Syriaeque
1238 2991 1564 3044 vastantem
1597 2985 1796 3041 littora

306 3087 660 3144 navarchum
695 3088 890 3141 autem
923 3079 1098 3137 classi
1131 3075 1452 3151 praeposuit

304 3175 528 3248 Magnae
559 3175 871 3231 diaconum
906 3169 1191 3233 Ecclesiae,
1221 3183 1393 3239 quem
1428 3166 1644 3222 honore

299 3263 590 3336 generalis
623 3260 915 3318 decoravit
945 3258 1277 3329 logothetae.

296 3355 351 3408 Is
379 3351 625 3408 feliciter
655 3349 939 3420 navigans
963 3345 1237 3401 Rhodum
1269 3358 1478 3412 usque,

293 3441 414 3496 illic
445 3441 506 3496 in
538 3438 845 3497 navalibus
877 3439 1110 3507 portum
1143 3431 1351 3488 tenuit.

291 3535 438 3587 Cum
471 3534 664 3586 autem
697 3525 1066 3584 convenisset
1096 3521 1273 3578 robur
1305 3519 1565 3576 militum

293 3636 426 3676 cum
463 3617 714 3674 tribunis
744 3614 842 3688 qui
874 3613 1124 3689 classem
1156 3615 1286 3683 apte
1319 3612 1605 3682 regerent,

289 3714 414 3766 tum
442 3709 682 3765 demum
717 3709 782 3760 ut
810 3705 868 3759 in
905 3701 1194 3758 mandatis
1225 3717 1255 3755 a
1289 3715 1425 3772 rege
1456 3699 1746 3754 habuerat

292 3798 576 3854 diaconus
607 3797 788 3852 duces
818 3793 988 3863 coepit
1017 3790 1302 3846 violenter

288 3887 686 3958 iracundeque
715 3897 921 3957 cogere
949 3881 1022 3938 ad
1055 3879 1450 3952 navigandum
1479 3898 1494 3947 ;

286 3978 387 4049 qui
420 3975 598 4032 simul
630 3991 836 4032 omnes
866 3972 1067 4028 statim
1101 3969 1510 4040 conspirantes

288 4064 601 4122 crudeliter
631 4065 945 4119 diaconum
977 4060 1170 4133 gladio
1201 4057 1450 4114 caedunt.

288 4155 508 4210 Deinde
537 4153 609 4209 ad
637 4151 1073 4222 Adramyttium
1107 4147 1350 4220 profecti
1383 4146 1615 4213 urbem,

288 4245 372 4300 ibi
402 4241 796 4299 Theodosium
831 4239 1148 4310 quemdam
1180 4240 1510 4294 exactorem

286 4333 658 4406 publicorum
684 4327 1062 4400 vectigalium
1093 4325 1618 4396 deprehendentes,

283 4422 474 4479 virum
507 4418 850 4492 imperando
879 4417 1050 4489 plane
1076 4418 1360 4485 ineptum,

287 4510 510 4567 affatim
541 4510 770 4576 rudem,
806 4523 1034 4562 merum
1064 4503 1334 4569 idiotam,

285 4607 343 4658 et
373 4599 611 4673 quidem
640 4597 1023 4655 reluctantem
1057 4593 1385 4651 acclamant
1413 4593 1722 4646 Caesarem.

291 4691 371 4746 Re
401 4692 698 4760 comperta
726 4684 1099 4755 Anastasius,
1134 4681 1406 4738 discessit
1436 4679 1725 4752 protinus,

290 4777 718 4850 Bithynamque
748 4775 954 4832 urbem
980 4772 1232 4828 Nicaeam
1265 4770 1500 4826 insedit.

431 4898 880 4958 THEODOSIUS
937 4893 1525 4951 ADRAMYTTENUS
1562 4895 1678 4950 AN.
1723 4893 1793 4950 II.

358 5016 727 5075 Theodosius
760 5019 953 5071 autem
985 5011 1327 5084 Byzantium
1363 5027 1706 5084 properans,

288 5110 440 5164 intra
471 5109 738 5179 receptus
766 5107 995 5161 creatur
1025 5102 1366 5173 imperator.

290 5200 444 5254 Tum
472 5213 605 5253 vero
633 5195 960 5266 assumptis
990 5189 1190 5247 electis
1222 5189 1600 5245 senatoribus

292 5287 644 5360 quibuscum
677 5282 890 5357 praesul
925 5296 1159 5354 quoque
1189 5279 1516 5334 Germanus
1544 5280 1688 5349 erat,

293 5375 546 5433 Nicaeam
581 5372 760 5430 simul
793 5371 989 5429 cuncti
1015 5369 1086 5426 ad
1119 5383 1314 5440 regem
1341 5368 1607 5438 veniunt,

294 5469 360 5520 ut
389 5465 544 5520 fama
575 5466 684 5532 est,
716 5478 841 5519 rem
873 5464 1065 5518 actam
1099 5457 1460 5513 nuntiantes.

291 5552 348 5610 Is
369 5557 566 5610 autem
597 5552 800 5609 statim
830 5554 988 5608 veste
1017 5550 1242 5604 mutata
1277 5561 1508 5602 comam

2015 341 2069 408 Α
2275 341 2480 410 Ἕκτῆς
2505 341 2747 416 κυρωτὸν
2777 341 3004 396 συνόοου
3035 342 3319 415 θεοκρίτου

2093 429 2234 485 1580
2271 430 2649 499 Ματαιότητος
2682 425 2931 484 δυσσεϐεῖ
2961 429 3244 506 συνεδρίῳ⁶

2268 520 2381 572 Τινὶ
2420 520 2680 593 μοναχών
2713 520 2990 593 αἱρετικῆς
3023 520 3283 596 φρατρίας

2269 605 2518 662 Αἷτοῦντι
2547 606 2709 680 χάριν
2742 613 2842 676 τῆς
2870 609 3230 682 προγνώσεως
3259 609 3422 665 τίνων
3505 630 3508 631 '

2265 697 2376 750 Τοῦ
2405 695 2600 768 κράτος
2631 692 2764 767 ἕξειν
2798 695 3046 767 ἀθέτησιν
3073 697 3302 754 συνόδου

2269 783 2383 859 Ἐφ’
2417 783 2479 837 οὗ
2509 787 2702 838 Μυσῶν
2735 784 3043 859 στράτευμα
3073 785 3288 859 Θρᾴκης
3319 787 3503 863 χωρία

2091 871 2230 927 1585
2267 870 2472 926 Ἥλασε
2503 869 2651 927 λείαν
2685 871 3032 950 καταδραμὸν
3063 876 3286 952 μυρίαν,

2267 958 2481 1013 Φθάσαν
2512 962 2619 1035 πρὸ
2642 967 2844 1037 τειχῶν
2876 960 3080 1026 ἄστεως
3116 963 3418 1039 βασιλίδος.

2263 1049 2331 1105 Οἱ
2353 1044 2400 1102 δ’
2431 1049 2723 1125 Ἀγαρηνοὶ
2755 1053 2824 1106 τὰ
2855 1052 2994 1128 μέρη
3025 1055 3092 1107 τὰ
3118 1056 3241 1118 καθ’
3268 1057 3380 1110 Ἕω

2267 1137 2599 1205 Δεηλατοῦσι
2623 1141 2712 1195 καὶ
2743 1140 3093 1198 σκυλεόουσιν
3127 1143 3343 1208 ὅπλοις.

2262 1225 2414 1282 Οὕτω
2447 1228 2722 1303 ῥᾳθύμως,
2752 1229 3110 1304 πλημμελῶς
3147 1236 3328 1309 ἀρχὴν
3361 1237 3630 1314 στρέφων,

2086 1316 2223 1371 1590
2263 1315 2492 1372 Μᾶλλον
2527 1317 2584 1372 δὲ
2612 1321 2777 1374 κοινὰ.
2801 1323 3093 1396 πράγματα
3121 1326 3530 1400 καταστρέφων,

2260 1405 2545 1482 Εἰλικρινῆ
2574 1428 2632 1462 τε
2663 1405 2905 1484 δόγματα
2945 1407 3302 1488 διαστρέφων,

2255 1495 2342 1549 Ἐν
2371 1497 2630 1569 συσσιτίῳ
2661 1498 2942 1573 συσχεθεὶς
2971 1505 3089 1563 τοῖς
3119 1502 3172 1556 ἐν
3203 1501 3374 1574 τέλει,

2255 1578 2513 1640 ’Έσϐεστο
2547 1585 2770 1661 λίχνους
2801 1586 2960 1658 ἀξίως
2990 1593 3096 1644 τῶν
3125 1590 3415 1664 ὀμμάτων.

3681 223 3764 280 72

1993 1705 2040 1771 Β
2074 1729 2514 1785 ΑΝΑΣΤΑΣΙΟΣ
2573 1735 2618 1787 o
2674 1735 2800 1788 ΚΑΙ
2855 1733 3218 1791 ΑρΤεΜιοΣ
3276 1737 3364 1792 ET
3419 1704 3604 1795 A’OI
3646 1740 3738 1796 AE

1975 3073 2020 3138 C

1967 4437 2014 4502 D

2789 1805 2881 1860 ΕΤ
2923 1804 2994 1858 B’.

2247 1915 2377 1971 Εἶτα
2405 1914 2686 1992 παρῆλθεν
2719 1916 2796 1979 εἷς
2828 1915 3102 1989 διοίκησιν
3135 1918 3282 1977 ὅλων

2073 2005 2210 2059 1595
2247 2004 2458 2078 Ἀρχήν
2485 2027 2543 2060 τε
2577 2007 2859 2081 βασίλειον
2886 2015 3350 2084 πρωτασηκρῆτις

2250 2092 2429 2170 Σοφός
2458 2115 2541 2156 τις
2571 2097 2707 2170 ἀνὴρ
2739 2097 2827 2151 καὶ
2863 2097 3200 2170 μαθημάτων
3232 2096 3399 2174 ἴδρις,

2247 2182 2655 2239 Ἀποστολικῶν
2688 2181 2979 2260 δογμάτων
3011 2185 3318 2258 ἐπαινέτης,

2247 2270 2390 2345 Πρὸς
2421 2269 2466 2325 δ’
2497 2273 2561 2326 αὗ
2587 2275 2886 2348 πατρικῶν,
2922 2273 3083 2350 φίλος
3111 2274 3447 2351 ὀρθοδοξίας”

2246 2361 2579 2433 ’Πσκημένος
2611 2364 2904 2437 πράγματα
2931 2366 3114 2427 καλῶς
3145 2363 3366 2436 διέπειν,

2069 2449 2205 2505 1600
2244 2449 2573 2514 Αναστάσιος
2601 2451 2890 2525 Ἀρτέμιος
2918 2451 3192 2518 παιδόθεν.

2241 2541 2336 2600 ⁸ος
2366 2540 2622 2609 Ἰωάννην
2656 2542 2925 2616 αἱρετικὸν
2958 2544 3196 2616 ποιμένα

2243 2627 2500 2683 Καθεῖλεν
2528 2629 2712 2694 εὐθόςο
2744 2634 3016 2707 Γερμανὸν
3049 2631 3108 2688 δὲ
3136 2634 3227 2688 τὸν
3263 2635 3428 2710 μέγαν

2243 2718 2617 2787 Μετατεθῆναι
2645 2721 2782 2793 πρὸς
2815 2722 3005 2793 θρόνον
3039 2721 3356 2792 Βυζαντίδος

2239 2808 2332 2863 Ἐκ
2362 2807 2592 2876 Κυζίκου
2623 2810 2838 2883 κέκρικε
2867 2809 2958 2865 σὺν
2987 2811 3327 2886 ἀρχιθύταις.

2064 2895 2202 2952 1605
2239 2893 2406 2958 Οὗτος
2440 2896 2636 2951 στόλον
2665 2896 2920 2974 πέπομφε
2948 2901 3064 2955 κατ’
3106 2899 3319 2976 ἐχθρῶν
3353 2903 3574 2978 στόλου,

2235 2985 2432 3058 Ὃρους
2460 2989 2751 3048 κακοῦντος
2784 2987 3044 3057 Φοινίκης
3072 2989 3160 3044 καὶ
3193 2991 3410 3067 Συρίας,

2237 3072 2531 3148 Ναόαρχον
2561 3076 2692 3129 εἶναι
2717 3078 3108 3154 προστεταχὼς
3136 3084 3233 3135 τοῦ
3256 3079 3458 3138 στόλου

2230 3167 2362 3218 Θεοῦ
2396 3163 2641 3240 μεγάλης
2667 3163 2886 3238 λευΐτην
2919 3167 3266 3240 Ἐκκλησίας.

2226 3253 2400 3310 Αὐτὸν
2421 3258 2658 3328 τιμήσας
2686 3260 2892 3330 γενικὸν
2917 3261 3236 3333 Λογοθέτην·

2053 3342 2188 3398 1610
2225 3344 2321 3404 Ὃς
2353 3342 2734 3408 ἐκπεπλευκὼς
2764 3348 3014 3424 εὐμαρῶς
3044 3346 3177 3425 ἄχρι
3205 3348 3399 3407 Ῥόδου

2227 3431 2594 3507 Ἐλλιμενίζει
2615 3440 2732 3498 τοῖς
2762 3436 3010 3513 νεωρίοις
3037 3436 3248 3496 Ῥόδου.

2227 3521 2377 3578 Ἐπεὶ
2409 3520 2466 3578 δὲ
2497 3526 2854 3600 συνήθροιστο
2883 3527 3177 3602 ταγμάτων
3211 3531 3420 3608 στίφος,

2227 3613 2324 3665 Καὶ
2347 3613 2728 3690 ταγματάρχαι
2761 3615 2899 3690 πρὸς
2931 3617 3179 3692 σόναρσιν
3216 3625 3312 3676 τοῦ
3341 3621 3564 3697 στόλου,

2221 3701 2309 3762 Ὠς
2337 3703 2404 3771 ἦν
2441 3703 2656 3777 βασιλεῖ
2683 3707 3151 3782 προστεταγμένον
3182 3709 3329 3781 τόδε,

2049 3791 2186 3845 1615
2225 3791 2351 3844 Βίαν
2384 3790 2550 3866 ἐπῆγε
2576 3798 2694 3856 τοῖς
2726 3802 3052 3870 στρατηγοῖς
3081 3798 3320 3872 λευΐτης,

2227 3881 2369 3954 Ηρὸς
2398 3881 2680 3937 ἄπόπλουν
2713 3889 2848 3961 σφᾶς
2881 3885 3122 3961 ὀργίλως
3151 3890 3489 3964 παροξύνων.

2223 3969 2289 4026 Οἱ
2321 3966 2378 4024 δὲ
2408 3973 2750 4041 στασιάζουσι
2781 3975 2978 4038 πάντες
3012 3976 3234 4045 εὒθέως,

2223 4056 2325 4148 Καί
2359 4057 2574 4127 λευίτην
2597 4065 2924 4148 σφάττουσιν
2957 4064 3194 4143 ἀφειδῶς
3223 4071 3385 4148 ξίφει·

2223 4145 2324 4202 Καὶ
2355 4149 2491 4222 πρὸς
2517 4147 2680 4204 πόλιν
2713 4152 3003 4227 φθάνουσιν
3047 4145 3445 4232 Ἀτραμυττίου

2047 4235 2184 4291 1620
2222 4237 2386 4292 Ἔνθα
2417 4236 2702 4295 Θεοδόσιον
2734 4243 3056 4316 πρακτόρων
3088 4242 3182 4301 ἕνα

2223 4327 2347 4413 Τῶν
2381 4324 2663 4398 δημοσίων
2697 4329 2962 4407 εἰσφορῶν
2995 4331 3307 4413 εἰληφότες,

2222 4411 2426 4490 ’Ἄνδρα
2459 4417 2596 4502 πρὸς
2624 4418 2804 4493 ἀρχὴν
2840 4417 2970 4492 μηδ’
3001 4411 3150 4486 ὅλως
3178 4426 3474 4502 πεφυκότα,

2227 4502 2519 4578 ’Δγρυῖκον
2555 4501 2726 4568 ὅντως
2759 4505 2984 4580 ἰδιώτην
3022 4501 3300 4569 παντάπαν

2224 4593 2442 4647 "Axov'r’
2473 4592 2839 4669 ἀνηγόρευσαν
2871 4598 2946 4660 εἷς
2981 4601 3229 4674 βασιλέα·

2049 4681 2184 4737 162ἲ
2223 4683 2287 4735 Ὅ
2317 4681 2479 4758 γνοὺς
2513 4685 2856 4750 Ἀναστάσιος
2885 4687 3052 4766 ᾤχετ’
3081 4691 3273 4748 αὐτίκα

2224 4771 2322 4827 Καὶ
2354 4774 2590 4838 Βιθυνῶν
2619 4775 2846 4833 Νίκαιαν
2879 4776 3306 4853 καταλαμϐάνει.

2223 4900 2613 4958 ΘΕΟΔΟΣΙΟΣ
2654 4904 2697 4960 Ο
2737 4904 3280 4965 ΑΤΡΑΜΥΤΤΗΝΟΣ
3320 4914 3402 4966 ET
3440 4911 3515 4969 B'.

2222 5015 2282 5072 Ὁ
2315 5013 2360 5070 δ’
2388 5017 2453 5071 αὗ
2485 5016 2771 5084 Θεοδόσιος
2797 5021 2999 5098 φθάσας
3027 5024 3125 5093 τὴν
3159 5023 3320 5081 πόλιν

2223 5103 2458 5162 Εἷ’σεισιν
2491 5107 2662 5178 ἐντὸς,
2696 5107 3068 5167 ἀναδείκνυται
3092 5113 3330 5188 κράτωρ⁶

2225 5194 2328 5251 Καὶ
2359 5193 2692 5272 παραλαϐὼν
2724 5199 3052 5275 προκρίτους
3081 5206 3392 5277 γερουσίας,

2049 5284 2186 5339 1630
2223 5285 2322 5348 Οἷς
2349 5283 2438 5338 καὶ
2470 5291 3016 5364 συνῆπτοΤερμανὸς
3048 5291 3378 5368 ἆρχιθύτης,

2224 5371 2317 5435 Εἲς
2347 5374 2571 5456 Νίκαιαν
2603 5374 2800 5444 ἥκουσι
2830 5379 2966 5453 πρὸς
3001 5379 3249 5456 βασιλέα,

2219 5461 2292 5518 ’Ἀ
2322 5455 2659 5534 συμϐεϐήκει
2688 5467 3036 5538 οεικνύοντες,
3069 5468 3143 5534 ὡς
3169 5465 3322 5533 ἔπος.

2219 5553 2272 5604 Ὁ
2303 5547 2350 5605 δ’
2378 5548 2444 5606 αὗ
2475 5571 2610 5626 μετη
2624 5554 2858 5633 μφίαστο
2888 5558 3069 5634 καρείς
3094 5559 3195 5631 τὴν
3225 5559 3407 5636 κόμην
