4038 6214
419 335 492 392 79

423 475 572 531 quos
600 457 753 511 inter
779 446 1144 520 Stephanum
1176 441 1233 494 et
1252 434 1546 492 Andream
1569 421 1889 485 monachos

423 523 638 607 éhristi
670 537 897 598 Domini
928 536 1211 602 martyres
1243 523 1454 590 effecit,

425 636 717 704 aliamque
747 624 1062 700 plurimam
1085 633 1217 675 cum
1251 608 1554 670 monachis
1583 610 1896 662 catervam.

422 727 503 782 Eo
536 701 816 792 regnante
845 709 1166 786 tyrannice,
1198 701 1565 761 Palaestinam

425 818 553 869 tum
583 782 759 874 etiam
789 782 1016 874 Syriam
1046 802 1103 853 et
1133 795 1325 866 ipsam
1359 789 1562 845 urbem
1594 782 1816 856 regiam

426 898 722 957 maximus
743 898 907 949 terra:
939 891 1134 944 motus
1164 880 1427 953 agitavit,

425 989 593 1059 isque
623 980 960 1040 mortalium
991 985 1304 1030 numerum
1325 968 1622 1039 ingentem
1651 958 1869 1016 hausit.

426 1055 710 1133 Praeterea
738 1069 981 1126 morbus
1011 1060 1295 1135 pestilens
1327 1055 1609 1112 exitiosus

422 1165 540 1222 late
561 1180 663 1236 per
692 1161 886 1217 orbem
912 1167 1188 1228 grassans
1220 1145 1426 1204 afﬂixit
1458 1143 1634 1198 urbes
1666 1155 1680 1194 :

425 1270 533 1310 nec
562 1266 731 1324 porro
764 1244 1028 1303 narranti
1059 1238 1205 1296 mihi
1237 1238 1560 1308 supputare

425 1323 846 1400 exstinctorum
876 1333 972 1389 lue
1004 1327 1314 1386 hominum
1345 1323 1479 1378 licet
1510 1331 1844 1375 numerum.

426 1434 670 1486 Summa
698 1426 875 1482 etiam
907 1421 1098 1477 hiems
1129 1421 1186 1472 et
1217 1411 1592 1486 gravissima,

426 1521 714 1592 quotquot
742 1513 1000 1578 fuerunt,
1032 1505 1204 1578 regia
1228 1501 1360 1559 urbi
1390 1502 1694 1569 ingruens,

425 1584 789 1680 permultum
821 1600 959 1656 huic
992 1595 1415 1652 detrimentum
1437 1584 1637 1643 attulit
1663 1599 1677 1638 :

425 1678 658 1767 frigoris
689 1691 848 1748 enim
876 1688 962 1744 vis
995 1678 1385 1742 intolerabilis

425 1761 570 1840 dura
598 1777 948 1838 constrinxit
975 1771 1158 1846 glacie
1189 1773 1246 1825 et
1275 1761 1628 1836 constipavit

425 1888 557 1929 cum
587 1871 785 1942 ipsum
817 1881 976 1920 mare
1005 1867 1129 1917 tum
1159 1855 1367 1913 ﬂuvios
1397 1849 1764 1910 vastissimas
1797 1863 1810 1900 :

424 1939 695 2032 quare—et
727 1954 821 2010 hic
852 1957 1054 2025 portus
1084 1939 1677 2014 Constantinopoleos

425 2049 610 2121 gradu
641 2045 850 2115 cuique
876 2036 1177 2096 calcabilis
1208 2033 1413 2100 evasit,

425 2118 703 2208 lanigeris
732 2129 1053 2204 pecudibus
1085 2131 1262 2196 atque
1299 2118 1584 2178 onerariis

412 2203 1105 2297 jumentis,cunctisque
1131 2214 1362 2268 demum
1390 2209 1535 2280 pede
1566 2203 1892 2260 utentibus.

420 2315 552 2372 Mox
580 2315 910 2382 tepescente
941 2310 1073 2377 post
1102 2301 1359 2358 solutam
1391 2297 1647 2352 hiemem

419 2417 549 2458 aere
579 2398 815 2454 ﬂatibus
844 2394 999 2450 veris
1022 2387 1406 2457 advenientis,

417 2490 613 2564 gelida
641 2491 838 2543 crusta
861 2481 1119 2540 dissilire
1150 2477 1322 2549 cmpit
1347 2492 1362 2531 :

416 2585 544 2636 tum
575 2580 782 2632 ventus
812 2572 1128 2629 vehemens
1159 2565 1354 2639 gelida
1388 2564 1730 2633 fragmenta,

415 2665 630 2724 insulis
652 2661 868 2735 amplis
895 2657 1265 2726 collibusque
1295 2653 1483 2725 paria,

417 2753 655 2826 impulit
684 2752 744 2807 in
776 2764 979 2805 muros
1008 2744 1258 2814 urbique
1289 2739 1469 2795 allisit
1497 2755 1512 2808 ;

420 2857 603 2917 quare
626 2846 754 2898 tum
786 2834 1007 2894 corruit
1036 2831 1297 2888 maxima
1327 2845 1464 2901 pars
1489 2823 1799 2882 mmnium.

421 2937 612 3005 Atque
638 2930 745 2986 has
776 2941 972 2984 rerum
1003 2923 1154 2980 vices
1183 2925 1276 2976 est
1305 2919 1543 2990 experta

423 3022 566 3080 urbs
595 3020 738 3076 dum
764 3014 1078 3088 imperium
1109 3012 1333 3067 teneret
1350 3007 1770 3078 Copronymus.

425 3138 563 3195 LEO
603 3134 825 3192 FILIUS
867 3126 1286 3188 COPRONYMI
1322 3124 1410 3180 EX
1457 3119 1791 3179 CHAZARA
1821 3115 1917 3172 AN

498 3233 603 3289 Illo
625 3232 935 3288 claudente
966 3229 1092 3284 sine
1123 3220 1466 3296 pmnitentia
1493 3219 1698 3283 vitam,

426 3321 658 3393 imperii
690 3323 989 3389 sceptrum
1023 3315 1180 3368 ﬁlius
1202 3310 1428 3380 excepit
1451 3309 1585 3373 Leo,

423 3392 597 3482 quem
631 3407 888 3462 Chazara
919 3405 1144 3474 peperit
1173 3399 1326 3468 patri
1359 3392 1746 3452 Constantino
1772 3408 1784 3444 :

418 3479 728 3569 improbus
757 3492 868 3558 vir,
901 3491 1021 3545 imo
1053 3487 1270 3557 Libyca
1302 3482 1571 3550 quaedam
1605 3479 1822 3545 bellua,

421 3568 608 3642 haeres
639 3579 868 3655 paterni
899 3577 1063 3649 regni
1097 3580 1154 3630 et
1176 3571 1390 3629 furoris
1424 3568 1625 3625 simul.

422 3675 528 3732 Hic
559 3673 668 3728 sub
696 3667 1034 3741 primordiis
1065 3679 1129 3720 se
1161 3660 1465 3718 simulavit
1497 3657 1687 3729 pium,

424 3762 676 3819 ferinum
706 3757 1008 3830 ingenium
1040 3756 1231 3808 mente
1253 3753 1549 3819 repostum
1581 3743 1800 3800 celans.

428 3849 747 3923 Vulpinam
778 3860 914 3916 ergo
945 3847 1162 3901 vestem
1194 3844 1253 3894 et
1273 3837 1528 3909 speciem
1553 3849 1784 3904 gerens,

428 3939 600 4008 vulgo
633 3934 960 3992 habebatur
991 3931 1182 3986 bonus
1213 3927 1464 4000 piusque
1495 3924 1797 3996 princeps;

433 4025 758 4102 praesertim
791 4022 931 4096 quia
953 4018 1232 4077 muniﬁca
1261 4013 1490 4071 cunctis
1513 4028 1692 4068 manu

437 4115 694 4174 subditis
721 4113 884 4185 large
909 4112 1063 4167 dona
1082 4104 1442 4170 conferebat,

436 4204 551 4263 sibi
582 4203 938 4260 conﬁrmans
969 4197 1133 4269 regni
1163 4195 1619 4250 fundamentum

434 4294 895 4360 diuturnamque
921 4304 954 4342 a
984 4282 1380 4341 benivolentia
1401 4281 1744 4352 potentiam.

433 4383 619 4447 Quare
649 4383 713 4434 ut
741 4375 940 4450 gratiae
965 4373 1300 4444 amorisque
1324 4370 1611 4426 indicium
1646 4368 1904 4424 facerent

433 4467 686 4544 populus
707 4463 886 4523 simul
907 4467 964 4520 et
991 4462 1172 4516 duces
1211 4458 1571 4514 exercituum

435 4560 715 4629 rogarunt
741 4557 807 4610 ut
837 4553 1016 4623 hujus
1044 4547 1204 4604 filius
1228 4544 1655 4600 Constantinus

435 4643 878 4718 imperatorium
909 4638 1367 4710 consequeretur
1397 4647 1632 4688 nomen.

438 4739 493 4792 Is
524 4737 718 4790 autem
747 4732 1015 4803 precatus
1045 4731 1136 4782 est
1167 4729 1230 4780 ut
1251 4722 1653 4795 juratiomnes

436 4824 564 4894 lege
593 4819 887 4878 sancirent
909 4833 980 4873 ne
1009 4819 1219 4887 praeter
1240 4831 1302 4869 se
1331 4825 1692 4884 quemquam

439 4916 763 4984 praeterque
793 4908 981 4963 ﬁlium
1009 4919 1184 4961 suum
1217 4908 1273 4956 et
1301 4901 1481 4970 hujus
1507 4901 1772 4970 posteros

440 5002 512 5057 ad
544 4995 982 5071 imperatoriam
1013 4993 1292 5048 veherent
1321 4988 1707 5060 dignitatem;

441 5102 731 5158 nemoque
761 5082 1108 5157 repugnavit
1136 5077 1392 5136 sermoni
1415 5075 1702 5147 improbo.

441 5178 558 5232 Lex
576 5191 713 5247 ergo
743 5173 1014 5229 conditur
1044 5169 1214 5241 plena
1243 5166 1448 5239 iuratis
1483 5162 1773 5220 formulis.

441 5265 590 5320 Tum
622 5263 730 5318 Leo
753 5258 984 5332 pietatis
1008 5258 1204 5312 ﬂetam
1244 5253 1529 5324 abjiciens
1561 5249 1839 5323 speciem,

441 5351 692 5408 ferinum
725 5349 987 5405 animum
1021 5342 1292 5400 revelavit
1318 5340 1594 5397 omnibus
1627 5358 1640 5395 :

443 5443 769 5510 nactusque
797 5436 1020 5507 aliquot
1051 5431 1300 5488 cultores
1333 5428 1655 5503 imaginum

443 5530 599 5584 viros
618 5527 898 5592 illustres,
932 5537 1170 5592 corpore
1199 5520 1512 5591 animoque
1545 5517 1792 5584 nobiles,

434 5617 785 5678 ,xeruciatos
806 5612 1064 5686 pessime
1094 5608 1337 5667 inclusit
1361 5623 1613 5666 carcere.

2101 1765 2150 1831 B

2111 4500 2162 4564 D

1625 293 1999 358 ΕΡΗΒΕΜΠ
2036 283 2608 343 CHRONOGRAPHI

2225 283 2608 339 lNOGRAPHI
3752 261 3820 316 80

2093 411 2148 479 A

2353 404 2481 460 Μεθ’
2513 403 2573 456 οὗ
2607 397 2902 478 Στέφανον,
2934 389 3190 468 Ἀνδρέαν
3229 389 3604 465 μονοτρόπους

2172 498 2312 556 1795
2340 494 2632 569 Μάρτυρας
2667 486 2910 565 ἀπέφηνε
2939 485 3174 560 Χριστοῦ
3206 478 3504 551 Δεσπότου,

2349 564 2593 643 Ἀλλους
2620 599 2679 634 τε
2707 564 2998 636 πλείστους
3031 571 3122 627 σὺν
3161 574 3452 644 μονασταῖς
3484 564 3736 642 μιγάδας.

2348 673 2552 730 Τούτου
2573 670 2982 746 τυραννοῦντος,
3009 661 3061 717 έν
3091 664 3160 734 τῇ
3193 657 3528 732 Παλαιστίνῃ

2353 766 2460 820 Κάν
2489 765 2559 836 τῇ
2592 744 2764 835 Συρίᾳ
2790 756 2882 811 καί
2917 747 3158 830 βασιλίδι
3189 744 3350 806 πόλει
3421 813 3428 817 _

2357 829 2593 925 Σεισμδς
2629 829 2878 923 μέγιττος
2903 829 2992 898 καὶ
3021 837 3222 902 κλόνος
3253 844 3356 914 γῆς
3390 829 3610 906 συνέϐη,

2181 949 2320 1007 1800
2359 944 2436 1000 Δι’
2468 943 2530 998 οὗ
2566 941 2776 1017 βροτῶν
2809 935 3042 1013 ἕιρθαρτο
3077 927 3270 1017 μυρίον
3303 926 3510 1005 στίφος.

2356 1029 2541 1100 ’Ἀλλη
2567 1012 2751 1104 ’φθορά
2776 1012 2954 1078 τεκαὶ
2987 1012 3336 1096 φθισίϐροτος
3363 1015 3522 1078 νόσος

2359 1119 2783 1176 Ἐπεισπεσοῦσα
2811 1111 3110 1185 κατέτρυχε
3140 1106 3234 1168 τὰς
3261 1103 3455 1166 πόλεις
3487 1121 3502 1135 ·

2357 1212 2446 1273 Ὧς
2481 1209 2558 1282 μὴ
2589 1202 2807 1260 δυνατὸν
2841 1197 3213 1273 ἐκνομίζεσθαι
3241 1192 3385 1271 τάχα

2357 1301 2435 1358 Τὸ
2460 1296 2674 1367 πλῆθος
2705 1293 2842 1348 ἅπαν
2870 1293 2979 1346 τῶν
3008 1283 3340 1362 νεκριμαίων
3371 1283 3587 1360 φθάνειν
3620 1299 3637 1314 θ

2183 1394 2323 1451 1805
2360 1387 2582 1462 Χειμών
2613 1405 2673 1439 τε
2697 1381 2910 1438 πάντων
2948 1375 3248 1462 βαρύτατος
3278 1371 3369 1462 καὶ
3405 1372 3570 1448 μέγας

2360 1460 2826 1536 Ἐπεισπεπαικὼς
2857 1467 2925 1542 τῇ
2957 1460 3200 1543 βασιλίδι
3231 1461 3415 1534 πόλει,

2359 1564 2588 1634 Πολλὴν
2618 1561 2958 1636 ἐνειργάσατο
2986 1553 3152 1628 ταύτῃ
3177 1552 3277 1620 τὴν
3309 1550 3548 1624 λύμην,’

2360 1659 2450 1721 Ὠς
2477 1649 2923 1729 κρυσταλωθῆναί
2956 1665 3020 1720 γε
3046 1647 3126 1715 τῷ
3158 1637 3357 1713 πολλῷ
3386 1638 3554 1714 ψύχει

2360 1725 2525 1815 Κρύει
2554 1742 2601 1796 τ’
2634 1739 2853 1813 ἂμέτρω
2880 1731 3293 1807 συμπιληθῆναι
3324 1725 3490 1815 πάλιν

2178 1839 2320 1896 4840
2358 1814 2634 1889 Θάλατταν
2667 1828 2832 1896 αὐτὴν
2860 1823 2950 1879 καὶ
2981 1823 3244 1893 ποταμῶν
3274 1814 3542 1878 ἀπλέτους
3573 1833 3587 1848 ·

2355 1927 2446 1986 Ὠς
2473 1917 2631 1977 τόνδε
2659 1915 2906 1992 πορθμὸν
2939 1913 3030 1967 τὸν
3055 1909 3163 1984 πρὸ
3190 1913 3290 1977 τῆς
3323 1903 3723 1961 Κωνσταντίνου

2355 2013 2528 2070 Βατὸν
2553 2005 2737 2064 πέλειν
2771 2005 2934 2059 ἅπασι
2964 2005 3080 2062 τοῖς
3112 1995 3416 2073 ᾑρημένοις

2358 2100 2793 2173 Ταλασιουργοῖς
2822 2093 3070 2162 κτήνεσιν
3104 2085 3466 2165 άχθηφόροις,

2360 2191 2464 2250 Καὶ
2497 2194 2653 2243 πᾶσιν
2687 2183 2875 2244 ἁπλῶς
2903 2184 3019 2240 τοῖς
3049 2177 3176 2233 ποσὶ
3210 2171 3597 2250 κεχρημένοις.

2184 2285 2323 2342 1815
2360 2277 2701 2356 Θαλφθέντος
2735 2270 2890 2346 ἀέρος
2923 2266 2981 2324 δὲ
3009 2269 3294 2356 χειμῶνος
3325 2261 3475 2320 λύσει

2359 2354 2745 2433 Ἐπιδιδούοης
2779 2360 2829 2433 ἐξ
2862 2357 3019 2434 ἔαρος
3052 2354 3215 2416 ἀλέας

2357 2460 2432 2516 Τὸ
2462 2448 2844 2529 κρυσταλῶδες
2879 2446 3102 2521 συνεχὲς
3134 2440 3413 2519 διερῥάγη,

2359 2547 2467 2604 Καὶ
2489 2526 2702 2616 πνεῦμα
2733 2535 2966 2616 σφοδρὸν
2997 2536 3263 2607 τμήματα
3290 2534 3398 2586 τῶν
3426 2526 3741 2605 κρυστάλων

2359 2632 2778 2706 Πολυπλέθροις
2807 2628 2995 2697 νήσοις
3023 2644 3082 2678 τε
3105 2620 3196 2676 καὶ
3231 2621 3451 2695 βουνοῖς
3473 2616 3568 2672 ’ίσα

2183 2730 2324 2788 4820
2361 2727 2563 2799 Ἐπῆγε
2591 2705 2756 2794 τείχη
2787 2715 2877 2772 καὶ
2907 2706 3289 2799 προσήρασσον
3321 2705 3509 2776 πόλει,

2361 2813 2468 2872 Καὶ
2497 2811 2728 2867 πλεῖστα
2753 2805 3049 2876 κατήρειψε
3069 2796 3298 2873 τειχέων
3329 2798 3473 2855 τότε.

2360 2907 2538 2958 Ταῦτα
2571 2900 2664 2974 μὶν
2694 2895 2837 2952 οὕτω
2864 2893 3147 2966 συνέκυρσε
3174 2889 3244 2960 τῇ
3271 2885 3431 2942 πόλει

2363 2990 2866 3068 Κοπρωνυμοῦντος
2892 2978 3220 3055 κατέχοντος
3251 2979 3347 3032 τοῦ
3376 2976 3630 3052 κράτους.

1927 3157 1941 3171 .
1997 3111 2066 3168 ν.
2101 3123 2144 3191 ρ
2185 3117 2367 3173 AEQN
2423 3115 2468 3168 o
2523 3111 2682 3165 r102
2739 3104 2960 3160 Arror
3016 3098 3060 3155 o
3113 3101 3201 3152 εις
3239 3097 3522 3152 XAZAPA

2245 3117 2367 3171 acN
2423 3115 2468 3168 o
2523 3111 2682 3165 r102
2739 3104 2960 3160 Arror
3016 3098 3060 3155 o
3113 3101 3201 3152 εις
3239 3097 3574 3152 χΑΖΑΡΑΣ
3613 3096 3718 3149 R’l‘.
3757 3093 3840 3151 E’.

2367 3209 2446 3266 Οὗ
2475 3225 2576 3282 περ
2605 3197 3071 3282 καταστρέψαντος
3103 3187 3312 3256 ἀσεϐῶς
3345 3189 3462 3267 βίον

2195 3303 2334 3359 1825
2371 3278 2582 3356 Τούτου
2615 3293 2768 3350 Λέων
2796 3293 2926 3350 παῖς
2952 3281 3081 3360 ἔσχε
3110 3284 3212 3353 τὴν
3238 3278 3574 3357 κραταρχίαν

2369 3387 2618 3460 Χαζάρας
2651 3379 2812 3456 ἐκφὺς
2844 3381 2924 3449 τῷ
2954 3372 3117 3449 πατρὶ
3143 3369 3531 3442 Κωνσταντίνῳ
3563 3387 3577 3401 ·

2373 3459 2542 3550 Ἀνὴρ
2568 3469 2832 3544 πονηρὸς,
2865 3459 3106 3522 Λιϐυκόν
3135 3483 3188 3517 τι
3221 3459 3436 3534 θηρίον,

2368 3546 2698 3639 Κληροῦχος
2721 3559 2900 3632 ἀρχῆς
2937 3553 3028 3609 καὶ
3053 3551 3307 3639 πατρῴας
3343 3546 3536 3622 μανίας
3566 3565 3580 3581 ο

2369 3657 2461 3715 Ὃς
2491 3635 2710 3726 πρῶτον
2745 3643 2905 3721 ἄρξας
2936 3635 3174 3698 εὐσεϐεῖν
3210 3637 3498 3713 ὑπεκρίθη,

2194 3746 2335 3802 4830
2372 3743 2479 3801 Τὸν
2513 3723 2653 3811 θῆρα
2687 3734 2733 3791 δ’
2767 3733 3069 3808 ὑπέκρυψεν
3096 3726 3248 3786 ἔνδον
3279 3723 3507 3802 καρδίας
3539 3743 3554 3758 ·

2371 3829 2694 3895 Ἀλωπεκῆς
2725 3822 2770 3878 δ’
2804 3819 3008 3894 ἔνδυμα
3034 3819 3124 3874 καὶ
3156 3816 3347 3893 σχῆμα
3376 3816 3555 3894 φέρων

2370 3924 2506 3975 Πᾶσι
2530 3914 2705 3972 δοκῶν
2737 3914 2805 3983 ἦν
2837 3905 3086 3981 εὐσεϐὴς,
3116 3907 3360 3983 χρηστὸς
3386 3902 3628 3980 κράτωρ,

2369 4009 2468 4064 Καὶ
2506 4004 2719 4081 μᾶλλον
2754 4003 2943 4074 οἷσπερ
2977 3995 3272 4075 φιλότιμον
3299 3995 3398 4064 τήν
3430 3993 3569 4070 χέρα

2273 4149 2280 4154 .
2372 4102 2615 4172 Παρεῖχε
2643 4097 2773 4149 πᾶσι
2805 4084 3053 4161 δαψιλῶς
3086 4085 3377 4154 ὑπηκόοις,

2193 4189 2334 4246 1835
2372 4167 2837 4257 Αὐτῷνκρατύνων
2867 4176 2969 4231 τοῦ
2998 4172 3230 4252 κράτους
3260 4171 3354 4234 τὰς
3377 4167 3673 4247 κρηπίδας,

2371 4275 2477 4332 Καὶ
2509 4273 2793 4347 μνώμενος
2822 4265 3045 4343 χρόνιον
3077 4261 3260 4319 εὔνουν
3285 4260 3348 4317 τὸ
3376 4261 3578 4334 κράτος
3611 4277 3627 4293 ·

2367 4369 2569 4437 Ὦνπερ
2602 4361 2764 4434 χάριν
2790 4357 3031 4416 τίνοντες
3063 4352 3212 4424 αὐτῷ
3239 4351 3327 4405 καὶ
3360 4349 3548 4426 σχέσιν

2369 4436 2690 4526 Ξύγκλυδες
2722 4448 2835 4520 ἅμα
2865 4444 2956 4501 καὶ
2990 4439 3287 4518 στρατηγοὶ
3315 4436 3614 4514 ταγμάτων

2366 4541 2622 4609 ’ῌτοῦντο
2647 4533 2816 4591 παῖδα
2842 4530 3003 4589 τοῦδε
3024 4533 3115 4587 τὸν
3152 4531 3554 4588 Κωνσταντῖνον

2195 4633 2332 4688 1840
2371 4631 2761 4701 Ἀνακτορικῆς
2787 4623 3076 4698 τυγχάνειν
3109 4617 3399 4697 εὐφημίας.

2368 4720 2430 4776 Ὁ
2461 4716 2509 4773 δ’
2539 4713 2806 4790 ἐμπεδοῦν
2839 4713 3072 4772 ἅπαντας
3102 4707 3288 4784 ὅρκοις
3317 4705 3474 4777 ἠξίου

2368 4808 2438 4862 ’Π
2472 4805 2578 4879 μὴν
2613 4804 2805 4859 ἑαυτοῦ
2835 4797 3101 4874 παρεκτὸς
3132 4795 3223 4851 καὶ
3256 4793 3519 4872 φιλτάτου

2367 4894 2466 4950 Καὶ
2495 4891 2655 4949 τοῦδε
2685 4895 2866 4966 σειρᾶς
2895 4885 2984 4943 καὶ
3017 4886 3207 4961 γένους
3236 4881 3597 4958 κατηγμένων

2368 4980 2515 5052 Μηδ’
2547 4983 2604 5037 ἂν
2639 4981 2852 5036 ἑλέσθαι
2880 4975 3100 5054 κράτορ’
3130 4970 3301 5031 ἄλλον
3335 4975 3469 5050 σφᾶς
3501 4969 3651 5031 ὅλως
3687 4987 3704 5002 ·

2191 5074 2334 5132 4845
2372 5073 2478 5130 Καὶ
2506 5077 2609 5133 π’άς
2641 5091 2724 5132 τις
2758 5069 2864 5138 εἶξε
2889 5071 3007 5126 τοῖς
3039 5061 3382 5135 παρανόμοις
3415 5057 3627 5135 λόγοις.

2366 5164 2526 5227 ’Όθεν
2558 5160 2731 5232 τόμος
2757 5155 3025 5232 γέγραπτο
3061 5152 3255 5227 μεστὸς
3284 5149 3507 5226 ὀργίων.

2366 5254 2482 5320 Τῆς
2514 5243 2785 5306 εὐσεϐείας
2809 5243 2967 5305 οὗτος
2994 5239 3149 5304 ἐκδὺς
3180 5241 3242 5295 τὸ
3274 5238 3477 5314 δρᾶμα,

2366 5345 2518 5411 Θῆρα
2545 5337 2635 5390 τὸν
2669 5333 2818 5396 ἐντὸς
2845 5332 3158 5407 άπογυμνοῖ
3186 5335 3303 5392 τοῖς
3337 5326 3492 5391 ὅλοις
3529 5348 3542 5362 ·

2367 5428 2462 5481 Καί
2492 5444 2640 5485 τινας
2669 5422 2844 5494 εὑρὼν
2873 5419 3250 5497 προσκυνητὰς
3281 5417 3507 5475 εἰκόνων

2187 5516 2328 5574 4850
2365 5510 2600 5587 Ἀνδρας
2625 5510 2862 5585 τιμίους,
2895 5510 3130 5584 εὐγενεῖς
3157 5510 3370 5584 ψυχὴν,
3401 5504 3598 5584 δέμας,

2365 5601 2643 5672 Αίκίζεται
2673 5603 2900 5658 κάκιστα
2924 5599 3014 5656 καὶ
3040 5597 3397 5673 καθειργνύει.
