4086 6210
274 305 351 362 89

468 432 698 504 Πέμψας
729 428 979 502 τυράννῳ
1001 428 1069 485 τὰ
1093 431 1396 505 παράσημα
1424 428 1679 506 κράτους,

466 520 638 583 Αὐτὸς
671 517 718 575 δ’
753 520 1039 589 ὑπεκστὰς,
1064 520 1303 594 γίγνεται
1342 520 1719 598 μελαμφόρος.

645 635 836 691 AEQN
877 638 921 691 Ο
959 635 1327 691 ΑΡΜΕΝΙΟΣ
1367 637 1479 692 ΕΤ.
1524 642 1593 691 Z'.

470 740 625 796 Οὕτω
662 741 758 813 μὲν
794 740 956 802 οὗτος
988 747 1238 813 σκῆπτρα
1266 737 1449 797 λαϐὼν
1476 744 1698 819 κατέχει

472 830 674 893 Σκαιὸς
706 828 844 885 λέων
878 831 980 905 θὴρ
1013 828 1185 893 ἄλλος
1217 831 1269 902 ἐξ
1301 832 1609 908 Ἀρμενίας.

280 922 433 977 2075
477 913 773 995 Ἰεροϐοάμ
803 916 977 981 ἄλλος
1012 920 1264 995 ὑπάρξας,
1296 920 1416 984 νέος

474 1008 739 1070 Κάκιστος
773 1004 943 1072 ὅντως
973 1007 1192 1080 οῗκὲτης
1222 1009 1312 1064 καὶ
1346 1008 1615 1086 δραπέτης

472 1099 569 1154 Ἐκ
597 1095 935 1169 Σολομῶνος
961 1093 1229 1152 δεσπότου
1265 1097 1535 1172 βασιλέως

473 1187 886 1253 Ἀποστατήσας
913 1184 1001 1239 καὶ
1036 1182 1196 1240 δόλον
1228 1187 1630 1262 προσαρτύσας,

473 1272 712 1329 Μᾶλλον
746 1270 791 1327 δ’
821 1273 1061 1335 ἀποστάς
1091 1273 1181 1328 καὶ
1212 1276 1446 1345 νοσήσας
1475 1276 1723 1351 ἐσχάτως

286 1364 438 1419 2080
476 1363 668 1430 Κακῆν
704 1361 1053 1416 ἐπανάστασιν
1086 1364 1179 1435 ἅμ’
1210 1362 1500 1418 ἀποστάσει
1535 1383 1548 1397 ·

475 1450 721 1529 Ὕφαλος
750 1450 909 1521 ἀνὴρ,
941 1450 1336 1527 ὀργιλώτατος,
1370 1452 1551 1530 φέναξ,

475 1543 651 1609 Μῆνιν
685 1538 885 1594 ἐναύων
921 1537 996 1602 εἷς
1028 1540 1410 1617 φρυκτώρησιν
1441 1541 1667 1611 πάθους,

479 1629 585 1686 Καὶ
615 1627 1106 1704 καταπυρπόλησιν
1137 1632 1220 1692 οἷς
1251 1627 1382 1705 ἔδρα
1414 1630 1612 1705 χόλον,

478 1720 642 1791 Ὀψις
674 1717 897 1793 στυγνός
925 1739 1009 1782 τις
1042 1721 1306 1798 συννεφὴς
1336 1722 1434 1781 τὰς
1464 1721 1687 1797 ὀφρύας,

287 1810 441 1866 2085
477 1811 742 1867 "Amata:
768 1808 929 1877 ἦθος,
959 1806 1216 1872 ποικίλος
1241 1809 1587 1883 χαμαιλέων,

480 1897 659 1953 Κακόν
687 1917 741 1950 τι
771 1895 1056 1972 τερμέριον
1084 1899 1198 1971 (36)
1228 1892 1460 1952 εὐσεϐῶν
1495 1898 1666 1977 στίφει

476 1984 654 2058 Βαρὺς
683 1986 961 2054 κολαστὴς
996 1985 1677 2061 μικρὰ-προσκεκρουκόσι.

474 2076 608 2137 Τοῖς
636 2080 1042 2149 προσκυνηταῖς
1068 2073 1279 2139 εἰκόνος
1308 2077 1544 2147 Χριστοῦ
1574 2075 1759 2133 πλέον.

476 2162 632 2232 Πλήν
661 2165 799 2238 πρὸς
833 2166 1016 2239 μάχας
1046 2164 1113 2233 ἦν
1143 2162 1402 2240 γεννάδας
1443 2164 1776 2239 τολμητίας,

287 2254 441 2309 2090
478 2253 824 2328 Θυμουργὸς,
858 2252 1005 2322 ὀξὺς,
1039 2254 1256 2326 άρεϊκὸς
1284 2253 1545 2325 καθάπαξ,

479 2344 692 2398 Κοινῶν
724 2362 783 2395 τε
813 2338 1081 2411 διοίκησιν
1116 2340 1172 2397 εὖ
1202 2344 1538 2416 ἠσκημένος.

483 2430 586 2485 Καὶ
612 2429 717 2505 γὰρ
748 2430 1075 2507 στρατεύσας
1104 2431 1240 2486 κατᾶ
1268 2436 1465 2487 Μυσῶν
1498 2428 1797 2509 Βαρϐάρων

486 2520 947 2595 Κατατρεχόντων
975 2526 1077 2595 γῆς
1109 2519 1270 2595 ὅρους
1301 2521 1630 2595 Ῥωμαϊδος,

488 2608 784 2686 Περιφανὲς
814 2608 1077 2684 τρόπαιον
1105 2609 1227 2679 ἰστᾷ
1254 2610 1345 2664 καὶ
1369 2609 1551 2682 νίκην,

300 2699 454 2754 2095
494 2697 655 2752 Λείαν
692 2698 894 2754 Μυσῶν
929 2697 1041 2762 θεὶς
1068 2699 1135 2753 τά
1163 2700 1301 2753 κατά
1330 2706 1487 2777 σφᾶς,
1521 2701 1595 2762 ὡς
1628 2699 1819 2775 λόγος.

487 2788 635 2860 Πρὸς
669 2784 714 2841 δ’
744 2784 810 2841 αὖ
840 2784 1053 2841 δικαίου
1074 2787 1163 2842 καὶ
1196 2789 1383 2859 νόμων
1414 2789 1479 2857 ἧν
1510 2811 1594 2851 τις
1625 2788 1819 2867 φύλαξ,

486 2872 788 2949 Πράγματα
818 2870 1061 2947 δημόσια
1084 2873 1271 2937 καλῶς
1304 2873 1503 2931 διέπων
1540 2896 1553 2910 ·

489 2964 569 3021 Οὐ
601 2966 909 3039 χρημάτων
938 2966 1042 3040 γάρ
1076 2965 1272 3027 ὠνίους
1303 2965 1593 3043 ἐθναρχίας

490 3054 563 3109 Ἦ
585 3055 876 3127 ταγμάτων
900 3075 960 3129 γε
988 3053 1269 3129 προύτίθει
1302 3056 1650 3132 στρατηγίας,

299 3145 452 3199 2100
490 3144 563 3198 Ἢ
593 3143 777 3204 κοινάς
802 3142 977 3219 ἀρχὰς
1003 3146 1342 3218 πραγμάτων
1369 3167 1429 3200 τε
1458 3144 1769 3223 φροντίδας,

492 3228 781 3305 Ἀνδράσιν
815 3232 956 3301 ὑπῆν
983 3233 1059 3305 μὴ
1090 3234 1353 3311 πεφυκόσι
1383 3233 1558 3307 νέμων
1593 3254 1606 3268 ·

494 3319 687 3382 Ιίάσας¹
706 3319 766 3374 δὲ
788 3320 959 3384 τιθεὶς
988 3321 1081 3376 σὺν
1106 3320 1255 3397 λόγῳ
1280 3343 1340 3378 τε
1368 3323 1459 3378 καὶ
1489 3322 1662 3397 κρίσει

492 3408 877 3483 Ἀρχαιρεσίας
903 3410 993 3464 καὶ
1026 3408 1331 3480 διοικήσεις
1364 3411 1535 3469 ὅλων.

495 3498 638 3559 Τοὺς
670 3495 716 3552 δ’
750 3499 1017 3574 ἁρπαγαῖς
1044 3499 1338 3574 χαίροντας
1370 3500 1542 3575 εἶργεν
1575 3499 1816 3574 ἐννόμως
1848 3521 1861 3535 ·

305 3587 460 3643 2105
495 3587 597 3639 Καὶ
625 3587 725 3660 γάρ
756 3588 881 3641 ποτ’
909 3585 1105 3662 ἀνδρὸς
1133 3590 1378 3664 γαμετὴν
1405 3588 1732 3644 πενεστάτου

496 3677 623 3732 Τῶν
651 3696 799 3738 τινος
831 3677 1171 3749 ἁρπάσαντος
1202 3676 1615 3750 εὐγενεστάτων,

494 3763 649 3821 Ἐπεὶ
677 3765 926 3840 τιμωρὸς
958 3766 1111 3821 ὧπτο
1145 3763 1408 3838 μηδόλως
1439 3764 1621 3821 κλύων

493 3855 777 3929 Ὕπαρχος
809 3853 955 3909 οὕτω
984 3856 1301 3931 πράγματος
1332 3854 1675 3929 παρανόμου,

490 3940 672 4005 Αὐτὸς
701 3939 773 3996 δι’
797 3942 964 3997 αὐτοῦ
990 3943 1083 3998 τὸν
1122 3945 1347 4018 βιαστὴν
1376 3942 1606 4000 εὐθύνει.

308 4029 457 4088 2440
495 4030 603 4087 Τὸν
638 4027 683 4084 δ’
704 4030 953 4106 ὕπαρχον
982 4031 1226 4088 πέπαυκε
1252 4039 1353 4103 τῆς
1385 4031 1748 4107 λειτουργίας.

497 4118 651 4176 Ἀλλ’
680 4117 987 4176 ἁποδεκτέα
1022 4123 1117 4193 μὲν
1143 4123 1377 4198 ὑπάρχει
1406 4118 1535 4177 τάδε
1562 4142 1574 4154 ·

492 4208 559 4264 Ἡ
589 4205 639 4263 δ’
666 4207 732 4263 αὗ
764 4203 1041 4265 σεϐαστῶν
1078 4210 1241 4283 μανία
1269 4213 1384 4266 κατ’
1414 4210 1638 4267 εἰκόνων

491 4298 664 4353 "Am
701 4292 1071 4371 ὑπερϐέϐηκεν
1102 4297 1245 4361 εἶδος
1278 4298 1491 4362 κακίας.

489 4386 749 4461 Ἐστεργε
776 4386 864 4440 καὶ
897 4384 997 4461 γὰρ
1096 4385 1394 4459 συνεσχέθη
1426 4385 1629 4462 πλάνῃ,

306 4474 453 4530 2115
491 4472 588 4533 Εἷς
617 4472 791 4548 ἤνπερ
822 4474 1180 4548 έμπέμτωκεν
1211 4476 1394 4546 ἠπατη
1407 4476 1569 4549 μένος

490 4563 635 4637 Πρὸς
663 4562 968 4638 άμονάχων
1002 4560 1318 4639 δυστρόπων
1352 4563 1706 4635 λαοπλάνων,

491 4651 585 4713 Οἷς
621 4657 1008 4726 μυσταγωγοῖς
1040 4652 1329 4729 χρώμενος
1358 4655 1705 4730 παραινέταις

505 4748 578 4802 Ως
611 4737 770 4809 δῆθεν
803 4740 1091 4817 απόρῥητα
1120 4744 1339 4820 φράσειν
1375 4740 1601 4815 εἴδόσιν,

491 4832 716 4905 Καρποῦ
744 4850 802 4884 τε
820 4834 918 4885 τοῦ
946 4829 1256 4904 πνεύματος
1283 4831 1635 4904 ἠξιωμένοις.

345 4921 448 4975 120
487 4919 592 4975 Καὶ
622 4922 734 4973 τῶν
766 4915 813 4973 δ’
842 4916 1131 4993 ἀλιτήριος
1164 4919 1303 4991 εἴξας
1334 4925 1451 4983 τοῖς
1492 4921 1680 4995 λόγοις

491 5010 743 5063 ’Δνανεοῖ
769 5008 1000 5064 κάκιστα
1028 5010 1127 5080 τὴν
1157 5004 1484 5082 έσϐεσμένην

486 5099 584 5154 Ἐκ
615 5094 905 5167 συνοδικῆς
927 5098 1252 5173 ἀποφάσεως
1282 5096 1517 5168 πλάνην,

484 5186 587 5242 Καὶ
622 5190 748 5240 πνεῖ
777 5184 1013 5263 σφοδρόν
1045 5208 1097 5242 τι
1129 5189 1220 5242 καὶ
1254 5186 1530 5243 λεόντειον
1562 5185 1731 5249 τάλας

483 5277 613 5332 Κατ’
641 5272 948 5351 ὀρθοδόξων
974 5272 1206 5332 εὐσεϐῶν
1238 5279 1474 5353 Χριστοῦ
1505 5275 1680 5353 φίλων
1715 5295 1728 5308 ’

299 5365 447 5421 2125
485 5364 584 5421 Καὶ
616 5365 1001 5441 ποιμενάρχην
1035 5366 1124 5420 τὸν
1160 5367 1321 5441 σοφὸν
1354 5364 1697 5444 Νικηφόρον.

486 5454 589 5510 Τὸν
625 5450 786 5527 δόγμ’
816 5454 1187 5530 άνατρέποντα
1207 5457 1267 5511 τὸ
1303 5453 1621 5532 βδελυκτέον

1819 306 2180 361 CESARES.

1970 434 2025 500 Α
2056 429 2256 485 missis
2285 434 2530 501 tyranno
2561 426 2866 498 dignitatis
2898 427 3231 499 insignibus
3264 444 3278 483 :

2050 518 2293 591 ipseque
2326 518 2627 584 secedens,
2661 519 2726 572 ﬁt
2750 521 2977 573 atratus
3010 517 3355 576 monachus.

2434 633 2569 688 LEO
2610 632 2977 689 ARMENIUS
3020 633 3136 688 AN.
3178 634 3307 689 VII.

2123 742 2217 798 Sic
2247 742 2357 798 iste
2388 740 2626 812 quidem
2662 743 2958 811 sceptrum
2994 740 3319 812 occupavit,

2055 848 2277 887 scmvus
2307 830 2416 900 leo,
2445 847 2595 885 nova
2626 829 2820 885 bellua
2852 846 2919 884 ex
2955 829 3249 898 Armenia,

2056 919 2202 977 alter
2232 921 2599 989 Hieroboam,
2629 936 2763 976 vere
2795 920 3057 976 novellus

2056 1012 2351 1083 pessimus
2385 1011 2640 1066 famulus
2673 1014 2728 1065 et
2760 1010 3037 1083 fugitivus

2057 1119 2090 1158 a
2118 1101 2429 1157 Salomone
2459 1100 2696 1155 domino
2730 1116 2837 1155 suo
2872 1116 3006 1171 rege

2057 1192 2334 1246 deficiens
2366 1189 2610 1245 structis
2642 1189 2885 1261 insuper
2915 1189 3186 1257 insidiis;

2058 1281 2176 1336 imo
2208 1278 2519 1346 rebellans,
2555 1295 2889 1351 parensque
2920 1280 3117 1334 animo

2058 1367 2370 1424 scelestum
2402 1366 2621 1423 bellum
2657 1369 2873 1423 nedum
2908 1367 3260 1439 apostasiam
3295 1383 3309 1423 :

2060 1455 2344 1512 subdolus
2379 1456 2577 1525 homo,
2615 1455 2961 1521 iracundus,
2999 1453 3194 1523 fallax,

2058 1545 2372 1601 confovens
2405 1546 2553 1599 iram
2585 1547 2654 1599 ad
2691 1544 3081 1600 obsidendum
3114 1542 3365 1611 facinus,

2060 1637 2131 1691 ad
2161 1635 2631 1690 consumendum
2664 1650 2812 1705 quos
2845 1634 2978 1688 odio
3011 1633 3271 1700 haberet,

2060 1727 2193 1779 trux
2217 1722 2403 1793 vultu,
2438 1723 2691 1777 adducto
2722 1722 2913 1777 tristis
2946 1721 3281 1793 supercilio,

1986 1802 2035 1867 Β
2067 1813 2265 1869 inﬁdis
2296 1812 2580 1877 moribus,
2612 1812 2810 1866 varius
2841 1810 3220 1874 chamaeleon,

2064 1902 2303 1958 noxium
2338 1902 2568 1973 piorum
2604 1900 2779 1956 οωὶυὶ
2812 1904 3171 1972 portentum,

2064 1992 2256 2065 gravis
2288 1992 2592 2063 culparum
2621 1989 2835 2045 levium
2870 1989 3130 2061 punitor,

2066 2082 2317 2137 maxime
2348 2080 2536 2151 siquis
2568 2079 2782 2134 Christi
2814 2082 3016 2152 typum
3048 2077 3282 2134 coleret.

2067 2172 2134 2227 In
2176 2170 2391 2244 pugnis
2420 2173 2616 2224 tamen
2649 2168 2953 2223 animosus
2983 2168 3194 2231 audax,

2066 2264 2397 2333 promptus,
2430 2262 2728 2327 actuosus,
2759 2258 3079 2312 mavortius
3111 2256 3355 2324 affatim,

2067 2349 2151 2406 rei
2178 2364 2413 2421 quoque
2444 2347 2690 2419 publica:
2721 2348 2988 2419 regendae
3022 2348 3303 2418 prudens.

2068 2438 2173 2494 Hie
2207 2438 2388 2493 armis
2418 2435 2674 2508 sumptis
2705 2439 2909 2491 contra
2939 2437 3151 2492 Messes
3183 2435 3495 2503 Barbaros,

2072 2527 2174 2598 qui
2210 2527 2505 2581 Romanas
2536 2531 2727 2581 terras
2758 2526 3162 2591 incursabant,

2069 2614 2397 2688 trophaeum
2430 2615 2658 2687 insigne
2684 2619 2818 2687 post
2845 2615 3152 2671 victoriam
3186 2615 3420 2682 struxit,

2074 2704 2278 2778 spoliis
2309 2704 2544 2777 Opimis,
2577 2710 2642 2760 ut
2671 2706 2858 2775 aiunt,
2887 2704 3105 2761 relatis.

2073 2796 2098 2850 J
2110 2794 2226 2850 usti
2259 2802 2537 2866 praeterea
2567 2794 2883 2866 legumque
2913 2799 3112 2851 custos

2077 2882 2372 2956 publicam
2404 2900 2525 2938 rem
2560 2884 2833 2955 prmelare
2861 2884 3154 2955 dirigebat
3187 2899 3201 2940 :

2076 2989 2266 3044 neque
2294 2974 2527 3028 venales
2558 2975 2743 3043 pretio
2775 2974 3153 3044 prafecturas

2075 3060 2164 3116 vel
2198 3060 2484 3116 militares
2515 3060 2729 3116 obtulit
2760 3062 3043 3126 ducatus;

1995 3164 2037 3231 ρ
2078 3165 2265 3219 neque
2294 3147 2491 3203 civiles
2522 3149 2661 3203 item
2693 3149 3078 3218 magistratus

2073 3238 2215 3293 viris
2245 3237 2542 3293 commisit
2569 3237 2800 3292 muneri
2834 3236 3084 3307 ineptis;

2075 3327 2177 3383 sed
2208 3342 2343 3382 cum
2376 3326 2600 3381 ratione
2630 3332 2900 3396 rectoque
2924 3325 3150 3396 judicio

2075 3415 2266 3472 officia
2294 3415 2564 3471 attribuit
2591 3421 2651 3471 et
2673 3415 3136 3487 procurationes.

2075 3510 2357 3577 Raptores
2389 3508 2583 3561 autem
2615 3505 2845 3576 legibus
2874 3503 3131 3560 coercuit
3160 3518 3175 3558 :

2077 3610 2214 3649 nam
2246 3599 2304 3651 et
2333 3609 2573 3650 uxorem
2604 3594 2714 3648 viri
2745 3593 3105 3665 pauperrimi

2078 3698 2215 3737 cum
2247 3699 2514 3739 summas
2545 3683 2787 3754 quidam
2821 3683 2933 3739 sibi
2962 3681 3339 3745 vindicasset,

2076 3771 2353 3843 quoniam
2386 3772 2691 3842 praefectus
2722 3772 2880 3827 haud
2912 3770 3189 3827 admissis
3220 3767 3491 3841 precibus

2075 3866 2195 3917 tam
2224 3860 2540 3917 scelestum
2572 3861 2803 3916 facinus
2836 3877 2953 3916 non
2982 3858 3408 3925 vindicaverat;

2074 3949 2201 4021 ipse
2228 3949 2549 4020 imperator
2576 3950 2770 4020 puniit
2799 3954 3116 4020 raptorem,

2077 4038 2413 4109 praelectum
2444 4043 2640 4093 autem
2671 4038 2859 4093 ofﬁcio
2888 4036 3174 4107 spoliavit.

2074 4126 2261 4196 Atque
2292 4125 2350 4179 in
2386 4125 2478 4180 his
2510 4124 2747 4195 quidem
2782 4124 2955 4179 laude
2985 4125 3203 4196 dignus
3235 4124 3367 4180 Leo.

2075 4215 2182 4270 Sed
2215 4214 2373 4269 enim
2407 4214 2539 4269 odio
2570 4218 2909 4268 sanctarum
2941 4213 3270 4285 imaginum

2075 4318 2310 4359 omnem
2342 4302 2593 4358 excessit
2623 4301 2862 4358 malitia;
2891 4302 3164 4359 limitem.

2076 4393 2303 4465 Quippe
2336 4392 2493 4447 hunc
2524 4408 2781 4447 errorem
2808 4391 2975 4449 valde
3005 4391 3487 4464 amplectebatur,

2078 4483 2138 4538 in
2169 4498 2346 4553 quem
2380 4480 2668 4537 inciderat
2700 4482 2832 4538 fuco
2864 4482 3145 4553 deceptus

2077 4587 2110 4626 a
2141 4571 2379 4643 pseudis
2413 4570 2718 4626 monachis
2748 4570 2946 4640 impiis
2977 4569 3401 4641 impostoribus

2078 4658 2180 4731 qui
2211 4659 2324 4715 sibi
2357 4660 2419 4714 in
2450 4658 2633 4714 sacris
2665 4661 2905 4715 aderant
2931 4658 3275 4727 consiliarii,

2077 4764 2181 4803 ceu
2216 4764 2425 4820 nempe
2450 4753 2763 4803 eventuum
2794 4764 3143 4804 arcanorum
3176 4747 3414 4815 conscii,

2077 4841 2135 4893 et
2164 4836 2350 4893 sancti
2384 4836 2635 4907 Spiritus
2667 4852 2908 4893 munere
2937 4836 3220 4893 exornati.

2077 4924 2468 4990 Quamobrem
2504 4925 2713 4981 horum
2742 4924 3063 4982 instinctus
3093 4925 3464 4983 sermonibus

2077 5014 2297 5086 impius
2331 5013 2604 5085 princeps
2635 5014 2889 5085 pessime
2919 5015 3238 5072 resuscitat

2076 5102 2354 5176 synodico
2385 5103 2731 5158 exstinctam
2766 5104 2996 5159 decreto
3026 5104 3319 5173 haresim,

2075 5207 2311 5263 gravem
2342 5191 2756 5263 leoninamque
2786 5193 2931 5247 iram
2966 5193 3200 5265 spirans

2075 5281 2356 5335 adversus
2389 5285 2444 5335 et
2470 5281 2822 5337 orthodoxos
2853 5281 2979 5353 pios
3010 5280 3438 5353 Cbristophilos
3472 5297 3485 5335 :

2074 5374 2131 5425 et
2162 5368 2640 5441 archipraesulem
2674 5372 2911 5426 doctum
2943 5372 3362 5444 Nicephorum,

2076 5457 2174 5530 qui
2208 5458 2604 5515 abominando
2637 5460 2893 5532 dogmati
2924 5461 3255 5529 resistebat,

403 5622 493 5694 36)
526 5622 612 5677 Ita
643 5620 856 5689 codex;
888 5621 1059 5691 cujus
1090 5618 1355 5675 vocabuli
1388 5620 1683 5677 notionem
1716 5620 1789 5675 ab
1820 5617 1955 5676 aliis
1984 5619 2207 5676 discere
2237 5620 2459 5677 studes.

3624 300 3699 356 90
