4038 6214
267 284 329 338 91
1474 282 1842 336 EPHRIEMII
1880 279 2449 335 CHRONOGRAPHI

264 409 403 467 sede
429 410 763 483 depositum
794 409 960 483 pellit
990 409 1047 463 in
1074 405 1348 465 exsilium

268 500 342 555 ad
375 499 781 556 Prmconesum
815 498 1070 553 insulam
1104 494 1635 567 Hellesponticum;

268 590 338 644 ad
374 605 552 660 quam
586 590 727 644 dum
761 588 889 642 navi
923 588 1267 658 deportatus
1300 585 1557 651 ducitur,

271 676 489 731 mirum
522 677 583 731 in
614 692 790 730 cursu
828 674 1074 744 contigit
1104 673 1458 748 prodigium.

271 766 419 821 Nam
452 765 637 820 sancti
668 763 777 819 viri
812 763 1043 836 cognito
1074 762 1411 835 spiritaliter

271 855 477 911 itinere
509 852 643 908 dius
675 854 1082 925 TheOphanes,
1118 852 1319 923 procul
1350 851 1503 919 licet,

272 943 373 1015 qui
406 942 763 997 monasterio
796 948 1039 1013 prmerat
1071 943 1127 996 in
1161 943 1319 1013 agris
1352 941 1558 1013 posito,

272 1036 332 1088 et
359 1035 487 1087 ture
518 1032 745 1087 facibus
777 1032 1033 1088 incensis
1069 1048 1345 1103 magnum

271 1122 740 1193 prosequebatur
768 1121 943 1177 veluti
981 1121 1247 1177 salutans
1277 1121 1489 1175 virum.

272 1210 545 1267 Vicissim
578 1211 649 1266 de
680 1227 822 1266 nave
854 1210 948 1265 hic
978 1226 1230 1265 cernuus
1261 1210 1543 1263 adorabat

275 1300 527 1355 amicum
559 1299 660 1370 qui
685 1304 1088 1355 transeuntem
1122 1314 1184 1354 se
1216 1299 1560 1354 honorabat.

275 1388 460 1461 Igitur
490 1388 686 1444 nautis
709 1390 843 1459 jure
875 1388 1303 1447 demirantibus

275 1482 332 1532 et
362 1493 679 1549 quemnam
714 1478 985 1533 adoraret
1016 1476 1474 1545 sciscitantibus,

277 1566 589 1637 Inclytum,
620 1566 817 1637 inquit
845 1568 1193 1633 vaticinans,
1228 1564 1645 1636 Theophanem

276 1656 670 1712 confessorem
698 1660 756 1711 et
786 1656 1210 1711 monachorum
1244 1655 1574 1727 praesidem,

276 1746 376 1817 qui
407 1752 675 1801 sanctum
708 1745 1055 1801 asceterium
1089 1744 1147 1799 in
1181 1760 1318 1815 agro
1350 1741 1633 1799 incolunt.

274 1832 493 1889 Deinde
526 1833 630 1887 Leo
664 1832 904 1887 balbum
936 1832 1278 1888 Michaelem

276 1920 653 1993 splendidum
685 1920 873 1976 virum
905 1937 974 1976 ex
1006 1921 1378 1991 optimatium
1414 1936 1655 1977 numero

280 2027 454 2083 quem
488 2009 774 2066 hactenus
804 2011 1061 2066 amicum
1095 2011 1152 2064 in
1183 2010 1319 2066 aula
1350 2011 1651 2080 habuerat,

281 2099 543 2153 vinctum
574 2098 789 2154 carceri
820 2098 1001 2152 tradit
1030 2098 1481 2152 custodiendum
1515 2114 1528 2150 :

278 2201 413 2241 mox
442 2186 617 2242 etiam
648 2185 863 2241 immiti
895 2186 1094 2241 animo
1124 2186 1386 2242 decernit
1418 2185 1531 2257 ipsi

275 2274 557 2331 luendum
591 2275 725 2347 igne
757 2291 1101 2346 supremum
1135 2274 1497 2346 supplicium
1532 2291 1547 2329 :

273 2367 331 2419 et
361 2363 489 2420 sine
524 2379 687 2418 mora
716 2377 839 2417 rem
874 2367 1282 2419 transacturus
1311 2369 1459 2430 erat,

278 2452 393 2508 nisi
423 2452 627 2523 regina
659 2452 874 2522 conjux
904 2452 1353 2509 intercessisset.

280 2543 426 2612 Ergo
460 2540 553 2596 hic
584 2540 866 2596 dimissus
891 2540 1162 2608 vinculis,
1195 2542 1533 2612 conjuratos

278 2631 546 2698 advocat,
575 2635 747 2686 notos
777 2629 890 2686 sibi
926 2630 1007 2685 rei
1038 2632 1304 2701 gerendae
1336 2631 1545 2700 socios,

278 2720 635 2792 quibuscum
669 2719 845 2774 Leoni
876 2719 1075 2774 statim
1101 2718 1277 2774 struit
1308 2719 1571 2774 insidias.

276 2807 343 2863 Hi
375 2809 485 2863 sub
517 2822 788 2862 auroram
821 2805 1165 2879 introgressi
1197 2806 1531 2863 clanculum

274 2896 333 2952 in
369 2895 565 2953 aulam
598 2895 842 2968 regiam,
874 2896 1059 2968 Papiae
1090 2896 1305 2963 favore,

278 2987 388 3043 sub
419 2984 674 3043 clericali
702 2989 861 3042 veste
889 2986 1173 3043 succincti
1206 2985 1441 3059 gladiis,

277 3091 383 3132 ceu
414 3075 724 3132 matutinis
755 3075 996 3132 canticis
1028 3076 1221 3131 daturi
1254 3091 1514 3148 operam,

277 3165 457 3220 armis
488 3164 716 3221 eductis
747 3164 999 3221 Leonem
1030 3165 1371 3221 confodiunt

276 3250 625 3323 psallentem
656 3251 717 3306 in
749 3251 995 3309 ecclesia
1026 3254 1176 3308 inter
1205 3254 1446 3310 clericos
1482 3271 1495 3307 :

277 3340 379 3410 qui
409 3339 652 3395 territus
682 3340 755 3393 ad
787 3339 1053 3394 divinum
1085 3342 1267 3395 altare
1298 3342 1645 3412 confugiens

275 3428 335 3483 in
366 3442 432 3483 eo
457 3426 774 3483 violentam
808 3428 1049 3498 pertulit
1080 3445 1280 3483 necem
1314 3429 1460 3497 loco,

278 3533 455 3591 quem
485 3515 803 3571 violaverat
832 3516 1142 3571 hwreticus
1174 3516 1397 3573 infelix.

274 3610 409 3673 Quae
441 3605 786 3678 priusquam
818 3606 1125 3675 occideret,
1158 3606 1265 3661 hoc
1296 3606 1487 3662 visum
1520 3608 1749 3663 accidit.

280 3696 467 3752 Mater
497 3692 700 3751 Leonis
732 3694 1032 3765 conspexit
1063 3711 1165 3767 per
1195 3696 1494 3752 somnium

278 3786 338 3841 in
370 3783 780 3841 Blachernensi
822 3782 1041 3856 templo
1072 3785 1405 3841 adstantem
1437 3785 1548 3841 sibi

278 3875 560 3931 feminam
590 3876 925 3929 exornatam
954 3875 1012 3929 in
1047 3874 1273 3946 regium
1310 3891 1545 3942 morem,

278 3979 456 4036 quam
489 3964 909 4020 circumstabat
939 3980 1073 4019 curn
1100 3964 1329 4020 decenti
1361 3965 1567 4020 ordine

279 4054 727 4111 candidatorum
758 4056 1098 4127 manipulus
1130 4056 1411 4112 virorum.

275 4144 387 4200 Sed
421 4144 819 4216 pavimentum
853 4145 1218 4201 rcdundabat
1247 4145 1555 4219 sanguine.

278 4238 528 4305 Insuper
557 4234 745 4289 audiit
774 4234 1065 4289 dicentem
1100 4234 1437 4304 mulierem;

278 4327 345 4378 ut
375 4321 527 4394 regis
559 4323 761 4378 matris
792 4322 1047 4395 scyphus
1075 4324 1145 4377 ad
1176 4323 1495 4379 bibendum

283 4428 488 4468 cruore
519 4409 729 4483 plenus
762 4411 1153 4467 exhiberetur.

281 4503 405 4568 Qua
434 4500 609 4557 talem
639 4504 842 4573 potum
869 4517 1112 4572 prorsus
1144 4505 1474 4572 rcspuente,

281 4589 494 4647 mulier
523 4590 846 4662 respondit,
879 4590 1081 4645 Nonne
1113 4589 1270 4645 filius
1302 4594 1441 4645 tuus

278 4680 540 4737 divinum
573 4680 783 4736 Filium
818 4696 1012 4735 meum
1043 4684 1101 4736 et
1132 4696 1224 4735 me
1257 4679 1585 4737 colentibus

280 4769 486 4843 plagas
518 4770 767 4842 imponit
797 4773 1004 4841 praeter
1033 4770 1121 4826 fas
1151 4772 1423 4826 cruentas
1445 4770 1473 4825 ‘2

283 4861 417 4932 Ipsa
448 4860 674 4932 rogavit
705 4858 888 4932 igitur
912 4875 1108 4931 regem
1138 4858 1329 4915 ﬁlium

284 4949 478 5006 scelus
509 4952 574 5004 ut
608 4948 926 5018 omitteret,
962 4946 1177 5018 nequid
1212 4946 1351 5001 mali
1386 4948 1712 5020 accideret;

283 5054 485 5096 verum
517 5037 611 5094 hic
639 5037 922 5093 maternis
952 5037 1110 5093 haud
1144 5036 1339 5109 paruit
1372 5037 1631 5094 monitis.

639 5152 957 5211 MICHAEL
994 5154 1266 5211 BALBUS
1306 5158 1425 5210 AN.
1472 5155 1571 5210 IX.

282 5257 375 5312 Sic
406 5253 731 5321 interiecto,
765 5256 830 5308 ut
860 5253 1141 5320 diximus,
1176 5254 1386 5323 Leone,

284 5343 529 5402 Michael
562 5342 774 5399 balbus
806 5342 1066 5414 procedit
1096 5342 1432 5413 imperator,

287 5435 390 5508 qui
419 5434 594 5506 pedes
625 5432 817 5489 adhuc
845 5431 1067 5504 pedicis
1101 5430 1409 5487 conclusos

285 5530 526 5598 gestans
558 5525 629 5581 ad
665 5522 891 5594 regium
922 5522 1154 5578 devenit
1174 5519 1511 5593 fastigium;

288 5616 603 5687 statimque
630 5615 701 5671 ad
736 5618 1006 5685 Magnam
1041 5629 1383 5686 progressus
1418 5611 1733 5671 Ecclesiam

1938 404 1991 469 A

1953 1770 2001 1835 Β

1953 4488 2001 4554 D

2200 398 2425 471 Τίθησιν
2456 398 2727 472 ἐξόριστον
2759 395 2891 455 ἐκϐα
2932 402 3007 454 ὼν
3041 400 3239 476 Θρόνου

2196 490 2288 550 Εἰς
2322 489 2693 563 Προικόνησον
2722 495 2885 558 νῆσον
2916 487 3367 558 Ἑλλησποντίων
3399 507 3414 522 ⁸

2199 577 2292 639 Εἷς
2322 579 2381 645 ἢν
2416 575 2727 640 διαπόντιος
2758 578 2824 645 ἦν
2857 577 3210 651 ἐσταλμένος,

2020 668 2160 722 2130
2201 667 2294 720 Καὶ
2324 668 2460 720 κατᾶ
2489 667 2579 720 τὸν
2612 664 2810 739 πλοῦν,
2844 666 2887 720 ὣ
2915 667 3197 738 τεραστίου
3229 665 3426 744 λόγουί

2196 758 2282 825 Τῷ
2312 754 2576 827 πνεύματι
2605 754 2764 830 γνοὺς
2795 757 2893 824 τὴν
2926 754 3181 811 κέλευθον
3214 756 3367 829 ἁγίου

2361 845 2372 859 1
2592 843 2603 859 ι
2630 843 2641 862 Ω
2819 839 2843 861 ’1
3078 844 3092 865 Ι

2199 850 2477 919 Θεορανης
2505 843 2786 919 πόρρωθεν
2817 855 2995 908 ενθεος
3028 842 3235 920 λυχνος

2200 933 2389 1000 Μονῆς
2422 931 2699 1001 προεστὼς
2728 935 2827 997 τῆς
2856 933 2973 987 κατ’
3002 932 3167 1007 ἀγρὸν
3201 935 3458 1005 κειμένης

2201 1022 2547 1094 Θυμιάμασιν
2578 1021 2852 1094 ἡμμέναις
2884 1042 2941 1076 τε
2972 1021 3249 1095 λαμπάσιν

2023 1112 2165 1166 2135
2204 1108 2563 1185 Προῦπεμπεν
2593 1113 2707 1165 οἷον
2739 1109 3075 1183 δεξιούμενος
3105 1108 3291 1187 μέγαν.

2202 1200 2262 1255 Ὁ
2296 1196 2341 1252 δ’
2372 1199 2430 1253 ἐκ
2459 1198 2720 1264 κελεύθου
2750 1199 3114 1274 προσκύνησιν
3147 1202 3212 1270 ἦν
3244 1200 3423 1275 νέμων

2203 1291 2299 1359 Τῷ
2327 1289 2426 1356 τήν
2459 1290 2800 1365 προπομπὴν
2836 1288 3187 1363 ηὐτρεπικότι
3218 1290 3391 1366 φίλῳ.

2205 1377 2293 1438 Ὦς
2316 1376 2458 1441 εἷκὸς
2488 1377 2681 1433 οὐκοῦν
2716 1377 3104 1452 θαυμασάντων
3137 1378 3406 1435 ναυτίλων

2207 1467 2309 1523 Καὶ
2341 1466 2447 1520 τίνι
2477 1468 2845 1539 προσκύνησιν
2886 1467 3148 1523 εἰπόντων
3180 1468 3354 1543 νέμει³

2027 1557 2170 1612 2140
2208 1557 2274 1611 Ἠ
2308 1552 2355 1609 δ’
2384 1555 2442 1617 ’ὀς
2475 1560 2788 1632 προαθρῶν,
2817 1554 3050 1628 Γεννάδᾳ
3077 1557 3334 1636 Θεοφάνει

2207 1642 2559 1719 ’Θμολογητῇ
2592 1647 2678 1700 καὶ
2716 1650 2975 1721 μοναχῶν
3008 1646 3284 1723 προστάτῃ

2210 1732 2589 1805 Ἀσκουμένων
2618 1733 2888 1790 κάλλιστα
2914 1736 3030 1790 κατ’
3060 1734 3222 1810 ἀγρὸν
3258 1737 3446 1812 μέγαν.

2209 1823 2383 1885 Οὗτος
2412 1824 2702 1898 κατασχὼν
2733 1824 2968 1898 Μιχαὴλ
2995 1823 3231 1900 τραυλὸν
3266 1826 3411 1889 θέσιν

2208 1916 2323 1965 Τῶν
2353 1933 2473 1966 τινα
2502 1910 2770 1988 λαμπρῶν
2804 1912 2892 1968 καὶ
2925 1915 3393 1991 περιφανεστάτων

2030 2003 2173 2057 2145
2210 2000 2308 2056 Καὶ
2336 2002 2568 2076 πρόσθεν
2601 2002 2653 2055 ο¹ι
2683 2000 2856 2078 φίλων
2887 2022 2945 2057 τε
2970 2002 3061 2057 καὶ
3089 2005 3447 2077 τιμωμένων,

2209 2092 2296 2146 Ἑν
2329 2088 2546 2165 φυλακῇ
2579 2090 2758 2160 τίθησι
2790 2090 2878 2144 καὶ
2910 2093 3251 2166 καθειργνύει
3281 2111 3294 2124 ·

2208 2180 2337 2236 Εἶτα
2364 2179 2743 2256 κατακέκρικεν
2768 2180 2930 2234 αὐτοῦ
2960 2181 3049 2234 καὶ
3084 2180 3251 2257 μόρον

2207 2269 2313 2325 Τὸν
2347 2265 2438 2322 διὰ
2466 2269 2634 2344 πυρὸς
2664 2270 2700 2337 ἡ
2738 2268 2908 2343 μιαρά
2934 2266 3132 2344 καρδία
3163 2291 3176 2305 '

2213 2357 2309 2411 Καὶ
2338 2355 2465 2432 τάχ’
2498 2357 2556 2411 ἂν
2590 2357 2837 2430 ἐξήνυσεν
2872 2357 3036 2413 αὐτὸν
3072 2358 3284 2433 αὐτίκα,

2029 2452 2171 2505 2150
2208 2447 2276 2506 Εἰ
2303 2448 2377 2519 μὴ
2418 2445 2631 2519 βασιλὶς
2665 2446 2862 2508 εὐνέτις
2894 2448 2960 2515 ἦν
2993 2445 3251 2510 ένστάτις.

2211 2536 2361 2591 Ἐπεὶ
2393 2534 2438 2590 δ’
2472 2536 2688 2612 ἀφείθη,
2715 2535 2947 2598 καλέσας
2978 2537 3293 2610 συνωμότας

2213 2634 2538 2706 Συνίστορας
2573 2629 2797 2703 δέσμιος
2826 2630 2917 2695 οὓς
2946 2629 3065 2705 ᾔδει
3094 2632 3283 2709 τάχος,

2212 2722 2316 2777 Σὺν
2350 2722 2499 2799 σφίσι
2528 2726 2607 2792 τῷ
2638 2720 2831 2776 Λέοντι
2861 2721 3075 2777 καττύει
3108 2719 3282 2798 λόχον
3318 2744 3331 2757 ⁸

2209 2814 2277 2868 Οἳ
2310 2813 2397 2866 καὶ
2431 2812 2548 2865 κατ’
2578 2808 2774 2886 ὄρθρον
2805 2806 3230 2885 παραϐυσθέντες
3259 2814 3434 2889 λάθρα

2030 2904 2171 2959 2155
2208 2904 2341 2963 Τοῖς
2376 2900 2675 2975 βασιλείοις
2706 2901 2917 2955 Παπίου
2946 2902 3201 2977 συνεργίᾳ

2206 2993 2297 3048 Ἐν
2329 2987 2612 3061 κληρικῶν
2643 2991 2889 3064 σχήματι
2920 2989 3011 3044 καὶ
3043 2990 3360 3068 ξιφηφόροι,

2210 3083 2298 3141 Ὡς
2331 3077 2486 3148 δῆθεν
2521 3078 2827 3140 ἀνοίσοντες
2857 3076 3002 3151 ᾠδὰς
3034 3080 3276 3156 ὀρθρίας,

2214 3168 2516 3247 Σφάττουσι
2545 3169 2635 3222 τὸν
2670 3168 2873 3222 Λέοντα
2900 3173 3018 3232 τοῖς
3047 3166 3298 3246 ξιφιδίοις

2211 3261 2296 3315 Ἐν
2327 3262 2406 3329 τῷ
2437 3262 2542 3328 νεῷ
2571 3254 2855 3330 ψάλλοντα
2885 3256 2978 3311 σὺν
3007 3258 3437 3337 κληρουμένοις,

2029 3351 2173 3405 2160
2209 3346 2336 3418 Θείᾳ
2364 3345 2602 3421 τραπέζῃ
2636 3346 3088 3424 προσπεφευγότα
3119 3344 3296 3422 φόϐῳ,

2211 3438 2356 3494 Ἐκεῖ
2386 3437 2578 3509 βιαίως
2605 3435 2698 3489 τὸν
2733 3434 2847 3510 βίον
2884 3433 3204 3505 λελοιπότα,

2209 3526 2373 3579 Ἔνθα
2402 3524 2521 3597 περ’
2553 3518 2825 3598 ἐξύϐρισεν
2859 3520 3066 3587 ἀσεϐῶς
3092 3524 3283 3588 τάλας.

2210 3612 2344 3686 Πρὶν
2375 3611 2410 3681 ἢ
2444 3609 2691 3667 δὲταῦτα
2720 3619 3033 3687 συμπεσεῖν,
3068 3613 3243 3669 ὦπται
3273 3614 3399 3671 τάδε
3432 3633 3445 3646 ·

2208 3699 2393 3771 Ἔδοξε
2426 3702 2593 3774 μητρὶ
2622 3705 2717 3755 τοῦ
2748 3703 2980 3764 Λέοντος
3009 3704 3127 3758 κατ’
3156 3700 3286 3780 ὄναρ

2027 3792 2171 3847 2165
2208 3792 2339 3861 Ναῷ
2370 3788 2700 3865 Βλαχερνῶν
2731 3789 2977 3846 είσδῦσαν
3011 3792 3338 3868 παρεστάναι

2208 3884 2441 3933 Γυναῖκα
2469 3884 2753 3953 καταθρεῖν
2781 3877 3012 3952 κοσμίαν
3049 3880 3309 3955 βασιλίδα

2207 3972 2590 4044 Λευχεινοῦσιν
2623 3966 2846 4043 ἀνδράσι
2876 3965 3222 4042 τιμωμένην,

2209 4058 2697 4135 Λορυφορουμένην
2724 4077 2781 4111 τε
2811 4055 2901 4111 σὺν
2935 4057 3170 4130 εὐταξίᾳ.

2206 4146 2280 4202 Τὸ
2314 4145 2541 4202 δάπεδον
2577 4143 2634 4201 δὲ
2663 4145 2873 4222 πλῆρες
2903 4146 3147 4219 αἱμάτων
3185 4148 3427 4224 βλέπειν.

2028 4238 2172 4293 2170
2211 4236 2353 4309 Πρὸς
2384 4234 2430 4289 δ’
2458 4236 2520 4290 αὗ
2548 4236 2771 4290 ἀκοῦσαι
2802 4241 2900 4305 τῆς
2933 4233 3419 4314 δορυφορουμένης

2212 4329 2413 4385 Σκεῦος
2445 4323 2713 4399 λεγούσης
2741 4324 2908 4399 μητρὶ
2938 4329 3035 4379 τοῦ
3072 4324 3340 4400 βασιλέως

2212 4421 2258 4469 Ν
2266 4416 2411 4485 έμειν
2440 4418 2583 4467 πιεῖν
2616 4410 2843 4484 αἵμανος
2873 4412 3357 4489 ἐμπεπλησμένον.

2212 4502 2373 4557 ΙΙόσιν
2407 4498 2463 4555 δὲ
2492 4498 2659 4569 τῆσδε
2688 4499 2968 4564 παντελῶς
2999 4502 3365 4578 ἀρνουμένης,

2212 4595 2443 4645 Γυναῖκα
2475 4589 2659 4667 φάναι,
2695 4590 2798 4650 Σὸς
2833 4586 2891 4645 δὲ
2920 4596 3050 4654 παῖς
3082 4590 3188 4668 οὐχ
3224 4593 3469 4667 αἱμάτων

2032 4683 2174 4739 2175
2216 4680 2336 4734 Υίὸν
2371 4678 2498 4733 Θεόν
2533 4699 2638 4750 μου
2669 4683 3104 4753 προσκυνοῦντας
3134 4681 3275 4756 κάμέ
3303 4704 3365 4759 γε

2212 4769 2407 4839 Τίθησι
2432 4766 2668 4843 πλήρεις
2701 4772 2974 4841 μαστικῶν
3000 4769 3333 4843 παρανόμως
3357 4794 3371 4843 ;

2215 4856 2421 4917 Ἐδεῖτο
2453 4854 2645 4919 παιδὸς
2674 4862 2966 4933 τοιγαροῦν
3002 4859 3347 4937 στεφηφόρου

2218 4948 2386 5018 Λῆξαι
2415 4946 2604 5021 μανίας
2639 4947 2715 5021 μὴ
2746 4946 2909 5004 κακόν
2940 4969 2993 5003 τι
3022 4951 3113 5003 καί
3148 4950 3293 5023 πάθῃ
3329 4968 3343 4982 ’

2221 5036 2378 5094 Ἀλλ’
2400 5039 2464 5107 ἦν
2490 5039 2720 5107 ἀπειθὴς
2753 5043 3043 5114 μητρικαῖς
3075 5033 3462 5112 συμϐουλίαις.

2371 5157 2649 5214 ΜΙΧΑΗΛ
2688 5157 2731 5213 Ο
2771 5158 3086 5214 ΤΡΑΥΛΟΣ
3127 5159 3235 5215 ΕΤ.
3279 5159 3355 5215 9'.

2039 5262 2181 5315 2180
2220 5256 2379 5315 Οὕτω
2411 5256 2705 5332 σφαγέντος
2736 5258 2832 5308 τοῦ
2862 5252 3118 5326 Λέοντος,
3151 5257 3225 5319 ὡς
3257 5251 3415 5335 ἔφην,

2217 5344 2460 5421 Τραυλὸς
2497 5342 2733 5419 Μιχαὴλ
2762 5341 3132 5399 ἀναδείκνυται
3164 5348 3407 5422 κράτωρ,

2219 5437 2337 5492 Ἔτι
2372 5430 2582 5505 σιδήρῳ
2611 5431 2737 5494 τοὺς
2767 5430 2931 5496 πόδας
2962 5436 3350 5511 καθειργμένος

2221 5523 2628 5597 Ἀναγορευθείς
2664 5520 2919 5596 βασιλεὺς
2948 5522 3300 5601 αὐτοκράτωρ
3334 5544 3349 5559 ⁸

2223 5614 2333 5670 Εἶτ’
2365 5613 2440 5675 εἷς
2475 5611 2712 5688 μεγάλην
2746 5610 3120 5687 προσδραμὼν
3149 5612 3446 5685 ἐκκλησίαν

3595 282 3667 336 92
