4038 6214
262 279 336 334 95
1469 273 1838 328 EPHRJEMII
1873 272 2442 334 CHRONOGRAPHI

266 420 446 480 quam
476 407 542 461 ut
565 401 888 474 occupetis,
920 415 1017 454 ore
1048 413 1173 468 vos,
1207 396 1407 464 amici,

267 496 579 566 doctisque
609 491 885 548 uxoribus
911 489 1149 560 piguora
1182 485 1516 559 procreatis.

265 588 548 658 Tempore
569 598 638 638 ex
671 580 767 635 illo
800 576 1063 634 Ismaelis
1095 574 1346 648 p0pulus

270 675 496 732 fortiter
514 669 767 727 insulam
799 669 1048 738 ejusque
1079 681 1241 721 arces
1267 665 1476 720 tenuit.

363 785 810 844 THEOPllILUS
851 782 1222 838 MlCHAELIS
1264 779 1488 838 FILIUS
1526 780 1646 836 AN.
1690 781 1820 836 XII.

341 885 566 945 Mortali
600 881 847 944 Michael
877 881 997 937 vita
1022 880 1332 936 discedens

269 977 581 1049 imperium
614 973 732 1029 filio
765 970 1008 1028 tradidit
1037 968 1362 1040 Thephilo;

267 1066 369 1139 qui
393 1063 675 1136 religione
706 1079 739 1118 a
762 1059 960 1133 pueris
988 1059 1255 1115 imbutus
1286 1075 1463 1130 prava

268 1161 520 1228 paternae
553 1154 711 1208 visus
743 1156 801 1206 et
833 1149 1102 1221 potentiae
1133 1147 1312 1203 simul

267 1245 675 1313 hareseosque
705 1240 874 1295 heres
904 1242 961 1294 et
993 1252 1294 1293 successor
1328 1254 1340 1290 :

270 1333 390 1388 imo
419 1331 655 1404 capioso
678 1328 955 1400 regioque
977 1325 1239 1395 modulo,

273 1426 338 1477 ut
367 1423 424 1477 in
450 1418 754 1493 proverbio
776 1422 888 1487 est,
920 1421 1146 1488 patrem
1181 1429 1489 1487 superans,

272 1509 593 1583 impietatis
613 1525 732 1564 suae
766 1505 1050 1563 fervidum
1085 1505 1365 1574 furorem,

273 1603 476 1658 contra
506 1597 762 1654 cultores
796 1596 1121 1668 imaginum
1154 1594 1409 1667 spirans.

273 1692 554 1746 Caeterum
578 1686 732 1758 juris
762 1685 1085 1758 incorrupti
1116 1687 1287 1740 tenax

267 1779 688 1849 justarumque
716 1775 911 1845 legum
939 1778 1132 1830 custos
1163 1777 1320 1841 erat;

275 1868 515 1938 cuiusce
543 1867 625 1919 rei
648 1863 939 1936 proferam
970 1861 1305 1918 testimonia

281 1953 534 2012 lllustris
562 1953 652 2007 vir
682 1951 1076 2024 imperatricis
1094 1951 1292 2018 frater,

281 2043 520 2100 nomine
551 2042 849 2108 Petronas,
884 2039 1169 2112 dignitate
1189 2039 1569 2112 drungarius,

279 2133 560 2188 adversus
579 2129 830 2185 vicinam
863 2128 1143 2184 feminam
1180 2128 1437 2198 injurius
1459 2132 1605 2197 erat,

280 2223 424 2278 dum
453 2217 824 2276 exstruendis
856 2216 1034 2272 altius
1068 2215 1359 2273 cubiculis

281 2308 442 2365 illius
472 2309 714 2364 domum
739 2305 1086 2362 detrimento
1117 2306 1390 2361 afficeret.

282 2395 489 2453 Mulier
514 2394 695 2466 igitur
720 2410 916 2467 regem
948 2395 1259 2461 invocavit,

285 2487 386 2560 qui
408 2483 596 2557 jussit
619 2501 653 2540 a
681 2483 929 2540 Petrona
959 2485 1243 2539 damnum
1276 2483 1454 2540 refici.

284 2575 385 2632 llic
414 2575 485 2630 de
515 2589 625 2630 sua
653 2572 799 2629 nihil
831 2572 1058 2630 remisit
1086 2571 1398 2642 injustitia.

278 2661 537 2721 Accessit
564 2676 702 2734 ergo
730 2661 798 2717 ad
836 2677 1030 2733 regem
1062 2659 1274 2716 mulier
1299 2661 1534 2732 iterum,

280 2756 485 2810 contra
513 2751 815 2822 drungarii
849 2750 967 2806 vim
997 2748 1400 2822 expostulans,

280 2861 566 2918 suamque
597 2839 881 2915 injuriam
909 2839 1224 2896 clamitans
1258 2843 1464 2910 questa
1493 2843 1604 2896 est.

279 2937 444 2994 Tunc
474 2951 572 2992 rex
603 2930 920 2990 submissis
952 2929 1052 3001 qui
1086 2945 1208 2984 rem
1243 2933 1682 3002 cognoscerent,

281 3027 380 3082 ubi
409 3029 718 3082 Petronam
747 3019 980 3077 crimini
1011 3018 1248 3075 afﬁnem
1283 3018 1472 3089 scivit,

281 3115 480 3188 ﬂagris
501 3115 561 3170 in
592 3127 728 3170 eum
761 3110 872 3166 rite
901 3108 1335 3177 animadvertit,

280 3208 339 3261 et
364 3204 448 3260 sic
479 3201 752 3274 punitum
786 3199 1020 3271 publice
1050 3199 1111 3254 iu
1145 3199 1290 3254 urbe
1318 3199 1588 3271 exposuit
1618 3215 1632 3256 :

281 3297 409 3348 tum
440 3290 752 3346 editicium
785 3305 818 3342 a
847 3287 1252 3343 fundamentis
1283 3287 1537 3356 subruit,

275 3378 575 3451 jussitque
598 3375 827 3432 femina
860 3376 1160 3430 materiem
1187 3375 1449 3430 attribui.

283 3469 532 3539 Insuper
561 3463 892 3522 onerariam
928 3461 1159 3535 plenam
1193 3463 1490 3520 mercibus

282 3572 490 3615 navem
519 3553 892 3626 conspicatus
921 3567 952 3607 e
976 3552 1134 3624 regia
1164 3551 1359 3622 domo,

285 3663 417 3720 quas
447 3659 636 3718 nuper
665 3659 699 3699 a
729 3642 1044 3698 mercando
1078 3656 1311 3697 reversa
1346 3641 1536 3698 fuerat
1569 3658 1582 3697 :

285 3741 350 3794 ut
379 3735 529 3791 hanc
559 3733 770 3804 regina
801 3730 1072 3802 conjugis
1093 3745 1222 3786 esse
1245 3730 1454 3798 audiit,

284 3826 476 3897 ipsam
505 3837 638 3878 cum
672 3819 964 3876 mercibus
997 3820 1131 3892 igne
1161 3820 1570 3893 consumpsit;

284 3914 422 3986 quia
450 3927 632 3980 reges,
659 3909 872 3983 inquit,
905 3907 1060 3965 haud
1095 3909 1260 3964 decet
1290 3909 1537 3966 mercari

285 4022 392 4065 nec
414 4003 898 4062 dardanariorum
917 4000 1094 4058 vitam
1128 4000 1295 4072 sequi
1329 4018 1343 4070 ;

284 4097 388 4154 sed
421 4094 783 4168 privatorum
816 4091 872 4147 id
907 4089 1228 4148 conditioni
1261 4090 1613 4165 relinquere,

285 4191 351 4245 ut
372 4183 507 4241 hinc
527 4183 761 4240 tuendas
791 4181 920 4236 vita
951 4181 1180 4252 copiam
1213 4180 1488 4238 habeant.

287 4279 356 4334 At
385 4276 672 4346 quantum
695 4269 840 4341 justi
875 4269 1130 4326 fervidus
1161 4286 1366 4326 amans
1395 4275 1543 4341 erat,

289 4369 522 4424 tantum
544 4359 738 4435 gravis
763 4358 1203 4424 iracundusque
1230 4362 1354 4414 erat

288 4456 570 4513 adversus
598 4466 741 4507 verae
775 4447 1072 4520 religionis
1098 4447 1355 4503 asseclas
1381 4461 1394 4502 :

290 4556 590 4603 sacrarum
615 4537 833 4596 etenim
864 4537 996 4594 odio
1021 4536 1346 4608 imaginum

287 4635 568 4702 imbutus,
601 4628 960 4700 quicumque
989 4627 1083 4684 his
1107 4625 1460 4683 adhibebant
1477 4625 1782 4698 honorem,

289 4725 525 4782 sanctos
555 4720 791 4790 vitaque
822 4716 1084 4789 angelica
1106 4714 1259 4772 viros
1292 4716 1590 4788 praeditos,

286 4812 444 4870 velut
472 4811 696 4874 hostes,
716 4807 931 4878 impios
961 4805 1408 4875 abominabiles,

291 4901 452 4960 omni
473 4898 772 4972 affligebat
800 4895 1204 4953 molestiarum
1236 4911 1466 4967 genere,

294 4990 519 5049 nullam
544 4987 822 5046 omittens
845 4985 1074 5042 saevitiae
1105 4985 1382 5056 speciem.

293 5077 602 5137 Cruciahat
623 5075 822 5148 igitur,
857 5074 1111 5147 pellebat
1142 5073 1199 5128 in
1231 5072 1524 5143 exsilium,

295 5169 522 5236 urebat,
547 5182 698 5223 caeco
726 5164 955 5220 vinctos
987 5164 1222 5219 tenebat
1253 5180 1508 5228 carcere,

294 5258 597 5331 mergebat
626 5253 818 5326 aquis,
848 5251 1040 5324 longis
1062 5253 1309 5325 urgebat
1339 5254 1548 5325 plenis,

296 5350 500 5406 faciem
534 5343 1042 5416 compungebat(o
1075 5341 1430 5414 supplicium
1451 5360 1665 5400 novum
1687 5343 1725 5416 ι)

297 5442 434 5506 Qum
464 5441 704 5509 patrans
735 5433 829 5488 hic
857 5431 1114 5488 furiosus
1135 5431 1474 5500 satanicola,

297 5528 410 5587 sibi
439 5526 746 5584 videbatur
774 5537 897 5579 rem
924 5526 1034 5577 Deo
1065 5524 1362 5593 acceptam
1395 5524 1585 5580 facere

296 5621 530 5691 ipsique
554 5621 786 5690 gratum
818 5612 1090 5669 exhibere
1121 5610 1480 5668 famulitium

1939 399 1992 466 Α
2198 401 2407 476 ’Ἡνπερ
2438 402 2800 472 κατοικήσατε
2829 401 3124 474 συσχόντες
3155 397 3334 476 φίλοι,

2019 491 2162 547 2245
2203 491 2300 546 Kal
2329 488 2563 562 φίλτατα
2590 491 2852 560 κτήσεσθε
2878 491 3148 566 γήμαντες
3177 489 3344 562 τάχα.

2204 581 2299 636 Ἐκ
2325 577 2490 634 τοῦδε
2523 580 2715 636 λοιπὸν
2751 577 2984 652 Ἰσμαὴλ
3018 577 3248 654 ἰσχυρὸν
3279 577 3433 654 γένος

2201 673 2386 738 Νῆσον
2420 670 2688 745 κατέσχον
2719 668 2810 724 καὶ
2841 670 2910 723 τὰ
2938 673 3038 737 τῆς
3067 669 3234 737 νήσου
3265 665 3436 742 κράτη

2202 786 2555 843 ΘΕΟΦΙΛΟΣ
2596 787 2640 844 Ο
2679 787 2838 843 ΥῙΟΣ
2880 786 3102 840 ΑΥΤΟΥ
3141 785 3247 841 ΕΤ.
3292 789 3392 841 ῘΒ.

2200 883 2258 936 ⁸0
2282 882 2518 959 Μιχαὴλ
2551 881 2609 938 δὲ
2636 885 2727 938 τὸν
2765 883 2879 953 βίον
2914 879 3270 958 καταστρέφει

2202 972 2389 1027 Λιπὼν
2422 973 2484 1027 τὸ
2511 971 2712 1047 κράτος
2740 969 2894 1027 παιδῖ
2925 976 3004 1043 τῷ
3034 968 3286 1048 Θεοφίλῳ

2023 1062 2165 1116 2250
2207 1056 2381 1122 Σέϐας
2418 1062 2512 1132 μὲν
2546 1062 2610 1116 ού
2640 1063 2894 1135 τρέφοντι
2923 1059 3091 1115 καλὸν
3125 1058 3184 1114 ἐκ
3212 1058 3356 1132 νέου,

2204 1148 2382 1206 Ἀλλά
2411 1151 2634 1224 παρῴας
2665 1145 2974 1212 δυσσεϐείας
3001 1149 3092 1203 καὶ
3117 1147 3349 1222 κράτους

2205 1241 2450 1318 Ὀφθέντι
2479 1240 2787 1316 κληρούχῳ
2811 1261 2870 1295 τε
2898 1240 2984 1294 καὶ
3023 1236 3294 1312 διαδόχῳ,

2201 1328 2430 1388 Μᾶλλον
2466 1328 2523 1386 δὲ
2551 1328 2754 1402 πολλῷ
2781 1329 2872 1385 καὶ
2908 1327 3177 1405 βασιλικῷ
3210 1327 3394 1404 μέτρῳ

2204 1424 2464 1490 Νικῶντι,
2496 1421 2633 1484 καθά
2662 1440 2815 1497 φασι,
2842 1418 2933 1474 τὸν
2969 1417 3307 1496 φυτοσπόρον

2025 1510 2168 1566 2255
2207 1511 2323 1578 Τῆς
2354 1503 2662 1570 δυσσεϐείας
2693 1506 2942 1583 διαπύρῳ
2975 1506 3163 1580 μανίᾳ,

2200 1599 2302 1654 ’Ἦν
2334 1602 2740 1674 προσκυνηταῖς
2772 1597 3020 1671 ἐμπνέων
3049 1599 3118 1665 ἦν
3145 1593 3393 1651 εἰκόνων.

2209 1689 2433 1760 Στάθμη
2468 1684 2526 1742 δὲ
2556 1684 2712 1758 δίκης
2741 1686 3008 1763 ἀῤῥεποῦς
3037 1685 3325 1764 πεφυκότι,

1957 1765 2005 1830 Β
2211 1776 2316 1832 Καὶ
2345 1780 2452 1830 τῶν
2485 1775 2666 1848 νόμων
2698 1774 2900 1853 φύλακι
2930 1778 3038 1830 τῶν
3069 1775 3124 1828 εὗ
3155 1773 3442 1846 κειμένων⁶

2211 1865 2310 1920 Kal
2333 1862 2505 1920 τῶνδε
2539 1865 2834 1940 μαρτύριον
2865 1863 2897 1918 ἃ
2930 1862 3121 1938 μέλλω
3153 1863 3394 1941 φράσεινο

2031 1956 2174 2012 2260
2211 1958 2491 2027 Λαμπρῶν
2521 1975 2607 2017 τις
2634 1951 2769 2029 ἀνὴρ
2801 1953 3066 2030 σύγγονος
3094 1948 3376 2027 βασιλίδος

2212 2042 2418 2112 Κλῆσιν
2451 2048 2756 2115 Πετρωνᾶς,
2791 2039 3149 2118 δρουγγάριος
3181 2039 3349 2112 ἀξίαν,

2212 2134 2298 2189 Ἐν
2331 2131 2585 2207 γειτόνων
2616 2131 2838 2206 γύναιον
2873 2129 3055 2186 οἰκοῦν
3084 2127 3263 2200 ἠδίκει

2210 2223 2302 2292 Τῷ
2328 2220 2420 2284 τὰς
2451 2217 2654 2282 διαίτας
2685 2223 2794 2275 τῶν
2824 2217 3008 2292 δόμων
3044 2219 3211 2291 ὑψοῦν
3243 2217 3382 2293 μέγα

2209 2313 2302 2383 Τῷ
2327 2309 2592 2384 δωματίῳ
2620 2311 2892 2385 προξενεῖν
2922 2307 3083 2365 τοῦδε
3117 2304 3352 2386 βλάϐηνο

2034 2401 2179 2457 2265
2213 2400 2282 2456 ⁸0
2311 2399 2400 2454 καὶ
2432 2399 2715 2473 προσῆλθε
2749 2397 2967 2474 βασιλεῖ
2997 2397 3192 2453 τούτου
3221 2399 3366 2474 πέρι.

2213 2489 2274 2545 Ὁ
2305 2485 2352 2542 δ’
2383 2488 2438 2542 εὗ
2469 2485 2678 2543 κελεύει
2710 2492 2966 2564 Ιιετρωνᾷ
2998 2485 3157 2542 λύσαι
3201 2482 3438 2562 βλάϐην.

2213 2576 2370 2634 Ἀλλ’
2400 2579 2558 2641 οὗτος
2589 2579 2741 2642 αὗθις
2769 2575 2970 2633 ἀδικῶν
3002 2577 3101 2633 ούκ
3129 2576 3285 2632 ἀνίειο

2213 2667 2464 2742 Πρόσεισι
2494 2669 2632 2742 γυνή
2665 2672 2745 2740 τῷ
2774 2666 3099 2744 στεφηφόρῳ
3127 2665 3294 2722 πάλιν

2212 2752 2552 2813 Καταϐοῶσα
2579 2757 2680 2825 της
2716 2757 2839 2832 βίας
2868 2753 3250 2832 δρουγγαρίου,

2032 2850 2177 2906 2270
2212 2849 2322 2916 Τὴν
2346 2845 2558 2902 ἀδικίαν
2591 2844 2920 2922 ἐκτραγῳδεῖ
2949 2845 3041 2900 σὺν
3071 2845 3245 2922 γόοις·

2215 2935 2442 2999 Στείλας
2478 2935 2731 3012 βασιλεὺς
2759 2936 2988 3009 ἐξετάζει
3018 2937 3119 3005 τήν
3153 2932 3336 3007 δίκην,

2215 3025 2313 3082 Καὶ
2341 3025 2500 3101 γνοὺς
2533 3031 2817 3100 Πετρωνᾶν
2851 3022 3109 3080 ὑπόδικον
3141 3023 3339 3088 αἲτίαις

1953 3119 1998 3188 C
2212 3114 2486 3186 Δίκίζεται
2522 3114 2763 3188 μάστιξιν
2799 3113 2958 3170 αὐτὸν
2991 3113 3258 3188 έννόμως,

2213 3204 2310 3258 Καὶ
2345 3201 2650 3273 στηλιτεύει
2684 3207 2929 3280 φανερῶς
2954 3200 3006 3257 έν
3038 3205 3108 3276 τῇ
3137 3201 3320 3273 πόλει,

2033 3296 2178 3351 2275
2215 3292 2321 3350 Καὶ
2353 3295 2701 3368 συγκατασπᾷ
2730 3292 2825 3353 τὰς
2856 3288 3063 3353 διαίτας
3092 3289 3152 3346 ὲκ
3185 3291 3402 3368 βάθρων

2212 3382 2316 3438 Καὶ
2348 3384 2416 3455 τῇ
2449 3379 2661 3456 γυναικῖ
2689 3379 2785 3444 τὰς
2810 3377 2942 3442 ὕλας
2973 3376 3238 3453 διανέμει·

2215 3469 2312 3526 Καὶ
2345 3466 2578 3547 φορτίδα
2608 3465 2666 3524 δὲ
2695 3472 2804 3524 τῶν
2833 3469 3128 3544 ἀγωγίμων
3155 3466 3324 3523 πλέαν

2215 3555 2366 3614 Ἰδὼν
2395 3556 2681 3632 προκύψας
2714 3553 2774 3610 έκ
2807 3555 3098 3631 βασιλείων
3129 3553 3315 3629 δόμων

2212 3645 2300 3716 Ἐξ
2334 3643 2606 3717 ἐμπορίας
2635 3646 2936 3720 κατάρασαν
2972 3643 3172 3719 ἀρτίως

2033 3737 2178 3792 2280
2215 3733 2315 3790 Καὶ
2346 3729 2628 3810 βασιλίδος
2655 3734 2944 3808 τυγχάνειν
2977 3734 3138 3808 γνοὺς
3168 3730 3397 3810 φορτίδα

2212 3825 2526 3901 Ἔμφορτον
2557 3821 2723 3891 αὐτὴν
2755 3827 2835 3895 τῷ
2864 3823 2994 3897 πυρὶ
3025 3821 3377 3898 καταφλέγει,

2211 3913 2304 3982 Μὴ
2339 3909 2448 3966 δεῖν
2487 3910 2730 3986 βασιλεῖς
2758 3910 3150 3985 ἐμπορεύεσθαι
3181 3909 3376 3984 λέγων,

2213 4001 2353 4070 Μήτ’
2393 3999 2487 4054 οὖν
2515 3997 2942 4074 παλιγκάπηλον
2979 3997 3185 4054 ἀνύτειν
3219 3997 3358 4074 βίον*

2212 4088 2390 4160 Μοίρᾳ
2420 4086 2466 4143 δ’
2497 4085 2732 4143 ἰδιώτιδι
2756 4087 2902 4142 ταῦτ’
2933 4086 3172 4162 ἀφιέναι,

2033 4181 2176 4239 2285
2213 4181 2300 4242 Ὠς
2333 4177 2393 4233 ἃν
2425 4177 2676 4256 ἀφορμὰς
2711 4177 3160 4252 συμπορίζωνται
3191 4177 3332 4254 βίου.

2209 4267 2366 4326 Ἀλλ’
2390 4269 2466 4332 ὡς
2499 4265 2709 4322 δικαίου
2741 4264 3004 4343 διάπυρος
3033 4267 3100 4336 ἦν
3133 4265 3316 4345 φίλος.

2215 4357 2404 4419 Οὕτως
2436 4355 2684 4432 ἐπαχθὴς
2715 4354 2804 4410 καὶ
2838 4352 3102 4432 δύσοργός
3131 4376 3213 4418 τις
3246 4353 3392 4425 λίαν,

1956 4486 2004 4552 D
2213 4445 2476 4521 Τιμωρὸς
2505 4445 2646 4514 ὑπῆν
2679 4438 2915 4499 εὐσεϐεῖν
2944 4443 3267 4519 ᾑρημένοις.

2214 4535 2297 4552 ...ς
2326 4535 2340 4552 ,
2547 4533 2561 4552 ς
2639 4533 2654 4552 ς
2836 4534 2849 4550 η
3028 4537 3054 4548 ..
3154 4531 3169 4552 ν
3225 4533 3237 4552 ρ

2214 4535 2444 4592 Ἐλύττα
2474 4533 2564 4589 καὶ
2595 4533 2695 4609 γάρ
2722 4534 2859 4588 κατά
2889 4537 3096 4588 σεπτῶν
3127 4531 3375 4603 εἰκόνων,

2031 4629 2176 4684 2290
2213 4625 2318 4682 Καὶ
2350 4624 2728 4700 προπυνητάς
2756 4623 2919 4694 ἰερῶν
2955 4620 3341 4696 μορφωμάτων

2213 4712 2446 4790 ’Ἂνδρας
2477 4711 2686 4787 ἀγίους,
2727 4707 3057 4786 ἀγγελικοὺς
3079 4711 3170 4765 τὸν
3207 4710 3328 4786 βίον

2215 4806 2305 4866 Ὠς
2340 4801 2616 4876 δυσμενεῖς
2645 4821 2704 4855 τε
2735 4793 3033 4870 δυσσεϐεῖς,
3066 4801 3398 4875 στυγητέους

2219 4893 2424 4954 Πάσαις
2456 4889 2651 4945 ἐκάκου
2677 4893 2784 4944 τῶν
2817 4887 3081 4964 λυπηρῶν
3117 4886 3300 4958 ἰδέαις,

2221 4977 2408 5052 Μηδὶν
2441 4977 2755 5053 προλείπων
2785 4975 2925 5040 εἶδος
2959 4976 3367 5053 ἀπανθρωπίας,

2043 5073 2187 5129 2295
2225 5070 2474 5140 ’ῌκίζετ’,
2506 5067 2807 5141 ἀπήλαυνε,
2837 5065 3264 5143 κατεπυρπόλει,

2223 5157 2428 5234 Εῗρκτῇ
2459 5155 2692 5235 ζοφώδει
2721 5152 3001 5210 κατέκλειε
3031 5151 3290 5228 δεσμίους

2226 5250 2426 5311 Βυθοῖς
2456 5243 2636 5301 ἐδίδου
2665 5245 2755 5300 καὶ
2790 5249 3021 5316 μακραῖς
3049 5244 3393 5318 κακουχίαις,

2227 5340 2471 5405 ’Ίῦστιζεν
2505 5332 2679 5409 ὄψεις,
2711 5332 2756 5387 ὣ
2787 5333 2943 5403 ξένης
2969 5333 3269 5408 τιμωρίαςί

2231 5427 2324 5482 Kal
2356 5429 2524 5480 ταῦτα
2551 5428 2724 5478 ποιῶν
2758 5421 3007 5495 έκμανῶς
3046 5424 3218 5479 Σατάν
3253 5423 3445 5502 λάτρις

2049 5520 2192 5579 2300
2229 5517 2390 5587 Αὐτῷ
2422 5511 2595 5569 δοκῶν
2627 5513 2693 5581 ἦν
2723 5512 2790 5566 τὰ
2818 5517 2934 5584 Θεῷ
2962 5513 3219 5588 πράττειν
3251 5512 3406 5594 φίλα,

2230 5613 2300 5663 *Η
2330 5604 2416 5661 καὶ
2450 5601 2698 5677 λατρείαν
2730 5599 2873 5674 τῷδε
2904 5599 3098 5673 δεκτήν
3123 5604 3480 5682 προσφέρειν,
