4038 6214
311 315 387 370 97

503 440 573 506 ᾜ
606 456 735 514 φησι
767 437 998 510 Χριστὸς
1027 436 1080 490 έν
1114 434 1299 510 λόγοις
1332 432 1681 510 Εὐαγγέλοις.

496 524 653 580 Ταῦτ’
683 524 789 598 ἄρα
816 521 1114 585 πλείστους
1151 520 1343 585 ἒνθέως
1371 518 1767 595 ἠνδρωμένους

503 613 606 671 Καὶ
638 612 1059 688 χριστομάχοντ
1091 608 1203 665 οὔδ’
1234 609 1547 685 ἐλέγξαντας
1576 606 1791 677 πλάνην

314 705 460 761 2305
499 702 669 779 Πόρῳ
699 697 980 775 παραδοὺς
1016 700 1291 775 μάρτυρας
1322 698 1658 773 ἀπειργάκει·

498 792 707 847 ’Ἄλλοι
742 787 788 843 δ’
818 787 1170 862 έναπέμειναν
1202 786 1451 843 ἀλεῖπται
1496 787 1624 860 βίῳ,

498 882 597 942 Οἷς
624 874 893 940 Μεθόδιος
920 879 1253 950 θυνάριθμος
1281 875 1537 949 τυγχάνει

496 970 603 1026 Καὶ
638 968 917 1046 Θεοφάνης
948 966 1244 1045 σωφρόνως
1277 966 1623 1040 στιγματίας,

497 1058 602 1114 Καὶ
633 1058 919 1133 ζωγράφος
953 1058 1202 1132 Λάζαρος
1231 1054 1448 1120 καυθείς
1473 1055 1569 1115 τὰς
1598 1054 1790 1129 χέρας,

309 1158 457 1214 2310
494 1156 596 1217 Δῖς
630 1154 874 1230 εὐχερῶς
902 1150 1132 1231 ἔγραφεν
1167 1153 1373 1215 εἲκόθας
1404 1153 1596 1211 πάλιν.

498 1242 768 1319 Θεόφιλος
798 1248 949 1317 σχεῖν
984 1241 1209 1317 σύζυγον
1248 1240 1369 1316 βίου
1401 1241 1573 1305 θέλων

497 1332 769 1389 Κοινωνὸν
802 1333 915 1405 ἅμα
942 1336 1040 1387 τοῦ
1071 1332 1299 1407 κράτους
1326 1332 1414 1385 καὶ
1455 1334 1553 1386 τοῦ
1584 1329 1811 1406 λέχους,

496 1420 677 1494 Χορὸν
711 1418 902 1489 συνῆξε
933 1418 1213 1494 παρθένων
1244 1418 1599 1494 πολλαχόθεν

500 1507 696 1565 Καλῶν
732 1508 976 1576 ἀπασῶν,
1010 1504 1134 1581 ὄψιν
1164 1506 1605 1584 εὐπρεπεστάτων

316 1600 462 1659 2315
501 1599 588 1656 Ἐν
623 1600 815 1672 αἷσπερ
849 1595 1121 1668 ἐξέλαμπε
1148 1601 1255 1651 τῶν
1290 1597 1479 1652 ἄλλων
1509 1596 1677 1652 πλέον

502 1689 636 1749 Οἷος
668 1685 908 1757 σελήνης
936 1683 1289 1764 πλησιφαοῦς
1309 1707 1394 1749 τις
1421 1684 1623 1747 κύκλος

504 1777 759 1849 σώματος
792 1774 930 1851 ὥρᾳ,
961 1773 1315 1850 λαμπρότητι
1344 1779 1442 1829 τοῦ
1472 1776 1661 1850 γένους

505 1865 606 1919 Καὶ
632 1868 1019 1940 μαρμαρυγαῖς
1046 1867 1154 1919 τῶν
1190 1861 1369 1939 λόγων
1400 1862 1643 1919 Είκασία·

506 1956 749 2029 Χριδσοῦν
778 1974 832 2007 τι
867 1958 1047 2025 μῆλον
1080 1951 1274 2025 ἀμέλει
1306 1950 1482 2029 φέρων
1510 1950 1635 2023 ἄναξ

323 2045 467 2100 2320
507 2046 827 2118 Περιπολῶν
855 2041 924 2110 ἦν
951 2042 1044 2097 τὸν
1078 2041 1250 2117 χορὸν
1273 2046 1381 2095 τῶν
1409 2042 1683 2117 παρθένων

505 2135 786 2205 Μνῆστρον
820 2134 1037 2185 σκοπῶν
1070 2128 1258 2185 δοῦναί
1286 2150 1341 2183 τι
1370 2133 1531 2184 τοῦτο
1563 2129 1820 2208 φιλτάτῃ·

502 2221 589 2274 Ὠ)
621 2220 714 2273 οὗν
747 2221 932 2273 θεᾶται
961 2220 1171 2293 παριὼν
1204 2218 1484 2289 Είκασίαν,

500 2306 756 2371 Κάλλους
782 2305 1037 2383 περιττοῦ
1059 2308 1335 2381 θαυμάσας
1363 2307 1558 2381 κάρην,
1591 2304 1714 2383 ἔφη.

506 2399 603 2451 Διὰ
629 2397 882 2472 γυναικὸς
912 2394 1096 2475 φαῦλα
1125 2398 1285 2452 πάντ’
1312 2396 1580 2472 ἆπερῥύη.

322 2498 470 2554 2325
504 2496 577 2552 Ἥ
608 2492 655 2550 δ’
683 2496 861 2570 ἡρήμ]
890 2490 1183 2571 ἆντέφησεν
1215 2493 1492 2569 εὐστόχως
1524 2494 1676 2571 ἄγαν,

506 2583 661 2642 Ἀλλ’
689 2583 750 2639 ἐκ
776 2585 1030 2659 γυναικὸς
1064 2585 1291 2659 πηγάζει
1318 2585 1406 2638 καὶ
1443 2582 1666 2658 βελτίω’

504 2678 559 2728 Ὁ
591 2670 640 2728 δ’
670 2674 734 2728 αὗ
766 2675 1041 2747 θαυμάσας
1064 2674 1165 2743 τήν
1193 2675 1483 2747 παρθένον,

508 2763 611 2821 Καὶ
644 2760 770 2825 δοὺς
798 2764 861 2818 τὸ
896 2762 1074 2836 μῆλον
1106 2763 1360 2839 παρθένῳ
1387 2759 1662 2838 Θεοδώρᾳ.

508 2852 703 2927 Χώραν
736 2851 945 2928 ἐχούσῃ
973 2848 1208 2927 πατρίδα
1228 2849 1625 2926 Παφλαγόνων,

329 2943 473 3000 2330
510 2940 664 3011 Πλὴν
698 2939 1037 3017 εὐπατριδῶν
1071 2940 1317 3013 πατέρων
1356 2940 1674 3015 κατηγμένῃ

509 3030 783 3085 Καινιηνὸν
816 3030 986 3099 αὐτὴν
1020 3027 1201 3106 ἄγεται
1231 3029 1486 3105 κράτους,
1515 3028 1740 3105 λέχους,

503 3122 611 3189 Τὴν
644 3118 903 3177 Εἷκασίαν
924 3113 1307 3193 παραϐλέψπς,
1334 3120 1409 3183 ὡς
1440 3118 1590 3197 ἔφην·

504 3210 575 3266 Ἥ
612 3210 687 3283 μὴ
715 3212 962 3283 τυχοῦσα
989 3211 1266 3282 κοσμικῆς
1297 3208 1674 3283 σκηπτουχίας

507 3296 580 3353 Οὐ
610 3297 849 3375 νυμφίου
877 3318 936 3352 τι
961 3301 1236 3371 γημενοῦς
1272 3296 1564 3373 βασιλέως,

328 3397 470 3452 2336
506 3401 750 3451 Πλουτεῖ
778 3396 973 3469 νοῃτὸν
1006 3394 1347 3451 παντάνακτα
1374 3394 1634 3473 νυμφίον,

507 3486 612 3541 Καὶ
649 3483 930 3561 βασιλείας
960 3484 1205 3559 οὐρανῶν
1233 3484 1600 3561 κληρουχίαν.

508 3575 798 3630 Μονάσασα
828 3572 886 3629 δὲ
915 3576 1005 3629 καὶ
1041 3576 1215 3647 μονὴν
1247 3571 1569 3647 δειμαμένη,

508 3664 737 3719 Ἤσκεῖτ⁹
768 3662 821 3718 ἐν
854 3663 990 3738 αὐτῇ
1025 3661 1416 3739 προσλαλοῦσαι
1453 3667 1571 3724 ταῖς
1605 3657 1843 3737 βίϐλοις,

509 3755 613 3816 Ἦς
648 3754 817 3828 μεστὰ
846 3755 1246 3830 συγγράμματα
1270 3751 1512 3827 χαρίτων
1546 3748 1663 3829 ἔφυ.

334 3845 477 3901 23άο
511 3844 576 3899 Ἡ
611 3840 667 3898 δὲ
702 3842 917 3918 βασιλὶς
944 3845 980 3911 ἡ
1013 3840 1146 3897 Θεοῦ
1178 3839 1293 3907 θεία
1324 3838 1475 3902 δόσις

517 3934 831 4009 Στέργουσα
861 3927 1103 4005 κρύϐδην
1135 3930 1340 3993 εἰκόνας
1371 3925 1669 4004 σεϐασμίας

514 4027 776 4096 Κατεῖχεν
806 4015 957 4075 ἔνδον
994 4015 1238 4082 εὐλαϐῶς
1268 4014 1553 4087 κιϐωτίου,

514 4109 723 4168 Μανίαν
754 4110 1079 4165 ἐκκλίνουσα
1105 4113 1203 4165 τοῦ
1234 4108 1545 4163 συνευνέτου

513 4202 723 4274 Ἦνπερ
752 4201 993 4274 προσῆγε
1022 4202 1423 4275 προσκυνηταῖς
1456 4196 1703 4254 εἰκόνων.

338 4301 481 4356 2345
509 4298 608 4353 Καὶ
640 4294 706 4369 δή
740 4298 859 4353 ποτ’
890 4296 1056 4367 αὐτῆς
1088 4296 1497 4371 προσκυνούσης
1527 4294 1773 4367 εἰκόνων,

516 4385 595 4443 A'
786 4386 819 4441 ἆ
857 4383 946 4403 "
1142 4385 1155 4405 ’
1236 4391 1261 4401 ”
1339 4408 1355 4416 ·
1438 4384 1450 4404 ’

572 4406 752 4462 ισχιον
820 4400 1072 4463 νοραριον
1099 4408 1265 4441 αυτου
1291 4393 1549 4460 Θερσίτου

518 4477 838 4553 Παράφορον
869 4480 992 4532 νοῦν
1022 4476 1111 4531 καὶ
1144 4476 1650 4553 παρακεκομμένον,

521 4567 874 4641 Ἀνακτόροις
905 4567 1141 4641 ἄθυρμα,
1173 4564 1524 4642 ψυχαγωγία,

518 4657 713 4733 Ἦρώτ’
744 4655 985 4726 ἐπιστάν,
1015 4655 1083 4711 Τί
1104 4652 1221 4710 τάδ’
1252 4655 1387 4723 ἐστὶ,
1414 4653 1459 4709 ὦ
1489 4655 1680 4727 Μάνα;

337 4746 483 4802 2350
519 4744 671 4799 Οὕτω
692 4746 791 4820 γὰρ
823 4744 1073 4818 ὠνόμαζε
1095 4744 1196 4813 τὴν
1231 4741 1502 4818 βασιλίδαο

520 4835 587 4889 Ἡ
614 4831 659 4888 δ’
689 4832 907 4908 ἀφελῶς
940 4853 1147 4908 ειρηκε,
1180 4833 1334 4888 Κακὰ
1361 4834 1525 4891 νινία.

521 4924 753 4980 Ἐκεῖθεν
788 4920 877 4977 οὗν
912 4920 1114 4996 ἔδραμε
1142 4922 1279 4998 πρὸς
1316 4920 1543 4999 βασιλέα

522 5012 729 5068 Ἐκεῖνό
758 5012 806 5065 τ’
838 5011 1146 5085 ἀνθρώπιον
1179 5011 1253 5073 ὡς
1282 5010 1483 5075 εἷ’θιστό
1515 5013 1589 5070 οἱ.

518 5102 580 5159 Ὀ
612 5097 659 5155 δ’
688 5100 852 5176 ἤρετο
881 5098 931 5170 ἐξ
962 5099 1091 5155 ὅτου
1119 5102 1238 5174 περ’
1268 5097 1407 5155 ἓκειν
1441 5102 1529 5156 καὶ
1560 5102 1741 5167 πόθεν·

343 5191 489 5247 2355
520 5188 643 5245 Τόδ⁹
672 5189 908 5263 ἑκμάνας
936 5183 1128 5266 ἔφησεν
1163 5189 1316 5258 ἥκειν
1351 5188 1557 5261 ἐνθάδε,

520 5279 654 5337 Καὶτ
682 5276 815 5348 ἠνδε
841 5276 987 5333 καλά
1012 5280 1447 5351 προσκεκτῆσθαι
1479 5300 1555 5334 νιν
1568 5279 1636 5335 ία.

523 5368 710 5430 Συνεὶς
748 5365 1008 5444 βασιλεὺς
1032 5366 1241 5429 εἷ’κόνας
1270 5368 1337 5421 τὰ
1363 5388 1443 5422 νιν
1455 5367 1525 5437 ία,

520 5458 704 5532 Θυμοῦ
733 5458 915 5512 πνέων
949 5452 1128 5510 ἄπεισι
1160 5457 1299 5530 πρὸς
1332 5453 1587 5531 βασιλίδα

521 5548 617 5604 Καὶ
651 5544 991 5621 λοιδορεῖται
1019 5544 1108 5598 καὶ
1140 5546 1468 5600 καθικνεῖται
1500 5543 1708 5621 λόγοις.

338 5638 481 5693 που
514 5637 578 5696 Ἠ
610 5633 656 5690 δ’
684 5637 753 5707 ἦν
788 5633 1052 5709 σοφιστὴν
1081 5632 1341 5690 ἀπατῶσα
1369 5633 1575 5707 κακίας,

1859 311 2227 366 CBSARES.

2006 436 2062 501 Α
2094 440 2158 490 ut
2177 435 2258 490 ait
2284 434 2553 492 Christus
2583 436 2643 491 in
2676 452 2945 493 sermone
2973 444 3325 512 evangelico.

2088 524 2144 577 Si
2176 541 2312 595 ergo
2346 526 2633 596 plurimos
2663 527 3027 582 decertantes
3058 531 3306 599 fortiter,

2089 612 2505 685 scelestamque
2535 615 2714 685 hujus
2738 620 3053 687 arguentes
3078 621 3369 693 haeresim,

2091 707 2278 757 morte
2307 703 2616 759 damnatos
2647 705 2935 761 efﬁciebat
2964 712 3270 775 martyres.

2091 791 2328 861 Aliquot
2360 796 2552 847 tamen
2584 793 2850 865 martyrii
2880 794 3209 853 hortatores

2091 882 2565 953 supervixerunt,
2597 882 2655 937 in
2684 884 2901 954 quibus
2930 886 3283 955 Methodius,

2088 971 2589 1043 Theophanesque
2615 972 2859 1028 honesto
2880 980 3268 1046 compunctus
3295 979 3587 1054 stigmate,

2089 1066 2144 1114 et
2174 1060 2360 1131 pictor
2392 1062 2643 1117 Lazarus
2671 1062 2770 1132 qui
2804 1066 3059 1134 perustis
3088 1067 3385 1137 manibus,

2090 1154 2241 1211 belle
2270 1162 2466 1211 tamen
2502 1173 2708 1212 rursus
2741 1158 3021 1229 pingebat
3050 1158 3362 1232 imagines.

2086 1246 2214 1299 .lam
2244 1244 2603 1316 Theophilus
2631 1250 2911 1317 appetens
2940 1248 3067 1302 vitae
3099 1250 3316 1307 sociam

2090 1335 2321 1407 imperii
2352 1336 2529 1392 simul
2560 1336 2789 1408 torique
2819 1339 3183 1411 participem,

2089 1424 2333 1480 chorum
2362 1426 2774 1497 undecumque
2805 1426 3037 1499 collegit
3066 1429 3387 1504 virginum,

2091 1530 2339 1584 quarum
2372 1514 2480 1570 etsi
2514 1514 2677 1569 nulla
2708 1532 2821 1570 non
2846 1521 2969 1571 erat
3002 1518 3433 1579 formosissima

2091 1602 2244 1658 inter
2274 1603 2378 1659 has
2410 1608 2607 1659 tamen
2643 1605 2831 1676 magis
2862 1606 3174 1677 emicabat,

2090 1691 2282 1763 qualis
2313 1698 2403 1748 est
2434 1693 2585 1749 lunae
2613 1694 2948 1750 cumulatus
2979 1698 3160 1766 orbis,

2010 1802 2059 1866 Β
2093 1786 2339 1837 venusto
2372 1798 2611 1855 corpore
2643 1786 2701 1837 et
2738 1785 2973 1855 generis
2998 1785 3310 1856 splendore

2089 1871 2494 1943 sermonisque
2526 1872 2701 1927 etiam
2734 1872 3021 1944 dignitate
3050 1875 3250 1932 Icasia.

2089 1962 2339 2015 Aureum
2368 1976 2505 2032 ergo
2536 1977 2775 2033 pomum
2807 1978 2984 2017 manu
3017 1980 3225 2036 gerens

2089 2049 2332 2104 chorum
2362 2049 2647 2121 virginem
2683 2066 2781 2106 rex
2815 2051 3185 2122 circumibat,

2089 2141 2153 2192 ut
2182 2137 2339 2194 hunc
2369 2137 2717 2209 gratissimae
2749 2140 2915 2195 daret
2944 2140 3352 2201 arrhabouem.

2092 2226 2159 2283 Ut
2190 2231 2386 2283 autem
2420 2227 2566 2283 vidit
2597 2228 2654 2282 in
2686 2228 2940 2284 transitu
2965 2230 3231 2297 Icasiam,

2088 2316 2336 2371 formam
2367 2316 2641 2372 eximiam
2676 2318 2899 2374 mirans
2927 2318 3158 2389 puellm,
3191 2322 3272 2376 ait
3306 2339 3319 2377 :

2088 2403 2311 2460 Cuncta
2341 2405 2700 2461 obvenerunt
2730 2406 2884 2462 mala
2915 2424 3017 2479 per
3046 2409 3375 2468 mulierem.

2091 2500 2200 2557 Illa
2229 2502 2548 2571 submisse,
2573 2504 2674 2559 sed
2708 2505 3028 2576 prudenter
3058 2508 3398 2583 admodum,

2086 2592 2266 2664 Atqui
2298 2609 2367 2648 ex
2396 2592 2641 2648 muliere
2674 2593 2915 2650 meliora
2945 2601 3207 2663 manant,
3240 2598 3340 2655 ait.

2089 2681 2207 2736 Rex
2239 2682 2563 2739 admiratus
2590 2684 2897 2755 virginem,
2932 2686 3249 2758 praateriit;

2087 2785 2380 2842 pomoque
2409 2772 2621 2829 tradito
2652 2773 2865 2844 virgini
2888 2774 3201 2831 Theodorus

1984 2894 1989 2897 »
2087 2860 2337 2931 patriam
2365 2862 2602 2932 quidem
2634 2861 2871 2917 habenti
2903 2861 3386 2938 Paphlagoniam,

2090 2950 2189 3006 sed
2213 2952 2282 3005 de
2315 2950 2579 3021 patriciis
2611 2950 2820 3021 genitae
2853 2952 3219 3023 parentibus,

2086 3038 2238 3095 hanc
2268 3038 2445 3094 simul
2480 3039 2709 3109 imperii
2741 3038 2972 3109 torique
3003 3041 3348 3111 participem

2013 3164 2056 3230 Ο
2096 3128 2253 3197 fecit,
2286 3126 2599 3198 praeterita,
2634 3130 2701 3180 ut
2724 3126 2847 3195 jam
2875 3125 3017 3196 dixi,
3052 3128 3238 3183 [casia
3270 3145 3284 3183 :

2095 3231 2220 3286 quaa
2254 3214 2353 3270 ubi
2384 3213 2749 3268 mundanum
2781 3229 2897 3268 non
2922 3218 3010 3269 est
3040 3216 3251 3288 adepta
3274 3222 3597 3294 sceptrum,

2094 3303 2428 3374 terrenique
2459 3302 2613 3375 regis
2646 3300 2867 3374 nuptiis
2899 3304 3136 3375 excidit,

2094 3401 2420 3476 spiritalem
2452 3406 2507 3459 et
2538 3401 2802 3459 omnium
2834 3406 3045 3475 Regem
3080 3420 3367 3477 sponsum

2096 3494 2324 3550 lucrata
2353 3496 2444 3549 est
2474 3497 2529 3549 et
2558 3492 2812 3549 cmlestis
2845 3493 3004 3564 regni
3038 3499 3279 3553 sortem.

2094 3583 2366 3640 Monialis
2398 3583 2555 3641 enim
2588 3583 2821 3639 condito
2852 3586 3236 3654 monasterio,

2094 3672 2156 3728 in
2187 3672 2295 3728 hoc
2323 3688 2385 3728 se
2414 3673 2672 3728 exercuit
2701 3671 2912 3729 litteris
2948 3675 3091 3730 dans
3122 3692 3358 3746 operam
3388 3694 3401 3746 ;

2096 3762 2346 3833 ejusque
2376 3765 2609 3818 exstant
2640 3760 2796 3833 pleni
2830 3760 3025 3834 lepore
3056 3761 3212 3819 libri.

2093 3852 2167 3906 At
2197 3850 2555 3923 imperatrix,
2588 3849 2873 3923 inclytum
2906 3850 3005 3905 Dei
3046 3851 3286 3921 donum,

2098 3955 2297 3995 sacras
2330 3938 2617 4011 imagines
2648 3937 2980 3994 clanculum
3014 3938 3230 4009 colens,

2097 4027 2367 4085 servabat
2398 4032 2726 4083 reverenter
2756 4027 2814 4081 in
2839 4043 2974 4082 arca
3000 4027 3265 4083 conditas

2097 4119 2377 4173 insanum
2410 4116 2612 4171 odium
2645 4115 2915 4186 conjugis
2945 4114 3268 4183 declinans,

2100 4223 2216 4278 quo
2246 4204 2496 4261 cultores
2527 4204 2851 4275 imaginum
2884 4204 3369 4276 prosequebatur.

2098 4304 2363 4375 Cumque
2390 4302 2491 4358 illa
2520 4302 2835 4373 aliquando
2869 4303 2973 4359 has
2998 4302 3159 4374 ipsas
3190 4304 3424 4377 coleret,

2098 4391 2421 4448 homuncio
2452 4390 2694 4463 quidam
2726 4390 2990 4447 Thersite
3014 4392 3335 4450 deformior

2099 4479 2354 4537 dementi
2387 4485 2583 4536 mente
2612 4479 2893 4552 prasditus
2925 4484 2982 4536 et
3010 4480 3320 4554 insipiens,

2098 4569 2237 4642 regii
2271 4568 2470 4641 palatii
2493 4568 2787 4624 ludicrum
2818 4568 3165 4637 ludibrium,

2107 4659 2332 4732 rogavit
2361 4659 2605 4714 adstans
2630 4657 2811 4721 :Quid
2845 4657 2934 4713 ha:
2963 4661 3117 4723 tunt,
3150 4675 3182 4714 ο
3214 4658 3385 4717 Maua
3404 4660 3433 4716 ?

2103 4748 2214 4804 hoc
2243 4748 2401 4803 enim
2436 4746 2669 4803 nomine
2693 4746 2954 4817 reginam
2986 4746 3340 4818 appellabat.

2104 4836 2209 4892 Illa
2240 4851 2382 4909 pure
2409 4836 2730 4906 respondit,
2762 4836 2912 4890 Sunt
2936 4835 3193 4908 pulchras
3224 4854 3412 4909 pupae.

2104 4927 2379 4983 Protinus
2410 4926 2482 4981 ad
2514 4940 2711 4996 regem
2746 4924 2909 4980 illinc
2940 4941 3116 4981 cursu
3150 4927 3378 4984 concito

2102 5015 2419 5071 homuncio
2449 5012 2545 5069 ille
2576 5014 2731 5068 venit
2757 5031 2859 5085 pro
2884 5002 3047 5069 more
3078 5031 3205 5072 suo.

2103 5103 2223 5158 Rex
2252 5101 2587 5159 sciscitatur
2617 5101 2913 5157 undenam
2943 5100 3070 5173 ipse
3101 5103 3298 5161 veniat
3331 5122 3344 5162 :

2102 5206 2357 5247 vesanus
2389 5190 2550 5245 illinc
2577 5207 2705 5245 sese
2734 5189 2921 5246 redire
2951 5192 3053 5261 ait,

2102 5284 2161 5336 et
2191 5278 2455 5351 reginam
2488 5280 2786 5351 possidere
2816 5278 3094 5351 pulchras
3128 5298 3337 5354 pupas.

2103 5369 2221 5425 Rex
2251 5385 2437 5440 pupas
2463 5367 2795 5440 intelligens
2821 5385 2950 5425 esse
2980 5368 3284 5441 imagines,

2102 5458 2191 5513 ira
2213 5457 2614 5513 inﬂammatus
2643 5456 2831 5529 pergit
2860 5460 2930 5513 ad
2964 5458 3245 5529 reginam,

2103 5561 2350 5617 eamque
2380 5546 2649 5618 objurgat
2676 5546 3039 5618 compellans
3069 5546 3258 5602 verbis
3283 5544 3524 5616 asperis.

2104 5638 2237 5707 Ipsa
2266 5634 2661 5693 cavillatorem
2692 5634 2987 5706 decipiens
3014 5634 3371 5706 improbum,

3669 324 3741 378 98
