4086 6210
142 5948 151 5957 ι

136 6042 143 6053 ι,

170 5916 181 5925 1

170 5978 183 5985 ο

158 6080 161 6085 ν
180 6084 183 6091 Α

158 6102 177 6111 ιλ

180 5978 221 6015 ἷ³ε

180 6030 221 6101 ξλ

212 6000 225 6015 ο

216 6030 229 6041 ρ

280 332 351 388 99
1500 326 1869 383 ΕΡΗΒΕΜΙΙ
1907 323 2479 379 CHRONOGRAPHI

1956 449 2011 512 A

285 465 367 518 ait
392 475 456 517 se
487 461 545 516 in
573 456 808 530 speculo
837 454 1331 526 contemplantem
1365 457 1615 525 Spectra,

283 553 532 609 formam
566 564 733 604 suam
766 544 1093 619 appellasse
1126 559 1418 615 poparum
1451 540 1709 606 nomine,

287 642 382 698 Sic
412 640 642 695 elocuta
669 635 821 706 regis
852 632 1128 690 exstinxit
1158 633 1323 687 iram.

286 731 407 786 Rex
431 729 526 784 hic
553 722 910 797 TbeOphilus
942 737 1343 795 saepenumero

284 824 411 875 tum
444 833 547 889 per
576 832 639 871 se
670 814 794 885 ipse
825 817 949 868 tum
984 826 1088 883 per
1118 811 1297 866 duces
1321 808 1582 874 bellicos,

284 924 433 980 quos
468 904 684 961 multos
714 902 921 957 habuit
951 899 1082 955 forti
1106 900 1301 954 animo
1335 897 1632 971 praeditos,

283 994 601 1055 Manuelem
632 991 953 1065 praesertim
987 1007 1051 1044 ac
1082 988 1504 1061 Theopbobum

284 1086 531 1141 feliciter
561 1080 798 1138 bellavit
826 1095 961 1135 cum
995 1078 1257 1133 hostium
1291 1077 1466 1131 ccede.

288 1176 476 1230 Ambo
506 1172 662 1229 enim
701 1175 867 1227 erant
898 1167 1085 1224 dextri
1120 1168 1435 1237 fortesque,

287 1261 626 1332 nominique
657 1256 939 1316 cedebant
970 1273 1211 1312 suorum
1243 1261 1576 1327 temporum

285 1354 632 1410 strenuitate
663 1350 747 1407 vel
785 1357 905 1405 arte
938 1348 1327 1420 imperatoria.

282 1447 415 1516 Ipse
444 1439 808 1512 Theophilus
840 1438 1138 1493 liberalem
1177 1451 1420 1490 manum

284 1532 745 1601 muniﬁcamque
778 1528 1054 1583 omnibus
1088 1525 1443 1598 porrigebat.

280 1622 469 1685 Quare
501 1620 671 1675 etiam
710 1616 1029 1689 hospitium
1065 1614 1438 1686 splendidum
1466 1626 1771 1683 magnum,

282 1711 350 1766 ad
388 1708 723 1782 peregrinos
757 1705 1064 1761 exciendos
1095 1707 1403 1758 exstruens

282 1799 501 1855 suimet
530 1796 772 1851 aedilicio
799 1809 1013 1849 nomen
1047 1791 1280 1859 indidit,

282 1888 435 1960 quod
468 1889 636 1942 antea
668 1884 857 1939 fuerat
889 1885 1218 1937 scortorum
1252 1881 1532 1936 lustrum.

277 1979 394 2032 Nec
427 1975 509 2031 rei
542 1989 797 2030 venereae
831 1988 1075 2043 prorsus
1107 1974 1232 2025 erat
1262 1968 1575 2038 obnoxius,

282 2067 380 2123 sed
411 2064 773 2121 castimoniae
806 2061 1079 2117 studebat
1114 2060 1376 2114 miriﬁce.

283 2155 483 2211 Alexio
516 2157 711 2210 autem
745 2154 1129 2221 cognomento
1160 2148 1361 2205 Moseli

283 2260 352 2300 ex
382 2242 793 2297 Armeniorum
824 2238 1176 2293 Crinitarum
1212 2236 1366 2292 claro
1398 2252 1627 2308 genere,

285 2338 528 2390 strenuo
561 2331 682 2385 viro
706 2333 762 2385 et
793 2328 925 2384 duci
962 2327 1362 2397 magnanimo,

286 2426 344 2478 et
368 2424 673 2478 venustate
702 2418 901 2473 vultus
932 2420 1230 2482 exornato,

287 2510 531 2569 Mariam
569 2508 749 2563 filiam
786 2506 1006 2575 nuptiis
1039 2503 1354 2574 copulavit,

289 2599 491 2656 addito
526 2597 741 2651 honore
772 2594 930 2650 tituli
965 2594 1188 2648 caesarei
1217 2610 1229 2659 ;

286 2688 566 2760 misitque
593 2704 724 2742 cum
748 2686 935 2740 classe
966 2688 1166 2738 contra
1198 2681 1633 2752 Longobardos.

282 2779 389 2834 Sed
421 2777 576 2833 enim
610 2775 906 2830 invidente
941 2773 1243 2838 comitatu,

287 2872 466 2939 atque
498 2866 649 2938 apud
686 2881 872 2933 regem
908 2862 1306 2918 calumniante
1336 2860 1619 2916 Caesarem

288 2972 433 3012 uxor
463 2956 605 3010 dum
638 2953 777 3008 vixit
807 2951 1137 3007 calumnias
1170 2949 1433 3022 dispulit.

283 3046 395 3102 Sed
430 3048 744 3117 postquam
779 3042 876 3098 illa
905 3041 1087 3096 vitam
1122 3039 1403 3107 deseruit,

288 3133 488 3191 statim
520 3133 758 3189 Alexius
795 3132 998 3187 mundi
1033 3147 1095 3185 se
1124 3146 1337 3202 pompa
1367 3127 1645 3183 abdicans

282 3225 544 3279 Caesarea
574 3223 880 3293 dignitate,
917 3220 1285 3291 propinquis,
1316 3218 1489 3284 caris,

184 3304 187 3305 ⁷
218 3322 221 3325 ‘
281 3312 630 3383 profanique
661 3310 817 3365 omni
851 3309 1107 3363 tumultu
1142 3308 1359 3372 saeculi,

277 3416 594 3472 pauperem
629 3398 836 3454 Christi
873 3396 1137 3467 exemplo
1171 3412 1401 3450 saccum
1428 3393 1640 3464 induit,

276 3488 729 3558 coenobiumque
761 3492 931 3541 tonsa
963 3502 1129 3540 coma
1159 3485 1463 3557 ingressus
1494 3486 1584 3538 est

278 3575 571 3632 Anthemii
601 3574 825 3631 scilicet
856 3574 1009 3645 quod
1044 3574 1170 3643 ipse
1201 3574 1630 3638 construxerat,

277 3666 477 3738 ibique
508 3664 835 3720 monachus
865 3664 998 3717 vitro
1030 3662 1277 3716 confecit
1309 3677 1568 3715 cursum.

275 3755 420 3811 Exin
453 3754 684 3811 Amorio
715 3752 1017 3824 TboOphili
1045 3750 1236 3822 patria

264 3850 677 3918 ~Agarenorum
712 3848 881 3913 capto
913 3841 1290 3905 exercitibus,

266 3932 725 3990 innumerabilis
755 3933 926 3988 turba
954 3932 1147 4004 gladio
1180 3930 1379 4003 periit,

274 4023 540 4097 aliasque
571 4023 826 4097 plurima
858 4021 1123 4079 servituti
1159 4020 1392 4075 addicta

114 4114 137 4175 .’
174 4160 183 4163 ἡ
273 4114 348 4171 ad
377 4113 666 4170 Barbaros
689 4114 822 4183 jure
855 4112 987 4168 belli
1022 4113 1227 4167 abacta
1259 4113 1388 4165 est:

272 4207 445 4275 atque
476 4204 533 4258 in
560 4203 655 4258 his
686 4207 852 4258 erant
882 4202 1177 4272 legionum
1213 4200 1390 4255 duces

270 4291 393 4349 illic
415 4292 762 4349 bellantium
796 4292 1185 4361 quadraginta
1216 4289 1355 4355 duo,

270 4381 373 4455 qui
404 4381 580 4439 etiam
605 4385 891 4452 martyres
922 4381 1174 4449 denique
1201 4380 1535 4432 evaserunt.

270 4476 390 4527 Hos
420 4475 487 4527 ut
516 4471 828 4526 redimeret
858 4486 955 4524 rex
988 4469 1339 4539 legationem
1368 4465 1531 4520 misit

270 4558 705 4632 signiﬁcantem
736 4557 986 4613 Persidis
1017 4563 1261 4628 tyranno

80 4692 83 4701 .
182 4670 185 4671 ν
270 4652 338 4703 ut
358 4648 465 4704 hos
495 4647 822 4703 dimitteret
854 4648 1105 4717 acceptis
1140 4644 1408 4701 redimiis

272 4737 629 4794 centenariis
657 4740 911 4808 quatuor
942 4752 1073 4790 cum
1110 4733 1332 4805 viginti.

268 4827 382 4881 Sed
411 4825 589 4883 verba
619 4828 1161 4896 respueruntaures
1193 4822 1473 4877 barbaras.

274 4916 463 4981 Quare
492 4915 808 4985 imperator
838 4914 1009 4983 longe
1042 4928 1287 4967 moerere
1317 4911 1580 4968 affectus.

68 5038 75 5045 ι
116 5022 125 5033 η·
220 5042 225 5045 -
276 5007 576 5062 contracto
609 5004 813 5058 morbo
845 5003 1058 5057 misere
1085 5000 1320 5071 abrupit
1351 4999 1550 5070 vitam,

273 5108 512 5151 uxorem
538 5096 715 5165 atque
738 5093 1048 5164 optimates
1078 5092 1244 5146 valde
1273 5105 1520 5145 exorans

126 5164 129 5167 ν
156 5212 181 5237 ην
214 5246 217 5249 _
273 5186 343 5241 ut
363 5164 684 5241 abolendos
715 5186 992 5236 curarent
1021 5179 1346 5251 imagines;

88 5324 93 5327 .
182 5336 185 5337 ν
276 5276 453 5345 atque
483 5275 549 5327 ut
575 5271 862 5327 Joannem
897 5270 1130 5341 lupum,
1167 5285 1280 5324 non
1314 5272 1634 5340 pastorem,

274 5359 546 5419 Ecclesiae
573 5359 915 5417 cathedram
950 5358 1202 5414 retinere
1232 5358 1510 5415 sinerent.

349 5541 466 5614 (37)
494 5541 632 5600 Cod.
658 5536 959 5613 τετραπλῆ.

542 5900 681 5989 ἰιι-εῇ

1950 4546 1998 4613 D

2216 447 2317 506 Τὰς
2348 447 2400 500 έν
2432 446 2757 521 κατόπτροις
2783 447 3039 526 ἐμφάσεις
3075 451 3312 526 λέγουσά
3340 477 3459 522 πως

2215 541 2446 612 Mope-7,4
2478 534 2616 608 ἐμῆς
2650 533 2782 591 ἷδεῖν
2810 558 2867 592 τε
2898 542 3098 617 φράσαι
3124 542 3287 600 νινία.

2219 622 2376 681 Οὕτω
2409 626 2582 698 Ουμοῠ
2614 620 2890 681 σϐέννυσιν
2924 628 3152 685 εἰποῦσα
3172 630 3371 710 φλόγα.

2216 714 2387 777 Οὗτος
2420 712 2675 789 βασιλεὺς
2707 715 2973 794 Θεόφιλος
3001 717 3274 784 πολλάκις

2036 804 2181 858 2365
2219 804 2319 857 Καὶ
2354 800 2424 856 δι’
2456 804 2647 858 ἑαυτοῦ
2676 804 2765 859 καὶ
2798 812 3120 882 στρατηγῶν
3147 811 3443 886 ταγμάτων

2222 892 2447 947 Ἀλλων
2477 915 2535 948 τε
2564 892 2792 949 πολλῶν
2826 894 3113 971 ἀνδρικῶν.
3149 898 3470 975 εύκαρδίων,

2217 982 2483 1052 Μανουὴλ
2516 980 2561 1036 δ’
2595 984 2704 1059 οὐχ
2733 984 2928 1053 ἥκιστα
2951 988 3041 1042 καὶ
3072 986 3375 1067 Θεοιρόϐου,

2216 1074 2411 1147 Μάχας
2435 1075 2717 1147 κατώρθου
2748 1074 3009 1130 κτιννύων
3043 1077 3394 1143 ἀντιπάλους·

2218 1163 2424 1231 ’Ήστην
2455 1161 2555 1237 γάρ
2588 1161 2753 1240 ἄμφω
2784 1163 2972 1238 δεξιὼ,
3004 1164 3304 1241 ῥωμαλέω,

2039 1252 2181 1307 2370
2220 1250 2326 1305 Καὶ
2354 1255 2461 1304 τῶν
2489 1252 2625 1305 κατά
2656 1257 2790 1329 σιρᾶς
2817 1250 3037 1316 οὐδενὸς
3072 1252 3420 1330 λελειμμένω

2218 1335 2547 1415 Εὐανδρίαις
2570 1361 2628 1395 τε
2657 1339 2747 1394 καὶ
2779 1338 2973 1405 καλαῖς
3000 1344 3373 1421 στρατηγίαις.

2217 1430 2322 1485 Καὶ
2354 1435 2515 1506 χεῖρα
2546 1429 2594 1485 δ’
2624 1433 2739 1506 εἶχε
2769 1432 3086 1509 φιλότιμον.
3117 1434 3408 1507 πλουσίαν,

2219 1519 2603 1594 Εὖεργετικήν,
2638 1519 2949 1600 φιλόδωρον
2985 1525 3064 1587 εἷς
3097 1524 3286 1589 ὅλους’

2216 1609 2374 1665 ’Όοεν
2409 1608 2607 1683 ξενῶνα
2636 1610 2725 1664 καὶ
2759 1612 2975 1685 φαεινὸν
3004 1615 3094 1668 καὶ
3130 1616 3291 1689 μέγαν

2040 1699 2183 1754 2375
2221 1697 2312 1760 Εἷς
2342 1696 2631 1771 ἀνάπαυμα
2658 1704 2766 1754 τῶν
2797 1701 2957 1770 ξένων
2987 1702 3287 1777 ἀπαρτίσας

2221 1785 2440 1857 Κλῆσιν
2467 1789 2658 1844 ἑαυτοῦ
2686 1793 2767 1862 τῷ
2798 1786 3081 1864 δομήματι
3121 1794 3297 1867 νέμει,

2219 1878 2394 1933 Οἶκων
2426 1883 2693 1953 γυναικῶν
2727 1877 2856 1935 ὄντα
2882 1881 2945 1935 τὸ
2976 1882 3102 1952 πρὶν
3136 1881 3404 1956 ἀσέμνων’

2219 1967 2463 2038 ’Ήττητὸ
2495 1964 2537 2021 δ’
2568 1965 2721 2023 οὐδὲν
2751 1967 3083 2046 ἀφροδισίων
3116 1970 3323 2049 σφόδρα

2217 2060 2293 2130 Τῇ
2323 2057 2644 2133 σωφροσύνῃ
2675 2061 3065 2134 προστετηκὼς
3097 2061 3363 2126 ἐκτόπως’
3470 2110 3475 2115 .

2040 2147 2182 2202 2380
2222 2145 2453 2218 ’Λλεξίῳ
2484 2144 2540 2201 δὲ
2568 2152 2646 2219 τῷ
2673 2146 2913 2219 Μωσηλὲ
2938 2150 3244 2222 τούπίκλην

2222 2235 2305 2304 Ἐξ
2337 2235 2639 2308 Ἀρμενίων
2673 2242 2961 2313 Κρηνιτῶν
2997 2236 3257 2317 λαμπροῦ
3288 2242 3475 2316 γένους

2219 2320 2397 2398 Ἀνδρὶ
2430 2330 2735 2403 στρατηγῷ,
2766 2325 3009 2401 γεννάδα,
3045 2328 3321 2405 ῥωμαλέῳ

2222 2414 2369 2469 Κατά
2397 2413 2637 2489 χαρίτων
2671 2411 2794 2488 ὄψιν
2828 2415 3208 2493 ἠγλαϊσμένῳ,

2221 2501 2434 2576 Μαρίαν
2468 2504 2732 2576 συνῴκισε
2758 2507 2857 2575 τήν
2889 2507 3174 2583 θυγατέρα,

2040 2592 2183 2647 2385
2221 2593 2471 2664 Τιμήσας
2503 2592 2662 2648 αὐτὸν
2692 2592 2813 2665 ἀξίᾳ
2840 2596 2911 2667 τῆ
2942 2597 3244 2669 Καισάρων·

2218 2682 2319 2737 Καὶ
2356 2680 2445 2736 σὺν
2476 2680 2656 2755 στόλῳ
2685 2682 2939 2758 πέπομφε
2970 2686 3106 2759 πρὸς
3148 2682 3552 2763 Λογγιϐάρδους

2219 2772 2596 2845 Φοονουμένου
2629 2769 2687 2827 δὲ
2714 2778 2830 2835 τοῖς
2859 2780 2973 2828 κατ’
3002 2773 3161 2830 αὐτὸν
3197 2773 3421 2851 ἀνδράσι

2220 2860 2323 2916 Καὶ
2350 2864 2428 2932 τῷ
2463 2859 2678 2935 βασιλεῖ
2707 2863 2760 2935 γ’
2789 2856 3317 2937 ένδιαϐεϐλημένου,

2221 2943 2503 3004 Διαϐολῶν
2532 2949 2758 3026 σύζυγος
2789 2952 2858 3020 ἦν
2891 2956 3036 3020 ζῶσα
3067 2951 3239 3017 λύτις’

2040 3039 2183 3093 2390
2222 3036 2371 3093 Ἐπεὶ
2405 3034 2452 3091 δ’
2482 3036 2653 3109 ἐκείνη
2686 3037 2944 3095 κατέλιπε
2973 3041 3063 3094 τὸν
3098 3040 3236 3116 βίον,

2220 3124 2394 3187 Εὐθὺς
2424 3125 2762 3203 περιφάνειαν
2798 3127 3037 3205 έκγιπὼν
3070 3129 3211 3203 βίου,

2215 3216 2489 3288 Καίσαρος
2520 3215 2667 3287 ἀξίαν
2698 3238 2778 3287 τε,
2816 3223 3113 3292 συγγενεῖς,
3146 3218 3363 3295 φίλους,

2210 3302 2388 3360 una:
2414 3325 2473 3360 τε
2498 3305 2671 3360 πάντα
2699 3306 2788 3361 καὶ
2820 3304 2989 3362 πλέον
3012 3302 3217 3382 τύρϐην
3255 3309 3399 3385 βίου,

2209 3394 2285 3449 Τὸ
2314 3394 2450 3448 κατά
2478 3394 2709 3469 Χριστὸν
2741 3394 3091 3474 ἀμφιέννυται
3126 3396 3316 3473 ῥάκος,

2032 3485 2174 3539 2305
2211 3484 2312 3538 Καὶ
2346 3482 2511 3557 τρίχα
2541 3483 2720 3558 καρεῖς
2750 3486 2849 3553 τὴν
2885 3486 3057 3558 μονὴν
3096 3483 3368 3561 ὑπεισέδυ,

2209 3576 2308 3627 "HV
2339 3572 2497 3635 αὐτὸς
2529 3572 2782 3649 ἀνήγειρε
2808 3574 2906 3643 τὴν
2942 3577 2953 3598 ’
2973 3576 3252 3649 Κνθεμίου·

2208 3662 2299 3718 Ἐν
2328 3661 2364 3735 ᾖ
2397 3661 2640 3735 μονάζων
2669 3661 2928 3718 καταλύει
2954 3664 3045 3719 τόν
3080 3664 3218 3739 βίον.

2207 3755 2312 3805 Τοῦ
2344 3747 2389 3804 δ’
2418 3752 2668 3824 Αμορίου
2696 3750 2956 3828 πατρίδος
2989 3753 3257 3832 Θεοφίλου

2207 3844 2334 3901 Ταῖς
2361 3843 2677 3916 Ἀγαρηνῶν
2711 3848 2986 3916 σνρατιαῖς
3013 3841 3325 3915 ἡλωκότος,

2030 3932 2172 3986 2500
2207 3930 2705 4005 Ἀπειραριθμήτου
2737 3930 2794 3987 δὲ
2823 3934 3139 3997 κτανθέντος
3168 3933 3389 4008 στίφους

2210 4018 2321 4075 Καὶ
2347 4019 2561 4090 πλῆθος
2589 4020 2712 4090 ἥλω
2747 4023 3111 4098 μυριάριΟμον
3143 4022 3265 4078 τότε

2209 4110 2403 4185 Ἀχθὶν
2439 4107 2785 4185 δορυάλωτον
2818 4111 3004 4174 αὐτοῖς
3034 4108 3360 4189 Βαρϐάροις,

2210 4200 2299 4255 Ἐν
2333 4200 2415 4261 οἷς
2447 4202 2737 4275 στρατηγοὶ
2770 4205 2877 4255 τῶν
2912 4199 3077 4266 ἐκεῖθι
3107 4202 3395 4279 ταγμάτων

2208 4287 2372 4350 Δεκάς
2397 4287 2676 4363 τετραπλῆ
2708 4291 2822 4363 (37)
2855 4290 2949 4345 σὺν
2980 4288 3130 4365 ἀπλῇ
3162 4289 3436 4365 ξυνωρίδι,

2028 4379 2169 4435 2405
2208 4377 2275 4435 Οί
2310 4377 2601 4455 μαρτύρων
2636 4375 2859 4454 εὕραντο
2889 4380 2979 4435 καὶ
3013 4382 3179 4459 στέφη
3212 4379 3396 4456 τέλος·

2204 4472 2404 4543 Ὢνπερ
2435 4469 2693 4546 πέπομφε
2722 4464 2976 4543 πρέσϐεις
3004 4471 3031 4524 ὁ
3061 4468 3277 4546 κράτωρ

2208 4554 2684 4633 Ἀπαγγελοῦντας
2708 4563 2787 4631 τῷ
2817 4563 3103 4637 κρατοῦντι
3136 4557 3397 4637 Περσίδος

2206 4649 2407 4700 Λοῦναι
2440 4640 2678 4702 λαϐόντα
2710 4646 2883 4721 λύτρα
2909 4648 3008 4717 τὴν
3043 4645 3195 4703 λύσιν
3228 4648 3406 4719 σφίσιν

2206 4736 2537 4807 Κεντηνάρια
2565 4736 2699 4812 πρὸς
2728 4739 2942 4812 τέτρασι
2976 4734 3058 4799 δὶς
3080 4734 3225 4795 δέκα.

2026 4826 2169 4879 2410
2207 4823 2358 4880 Ἀλλ’
2387 4825 2449 4878 οὐ
2482 4826 2782 4901 προσέσχεν
2816 4826 2952 4896 ἀκοή
2987 4826 3170 4904 φαύλη
3204 4825 3411 4904 λόγοις·

2206 4914 2357 4967 Ὀθεν
2390 4912 2644 4989 βασιλεὺς
2673 4914 2915 4979 έκτακεὶς
2951 4921 3130 4990 μακρᾷ
3160 4915 3307 4991 λύπῃ

2204 5005 2454 5073 Νοσήσας
2482 5002 2749 5080 ἀπέρρηξε
2777 5008 2958 5068 κακῶς
2985 5006 3076 5060 τὸν
3109 5005 3251 5082 βίον,

2204 5089 2397 5147 Πολλὰ
2428 5090 2640 5164 δεηθεὶς
2674 5093 2907 5168 συζύγου
2937 5098 3043 5148 τῶν
3076 5096 3124 5149 τ’
3154 5093 3206 5148 έν
3238 5092 3383 5150 τέλει

2199 5181 2504 5257 καθαιρέσει
2534 5182 2853 5258 στέργοντας
2882 5187 2990 5239 τῶν
3022 5182 3416 5258 εἷκονισμάτων

2022 5268 2167 5325 2415
2197 5271 2320 5326 Τῶν
2354 5269 2607 5340 Ἰωάννην
2641 5270 2829 5344 λύκον,
2862 5270 2992 5348 οὐχὶ
3019 5271 3276 5345 ποιμένα,

2200 5359 2322 5429 Ἐᾷν
2348 5356 2607 5432 καθέδραν
2640 5358 2889 5435 κατέχειν
2921 5360 3272 5433 Ἐκκλησίας.

3490 382 3495 385 Α
3588 339 3701 394 100
