4086 6210
258 254 374 309 105

447 374 580 447 Περὶ
616 370 852 447 βρέφους
879 367 1049 425 ἔδεισε
1080 370 1263 443 μήτηρ
1293 367 1399 423 ἐκτ⁹
1428 387 1547 429 πως

442 464 551 519 Τὸν
582 462 736 516 ἀετὸν
770 459 1019 535 βλέψασα
1051 459 1128 531 μή
1160 459 1277 512 κατ’
1301 454 1533 519 ἐλπίδας

448 553 615 606 Σκιάν
650 547 1010 625 σχεδιάζοντα
1037 552 1118 619 τῷ
1152 545 1499 625 βρεφυλλίῳ,

446 642 553 698 Καὶ
583 637 741 694 τόνδε
773 638 949 701 λίθοις
982 636 1275 692 ἀπελαύνει
1314 634 1605 711 μακρόθεν*

258 732 406 787 2530
448 730 553 787 Καὶ
578 726 734 794 τῆσδ’
766 726 1036 800 ἀπούσης,
1068 724 1214 801 ὅρνις
1248 726 1323 789 ὡς
1350 727 1476 799 πρὶν
1508 723 1746 793 κατέπτη

448 816 640 875 Τελῶν
670 818 733 871 τὸ
762 816 1137 889 λειτούργημα
1164 812 1367 887 παιδίῳ
1393 815 1582 883 πάλιν,

446 908 550 964 Καὶ
584 907 752 961 πάλιν
787 904 1095 975 ἀπήλαυνεν
1121 908 1156 974 ἡ
1180 904 1499 979 γειναμένη,

444 1000 548 1054 Καὶ
579 999 727 1053 τοῦτ’
758 995 951 1071 ἐδρᾶτο
982 994 1259 1058 πολλάκις
1287 998 1384 1063 τῆς
1415 996 1649 1071 ἡμέρας.

442 1089 531 1150 Ὠς
565 1085 608 1141 δ’
640 1082 861 1163 ἐφήϐων
890 1088 1071 1160 ἥψατο
1100 1093 1201 1154 τῆς
1233 1084 1478 1153 ἡλικίας.

248 1179 402 1235 2535
444 1177 664 1250 Ἀγνώς
692 1197 775 1237 τις
806 1175 880 1229 ὣν
913 1178 1103 1230 ἅπασιν
1140 1174 1387 1249 ἐσχάτως
1417 1172 1584 1243 πένης

440 1264 672 1327 Βαδίσας
701 1268 801 1334 ἧκε
829 1265 968 1338 πρὸς
996 1264 1159 1319 πόλιν
1193 1262 1623 1330 Κωνσταντίνου,

438 1356 534 1415 Ὠς
564 1352 627 1408 ἂν
662 1354 894 1429 ὑπάρξας
920 1357 1029 1408 τῶν
1059 1373 1201 1415 τινος
1232 1354 1332 1421 θής
1361 1351 1637 1425 εὐπόρων,

442 1447 599 1513 Ζωήν
629 1444 697 1499 τὰ
726 1444 1025 1519 συνέχοντα
1053 1448 1233 1517 κρῶτο
1266 1444 1618 1519 πρνσφόρως·

444 1533 613 1589 Πόλιν
640 1531 686 1588 δ’
714 1531 968 1594 ὑπεισδὺς
996 1528 1320 1607 κατέϐαρθεν
1353 1530 1580 1606 ἐσπέρας

244 1625 395 1687 2549
440 1620 754 1695 Διομήδους
787 1623 1059 1697 μάρτυρος
1093 1622 1146 1675 ἐν
1173 1626 1300 1675 ναοῦ
1331 1618 1480 1693 πύλῃ

438 1712 534 1773 ’Ὡς
564 1732 648 1773 τις
681 1713 944 1786 πενιχρὸς
976 1709 1201 1779 εὐτελὴς
1234 1710 1460 1771 νεανίας.

436 1803 608 1875 ’Ὀναρ
639 1798 684 1855 δ’
711 1801 739 1855 ὁ
775 1802 982 1875 μάρτυρ
1015 1798 1361 1876 ἐμφανίζεται
1390 1798 1602 1873 νύκτωρ

436 1891 551 1943 Τινὶ
580 1892 693 1944 γαθ⁷
725 1888 928 1951 ὕπνους
956 1890 1065 1944 τῶν
1093 1884 1199 1943 ἔσω
1230 1887 1539 1961 νεωκόρων,

438 1978 544 2035 Καί
564 1980 615 2033 οἱ
644 1980 738 2032 τὸν
768 1977 922 2040 ἐκτὸς
952 1976 1293 2054 ἐγκελεύεται
1324 1975 1522 2051 τάχος,

246 2069 395 2123 Μ
435 2066 756 2143 Εῗσαγαγεῖν
780 2064 983 2122 ἄνακτα
1000 2073 1101 2136 τῆς
1132 2065 1313 2136 πύλης
1345 2060 1471 2121 ἔσω.

434 2156 490 2209 '0
514 2152 567 2209 δ’
598 2154 902 2226 ὑπεξελθὼν
935 2156 1026 2210 καὶ
1056 2153 1339 2211 Βασίλειον
1377 2155 1541 2227 μόνον

436 2245 620 2318 Εύρὼν
651 2245 919 2300 ὑπνοῦντα
945 2245 1084 2299 κατὰ
1112 2243 1269 2298 λιτοῦ
1299 2241 1555 2313 δαπέδου,

434 2334 623 2402 Πύλην
656 2332 868 2402 ὑπῆλθε
893 2338 991 2388 τοῦ
1020 2333 1126 2388 νεὼ
1154 2334 1243 2387 καὶ
1272 2333 1361 2387 τὸν
1397 2330 1589 2404 δόμον,

435 2423 602 2493 Δόξας
635 2421 765 2499 ὄναρ
797 2423 1083 2501 φάντασμα
1111 2422 1339 2496 μάταιον
1367 2420 1575 2494 πέλειν,

242 2516 392 2571 2550
434 2514 536 2567 Καὶ
566 2512 731 2567 πάλιν
760 2514 877 2589 εἶχε
904 2514 996 2568 τὸν
1023 2514 1292 2587 νεωκόρον
1331 2509 1516 2583 κλίνη·

436 2604 537 2660 Καὶ
573 2602 739 2657 πάλιν
772 2598 897 2675 ὄψις
926 2622 1095 2657 ταυτα
1124 2602 1176 2657 οἱ
1200 2600 1511 2676 παρηγγύα’

436 2692 536 2746 Καὶ
568 2690 734 2746 πάλιν
766 2689 1026 2766 έξέδραμε
1052 2698 1153 2761 τῆς
1184 2689 1366 2761 πύλης
1395 2692 1590 2764 τάχος,

435 2780 536 2836 Καὶ
570 2779 855 2838 Βασίλειον
887 2782 1037 2853 εὗρεν
1075 2783 1347 2836 ὑπνοῦντα
1379 2780 1566 2853 μόνον.

430 2869 585 2927 Ἐπεὶ
619 2867 676 2924 δὲ
704 2869 823 2945 τρὶς
851 2869 1068 2944 γένοιτο
1096 2870 1263 2924 ταῦτα
1300 2870 1416 2923 κατ’
1449 2866 1601 2944 ὄναρ,

243 2963 393 3018 2552
432 2959 533 3014 Καὶ
567 2961 777 3021 σύνεσις
805 2961 873 3029 ἦν
906 2957 1153 3033 οὐδαμοῦ
1180 2958 1446 3033 νεοκόρῳ,

427 3048 605 3117 Δηλοῖ
632 3049 694 3103 τὸ
715 3049 899 3125 τρίτον
931 3047 1185 3125 ἐμφανῶς
1216 3050 1419 3123 μάρτυς
1451 3046 1643 3121 λέγων,

423 3140 577 3196 Εἶναι
598 3140 692 3193 τὸν
724 3138 877 3199 me;
906 3139 1155 3210 κείμερον
1196 3136 1440 3213 βασιλέα.

419 3228 520 3286 Ὃν
554 3226 862 3301 εἰσαγαγὼν
894 3226 967 3288 ὡς
1000 3224 1117 3282 δέον
1150 3226 1420 3300 νεωκόρος

420 3315 850 3394 Φιλοφροσύνης
884 3316 975 3370 καὶ
1009 3316 1179 3386 ξενίας
1207 3314 1386 3388 ήξίου’

232 3410 384 3466 3560
423 3407 557 3463 Εἶτα
588 3411 809 3475 συνιστᾷ
829 3402 990 3460 τόνδε
1012 3409 1093 3476 τῷ
1120 3409 1227 3459 τῶν
1262 3404 1313 3459 ἐν
1344 3403 1512 3473 τέλει,

424 3494 691 3556 Κάκεῖνος
721 3493 992 3566 ᾠκείωσεν
1026 3492 1213 3549 ἄνακτι
1244 3492 1430 3549 πάλιν.

423 3586 487 3642 Ὀ
520 3582 568 3639 δ’
592 3584 728 3657 ὕψος
758 3578 1051 3657 ἐϐράϐευσε
1077 3586 1178 3652 τῆς
1207 3582 1564 3659 κραταρχίας.

423 3675 524 3728 Καί
555 3695 639 3736 τις
673 3677 933 3747 μοναχῶν
960 3673 1173 3746 ἀρεταῖς
1207 3672 1536 3745 ἰστεμμένος

426 3761 725 3820 Μέλλοντά
751 3762 800 3815 τ’
831 3759 991 3822 εἷ’δὼς
1018 3762 1290 3833 [Ινεύματι
1324 3760 1454 3833 θείῳ
1486 3759 1687 3835 λέγειν,

232 3855 386 3910 2565
425 3852 654 3925 Κρήτην
686 3847 924 3924 πατρίδα
952 3850 1041 3904 καὶ
1078 3852 1249 3923 μονὴν
1280 3850 1612 3923 κεκτημένος

420 3943 631 3998 Ἐκεῖσε
662 3938 806 4011 τῷδε
835 3940 942 4013 πρὸ
970 3940 1205 4014 κράτους
1237 3939 1521 4018 ἀφιγμένῳ

419 4035 690 4104 Προεῖπεν
724 4027 1018 4103 ἀνάρρησιν
1050 4029 1106 4082 εὖ
1135 4029 1494 4104 κραταρχίας.

517 4118 901 4174 ΒΑΣΙΛΕΙΟΣ
941 4122 986 4173 0
1027 4117 1371 4174 ΜΑΚΕΔΩΝ
1410 4122 1490 4172 ΕΤ
1530 4117 1633 4175 ΙΒ’.

419 4208 594 4269 Οὗτος
624 4205 859 4281 Μιχαὴλ
888 4205 1092 4261 ἀνελὼν
1122 4208 1403 4283 εὐεργέτην

422 4296 523 4352 Καὶ
560 4295 887 4371 βασιλευτὴν
918 4295 1008 4349 καὶ
1040 4293 1204 4366 δότην
1236 4298 1326 4351 τὸν
1358 4300 1455 4352 τοῦ
1477 4298 1725 4375 στίφους,

222 4390 379 4446 2570
416 4386 788 4460 Αὐτοκράτωρ
826 4384 1107 4460 μόναρχος
1137 4384 1288 4462 ὣφθη
1322 4390 1430 4441 τῶν
1460 4386 1631 4443 ὅλων.

416 4476 579 4533 Ὅθεν
616 4475 816 4535 συνιεὶς
844 4472 999 4551 Δαἶ’)ιίᾳ
1030 4471 1337 4537 συνειδότος

416 4564 595 4619 Φόνου
624 4560 890 4638 δυσαχθὶς
920 4563 1008 4617 καὶ
1040 4565 1327 4641 μιαιφόνον
1364 4564 1529 4637 μύσος

418 4650 696 4723 Ἐξιλεοῦν
730 4649 955 4707 ἔσπευδε
985 4654 1261 4724 Δεσπότην
1296 4652 1443 4709 ὅλων

417 4736 691 4798 Ἀϐυσσον
724 4739 1045 4816 ὕπάρχοντα
1067 4748 1168 4811 τῆς
1194 4739 1627 4817 εὐσπλαγχνίας,

211 4833 366 4888 2575
408 4832 637 4905 Ἔργοις
670 4827 980 4906 φιλοίκτοις
1009 4830 1098 4885 καὶ
1130 4829 1317 4886 καλῶν
1351 4830 1643 4904 εὐποιίαις,

407 4926 452 4975 Μ
490 4920 541 4972 θ’
589 4920 615 4937 ’
781 4918 793 4935 ‘
920 4917 1018 4973 “’λλ
1268 4919 1280 4939 ’
1447 4928 1473 4939 ”

462 4940 485 4973 ε
576 4938 675 4985 ων,
704 4938 842 4972 νεων
874 4940 943 4973 κα
1030 4940 1194 4991 ιστον,
1231 4940 1474 4995 ευπρεπη
1509 4922 1654 4991 ξένον

416 5006 734 5069 Πολυτελές
763 5007 938 5081 θέαμα
968 5010 1152 5084 τέρψιν
1188 5009 1450 5083 ὀμμάτων

408 5098 495 5153 Ἐν
530 5096 833 5171 βασιλείοις
862 5096 1105 5160 καινίσας
1140 5097 1521 5175 Ηρωταγγέλῳ

408 5187 552 5242 Νέαν
587 5184 939 5257 ἀποκέκληκε
968 5184 1117 5242 τονδ’
1149 5186 1467 5259 ἐκκλησίανο

218 5278 368 5334 2580
408 5275 521 5332 Καὶ
550 5274 716 5329 πάλιν
748 5273 921 5331 ἄλλον
956 5274 1123 5348 Ἠλία
1151 5282 1229 5349 τῷ
1262 5272 1517 5352 Θεσϐίτῃ,

404 5366 502 5418 Ὃν
536 5362 748 5439 ἐξόχως
778 5364 844 5432 ἦν
876 5363 968 5419 καὶ
998 5369 1174 5437 τιμῶν
1207 5366 1302 5420 καὶ
1340 5367 1621 5440 σεμνύνων

400 5456 668 5525 Πομπαῖς
697 5451 914 5527 ἑορταῖς
944 5451 1195 5527 δαψιλῶς
1226 5459 1348 5517 ταῖς
1384 5453 1435 5509 δι
1490 5450 1670 5520 ἔτους.

398 5544 578 5606 Οὗτος
611 5540 685 5597 δι’
713 5544 885 5598 αὐτοῦ
913 5542 1005 5598 καὶ
1028 5548 1344 5621 στρατηγῶν
1379 5543 1472 5600 καί
1507 5544 1713 5601 στόλου

564 5666 840 5727 Parnm"
891 5666 1004 5727 Ga.
1050 5665 1306 5728 CXLIII.

1806 247 2164 304 CBSARES.

1954 373 2011 439 Α
2050 373 2215 429 Tunc
2246 372 2366 429 {ilio
2396 373 2595 430 timuit
2625 381 2811 433 mater
2837 377 3210 434 vehementer

2037 463 2296 535 aquilam
2327 463 2532 519 videns
2563 470 2773 535 praeter
2803 468 3299 538 exspectationem

2038 553 2307 607 umbram
2341 553 2553 607 tenello
2584 555 2795 610 infanti
2826 557 3333 627 suppeditantem;

2035 639 2417 712 lapidumque
2443 643 2607 713 jactu
2640 645 2840 715 procul
2873 645 3142 717 abigebat
3172 664 3357 704 avem.

2034 733 2218 784 Matre
2249 732 2575 800 recedente,
2609 733 2806 804 aquila
2840 751 3043 789 rursus
3074 736 3328 802 advolat,

2036 823 2210 890 atque
2240 836 2412 875 suum
2446 838 2623 891 puero
2659 824 2875 892 praebet
2904 823 3324 881 ministerium.

2036 907 2262 963 Rursus
2294 908 2445 964 hanc
2475 915 2663 965 mater
2688 910 2897 979 abigit;
2928 912 3107 983 idque
3139 931 3293 986 saepe

2034 1010 2137 1067 per
2164 996 2319 1052 vices
2351 997 2451 1052 illa
2477 998 2571 1053 die
2602 999 2930 1055 factitatum
2966 1002 3094 1058 fuit.

2034 1087 2108 1138 Ut
2136 1101 2269 1140 vero
2300 1102 2329 1140 e
2360 1085 2555 1156 pueris
2583 1088 2829 1142 excessit
2859 1088 3133 1156 Basilius,

2033 1173 2304 1230 omnibus
2337 1176 2574 1245 ignotus
2605 1181 2778 1249 atque
2808 1178 3229 1248 egentissimus

2032 1264 2103 1317 ad
2138 1263 2500 1319 Constantini
2533 1265 2738 1320 urbem
2772 1268 3041 1336 pedester
3069 1270 3250 1338 venit,

2032 1367 2241 1422 nempe
2273 1358 2338 1407 ut
2368 1352 2541 1408 alicui
2575 1354 2737 1409 diviti
2770 1371 2991 1410 navans
3023 1372 3259 1428 operam

2030 1439 2159 1493 vita:
2192 1441 2536 1511 adjumenta
2565 1444 2966 1498 sustentanda
2998 1444 3303 1515 acciperet.

2028 1528 2177 1600 Ergo
2207 1529 2510 1601 ingressus
2541 1532 2744 1587 urbem
2775 1533 3105 1589 dormiebat
3134 1550 3372 1607 vespere

2026 1616 2087 1671 in
2120 1617 2300 1672 valvis
2331 1619 2537 1690 templi
2570 1623 2845 1691 martyris
2877 1621 3178 1677 Diomedis

1946 1740 1993 1803 B
2024 1709 2307 1778 tanquam
2338 1723 2580 1779 egemus
2612 1708 2860 1780 vilisque
2892 1710 3388 1766 adolescentulus.

2022 1795 2107 1849 En
2139 1800 2335 1851 autem
2369 1800 2591 1869 martyr
2620 1812 2681 1853 se
2712 1798 3193 1870 conspiciendum
3222 1800 3435 1856 obtulit

2024 1885 2126 1939 uni
2156 1901 2225 1939 ex
2253 1885 2488 1941 aadituis
2522 1890 2697 1941 noctu
2730 1902 2833 1957 per
2863 1888 3181 1956 somnium;
3207 1888 3429 1959 jubens

2024 1981 2087 2028 ul
2117 1973 2461 2029 festinanter
2489 1991 2623 2029 eum
2657 1975 2756 2045 qui
2790 1976 3045 2032 cubabat
3074 1977 3217 2033 foris

2024 2076 2242 2133 regem,
2276 2062 2521 2118 reclusis
2550 2063 2749 2128 valvis,
2784 2065 3203 2121 introduceret.

2021 2151 2308 2222 Egressus
2339 2152 2435 2208 ille
2466 2169 2600 2208 cum
2633 2153 2917 2210 Basilium
2950 2153 3143 2210 solum

2024 2242 2181 2295 nuda
2214 2240 2395 2295 humo
2428 2242 2811 2297 dormientem
2846 2242 3203 2313 offendisset,

2019 2329 2079 2383 in
2111 2330 2397 2400 templum
2440 2346 2746 2401 regressus
2776 2332 3019 2387 domum
3050 2349 3112 2387 se
3142 2333 3381 2405 recepit,

2020 2434 2236 2473 vanum
2271 2436 2331 2473 se
2362 2420 2660 2474 somnium
2694 2420 2995 2475 aestimans
3026 2421 3276 2490 vidisse;

2025 2508 2216 2578 itaque
2243 2508 2301 2561 in
2329 2507 2477 2563 lecto
2510 2525 2718 2564 rursus
2750 2525 2812 2564 se
2838 2510 3193 2581 composuit.

2021 2596 2131 2651 Sed
2164 2612 2294 2652 ecce
2323 2596 2516 2652 oblata
2546 2596 2770 2669 species
2802 2599 3148 2655 mandatum
3186 2599 3415 2671 repetit.

2022 2685 2155 2756 Ipse
2184 2685 2449 2740 celeriter
2470 2686 2659 2756 janua
2688 2703 2751 2742 se
2783 2687 3051 2759 proripit,

2020 2778 2076 2830 et
2106 2774 2386 2830 Basilium
2420 2776 2805 2831 dormientem
2836 2776 3028 2831 solum
3062 2778 3296 2848 reperit.

2017 2863 2281 2934 Cumque
2305 2864 2431 2934 jam
2462 2864 2636 2921 tertio
2667 2866 2967 2922 somnium
3001 2866 3375 2933 occurrisset,

2019 2968 2209 3022 neque
2239 2969 2360 3008 rem
2393 2954 2643 3009 aedituus
2677 2970 2916 3024 prorsus
2948 2954 3321 3026 intelligeret,

2018 3050 2232 3113 martyr
2262 3042 2334 3096 ad
2366 3046 2693 3097 extremum
2723 3048 2918 3112 aperte
2950 3043 3097 3097 dixit

1938 3102 1981 3169 Ο
2012 3146 2168 3197 eum,
2203 3131 2303 3201 qui
2336 3132 2475 3185 foris
2507 3131 2781 3193 cubabat,
2816 3146 2945 3185 esse
2978 3146 3193 3202 regem.

2011 3221 2175 3275 Tunc
2207 3220 2630 3281 introductum.
2662 3224 2728 3274 ut
2759 3236 2863 3291 par
2894 3224 3039 3285 erat,
3072 3220 3327 3276 aedituus

2011 3308 2245 3364 blandis
2275 3308 2484 3363 ofﬁciis
2517 3309 2799 3364 recreavit
2827 3314 2884 3364 et
2914 3308 3168 3380 hospitio
3204 3326 3217 3364 :

2011 3402 2137 3453 tum
2173 3399 2404 3453 cuidam
2439 3398 2706 3470 Optimati
2741 3398 3199 3468 commendavit,

2011 3488 2110 3560 qui
2147 3506 2353 3546 rursus
2387 3488 2553 3545 illum
2587 3489 2707 3561 regi
2741 3488 3081 3545 familiarem
3114 3490 3396 3558 reddidit,

2012 3595 2046 3632 a
2078 3594 2191 3648 quo
2224 3578 2475 3633 Basilius
2506 3580 2734 3650 regium
2764 3579 3044 3636 honorem
3078 3578 3299 3635 retulit.

2010 3667 2162 3731 Quin
2193 3667 2336 3721 adeo
2368 3668 2609 3737 quidam
2640 3668 2855 3723 virtute
2886 3667 3116 3738 fulgens
3150 3667 3498 3737 monachus,

2009 3754 2229 3825 Spiritu
2261 3754 2456 3810 divino
2488 3756 2823 3811 futurorum
2857 3757 3161 3826 praescius,

2008 3842 2066 3895 in
2095 3843 2260 3899 Creta
2290 3843 2479 3913 patria
2510 3844 2929 3899 monasterium
2965 3845 3249 3915 incolens,

2009 3932 2148 3987 illuc
2180 3932 2435 3988 venienti
2468 3936 2601 3988 ante
2624 3932 2934 4004 imperium
2964 3934 3177 3989 Basilio

2008 4022 2286 4078 veraciter
2316 4022 2583 4093 praedixit
2623 4037 2819 4093 regem
2850 4028 3110 4077 creatum
3144 4022 3237 4077 iri.

2344 4109 2665 4166 BASILIUS
2706 4110 2995 4165 MACEDO
3032 4112 3149 4167 AN.
3191 4111 3311 4167 XII.

2009 4209 2113 4265 Hic
2145 4207 2485 4263 Michaelem
2517 4222 2657 4279 erga
2686 4223 2749 4262 se
2780 4206 3106 4263 beneficum

2010 4298 2291 4369 regnique
2316 4297 2577 4352 datorem
2612 4300 2919 4367 postquam
2952 4295 3269 4365 interfecit,

2009 4386 2171 4442 solus
2202 4390 2544 4441 cunctarum
2576 4384 2850 4439 dominus
2882 4402 3076 4441 rerum
3109 4387 3350 4444 exstitit.

1927 4469 1975 4534 D
2007 4476 2196 4540 Quare
2226 4474 2596 4530 conscientias
2628 4473 2887 4529 stimulis
2919 4482 3313 4547 compunctus

2010 4566 2151 4621 dum
2184 4564 2377 4620 scelus
2408 4562 2582 4619 caedis
2614 4568 2844 4633 reputat
2873 4564 3148 4631 infandas,

2011 4654 2243 4727 placare
2270 4670 2585 4725 aggressus
2614 4658 2703 4707 est
2732 4669 3105 4709 communem
3142 4654 3482 4727 Dominum,

2012 4746 2181 4815 cujus
2213 4742 2532 4798 clementia:
2566 4741 2763 4796 nullus
2794 4749 2880 4797 est
2908 4743 3221 4815 terminus,

2014 4834 2185 4891 bonis
2215 4832 2492 4905 operibus
2524 4834 2581 4886 et
2610 4830 2907 4902 largiendo
2938 4834 3159 4904 egenis.

2015 4924 2161 4979 Tum
2191 4923 2368 4977 etiam
2400 4918 2687 4992 templum
2720 4937 2933 4975 novum
2966 4921 3429 4992 pulcherrimum

2018 5012 2231 5068 mirum
2263 5014 2615 5083 gratumque
2645 5009 2829 5065 oculis
2861 5010 3261 5081 spectaculum

2018 5101 2179 5172 regio
2209 5099 2270 5154 in
2301 5097 2511 5170 palatio
2543 5098 2884 5168 angelorum
2918 5099 3169 5171 principi

2020 5188 2301 5255 condidit,
2334 5186 2675 5257 Novamque
2705 5187 3016 5258 appellavit
3044 5189 3376 5249 ecclesiam.

2022 5281 2367 5348 Rursusque
2395 5274 2682 5347 templum
2716 5276 2874 5331 aliud
2906 5277 3037 5334 Eliaa
3069 5279 3385 5350 Tbesbitaa,

2022 5384 2195 5440 quem
2225 5365 2451 5422 colebat
2482 5365 2771 5436 precipue
2802 5382 2904 5436 per
2933 5367 3071 5422 anni
3101 5385 3340 5426 cursum

2023 5456 2275 5530 pompis,
2309 5454 2517 5510 diebus
2548 5453 2737 5525 festis,
2770 5454 2989 5511 honore
3018 5456 3199 5513 lauto.

2021 5548 2126 5602 Hic
2156 5561 2258 5619 per
2282 5560 2421 5600 suos
2451 5544 2629 5600 duces
2659 5560 2881 5616 perque
2910 5548 3227 5603 exercitum

3311 5672 3348 5729 4

3587 257 3695 314 406
