4038 6214
396 250 504 306 407

395 379 675 451 perdebat
704 377 902 434 hostes
931 375 1066 446 igne
1094 370 1289 445 gladio
1317 368 1589 436 vinculis,

396 471 688 540 urbesque
717 466 951 521 illorum
983 479 1092 518 suo
1123 460 1484 532 adjunbebat
1513 474 1712 529 regno.

391 559 494 615 Hic
524 556 726 628 templi
758 553 983 626 Sophim
1017 551 1276 607 absidem
1313 548 1615 604 occiduam

380 652 508 722 jam
542 648 906 704 laborantem
935 642 1218 716 temporis
1251 639 1468 711 injuria

389 739 678 795 artiﬁcum
712 735 910 790 refecit
939 733 1234 802 eleganter
1262 745 1440 784 manu
1477 745 1489 783 :

388 827 708 896 multisque
739 823 866 878 aliis
896 827 1064 877 terrm
1095 825 1257 874 motu
1291 816 1502 872 dirutis

387 915 648 972 delubris
678 928 998 985 congruam
1032 907 1429 980 suppeditavit
1457 920 1650 976 opem.

383 1005 620 1060 Judasos
652 1017 886 1075 quoque
917 999 1134 1054 multos
1161 997 1233 1051 ad
1264 1000 1478 1051 rectam
1515 993 1691 1047 ﬁdem

385 1094 638 1166 pellexit,
669 1093 798 1147 vitas
830 1090 1065 1158 agendae
1096 1085 1455 1158 adjumentis
1488 1080 1770 1154 praebitis.

383 1183 534 1248 Quin
568 1183 782 1237 Rossos
813 1179 1099 1233 hactenus
1131 1174 1309 1231 errori
1342 1172 1570 1228 deditos

383 1273 454 1327 ad
489 1272 826 1341 religionem
857 1265 1072 1322 Christi
1105 1263 1331 1319 curavit
1360 1261 1608 1316 trahere.

382 1359 661 1432 Egregius
691 1356 905 1414 etenim
941 1355 1162 1410 missus
1188 1353 1258 1408 ad
1292 1351 1402 1407 hos
1433 1349 1745 1421 episcopus

383 1449 572 1505 suasit
602 1446 832 1503 cunctis
866 1452 927 1499 ut
954 1444 1024 1499 ad
1057 1442 1356 1498 Christum
1389 1438 1752 1505 accederent,

382 1536 596 1592 Christi
627 1533 965 1607 evangelica
996 1546 1244 1586 narrans
1279 1526 1582 1583 miracula.

381 1627 529 1682 Tum
565 1623 733 1680 Rossi
766 1621 1146 1694 postulabant
1175 1618 1412 1689 signum
1443 1628 1681 1671 cernere

384 1715 540 1786 quod
571 1717 944 1769 narraturum
976 1725 1170 1765 rerum
1203 1708 1376 1762 (idem
1410 1706 1641 1760 faceret.

382 1805 530 1876 Ergo
560 1802 719 1859 verbi
750 1799 1068 1873 evangelici
1099 1797 1362 1853 divinum
1396 1794 1616 1850 librum

382 1893 693 1964 episcopus
725 1907 860 1946 cum
893 1888 1164 1960 precibus
1193 1887 1253 1940 in
1285 1886 1478 1957 ignem
1513 1883 1710 1951 misit;

385 1983 541 2038 hunc
569 1986 764 2037 autem
797 1979 882 2034 vis
913 1978 1284 2032 flammarum
1316 1991 1428 2030 non
1462 1973 1612 2028 laesit
1634 1988 1832 2028 vorax.

385 2074 509 2136 Qua
539 2087 600 2126 re
626 2068 856 2126 attoniti
887 2067 1203 2122 Dominum
1235 2069 1376 2120 sunt
1405 2062 1591 2118 secuti

385 2159 576 2225 Rossi,
609 2163 666 2214 et
697 2156 974 2228 baptismi
1006 2170 1224 2208 munus
1255 2156 1662 2224 susceperunt.

382 2247 524 2302 Exin
561 2247 804 2302 Leonem
839 2245 1024 2300 tilium
1058 2241 1308 2298 Basilius

271 2349 276 2352 '
383 2335 765 2390 Santabareni
798 2333 1074 2388 absurdis
1107 2331 1368 2387 consiliis
1398 2331 1731 2403 obsequens

385 2423 570 2480 invidi
602 2423 879 2495 pravique
909 2421 1037 2489 viri,
1072 2421 1128 2475 in
1163 2419 1490 2476 custodiam
1525 2418 1784 2474 tradidit.

383 2515 450 2570 Et
481 2513 722 2584 quidem
755 2509 955 2566 oculos
989 2511 1133 2564 forte
1165 2509 1496 2564 amissurus
1527 2511 1652 2563 erat

379 2603 632 2658 dilectus
665 2601 821 2656 ﬁlius
851 2605 964 2654 Leo
997 2597 1272 2652 mandato
1306 2597 1510 2667 patris,

379 2692 436 2748 ui
471 2690 805 2764 patriarcha
835 2705 945 2745 cun
981 2686 1332 2756 conscriptis
1364 2685 1629 2757 patribus

381 2779 654 2853 precibus
687 2776 1000 2848 fregissent
1030 2775 1291 2847 parentis
1321 2773 1655 2830 consilium.

379 2869 492 2926 Sed
527 2873 724 2925 tamen
757 2868 875 2938 iam
909 2865 1008 2921 diu
1043 2866 1096 2919 in
1132 2862 1383 2920 vinculis
1413 2863 1692 2919 manebat
1724 2861 1854 2919 Leo.

385 2959 526 3014 Ecce
555 2963 751 3013 autem
785 2955 1025 3027 praebito
1060 2952 1288 3025 publice
1318 2952 1579 3008 convivio

387 3049 676 3121 psittacus
702 3046 824 3102 avis
852 3044 1064 3116 loquax
1093 3048 1150 3098 et
1174 3041 1459 3097 imitatrix

391 3136 599 3193 Leonis
629 3135 784 3191 inter
811 3134 1014 3206 epulas
1047 3148 1256 3188 nomen
1291 3129 1466 3203 cmpit

389 3225 749 3294 ingeminare
779 3222 1155 3292 convivisque
1185 3221 1472 3291 expressit
1499 3220 1816 3289 lacrymas;

393 3314 494 3384 qui
528 3313 600 3366 ad
633 3327 824 3381 genua
853 3310 1076 3364 domini
1108 3309 1444 3377 ﬂagitanter
1474 3310 1638 3378 proni

392 3400 849 3457 reconciliarunt
879 3398 1131 3466 denique
1162 3395 1345 3449 filium
1382 3397 1554 3466 patri,

392 3489 492 3560 qui
527 3485 702 3542 Leoni
735 3484 1076 3554 dignitatem
1107 3498 1242 3537 cum
1273 3482 1462 3553 gratia
1494 3480 1764 3539 reddidit.

393 3579 512 3633 Rex
540 3574 858 3646 aliquando
890 3589 1110 3627 venans
1139 3570 1198 3625 in
1230 3586 1466 3625 cervum
1500 3569 1708 3626 incidit

391 3666 602 3722 eximia
634 3662 1034 3732 magnitudine
1065 3660 1354 3730 celsisque
1384 3660 1682 3715 cornibus.

391 3772 560 3828 quem
598 3753 795 3809 statim
829 3752 1148 3805 instructus
1181 3749 1357 3803 armis
1387 3765 1563 3804 cursu
1596 3751 1854 3822 appetit;

384 3849 627 3916 jamque
657 3843 958 3898 occisurus
990 3842 1114 3894 erat
1140 3838 1292 3893 elato
1324 3837 1539 3910 gladio,

394 3952 528 3991 cum
561 3932 658 3988 ille
689 3937 890 3988 contra
917 3930 1146 3985 irruens
1175 3928 1400 3984 hostem
1434 3929 1708 3986 cornibus

396 4020 694 4077 sublatum
730 4020 787 4074 in
818 4020 974 4074 avios
1007 4017 1164 4073 locos
1197 4016 1334 4086 fuga
1363 4016 1642 4087 abripuit.

395 4113 502 4166 Sed
535 4111 690 4166 enim
723 4125 918 4164 comes
941 4106 1177 4178 juvenis
1210 4111 1556 4178 praeverteris
1586 4122 1761 4162 cursu

399 4217 592 4272 regem
627 4197 866 4271 praeciso
898 4195 1129 4252 haltheo
1161 4194 1287 4250 neci
1319 4194 1572 4265 eripuit;

397 4290 498 4362 qui
530 4304 671 4344 sane
700 4285 998 4357 egregium
1029 4283 1311 4340 servatori
1342 4283 1646 4354 prmmium

396 4377 667 4445 contulit,
702 4376 966 4431 abscisso
998 4374 1199 4444 capite.
1236 4372 1383 4427 Proh
1426 4372 1774 4440 iujustitiam
1808 4370 1821 4425 Ι

793 4491 926 4547 LEO
967 4487 1267 4546 SAPIENS
1304 4487 1420 4542 AN.
1462 4485 1632 4543 XXV.

394 4600 690 4656 Exstincto
723 4598 959 4666 Basilio,
991 4610 1298 4651 successor
1329 4592 1512 4647 haeres

394 4691 554 4746 ﬁlius
582 4688 814 4760 imperii
846 4687 1103 4740 habenas
1133 4683 1470 4738 tractandas
1498 4681 1652 4754 cepit

394 4785 506 4835 Leo
540 4778 850 4834 mundanae
881 4774 1179 4846 sapientiae
1213 4771 1436 4828 nullius
1466 4772 1705 4827 inscius.

397 4867 680 4941 quadriga
711 4865 1111 4922 doctrinarum
1145 4863 1410 4934 apprime
1442 4862 1748 4930 exercitus,

399 4975 614 5013 arcana
642 4957 960 5011 divinauda
991 4953 1315 5024 przesertim
1349 4956 1494 5020 arte,

399 5063 530 5119 quae
560 5047 625 5101 fit
655 5043 1151 5101 incantationibus
1184 5056 1479 5112 cursuque
1510 5041 1792 5114 siderum,

401 5153 646 5209 quisque
679 5134 879 5208 peritis
909 5137 1118 5189 cuncta
1149 5131 1344 5185 futura
1375 5129 1597 5201 pandit.

468 5280 580 5352 (30)
613 5280 873 5352 Profecto
914 5277 996 5332 rei
1022 5273 1411 5352 _dii_/in_iiitorias1
1454 5270 1680 5352 artique
1714 5274 2035 5352 astrologo-3

399 5343 529 5407 rum
560 5343 890 5407 vanissima:
927 5347 1074 5404 male
1101 5346 1338 5401 deditus
1388 5344 1497 5398 fuit
1546 5343 1684 5410 Leo;
1734 5345 1904 5414 cujus
1936 5343 2034 5402 rei

397 5429 605 5480 testem
655 5438 745 5479 me
775 5421 966 5477 videre
1015 5417 1256 5474 memini
1307 5417 1564 5471 codicem
1617 5417 2034 5488 perantiquum

394 5495 709 5569 insignem,
743 5491 1118 5569 e_Byzant_in_a
1149 5491 1282 5544 aula
1324 5493 1385 5543 ut
1420 5491 1564 5569 puto
1598 5487 2034 5569 profectum,_in

397 5560 1326 5642 quovmendacis'perniciosaeque
1349 5560 1490 5616 artis
1521 5565 1811 5633 praecepta
1840 5561 2032 5634 c0pio-

1601 246 1971 307 ΕΡΗΒΕΜΠ
2005 243 2576 302 ΟΗΒΟΝΟΘΒΔΡΗῙ

3699 257 3809 316 108

2063 375 2117 436 Α

2321 365 2589 456 Ἑχθροὺς
2618 367 2834 456 ὑπῆρχε
2861 371 3144 442 κτιννύων,
3179 372 3397 452 εἵργων,
3428 381 3643 456 φλέγων

2142 456 2284 511 2585
2324 454 2425 510 Καὶ
2459 459 2605 532 σφῶν
2637 453 2829 519 πόλεις
2863 459 3121 534 ἅρπαγμα
3150 463 3318 526 τιθεὶς
3345 453 3640 542 τῷκράτει

2320 548 2465 598 Ναοῦ
2498 544 2701 622 Σοφίας
2722 549 2814 600 καὶ
2845 544 3067 618 δυτικήν
3101 548 3265 624 ἀψίδα

2320 634 2644 704 Κάμνουσαν
2677 632 2785 705 ἤδη
2818 640 2898 708 τῷ
2929 639 3118 714 χρόνῳ
3147 645 3226 712 τῷ
3256 643 3535 720 παμφάγῳ

2320 720 2556 798 Ἤδρασε
2585 724 2742 799 χερσὶ
2773 731 3035 800 τεχνιτῶν
3070 729 3425 806 εὐμηχάνως⁹

2317 817 2484 874 Ναοῖς
2510 833 2568 866 τε
2595 811 2837 876 πολλοῖς
2869 822 2971 890 γῆς
2991 814 3178 891 κλόνῳ
3197 823 3623 896 τεθραυσμένοις

2138 901 2280 956 2590
2314 901 2421 968 Τήν
2455 897 2680 971 δυνατὴν
2713 901 2965 979 σύναρσιν
2994 905 3174 978 είσῆξι
3200 909 3405 984 σφίσιν·

2320 988 2570 1052 Πολλούς
2596 991 2645 1046 τ’
2673 989 3010 1050 ἐπεσπάσατο
3040 1001 3150 1051 τῶν
3182 995 3484 1073 Ἰουδαίων,

2316 1079 2459 1144 Πρὸς
2477 1080 2658 1134 πίστιν
2692 1079 2858 1156 ὀρθὴν
2895 1102 3200 1159 χρημάτων
3234 1089 3510 1166 συνεργίᾳ.

2315 1167 2422 1222 Καὶ
2451 1169 2584 1230 Ῥὼς
2614 1167 2762 1231 ἔθνος
2793 1172 2919 1246 πρὶν
2950 1175 3353 1249 κεκρατημένον
3381 1177 3562 1256 πλάνῃ

2313 1257 2529 1330 Χριστῷ
2558 1256 2880 1332 προσελθεῖν
2911 1258 3147 1325 εὐσεϐῶς
3174 1261 3372 1338 δράσας
3405 1263 3544 1343 ἔχει·

2135 1345 2278 1400 2595
2318 1344 2548 1408 Σταλείς
2576 1347 2676 1420 γὰρ
2708 1347 2894 1414 αὐτοῖς
2923 1350 3230 1426 ἀρχιούτης
3261 1359 3368 1410 τῶν
3399 1358 3538 1414 πάνυ

2312 1435 2533 1497 "Emtae
2561 1435 2764 1498 πάντας
2795 1441 2874 1508 τῷ
2903 1440 3141 1514 Χριστοῦ
3172 1444 3458 1516 προσιέναι

2317 1522 2641 1598 Εὐαγγελίῳ
2671 1525 2760 1579 καὶ
2792 1527 3028 1600 Χριστόῦ
3055 1532 3383 1602 τεραστίοις.

2313 1611 2375 1664 Oi
2409 1608 2466 1665 δὲ
2493 1611 2629 1686 πρὸς
2661 1612 2825 1667 αὐτοῦ
2853 1614 3090 1671 κατιδεῖν
3119 1615 3286 1692 ᾔτουν
3315 1623 3474 1697 τέρας

2312 1701 2458 1775 Πρὸς
2487 1700 2666 1755 πίστιν
2695 1702 2769 1758 ὧν
2803 1701 2998 1780 ἔφασκε
3027 1708 3264 1783 Χριστοῦ
3296 1710 3603 1785 θαυμάτων·

2132 1787 2274 1843 2600
2311 1786 2636 1862 Εὐαγγέλων
2667 1794 2795 1864 γοῦν
2823 1790 3054 1849 πυκτίδα
3083 1797 3228 1859 θείαν
3261 1798 3442 1873 Λόγων

2311 1876 2622 1949 Εὐξαμὲνου
2648 1898 2708 1932 τε
2734 1881 2824 1934 καί
2853 1882 3024 1957 πυρὸς
3053 1883 3237 1948 θέντος
3272 1886 3434 1958 μέσον

2060 1739 2104 1803 Β

2315 1964 2617 2053 Ἀφᾲλεκτος
2647 1967 2800 2023 ὧπτο
2828 1974 2908 2042 τῷ
2935 1971 3064 2047 πυρὶ
3095 1977 3173 2045 τῷ
3203 1977 3508 2053 παμφάγα).

2313 2054 2380 2111 Οἱ
2413 2051 2459 2108 δ’
2487 2053 2845 2130 ἐκπλαγέντες
2868 2060 3240 2134 προστίθῖνται
3267 2051 3449 2141 Κυρίῳ

2314 2142 2698 2216 Βαπτίσματος
2731 2143 2969 2223 δώρημα
2997 2149 3475 2228 προσδεδεγμένον

2135 2232 2278 2288 2605
2316 2231 2419 2287 Καὶ
2449 2229 2618 2287 παῖδα
2646 2233 2738 2287 τὸν
2767 2236 2971 2292 Λέοντα
3000 2241 3239 2302 πεισθεὶς
3263 2244 3490 2307 ἀτόποις

2315 2315 2737 2395 Σανταόαρηνοῦ
2771 2325 3042 2398 βασκάνου
3073 2349 3134 2382 συ
3144 2325 3458 2402 μϐουλίαις,

2315 2408 2523 2479 Γόητος
2553 2407 2766 2486 ἀνδρὸς,
2801 2414 3018 2490 φυλακῇ
3058 2420 3400 2494 καθειργνύει

2315 2499 2416 2554 Καὶ
2449 2501 2579 2574 τάχ,
2613 2499 2671 2554 ἂν
2698 2497 2996 2558 ἀπέσϐεστο
3037 2502 3277 2581 λύχνους
3311 2508 3578 2584 ὀμμάτων

2313 2587 2374 2644 Ὁ
2405 2587 2662 2664 φίλτατος
2686 2596 2816 2654 παῖς
2839 2593 2974 2668 πρὸς
3005 2594 3349 2673 φυτοσπόρου
3378 2601 3548 2670 Λέων,

2134 2676 2276 2732 2610
2314 2674 2378 2730 Εἰ
2412 2677 2488 2748 μή
2519 2678 2871 2754 πατριάρχης
2899 2701 2957 2736 τε
2985 2682 3073 2737 καὶ
3104 2687 3363 2759 γερουσία

2314 2769 2499 2825 Λιταῖς
2530 2765 2779 2840 ἀπεῖρξαν
2813 2767 3126 2844 σκέμματας
3156 2773 3248 2828 τὸν
3283 2775 3502 2852 πατέρα·

2309 2854 2659 2941 Ἐμφρουρος
2691 2856 2758 2925 ἦν
2800 2855 2952 2930 ὅμως
2979 2857 3037 2915 δὲ
3071 2861 3277 2938 μακρὸν
3309 2863 3400 2919 τᾶν
3431 2866 3654 2941 χρόνον·

2311 2943 2484 3014 Δήμῳ
2511 2939 2570 2996 δὲ
2598 2947 2787 3007 κοινῆς
2819 2946 3063 3021 ἠγμένης
3094 2950 3417 3017 πανδαισίας

2314 3031 2523 3099 Πτηνὸν
2557 3031 2807 3105 μιμηλὸν
2838 3037 3120 3108 ψιττακὸς,
3155 3044 3291 3109 ζῶον
3329 3040 3522 3113 λάλον,

2062 3098 2106 3169 C
2135 3119 2278 3176 26l5
2317 3098 2473 3191 Λέον,
2502 3098 2654 3189 Λέον,
2687 3098 2916 3198 κέκραγε
2947 3098 3198 3203 συγχρἇίς
3229 3127 3282 3184 έν
3315 3130 3487 3205 πότῳ,

2312 3208 2415 3264 Καὶ
2448 3210 2732 3274 συσσίτους
2763 3211 2999 3269 δείκνυσι
3029 3219 3264 3291 πλήρεις
3292 3215 3565 3295 δακρύων·

2314 3296 2417 3353 Καὶ
2447 3299 2843 3371 προσπεσόντες
2868 3300 3117 3380 λιπαρῶς
3147 3311 3226 3378 τῷ
3251 3304 3487 3385 δεσπότῃ

2315 3385 2679 3456 Ἐξιλεοῦνται
2709 3393 2789 3460 τῷ
2809 3392 2974 3466 πατρὶ
3002 3394 3092 3448 τὸν
3120 3394 3256 3450 υἱέα·

2315 3473 2416 3531 Καὶ
2447 3473 2727 3564 σπένδεται
2757 3479 2808 3532 οἱ
2838 3481 2928 3534 καὶ
2956 3480 3121 3538 πάλιν
3143 3485 3294 3558 νέμει
3324 3487 3544 3564 κράτος.

2137 3564 2278 3620 2620
2315 3568 2507 3638 Θηρῶν
2538 3563 2722 3644 ἐλάφῳ
2751 3567 3006 3643 βασιλεὺς
3037 3569 3355 3650 ἐντυγχάνει

2315 3654 2602 3731 Ὑπερφυεῖ
2630 3676 2688 3710 τε
2717 3657 2806 3711 καὶ
2838 3655 2960 3742 λίαν
2993 3662 3335 3737 κερασφόρὼ,

2316 3742 2434 3818 Ἐφ’
2463 3743 2521 3796 ὃν
2553 3745 2788 3819 ξιφήρης
2808 3747 3076 3803 κατέτεινε
3098 3749 3190 3804 τὸν
3224 3748 3455 3827 δρόμον,

2316 3829 2418 3885 Καὶ
2451 3831 2585 3908 φθὰς
2614 3831 2782 3908 ἐπῆρε
2809 3834 2871 3889 τὸ
2894 3837 3049 3913 ξίφος
3076 3838 3281 3910 πλῆξαι
3312 3839 3505 3905 θέλων.

2316 3919 2377 3975 Ὁ
2409 3915 2456 3973 δ’
2487 3919 2832 3999 ἀνθυποφθὰς
2862 3929 2980 3986 τοῖς
3008 3926 3193 4000 κέρασι
3234 3930 3436 4006 σφαγέα

2139 4009 2281 4064 2625
2318 4009 2482 4082 Ἄρας
2512 4009 2674 4082 ἀπῄει
2705 4011 2840 4066 κατά
2869 4007 3149 4070 δυσϐάτων
3177 4017 3386 4075 τόπων.

2319 4097 2417 4151 Καί
2441 4119 2524 4160 τις
2554 4095 2852 4175 προλαϐών
2883 4099 3327 4178 έξομαρτούντων
3357 4107 3491 4162 νέων

2319 4185 2502 4257 Ζώνην
2535 4189 2714 4261 τεμὼν
2748 4191 2952 4245 σέσωκε
2978 4191 3071 4247 τὸν
3109 4193 3356 4269 βασιλέα.

2317 4276 2418 4339 ’Ὀς
2447 4280 2660 4352 σῶστρα
2688 4277 2832 4334 καλά
2862 4284 2937 4352 τῷ
2968 4281 3231 4338 σεσωκότι
3252 4282 3403 4356 νέμει

2318 4366 2510 4438 Τομήν
2542 4367 2808 4443 κεφαλῆς·
2842 4373 2939 4447 φεῦ
2969 4366 3129 4442 δίκης
3149 4378 3251 4442 τῆς
3277 4369 3470 4428 ἀδίκου
3495 4375 3507 4432 1

2540 4484 2722 4538 ΛΕΩΝ
2761 4485 2805 4541 Ο
2848 4487 3082 4544 ΣΟΦΟΣ
3124 4489 3237 4545 ΕΤ.
3279 4490 3400 4546 ΚΕ’.

2142 4588 2282 4643 2630
2324 4585 2615 4643 Βασιλιίου
2642 4587 2698 4643 δὲ
2725 4590 2816 4646 τὸν
2850 4591 2966 4666 βίον
2998 4591 3324 4659 λελοιπότος

2322 4673 2592 4750 Διάδοχος
2623 4684 2752 4741 παῖς
2783 4678 3150 4737 ἀναδείκνυται
3182 4684 3414 4759 κράτους

2061 4453 2110 4519 D

2325 4766 2473 4820 Λέων
2506 4767 2697 4843 σοφίας
2721 4777 2992 4844 κοσμικῆς
3022 4773 3201 4842 πάσης
3230 4769 3395 4848 ἴδρις,

2323 4857 2438 4924 Τῆς
2459 4857 2784 4931 τετρακτύος
2809 4863 2916 4914 τῶν
2949 4865 3128 4939 σοφῶν
3166 4873 3309 4934 μαθη
3322 4884 3530 4936 ματων,

2323 4945 2420 4999 Θαί
2449 4953 2713 5018 μαντικῆς
2743 4947 2910 5018 αὐτῆς
2944 4949 3260 5027 ἀπορρήτου
3290 4949 3460 5007 πλέον

2145 5035 2287 5091 2630
2323 5037 2428 5099 Τῆς
2460 5031 2528 5089 δι’
2561 5033 2784 5109 έπῳδῶν
2816 5038 2907 5092 καὶ
2939 5037 3151 5114 δρόμου
3179 5044 3286 5094 τῶν
3322 5041 3584 5119 ἀστέρων,

2325 5121 2562 5186 Μύσταις
2595 5121 2850 5197 διδούσης
2878 5128 2977 5196 τήν
3010 5127 3317 5205 πρόγνωσιν
3344 5133 3454 5185 τῶν
3485 5129 3634 5188 ὅλων
3667 5135 3825 5208 (39),

2149 5265 2382 5322 sissime
2436 5270 2761 5325 tradantur.
2809 5275 2887 5327 Ex
2933 5287 3000 5328 eo
3050 5272 3333 5330 nimirum
3392 5273 3592 5331 codice
3641 5276 3826 5335 irac-

2148 5342 2348 5417 rnenta
2387 5338 2499 5394 tria
2538 5341 2755 5396 Juliani
2803 5343 3178 5417 Laodicensis
3229 5361 3422 5417 nuper
3466 5361 3572 5417 ego
3615 5338 3825 5415 edidi.

2146 5409 2713 5556 lgpéasgufgqggtsunt
2733 5413 2990 5484 oracula,
3015 5431 3146 5489 quae
3169 5409 3381 5474 Leonis
3411 5409 3558 5491 imp.
3578 5409 3826 5487 nomen
