4038 6214
218 268 327 325 109

394 391 589 448 Τᾶλλα
622 394 717 467 μὲν
749 396 909 459 οὗτος
942 391 1168 465 εὐσεϐὴς
1197 395 1284 466 ἦν,
1319 394 1627 471 όρθόφρων,

402 483 618 538 Κοινῶν
648 504 707 537 τε
736 481 1012 554 διοίκησιν
1041 485 1175 558 ἦγεν
1208 485 1285 541 ὡς
1318 481 1458 538 δὲοψ

400 571 748 647 Τετραγαμίᾳ
778 570 826 626 δ’
855 573 1166 647 ὡμιληκὼς
1197 572 1437 648 συζόγων

214 662 364 717 2640
403 662 503 715 Καὶ
538 662 672 735 πρὸς
703 662 890 735 νόμων
923 661 1159 734 κώλυμα
1193 663 1267 734 μή
1301 664 1479 739 φερειν
1513 661 1688 735 λέγων

398 746 685 823 Κυδοιμὸν
717 750 958 819 ἐντίθησι
989 749 1321 825 προστάταις
1346 748 1554 823 νόμων’
1594 776 1599 781 ·

400 838 505 893 Καὶ
537 837 926 913 ποιμενάρχην
960 837 1218 907 ὲνστάτην
1252 835 1591 912 δεδειγμένον

398 924 651 998 Ποίμνης
690 927 883 982 ἔλαυνε
911 928 1234 1003 καταγαγὼν
1265 930 1361 981 τοῦ
1392 925 1607 1002 θρόνου.

397 1017 635 1090 Πρώτην
668 1013 726 1071 δὲ
752 1037 931 1089 τιμων
952 1016 1192 1092 συξύγων
1231 1014 1486 1091 βασιλίδα

210 1107 359 1162 2645
395 1106 514 1174 Τὴν
552 1107 891 1180 μακαριστήν
925 1108 1182 1183 Θεοφανὼ
1210 1108 1309 1175 τήν
1343 1106 1483 1160 πάνυ

396 1196 677 1270 Ἀγχιστα
705 1199 836 1249 ναοῦ
864 1195 1120 1271 κηρύκων
1154 1193 1476 1250 ἀποστόλων
1511 1194 1622 1268 (40)

396 1285 553 1343 Νιὼν
588 1284 775 1354 ἀνιστᾷ
803 1282 937 1358 τῇδε
962 1288 1072 1340 τῶν
1107 1284 1373 1355 ἐξαισίων,

391 1374 481 1429 Ἐν
514 1374 561 1444 ᾧ
592 1374 752 1447 σορὸν
782 1375 998 1444 τίθησιν
1027 1373 1193 1443 αὐτῆς
1228 1372 1522 1447 λειψάνων.

389 1462 500 1518 Καὶ
532 1460 701 1517 ⁸πάλιν
733 1461 907 1518 ἄλλον
940 1462 1180 1525 καινίσας
1211 1468 1353 1527 θεῖον
1388 1460 1558 1533 δόμον

208 1553 355 1609 2650
390 1552 629 1626 Χριστοῦ
661 1551 816 1607 οάλιν
849 1557 974 1623 ζωῷ
1001 1573 1060 1625 γε
1090 1553 1322 1626 Ααζάρῳ
1353 1549 1502 1628 φίλῳ

392 1642 487 1697 Ἐν
518 1637 649 1711 τῷδ’
678 1639 1005 1716 ἐθησαύρισε
1034 1640 1287 1695 κάκείνου
1324 1641 1514 1712 ὁὲμας,

398 1730 499 1783 Καὶ
532 1726 905 1804 Μαγδαληνῆς
936 1729 1143 1805 Μαρίας
1167 1734 1266 1798 τῆς
1298 1723 1513 1790 ὀλϐίας.

393 1816 542 1891 Πρὸς
567 1814 741 1871 τοῖσδ’
772 1818 959 1888 ἀνιστᾷ
989 1819 1081 1873 καὶ
1118 1819 1288 1891 μονὴν
1324 1813 1708 1887 Κωνσταντίνῳ

394 1908 489 1963 Ἐν
519 1912 639 1969 ταῖς
664 1913 908 1969 νοσσιαῖς
936 1911 1018 1979 τῷ
1052 1906 1364 1984 Παφλαγόνι
1394 1907 1546 1982 γένος

215 1999 356 2054 2655
392 1997 496 2052 Καὶ
522 1995 811 2072 θηλυδρίᾳ,
838 1998 986 2067 πλὴν
1022 1996 1067 2052 δ’
1096 1999 1251 2071 ὅμως
1282 1996 1622 2072 πεφιλμὲνῳ,

391 2088 491 2144 “Ov
520 2087 815 2158 ἀποκείρας
846 2092 1065 2162 πρῶτον
1104 2086 1183 2149 εἷς
1218 2084 1543 2163 ῥακενδότην

388 2176 595 2249 Αόγοις
618 2176 924 2249 προαχθεὶς
952 2178 1190 2248 Βαμωνᾶ
1211 2181 1327 2237 τοῖς
1362 2173 1673 2250 βασκάνοιςο

389 2266 504 2319 Εἶτ’
537 2263 768 2328 ἐκδύσας
798 2266 975 2343 ἄμφια
999 2265 1069 2319 τά
1100 2267 1458 2341 μονοτρόπων

389 2354 572 2423 "Ain,
603 2358 738 2427 τιμᾷ
769 2358 863 2408 τοῦ
892 2355 1420 2426 παρακοιμωμένου,

210 2445 355 2500 2660
394 2444 464 2522 ⁷ῼ
490 2443 580 2496 καὶ
616 2444 788 2513 μονὴν
818 2440 1008 2517 ἤγειρε
1035 2444 1134 2512 τὴν
1170 2442 1489 2517 εἰρημένην.

389 2533 499 2587 Τὸν
534 2529 580 2584 δ’
613 2530 665 2585 ἰν
691 2535 799 2602 νεῷ
834 2530 1112 2606 μάρτυρος
1143 2526 1271 2585 ὄντα
1304 2529 1551 2598 Μωκίου,

389 2621 632 2674 Ἐστᾶηα
660 2617 710 2674 δ’
736 2622 911 2697 ἀγχοῦ
931 2618 1212 2696 κιγκλίδος
1244 2617 1393 2674 θείου
1421 2616 1616 2693 δόμοῦ,

393 2708 737 2785 Δορυφορίας
773 2707 1068 2783 βασιλικῆς
1097 2708 1347 2784 ἠγμένης

390 2800 541 2853 Κατά
568 2798 739 2871 κτέρας
771 2797 1000 2870 ἔπληξεν
1033 2800 1170 2874 ἀνήρ
1197 2819 1281 2860 τις
1321 2798 1557 2873 βάκτρῳ·

208 2890 351 2946 ἳὸὥ
389 2888 497 2944 Καὶ
526 2890 658 2963 τάχ’
687 2887 747 2942 ἂν
776 2889 944 2956 αὐτὴν
978 2889 1290 2962 συνέτριψεν
1322 2886 1593 2961 ἐσχάτως,

387 2977 449 3034 Εἰ
478 2978 556 3052 μή
588 2976 961 3053 προσαρῥάξαν
993 2998 1053 3051 γε
1086 2978 1316 3053 βάκτρον
1352 2975 1552 3051 λυχνίᾳ

388 3067 467 3124 Τὸ
500 3064 760 3122 πλεῖστον
791 3066 1045 3142 ἀφῄρητο
1083 3066 1263 3141 βιαίας
1298 3065 1499 3142 ῥύμης·

399 3157 469 3214 Ὀ
501 3150 713 3226 συμϐάν
749 3154 1029 3231 εἰργάσατο
1060 3157 1219 3230 θροῦν
1248 3159 1365 3217 τοῖς
1400 3153 1450 3209 ἐν
1482 3153 1647 3207 τελει-

394 3247 734 3319 Προήγορος
759 3242 817 3299 δὲ
844 3244 940 3299 κάν
978 3243 1344 3319 μονοτρόποις
1381 3244 1542 3319 μέγας

209 3337 350 3391 2670
388 3334 614 3404 Μάρκος
642 3334 834 3409 παρὼν
865 3330 1027 3410 ἔφησε
1064 3337 1142 3405 τῷ
1174 3333 1523 3409 στεφηφόρῳο

386 3425 450 3481 Ὁ
483 3426 786 3501 συνυρρήνας
818 3424 896 3495 τῷ
924 3422 1147 3499 μεγάλῳ
1179 3418 1446 3495 Σαϐϐάτῳ

389 3511 576 3575 Μέλος
611 3510 943 3587 τετραῴδιον
971 3512 1365 3587 εὐφυεστάτως,

389 3603 489 3658 Ἐκ
515 3606 615 3658 τοῦ
643 3601 918 3675 παρόντος
951 3601 1005 3665 ἐς
1032 3600 1187 3656 νέωτ⁹
1212 3598 1518 3676 ἀραρότως,

394 3690 629 3745 Δὲκατον
661 3689 859 3765 ἄρξων,
896 3689 1141 3765 βασιλεῦ,
1172 3687 1281 3754 ἴσθι
1318 3689 1540 3764 χρόνον·

216 3782 355 3837 ω’ῖὸ
393 3778 495 3834 Καὶ
525 3776 833 3853 σῦνδρομον
864 3779 1077 3855 γὲνοιτο
1107 3776 1338 3853 τοῦργον
1364 3782 1444 3849 τῷ
1474 3774 1649 3851 λόγῳ.

286 3870 754 3925 ΑΛΕΞΑΝΔΡοΣ
788 3873 827 3921 Ο
857 3869 1187 3925 ΑΔΕΛΦΟΣ
1223 3867 1449 3925 ΑΥΤΟΥ
1478 3866 1660 3922 ΜΒΝ.
1689 3864 1791 3919 1Γ’.

396 3974 630 4037 Δὲοντος
655 3974 836 4050 ἀρχὴν
870 3974 960 4029 καὶ
996 3973 1113 4050 βίον
1145 3971 1531 4042 λελοιπόντος,

389 4066 681 4137 Ὅμαιμος
716 4060 1071 4137 Ἀλέξανδρος
1103 4059 1232 4137 ἔσχε
1259 4064 1322 4117 τὸ
1357 4064 1580 4133 κράτος,

391 4154 524 4221 Ἀνή
532 4175 561 4228 ρ
586 4152 797 4228 ἀσελγή
808 4175 832 4215 ς
842 4198 855 4223 ,
878 4150 1030 4208 ἐκδεδ
1040 4154 1163 4227 ίῃτη
1175 4154 1335 4226 μένος
1345 4195 1360 4225 ,

393 4244 635 4317 ’Δθυρμ’
660 4242 903 4315 ἐρώτων,
935 4242 1229 4304 ἀκολασίας
1261 4241 1449 4318 φίλος,

218 4334 357 4389 2680
394 4332 645 4404 Κώμοις,
685 4333 875 4403 μέθαις
907 4330 1177 4405 χαίρουσα
1211 4327 1493 4405 χοιρώδης
1526 4327 1703 4407 φύσις,

395 4423 621 4487 Ῥἐκτης
648 4420 891 4495 κρυφίων
921 4418 1248 4498 Ἀφροδίτης
1281 4420 1501 4496 ὀργίων,

400 4509 676 4578 Φαύλοις,
696 4509 973 4585 ἆγύρταις,
1005 4507 1256 4583 ἀνδράσιν
1291 4506 1645 4584 εὐτραπέλοις

394 4594 875 4676 Τριωϐολιμαίοις
902 4620 960 4653 τε
987 4599 1253 4674 χειρίζωγ
1289 4597 1506 4672 κράτος·

396 4694 595 4750 "Odm:
624 4690 1024 4764 κατωρχήσατο
1053 4694 1155 4757 τῆς
1184 4686 1520 4761 κραταρχίας

225 4780 363 4836 ἳϐἕ)
394 4782 500 4839 Ὠς
530 4778 791 4852 συγγόνου
823 4775 1126 4851 πρόρρησις
1153 4773 1207 4831 ἓν
1241 4778 1292 4851 γ’
1324 4774 1443 4837 ἔτος
1480 4773 1667 4848 μόνον,

401 4870 603 4938 Μηνας
636 4863 911 4942 δεκατρεῖς
944 4863 1404 4941 δυστυχεστάτους
1435 4865 1641 4940 φέρων.

230 4957 786 5015 ΚΩΝΣΤΑΝΤΙΝΟΣ
842 4957 885 5012 Ο
939 4957 1098 5013 ΥΙΟΣ
1159 4956 1487 5012 ΛΕΟΝΤΟΣ
1543 4958 1582 5006 Ο
1625 4955 1875 5009 ΗΟΡΦΥ-

296 5046 768 5105 POI‘ENNHTOZ
857 5045 993 5103 2m
1082 5047 1174 5122 To
1253 5045 1574 5120 nENeEpe
1657 5042 1879 5098 ΑΥΤΟΥ

342 5138 639 5212 ΡΩΜΑΝῼ
676 5141 762 5214 re
801 5135 1214 5211 ΛΑΚΑΠΗΝῼ.
1254 5134 1449 5191 OMOr
1486 5134 1598 5189 ET.
1641 5133 1749 5199 K2,".

393 5246 611 5301 Τοῦτου
637 5242 1116 5319 καταστρέψαντος
1147 5240 1392 5317 αῒςχρῶς
1422 5240 1512 5295 τὸν
1552 5238 1665 5313 βίον

296 5398 400 5467 (40)
433 5397 817 5455 ωοιιιὶοηοω
866 5396 1099 5452 nuntius
1134 5394 1615 5467 iapostolusyquaa
1675 5396 1765 5467 est
1824 5392 1880 5448 in

238 5464 476 5526 editione
520 5469 759 5526 Eusebii
801 5464 1302 5533 Meridionale’nsi,
1337 5483 1394 5538 p.
1426 5466 1516 5538 70,
1569 5464 1878 5538 reprehen-

238 5539 312 5595 dit
338 5547 401 5597 nt
428 5540 866 5609 incredibilem,
901 5536 1416 5610 abjiciendamque
1456 5537 1777 5610 judicavit,
1821 5536 1880 5591 in

235 5612 346 5669 suis
373 5607 997 5673 animadversionibus
1045 5613 1251 5669 doctus
1281 5607 1524 5682 quidam
1556 5608 1644 5665 vir
1672 5607 1879 5665 Italus.

1756 266 2120 322 ΟΒΒΔΒΕΒ.

1900 392 1954 459 Α
1987 391 2089 447 Hic
2118 393 2471 464 easteroquin
2495 395 2627 466 pius
2656 399 2715 451 et
2743 396 3103 457 orthodoxus

3533 280 3636 337 110

1990 496 2109 534 rem
2144 482 2433 553 dirigebat
2463 500 2625 555 sequo
2649 487 2786 555 jure
2807 486 3135 557 publicam;

1990 570 2091 623 sed
2122 574 2317 626 tamen
2353 574 2577 643 quartis
2607 574 2918 631 celebratis
2950 577 3196 648 nuptiis.

1988 676 2092 715 nec
2125 662 2321 734 legum
2352 663 2460 725 hac
2491 665 2549 719 in
2583 670 2747 737 parte
2777 668 3009 722 frenum
3042 667 3291 738 patiens,

1989 752 2244 805 tumultu
2270 754 2627 823 perturbavit
2652 757 2923 811 custodes
2941 756 3131 826 juris;

1988 841 2045 891 et
2075 839 2468 909 patriarcham
2496 843 2901 899 adversantem
2935 845 3051 900 sibi

1987 944 2157 999 grege
2188 930 2390 1000 procul
2422 931 2649 1003 pepulit
2679 934 3005 988 detractum
3040 934 3272 990 throno.

1988 1016 2137 1071 Tum
2172 1022 2235 1072 ut
2262 1034 2431 1073 suam
2457 1020 2706 1089 primam
2738 1023 3051 1093 conjugem
3086 1024 3351 1093 reginam

1984 1106 2477 1178 Theophanonem
2515 1117 2809 1167 mortuam
2843 1114 3177 1181 honoraret,

1986 1195 2230 1252 delubro
2262 1198 2589 1269 proximam
2623 1200 3023 1272 apostolorum

1984 1286 2163 1341 aedem
2200 1287 2337 1343 huic
2368 1290 2657 1345 exstruxit
2688 1290 2945 1363 ingentis
2980 1292 3151 1348 molis

1983 1374 2180 1443 ibique
2203 1375 2479 1449 reliquias
2502 1380 2631 1450 ejus
2653 1380 2710 1433 in
2730 1397 2865 1435 arca
2895 1382 3113 1452 posuit.

1983 1462 2327 1538 Rursusque
2354 1467 2528 1523 aliam
2556 1469 2894 1525 instaurans
2915 1487 3144 1526 sacram
3175 1472 3377 1529 eadem.

1984 1552 2171 1608 amico
2199 1554 2415 1611 Christi
2447 1557 2700 1614 redivivo
2731 1559 2965 1627 Lazaro,

1981 1640 2201 1697 ibidem
2234 1658 2447 1714 corpus
2482 1646 2611 1716 ejus
2652 1646 2865 1703 clausit
2894 1646 3109 1719 loculo,

1899 1755 1946 1820 B
1980 1746 2085 1787 nec
2115 1748 2229 1787 non
2262 1733 2447 1789 beatae
2478 1734 2827 1805 Magdalenae
2860 1738 3076 1793 Marias.

1974 1821 2311 1876 C(Bnobium
2345 1823 2590 1896 insuper
2620 1826 2837 1882 struxit
2866 1827 3255 1883 Constantino

1974 1909 2335 1982 Paphlagoni
2367 1913 2425 1967 in
2459 1930 2525 1970 eo
2554 1915 2679 1970 loco
2707 1916 2806 1986 qui
2837 1917 3023 1972 Nidus
3064 1918 3301 1987 dicitur,

1975 1999 2137 2071 turpi
2158 2000 2303 2070 viro,
2331 2003 2429 2057 sed
2455 2006 2648 2059 tamen
2666 2004 2877 2059 dilecto
2909 2005 3023 2060 sibi
3048 2023 3063 2074 ;

1977 2102 2150 2157 quem
2174 2106 2340 2145 coma
2366 2092 2729 2162 tonsajussit
2753 2109 2883 2149 esse
2906 2093 3262 2149 monachum

1975 2177 2169 2232 verbis
2201 2177 2519 2236 instinctus
2550 2182 2818 2238 Samonas
2851 2182 3168 2239 invidentis
3202 2200 3216 2239 :

1978 2270 2179 2335 postea
2201 2266 2463 2323 detracta
2494 2269 2821 2325 monachali
2853 2274 3011 2325 veste

1977 2352 2320 2409 cubicularii
2351 2354 2571 2411 honore
2602 2358 3009 2413 condecoravit

1976 2440 2144 2498 illum
2177 2442 2269 2497 cui
2304 2447 2749 2513 monasterium,
2771 2451 2837 2502 ut
2866 2448 3007 2519 dixi,
3041 2452 3354 2505 struxerat.

1976 2531 2118 2586 Exin
2150 2532 2563 2604 imperatorem
2588 2535 2646 2591 in
2679 2536 2895 2607 templo
2927 2538 3202 2608 martyris

1972 2621 2140 2676 Mocil
2169 2628 2523 2688 versantem,
2557 2624 2696 2680 dum
2728 2626 2870 2697 regii
2902 2626 3179 2682 satellites

1972 2710 2247 2766 cancellis
2280 2712 2741 2784 prepinquarent
2770 2715 2977 2769 divinae
3013 2716 3242 2782 domus,

1973 2799 2169 2854 nescio
2202 2801 2336 2871 quis
2368 2802 2523 2857 fuste
2545 2804 2837 2873 percussit
2866 2803 2926 2857 in
2957 2803 3175 2875 capite;

1973 2890 2125 2959 quod
2158 2890 2392 2960 quidem
2426 2889 2509 2945 illi
2543 2908 2786 2962 prorsus
2818 2893 3223 2964 confregisset,

1970 2978 2083 3031 nisi
2112 2979 2385 3048 pendenti
2416 2978 2626 3049 lychno
2658 2979 2847 3034 illisus
2878 2981 3051 3035 fustis

1970 3066 2223 3121 multum
2256 3068 2326 3121 de
2357 3066 2412 3119 vi
2444 3066 2643 3121 lethali
2676 3068 3045 3137 perdidisset.

1973 3157 2160 3226 Atque
2190 3155 2245 3208 id
2280 3170 2547 3225 proceres
2580 3155 2746 3210 valde
2776 3155 3033 3209 turbavit
3064 3154 3312 3212 facinus.

1977 3243 2270 3299 Fatidicus
2292 3248 2490 3299 autem
2523 3248 2579 3299 et
2608 3243 2803 3299 clarus
2834 3244 2988 3299 inter
3019 3244 3334 3300 monachos

1976 3336 2224 3401 Marcus,
2255 3331 2353 3402 qui
2388 3331 2592 3402 panxit
2621 3348 2857 3387 carmen
2888 3333 3245 3389 tetraodium

1975 3421 2213 3476 Sabbati
2247 3421 2443 3494 magni
2474 3426 3065 3493 pervenustometro,

1975 3510 2121 3566 forte
2148 3511 2227 3565 ibi
2261 3527 2517 3583 praesens
2539 3527 2736 3584 regem
2770 3512 2853 3567 sic
2885 3518 2975 3569 est
3004 3515 3213 3570 affatus
3251 3530 3264 3569 :

1974 3599 2255 3672 Tempore
2282 3617 2350 3656 ex
2380 3600 2487 3656 hoc
2518 3608 2739 3657 certum
2770 3607 2826 3657 te
2856 3619 2983 3659 esse
3013 3603 3162 3660 volo.

1975 3689 2172 3745 decem
2197 3689 2389 3744 adhuc
2418 3707 2604 3745 annos
2630 3690 2752 3746 fore
2782 3696 3165 3763 regnaturum
3201 3708 3214 3746 :

1976 3777 2205 3849 fuitque
2233 3779 2425 3834 verbis
2457 3796 2661 3851 reapse
2691 3785 2934 3835 eventus
2966 3797 3280 3836 consonus.

2047 3868 2481 3922 ALEXANDER
2520 3868 2779 3925 LEONIS
2819 3869 3103 3923 FRATER
3140 3868 3361 3923 MENS.
3395 3868 3541 3923 XIII.

1976 3974 2165 4028 Leone
2190 3974 2491 4028 deserente
2521 3990 2654 4028 cum
2679 3974 2794 4028 vita
2824 3973 3163 4044 imperium,

1976 4064 2153 4118 frater
2180 4060 2435 4117 obtinuit
2466 4066 2763 4133 sceptrum
2796 4061 3142 4129 Alexander,

1974 4152 2062 4207 vir
2092 4149 2428 4221 impudicus
2459 4149 2820 4220 perditisque
2850 4150 3133 4217 moribus,

1977 4256 2181 4295 servus
2211 4238 2544 4306 libidinum,
2579 4238 3017 4294 incontinentiae
3048 4240 3304 4307 deditus,

1978 4332 2359 4393 comessator,
2392 4326 2679 4395 ebriosus,
2713 4327 3014 4399 ingenium
3047 4329 3314 4394 brutum,

1980 4423 2153 4489 atque
2183 4432 2530 4473 arcanorum
2564 4416 2802 4473 Veneris
2833 4418 3131 4488 orgiorum
3157 4417 3401 4475 assecla.

1905 4483 1950 4549 D
1984 4507 2274 4580 Improbis
2314 4506 2408 4563 hic
2438 4505 2659 4561 scurris
2690 4506 3173 4562 circumforaneis

1983 4597 2315 4669 vilibusque
2346 4612 2467 4651 rem
2500 4595 2818 4667 gerendam
2850 4596 3120 4649 tradebat
3150 4594 3474 4667 publicam.

1985 4686 2091 4751 Qui
2119 4690 2431 4757 postquam
2454 4683 2513 4737 in
2545 4682 2792 4754 imperio
2826 4683 3218 4739 debacchatus
3248 4689 3337 4739 est

1985 4792 2159 4844 anno,
2193 4780 2257 4830 ut
2287 4776 2466 4829 frater
2490 4773 2856 4844 praedixerat,
2892 4772 3047 4828 haud
3080 4772 3214 4844 plus
3247 4789 3389 4843 uno,

1986 4881 2188 4921 mense
2220 4863 2430 4919 misere
2453 4862 2678 4919 interiit
2703 4862 2877 4917 tertio
2908 4861 3156 4918 decimo.

1986 4951 2531 5010 CONSTANTINUS
2583 4952 2833 5006 LEONIS
2888 4950 3169 5005 FRATER
3220 4951 3631 5008 PORPHYRO-

2059 5039 2360 5097 GENITUS
2407 5038 2553 5095 CUM
2593 5037 2864 5093 SOGERO
2914 5037 3045 5092 SUO
3086 5036 3396 5096 ROMANO
3436 5041 3635 5092 LACA-

2062 5129 2247 5187 PENO
2285 5128 2454 5185 ANN.
2496 5126 2694 5182 XXVI.

1991 5235 2100 5292 Ubi
2128 5234 2455 5291 Alexander
2484 5230 2734 5304 turpiter
2754 5230 2933 5287 vitam
2968 5230 3202 5299 clausit,

1991 5390 2100 5447 Sed
2133 5403 2265 5444 ecce
2322 5386 2430 5443 tibi
2484 5382 2653 5457 κήρυξ
2707 5380 3015 5457 απόστογλος
3072 5382 3306 5457 nuntias
3363 5381 3638 5457 apostolus

1992 5462 2146 5533 apud
2178 5452 2601 5533 Ephrmmium.
2635 5452 2823 5533 Quare
2875 5456 2960 5511 sic
2994 5469 3212 5533 reapse
3241 5452 3471 5533 legerat
3500 5452 3637 5507 olim

1991 5523 2281 5606 interpres
2312 5530 2616 5587 Armenius
2647 5528 2823 5585 etiam
2857 5528 3011 5600 apud
3043 5523 3387 5582 Eusebium.
