4086 6210
403 276 428 332 4
444 275 507 331 11
1608 269 1982 325 EPHRBMII
2020 264 2591 323 CHRONOGBAPHI

405 398 834 457 Constantinus
866 412 1137 470 purpurae
1166 411 1405 469 germen
1439 395 1696 468 primum

405 489 612 546 Leonis
645 487 805 543 ﬁlius
835 485 1148 558 imperium
1181 484 1456 551 obtinuit,

405 582 626 634 etatem
659 592 900 649 prorsus
931 581 1192 630 teneram
1226 574 1417 629 adhuc
1448 573 1686 644 degens.

411 669 555 723 Dum
587 668 636 722 is
669 682 802 720 cum
837 668 1024 720 matre
1050 663 1129 720 rei
1161 663 1501 736 praesideret
1528 659 1794 732 publica},

411 758 714 812 Romanus
740 753 983 826 quidam
1018 753 1359 824 Lacapenus
1391 753 1601 824 patria,

407 846 523 900 dux
553 843 912 899 exercituum
947 858 1191 898 munere
1222 840 1604 912 drungarius,

407 932 616 989 fefellit
649 947 828 1005 puero
859 930 1158 1003 regnatori
1189 930 1386 986 ﬁdem.

407 1027 539 1078 Mox
570 1021 640 1077 ad
677 1019 840 1092 regni
863 1021 1199 1076 societatem
1233 1018 1528 1075 admissus
1561 1014 1673 1071 fuit

410 1128 525 1166 non
558 1110 686 1165 sine
716 1108 875 1182 gravi
899 1109 1287 1180 jurejurando
1317 1111 1600 1178 pactoque
1627 1102 1774 1160 inito

412 1200 534 1256 fore
563 1203 630 1254 ut
668 1202 1056 1266 conregnaret
1085 1212 1218 1253 cum
1252 1211 1386 1268 rege
1417 1210 1618 1266 puero,

413 1287 766 1359 imperiique
787 1291 845 1342 et
873 1287 1041 1358 pueri
1074 1285 1250 1342 simul
1292 1283 1538 1340 tutelam
1563 1284 1808 1354 gereret.

415 1385 593 1448 atque
623 1376 763 1431 huic
794 1375 1152 1431 incolumem
1185 1378 1445 1430 servaret
1475 1373 1844 1443 potentatum

411 1466 582 1536 cujus
611 1481 814 1535 reapse
845 1464 1134 1520 haeredem
1168 1469 1331 1536 pater
1361 1463 1590 1517 fecerat.

411 1555 518 1610 Sed
554 1571 667 1610 non
701 1554 953 1610 servavit
984 1553 1318 1624 Lacapenus
1354 1552 1562 1606 foedera
1597 1567 1609 1603 :

411 1643 551 1713 quin
587 1643 729 1698 adeo
762 1641 911 1697 filios
941 1647 1061 1697 tres
1092 1640 1418 1712 designavit
1446 1641 1698 1695 Caesares
1727 1655 1742 1706 ;

411 1731 646 1802 sibique
677 1731 997 1786 vindicavit
1027 1729 1395 1801 publicarum
1427 1743 1627 1783 rerum

411 1837 612 1875 curam
647 1820 980 1876 universam
1016 1819 1365 1890 imperiique
1395 1816 1676 1888 regimen.

413 1909 648 1963 Interim
682 1912 879 1963 tamen
911 1908 1329 1962 Constantinus
1361 1921 1595 1976 quoque

410 2013 542 2052 cum
576 2013 714 2052 sene
743 1998 984 2068 ejusque
1016 1997 1216 2052 liberis
1247 1995 1592 2067 imperabat.

410 2088 598 2158 Atque
620 2086 698 2142 ita
723 2089 958 2156 tempus
989 2084 1217 2157 lapsum
1248 2091 1338 2140 est
1368 2083 1701 2150 diutinum;

423 2175 702 2230 nimirum
731 2175 933 2246 viginti
966 2181 1024 2230 et
1052 2191 1152 2229 sex
1184 2174 1479 2230 ﬂuxerunt
1507 2170 1668 2227 anni.

691 2307 1230 2364 CONSTANTINUS
1270 2305 1492 2362 SOLUS
1529 2304 1627 2359 AN
1660 2302 1782 2358 XV.

412 2443 576 2497 Tunc
606 2442 840 2497 demum
873 2440 1328 2512 comprehensos
1358 2438 1780 2496 Constantinus

422 2534 594 2588 cauto
627 2530 872 2586 artiﬁcio
903 2530 1228 2601 idoneoque
1254 2535 1514 2598 tempore

420 2624 639 2689 patrem
675 2635 808 2674 cum
839 2618 978 2673 ﬁliis
1010 2618 1247 2689 regibus
1279 2617 1532 2672 insitivis

416 2707 677 2763 dominio
707 2707 867 2763 exuit
895 2705 1176 2777 solusque
1209 2704 1519 2778 imperium
1549 2703 1760 2759 tenuit.

417 2797 564 2852 lIuic
593 2797 727 2868 pius
757 2800 880 2851 erat
909 2799 965 2850 et
994 2794 1314 2850 orthodoxo
1345 2793 1565 2857 animo,

416 2891 475 2941 et
507 2884 654 2941 nihil
685 2885 746 2940 in
779 2884 1048 2940 Ecclesia;
1077 2883 1371 2939 institutis
1399 2884 1705 2948 innovans,

421 2976 540 3030 imo
574 2975 708 3030 huic
740 2973 965 3029 dilectae
998 2990 1100 3028 ceu
1138 2973 1308 3028 matri
1343 2971 1643 3035 obediens,

417 3069 474 3119 et
504 3064 836 3120 divinorum
862 3064 1205 3135 dogmatum
1239 3062 1529 3129 defensor,

417 3159 473 3208 et
497 3154 653 3224 juris
681 3153 1111 3210 observantiam
1147 3152 1205 3206 in
1241 3151 1448 3223 primis
1479 3149 1738 3220 exigens.

421 3243 575 3297 [dem
610 3243 893 3298 doctrinis
925 3242 1208 3313 praeditus
1238 3240 1602 3310 sapientibus

422 3331 802 3402 profanisque
833 3329 1046 3384 litteris
1076 3329 1283 3384 eximie
1315 3329 1667 3391 instructus,

421 3419 632 3473 harum
665 3434 899 3490 quoque
929 3417 1113 3489 gessit
1145 3432 1378 3487 semper
1405 3414 1819 3488 patrocinium,

420 3507 639 3579 quibus
669 3505 966 3562 tradendis
991 3505 1304 3573 magistros
1333 3503 1671 3575 praeposuit.

420 3598 641 3652 Tamen
676 3596 930 3667 indignae
962 3595 1210 3664 imperio
1243 3594 1409 3648 dotes
1442 3593 1672 3647 inerant
1707 3609 1719 3646 :

418 3701 677 3757 namque
709 3683 1133 3754 rempublicam
1165 3681 1484 3737 socorditer
1520 3681 1778 3752 regebat,

418 3774 597 3829 nimis
618 3773 982 3828 irascebatur
1017 3770 1500 3842 delinquentibus

419 3862 727 3934 pomisque
757 3866 882 3916 erat
911 3859 1218 3916 sumendis
1248 3858 1650 3916 inexorabilis.

420 3952 580 4007 Idem
614 3951 994 4023 magistratus
1027 3949 1471 4022 senatoriosque
1500 3951 1720 4020 gradus

424 4040 894 4112 praeferurasque
923 4045 980 4094 et
1012 4037 1301 4094 militares
1333 4039 1569 4094 ordines

420 4129 561 4184 viris
593 4131 860 4184 tradebat
891 4145 1134 4199 prorsus
1165 4127 1322 4183 haud
1356 4128 1603 4200 idoneis,

423 4218 685 4291 indignis
711 4217 992 4288 omnique
1023 4216 1164 4272 vitio
1196 4215 1627 4290 laborantibus,

421 4307 616 4362 ofﬁcia
645 4313 855 4362 cuncta
886 4321 1029 4360 auro
1059 4305 1289 4359 venalia
1317 4305 1618 4361 exhibens.

424 4395 530 4450 Hic
561 4411 693 4450 cum
728 4398 990 4449 Romano
1021 4393 1156 4446 dum
1192 4399 1458 4464 regnaret
1487 4395 1703 4464 adhuc,

426 4483 619 4554 imago
649 4482 863 4537 Christi
901 4481 1128 4536 Domini
1163 4480 1318 4536 haud
1355 4497 1534 4537 manu
1561 4483 1710 4540 facta

428 4574 578 4626 miro
609 4571 856 4626 artificio
881 4570 941 4625 in
974 4569 1201 4626 mantili
1233 4572 1389 4642 picta

424 4661 644 4716 Edessa
673 4661 816 4716 urbe
849 4661 1180 4730 Byzantium
1214 4660 1502 4716 translata
1530 4661 1662 4717 fuit.

420 4749 701 4805 Rossicus
732 4749 906 4804 etiam
941 4748 1235 4820 plurimus
1264 4750 1554 4806 exercitus
1670 4742 1674 4746 λ

423 4838 760 4911 quindecim
798 4837 958 4893 mille
990 4853 1164 4893 naves
1200 4838 1518 4905 onerarias,

424 4933 490 4983 ut
523 4929 675 4983 fama
703 4932 814 4994 est,
846 4928 1088 4993 ducens,
1123 4933 1448 4998 cunctaque
1477 4929 1840 5002 depopulans

423 5015 496 5070 ab
524 5016 728 5072 urbem
762 5016 978 5086 regium
1011 5015 1221 5070 direxit
1252 5033 1515 5072 cursum.

421 5105 529 5160 Sed
563 5105 718 5159 enim
749 5121 929 5176 prope
962 5104 1272 5160 universus
1304 5107 1519 5162 auxilio
1544 5107 1643 5164 Dei

423 5191 665 5266 Virgine
696 5208 933 5265 quoque
967 5196 1154 5248 matre
1186 5193 1404 5250 ferente
1436 5212 1604 5268 opem

422 5282 698 5338 Romanae
730 5281 937 5337 classis
969 5281 1193 5354 impetu
1235 5282 1461 5340 deletus
1502 5285 1632 5342 fuit.

537 5397 878 5454 ROMANUS
909 5397 1440 5455 CONSTANTINUS
1468 5401 1696 5459 FILIUS
1729 5404 1824 5460 AN
1857 5406 1953 5464 ΙΙΙ.

422 5513 568 5570 Exin
601 5513 1101 5587 Porphyrogenito
1132 5516 1250 5572 vita
1282 5517 1480 5574 functo

423 5603 725 5661 Romanus
755 5603 912 5660 {ilius
945 5604 1261 5678 imperator
1289 5606 1531 5681 exstitit,

2074 397 2129 461 Α

2338 390 2740 448 Κωνσταντῖνος
2771 383 3065 461 βλάστημα
3093 388 3310 461 πρῶτος
3347 385 3632 464 πορφύρας

2337 473 2568 536 Λέοντος
2602 474 2720 536 υἱὸς
2751 469 3170 550 παραλαμϐάνει
3199 475 3400 548 κράτος

2157 567 2301 621 2690
2340 566 2472 626 Νέος
2501 563 2707 638 κομιδῆ
2735 565 3024 640 τυγχάνων
3055 562 3300 633 ἡλικίαν.

2338 653 2442 708 Σὺν
2481 654 2648 729 μητρὶ
2679 651 2920 709 διέποντι
2947 651 3088 726 τῷδε
3113 654 3177 708 τὸ
3206 652 3402 727 κράτος

2339 742 2614 820 Ἐπιφυείς
2641 744 2915 815 Ῥωμανὸς
2948 741 3008 798 ἐκ
3035 743 3296 812 Λακάπης

2339 828 2531 886 Πέλων
2565 831 2884 907 στολάρχης
2917 830 3277 907 δρουγγάριος
3305 831 3479 904 ἀξίαν,

2339 920 2710 990 Ἀπεστάτησε
2737 925 2834 975 τοῦ
2860 922 2984 975 νέου
3017 921 3361 998 στεφηφόρου
3393 939 3408 954 ⁶

2157 1009 2300 1065 2695
2337 1009 2561 1082 Ὅρκοις
2596 1008 2913 1086 φρικαλέοις
2943 1006 2999 1063 δὲ
3023 1011 3314 1079 συνθήκαις
3345 1011 3393 1074 θ’
3423 1011 3536 1084 ἅμα

2336 1096 2432 1161 Εἷς
2464 1095 2742 1172 βασιλείας
2773 1095 3131 1173 προσδεχθεὶς
3159 1097 3473 1172 κοινωνίαν,

2335 1186 2424 1247 Ὦς
2452 1184 2747 1260 συνανάσσῃ
2769 1186 2850 1258 τῷ
2879 1187 2986 1258 νέῳ
3005 1185 3355 1264 στεφηφόρῳ,

2337 1273 2444 1330 Καὶ
2474 1271 2731 1348 κηδεμὼν
2763 1273 2800 1349 ᾖ
2825 1279 2924 1329 τοῦ
2953 1275 3076 1330 νέου
3102 1274 3194 1330 καὶ
3222 1279 3320 1331 τοῦ
3347 1277 3603 1353 κράτους,

2339 1362 2445 1418 Καὶ
2474 1361 2617 1435 τῶδε
2645 1365 2874 1437 τηρήσει
2903 1362 3238 1440 κραταρχίαν

2160 1452 2301 1508 2700
2339 1451 2424 1513 Ὠς
2458 1450 2665 1527 κλῆρον
2695 1449 2865 1514 ὅντως
2893 1454 3157 1526 πατρόθεν
3191 1451 3498 1530 δεδεγμένῳ
3526 1475 3540 1490 ·

2339 1539 2417 1597 Οὐ
2446 1539 2601 1595 πάντ’
2630 1539 2930 1618 ἐφυλάξατο
2957 1547 3065 1598 τῶν
3099 1546 3488 1618 συγκειμένων,

2339 1626 2496 1686 Ἀλλ’
2526 1629 2674 1692 υἱέας
2701 1635 2848 1705 τρεῖς
2878 1629 2958 1693 εῗς
2993 1631 3251 1707 βασιλέας
3281 1633 3485 1709 στέφει,

2339 1716 2501 1790 Αὐτῷ
2530 1718 2891 1794 ἀπεκλήρωσε
2919 1724 3118 1775 κοινῶν
3150 1722 3488 1797 πραγμάτων

2339 1805 2608 1881 Φροντίδα
2636 1815 2806 1864 πᾶσαν
2839 1811 2928 1864 καὶ
2955 1807 3224 1882 διοίκησιν
3255 1813 3506 1883 κράτους.

2160 1897 2304 1952 2705
2339 1896 2488 1958 Τέως
2519 1895 2576 1952 δὲ
2602 1898 2842 1962 συνίθυνε
2868 1899 2958 1953 καὶ
2991 1906 3396 1965 Κωνσταντῖνος

2344 1988 2439 2058 Τῷ
2470 1982 2741 2062 πρεσϐύτῃ
2769 1988 2859 2042 καὶ
2889 1993 3008 2051 τοῖς
3037 1990 3324 2066 νεωτέροις
3351 1993 3575 2068 κράτος,

2347 2073 2449 2130 Καὶ
2484 2074 2689 2149 μακρὸς
2723 2073 2978 2146 ἐξήνυστο
3007 2081 3085 2149 τῷ
3117 2079 3266 2152 μέσῳ
3293 2081 3496 2157 χρόνος

2346 2163 2488 2237 Πρὸς
2521 2161 2718 2220 εἷ’κοσιν
2745 2165 2799 2235 ’ἐξ
2831 2166 3249 2243 παραρρυέντων
3278 2171 3516 2246 χρόνων.

2441 2301 2970 2358 ΚΩΝΣΤΑΝΤΙΝΟΣ
3009 2308 3248 2361 ΜΟΝΟΣ
3289 2309 3389 2362 ΕΤ.
3434 2309 3535 2364 lE'.
3626 2360 3630 2364 .

2348 2433 2445 2488 Καὶ
2475 2440 2771 2506 τηνικαῦτα
2801 2433 3092 2494 συλλαϐὼν
3124 2445 3526 2508 Κωνσταντῖνος

2172 2521 2316 2578 2710
2351 2522 2440 2585 Ὧς
2465 2530 2744 2600 νουνεχῶς
2772 2548 2832 2582 τε
2859 2528 2952 2582 καὶ
2981 2525 3101 2583 λίαν
3131 2526 3424 2602 ἐπηϐόλως

2352 2611 2522 2703 Φίτυν
2550 2635 2608 2670 τε
2638 2614 2836 2680 παῖδας
2862 2616 3092 2682 ἄνακτας
3122 2625 3538 2703 παρεγγράφους

2351 2702 2607 2766 Καθεῖλεν
2639 2704 2817 2782 ἀρχῆς
2849 2707 2938 2762 καὶ
2972 2716 3245 2786 μοναρχεῖ
3271 2717 3367 2768 τοῦ
3389 2702 3650 2792 κράτους.

2351 2795 2592 2882 Ὑπῇρχε
2623 2792 2668 2849 δ’
2702 2797 2860 2859 οὗτος
2891 2793 3114 2870 εὐσεϐής
3143 2822 3249 2873 τις,
3283 2801 3589 2882 ὀρθόφρων,

2347 2880 2530 2971 Μηδὲν
2561 2891 2812 2960 νεοχμῶν
2841 2893 2950 2943 τῶν
2981 2889 3114 2945 έθῶν
3145 2880 3499 2971 Ἐκκλησίας,

2170 2972 2315 3026 2715
2352 2970 2530 3028 Εἷ¹κων
2564 2971 2621 3030 δὲ
2644 2977 2812 3052 ταύτῃ
2843 2979 2983 3043 καθὰ
3017 2982 3184 3058 μητρὶ
3216 2982 3477 3059 φιλτάτη,

2348 3065 2506 3142 Ὑπερ
2517 3072 2712 3144 μαχῶν
2738 3090 2796 3124 τε
2827 3067 3112 3146 δογμάτων
3146 3079 3254 3130 τῶν
3282 3074 3498 3151 ἐνθέων,

2351 3153 2450 3208 Καὶ
2481 3155 2656 3244 πάντα
2685 3163 2858 3214 ποιῶν
2887 3161 3024 3237 πρὸς
3052 3161 3301 3240 φυλακὴν
3330 3171 3437 3222 τῶν
3468 3169 3656 3244 νόμων
3692 3193 3708 3208 ·

2350 3244 2450 3300 Ἦν
2483 3243 2537 3300 ἐν
2571 3249 2775 3320 μεθέξει
2805 3250 2894 3304 καὶ
2927 3257 3106 3328 σοφῶν
3141 3256 3480 3330 μαθημάτων

2351 3330 2688 3398 Παιδεύσεώς
2715 3359 2775 3392 τε
2803 3345 2902 3408 τῆς
2930 3340 3153 3417 Θόραθεν
3186 3344 3263 3408 εἰς
3295 3347 3456 3420 ἄκρον
3491 3366 3505 3380 °

2171 3421 2315 3477 2720
2353 3423 2446 3476 Ὧν
2474 3423 2562 3478 καὶ
2595 3428 2912 3502 προμηθεὺς
2947 3427 3097 3487 ὦπτο
3130 3441 3363 3492 συνεῖναι
3398 3438 3524 3514 βίῳ,

2493 3521 2643 3590 σφῶν
2666 3516 2980 3593 ἐπιστήμης
3007 3544 3071 3597 γε
3098 3522 3256 3595 τάξας
3289 3529 3538 3604 τεχνίτας
3571 3553 3585 3566 °

2353 3600 2507 3694 Πλὴν
2539 3605 2683 3694 εἶχεν
2715 3607 2847 3663 ἄττα
2879 3611 2956 3682 μή
2988 3600 3575 3694 προσήκοντανκράτει.

2351 3690 2663 3768 Αὐταρχίαν
2694 3697 2796 3772 γάρ
2832 3696 3092 3770 μαλακῶς
3122 3702 3187 3772 ἦν
3225 3690 3418 3762 ἰθύνων
3451 3727 3466 3741 ·

2254 3863 2257 3866 _
2351 3779 2544 3868 Ὠρᾶτο
2575 3783 2664 3837 καὶ
2698 3782 2964 3862 δόσοργος
2992 3790 3398 3868 ἡμαρτηκόσιν,

2173 3868 2316 3924 2725
2354 3870 2496 3966 ξΙρὸς
2527 3867 2575 3925 δ’
2603 3871 2668 3926 αὖ
2694 3873 2974 3966 ,κολαστὴς
3005 3867 3376 3956 ἀπαραίτητός
3407 3907 3611 3966 σφισιν,

2354 3959 2816 4054 ἶΑρχαιρεσιάζων
2850 3963 2907 4022 δὲ
2943 3967 3150 4043 βουλάς
3176 3973 3224 4026 τ’
3255 3959 3547 4054 ἐκφέριόνᾼ

2356 4050 2588 4140 ξᾼρχαῖς
2619 4073 2676 4108 τε
2706 4062 2916 4121 κοιναῖς
2944 4059 3032 4113 καὶ
3064 4050 3419 4140 στρατηγίαις
3452 4050 3612 4135 ὅλαις

2354 4136 2584 4230 ῗΑνδρας
2619 4140 2808 4230 {piata
2836 4143 3110 4221 μηδαμῶς
3131 4136 3471 4230 πεφυκότας,

2355 4227 2629 4317 έΑναξίους
2661 4229 2719 4286 δὲ
2748 4234 2837 4289 καὶ
2867 4238 3192 4313 μοχθηροὺς
3223 4227 3473 4317 εἴσάπαν,

2174 4314 2319 4371 2730
2357 4316 2563 4406 Ἀρχὰς
2599 4321 2808 4387 ἁπάσας
2837 4327 3141 4400 χρημάτων
3174 4327 3316 4406 δρῶν
3356 4314 3575 4401 ὠνίους.

2357 4405 2568 4462 Τούτου
2597 4410 2869 4486 Ῥωμανῷ
2900 4405 3320 4484 συνανάσσοντος
3351 4423 3474 4482 τότε

2357 4493 2539 4552 Εῗκὼν
2571 4497 2987 4575 ἆχειρότευκτος
3015 4507 3251 4581 Χριστοῦ
3284 4510 3546 4572 δεσπότου

2355 4583 2442 4638 Ἐν
2475 4590 2865 4667 χειρομάκτρῳ
2891 4591 3247 4672 διαγραφεῖσα
3272 4601 3438 4672 ξένως

2357 4673 2442 4744 Ἐξ
2473 4673 2698 4748 Ἐδέσης
2729 4677 2928 4748 ἤνεκτο
2954 4685 3092 4761 πρὸς
3121 4689 3422 4758 Βυζαντιδα
3453 4713 3467 4728 °

2175 4762 2318 4818 2735
2356 4765 2452 4852 Καὶ
2484 4767 2744 4832 Ῥωσικός
2769 4793 2852 4834 τις
2887 4779 3252 4852 μυριάριθμος
3280 4781 3478 4847 στόλος

2357 4851 2544 4948 φέρων
2579 4857 2812 4932 ἀριθμὸν
2847 4861 3096 4920 ὁλκάδων
3131 4851 3271 4942 πρὸς
3293 4877 3411 4937 τοῖς
3440 4871 3588 4948 δέκα,

2353 4942 2448 5005 Ὣς
2477 4965 2626 5020 φασι,
2659 4948 3148 5026 πεντεχιλιοστόας
3181 4955 3314 5022 ὅλας

2353 5031 2722 5106 Λεηλατήσων
2753 5039 3084 5098 κατέπλευσε
3111 5046 3249 5117 πρὸς
3279 5048 3444 5106 πόλιν
3479 5071 3492 5086 ·

2353 5118 2561 5196 Σχεδὸν
2595 5121 2642 5178 δ’
2673 5126 2809 5188 ἅπας
2838 5123 3070 5206 ἕφθαρτο
3098 5138 3178 5207 τῷ
3207 5141 3342 5192 Θεοῦ
3369 5141 3540 5204 σθένει

2174 5206 2317 5263 2740
2490 5213 2904 5306 μητρανὰνδρου
2935 5223 3213 5297 Παρθένου
3242 5230 3536 5306 συμμαχίᾳ

2353 5299 2495 5373 Πρὸς
2519 5300 2869 5380 ἀντιπρώρου
2899 5308 3210 5383 Ῥωμαϊκοῦ
3237 5299 3334 5371 toi:

2424 5416 2756 5476 ΡΩΜΑΝΟΣ
2795 5425 2843 5479 Ο
2881 5426 3039 5483 ΥΙΟΣ
3087 5431 3309 5489 ΑΥΤΟΥ
3358 5437 3460 5492 ΕΤ.
3502 5439 3576 5495 Γ’.

2351 5531 2459 5624 Ἦοῦ
2489 5538 2904 5624 πορᾼφυρανθοῢς
2933 5537 2978 5596 δ’
3009 5541 3381 5611 ἀπολιπόντος
3414 5551 3536 5624 βίον

2351 5617 2412 5676 Ὀ
2442 5624 2571 5686 παῖς
2590 5621 2866 5699 Ῥωμανὸς
2897 5627 3269 5692 ἀναδείκνυται
3299 5617 3541 5720 κράτωρ,

3704 263 3820 321 “2
