4038 6214
180 358 286 414 113

359 489 512 558 Ωπερ
543 488 789 551 συνῆπτο
818 483 959 555 πρὸς
989 482 1171 558 γάμου
1198 476 1486 534 κοινωνίαν

172 575 320 630 2745
358 573 622 650 Θεοφανώ
650 594 735 634 τις
766 572 825 627 ἐκ
852 575 1174 647 χαμερποῦς
1207 572 1303 623 τοῦ
1331 566 1541 644 γένους,

356 664 433 719 ’Ἠ
464 658 654 736 τάνδρὶ
684 660 853 716 τίκτει
883 658 1083 722 παῖδας
1115 657 1340 735 ἄρρενας
1369 654 1487 727 δύο,

357 751 463 805 Τὸν
494 750 805 822 Βασίλειον,
836 751 975 825 πρὸς
1005 748 1063 804 δὲ
1090 750 1180 803 τὸν
1213 749 1641 812 Κωνσταντῖνον,

356 840 467 901 Οῧς
501 838 764 915 βασιλικῇ
794 839 977 910 ταινίᾳ
1006 841 1181 914 στέφει
1215 837 1387 915 φίτυς·

356 928 527 1004 Ἀνὴρ
556 948 734 1006 τρύφη
746 928 865 996 λὸς,
896 925 1175 1001 ἐκδεδιῃτη
1187 924 1369 999 μένος,

174 1020 316 1075 2750
353 1018 559 1078 Μέθαις
588 1037 647 1072 τε
673 1018 891 1089 κώμοις
922 1015 1307 1089 προστετηκὼς
1339 1012 1567 1086 ἐξόχως,

352 1102 743 1176 ΦιΑηδονίαις,
776 1102 1140 1182 ἀφροδισίοις,
1164 1102 1373 1168 πότοις,

352 1194 612 1270 Ἀνδράσι
646 1194 873 1268 λοιμοῖς
906 1190 1204 1268 συνδιάγων
1236 1192 1325 1247 καὶ
1358 1190 1604 1267 φθόροις.

351 1288 567 1339 Κοινῶν
600 1281 657 1338 δὲ
688 1281 961 1353 διοίκησιν
992 1283 1059 1352 ἦν
1088 1278 1391 1356 ἐγχειρίσας

346 1378 561 1453 Ἰωσήφ
590 1397 699 1430 τινι
728 1376 827 1443 τήν
860 1373 1150 1443 ἐπίκλησιν
1178 1371 1381 1446 Βρίγγᾳ

167 1466 308 1522 2755
347 1465 705 1538 Πραιποσίτῳ
731 1484 791 1519 τε
818 1462 908 1517 καὶ
938 1460 1441 1537 παρακοιμωμένῳ·

344 1556 541 1625 ’Ὀμως
570 1556 899 1628 στρατηγοῖς
928 1549 1206 1627 ἆνδρικοῖς
1235 1546 1581 1624 κεχρημένος

348 1641 548 1714 Στόλῳ
574 1662 634 1696 τε
667 1642 825 1718 βαρεῖ
854 1642 972 1695 κατ’
1002 1639 1215 1715 ἐχθρῶν
1249 1634 1585 1707 ἀντιπάλων,

345 1730 514 1792 Νίκας
543 1730 829 1802 κατώρθου
857 1728 989 1791 τοὺς
1019 1727 1289 1789 ἐναντίους
1314 1726 1548 1800 τρέπων*

347 1825 547 1875 Φωκᾶν
580 1820 898 1897 Νικηφόρον
926 1819 1029 1892 γάρ
1059 1814 1228 1889 ἄνδρα
1254 1812 1511 1890 γεννάδαν

162 1910 307 1966 2760
345 1911 452 1964 Σὺν
488 1904 731 1985 συγγόνῳ
759 1907 950 1963 Λέοντι
982 1904 1315 1982 στρατηγοὺς
1344 1899 1512 1980 ἔχων,

341 1999 502 2072 Αἱρεῖ
531 1996 604 2053 δι’
632 1998 807 2053 αὐτῶν
838 1995 1162 2052 ὑπεναντίων
1190 1996 1404 2061 πόλεις,

343 2088 444 2145 Καὶ
478 2086 675 2161 θράσος
705 2087 920 2162 ἐχθρῶν
964 2082 1245 2139 ύποκλίνει
1279 2088 1355 2155 τῷ
1384 2084 1588 2158 κράτει,

528 2177 933 2232 ΝΙΚΗΦΟΡΟΣ
966 2177 1205 2230 ΦΩΚΑΣ
1246 2174 1358 2229 ET.
1404 2176 1461 2241 ζ’.

340 2263 548 2319 Τούτου
580 2262 1048 2337 καταστρέψαντος
1079 2262 1325 2337 αἰσχρῶς
1356 2261 1447 2315 τὸν
1482 2260 1625 2336 βίον,

337 2355 439 2408 Καὶ
472 2352 670 2428 κράτος
702 2354 840 2415 υἱοῖς
867 2356 1079 2427 γαμετῇ
1110 2349 1461 2417 λελοιπότος,

155 2443 298 2499 2765
337 2446 541 2504 Φωκᾶς
572 2442 891 2519 Νικηφόρος
919 2462 1002 2503 τις
1034 2441 1271 2501 ἀποστάς
1302 2438 1530 2513 κράτους

330 2531 717 2606 Ἀνηγορεύθη
754 2529 1012 2606 βασιλεὺς
1044 2528 1393 2602 αὐτοκράτωρ

327 2619 487 2696 Παρὰ
516 2624 836 2695 στρατηγῶν
866 2626 967 2688 τῆς
999 2621 1113 2675 Ἕω
1145 2619 1232 2673 καὶ
1265 2618 1580 2692 ταγμάτων.

324 2706 503 2770 Οὗτος
531 2708 856 2783 στρατεύσας
887 2710 1024 2763 κατά
1048 2706 1239 2781 Σύρων
1274 2706 1516 2762 Κιλίκων

327 2795 562 2860 Πολλὰς
592 2797 780 2859 πόλεις
806 2802 951 2875 σφῶν
986 2796 1098 2852 εἷλε
1126 2803 1227 2866 τῆς
1259 2797 1446 2871 μάχης
1473 2794 1647 2869 νόμῳ,

149 2886 290 2941 2770
332 2882 597 2956 Ἀδαναν,
629 2886 856 2955 Ῥωσὸν,
888 2890 1073 2961 τεῖχος
1103 2879 1501 2960 Ἀναζαρϐέων,

324 2974 474 3050 Πρὸς
505 2971 691 3028 ταῖσδε
720 2974 923 3049 Ταρσὸν
949 2975 1036 3029 καὶ
1070 2974 1263 3047 Μόψου
1293 2973 1395 3041 τὴν
1425 2969 1620 3044 ἑστίαν,

315 3064 416 3118 Ὧν
450 3064 543 3117 καὶ
575 3061 752 3124 πύλας
782 3060 956 3137 ἤγαγε
985 3064 1122 3135 πρὸς
1154 3056 1452 3130 Βυζαντίδα

316 3152 596 3227 Ἐχούσας
626 3152 682 3205 εύ
712 3152 915 3225 τέχνης
944 3172 1004 3206 τε
1031 3151 1121 3205 καὶ
1150 3148 1453 3212 ποικιλίας·

316 3240 425 3297 Καὶ
456 3242 602 3294 Θεῖον
633 3240 873 3313 τύπωμα
901 3243 1134 3313 Χριστοῦ
1158 3242 1255 3293 τοῦ
1288 3239 1558 3293 Δεσπότου

140 3330 279 3387 2775
314 3328 510 3403 Εύρὼν
540 3331 769 3403 κεράμῳ
797 3328 1183 3403 προστυπωθὲν
1203 3328 1447 3403 ἀτέχνως

318 3418 406 3487 Ἐξ
439 3417 807 3491 Ἰεραπόλεως
840 3415 1026 3479 ἄστεος
1052 3416 1263 3491 Σύρων,

316 3506 418 3561 Καὶ
454 3505 763 3582 βόα-τροχόν
791 3508 842 3583 γ’
871 3504 1064 3580 α’ίματι
1093 3504 1545 3583 συμπεφυρμένον

314 3596 413 3652 Ἐκ
441 3592 829 3669 προδρομικῆς
856 3592 1024 3669 κάρας
1054 3592 1477 3667 ἀνειλημμένον.

311 3684 669 3755 Ἀνακομίζει
704 3686 842 3759 πρὸς
872 3681 1035 3739 πόλιν
1073 3681 1346 3760 βασιλίδα.

137 3773 275 3829 2780
315 3772 420 3829 Καὶ
453 3771 690 3849 φρούρια
718 3771 949 3827 πλεῖστα
979 3769 1036 3826 δὲ
1062 3776 1170 3827 τῶν
1198 3770 1448 3827 ἐναντίων

317 3863 517 3934 Κράτει
545 3861 876 3931 καθυπέταξε
902 3868 1003 3931 τῆς
1034 3858 1365 3934 Ῥωμαίδος.

309 3950 420 4005 Κιί
450 3954 625 4004 ταῦτα
657 3950 753 4023 μὲν
784 3948 1056 4005 κάλλιστα
1084 3948 1543 4025 κατορθωμάτων.

306 4036 470 4105 Ηλήν
498 4036 662 4092 τοῦδε
691 4037 944 4114 λαμπρὸν
982 4036 1290 4106 έπισκιάζον
1325 4039 1439 4113 εἶχέ
1461 4060 1537 4093 τι·

312 4128 562 4196 Ἤττητο
590 4146 701 4202 χρη
715 4129 899 4200 μάτων
927 4148 984 4182 τε
1012 4127 1101 4182 καὶ
1131 4126 1533 4203 χρυσαργύρου,

137 4213 277 4271 2785
312 4215 617 4279 Κάντεῦθεν
651 4216 727 4277 εἷς
758 4214 790 4270 ἃ
823 4218 898 4288 μὴ
933 4214 1053 4271 δέον
1084 4214 1419 4291 παρακλίνας

310 4309 560 4375 Δασμοῖς
586 4325 647 4359 τε
674 4311 881 4366 καινοῖς
907 4304 1261 4381 κατατρύχων
1294 4304 1381 4359 καὶ
1409 4304 1598 4382 φόροις

312 4392 588 4461 Ὑπήκοον
621 4398 727 4447 π’άν
753 4398 871 4448 ταῖν
905 4399 1091 4469 χεροῖν
1119 4397 1227 4448 τῶν
1259 4394 1602 4470 πρακτόρων,

308 4481 491 4557 Ὠφθη
528 4482 759 4554 μισητὸς
786 4487 916 4536 πᾶσι
946 4483 1034 4536 καὶ
1064 4488 1182 4545 τοὶς
1213 4481 1265 4537 έν
1296 4482 1462 4538 τέλει’

309 4574 408 4625 Καὶ
448 4568 668 4641 μᾶλλον
701 4573 785 4635 οἷς
814 4569 975 4643 ἔθιμα
997 4578 1095 4641 τῆς
1124 4571 1459 4642 Ἐκκλησίας

136 4658 274 4713 1790
312 4660 660 4731 Ἀνατρέπειν
692 4654 915 4715 ἔσπευδε
938 4658 1027 4715 καὶ
1053 4664 1233 4723 κακῶς
1266 4659 1438 4734 λύειν,

310 4754 521 4823 Ψῆσον
550 4749 688 4823 πρὸς
717 4748 877 4803 αὐτὸν
910 4747 1116 4804 ὲλκύων
1155 4749 1487 4805 ἐπισκόπων*

309 4836 415 4893 Καὶ
447 4840 532 4907 τῷ
561 4837 773 4910 ταμείῳ
806 4839 1071 4910 ποιμένος
1100 4840 1422 4909 τεθνηκότος

310 4926 395 4983 Τά
420 4926 689 5000 πτωχικά
715 4928 1008 5003 πράγματα
1035 4935 1134 4998 τῆς
1165 4927 1493 4999 Ἐκκλησίας

312 5015 695 5091 Συνεισφέρειν
726 5012 836 5069 δεῖν
870 5015 1125 5080 θεσπίσας
1153 5018 1507 5092 παρανόμως.

139 5099 272 5157 27%
305 5101 430 5177 Οὐχ
458 5104 626 5171 ἧττον
658 5102 887 5177 ἐξέμηνε
916 5105 1117 5168 πάντας
1147 5106 1283 5181 πρὸς
1314 5111 1471 5179 μῖσος

310 5193 390 5249 Τὸ
419 5194 539 5247 κατ’
568 5192 779 5248 ἐκείνου
808 5198 999 5268 τεῖχος
1031 5194 1428 5270 ὑπερηρμένον,

308 5280 380 5337 Ὀ
406 5279 674 5337 κυκλόθεν
701 5282 927 5357 τέτευχε
954 5288 1071 5346 τοῖς
1092 5282 1435 5358 ἀνακτόροις,

309 5370 579 5443 ’Υψιτενές
608 5373 658 5425 τ’
688 5372 748 5426 ὃν
775 5372 864 5425 καὶ
890 5367 1227 5446 περίδρομον
1257 5370 1401 5429 λίαν.

317 5460 409 5513 Καὶ
447 5456 632 5535 δόγμα
665 5458 711 5515 δ’
746 5458 1057 5535 εἷσήνεγκεν
1083 5459 1242 5522 οὗτος
1274 5459 1324 5515 ἐν
1361 5461 1509 5534 μέσῳ

145 5546 278 5601 ἳὸίὈ
316 5550 574 5618 Θεσπίζον
604 5549 682 5611 ὡς
713 5546 826 5603 δεῖν
861 5549 1194 5624 στρατιώτας
1226 5548 1400 5619 ἐξίσου

319 5640 560 5713 Μάρτυσι
587 5642 760 5713 τιμᾷν
791 5639 884 5691 καὶ
913 5638 1180 5712 γεραίρειν
1209 5643 1327 5701 τοῖς
1357 5638 1550 5713 ὕμνοις

1724 349 2090 408 οΒεΔιιΕε.

1869 476 1925 542 Α
1953 478 2047 532 cui
2083 478 2443 536 matrimonii
2468 482 2602 552 jure
2634 485 2952 555 conjuncta
2981 490 3106 543 erat

1951 567 2308 640 'I‘heophano
2343 571 2565 642 plebeio
2600 579 2881 644 prognata
2910 591 3145 646 genere.

1952 654 2081 711 limo
2113 657 2233 713 viro
2267 661 2490 732 peperit
2520 663 2816 718 masculos
2850 663 3001 719 filios
3033 665 3202 738 duos,

1948 746 2221 803 videlicet
2251 748 2527 805 Basiliam
2561 756 2617 806 et
2645 753 3118 820 Constantinum,

1949 852 2099 906 quos
2131 838 2286 909 regio
2318 856 2553 910 quoque
2584 846 2896 897 stemmate
2925 844 3153 900 ornavit
3181 848 3412 917 genitor
3442 865 3456 903 :

1948 926 2036 979 vir
2064 925 2425 999 voluptarius
2457 934 2513 984 ct
2542 931 2835 1002 corruptis
2867 932 3150 1000 moribus,

1949 1016 2219 1085 potando,
2253 1020 2634 1074 comessando
2666 1019 2799 1090 plus
2832 1020 3013 1077 nimio
3047 1022 3302 1092 deditus,

1946 1104 2288 1177 deliciisque
2316 1114 2373 1162 et
2402 1109 2593 1163 veneri
2625 1114 2683 1164 et
2714 1111 3016 1177 conviviis,

1944 1194 2249 1250 sodalibus
2280 1200 2447 1251 utens
2480 1198 2754 1267 pessimis
2786 1204 2843 1253 et
2872 1201 3335 1272 corruptoribus.

1944 1281 2047 1336 Rei
2078 1299 2207 1339 vero
2239 1284 2483 1356 publicas
2513 1304 2715 1341 curam
2742 1289 3055 1357 gerendam
3086 1290 3327 1346 tradidit

1939 1371 2195 1443 Josepho
2228 1373 2485 1440 cuidam,
2517 1376 2609 1431 cui
2642 1375 2864 1447 Bringae
2896 1394 3184 1450 agnomen
3216 1383 3359 1445 erat,

1942 1461 2233 1533 praaposili
2260 1464 2484 1535 gerenti
2517 1481 2733 1521 munus
2765 1470 2821 1521 et
2851 1466 3215 1523 cubicularii.

1940 1550 1995 1604 Is
2024 1555 2222 1606 tamen
2256 1557 2527 1609 strenuos
2557 1554 2780 1610 habens
2813 1556 2870 1611 in
2903 1556 3084 1611 armis
3116 1558 3297 1613 duces

1934 1637 2127 1694 valido
2158 1656 2293 1695 cum
2324 1642 2579 1698 exercitu
2613 1644 2886 1700 victorias
2916 1644 3118 1700 retulit

1938 1727 2198 1795 feliciter,
2234 1746 2493 1802 suosque
2525 1732 2721 1788 hostes
2753 1732 2811 1787 in
2846 1734 3041 1805 fugam
3066 1734 3371 1806 compulit.

1858 1833 1907 1900 Β
1938 1817 2185 1873 Phocam
2221 1819 2438 1890 quippe
2469 1820 2860 1893 Nicephorum
2899 1824 3103 1878 fortem
3136 1823 3327 1878 virum

1937 1907 2301 1979 Leonemque
2331 1909 2567 1964 fratrem
2604 1912 2732 1981 ejus
2763 1912 2943 1965 duces
2976 1910 3207 1979 habuit;

1931 2011 2178 2065 quorum
2210 1996 2425 2051 virtute
2456 1998 2608 2069 cepit
2636 1998 2899 2053 hostium
2930 2000 3105 2054 urbes

1932 2082 2267 2157 fastumque
2299 2086 2533 2140 illorum
2565 2088 2797 2159 imperii
2819 2088 2967 2160 jugo
2999 2088 3281 2143 subdidit.

2234 2175 2691 2232 NICEPHORUS
2722 2177 2997 2232 PHOCAS
3030 2178 3139 2232 AN.
3172 2178 3266 2232 VI.

1927 2267 2248 2335 Postquam
2282 2265 2584 2321 Romanus
2614 2266 2863 2337 turpiter
2887 2267 3064 2321 vitam
3097 2266 3331 2333 clausit,

1926 2352 2127 2408 relicto
2159 2353 2404 2425 imperio
2437 2356 2669 2427 conjugi
2704 2359 2879 2427 atque
2911 2354 3133 2423 liberis,

1926 2440 2150 2498 Phocas
2178 2442 2541 2514 Nicepllorus
2573 2443 2780 2499 fallens
2813 2444 3055 2515 imperio
3088 2445 3259 2501 {idem

1922 2530 2146 2587 electus
2176 2540 2261 2587 est
2294 2534 2364 2588 ad
2398 2533 2677 2589 honorem
2711 2534 2937 2606 regium

1921 2619 1994 2674 ab
2025 2619 2279 2675 Orientis
2310 2622 2561 2677 ducibus
2593 2633 2647 2676 et
2680 2622 3049 2677 exercitibus.

1921 2707 2023 2763 Hic
2054 2709 2272 2764 bellum
2307 2726 2515 2783 gerens
2545 2715 2747 2766 contra
2775 2715 2949 2783 Syros
2976 2711 3187 2768 Cilicas

1918 2796 2139 2853 multas
2170 2798 2405 2855 illorum
2436 2800 2612 2855 urbes
2642 2800 2694 2854 vi
2730 2804 2943 2856 martia
2980 2800 3153 2872 cepit,

1914 2887 2205 2955 Adanam,
2240 2888 2481 2957 Rosum,
2514 2890 3015 2945 Anazarbensium
3048 2906 3307 2956 murum,

1914 2982 2197 3048 prmterea
2224 2977 2470 3032 Tarsum
2507 2982 2675 3047 atque
2710 2980 3148 3047 Mopsuestiam,

1914 3081 2163 3137 quarum
2197 3065 2372 3119 etiam
2416 3070 2612 3136 portas
2642 3065 2979 3134 Byzantium
3011 3065 3311 3120 transtulit

1829 3183 1874 3252 ρ
1914 3152 2131 3225 insigni
2161 3158 2285 3208 arte
2312 3156 2368 3207 et
2398 3153 2552 3207 vario
2586 3156 2877 3223 persectas
2906 3168 3096 3223 opere.

1908 3242 2178 3297 Divinam
2212 3257 2447 3313 quoque
2476 3240 2689 3296 Christi
2719 3241 2944 3296 Domini
2978 3240 3230 3313 effigiem

1909 3331 2063 3386 haud
2096 3347 2273 3386 manu
2305 3331 2516 3386 factam
2549 3333 2606 3385 et
2634 3329 2692 3383 in
2725 3329 2841 3385 olla
2872 3329 3167 3385 inventam

1906 3422 2183 3488 Syrorum
2215 3434 2283 3474 ex
2312 3419 2455 3473 urbe
2484 3417 2798 3490 Hierapoli,

1908 3506 2221 3579 capillique
2253 3510 2478 3579 partem
2511 3511 2839 3563 concretam
2873 3508 3161 3580 sanguine

1907 3612 1939 3652 e
1968 3596 2350 3652 Praecursoris
2380 3597 2567 3668 capite
2597 3597 2991 3668 desumptam,

1906 3687 1979 3741 ad
2012 3687 2214 3740 urbem
2248 3686 2469 3757 regiam
2503 3686 2826 3742 transtulit.

1906 3775 2086 3830 Locos
2115 3791 2349 3847 quoque
2380 3775 2639 3829 munitos
2669 3774 2928 3831 hostium
2961 3774 3250 3847 plurimos

1905 3864 2301 3920 Romanorum
2335 3865 2555 3935 redegit
2586 3864 2644 3918 in
2681 3864 2981 3919 ditionem.

1906 3954 1974 4008 Et
2003 3953 2124 4008 hinc
2154 3952 2384 4022 quidem
2417 3951 2719 4022 splendide
2750 3953 2821 4007 ab
2853 3968 2918 4006 eo
2949 3955 3090 4007 sunt
3122 3952 3293 4018 facta,

1902 4041 2117 4097 Verum
2151 4040 2329 4109 hujus
2358 4039 2506 4094 lucis
2539 4039 2710 4093 nulla;
2746 4056 2859 4094 non
2893 4044 3060 4094 erant
3090 4040 3371 4107 tenebrae;

1906 4130 2163 4200 pecunia
2193 4128 2497 4199 laborabat
2528 4144 2593 4181 cu
2606 4127 2868 4197 piditate,

1904 4221 2329 4289 proptereaque
2355 4216 2425 4271 ab
2456 4232 2621 4287 aequo
2647 4214 2949 4271 declinans
2971 4216 3109 4287 jure

1904 4322 2190 4363 novorum
2221 4305 2574 4361 tributorum
2609 4303 2877 4360 molestia
2906 4304 3182 4376 imposita

1903 4400 2260 4466 questorum
2291 4394 2567 4450 manibus
2599 4394 2868 4449 subditos
2898 4394 3197 4466 vexabat”

1903 4485 2048 4542 Hinc
2076 4484 2231 4557 plebi
2262 4488 2319 4539 et
2350 4482 2733 4555 optimatibus
2765 4499 2975 4539 exosus
3004 4489 3162 4551 erat;

1904 4575 2226 4648 praesertim
2260 4573 2356 4644 qui
2388 4587 2642 4628 canones
2675 4570 2963 4627 Ecclesiae

1904 4681 2006 4737 per
2033 4662 2227 4719 scelus
2258 4660 2469 4717 violare
2498 4661 2739 4716 molitus
2769 4666 2878 4729 est,

1901 4751 2311 4823 episcoporum
2344 4749 2570 4821 aliquot
2599 4749 2899 4821 suffragiis
2930 4751 3137 4821 captis.

1904 4846 2121 4913 Nempe
2152 4841 2221 4895 ad
2256 4840 2479 4911 regium
2508 4837 2778 4893 agrarium
2812 4840 3084 4896 defuncto
3115 4842 3388 4913 episcopo

1902 4946 2041 5000 opes
2073 4928 2339 4984 Ecclesia
2372 4927 2731 4999 pauperibus
2763 4928 2989 4983 debitas

1902 5019 2104 5087 iniqua
2135 5017 2262 5091 lege
2291 5017 2636 5072 deferendas
2664 5017 2877 5070 sanxit.

1902 5106 2018 5163 Nec
2051 5106 2248 5161 minus
2287 5105 2402 5160 odii
2440 5103 2653 5173 publici
2690 5104 2949 5159 incendit
2976 5109 3275 5162 ﬂammam

1900 5193 2149 5249 excitata
2172 5195 2342 5264 jussu
2373 5193 2502 5263 ejus
2532 5191 2687 5247 muri
2718 5191 2904 5247 moles

1900 5283 2155 5355 insignis
2189 5282 2557 5338 celsitudinis
2590 5285 2645 5336 et
2680 5282 2877 5353 magni
2910 5282 3188 5350 ambitus,

1902 5390 2028 5445 quae
2060 5371 2367 5443 pallatium
2402 5370 2661 5441 undique
2692 5370 3194 5429 circumvallabat.

1901 5464 1955 5517 ls
1984 5462 2159 5518 etiam
2190 5476 2405 5517 novum
2438 5458 2681 5530 protulit
2709 5460 3006 5516 decretum

1901 5569 2015 5623 quo
2046 5554 2367 5623 martyrum
2401 5549 2619 5604 honore
2644 5549 2890 5619 jubebat
2916 5549 3129 5606 milites

1900 5639 2032 5712 coll,
2056 5640 2355 5711 sacrisque
2382 5638 2617 5710 hymnis
2649 5637 2952 5706 celebrari,

3497 362 3604 422 414
