4086 6210
293 305 407 364 417

296 430 450 485 2860
489 430 559 482 Ὦ
589 425 1034 505 Κυριθεόδωρος,
1059 430 1103 485 ὦ
1135 431 1503 506 στρατηλάτα,

488 518 661 591 Ἐμός
690 537 749 572 τε
779 516 867 571 καὶ
903 517 997 579 σὸς
1029 518 1345 595 προσφιλὴς
1379 523 1638 595 Ἰωάννης

487 608 682 680 Βαρεῖς
712 607 925 680 ἀγῶνας
956 606 1046 661 καὶ
1077 604 1411 679 δυσηνύτους
1440 608 1580 688 ἔχει’

488 694 565 749 Σὺ
597 692 644 750 δ’
675 694 803 750 ἀλλ’
835 694 1199 771 ἐπικούρησον
1233 696 1380 770 αύτῷ
1405 699 1665 775 ταχύνας.

483 780 604 837 Τόδ³
630 786 666 851 ἡ
704 784 908 857 θεωρὸς
939 789 1057 845 τοῖς
1089 789 1339 840 συνοῦσιν
1374 786 1586 864 ἐκφέρει

297 873 451 928 2865
486 872 696 944 Μνήμῃ
729 868 939 925 διδοῦσι
972 871 1061 926 καὶ
1086 876 1274 948 γραφῇ
1307 875 1404 943 τήν
1445 878 1681 951 ἡμέραν.

484 960 589 1017 Καὶ
619 960 778 1014 πάνθ’
810 960 1028 1035 ὑπῆρχε
1058 958 1338 1036 σύνδρομα
1370 964 1556 1039 χρόνῳ
1592 967 1804 1041 μάχης.

480 1047 659 1110 Οὗτος
693 1054 1021 1121 στρατεύσας
1052 1050 1142 1104 καὶ
1169 1053 1305 1105 κατὰ
1331 1052 1578 1115 Κιλικίας

481 1134 786 1209 Ηάμπολλ’
819 1136 1156 1212 ἐχειρώσατο
1187 1138 1395 1210 ταύτης
1422 1141 1722 1219 φρουρίων·

474 1227 610 1279 Ὃσα
642 1222 688 1279 δ’
720 1224 983 1302 ἀφηνίασε
1009 1232 1109 1294 τῆς
1140 1228 1498 1303 κραταρχίας,

278 1315 434 1371 2870
472 1313 621 1389 Πρὸς
646 1313 802 1385 τήνδ’
834 1313 1142 1390 ἐπανήγαγε
1167 1321 1286 1381 ταῖς
1315 1320 1689 1396 στρατηγίαιςο

472 1402 655 1467 Οὗτος
682 1403 816 1457 νεὼν
845 1402 1031 1479 ἤγειρε
1060 1406 1280 1480 Χριστῷ
1310 1407 1563 1482 Δεσπότῃ

472 1490 769 1562 Πολυτελῆ
793 1490 1090 1547 κάλλιπον
1125 1492 1178 1548 ἐν
1210 1494 1408 1570 Χαλκῇ
1442 1494 1614 1566 ξένον.

395 1609 779 1667 ΒΑΣΙΛΕΙΟΣ
818 1611 863 1667 Ο
915 1612 1555 1671 ΒΟΥΛΓΑΡΟΚΤΟΝΟΣ
1604 1616 1711 1671 ET.
1764 1616 1847 1671 N'.

468 1706 677 1761 Τούτου
704 1707 769 1761 τὸ
804 1707 955 1781 βιοῦν
986 1705 1421 1783 ἑκμετρήσαντος
1454 1710 1631 1784 μόρῳ,

469 1794 803 1870 Κληροῦχος
836 1795 1016 1871 ἀρχῆς
1043 1804 1145 1866 τῆς
1172 1799 1432 1873 πατρῴας
1461 1797 1704 1874 ἐννόμως

280 1885 428 1940 2875
469 1883 754 1947 Βασίλειος
783 1882 1025 1940 δέδεικτο
1056 1886 1145 1940 καὶ
1179 1888 1579 1963 σκηπτοῦχίας,

468 1974 533 2031 Ὀ
562 1973 847 2045 Ῥωμανοῦ
878 1978 1007 2035 παῖς
1038 1969 1528 2051 πορφυρόϐλαστος
1558 1975 1786 2046 κλάδος»

466 2060 834 2137 Αὐτοκράτωρ
864 2061 1154 2136 κράτιστος
1186 2062 1238 2117 ἐν
1272 2064 1624 2139 στρατηγίαις

463 2148 783 2225 Αύτιρχίας
820 2150 1088 2205 τάλαντον
1116 2150 1349 2221 αὐξήσας
1382 2153 1533 2227 μέγα·

461 2239 552 2300 Ὡς
580 2240 797 2306 πιστὸς,
829 2239 903 2300 ὡς
937 2238 1204 2312 φρόνιμος
1235 2236 1308 2294 ὣν
1344 2241 1618 2317 ὑπηρέτης

273 2328 425 2384 2880
464 2326 541 2382 Ού
570 2328 707 2402 πρὸς
738 2330 943 2405 τρυφάς
974 2347 1031 2382 τε
1060 2328 1147 2382 καὶ
1184 2329 1322 2402 πρὸς
1354 2328 1557 2392 ἀνέσεις
1593 2328 1835 2406 βλέπων,

463 2414 600 2474 Οὐδ’
627 2415 857 2488 ἀμελείᾳ
889 2418 1028 2489 μήτε
1061 2419 1170 2489 μὴν
1202 2417 1455 2493 οἰκουρίᾳ

460 2510 540 2562 Ἤ
570 2503 815 2577 μαλακίᾳ
842 2506 1238 2579 προστετηκὼς
1270 2503 1555 2579 μηδόλως,

445 2593 631 2650 Ἀλλὰ
661 2598 1016 2669 στραταρχῶν
1050 2592 1224 2649 πάντα
1251 2598 1438 2671 καιρὸν
1463 2599 1562 2651 τοῦ
1597 2595 1720 2671 βίου

458 2684 562 2739 Καὶ
591 2688 711 2746 ταῖς
739 2685 859 2737 κατ’
890 2681 1099 2757 ἐχθρῶν
1134 2681 1404 2761 ἐντρυφῶν
1431 2683 1513 2738 ἀεὶ
1549 2685 1779 2758 μάχαις.

267 2777 419 2832 2885
457 2774 633 2846 Ἀνὴρ
666 2771 886 2846 ἀγαθὸς,
916 2766 1153 2826 εὐσεϐῶν
1184 2772 1366 2845 νόμων
1396 2772 1592 2851 φύλαξ,

459 2859 651 2932 Μηδὲν
679 2863 936 2934 νεοχμῶν
965 2863 1075 2914 τῶν
1109 2860 1245 2915 ἐθῶν
1274 2861 1603 2931 Ἐκκλησίας
1638 2864 1772 2936 (41),

454 2956 588 3013 Ταῖς
618 2951 823 3025 ἀρετῶν
859 2948 1076 3025 χάρισιν
1106 2948 1500 3023 ἠγλαϊσμένος,

457 3037 695 3099 Μᾶλλον
725 3036 771 3093 δ’
799 3037 1033 3114 ἐραστὴς
1065 3038 1444 3113 σωφροσύνης,
1476 3036 1744 3115 ἀνδρείας,

454 3129 627 3187 Οὗτος
657 3127 896 3201 καθάπερ
927 3127 1086 3182 ἀετοῦ
1118 3125 1308 3202 λαχὼν
1341 3129 1521 3206 φύσιν,

261 3222 411 3276 2890
447 3221 521 3272 ’Ἡ
554 3217 762 3288 πτηνὸς
794 3222 867 3271 ῶν
896 3217 1162 3294 φρόνησιν
1192 3218 1227 3287 ἢ
1260 3217 1589 3291 προθυμίαν,

449 3306 532 3366 Τὸ
569 3308 665 3380 μὲν
695 3308 835 3383 πρὸς
866 3306 1035 3375 αὐτὴν
1069 3305 1435 3383 ἐκστρατεύων
1467 3310 1566 3377 τήν
1598 3311 1736 3378 Ἕω,

451 3398 533 3455 Τὸ
564 3395 624 3451 δὲ
652 3397 789 3472 πρὸς
820 3395 1018 3458 αὐτοὺς
1046 3396 1176 3459 τοὺς
1208 3398 1368 3472 ὅρους
1404 3404 1504 3467 τῆς
1530 3398 1791 3475 Ἑσπὲρας

448 3487 519 3542 Ἣ
550 3486 686 3560 πρὸς
723 3486 862 3561 μὲρη
899 3483 1089 3559 βόρεια
1120 3486 1206 3539 καὶ
1246 3480 1594 3562 μεσημϐρίας

448 3575 679 3648 Χώρους
711 3572 866 3646 ἐπῄει
899 3568 1199 3649 Βαρϐάρων
1239 3573 1576 3645 ἀντιπάλων,

258 3666 412 3721 2895
449 3662 747 3733 Λεηλατῶν
784 3668 939 3741 σφᾶς,
970 3661 1296 3738 πυρπολῶν,
1326 3665 1541 3739 πορθῶν
1570 3663 1764 3727 πόλεις

449 3752 697 3827 Ἐρυμνά
722 3773 782 3807 τε
808 3752 1043 3827 φρούρια
1079 3758 1179 3818 τῆς
1214 3753 1400 3826 μάχης
1432 3753 1612 3827 νόμιμ’

444 3842 557 3898 Καὶ
595 3839 773 3916 δεῖγμ’
802 3840 1026 3915 ἐναργὲς
1054 3843 1090 3909 ἡ
1124 3846 1346 3904 Σκυθῶν
1381 3840 1611 3917 ἐρημία,

448 3931 583 3987 Δεία
609 3952 670 3986 τε
700 3936 897 3986 Μυσῶν
929 3933 1044 4004 (42)
1069 3931 1205 3985 κατά
1230 3932 1330 4000 τήν
1364 3930 1691 4005 παροιμίαν,

448 4024 670 4096 Περσῶν
742 4026 788 4074 τ’
860 4014 1147 4093 Ἀϐασγῶν
1217 4015 1440 4094 ἐκτριὸἠ
1500 4025 1606 4075 τῶν
1665 4023 1714 4076 τ’
1772 4015 1937 4087 Ἀϐά-

1772 4112 1933 4195 [ρων,

256 4203 407 4260 2908
447 4203 650 4271 Ὢνπερ
682 4194 909 4261 καθεῖλε
934 4196 998 4251 τὸ
1029 4199 1228 4272 θράσος
1256 4198 1395 4252 κατὰ
1421 4198 1643 4273 κράτος·

448 4287 682 4347 Καθεῖλε
713 4284 759 4341 δ’
790 4286 899 4361 οὐχ
928 4283 1126 4354 ἥκιστα
1154 4285 1246 4341 καὶ
1277 4285 1561 4361 τυραννίδα

448 4378 565 4447 Τὴν
598 4380 694 4431 τοῦ
721 4372 992 4449 Σαμουὴλ
1024 4373 1356 4450 Βουλγάρων
1386 4377 1720 4453 ἀρχηγέτου.

450 4466 551 4523 Καὶ
585 4470 735 4541 σφῶν
767 4463 813 4519 δ’
844 4463 1028 4519 ἀνεῖλε
1059 4461 1422 4540 δυσαρίθμους
1452 4464 1502 4519 ἐν
1547 4464 1718 4539 μάχῃ·

454 4556 778 4633 Συῤῥήξεως
810 4554 915 4630 γὰρ
947 4553 1335 4627 συμπεσούσης
1365 4555 1452 4609 καὶ
1480 4556 1690 4630 μάχης,

259 4652 413 4707 2905
452 4647 659 4705 Μυσῶν
689 4643 1028 4719 ἐχειρώσατο
1061 4644 1386 4718 χιλιοστύας

452 4732 731 4795 Πεντάδας
763 4732 840 4796 εἷς
868 4737 1015 4807 τρεῖς
1046 4731 1139 4795 τὰς
1171 4732 1304 4795 ὅλας
1336 4733 1700 4806 ποσουμὲνας,

448 4828 547 4880 Ὧν
585 4821 792 4896 ὄμματ’
823 4820 1042 4894 ἐξέκοψε
1069 4820 1281 4876 πάντων
1316 4820 1562 4884 ἐνδίκως·

451 4914 571 4973 Κάκ
600 4908 773 4966 τῶνδε
809 4911 1035 4985 βραχεῖς
1064 4908 1346 4985 παραδοὺς
1372 4909 1634 4984 πομποὺς
1663 4908 1811 4988 σφίσι

452 5002 558 5061 Καὶ
591 5001 816 5073 θάτερον
849 5002 984 5075 σφᾶς
1020 4997 1282 5071 ὀμμάτων
1314 4994 1693 5071 ἐσϐεσμὲνους,

269 5097 415 5154 2910
454 5095 668 5153 Πάντας
699 5088 904 5163 ἀφῆκεν
937 5085 1071 5142 ἱέναι
1103 5090 1239 5163 πρὸς
1270 5088 1498 5145 Μυσίαν’

455 5180 564 5242 Oi}:
598 5176 886 5252 δυστυχῶς
914 5170 1143 5252 ἔχοντας
1174 5174 1306 5233 ἰδὼν
1338 5182 1486 5253 σφῶν
1515 5176 1735 5253 κράτωρ

453 5272 704 5339 Τέθνηκε·
720 5265 950 5339 τρωθεὶς
981 5269 1082 5331 τῆς
1112 5267 1347 5340 ἀθυμίας
1383 5264 1553 5342 βέλει.

1844 317 2204 375 ΟΕΒΔΒΕΒ.

1997 443 2051 511 Α
2082 442 2126 498 Ο
2157 443 2392 500 domine
2419 444 2741 515 Theodore,
2773 462 2805 500 o
2836 445 2953 501 dux
2989 448 3297 517 exercitus,

2082 549 2250 589 meus
2280 533 2538 604 itemque
2568 538 2703 590 tuus
2741 535 2966 591 amicus
2996 537 3250 593 Joannes

2079 622 2241 693 gravi
2271 621 2330 677 in
2362 639 2545 695 agone
2574 624 2821 679 vertitur
2847 630 2903 679 et
2934 625 3298 696 perdifﬁcili;

2080 713 2458 780 quamobrem
2494 713 2563 767 ad
2596 712 2893 768 ferendam
2927 730 3096 785 opem
3128 731 3395 787 prepera.

2080 800 2246 855 Illam
2282 818 2403 855 rem
2436 802 2618 856 visam
2654 802 2911 857 narravit
2940 805 3349 874 praesentibus,

2078 889 2178 959 qui
2210 889 2365 945 diem
2402 891 2693 945 memoriae
2726 892 3064 963 scriptoque
3097 895 3541 966 consignarunt.

2076 977 2296 1050 Reapse
2325 979 2468 1035 visio
2500 981 2769 1052 congruit
2796 998 2926 1035 cum
2962 999 3168 1053 pugnae
3198 988 3480 1055 tempore.

2074 1067 2251 1134 Idem,
2285 1074 2556 1141 suscepto
2585 1070 2736 1126 bello
2768 1072 3044 1126 adversus
3077 1072 3305 1142 Cilicas,

2072 1156 2393 1227 permultas
2425 1158 2579 1229 cepit
2610 1159 2818 1215 horum
2853 1162 3113 1215 munitas
3145 1178 3329 1217 arces.

2071 1247 2363 1318 Quotquot
2393 1252 2588 1303 autem
2622 1252 2917 1319 negabant
2948 1252 3188 1306 subesse
3220 1251 3485 1324 imperio,

2068 1352 2168 1393 eas
2198 1337 2379 1393 armis
2411 1338 2585 1393 motis
2616 1337 2896 1410 compulit
2927 1340 2999 1395 ad
3032 1340 3402 1411 obsequium.

2067 1425 2171 1481 Hic
2201 1425 2485 1497 templum
2519 1427 2789 1483 excitavit
2816 1428 3043 1484 Christo
3078 1430 3320 1486 Domino

2067 1515 2125 1568 in
2158 1513 2389 1582 Chalce,
2420 1516 2583 1571 dives
2613 1533 2790 1588 opum
2823 1524 2881 1572 et
2912 1517 3060 1573 miro
3091 1534 3284 1590 opere.

2330 1631 2657 1687 BASILIUS
2698 1632 3178 1688 BULGARICIDA
3215 1635 3333 1691 AN.
3378 1636 3437 1693 L.

2062 1732 2313 1784 Jornnes
2343 1728 2481 1783 fatis
2514 1728 2736 1795 functo,
2772 1729 3023 1800 patrium
3057 1736 3352 1802 sceptrum

1989 1808 2037 1871 Β
2068 1818 2315 1874 haeredis
2336 1818 2472 1889 jure
2506 1834 2571 1872 ac
2601 1818 2837 1873 nomine
2866 1818 3127 1891 legitimo

2059 1906 2315 1964 obtinuit
2342 1906 2590 1962 Basilius
2623 1924 2755 1962 cum
2788 1908 2944 1978 regio
2979 1907 3147 1963 titulo

2058 1996 2300 2051 Romani
2334 1995 2511 2062 filius,
2539 1996 2771 2067 genitus
2803 1997 2861 2051 in
2896 2014 3176 2068 purpura,

2056 2084 2327 2157 egregius
2358 2085 2717 2139 exercituum
2758 2085 3095 2156 imperator,

2057 2173 2157 2245 qui
2191 2172 2435 2228 ditionis
2464 2173 2610 2229 fines
2635 2172 2802 2229 valde
2833 2173 3155 2245 ampliavit.

2058 2260 2271 2317 Fidelis
2302 2260 2396 2316 hic
2426 2266 2484 2316 et
2517 2263 2774 2334 prudens
2805 2263 3249 2319 administrator

2054 2350 2292 2407 delicias
2326 2350 2479 2405 haud
2512 2354 2815 2420 spectabat
2845 2352 3173 2422 requiemve
3204 2353 3485 2425 corporis,

2054 2456 2244 2510 neque
2274 2439 2603 2495 socordiam
2635 2457 2741 2495 nec
2769 2441 2925 2494 domi
2960 2441 3270 2506 desidiam,

2053 2527 2337 2599 nulloque
2367 2533 2574 2599 captus
2603 2533 2727 2584 erat
2757 2528 3073 2602 voluptatis
3104 2546 3337 2603 genere,

2054 2617 2156 2673 sed
2191 2616 2526 2672 universam
2557 2618 2775 2689 degens
2807 2618 2865 2673 in
2897 2619 3079 2674 armis
3109 2619 3285 2675 vitam

2052 2705 2359 2777 pulsandis
2390 2706 2449 2761 in
2484 2706 2677 2777 prmlio
2710 2707 2980 2763 hostibus
3010 2709 3321 2781 gestiebat.

2055 2794 2155 2848 Vir
2184 2795 2396 2861 bonus,
2428 2795 2625 2866 legum
2659 2813 2959 2851 sacrarum
2992 2801 3213 2869 custos,

2052 2883 2199 2938 nihil
2229 2884 2551 2939 immutans
2586 2885 2641 2939 in
2674 2884 2941 2941 Ecclesia;
2974 2887 3263 2955 moribus,

2052 2972 2335 3027 virtutum
2369 2973 2731 3028 ornamentis
2761 2974 2927 3029 valde
2959 2975 3231 3045 rutilans,

2052 3060 2317 3133 apprime
2344 3061 2587 3115 studens
2622 3062 2787 3116 fortis
2819 3078 2947 3116 esse
2978 3067 3035 3117 et
3064 3067 3420 3135 temperans.

1974 3162 2016 3231 α
2050 3149 2152 3204 Hic
2183 3149 2428 3203 sortitus
2458 3148 2633 3202 veluti
2667 3155 2938 3203 naturam
2972 3151 3203 3220 aquilis,

2051 3242 2205 3294 certe
2236 3236 2460 3292 habens
2491 3240 2742 3291 mentem
2776 3236 3216 3309 efﬁcaciamque
3246 3241 3542 3298 volucrem

2047 3343 2205 3383 nunc
2235 3325 2295 3381 in
2328 3324 2581 3381 Orientis
2611 3324 2828 3381 bellum
2860 3328 3095 3396 gerebat
3126 3327 3335 3400 plagis,

2043 3433 2200 3471 nunc
2231 3416 2289 3470 in
2323 3415 2610 3486 hesperiis
2642 3415 2881 3482 finibus,
2917 3434 3073 3472 nunc
3104 3420 3215 3473 sub
3248 3419 3441 3488 borea,

2044 3523 2203 3561 nunc
2234 3506 2487 3577 denique
2519 3522 2619 3575 per
2649 3510 2871 3560 tractus
2903 3506 3318 3563 meridionales

2043 3595 2197 3650 bello
2229 3595 2533 3664 quatiebat
2565 3595 2849 3649 Barbaros
2882 3595 3269 3663 adversarios,

2045 3685 2407 3756 depraedans,
2444 3700 2641 3751 urens,
2677 3684 3043 3755 depopulans
3078 3687 3252 3741 urbes

2045 3774 2422 3843 munitaeque
2454 3789 2638 3839 arces,
2667 3778 2836 3844 prout
2870 3776 2955 3828 fas
2985 3778 3073 3829 est
3102 3774 3260 3831 belli.

2046 3862 2146 3918 Rei
2178 3860 2347 3917 testis
2374 3866 2462 3917 est
2488 3861 2737 3931 Scythiae
2770 3861 3044 3929 solitudo,

2044 3950 2353 4023 praedaque
2386 3950 2721 4018 Moesorum,
2756 3955 2818 4005 ut
2850 3950 2931 4006 ait
2958 3952 3355 4023 proverbium,

2042 4042 2372 4108 Persarum,
2404 4040 2769 4111 Abasgorum
2803 4040 3017 4105 clades,
3046 4044 3103 4095 et
3131 4041 3476 4111 Abarorum,

2043 4234 2295 4290 quorum
2328 4216 2635 4273 audaciam
2669 4221 2869 4289 aperto
2900 4218 3085 4273 Marte
3116 4218 3308 4290 fregit.

2044 4309 2158 4365 Nec
2187 4324 2321 4363 vero
2353 4307 2545 4364 secius
2575 4308 2843 4363 contudit
2874 4308 3243 4380 tyrannidem

2043 4397 2430 4470 Bulgarorum
2463 4396 2747 4468 principis
2777 4398 3087 4465 Samuelis,

1964 4527 2010 4590 Β
2043 4488 2290 4558 ejusque
2321 4487 2510 4559 gentis
2540 4488 2753 4542 occidit
2789 4489 3153 4556 innumeros,

2044 4575 2269 4630 Etenim
2304 4578 2452 4631 facto
2486 4591 2690 4647 pugna:
2724 4577 2995 4633 conﬂictu
3028 4577 3211 4649 gravi,

2042 4664 2351 4720 Mmsorum
2381 4668 2606 4720 tantum
2636 4666 2949 4737 captivavit
2980 4684 3293 4723 numerum

2043 4757 2108 4807 ut
2136 4770 2204 4808 ea
2235 4753 2520 4808 mstimala
2548 4754 2667 4809 sint
2700 4754 2882 4809 millia
2913 4755 3271 4825 quindecim,

2044 4844 2212 4913 queis
2243 4844 2469 4899 cunctis
2497 4844 2693 4899 oculos
2729 4846 2843 4899 lata
2874 4847 3162 4902 sententia
3191 4848 3363 4904 eruit.

2047 4933 2158 4987 llos
2191 4937 2385 4986 autem
2419 4932 2620 5002 paucis
2651 4933 2901 4988 ducibus
2933 4934 3271 5006 instructos,

2043 5037 2192 5092 quos
2225 5038 2340 5075 uno
2370 5025 2597 5077 tantum
2633 5023 2800 5078 oculo
2832 5029 3232 5091 exeaacaverat,

2045 5109 2273 5165 remisit
2302 5116 2543 5166 cunctos
2576 5111 2791 5167 liberos
2820 5112 2879 5167 in
2915 5114 3195 5170 Moesiam.

2045 5201 2200 5264 Quos
2232 5199 2331 5254 ubi
2363 5199 2445 5254 sic
2478 5200 2713 5256 affectos
2744 5218 2842 5255 rex
2872 5218 3017 5258 suus
3047 5204 3213 5274 vidit,

2047 5287 2313 5342 maeroris
2343 5287 2495 5343 ictus
2525 5287 2638 5344 telo
2674 5293 2917 5347 mortem
2952 5291 3116 5347 obiit.

3622 327 3726 383 118

352 5423 420 5494 44
451 5422 644 5494 Hujus
682 5417 1131 5494 religiosissimi
1189 5419 1473 5494 principis
1530 5418 1762 5491 insigne
1798 5439 1935 5494 ocat-

283 5492 500 5578 μήλων
533 5490 826 5578 possidet;
858 5490 1214 5578 bibliotheca
1254 5490 1567 5578 ‘Yati'canai
1596 5490 1935 5578 .‘menologii
2046 5571 2082 5578 _
2115 5501 2224 5571 (42)
2256 5503 2428 5578 Mysos
2459 5503 2601 5558 dicit
2633 5490 2751 5578 ρ’ῐὊΔ
2772 5490 2946 5560 Μιὲἑίε
2984 5490 3263 5578 perpetuo
3297 5507 3679 5578 prrzemius.

280 5561 509 5650 scilicet
534 5561 738 5650 ’ὒν-θεοί
773 5561 1131 5650 picturatum
1164 5564 1423 5650 codicem
1474 5561 1933 5650 nobilissimum,
2046 5561 2439 5650 Brevem-bium
2484 5561 2681 5650 tamen
2740 5561 3005 5649 loquitur
3035 5561 3120 5634 de
3167 5561 3361 5650 Mysis:
3394 5578 3581 5633 Zenob
3613 5561 3679 5647 ν,

284 5641 456 5711 cujus
487 5633 855 5694 mentionem
880 5633 988 5689 feci
1009 5634 1069 5689 in
1095 5634 1450 5692 collectionis
1483 5652 1621 5691 meae
1642 5633 1937 5694 Vaticana
2050 5645 2143 5712 t5;
2178 5645 2335 5717 Diog.
2371 5646 2462 5713 VI,
2495 5648 2582 5701 42.

2046 5430 2303 5504 secundo
2334 5430 2628 5504 volumine
2660 5434 2844 5503 praef.
2879 5451 2934 5504 p.
2970 5435 3021 5491 1.
