4038 6214
333 321 440 381 419
1540 320 1915 377 ΕΡΗΒΕΜΙΙ

1540 320 1915 377 ΕΡΗΒΕΜΙΙ
1961 309 2536 371 CHRONOGBAPHI

337 455 531 526 Atque
557 451 695 508 hinc
723 451 977 507 Basilius
1009 453 1307 524 Augustus
1337 465 1590 523 magnus

337 541 512 614 vulgo
541 542 734 598 vocari
764 540 1133 612 Bulgaricida
1163 544 1357 612 capit.

339 635 653 689 Masorum
687 636 880 685 autem
910 629 1095 700 captis
1133 630 1421 700 besperiis
1451 628 1698 683 urbibus

342 719 613 786 Achride,
645 718 891 789 Scopiis,
922 723 977 773 et
1006 719 1366 775 Presthlabis
1398 718 1670 789 geminis,

343 808 594 863 Sardica
626 822 859 878 quoque
888 811 946 862 et
974 807 1191 863 Bidina
1223 807 1481 863 castellis

342 896 726 966 Pernicoque,
755 911 890 950 cum
923 897 1157 952 arcibus
1187 897 1428 968 triginta
1456 895 1738 967 quinque,

344 989 584 1041 cunctas
617 985 876 1041 Romano
908 985 1176 1041 subdidit
1203 986 1471 1056 imperio.

575 1118 1128 1175 CONSTANTINUS
1168 1119 1427 1176 BASILII
1470 1089 1756 1175 F‘RATER

852 1191 965 1245 AN.
1008 1191 1079 1246 ΙΙ.
1123 1191 1335 1247 MENS.
1376 1191 1474 1247 VI.

343 1319 661 1387 Postquam
693 1315 1004 1386 grandava
1032 1319 1198 1370 atate
1226 1315 1321 1370 hic
1352 1319 1596 1371 mortem
1630 1316 1794 1386 obiit,

343 1405 763 1461 Constantinus
791 1402 970 1458 frater
998 1402 1309 1475 imperium
1340 1404 1558 1472 tenuit;

344 1496 578 1549 vastum
608 1492 848 1562 quidem
880 1509 1092 1564 corpus
1122 1493 1390 1565 viresque
1412 1495 1666 1565 jactans,

348 1582 450 1638 sed
481 1585 678 1636 tamen
710 1581 882 1636 corde
912 1581 1156 1638 timidus
1184 1587 1242 1638 et
1271 1581 1577 1652 infractus,

351 1669 512 1727 molli
541 1687 769 1726 morum
799 1686 1013 1742 genere
1042 1675 1101 1726 et
1132 1670 1361 1742 ignavo,

348 1759 562 1816 theatri
595 1763 771 1831 atque
800 1759 940 1816 alea
969 1760 1166 1816 studio
1203 1761 1457 1832 deditus,

351 1847 599 1918 deliciis,
630 1864 848 1919 ganea,
881 1848 1036 1916 vino,
1070 1854 1128 1904 et
1159 1850 1239 1905 rei
1270 1866 1546 1917 venerea,

349 1936 714 2008 voluptatum
746 1937 1105 2010 mancipium
1140 1943 1316 2011 atque
1347 1939 1519 2012 gula,

352 2025 625 2082 amulam
654 2026 832 2081 vitam
865 2027 1082 2100 degens
1113 2029 1507 2101 Sardanapalo
1542 2047 1555 2085 :

351 2114 624 2170 Barbaris
653 2116 879 2171 cunctis
910 2115 1182 2172 hostibus
1211 2116 1486 2186 ludibrio,

349 2219 604 2275 quorum
634 2204 939 2260 incursum
971 2205 1127 2260 haud
1160 2206 1342 2261 armis
1375 2206 1673 2280 repellere,

349 2308 457 2348 nec
486 2291 699 2364 gladiis
729 2294 1096 2365 propulsare,
1130 2295 1202 2350 ob
1245 2300 1488 2363 metum,
1519 2297 1780 2365 censuit;

347 2399 551 2438 verum
581 2383 820 2438 tributis
848 2383 1116 2440 subditos
1149 2389 1428 2453 atterens,

351 2470 657 2544 multaque
688 2475 744 2526 et
773 2472 932 2528 varia
960 2473 1089 2529 sine
1118 2473 1234 2529 fine
1265 2474 1523 2546 exigens,

353 2561 637 2617 barbaros
668 2560 997 2618 deleniebat
1027 2563 1314 2618 donorum
1348 2563 1606 2635 cumulo,

356 2650 588 2707 collatis
617 2651 794 2706 etiam
825 2651 1078 2706 summis
1109 2651 1500 2724 dignitatibus
1535 2671 1549 2709 :

357 2739 442 2796 sic
474 2740 862 2796 Barbarorum
894 2739 1178 2811 mitigans
1209 2740 1501 2796 ferociam.

357 2829 685 2887 Calumniis
715 2833 907 2885 autem
942 2828 1170 2884 facilem
1205 2846 1406 2886 aurem
1440 2830 1726 2902 prabens,

350 2918 694 2986 iracundia,
728 2917 985 2988 invidia,
1021 2917 1376 2990 malignitati
1409 2918 1717 2989 obnoxius,

353 3009 572 3066 multos
602 3008 882 3065 mortales
913 3009 1186 3082 spoliavit
1213 3011 1367 3081 vita;

351 3099 654 3155 oculorum
687 3098 836 3154 alios
865 3099 1092 3154 orbavit
1120 3099 1344 3155 lumine

346 3187 746 3258 suspicionum
781 3191 1074 3243 momento
1105 3187 1398 3260 impulsus
1429 3186 1559 3244 levi.

347 3275 596 3330 Demum
628 3280 858 3330 senecta
889 3281 943 3331 et
975 3276 1196 3332 morbis
1227 3277 1613 3347 conﬂictatus,

334 3364 581 3433 jamque
609 3362 828 3417 instare
857 3379 1103 3419 cernens
1134 3363 1260 3418 vita
1294 3366 1492 3431 ﬁnem,

348 3448 676 3503 Romanum
706 3450 1138 3520 Argerpulum
1170 3452 1492 3520 adoptavit,

344 3537 514 3610 eique
544 3537 727 3593 ﬁliam
759 3537 1055 3608 propriam
1090 3539 1298 3610 nuptui
1331 3538 1510 3606 dedit,

345 3627 518 3700 pulsa
546 3643 650 3699 per
678 3625 880 3682 dolum
913 3628 1161 3699 conjuge
1189 3627 1471 3700 legitima.

346 3715 489 3770 Exin
519 3714 750 3786 imperii
782 3731 1015 3786 quoque
1045 3717 1277 3787 pondus
1306 3717 1550 3774 tradidit
1582 3736 1595 3776 :

346 3804 625 3876 brevique
655 3804 846 3860 adhuc
874 3810 1196 3876 superstes,
1227 3807 1446 3862 efﬂavit
1473 3809 1754 3864 animam.

718 3937 1060 3995 ROMANUS
1096 3940 1627 4001 ARGYROPULUS

813 4011 926 4067 AN.
968 4011 1015 4064 V
1052 4012 1145 4068 ET
1183 4013 1395 4071 MENS.
1437 4015 1528 4073 VI.

350 4138 648 4194 Romanus
678 4153 814 4210 ergo
846 4139 1225 4196 constituitur
1252 4140 1590 4214 imperator,

350 4227 436 4281 vir
467 4226 678 4296 bonus,
706 4228 860 4298 pius,
895 4228 1196 4284 nobilitate
1227 4229 1450 4301 cluens,

348 4314 678 4371 litterarum
713 4316 1047 4387 artiumque
1077 4318 1303 4374 amicus
1334 4321 1621 4393 omnium,

351 4403 569 4476 publici
601 4403 739 4460 recti
764 4405 919 4474 juris
953 4406 1369 4476 peritissimus,

351 4509 600 4548 versura
631 4509 766 4547 cum
798 4499 1005 4549 mutua
1035 4494 1414 4565 ﬁdejussione
1445 4513 1696 4564 eversor,

352 4598 486 4651 erga
515 4598 725 4651 egenos
756 4599 960 4638 omnes
991 4581 1194 4655 largus
1226 4601 1425 4655 opum,

354 4675 411 4727 et
438 4672 802 4742 captivorum
834 4674 1171 4745 redemptor
1203 4673 1610 4745 plurimorum.

359 4760 672 4816 Maximam
703 4759 904 4830 templi
934 4761 1029 4816 hic
1057 4761 1282 4832 Sophia
1313 4762 1576 4818 absidem

359 4851 605 4921 pulchro
636 4851 882 4907 artificio
913 4869 980 4907 ac
1012 4853 1320 4924 splendido
1351 4853 1660 4926 compegit,

359 4940 727 5012 multamque
753 4943 878 4997 auri
910 4943 1027 4997 vim
1060 4942 1327 4998 attribuit
1357 4942 1607 5010 clericis,

358 5033 416 5084 et
447 5030 747 5100 publicum
778 5031 1046 5088 dissolvit
1075 5049 1151 5088 as
1184 5033 1464 5088 alienum.

357 5118 518 5175 Idem
550 5118 778 5176 collatis
810 5120 870 5175 in
903 5121 1256 5178 Phaniciam
1284 5122 1465 5177 armis

357 5212 560 5264 contra
592 5209 926 5280 foedifragos
958 5210 1173 5283 impios
1202 5214 1520 5282 Agarenos,

355 5296 454 5365 qui
488 5295 756 5351 subditas
787 5296 1032 5370 imperio
1070 5300 1246 5354 urbes
1276 5304 1569 5369 ceperant,

352 5388 617 5439 conserta
647 5401 822 5440 manu
857 5387 1136 5458 pugnavit
1166 5386 1493 5456 infeliciter,

353 5476 607 5544 fugaque
637 5474 819 5530 evasit
853 5475 906 5530 in
941 5477 1143 5531 urbem
1179 5477 1573 5546 Antiochiam,

349 5568 524 5635 atque
555 5564 714 5619 illinc
746 5573 930 5621 semet
960 5566 1207 5621 contulit
1239 5569 1600 5638 Byzantium.

349 5652 488 5708 Dein
524 5654 639 5710 alio
671 5653 904 5726 ingenio
936 5672 998 5712 se
1029 5657 1284 5714 ostendit
1315 5658 1645 5730 praditum,

2010 445 2064 509 Α
2305 433 2418 488 Κάκ
2443 429 2603 487 τοῦδε
2634 427 2916 490 Βασίλειος
2946 424 3251 502 Αὔγουστος
3298 426 3462 503 μέγας

2306 528 2473 578 Πᾶσιν
2507 519 2864 592 ἐπωνόμαστο
2897 516 3396 591 Βουλγαροκτόνος·

2094 612 2236 667 2915
2272 609 2447 666 Ἑλὼν
2481 605 2538 663 δὲ
2570 610 2767 664 Μυσῶν
2793 605 2887 667 τὰς
2918 606 3034 668 καθ’
3067 602 3290 680 ἑσπέραν
3323 603 3513 666 πόλεις

2277 695 2506 773 Ἀχρίδα
2533 696 2624 751 καὶ
2657 696 2886 766 Σκόπια,
2918 689 3266 768 Πρεσθλάϐας
3295 690 3391 749 δύο

2275 786 2387 849 Τὰς
2421 785 2474 841 ὲν
2509 782 2750 860 Σαρδικῇ
2781 785 2871 838 καὶ
2903 781 3120 852 Βιδίνης
3154 782 3353 857 χωρία,

2279 876 2382 930 Σὺν
2421 876 2664 948 ΙΙερνίκῳ
2694 873 2926 950 φρούριά
2958 874 3005 926 ϐ’
3034 871 3170 927 έπτᾶ
3197 869 3479 940 πεντάδας,

2276 964 2458 1020 Πάντα
2486 962 2813 1032 καθυπέταξε
2843 961 3128 1034 Ῥωμαίων
3150 960 3356 1037 κράτει.

3642 299 3746 355 ια)

2136 1099 2669 1156 ΚΩΝΣΤΑΝἹῚΝΟΣ
2714 1098 2757 1154 Ο
2799 1097 3121 1152 ΑΔΕΛΦΟΣ
3170 1095 3392 1152 ΑΥΤΟΥ
3431 1097 3542 1152 ΕΤ.
3581 1096 3641 1152 Β“
3680 1116 3713 1159 ς

2097 1313 2240 1370 2920
2277 1309 2490 1368 Τούτου
2525 1308 2962 1384 μεταλλάξαντος
2995 1307 3048 1363 έν
3079 1309 3226 1382 γήρᾳ
3257 1307 3374 1383 βίον

2278 1403 2681 1461 Κωνσταντῖνος
2712 1397 2970 1471 σύναιμος
3001 1394 3162 1471 ἄρχει
3187 1401 3285 1467 τοῦ
3308 1397 3562 1470 κράτους,

2277 1496 2474 1564 Ὄγκον
2511 1489 2603 1562 μὲν
2629 1487 2813 1563 αὐχῶν
2841 1487 3150 1560 σωματικὸν
3182 1486 3271 1540 καὶ
3303 1486 3510 1557 σθένος,

2279 1577 2468 1640 Δειλὸς
2499 1575 2557 1633 δέ
2583 1577 2808 1651 πάμπαν
2839 1573 3088 1653 καρδίαν,
3129 1575 3431 1648 ἀνειμένος,

2281 1670 2486 1730 ’Ίίθους
2515 1667 2768 1746 πεφυκὼς
2804 1664 3089 1739 μαλθακοῦ
3118 1664 3206 1720 καὶ
3241 1664 3508 1741 ῥᾳθύμου,

2021 1783 2070 1848 Β
2101 1759 2243 1816 2925
2281 1760 2667 1832 Θεατρομανῶν
2697 1755 2786 1810 καὶ
2814 1749 3005 1818 κύϐοις
3034 1754 3416 1830 προσανέχων,

2277 1851 2521 1925 Τρυφαῖς
2548 1867 2626 1918 τε,
2659 1846 2893 1919 κώμοις,
2927 1841 3291 1921 ἀφροδισίοις,
3325 1845 3535 1918 μέθαις,

2272 1933 2660 2000 Ἥδυπαθείαις
2689 1934 2980 2012 ἐντρυφῶν,
3003 1932 3320 2003 συσσιτίοις,

2275 2025 2402 2083 Βίον
2437 2026 2570 2100 βιῶν
2603 2021 2851 2099 ἄντικρυς
2873 2020 3320 2098 Σαρδαναπάλου⁹

2275 2117 2531 2191 ’Ἄθυρμα
2567 2120 2700 2169 πᾶσι
2732 2108 3039 2189 Βαρϐάροις
3070 2111 3404 2180 ἂντιπάλοις,

2102 2207 2244 2263 2930
2281 2207 2374 2259 Ὧν
2409 2205 2582 2279 ὁρμὰς
2613 2203 2716 2258 οὐκ
2741 2199 2916 2277 ἔκρινε
2943 2199 3052 2257 δεῖν
3077 2200 3273 2263 ὅπλοις
3299 2201 3538 2277 τρέπειν,

2279 2295 2350 2352 Ἦ
2382 2291 2723 2348 συνελαύνειν
2757 2296 2893 2368 σφᾶς
2926 2290 3062 2368 ξίφει
3092 2291 3228 2365 πρὸς
3261 2287 3489 2344 δειλίαν·

2280 2381 2582 2452 Ὑπηκόους
2614 2377 2671 2435 δὲ
2699 2379 3104 2452 καλαμώμενος
3135 2378 3324 2455 φόροις

2282 2469 2609 2544 Είσπράξεσί
2638 2491 2696 2526 τε
2725 2467 3094 2530 παντοδαπαῖς
3125 2467 3387 2543 συχνάκις

2285 2557 2592 2633 Ἐδεξιοῦτο
2623 2557 2854 2635 δωρεαῖς
2884 2564 3016 2636 σφᾶς
3047 2557 3325 2634 ἀφθόνοις,

2102 2652 2248 2708 2935
2285 2653 2406 2708 Τῶν
2439 2650 2765 2722 ἀξιωμάτων
2791 2669 2849 2703 τε
2877 2653 2994 2709 τοῖς
3025 2647 3359 2723 ὑπερτάτοις⁸

2283 2738 2440 2796 Οῦτω
2471 2740 2803 2810 κατεπράϋνε
2834 2731 3131 2812 Βαρϐάρων
3166 2736 3380 2812 θράσος.

2283 2823 2578 2891 Διαϐολαῖς
2608 2824 2654 2881 δ’
2684 2824 2920 2882 εῦεικτον
2952 2826 3043 2887 οῦς
3071 2826 3138 2894 ἧν
3174 2824 3418 2899 ὑπέχων,

2283 2918 2525 2986 Ἢττητο
2559 2917 2734 2988 Θυμοῦ
2762 2917 2853 2970 καὶ
2885 2915 3083 2993 φθόνου
3114 2915 3202 2970 καὶ
3234 2912 3447 2976 κακίας·

2285 3006 2442 3060 Ταῦτ’
2471 3003 2572 3082 ἄρα
2605 3002 2854 3067 πολλοὺς
2885 3004 3140 3079 ἐστέρησε
3166 3007 3263 3058 τοῦ
3297 3003 3444 3080 βίου,

2106 3096 2249 3166 2940
2289 3090 2508 3150 ’Ἂλλων
2543 3089 2590 3146 δ’
2620 3092 2832 3165 ἐπήρου
2861 3092 2956 3154 τὰς
2986 3093 3150 3166 κόρας
3180 3095 3287 3146 τῶν
3321 3090 3587 3166 ὀμμάτων

2280 3183 2363 3254 Ἐξ
2398 3180 2657 3244 ὑπονοίας
2690 3182 2777 3236 καὶ
2804 3179 2976 3253 ψιλῆς
3009 3179 3260 3254 ὑποψίας.

2281 3271 2432 3325 Ἐπεὶ
2467 3268 2524 3325 δὲ
2554 3273 2871 3345 τετρύχωτο
2896 3271 3039 3344 γήρᾳ
3067 3271 3156 3325 καί
3187 3268 3398 3340 νόσοις,

2285 3359 2386 3414 Καὶ
2415 3357 2663 3433 καθεώρα
2692 3355 3067 3433 προσδόκιμον
3099 3359 3161 3412 τὸ
3196 3358 3414 3434 μέτρον,

2284 3445 2732 3523 Ἀργυρόπουλον
2765 3447 3042 3519 Ῥωμανὸν
3075 3441 3514 3522 προσλαμϐάνει,

2106 3538 2251 3592 2945
2289 3537 2389 3590 Καὶ
2419 3533 2563 3608 τῷδε
2596 3537 2859 3608 συνῴκισε
2888 3535 2986 3604 τὴν
3020 3535 3310 3611 Θυγατέρα,

2288 3624 2447 3697 Δόλῳ
2476 3623 2728 3699 γυναικὸς
2759 3630 2857 3694 τῆς
2889 3625 3130 3697 νομίμου
3162 3622 3426 3700 χωρίσας.

2274 3715 2407 3770 Εἶτα
2436 3710 2779 3787 παραδίδωσι
2807 3712 2897 3768 καὶ
2937 3711 3296 3787 κραταρχίαν·

2276 3795 2561 3862 Ἐπιϐιοὺς
2594 3797 2650 3854 δὲ
2678 3797 2864 3855 τοῖσδε
2896 3799 3114 3875 μικρὸν,
3148 3797 3379 3856 ἐκπνέει.

2027 3146 2070 3212 C

2264 3933 2587 3989 ΡΩΜΑΝΟΣ
2625 3934 2668 3990 Ο
2708 3932 3244 3990 ΔΡΙῪΡΟΙΙΟΥΛΟΣ
3282 3933 3380 3988 EF.
3420 3932 3496 3990 E'.
3540 3952 3592 3996 ς.

2283 4146 2606 4202 Καθίστιιται
2641 4143 2696 4200 δὲ
2724 4146 3000 4218 Ῥωμανὸς
3031 4145 3406 4220 αὐτοκράτωρ,

2099 4237 2247 4292 2950
2283 4236 2447 4310 Ἀνὴρ
2483 4236 2700 4310 ἀγαθὸς,
2731 4231 2979 4304 εὐσεϐής,
3013 4231 3365 4308 εὐπατρίδης,

2284 4324 2462 4398 Λόγον
2496 4323 2707 4398 ιταῖρος
2739 4323 2828 4378 καὶ
2859 4322 3063 4398 τέχνης
3093 4321 3404 4396 ἐγκυκλίου,

2284 4415 2406 4470 Τῶν
2435 4410 2716 4485 δημοσίων
2745 4413 2954 4486 εὐαγῶν
2987 4408 3128 4487 ἴδρις
3160 4410 3370 4484 νόμων,

2028 4509 2072 4576 D
2281 4501 2628 4576 Εὶσπράξεως
2660 4497 2885 4576 ὄλεθρος
2921 4499 3064 4570 άλλη
3077 4498 3332 4574 λεγγύου,

2287 4590 2643 4666 Εὐεργετικὸς
2674 4589 3074 4665 ἀπορουμένοις
3107 4586 3284 4656 ὅλοις,

2108 4681 2250 4736 2955
2290 4679 2660 4755 Δορυαλώτων
2697 4676 3115 4755 δυσαριθμήτων
3150 4675 3322 4747 λύτης

2287 4773 2433 4823 Ναοῦ
2467 4768 2666 4845 Σοφίας
2694 4775 2794 4837 τῆς
2829 4766 3089 4842 μεγίστης
3117 4763 3310 4839 ἀψίδος

2284 4857 2621 4932 Εὐμήχανός
2649 4877 2729 4918 τις
2761 4855 3059 4934 φιλόκιμος
3091 4852 3368 4926 συνδέτης,

2284 4951 2498 5021 Χρυσοῦ
2531 4947 2772 5021 χορηγὸς
2803 4945 3037 5022 ἀφθόνου
3065 4942 3496 5020 κληρουμένοις,

2287 5038 2494 5092 Κοινῶν
2529 5035 2705 5110 χρεῶν
2742 5035 2913 5104 λύτης
2944 5055 3001 5088 τε
3029 5033 3116 5087 καὶ
3146 5029 3312 5102 δύτης
3343 5031 3532 5088 πάλιν.

2103 5127 2245 5181 2960
2283 5125 2454 5186 Οῦτος
2485 5124 2805 5200 στρατεύσας
2831 5123 2967 5177 κατὰ
2994 5125 3101 5176 τῶν
3138 5119 3188 5176 ἐν
3223 5119 3451 5194 Φοινίκῃ

2286 5210 2532 5276 Σπονδὰς
2558 5212 2833 5268 λυσάντων
2867 5213 3179 5286 Ἀγαρηνῶν
3214 5210 3384 5273 ἀθέων

2280 5302 2476 5362 Πόλεις
2508 5303 2553 5364 θ’
2587 5301 2820 5355 ἑλόντων
2853 5302 2951 5360 τὰς
2986 5299 3256 5369 ὑπηκόνυς
3288 5299 3471 5374 κράτει

2279 5391 2377 5444 Καὶ
2415 5388 2756 5460 συμπλακεὶς
2786 5387 2994 5458 ἥττητο
3025 5385 3303 5448 δυσκλεῶς
3335 5408 3505 5466 σφισι.

2276 5479 2370 5533 Καὶ
2408 5475 2640 5546 διεσώθη
2677 5478 2812 5552 πρὸς
2844 5477 3008 5531 πόλιν
3042 5475 3355 5550 ’Δντιόχου,

2094 5571 2236 5624 2965
2276 5567 2524 5628 Κάκεῖθεν
2559 5566 2824 5636 ἀνέζευξεν
2861 5564 2933 5627 εἷς
2969 5564 3390 5619 Κωνσταντίνου·

2273 5656 2376 5714 Καὶ
2409 5655 2602 5712 λοιπὸν
2637 5655 2919 5726 ἠλλοίωτο
2953 5657 3176 5729 γνώμην
3208 5654 3304 5722 τήν
3339 5653 3534 5724 πάλαι,
