  <div class='ocr_page' id='page_1' title='image "/cluster/home/n/w/nwhite01/storage/ocr_20150623/143/hvd.32044073502585/068.png"; bbox 0 0 4038 6214; ppageno 0'>
   <div class='ocr_carea' id='block_1_1' title="bbox 326 274 439 333">
    <p class='ocr_par' dir='ltr' id='par_1_1' title="bbox 326 274 439 333">
     <span class='ocr_line' id='line_1_1' title="bbox 326 274 439 333; baseline -0.018 0"><span class='ocrx_word' id='word_1_1' title='bbox 326 274 439 333; x_wconf 71' lang='grc'><strong>125</strong></span> 
     </span>
    </p>
   </div>
   <div class='ocr_carea' id='block_1_2' title="bbox 514 397 1558 476">
    <p class='ocr_par' dir='ltr' id='par_1_2' title="bbox 514 397 1558 476">
     <span class='ocr_line' id='line_1_2' title="bbox 514 397 1558 476; baseline 0.002 -22"><span class='ocrx_word' id='word_1_2' title='bbox 514 400 629 458; x_wconf 69' lang='grc' dir='ltr'>Εἶτ’</span> <span class='ocrx_word' id='word_1_3' title='bbox 660 397 951 454; x_wconf 76' lang='grc' dir='ltr'>ἀπελαύνει</span> <span class='ocrx_word' id='word_1_4' title='bbox 980 399 1090 453; x_wconf 84' lang='grc' dir='ltr'>τῶν</span> <span class='ocrx_word' id='word_1_5' title='bbox 1118 398 1428 475; x_wconf 80' lang='grc' dir='ltr'>ἀνακτόρων</span> <span class='ocrx_word' id='word_1_6' title='bbox 1464 401 1558 476; x_wconf 83' lang='grc' dir='ltr'>βίᾳ</span> 
     </span>
    </p>
   </div>
   <div class='ocr_carea' id='block_1_3' title="bbox 516 487 1549 565">
    <p class='ocr_par' dir='ltr' id='par_1_3' title="bbox 516 487 1549 565">
     <span class='ocr_line' id='line_1_3' title="bbox 516 487 1549 565; baseline 0.002 -20"><span class='ocrx_word' id='word_1_7' title='bbox 516 489 810 545; x_wconf 75' lang='grc' dir='ltr'>Δέσποιναν</span> <span class='ocrx_word' id='word_1_8' title='bbox 840 487 1006 543; x_wconf 80' lang='grc' dir='ltr'>αὐτοῦ</span> <span class='ocrx_word' id='word_1_9' title='bbox 1035 489 1222 564; x_wconf 81' lang='grc' dir='ltr'>κυρίαν</span> <span class='ocrx_word' id='word_1_10' title='bbox 1257 489 1549 565; x_wconf 78' lang='grc' dir='ltr'>εὐεργέτιν.</span> 
     </span>
    </p>
   </div>
   <div class='ocr_carea' id='block_1_4' title="bbox 516 578 1660 653">
    <p class='ocr_par' dir='ltr' id='par_1_4' title="bbox 516 578 1660 653">
     <span class='ocr_line' id='line_1_4' title="bbox 516 578 1660 653; baseline 0.002 -19"><span class='ocrx_word' id='word_1_11' title='bbox 516 579 696 653; x_wconf 80' lang='grc' dir='ltr'>Κείρει</span> <span class='ocrx_word' id='word_1_12' title='bbox 730 600 785 633; x_wconf 90' lang='grc' dir='ltr'>τε</span> <span class='ocrx_word' id='word_1_13' title='bbox 813 578 1017 649; x_wconf 85' lang='grc' dir='ltr'>ταύτην</span> <span class='ocrx_word' id='word_1_14' title='bbox 1046 578 1135 633; x_wconf 78' lang='grc' dir='ltr'>καὶ</span> <span class='ocrx_word' id='word_1_15' title='bbox 1162 578 1472 635; x_wconf 74' lang='grc' dir='ltr'>κατακλείει</span> <span class='ocrx_word' id='word_1_16' title='bbox 1504 579 1660 642; x_wconf 86' lang='grc' dir='ltr'>τέλος</span> 
     </span>
    </p>
   </div>
   <div class='ocr_carea' id='block_1_5' title="bbox 326 667 1724 745">
    <p class='ocr_par' dir='ltr' id='par_1_5' title="bbox 326 667 1724 745">
     <span class='ocr_line' id='line_1_5' title="bbox 326 667 1724 745; baseline 0 -20"><span class='ocrx_word' id='word_1_17' title='bbox 326 671 476 725; x_wconf 87' lang='grc'>3080</span> <span class='ocrx_word' id='word_1_18' title='bbox 512 670 690 740; x_wconf 74' lang='grc' dir='ltr'>Νήσῳ</span> <span class='ocrx_word' id='word_1_19' title='bbox 722 667 1055 742; x_wconf 86' lang='grc' dir='ltr'>Πριγκίπου,</span> <span class='ocrx_word' id='word_1_20' title='bbox 1088 670 1444 745; x_wconf 71' lang='grc' dir='ltr'>συκοφαντίας</span> <span class='ocrx_word' id='word_1_21' title='bbox 1477 668 1724 731; x_wconf 75' lang='grc' dir='ltr'>πλᾶσεις.</span> 
     </span>
    </p>
   </div>
   <div class='ocr_carea' id='block_1_6' title="bbox 511 755 1490 830">
    <p class='ocr_par' dir='ltr' id='par_1_6' title="bbox 511 755 1490 830">
     <span class='ocr_line' id='line_1_6' title="bbox 511 755 1490 830; baseline -0.002 -16"><span class='ocrx_word' id='word_1_22' title='bbox 511 760 581 814; x_wconf 85' lang='grc' dir='ltr'>Ἀ</span> <span class='ocrx_word' id='word_1_23' title='bbox 611 756 789 829; x_wconf 82' lang='grc' dir='ltr'>δῆμον</span> <span class='ocrx_word' id='word_1_24' title='bbox 822 756 1048 830; x_wconf 78' lang='grc' dir='ltr'>ἐξέμηνε</span> <span class='ocrx_word' id='word_1_25' title='bbox 1081 758 1317 830; x_wconf 79' lang='grc' dir='ltr'>μαθόντα</span> <span class='ocrx_word' id='word_1_26' title='bbox 1344 755 1490 812; x_wconf 87' lang='grc' dir='ltr'>τάδε·</span> 
     </span>
    </p>
   </div>
   <div class='ocr_carea' id='block_1_7' title="bbox 512 844 1584 921">
    <p class='ocr_par' dir='ltr' id='par_1_7' title="bbox 512 844 1584 921">
     <span class='ocr_line' id='line_1_7' title="bbox 512 844 1584 921; baseline 0 -20"><span class='ocrx_word' id='word_1_27' title='bbox 512 847 612 901; x_wconf 76' lang='grc' dir='ltr'>Καὶ</span> <span class='ocrx_word' id='word_1_28' title='bbox 642 851 721 919; x_wconf 77' lang='grc' dir='ltr'>τῷ</span> <span class='ocrx_word' id='word_1_29' title='bbox 748 846 975 921; x_wconf 82' lang='grc' dir='ltr'>τυχόντι</span> <span class='ocrx_word' id='word_1_30' title='bbox 1011 844 1184 916; x_wconf 75' lang='grc' dir='ltr'>δεξιὰν</span> <span class='ocrx_word' id='word_1_31' title='bbox 1216 852 1319 908; x_wconf 80' lang='grc' dir='ltr'>πᾶς</span> <span class='ocrx_word' id='word_1_32' title='bbox 1352 845 1584 909; x_wconf 82' lang='grc' dir='ltr'>ὁπλίσας</span> 
     </span>
    </p>
   </div>
   <div class='ocr_carea' id='block_1_8' title="bbox 508 932 1678 1009">
    <p class='ocr_par' dir='ltr' id='par_1_8' title="bbox 508 932 1678 1009">
     <span class='ocr_line' id='line_1_8' title="bbox 508 932 1678 1009; baseline 0.003 -19"><span class='ocrx_word' id='word_1_33' title='bbox 508 937 600 1000; x_wconf 77' lang='grc' dir='ltr'>Ὠς</span> <span class='ocrx_word' id='word_1_34' title='bbox 629 943 839 1009; x_wconf 84' lang='grc' dir='ltr'>σμῆνος</span> <span class='ocrx_word' id='word_1_35' title='bbox 868 939 984 991; x_wconf 81' lang='grc' dir='ltr'>οἷον</span> <span class='ocrx_word' id='word_1_36' title='bbox 1016 937 1125 991; x_wconf 84' lang='grc' dir='ltr'>τῶν</span> <span class='ocrx_word' id='word_1_37' title='bbox 1162 934 1433 1009; x_wconf 80' lang='grc' dir='ltr'>μελισσῶν</span> <span class='ocrx_word' id='word_1_38' title='bbox 1476 932 1678 994; x_wconf 76' lang='grc' dir='ltr'>συνέθει</span> 
     </span>
    </p>
   </div>
   <div class='ocr_carea' id='block_1_9' title="bbox 510 1023 1560 1099">
    <p class='ocr_par' dir='ltr' id='par_1_9' title="bbox 510 1023 1560 1099">
     <span class='ocr_line' id='line_1_9' title="bbox 510 1023 1560 1099; baseline 0.003 -18"><span class='ocrx_word' id='word_1_39' title='bbox 510 1028 638 1082; x_wconf 85' lang='grc' dir='ltr'>Τῶν</span> <span class='ocrx_word' id='word_1_40' title='bbox 673 1024 965 1099; x_wconf 84' lang='grc' dir='ltr'>βασιλείων</span> <span class='ocrx_word' id='word_1_41' title='bbox 993 1023 1121 1089; x_wconf 79' lang='grc' dir='ltr'>εὐθῦ</span> <span class='ocrx_word' id='word_1_42' title='bbox 1152 1026 1242 1081; x_wconf 74' lang='grc' dir='ltr'>σὺν</span> <span class='ocrx_word' id='word_1_43' title='bbox 1263 1026 1560 1099; x_wconf 78' lang='grc' dir='ltr'>προθυμίᾳ.</span> 
     </span>
    </p>
   </div>
   <div class='ocr_carea' id='block_1_10' title="bbox 325 1112 1607 1193">
    <p class='ocr_par' dir='ltr' id='par_1_10' title="bbox 325 1112 1607 1193">
     <span class='ocr_line' id='line_1_10' title="bbox 325 1112 1607 1193; baseline 0.036 -53"><span class='ocrx_word' id='word_1_44' title='bbox 325 1118 472 1171; x_wconf 78' lang='lat'>3085</span> <span class='ocrx_word' id='word_1_45' title='bbox 512 1114 816 1190; x_wconf 66' lang='grc' dir='ltr'>Ἀνερῥάγη</span> <span class='ocrx_word' id='word_1_46' title='bbox 850 1119 979 1188; x_wconf 79' lang='grc' dir='ltr'>γοῦν</span> <span class='ocrx_word' id='word_1_47' title='bbox 1012 1112 1280 1193; x_wconf 69' lang='grc' dir='ltr'>ἐμφύλιός</span> <span class='ocrx_word' id='word_1_48' title='bbox 1312 1136 1393 1178; x_wconf 80' lang='grc' dir='ltr'>τις</span> <span class='ocrx_word' id='word_1_49' title='bbox 1430 1117 1607 1191; x_wconf 69' lang='grc' dir='ltr'>μάχη,</span> 
     </span>
    </p>
   </div>
   <div class='ocr_carea' id='block_1_11' title="bbox 513 1202 1773 1283">
    <p class='ocr_par' dir='ltr' id='par_1_11' title="bbox 513 1202 1773 1283">
     <span class='ocr_line' id='line_1_11' title="bbox 513 1202 1773 1283; baseline 0.006 -26"><span class='ocrx_word' id='word_1_50' title='bbox 513 1203 611 1257; x_wconf 79' lang='grc' dir='ltr'>Καὶ</span> <span class='ocrx_word' id='word_1_51' title='bbox 644 1202 857 1273; x_wconf 80' lang='grc' dir='ltr'>πλῆθος</span> <span class='ocrx_word' id='word_1_52' title='bbox 889 1203 950 1258; x_wconf 88' lang='grc' dir='ltr'>οὐ</span> <span class='ocrx_word' id='word_1_53' title='bbox 987 1204 1283 1279; x_wconf 77' lang='grc' dir='ltr'>βράχιστον</span> <span class='ocrx_word' id='word_1_54' title='bbox 1312 1204 1363 1260; x_wconf 76' lang='grc' dir='ltr'>ἐν</span> <span class='ocrx_word' id='word_1_55' title='bbox 1392 1202 1515 1272; x_wconf 71' lang='grc' dir='ltr'>τῆδ’</span> <span class='ocrx_word' id='word_1_56' title='bbox 1550 1204 1773 1283; x_wconf 72' lang='grc' dir='ltr'>ἐφθάρη.</span> 
     </span>
    </p>
   </div>
   <div class='ocr_carea' id='block_1_12' title="bbox 505 1290 1560 1368">
    <p class='ocr_par' dir='ltr' id='par_1_12' title="bbox 505 1290 1560 1368">
     <span class='ocr_line' id='line_1_12' title="bbox 505 1290 1560 1368; baseline 0.003 -21"><span class='ocrx_word' id='word_1_57' title='bbox 505 1293 657 1354; x_wconf 86' lang='grc' dir='ltr'>Τέως</span> <span class='ocrx_word' id='word_1_58' title='bbox 686 1290 917 1367; x_wconf 75' lang='grc' dir='ltr'>Μιχαὴλ</span> <span class='ocrx_word' id='word_1_59' title='bbox 950 1292 1246 1368; x_wconf 80' lang='grc' dir='ltr'>ἀπορηθεὶς</span> <span class='ocrx_word' id='word_1_60' title='bbox 1266 1299 1383 1357; x_wconf 82' lang='grc' dir='ltr'>τοῖς</span> <span class='ocrx_word' id='word_1_61' title='bbox 1405 1293 1560 1358; x_wconf 75' lang='grc' dir='ltr'>ὅλοις</span> 
     </span>
    </p>
   </div>
   <div class='ocr_carea' id='block_1_13' title="bbox 504 1376 1524 1455">
    <p class='ocr_par' dir='ltr' id='par_1_13' title="bbox 504 1376 1524 1455">
     <span class='ocr_line' id='line_1_13' title="bbox 504 1376 1524 1455; baseline 0.001 -18"><span class='ocrx_word' id='word_1_62' title='bbox 504 1379 694 1438; x_wconf 77' lang='grc' dir='ltr'>Μέλαν</span> <span class='ocrx_word' id='word_1_63' title='bbox 724 1402 777 1436; x_wconf 93' lang='grc' dir='ltr'>τι</span> <span class='ocrx_word' id='word_1_64' title='bbox 805 1376 1097 1455; x_wconf 77' lang='grc' dir='ltr'>τριϐώνιον</span> <span class='ocrx_word' id='word_1_65' title='bbox 1128 1379 1281 1445; x_wconf 77' lang='grc' dir='ltr'>ἐνδύς</span> <span class='ocrx_word' id='word_1_66' title='bbox 1320 1382 1524 1447; x_wconf 80' lang='grc' dir='ltr'>ἀθλίως</span> 
     </span>
    </p>
   </div>
   <div class='ocr_carea' id='block_1_14' title="bbox 506 1467 1633 1547">
    <p class='ocr_par' dir='ltr' id='par_1_14' title="bbox 506 1467 1633 1547">
     <span class='ocr_line' id='line_1_14' title="bbox 506 1467 1633 1547; baseline 0.001 -19"><span class='ocrx_word' id='word_1_67' title='bbox 506 1473 669 1545; x_wconf 81' lang='grc' dir='ltr'>Μονῇ</span> <span class='ocrx_word' id='word_1_68' title='bbox 694 1467 960 1525; x_wconf 86' lang='grc' dir='ltr'>Στουδίου</span> <span class='ocrx_word' id='word_1_69' title='bbox 990 1474 1422 1547; x_wconf 78' lang='grc' dir='ltr'>προσπεφευγὼς</span> <span class='ocrx_word' id='word_1_70' title='bbox 1446 1473 1633 1544; x_wconf 74' lang='grc' dir='ltr'>ἱκέτης</span> 
     </span>
    </p>
   </div>
   <div class='ocr_carea' id='block_1_15' title="bbox 322 1557 1463 1636">
    <p class='ocr_par' dir='ltr' id='par_1_15' title="bbox 322 1557 1463 1636">
     <span class='ocr_line' id='line_1_15' title="bbox 322 1557 1463 1636; baseline -0.003 -18"><span class='ocrx_word' id='word_1_71' title='bbox 322 1563 469 1618; x_wconf 85' lang='grc'>3090</span> <span class='ocrx_word' id='word_1_72' title='bbox 506 1557 787 1615; x_wconf 81' lang='grc' dir='ltr'>Ὑπεισὲδυ</span> <span class='ocrx_word' id='word_1_73' title='bbox 810 1561 1079 1630; x_wconf 85' lang='grc' dir='ltr'>τράπεζαν</span> <span class='ocrx_word' id='word_1_74' title='bbox 1112 1558 1463 1636; x_wconf 75' lang='grc' dir='ltr'>ἱλαστηρίου·</span> 
     </span>
    </p>
   </div>
   <div class='ocr_carea' id='block_1_16' title="bbox 504 1644 1599 1728">
    <p class='ocr_par' dir='ltr' id='par_1_16' title="bbox 504 1644 1599 1728">
     <span class='ocr_line' id='line_1_16' title="bbox 504 1644 1599 1728; baseline -0.003 -20"><span class='ocrx_word' id='word_1_75' title='bbox 504 1651 612 1713; x_wconf 88' lang='grc' dir='ltr'>Ἥς</span> <span class='ocrx_word' id='word_1_76' title='bbox 637 1644 960 1713; x_wconf 76' lang='grc' dir='ltr'>ἐκϐαλόντες</span> <span class='ocrx_word' id='word_1_77' title='bbox 987 1648 1345 1728; x_wconf 77' lang='grc' dir='ltr'>ἐκτυφλοῦσιν</span> <span class='ocrx_word' id='word_1_78' title='bbox 1376 1648 1599 1716; x_wconf 81' lang='grc' dir='ltr'>ἀθλίως·</span> 
     </span>
    </p>
   </div>
   <div class='ocr_carea' id='block_1_17' title="bbox 505 1737 1570 1815">
    <p class='ocr_par' dir='ltr' id='par_1_17' title="bbox 505 1737 1570 1815">
     <span class='ocr_line' id='line_1_17' title="bbox 505 1737 1570 1815; baseline 0.001 -20"><span class='ocrx_word' id='word_1_79' title='bbox 505 1739 811 1811; x_wconf 76' lang='grc' dir='ltr'>Χειρίζεται</span> <span class='ocrx_word' id='word_1_80' title='bbox 846 1737 902 1794; x_wconf 70' lang='grc' dir='ltr'>δὲ</span> <span class='ocrx_word' id='word_1_81' title='bbox 933 1737 1062 1802; x_wconf 77' lang='grc' dir='ltr'>δυὰς</span> <span class='ocrx_word' id='word_1_82' title='bbox 1091 1742 1126 1809; x_wconf 77' lang='grc' dir='ltr'><strong>ἡ</strong></span> <span class='ocrx_word' id='word_1_83' title='bbox 1157 1744 1263 1794; x_wconf 92' lang='grc' dir='ltr'>τῶν</span> <span class='ocrx_word' id='word_1_84' title='bbox 1296 1739 1570 1815; x_wconf 76' lang='grc' dir='ltr'>συγγόνων</span> 
     </span>
    </p>
   </div>
   <div class='ocr_carea' id='block_1_18' title="bbox 508 1827 1522 1904">
    <p class='ocr_par' dir='ltr' id='par_1_18' title="bbox 508 1827 1522 1904">
     <span class='ocr_line' id='line_1_18' title="bbox 508 1827 1522 1904; baseline 0.001 -21"><span class='ocrx_word' id='word_1_85' title='bbox 508 1831 633 1899; x_wconf 58' lang='lat' dir='ltr'>Zur};</span> <span class='ocrx_word' id='word_1_86' title='bbox 664 1827 920 1903; x_wconf 85' lang='grc' dir='ltr'>Θεοδώρα</span> <span class='ocrx_word' id='word_1_87' title='bbox 946 1850 1006 1883; x_wconf 88' lang='grc' dir='ltr'>τε</span> <span class='ocrx_word' id='word_1_88' title='bbox 1033 1831 1134 1898; x_wconf 73' lang='grc' dir='ltr'>τὴν</span> <span class='ocrx_word' id='word_1_89' title='bbox 1162 1828 1522 1904; x_wconf 87' lang='grc' dir='ltr'>κραταρχίαν.</span> 
     </span>
    </p>
   </div>
   <div class='ocr_carea' id='block_1_19' title="bbox 436 1947 1873 2005">
    <p class='ocr_par' dir='ltr' id='par_1_19' title="bbox 436 1947 1873 2005">
     <span class='ocr_line' id='line_1_19' title="bbox 436 1947 1873 2005; baseline 0.003 -5"><span class='ocrx_word' id='word_1_90' title='bbox 436 1947 993 2005; x_wconf 76' lang='grc' dir='ltr'>ΚΩΝΣΤΑΝΤΙΝΟΣ</span> <span class='ocrx_word' id='word_1_91' title='bbox 1041 1951 1081 2000; x_wconf 92' lang='lat'>0</span> <span class='ocrx_word' id='word_1_92' title='bbox 1128 1948 1575 2004; x_wconf 81' lang='grc' dir='ltr'>ΜΟΝΟΜΑΧΟΣ</span> <span class='ocrx_word' id='word_1_93' title='bbox 1616 1949 1727 2004; x_wconf 87' lang='grc' dir='ltr'>ΕΤ.</span> <span class='ocrx_word' id='word_1_94' title='bbox 1770 1948 1873 2004; x_wconf 77' lang='grc' dir='ltr'>ΙΒ“.</span> 
     </span>
    </p>
   </div>
   <div class='ocr_carea' id='block_1_20' title="bbox 508 2039 1571 2118">
    <p class='ocr_par' dir='ltr' id='par_1_20' title="bbox 508 2039 1571 2118">
     <span class='ocr_line' id='line_1_20' title="bbox 508 2039 1571 2118; baseline -0.001 -19"><span class='ocrx_word' id='word_1_95' title='bbox 508 2043 633 2110; x_wconf 83' lang='grc' dir='ltr'>Ζωὴ</span> <span class='ocrx_word' id='word_1_96' title='bbox 665 2039 715 2096; x_wconf 87' lang='grc' dir='ltr'>δ’</span> <span class='ocrx_word' id='word_1_97' title='bbox 744 2042 923 2117; x_wconf 78' lang='grc' dir='ltr'>ἐρῶσα</span> <span class='ocrx_word' id='word_1_98' title='bbox 949 2041 1114 2113; x_wconf 81' lang='grc' dir='ltr'>τήνδε</span> <span class='ocrx_word' id='word_1_99' title='bbox 1143 2045 1393 2118; x_wconf 85' lang='grc' dir='ltr'>κατέχειν</span> <span class='ocrx_word' id='word_1_100' title='bbox 1430 2045 1571 2116; x_wconf 87' lang='grc' dir='ltr'>μόνη</span> 
     </span>
    </p>
   </div>
   <div class='ocr_carea' id='block_1_21' title="bbox 324 2130 1531 2209">
    <p class='ocr_par' dir='ltr' id='par_1_21' title="bbox 324 2130 1531 2209">
     <span class='ocr_line' id='line_1_21' title="bbox 324 2130 1531 2209; baseline 0.003 -26"><span class='ocrx_word' id='word_1_101' title='bbox 324 2134 468 2188; x_wconf 81' lang='lat'>3095</span> <span class='ocrx_word' id='word_1_102' title='bbox 506 2132 648 2205; x_wconf 82' lang='grc' dir='ltr'>Πρὸς</span> <span class='ocrx_word' id='word_1_103' title='bbox 680 2130 967 2185; x_wconf 77' lang='grc' dir='ltr'>συνάωειαν</span> <span class='ocrx_word' id='word_1_104' title='bbox 995 2132 1239 2206; x_wconf 74' lang='grc' dir='ltr'>γαμικὴν</span> <span class='ocrx_word' id='word_1_105' title='bbox 1272 2132 1531 2209; x_wconf 77' lang='grc' dir='ltr'>συνεζύγη</span> 
     </span>
    </p>
   </div>
   <div class='ocr_carea' id='block_1_22' title="bbox 503 2218 1727 2296">
    <p class='ocr_par' dir='ltr' id='par_1_22' title="bbox 503 2218 1727 2296">
     <span class='ocr_line' id='line_1_22' title="bbox 503 2218 1727 2296; baseline 0 -20"><span class='ocrx_word' id='word_1_106' title='bbox 503 2222 597 2291; x_wconf 81' lang='grc' dir='ltr'>Τῷ</span> <span class='ocrx_word' id='word_1_107' title='bbox 620 2218 1015 2291; x_wconf 84' lang='grc' dir='ltr'>Κωνσταντίνῳ</span> <span class='ocrx_word' id='word_1_108' title='bbox 1045 2219 1345 2289; x_wconf 84' lang='grc' dir='ltr'>τούπίκλην</span> <span class='ocrx_word' id='word_1_109' title='bbox 1386 2222 1727 2296; x_wconf 84' lang='grc' dir='ltr'>Μονομάχῳ,</span> 
     </span>
    </p>
   </div>
   <div class='ocr_carea' id='block_1_23' title="bbox 503 2307 1678 2384">
    <p class='ocr_par' dir='ltr' id='par_1_23' title="bbox 503 2307 1678 2384">
     <span class='ocr_line' id='line_1_23' title="bbox 503 2307 1678 2384; baseline 0 -19"><span class='ocrx_word' id='word_1_110' title='bbox 503 2310 611 2365; x_wconf 83' lang='grc' dir='ltr'>Καὶ</span> <span class='ocrx_word' id='word_1_111' title='bbox 640 2310 880 2384; x_wconf 81' lang='grc' dir='ltr'>κράτορα</span> <span class='ocrx_word' id='word_1_112' title='bbox 912 2307 1180 2364; x_wconf 86' lang='grc' dir='ltr'>δείκνυσιν</span> <span class='ocrx_word' id='word_1_113' title='bbox 1214 2310 1373 2365; x_wconf 84' lang='grc' dir='ltr'>αὐτὸν</span> <span class='ocrx_word' id='word_1_114' title='bbox 1402 2310 1678 2366; x_wconf 81' lang='grc' dir='ltr'>Αὐσόνων·</span> 
     </span>
    </p>
   </div>
   <div class='ocr_carea' id='block_1_24' title="bbox 503 2397 1579 2475">
    <p class='ocr_par' dir='ltr' id='par_1_24' title="bbox 503 2397 1579 2475">
     <span class='ocr_line' id='line_1_24' title="bbox 503 2397 1579 2475; baseline -0.001 -20"><span class='ocrx_word' id='word_1_115' title='bbox 503 2399 653 2455; x_wconf 72' lang='lat' dir='ltr'>&quot;Ov-c’</span> <span class='ocrx_word' id='word_1_116' title='bbox 685 2398 918 2473; x_wconf 78' lang='grc' dir='ltr'>εὐγενῶν</span> <span class='ocrx_word' id='word_1_117' title='bbox 952 2419 1010 2453; x_wconf 87' lang='grc' dir='ltr'>τε</span> <span class='ocrx_word' id='word_1_118' title='bbox 1040 2398 1129 2454; x_wconf 82' lang='grc' dir='ltr'>καὶ</span> <span class='ocrx_word' id='word_1_119' title='bbox 1158 2397 1455 2475; x_wconf 82' lang='grc' dir='ltr'>περιδόξων</span> <span class='ocrx_word' id='word_1_120' title='bbox 1488 2398 1579 2454; x_wconf 78' lang='grc' dir='ltr'>ἕνα</span> 
     </span>
    </p>
   </div>
   <div class='ocr_carea' id='block_1_25' title="bbox 502 2485 1552 2564">
    <p class='ocr_par' dir='ltr' id='par_1_25' title="bbox 502 2485 1552 2564">
     <span class='ocr_line' id='line_1_25' title="bbox 502 2485 1552 2564; baseline 0.003 -25"><span class='ocrx_word' id='word_1_121' title='bbox 502 2486 590 2547; x_wconf 83' lang='grc' dir='ltr'>Ὡς</span> <span class='ocrx_word' id='word_1_122' title='bbox 622 2485 958 2561; x_wconf 69' lang='grc' dir='ltr'>εὐπατριδῶν</span> <span class='ocrx_word' id='word_1_123' title='bbox 989 2485 1249 2564; x_wconf 74' lang='grc' dir='ltr'>ἐκφυέντα</span> <span class='ocrx_word' id='word_1_124' title='bbox 1282 2487 1552 2563; x_wconf 88' lang='grc' dir='ltr'>πατέρων,</span> 
     </span>
    </p>
   </div>
   <div class='ocr_carea' id='block_1_26' title="bbox 324 2573 1530 2651">
    <p class='ocr_par' dir='ltr' id='par_1_26' title="bbox 324 2573 1530 2651">
     <span class='ocr_line' id='line_1_26' title="bbox 324 2573 1530 2651; baseline 0 -21"><span class='ocrx_word' id='word_1_125' title='bbox 324 2575 466 2631; x_wconf 91' lang='grc'>3100</span> <span class='ocrx_word' id='word_1_126' title='bbox 501 2573 702 2649; x_wconf 82' lang='grc' dir='ltr'>Λόγοις</span> <span class='ocrx_word' id='word_1_127' title='bbox 725 2574 1075 2648; x_wconf 82' lang='grc' dir='ltr'>ὁμιλήσαντα</span> <span class='ocrx_word' id='word_1_128' title='bbox 1103 2578 1242 2630; x_wconf 77' lang='grc' dir='ltr'>πάνυ</span> <span class='ocrx_word' id='word_1_129' title='bbox 1279 2577 1530 2651; x_wconf 81' lang='grc' dir='ltr'>μετρίως,</span> 
     </span>
    </p>
   </div>
   <div class='ocr_carea' id='block_1_27' title="bbox 498 2660 1847 2743">
    <p class='ocr_par' dir='ltr' id='par_1_27' title="bbox 498 2660 1847 2743">
     <span class='ocr_line' id='line_1_27' title="bbox 498 2660 1847 2743; baseline 0.003 -23"><span class='ocrx_word' id='word_1_130' title='bbox 498 2665 813 2737; x_wconf 82' lang='grc' dir='ltr'>Ἐρωτικῶς</span> <span class='ocrx_word' id='word_1_131' title='bbox 842 2663 889 2719; x_wconf 84' lang='grc' dir='ltr'>δ’</span> <span class='ocrx_word' id='word_1_132' title='bbox 918 2660 1119 2740; x_wconf 81' lang='grc' dir='ltr'>ἔχοντα</span> <span class='ocrx_word' id='word_1_133' title='bbox 1145 2664 1294 2735; x_wconf 72' lang='grc' dir='ltr'>πλὴν</span> <span class='ocrx_word' id='word_1_134' title='bbox 1326 2667 1462 2742; x_wconf 82' lang='grc' dir='ltr'>πρὸς</span> <span class='ocrx_word' id='word_1_135' title='bbox 1490 2664 1614 2729; x_wconf 81' lang='grc' dir='ltr'>τοὺς</span> <span class='ocrx_word' id='word_1_136' title='bbox 1646 2666 1847 2743; x_wconf 86' lang='grc' dir='ltr'>λόγους</span> 
     </span>
    </p>
   </div>
   <div class='ocr_carea' id='block_1_28' title="bbox 500 2752 1611 2828">
    <p class='ocr_par' dir='ltr' id='par_1_28' title="bbox 500 2752 1611 2828">
     <span class='ocr_line' id='line_1_28' title="bbox 500 2752 1611 2828; baseline 0.002 -19"><span class='ocrx_word' id='word_1_137' title='bbox 500 2753 771 2825; x_wconf 77' lang='grc' dir='ltr'>Ῥᾴθυμον</span> <span class='ocrx_word' id='word_1_138' title='bbox 797 2756 932 2822; x_wconf 69' lang='grc' dir='ltr'>ἦθος</span> <span class='ocrx_word' id='word_1_139' title='bbox 958 2752 1202 2828; x_wconf 83' lang='grc' dir='ltr'>μαλακόν</span> <span class='ocrx_word' id='word_1_140' title='bbox 1234 2754 1283 2809; x_wconf 85' lang='grc' dir='ltr'>τ’</span> <span class='ocrx_word' id='word_1_141' title='bbox 1311 2753 1611 2828; x_wconf 73' lang='grc' dir='ltr'>ἀνειμένον,</span> 
     </span>
    </p>
   </div>
   <div class='ocr_carea' id='block_1_29' title="bbox 498 2845 1619 2921">
    <p class='ocr_par' dir='ltr' id='par_1_29' title="bbox 498 2845 1619 2921">
     <span class='ocr_line' id='line_1_29' title="bbox 498 2845 1619 2921; baseline 0.004 -22"><span class='ocrx_word' id='word_1_142' title='bbox 498 2849 740 2921; x_wconf 75' lang='grc' dir='ltr'>Τρυφαῖς</span> <span class='ocrx_word' id='word_1_143' title='bbox 768 2845 1171 2921; x_wconf 78' lang='grc' dir='ltr'>προσανέχοντα</span> <span class='ocrx_word' id='word_1_144' title='bbox 1200 2845 1619 2921; x_wconf 87' lang='grc' dir='ltr'>γλυκυθυμίαις.</span> 
     </span>
    </p>
   </div>
   <div class='ocr_carea' id='block_1_30' title="bbox 497 2932 1480 3010">
    <p class='ocr_par' dir='ltr' id='par_1_30' title="bbox 497 2932 1480 3010">
     <span class='ocr_line' id='line_1_30' title="bbox 497 2932 1480 3010; baseline 0.002 -22"><span class='ocrx_word' id='word_1_145' title='bbox 497 2932 939 3009; x_wconf 71' lang='grc' dir='ltr'>Ἑρωτοληῴίαις</span> <span class='ocrx_word' id='word_1_146' title='bbox 967 2956 1027 2991; x_wconf 88' lang='grc' dir='ltr'>τε</span> <span class='ocrx_word' id='word_1_147' title='bbox 1056 2955 1285 3010; x_wconf 88' lang='grc' dir='ltr'>συνισχη</span> <span class='ocrx_word' id='word_1_148' title='bbox 1298 2936 1480 3008; x_wconf 78' lang='grc' dir='ltr'>μένον,</span> 
     </span>
    </p>
   </div>
   <div class='ocr_carea' id='block_1_31' title="bbox 325 3024 1625 3101">
    <p class='ocr_par' dir='ltr' id='par_1_31' title="bbox 325 3024 1625 3101">
     <span class='ocr_line' id='line_1_31' title="bbox 325 3024 1625 3101; baseline 0.001 -21"><span class='ocrx_word' id='word_1_149' title='bbox 325 3026 462 3081; x_wconf 81' lang='grc'><strong>3105</strong></span> <span class='ocrx_word' id='word_1_150' title='bbox 500 3026 627 3081; x_wconf 84' lang='grc' dir='ltr'>Τῶν</span> <span class='ocrx_word' id='word_1_151' title='bbox 658 3024 823 3094; x_wconf 79' lang='grc' dir='ltr'>ἀξιῶν</span> <span class='ocrx_word' id='word_1_152' title='bbox 848 3025 1085 3097; x_wconf 87' lang='grc' dir='ltr'>νέμοντα</span> <span class='ocrx_word' id='word_1_153' title='bbox 1110 3026 1204 3087; x_wconf 70' lang='grc' dir='ltr'>τὰς</span> <span class='ocrx_word' id='word_1_154' title='bbox 1236 3024 1400 3099; x_wconf 76' lang='grc' dir='ltr'>τιμὰς</span> <span class='ocrx_word' id='word_1_155' title='bbox 1429 3024 1625 3101; x_wconf 88' lang='grc' dir='ltr'>χύδην,</span> 
     </span>
    </p>
   </div>
   <div class='ocr_carea' id='block_1_32' title="bbox 495 3112 1617 3190">
    <p class='ocr_par' dir='ltr' id='par_1_32' title="bbox 495 3112 1617 3190">
     <span class='ocr_line' id='line_1_32' title="bbox 495 3112 1617 3190; baseline 0.004 -24"><span class='ocrx_word' id='word_1_156' title='bbox 495 3114 596 3174; x_wconf 79' lang='grc' dir='ltr'>Οἷς</span> <span class='ocrx_word' id='word_1_157' title='bbox 625 3113 687 3167; x_wconf 85' lang='grc' dir='ltr'>οὐ</span> <span class='ocrx_word' id='word_1_158' title='bbox 718 3120 988 3187; x_wconf 81' lang='grc' dir='ltr'>προσῆκεν</span> <span class='ocrx_word' id='word_1_159' title='bbox 1022 3114 1299 3190; x_wconf 84' lang='grc' dir='ltr'>ἀγοραίοις</span> <span class='ocrx_word' id='word_1_160' title='bbox 1341 3112 1617 3189; x_wconf 80' lang='grc' dir='ltr'>ἀνδράσιν,</span> 
     </span>
    </p>
   </div>
   <div class='ocr_carea' id='block_1_33' title="bbox 492 3198 1686 3278">
    <p class='ocr_par' dir='ltr' id='par_1_33' title="bbox 492 3198 1686 3278">
     <span class='ocr_line' id='line_1_33' title="bbox 492 3198 1686 3278; baseline 0.002 -20"><span class='ocrx_word' id='word_1_161' title='bbox 492 3203 598 3258; x_wconf 78' lang='grc' dir='ltr'>Καὶ</span> <span class='ocrx_word' id='word_1_162' title='bbox 632 3200 914 3275; x_wconf 85' lang='grc' dir='ltr'>δημοσίων</span> <span class='ocrx_word' id='word_1_163' title='bbox 946 3201 1252 3278; x_wconf 82' lang='grc' dir='ltr'>χρημάτων</span> <span class='ocrx_word' id='word_1_164' title='bbox 1286 3198 1487 3266; x_wconf 73' lang='grc' dir='ltr'>ὅλϐους</span> <span class='ocrx_word' id='word_1_165' title='bbox 1522 3203 1686 3269; x_wconf 79' lang='grc' dir='ltr'>ὅλους</span> 
     </span>
    </p>
   </div>
   <div class='ocr_carea' id='block_1_34' title="bbox 488 3289 1559 3365">
    <p class='ocr_par' dir='ltr' id='par_1_34' title="bbox 488 3289 1559 3365">
     <span class='ocr_line' id='line_1_34' title="bbox 488 3289 1559 3365; baseline -0.001 -17"><span class='ocrx_word' id='word_1_166' title='bbox 488 3289 681 3352; x_wconf 87' lang='grc' dir='ltr'>Ὀλαις</span> <span class='ocrx_word' id='word_1_167' title='bbox 715 3289 942 3364; x_wconf 82' lang='grc' dir='ltr'>ἀμάξαις</span> <span class='ocrx_word' id='word_1_168' title='bbox 975 3289 1332 3347; x_wconf 87' lang='grc' dir='ltr'>ἀναλίσκοντα</span> <span class='ocrx_word' id='word_1_169' title='bbox 1365 3293 1559 3365; x_wconf 84' lang='grc' dir='ltr'>μάτην,</span> 
     </span>
    </p>
   </div>
   <div class='ocr_carea' id='block_1_35' title="bbox 494 3378 1617 3457">
    <p class='ocr_par' dir='ltr' id='par_1_35' title="bbox 494 3378 1617 3457">
     <span class='ocr_line' id='line_1_35' title="bbox 494 3378 1617 3457; baseline 0 -21"><span class='ocrx_word' id='word_1_170' title='bbox 494 3378 611 3436; x_wconf 73' lang='grc' dir='ltr'>Οὐκ</span> <span class='ocrx_word' id='word_1_171' title='bbox 642 3378 720 3442; x_wconf 79' lang='grc' dir='ltr'>εἷς</span> <span class='ocrx_word' id='word_1_172' title='bbox 746 3380 811 3434; x_wconf 86' lang='grc' dir='ltr'>τὸ</span> <span class='ocrx_word' id='word_1_173' title='bbox 839 3383 993 3453; x_wconf 79' lang='grc' dir='ltr'>κοινῇ</span> <span class='ocrx_word' id='word_1_174' title='bbox 1028 3386 1300 3457; x_wconf 77' lang='grc' dir='ltr'>συμφέρον</span> <span class='ocrx_word' id='word_1_175' title='bbox 1332 3379 1617 3454; x_wconf 76' lang='grc' dir='ltr'>Ῥωμαίδι,</span> 
     </span>
    </p>
   </div>
   <div class='ocr_carea' id='block_1_36' title="bbox 310 3468 1666 3547">
    <p class='ocr_par' dir='ltr' id='par_1_36' title="bbox 310 3468 1666 3547">
     <span class='ocr_line' id='line_1_36' title="bbox 310 3468 1666 3547; baseline 0.002 -22"><span class='ocrx_word' id='word_1_176' title='bbox 310 3471 451 3525; x_wconf 85' lang='grc'><strong>3110</strong></span> <span class='ocrx_word' id='word_1_177' title='bbox 486 3470 558 3524; x_wconf 75' lang='grc' dir='ltr'>’Ἡ</span> <span class='ocrx_word' id='word_1_178' title='bbox 588 3468 870 3543; x_wconf 79' lang='grc' dir='ltr'>χρήσιμόν</span> <span class='ocrx_word' id='word_1_179' title='bbox 896 3472 1055 3540; x_wconf 85' lang='grc' dir='ltr'>τιτῷ</span> <span class='ocrx_word' id='word_1_180' title='bbox 1084 3468 1267 3543; x_wconf 80' lang='grc' dir='ltr'>κράτει</span> <span class='ocrx_word' id='word_1_181' title='bbox 1300 3472 1666 3547; x_wconf 79' lang='grc' dir='ltr'>συνεισφέρον.</span> 
     </span>
    </p>
   </div>
   <div class='ocr_carea' id='block_1_37' title="bbox 488 3553 1451 3632">
    <p class='ocr_par' dir='ltr' id='par_1_37' title="bbox 488 3553 1451 3632">
     <span class='ocr_line' id='line_1_37' title="bbox 488 3553 1451 3632; baseline -0.001 -19"><span class='ocrx_word' id='word_1_182' title='bbox 488 3557 717 3632; x_wconf 76' lang='grc' dir='ltr'>Ἀντῆρε</span> <span class='ocrx_word' id='word_1_183' title='bbox 744 3553 885 3628; x_wconf 78' lang='grc' dir='ltr'>τῷδε</span> <span class='ocrx_word' id='word_1_184' title='bbox 919 3556 1137 3631; x_wconf 84' lang='grc' dir='ltr'>βασιλεῖ</span> <span class='ocrx_word' id='word_1_185' title='bbox 1165 3556 1451 3629; x_wconf 84' lang='grc' dir='ltr'>Μανιάκης</span> 
     </span>
    </p>
   </div>
   <div class='ocr_carea' id='block_1_38' title="bbox 486 3646 1546 3720">
    <p class='ocr_par' dir='ltr' id='par_1_38' title="bbox 486 3646 1546 3720">
     <span class='ocr_line' id='line_1_38' title="bbox 486 3646 1546 3720; baseline 0.003 -21"><span class='ocrx_word' id='word_1_186' title='bbox 486 3646 897 3716; x_wconf 71' lang='grc' dir='ltr'>Ἀποστατήσας</span> <span class='ocrx_word' id='word_1_187' title='bbox 927 3646 1016 3700; x_wconf 78' lang='grc' dir='ltr'>καὶ</span> <span class='ocrx_word' id='word_1_188' title='bbox 1048 3647 1298 3720; x_wconf 75' lang='grc' dir='ltr'>στρατιὰν</span> <span class='ocrx_word' id='word_1_189' title='bbox 1330 3647 1546 3720; x_wconf 84' lang='grc' dir='ltr'>ἀλίσας,</span> 
     </span>
    </p>
   </div>
   <div class='ocr_carea' id='block_1_39' title="bbox 489 3734 1690 3812">
    <p class='ocr_par' dir='ltr' id='par_1_39' title="bbox 489 3734 1690 3812">
     <span class='ocr_line' id='line_1_39' title="bbox 489 3734 1690 3812; baseline 0.005 -24"><span class='ocrx_word' id='word_1_190' title='bbox 489 3737 652 3810; x_wconf 74' lang='grc' dir='ltr'>Ἀνήρ</span> <span class='ocrx_word' id='word_1_191' title='bbox 682 3736 982 3810; x_wconf 82' lang='grc' dir='ltr'>στρατηγὸς</span> <span class='ocrx_word' id='word_1_192' title='bbox 1012 3734 1260 3804; x_wconf 87' lang='grc' dir='ltr'>εὐσθενής</span> <span class='ocrx_word' id='word_1_193' title='bbox 1290 3736 1379 3792; x_wconf 87' lang='grc' dir='ltr'>καὶ</span> <span class='ocrx_word' id='word_1_194' title='bbox 1411 3735 1690 3812; x_wconf 68' lang='grc' dir='ltr'>γεννάδας,</span> 
     </span>
    </p>
   </div>
   <div class='ocr_carea' id='block_1_40' title="bbox 490 3821 1640 3902">
    <p class='ocr_par' dir='ltr' id='par_1_40' title="bbox 490 3821 1640 3902">
     <span class='ocr_line' id='line_1_40' title="bbox 490 3821 1640 3902; baseline 0.003 -25"><span class='ocrx_word' id='word_1_195' title='bbox 490 3825 673 3896; x_wconf 76' lang='grc' dir='ltr'>Οὗπερ</span> <span class='ocrx_word' id='word_1_196' title='bbox 705 3821 864 3885; x_wconf 84' lang='grc' dir='ltr'>κλέος</span> <span class='ocrx_word' id='word_1_197' title='bbox 897 3825 1148 3900; x_wconf 78' lang='grc' dir='ltr'>μέγιστον</span> <span class='ocrx_word' id='word_1_198' title='bbox 1182 3823 1233 3879; x_wconf 80' lang='grc' dir='ltr'>ἐν</span> <span class='ocrx_word' id='word_1_199' title='bbox 1268 3828 1640 3902; x_wconf 84' lang='grc' dir='ltr'>στρατηγίαις·</span> 
     </span>
    </p>
   </div>
   <div class='ocr_carea' id='block_1_41' title="bbox 309 3911 1539 3989">
    <p class='ocr_par' dir='ltr' id='par_1_41' title="bbox 309 3911 1539 3989">
     <span class='ocr_line' id='line_1_41' title="bbox 309 3911 1539 3989; baseline 0.002 -21"><span class='ocrx_word' id='word_1_200' title='bbox 309 3913 449 3971; x_wconf 86' lang='grc'><strong>3115</strong></span> <span class='ocrx_word' id='word_1_201' title='bbox 484 3915 587 3975; x_wconf 86' lang='grc' dir='ltr'>Ὃς</span> <span class='ocrx_word' id='word_1_202' title='bbox 622 3911 916 3987; x_wconf 83' lang='grc' dir='ltr'>μηδοτιοῦν</span> <span class='ocrx_word' id='word_1_203' title='bbox 951 3912 1003 3966; x_wconf 84' lang='grc' dir='ltr'>ἐν</span> <span class='ocrx_word' id='word_1_204' title='bbox 1034 3911 1307 3989; x_wconf 86' lang='grc' dir='ltr'>τυραννίδι</span> <span class='ocrx_word' id='word_1_205' title='bbox 1342 3911 1539 3988; x_wconf 88' lang='grc' dir='ltr'>δράσας</span> 
     </span>
    </p>
   </div>
   <div class='ocr_carea' id='block_1_42' title="bbox 484 4002 1536 4081">
    <p class='ocr_par' dir='ltr' id='par_1_42' title="bbox 484 4002 1536 4081">
     <span class='ocr_line' id='line_1_42' title="bbox 484 4002 1536 4081; baseline 0.043 -22"><span class='ocrx_word' id='word_1_206' title='bbox 484 4002 777 4073; x_wconf 80' lang='grc' dir='ltr'>Ἐξαπίνης</span> <span class='ocrx_word' id='word_1_207' title='bbox 806 4002 1061 4073; x_wconf 71' lang='grc' dir='ltr'>τέθνηκεν</span> <span class='ocrx_word' id='word_1_208' title='bbox 1094 4002 1302 4076; x_wconf 68' lang='grc' dir='ltr'>ἀρτύων</span> <span class='ocrx_word' id='word_1_209' title='bbox 1327 4003 1536 4081; x_wconf 38' lang='lat' dir='ltr'>ViX-nm</span> 
     </span>
    </p>
   </div>
   <div class='ocr_carea' id='block_1_43' title="bbox 483 4088 1675 4167">
    <p class='ocr_par' dir='ltr' id='par_1_43' title="bbox 483 4088 1675 4167">
     <span class='ocr_line' id='line_1_43' title="bbox 483 4088 1675 4167; baseline 0.004 -22"><span class='ocrx_word' id='word_1_210' title='bbox 483 4092 621 4154; x_wconf 71' lang='grc' dir='ltr'>Μεθ’</span> <span class='ocrx_word' id='word_1_211' title='bbox 646 4089 704 4145; x_wconf 73' lang='grc' dir='ltr'>ὅν</span> <span class='ocrx_word' id='word_1_212' title='bbox 734 4111 817 4152; x_wconf 88' lang='grc' dir='ltr'>τις</span> <span class='ocrx_word' id='word_1_213' title='bbox 848 4088 1021 4152; x_wconf 77' lang='grc' dir='ltr'>ἄλλος</span> <span class='ocrx_word' id='word_1_214' title='bbox 1049 4091 1338 4167; x_wconf 86' lang='grc' dir='ltr'>Τορνίκιος</span> <span class='ocrx_word' id='word_1_215' title='bbox 1365 4093 1675 4166; x_wconf 87' lang='grc' dir='ltr'>τούπίκλην</span> 
     </span>
    </p>
   </div>
   <div class='ocr_carea' id='block_1_44' title="bbox 475 4178 1603 4254">
    <p class='ocr_par' dir='ltr' id='par_1_44' title="bbox 475 4178 1603 4254">
     <span class='ocr_line' id='line_1_44' title="bbox 475 4178 1603 4254; baseline 0.004 -20"><span class='ocrx_word' id='word_1_216' title='bbox 475 4182 670 4241; x_wconf 81' lang='grc' dir='ltr'>’Όστις</span> <span class='ocrx_word' id='word_1_217' title='bbox 699 4178 903 4249; x_wconf 82' lang='grc' dir='ltr'>ἐπῆλθε</span> <span class='ocrx_word' id='word_1_218' title='bbox 934 4179 1027 4234; x_wconf 80' lang='grc' dir='ltr'>σὺν</span> <span class='ocrx_word' id='word_1_219' title='bbox 1062 4185 1289 4254; x_wconf 84' lang='grc' dir='ltr'>στρατιᾷ</span> <span class='ocrx_word' id='word_1_220' title='bbox 1316 4185 1386 4254; x_wconf 79' lang='grc' dir='ltr'>τῇ</span> <span class='ocrx_word' id='word_1_221' title='bbox 1419 4181 1603 4239; x_wconf 86' lang='grc' dir='ltr'>πόλει·</span> 
     </span>
    </p>
   </div>
   <div class='ocr_carea' id='block_1_45' title="bbox 479 4267 1619 4348">
    <p class='ocr_par' dir='ltr' id='par_1_45' title="bbox 479 4267 1619 4348">
     <span class='ocr_line' id='line_1_45' title="bbox 479 4267 1619 4348; baseline 0.004 -24"><span class='ocrx_word' id='word_1_222' title='bbox 479 4267 664 4325; x_wconf 81' lang='grc' dir='ltr'>’Δλλά</span> <span class='ocrx_word' id='word_1_223' title='bbox 694 4269 983 4345; x_wconf 77' lang='grc' dir='ltr'>κρατηθεὶς</span> <span class='ocrx_word' id='word_1_224' title='bbox 1015 4268 1274 4345; x_wconf 72' lang='grc' dir='ltr'>ἐστέρητο</span> <span class='ocrx_word' id='word_1_225' title='bbox 1304 4274 1402 4325; x_wconf 78' lang='grc' dir='ltr'>τοῦ</span> <span class='ocrx_word' id='word_1_226' title='bbox 1433 4272 1619 4348; x_wconf 79' lang='grc' dir='ltr'>φάους.</span> 
     </span>
    </p>
   </div>
   <div class='ocr_carea' id='block_1_46' title="bbox 306 4355 1677 4432">
    <p class='ocr_par' dir='ltr' id='par_1_46' title="bbox 306 4355 1677 4432">
     <span class='ocr_line' id='line_1_46' title="bbox 306 4355 1677 4432; baseline 0.001 -16"><span class='ocrx_word' id='word_1_227' title='bbox 306 4361 444 4417; x_wconf 62' lang='grc' dir='ltr'><strong>31Ἇ)</strong></span> <span class='ocrx_word' id='word_1_228' title='bbox 482 4359 587 4416; x_wconf 80' lang='grc' dir='ltr'>Καὶ</span> <span class='ocrx_word' id='word_1_229' title='bbox 614 4359 873 4420; x_wconf 79' lang='grc' dir='ltr'>Ῥωσικὸς</span> <span class='ocrx_word' id='word_1_230' title='bbox 904 4357 1072 4413; x_wconf 76' lang='grc' dir='ltr'>πάΑιν</span> <span class='ocrx_word' id='word_1_231' title='bbox 1105 4355 1163 4413; x_wconf 74' lang='grc' dir='ltr'>δὲ</span> <span class='ocrx_word' id='word_1_232' title='bbox 1189 4361 1258 4432; x_wconf 78' lang='grc' dir='ltr'>τῇ</span> <span class='ocrx_word' id='word_1_233' title='bbox 1291 4355 1452 4415; x_wconf 77' lang='grc' dir='ltr'>πόλει</span> <span class='ocrx_word' id='word_1_234' title='bbox 1482 4360 1677 4424; x_wconf 90' lang='grc' dir='ltr'>στόλος</span> 
     </span>
    </p>
   </div>
   <div class='ocr_carea' id='block_1_47' title="bbox 484 4446 1604 4527">
    <p class='ocr_par' dir='ltr' id='par_1_47' title="bbox 484 4446 1604 4527">
     <span class='ocr_line' id='line_1_47' title="bbox 484 4446 1604 4527; baseline -0.001 -21"><span class='ocrx_word' id='word_1_235' title='bbox 484 4446 879 4523; x_wconf 80' lang='grc' dir='ltr'>Ἐπεισέιρρησε</span> <span class='ocrx_word' id='word_1_236' title='bbox 911 4448 1105 4523; x_wconf 89' lang='grc' dir='ltr'>μυρίον</span> <span class='ocrx_word' id='word_1_237' title='bbox 1138 4449 1366 4521; x_wconf 82' lang='grc' dir='ltr'>στρατὸν</span> <span class='ocrx_word' id='word_1_238' title='bbox 1407 4448 1604 4527; x_wconf 65' lang='grc' dir='ltr'>φέρων,</span> 
     </span>
    </p>
   </div>
   <div class='ocr_carea' id='block_1_48' title="bbox 480 4534 1560 4613">
    <p class='ocr_par' dir='ltr' id='par_1_48' title="bbox 480 4534 1560 4613">
     <span class='ocr_line' id='line_1_48' title="bbox 480 4534 1560 4613; baseline 0.001 -22"><span class='ocrx_word' id='word_1_239' title='bbox 480 4540 575 4598; x_wconf 87' lang='grc' dir='ltr'>Ὄς</span> <span class='ocrx_word' id='word_1_240' title='bbox 604 4536 880 4611; x_wconf 77' lang='grc' dir='ltr'>ναυμαχίᾳ</span> <span class='ocrx_word' id='word_1_241' title='bbox 910 4541 1013 4598; x_wconf 86' lang='grc' dir='ltr'>πᾶς</span> <span class='ocrx_word' id='word_1_242' title='bbox 1044 4535 1241 4613; x_wconf 84' lang='grc' dir='ltr'>σχεδὸν</span> <span class='ocrx_word' id='word_1_243' title='bbox 1275 4534 1560 4613; x_wconf 84' lang='grc' dir='ltr'>διεφθάρη.</span> 
     </span>
    </p>
   </div>
   <div class='ocr_carea' id='block_1_49' title="bbox 484 4623 1633 4701">
    <p class='ocr_par' dir='ltr' id='par_1_49' title="bbox 484 4623 1633 4701">
     <span class='ocr_line' id='line_1_49' title="bbox 484 4623 1633 4701; baseline 0.002 -20"><span class='ocrx_word' id='word_1_244' title='bbox 484 4626 587 4681; x_wconf 73' lang='grc' dir='ltr'>Καὶ</span> <span class='ocrx_word' id='word_1_245' title='bbox 620 4627 947 4694; x_wconf 75' lang='grc' dir='ltr'>Πατζινάκαι</span> <span class='ocrx_word' id='word_1_246' title='bbox 976 4628 1084 4680; x_wconf 88' lang='grc' dir='ltr'>τῶν</span> <span class='ocrx_word' id='word_1_247' title='bbox 1120 4626 1456 4701; x_wconf 81' lang='grc' dir='ltr'>Παριστρίων</span> <span class='ocrx_word' id='word_1_248' title='bbox 1484 4623 1633 4691; x_wconf 76' lang='grc' dir='ltr'>ἔθνος</span> 
     </span>
    </p>
   </div>
   <div class='ocr_carea' id='block_1_50' title="bbox 486 4711 1657 4791">
    <p class='ocr_par' dir='ltr' id='par_1_50' title="bbox 486 4711 1657 4791">
     <span class='ocr_line' id='line_1_50' title="bbox 486 4711 1657 4791; baseline 0.003 -21"><span class='ocrx_word' id='word_1_249' title='bbox 486 4713 894 4784; x_wconf 79' lang='grc' dir='ltr'>Λεηλατοῦντες</span> <span class='ocrx_word' id='word_1_250' title='bbox 924 4711 1263 4791; x_wconf 68' lang='grc' dir='ltr'>κατέδραμον</span> <span class='ocrx_word' id='word_1_251' title='bbox 1293 4717 1393 4785; x_wconf 83' lang='grc' dir='ltr'>τὴν</span> <span class='ocrx_word' id='word_1_252' title='bbox 1423 4722 1657 4791; x_wconf 74' lang='grc' dir='ltr'>Θρᾳκηνο</span> 
     </span>
    </p>
   </div>
   <div class='ocr_carea' id='block_1_51' title="bbox 309 4800 1701 4880">
    <p class='ocr_par' dir='ltr' id='par_1_51' title="bbox 309 4800 1701 4880">
     <span class='ocr_line' id='line_1_51' title="bbox 309 4800 1701 4880; baseline 0.001 -19"><span class='ocrx_word' id='word_1_253' title='bbox 309 4806 450 4861; x_wconf 79' lang='grc'><strong>3125</strong></span> <span class='ocrx_word' id='word_1_254' title='bbox 488 4800 739 4864; x_wconf 77' lang='grc' dir='ltr'>Σπονδὰς</span> <span class='ocrx_word' id='word_1_255' title='bbox 767 4802 1083 4880; x_wconf 70' lang='grc' dir='ltr'>δεδρακότες</span> <span class='ocrx_word' id='word_1_256' title='bbox 1106 4802 1165 4859; x_wconf 78' lang='grc' dir='ltr'>δὲ</span> <span class='ocrx_word' id='word_1_257' title='bbox 1194 4804 1492 4877; x_wconf 81' lang='grc' dir='ltr'>Ῥωμαίοις</span> <span class='ocrx_word' id='word_1_258' title='bbox 1522 4806 1701 4878; x_wconf 79' lang='grc' dir='ltr'>τέλος,</span> 
     </span>
    </p>
   </div>
   <div class='ocr_carea' id='block_1_52' title="bbox 483 4892 1597 4970">
    <p class='ocr_par' dir='ltr' id='par_1_52' title="bbox 483 4892 1597 4970">
     <span class='ocr_line' id='line_1_52' title="bbox 483 4892 1597 4970; baseline -0.001 -19"><span class='ocrx_word' id='word_1_259' title='bbox 483 4894 600 4957; x_wconf 65' lang='lat' dir='ltr'>Ti;</span> <span class='ocrx_word' id='word_1_260' title='bbox 625 4892 932 4957; x_wconf 88' lang='grc' dir='ltr'>πανοπλίας</span> <span class='ocrx_word' id='word_1_261' title='bbox 958 4892 1238 4948; x_wconf 71' lang='grc' dir='ltr'>κατέθεντο</span> <span class='ocrx_word' id='word_1_262' title='bbox 1271 4892 1359 4948; x_wconf 84' lang='grc' dir='ltr'>καὶ</span> <span class='ocrx_word' id='word_1_263' title='bbox 1394 4894 1597 4970; x_wconf 84' lang='grc' dir='ltr'>μάχας.</span> 
     </span>
    </p>
   </div>
   <div class='ocr_carea' id='block_1_53' title="bbox 484 4981 1785 5058">
    <p class='ocr_par' dir='ltr' id='par_1_53' title="bbox 484 4981 1785 5058">
     <span class='ocr_line' id='line_1_53' title="bbox 484 4981 1785 5058; baseline 0.001 -18"><span class='ocrx_word' id='word_1_264' title='bbox 484 4984 704 5040; x_wconf 77' lang='grc' dir='ltr'>Τούτου</span> <span class='ocrx_word' id='word_1_265' title='bbox 732 4987 1059 5056; x_wconf 79' lang='grc' dir='ltr'>κρατοῦντος</span> <span class='ocrx_word' id='word_1_266' title='bbox 1087 4981 1320 5039; x_wconf 85' lang='grc' dir='ltr'>Οὐνικὸν</span> <span class='ocrx_word' id='word_1_267' title='bbox 1349 4982 1608 5058; x_wconf 87' lang='grc' dir='ltr'>Τούρκων</span> <span class='ocrx_word' id='word_1_268' title='bbox 1634 4983 1785 5050; x_wconf 68' lang='grc' dir='ltr'>ἔθνος</span> 
     </span>
    </p>
   </div>
   <div class='ocr_carea' id='block_1_54' title="bbox 485 5070 1615 5147">
    <p class='ocr_par' dir='ltr' id='par_1_54' title="bbox 485 5070 1615 5147">
     <span class='ocr_line' id='line_1_54' title="bbox 485 5070 1615 5147; baseline -0.003 -16"><span class='ocrx_word' id='word_1_269' title='bbox 485 5073 851 5147; x_wconf 77' lang='grc' dir='ltr'>Ὀρμώμενον</span> <span class='ocrx_word' id='word_1_270' title='bbox 882 5071 1008 5146; x_wconf 76' lang='grc' dir='ltr'>πρὶν</span> <span class='ocrx_word' id='word_1_271' title='bbox 1046 5070 1097 5143; x_wconf 73' lang='grc' dir='ltr'><strong>ἐξ</strong></span> <span class='ocrx_word' id='word_1_272' title='bbox 1128 5071 1271 5146; x_wconf 82' lang='grc' dir='ltr'>ὀρῶν</span> <span class='ocrx_word' id='word_1_273' title='bbox 1303 5071 1615 5128; x_wconf 83' lang='grc' dir='ltr'>Καυκασίων</span> 
     </span>
    </p>
   </div>
   <div class='ocr_carea' id='block_1_55' title="bbox 486 5159 1658 5236">
    <p class='ocr_par' dir='ltr' id='par_1_55' title="bbox 486 5159 1658 5236">
     <span class='ocr_line' id='line_1_55' title="bbox 486 5159 1658 5236; baseline -0.003 -17"><span class='ocrx_word' id='word_1_274' title='bbox 486 5160 731 5225; x_wconf 80' lang='grc' dir='ltr'>Ἐπῆλθε</span> <span class='ocrx_word' id='word_1_275' title='bbox 759 5166 977 5236; x_wconf 85' lang='grc' dir='ltr'>πρῶτον</span> <span class='ocrx_word' id='word_1_276' title='bbox 1005 5159 1311 5234; x_wconf 74' lang='grc' dir='ltr'>Ῥωμαίδος</span> <span class='ocrx_word' id='word_1_277' title='bbox 1341 5166 1457 5223; x_wconf 85' lang='grc' dir='ltr'>τοῖς</span> <span class='ocrx_word' id='word_1_278' title='bbox 1489 5161 1658 5235; x_wconf 77' lang='grc' dir='ltr'>ὅροις·</span> 
     </span>
    </p>
   </div>
   <div class='ocr_carea' id='block_1_56' title="bbox 310 5248 1645 5324">
    <p class='ocr_par' dir='ltr' id='par_1_56' title="bbox 310 5248 1645 5324">
     <span class='ocr_line' id='line_1_56' title="bbox 310 5248 1645 5324; baseline 0 -17"><span class='ocrx_word' id='word_1_279' title='bbox 310 5254 443 5309; x_wconf 88' lang='grc'><strong>3130</strong></span> <span class='ocrx_word' id='word_1_280' title='bbox 486 5252 602 5309; x_wconf 63' lang='lat' dir='ltr'>lida</span> <span class='ocrx_word' id='word_1_281' title='bbox 630 5248 777 5305; x_wconf 78' lang='grc' dir='ltr'>τοῦδ’</span> <span class='ocrx_word' id='word_1_282' title='bbox 812 5250 1017 5315; x_wconf 47' lang='lat' dir='ltr'>tamen</span> <span class='ocrx_word' id='word_1_283' title='bbox 1042 5253 1112 5315; x_wconf 85' lang='grc' dir='ltr'><strong>τῆ</strong></span> <span class='ocrx_word' id='word_1_284' title='bbox 1142 5252 1257 5306; x_wconf 88' lang='grc' dir='ltr'>κατ’</span> <span class='ocrx_word' id='word_1_285' title='bbox 1283 5250 1451 5320; x_wconf 77' lang='grc' dir='ltr'>αὐτῆς</span> <span class='ocrx_word' id='word_1_286' title='bbox 1482 5252 1645 5324; x_wconf 82' lang='grc' dir='ltr'>μανίᾳ</span> 
     </span>
    </p>
   </div>
   <div class='ocr_carea' id='block_1_57' title="bbox 480 5337 1665 5418">
    <p class='ocr_par' dir='ltr' id='par_1_57' title="bbox 480 5337 1665 5418">
     <span class='ocr_line' id='line_1_57' title="bbox 480 5337 1665 5418; baseline 0 -21"><span class='ocrx_word' id='word_1_287' title='bbox 480 5340 717 5417; x_wconf 79' lang='grc' dir='ltr'>’Βληγεν</span> <span class='ocrx_word' id='word_1_288' title='bbox 743 5338 897 5395; x_wconf 72' lang='grc' dir='ltr'>οὐδὲν</span> <span class='ocrx_word' id='word_1_289' title='bbox 928 5337 1085 5409; x_wconf 84' lang='grc' dir='ltr'>τῆσδ’</span> <span class='ocrx_word' id='word_1_290' title='bbox 1115 5339 1277 5415; x_wconf 75' lang='grc' dir='ltr'>ὅρους</span> <span class='ocrx_word' id='word_1_291' title='bbox 1304 5342 1665 5418; x_wconf 85' lang='grc' dir='ltr'>κατατρέχον,</span> 
     </span>
    </p>
   </div>
   <div class='ocr_carea' id='block_1_58' title="bbox 488 5427 1747 5508">
    <p class='ocr_par' dir='ltr' id='par_1_58' title="bbox 488 5427 1747 5508">
     <span class='ocr_line' id='line_1_58' title="bbox 488 5427 1747 5508; baseline 0.001 -21"><span class='ocrx_word' id='word_1_292' title='bbox 488 5432 585 5487; x_wconf 85' lang='grc' dir='ltr'>Ἐκ</span> <span class='ocrx_word' id='word_1_293' title='bbox 611 5435 718 5484; x_wconf 86' lang='grc' dir='ltr'>τῶν</span> <span class='ocrx_word' id='word_1_294' title='bbox 753 5434 936 5504; x_wconf 87' lang='grc' dir='ltr'>μερῶν</span> <span class='ocrx_word' id='word_1_295' title='bbox 972 5428 1120 5492; x_wconf 76' lang='grc' dir='ltr'>ὅπως</span> <span class='ocrx_word' id='word_1_296' title='bbox 1154 5427 1212 5484; x_wconf 75' lang='grc' dir='ltr'>δὲ</span> <span class='ocrx_word' id='word_1_297' title='bbox 1234 5434 1340 5485; x_wconf 88' lang='grc' dir='ltr'>τῶν</span> <span class='ocrx_word' id='word_1_298' title='bbox 1372 5432 1747 5508; x_wconf 86' lang='grc' dir='ltr'>προσαρκτίων</span> 
     </span>
    </p>
   </div>
   <div class='ocr_carea' id='block_1_59' title="bbox 490 5518 1512 5598">
    <p class='ocr_par' dir='ltr' id='par_1_59' title="bbox 490 5518 1512 5598">
     <span class='ocr_line' id='line_1_59' title="bbox 490 5518 1512 5598; baseline 0.013 -19"><span class='ocrx_word' id='word_1_299' title='bbox 490 5525 596 5580; x_wconf 86' lang='grc' dir='ltr'>Οἴα</span> <span class='ocrx_word' id='word_1_300' title='bbox 620 5521 774 5595; x_wconf 87' lang='grc' dir='ltr'>λύμη</span> <span class='ocrx_word' id='word_1_301' title='bbox 807 5542 890 5583; x_wconf 84' lang='grc' dir='ltr'>τις</span> <span class='ocrx_word' id='word_1_302' title='bbox 925 5521 985 5576; x_wconf 74' lang='grc' dir='ltr'>οὗ</span> <span class='ocrx_word' id='word_1_303' title='bbox 1012 5518 1196 5583; x_wconf 80' lang='grc' dir='ltr'>καλῶς</span> <span class='ocrx_word' id='word_1_304' title='bbox 1227 5519 1512 5598; x_wconf 76' lang='grc' dir='ltr'>εἰσεφοάῥη</span> 
     </span>
    </p>
   </div>
   <div class='ocr_carea' id='block_1_60' title="bbox 491 5609 1617 5685">
    <p class='ocr_par' dir='ltr' id='par_1_60' title="bbox 491 5609 1617 5685">
     <span class='ocr_line' id='line_1_60' title="bbox 491 5609 1617 5685; baseline 0 -17"><span class='ocrx_word' id='word_1_305' title='bbox 491 5612 588 5675; x_wconf 76' lang='grc' dir='ltr'>Εἰς</span> <span class='ocrx_word' id='word_1_306' title='bbox 618 5615 719 5682; x_wconf 74' lang='grc' dir='ltr'>τήν</span> <span class='ocrx_word' id='word_1_307' title='bbox 749 5615 867 5675; x_wconf 82' lang='grc' dir='ltr'>καθ’</span> <span class='ocrx_word' id='word_1_308' title='bbox 900 5614 1048 5684; x_wconf 73' lang='grc' dir='ltr'>ἡμᾶς</span> <span class='ocrx_word' id='word_1_309' title='bbox 1081 5609 1372 5685; x_wconf 82' lang='grc' dir='ltr'>γειτνίασιν</span> <span class='ocrx_word' id='word_1_310' title='bbox 1402 5611 1617 5668; x_wconf 85' lang='grc' dir='ltr'>λεκτέον</span> 
     </span>
    </p>
   </div>
   <div class='ocr_carea' id='block_1_61' title="bbox 1868 279 2229 336">
    <p class='ocr_par' dir='ltr' id='par_1_61' title="bbox 1868 279 2229 336">
     <span class='ocr_line' id='line_1_61' title="bbox 1868 279 2229 336; baseline -0.003 -1"><span class='ocrx_word' id='word_1_311' title='bbox 1868 279 2229 336; x_wconf 73' lang='lat' dir='ltr'>CBBARRS.</span> 
     </span>
    </p>
   </div>
   <div class='ocr_carea' id='block_1_62' title="bbox 2018 402 3018 475">
    <p class='ocr_par' dir='ltr' id='par_1_62' title="bbox 2018 402 3018 475">
     <span class='ocr_line' id='line_1_62' title="bbox 2018 402 3018 475; baseline -0.002 -15"><span class='ocrx_word' id='word_1_312' title='bbox 2018 405 2075 473; x_wconf 80' lang='grc' dir='ltr'><strong>Α</strong></span> <span class='ocrx_word' id='word_1_313' title='bbox 2104 403 2328 461; x_wconf 82' lang='lat' dir='ltr'>Deinde</span> <span class='ocrx_word' id='word_1_314' title='bbox 2357 402 2515 475; x_wconf 82' lang='lat' dir='ltr'>regio</span> <span class='ocrx_word' id='word_1_315' title='bbox 2547 403 2771 475; x_wconf 85' lang='lat' dir='ltr'>pepulit</span> <span class='ocrx_word' id='word_1_316' title='bbox 2802 403 3018 475; x_wconf 88' lang='lat' dir='ltr'>palatio</span> 
     </span>
    </p>
   </div>
   <div class='ocr_carea' id='block_1_63' title="bbox 2104 492 3282 565">
    <p class='ocr_par' dir='ltr' id='par_1_63' title="bbox 2104 492 3282 565">
     <span class='ocr_line' id='line_1_63' title="bbox 2104 492 3282 565; baseline 0.001 -17"><span class='ocrx_word' id='word_1_317' title='bbox 2104 492 2403 549; x_wconf 89' lang='lat' dir='ltr'>dominam</span> <span class='ocrx_word' id='word_1_318' title='bbox 2437 509 2605 549; x_wconf 89' lang='lat' dir='ltr'>suam</span> <span class='ocrx_word' id='word_1_319' title='bbox 2640 494 2962 548; x_wconf 79' lang='lat' dir='ltr'>beneficam</span> <span class='ocrx_word' id='word_1_320' title='bbox 2996 492 3282 565; x_wconf 85' lang='lat' dir='ltr'>reginam,</span> 
     </span>
    </p>
   </div>
   <div class='ocr_carea' id='block_1_64' title="bbox 2102 582 3379 653">
    <p class='ocr_par' dir='ltr' id='par_1_64' title="bbox 2102 582 3379 653">
     <span class='ocr_line' id='line_1_64' title="bbox 2102 582 3379 653; baseline 0 -16"><span class='ocrx_word' id='word_1_321' title='bbox 2102 598 2352 653; x_wconf 81' lang='lat' dir='ltr'>eamque</span> <span class='ocrx_word' id='word_1_322' title='bbox 2383 586 2677 638; x_wconf 87' lang='lat' dir='ltr'>attonsam</span> <span class='ocrx_word' id='word_1_323' title='bbox 2708 582 2922 637; x_wconf 80' lang='lat' dir='ltr'>clausit</span> <span class='ocrx_word' id='word_1_324' title='bbox 2952 582 3023 637; x_wconf 90' lang='lat' dir='ltr'>ad</span> <span class='ocrx_word' id='word_1_325' title='bbox 3055 586 3379 637; x_wconf 85' lang='lat' dir='ltr'>extremum</span> 
     </span>
    </p>
   </div>
   <div class='ocr_carea' id='block_1_65' title="bbox 2102 670 3414 743">
    <p class='ocr_par' dir='ltr' id='par_1_65' title="bbox 2102 670 3414 743">
     <span class='ocr_line' id='line_1_65' title="bbox 2102 670 3414 743; baseline 0.001 -17"><span class='ocrx_word' id='word_1_326' title='bbox 2102 671 2389 743; x_wconf 82' lang='lat' dir='ltr'>Principis</span> <span class='ocrx_word' id='word_1_327' title='bbox 2418 671 2477 726; x_wconf 92' lang='lat' dir='ltr'>in</span> <span class='ocrx_word' id='word_1_328' title='bbox 2510 670 2727 738; x_wconf 82' lang='lat' dir='ltr'>insula,</span> <span class='ocrx_word' id='word_1_329' title='bbox 2754 671 3082 727; x_wconf 81' lang='lat' dir='ltr'>calumnias</span> <span class='ocrx_word' id='word_1_330' title='bbox 3112 670 3414 727; x_wconf 78' lang='lat' dir='ltr'>dictitans.</span> 
     </span>
    </p>
   </div>
   <div class='ocr_carea' id='block_1_66' title="bbox 2102 760 3337 833">
    <p class='ocr_par' dir='ltr' id='par_1_66' title="bbox 2102 760 3337 833">
     <span class='ocr_line' id='line_1_66' title="bbox 2102 760 3337 833; baseline -0.002 -17"><span class='ocrx_word' id='word_1_331' title='bbox 2102 761 2242 816; x_wconf 85' lang='lat' dir='ltr'>Rem</span> <span class='ocrx_word' id='word_1_332' title='bbox 2276 766 2339 816; x_wconf 91' lang='lat' dir='ltr'>ut</span> <span class='ocrx_word' id='word_1_333' title='bbox 2370 761 2637 831; x_wconf 86' lang='lat' dir='ltr'>cognovit</span> <span class='ocrx_word' id='word_1_334' title='bbox 2665 760 2939 833; x_wconf 86' lang='lat' dir='ltr'>populus,</span> <span class='ocrx_word' id='word_1_335' title='bbox 2974 760 3143 815; x_wconf 88' lang='lat' dir='ltr'>furiis</span> <span class='ocrx_word' id='word_1_336' title='bbox 3174 760 3337 826; x_wconf 82' lang='lat' dir='ltr'>arsit,</span> 
     </span>
    </p>
   </div>
   <div class='ocr_carea' id='block_1_67' title="bbox 2100 848 3141 921">
    <p class='ocr_par' dir='ltr' id='par_1_67' title="bbox 2100 848 3141 921">
     <span class='ocr_line' id='line_1_67' title="bbox 2100 848 3141 921; baseline -0.001 -17"><span class='ocrx_word' id='word_1_337' title='bbox 2100 855 2159 905; x_wconf 89' lang='lat' dir='ltr'>et</span> <span class='ocrx_word' id='word_1_338' title='bbox 2187 850 2591 906; x_wconf 89' lang='lat' dir='ltr'>tumultuariis</span> <span class='ocrx_word' id='word_1_339' title='bbox 2624 850 2906 921; x_wconf 83' lang='lat' dir='ltr'>correptis</span> <span class='ocrx_word' id='word_1_340' title='bbox 2937 848 3141 915; x_wconf 84' lang='lat' dir='ltr'>armis,</span> 
     </span>
    </p>
   </div>
   <div class='ocr_carea' id='block_1_68' title="bbox 2098 938 3126 1011">
    <p class='ocr_par' dir='ltr' id='par_1_68' title="bbox 2098 938 3126 1011">
     <span class='ocr_line' id='line_1_68' title="bbox 2098 938 3126 1011; baseline -0.002 -17"><span class='ocrx_word' id='word_1_341' title='bbox 2098 944 2163 994; x_wconf 89' lang='lat' dir='ltr'>ut</span> <span class='ocrx_word' id='word_1_342' title='bbox 2194 956 2371 1011; x_wconf 88' lang='lat' dir='ltr'>apum</span> <span class='ocrx_word' id='word_1_343' title='bbox 2404 940 2477 995; x_wconf 88' lang='lat' dir='ltr'>ab</span> <span class='ocrx_word' id='word_1_344' title='bbox 2507 940 2774 995; x_wconf 83' lang='lat' dir='ltr'>examine</span> <span class='ocrx_word' id='word_1_345' title='bbox 2804 940 2928 994; x_wconf 81' lang='lat' dir='ltr'>ﬁeri</span> <span class='ocrx_word' id='word_1_346' title='bbox 2960 938 3126 1005; x_wconf 88' lang='lat' dir='ltr'>solet,</span> 
     </span>
    </p>
   </div>
   <div class='ocr_carea' id='block_1_69' title="bbox 2099 1026 3313 1101">
    <p class='ocr_par' dir='ltr' id='par_1_69' title="bbox 2099 1026 3313 1101">
     <span class='ocr_line' id='line_1_69' title="bbox 2099 1026 3313 1101; baseline -0.001 -18"><span class='ocrx_word' id='word_1_347' title='bbox 2099 1029 2326 1100; x_wconf 89' lang='lat' dir='ltr'>regium</span> <span class='ocrx_word' id='word_1_348' title='bbox 2359 1030 2429 1084; x_wconf 93' lang='lat' dir='ltr'>ad</span> <span class='ocrx_word' id='word_1_349' title='bbox 2464 1029 2748 1101; x_wconf 83' lang='lat' dir='ltr'>palatium</span> <span class='ocrx_word' id='word_1_350' title='bbox 2790 1028 3004 1100; x_wconf 86' lang='lat' dir='ltr'>raptim</span> <span class='ocrx_word' id='word_1_351' title='bbox 3035 1026 3313 1083; x_wconf 77' lang='lat' dir='ltr'>cucurrit.</span> 
     </span>
    </p>
   </div>
   <div class='ocr_carea' id='block_1_70' title="bbox 2094 1118 3134 1190">
    <p class='ocr_par' dir='ltr' id='par_1_70' title="bbox 2094 1118 3134 1190">
     <span class='ocr_line' id='line_1_70' title="bbox 2094 1118 3134 1190; baseline -0.004 -16"><span class='ocrx_word' id='word_1_352' title='bbox 2094 1124 2248 1190; x_wconf 84' lang='lat' dir='ltr'>Ergo</span> <span class='ocrx_word' id='word_1_353' title='bbox 2276 1118 2465 1174; x_wconf 89' lang='lat' dir='ltr'>civilis</span> <span class='ocrx_word' id='word_1_354' title='bbox 2498 1135 2695 1190; x_wconf 88' lang='lat' dir='ltr'>pugna</span> <span class='ocrx_word' id='word_1_355' title='bbox 2725 1121 2995 1173; x_wconf 87' lang='lat' dir='ltr'>conserta</span> <span class='ocrx_word' id='word_1_356' title='bbox 3025 1120 3134 1186; x_wconf 85' lang='lat' dir='ltr'>est,</span> 
     </span>
    </p>
   </div>
   <div class='ocr_carea' id='block_1_71' title="bbox 2096 1204 3357 1274">
    <p class='ocr_par' dir='ltr' id='par_1_71' title="bbox 2096 1204 3357 1274">
     <span class='ocr_line' id='line_1_71' title="bbox 2096 1204 3357 1274; baseline -0.004 -10"><span class='ocrx_word' id='word_1_357' title='bbox 2096 1224 2202 1264; x_wconf 90' lang='lat' dir='ltr'>nec</span> <span class='ocrx_word' id='word_1_358' title='bbox 2235 1209 2421 1264; x_wconf 89' lang='lat' dir='ltr'>brevis</span> <span class='ocrx_word' id='word_1_359' title='bbox 2451 1208 2757 1263; x_wconf 88' lang='lat' dir='ltr'>hominum</span> <span class='ocrx_word' id='word_1_360' title='bbox 2792 1223 3073 1262; x_wconf 89' lang='lat' dir='ltr'>numerus</span> <span class='ocrx_word' id='word_1_361' title='bbox 3106 1204 3357 1274; x_wconf 86' lang='lat' dir='ltr'>occisus,</span> 
     </span>
    </p>
   </div>
   <div class='ocr_carea' id='block_1_72' title="bbox 2094 1293 3276 1367">
    <p class='ocr_par' dir='ltr' id='par_1_72' title="bbox 2094 1293 3276 1367">
     <span class='ocr_line' id='line_1_72' title="bbox 2094 1293 3276 1367; baseline -0.005 -13"><span class='ocrx_word' id='word_1_362' title='bbox 2094 1305 2286 1354; x_wconf 88' lang='lat' dir='ltr'>Donec</span> <span class='ocrx_word' id='word_1_363' title='bbox 2318 1297 2441 1353; x_wconf 87' lang='lat' dir='ltr'>suis</span> <span class='ocrx_word' id='word_1_364' title='bbox 2473 1297 2648 1353; x_wconf 89' lang='lat' dir='ltr'>rebus</span> <span class='ocrx_word' id='word_1_365' title='bbox 2681 1297 3000 1367; x_wconf 87' lang='lat' dir='ltr'>desperans</span> <span class='ocrx_word' id='word_1_366' title='bbox 3034 1293 3276 1350; x_wconf 87' lang='lat' dir='ltr'>Michael</span> 
     </span>
    </p>
   </div>
   <div class='ocr_carea' id='block_1_73' title="bbox 2094 1384 3207 1460">
    <p class='ocr_par' dir='ltr' id='par_1_73' title="bbox 2094 1384 3207 1460">
     <span class='ocr_line' id='line_1_73' title="bbox 2094 1384 3207 1460; baseline -0.002 -18"><span class='ocrx_word' id='word_1_367' title='bbox 2094 1387 2258 1460; x_wconf 89' lang='lat' dir='ltr'>pulla</span> <span class='ocrx_word' id='word_1_368' title='bbox 2288 1386 2703 1443; x_wconf 84' lang='lat' dir='ltr'>miserabiliter</span> <span class='ocrx_word' id='word_1_369' title='bbox 2733 1386 2976 1441; x_wconf 90' lang='lat' dir='ltr'>indutus</span> <span class='ocrx_word' id='word_1_370' title='bbox 3006 1384 3207 1441; x_wconf 89' lang='lat' dir='ltr'>tunica</span> 
     </span>
    </p>
   </div>
   <div class='ocr_carea' id='block_1_74' title="bbox 2096 1471 3333 1544">
    <p class='ocr_par' dir='ltr' id='par_1_74' title="bbox 2096 1471 3333 1544">
     <span class='ocr_line' id='line_1_74' title="bbox 2096 1471 3333 1544; baseline -0.004 -13"><span class='ocrx_word' id='word_1_371' title='bbox 2096 1476 2167 1531; x_wconf 90' lang='lat' dir='ltr'>ad</span> <span class='ocrx_word' id='word_1_372' title='bbox 2199 1476 2389 1532; x_wconf 86' lang='lat' dir='ltr'>Studii</span> <span class='ocrx_word' id='word_1_373' title='bbox 2424 1474 2847 1531; x_wconf 86' lang='lat' dir='ltr'>monasterium</span> <span class='ocrx_word' id='word_1_374' title='bbox 2881 1472 3128 1544; x_wconf 83' lang='lat' dir='ltr'>supplex</span> <span class='ocrx_word' id='word_1_375' title='bbox 3158 1471 3333 1544; x_wconf 83' lang='lat' dir='ltr'>fugit,</span> 
     </span>
    </p>
   </div>
   <div class='ocr_carea' id='block_1_75' title="bbox 2092 1562 3298 1635">
    <p class='ocr_par' dir='ltr' id='par_1_75' title="bbox 2092 1562 3298 1635">
     <span class='ocr_line' id='line_1_75' title="bbox 2092 1562 3298 1635; baseline -0.002 -15"><span class='ocrx_word' id='word_1_376' title='bbox 2092 1570 2265 1635; x_wconf 88' lang='lat' dir='ltr'>atque</span> <span class='ocrx_word' id='word_1_377' title='bbox 2297 1565 2406 1620; x_wconf 86' lang='lat' dir='ltr'>sub</span> <span class='ocrx_word' id='word_1_378' title='bbox 2439 1581 2548 1619; x_wconf 81' lang='lat' dir='ltr'>arae</span> <span class='ocrx_word' id='word_1_379' title='bbox 2581 1563 2741 1635; x_wconf 90' lang='lat' dir='ltr'>asylo</span> <span class='ocrx_word' id='word_1_380' title='bbox 2772 1568 2957 1619; x_wconf 88' lang='lat' dir='ltr'>semet</span> <span class='ocrx_word' id='word_1_381' title='bbox 2988 1562 3252 1617; x_wconf 85' lang='lat' dir='ltr'>condidit</span> <span class='ocrx_word' id='word_1_382' title='bbox 3283 1578 3298 1617; x_wconf 89' lang='lat'><strong>:</strong></span> 
     </span>
    </p>
   </div>
   <div class='ocr_carea' id='block_1_76' title="bbox 2092 1651 3191 1725">
    <p class='ocr_par' dir='ltr' id='par_1_76' title="bbox 2092 1651 3191 1725">
     <span class='ocr_line' id='line_1_76' title="bbox 2092 1651 3191 1725; baseline -0.005 -16"><span class='ocrx_word' id='word_1_383' title='bbox 2092 1654 2249 1709; x_wconf 91' lang='lat' dir='ltr'>unde</span> <span class='ocrx_word' id='word_1_384' title='bbox 2282 1657 2612 1725; x_wconf 86' lang='lat' dir='ltr'>protractus</span> <span class='ocrx_word' id='word_1_385' title='bbox 2639 1656 2958 1707; x_wconf 62' lang='lat' dir='ltr'>excaecatur</span> <span class='ocrx_word' id='word_1_386' title='bbox 2992 1651 3191 1706; x_wconf 86' lang='lat' dir='ltr'>miser.</span> 
     </span>
    </p>
   </div>
   <div class='ocr_carea' id='block_1_77' title="bbox 2013 1740 3176 1836">
    <p class='ocr_par' dir='ltr' id='par_1_77' title="bbox 2013 1740 3176 1836">
     <span class='ocr_line' id='line_1_77' title="bbox 2013 1740 3176 1836; baseline -0.006 -36"><span class='ocrx_word' id='word_1_387' title='bbox 2013 1770 2063 1836; x_wconf 81' lang='grc' dir='ltr'><strong>Β</strong></span> <span class='ocrx_word' id='word_1_388' title='bbox 2093 1744 2330 1836; x_wconf 56' lang='lat' dir='ltr'>Duabus</span> <span class='ocrx_word' id='word_1_389' title='bbox 2361 1745 2559 1798; x_wconf 87' lang='lat' dir='ltr'>autem</span> <span class='ocrx_word' id='word_1_390' title='bbox 2593 1740 2843 1796; x_wconf 88' lang='lat' dir='ltr'>traditur</span> <span class='ocrx_word' id='word_1_391' title='bbox 2872 1740 3176 1796; x_wconf 81' lang='lat' dir='ltr'>sororibus</span> 
     </span>
    </p>
   </div>
   <div class='ocr_carea' id='block_1_78' title="bbox 2094 1828 3295 1902">
    <p class='ocr_par' dir='ltr' id='par_1_78' title="bbox 2094 1828 3295 1902">
     <span class='ocr_line' id='line_1_78' title="bbox 2094 1828 3295 1902; baseline -0.007 -13"><span class='ocrx_word' id='word_1_392' title='bbox 2094 1835 2217 1889; x_wconf 83' lang='lat' dir='ltr'>Zoas</span> <span class='ocrx_word' id='word_1_393' title='bbox 2247 1832 2681 1902; x_wconf 70' lang='lat' dir='ltr'>Tbeodoraaque</span> <span class='ocrx_word' id='word_1_394' title='bbox 2712 1828 2942 1900; x_wconf 91' lang='lat' dir='ltr'>imperii</span> <span class='ocrx_word' id='word_1_395' title='bbox 2971 1831 3295 1897; x_wconf 87' lang='lat' dir='ltr'>sceptrum.</span> 
     </span>
    </p>
   </div>
   <div class='ocr_carea' id='block_1_79' title="bbox 2213 1939 3619 2004">
    <p class='ocr_par' dir='ltr' id='par_1_79' title="bbox 2213 1939 3619 2004">
     <span class='ocr_line' id='line_1_79' title="bbox 2213 1939 3619 2004; baseline -0.009 1"><span class='ocrx_word' id='word_1_396' title='bbox 2213 1945 2767 2004; x_wconf 81' lang='lat' dir='ltr'>CONSTANTINUS</span> <span class='ocrx_word' id='word_1_397' title='bbox 2799 1942 3294 2000; x_wconf 74' lang='lat' dir='ltr'>MONOMACIIUS</span> <span class='ocrx_word' id='word_1_398' title='bbox 3330 1940 3444 1996; x_wconf 85' lang='lat' dir='ltr'>AN.</span> <span class='ocrx_word' id='word_1_399' title='bbox 3487 1939 3619 1994; x_wconf 78' lang='grc' dir='ltr'>ΧΠ.</span> 
     </span>
    </p>
   </div>
   <div class='ocr_carea' id='block_1_80' title="bbox 2088 2045 3223 2116">
    <p class='ocr_par' dir='ltr' id='par_1_80' title="bbox 2088 2045 3223 2116">
     <span class='ocr_line' id='line_1_80' title="bbox 2088 2045 3223 2116; baseline -0.006 -13"><span class='ocrx_word' id='word_1_400' title='bbox 2088 2049 2198 2103; x_wconf 84' lang='lat' dir='ltr'>Sed</span> <span class='ocrx_word' id='word_1_401' title='bbox 2231 2064 2365 2102; x_wconf 90' lang='lat' dir='ltr'>eum</span> <span class='ocrx_word' id='word_1_402' title='bbox 2398 2045 2524 2101; x_wconf 90' lang='lat' dir='ltr'>sola</span> <span class='ocrx_word' id='word_1_403' title='bbox 2551 2047 2659 2101; x_wconf 90' lang='lat' dir='ltr'>Zoe</span> <span class='ocrx_word' id='word_1_404' title='bbox 2692 2059 2934 2116; x_wconf 88' lang='lat' dir='ltr'>regnare</span> <span class='ocrx_word' id='word_1_405' title='bbox 2964 2046 3223 2112; x_wconf 87' lang='lat' dir='ltr'>cuperet,</span> 
     </span>
    </p>
   </div>
   <div class='ocr_carea' id='block_1_81' title="bbox 2088 2129 3436 2206">
    <p class='ocr_par' dir='ltr' id='par_1_81' title="bbox 2088 2129 3436 2206">
     <span class='ocr_line' id='line_1_81' title="bbox 2088 2129 3436 2206; baseline -0.008 -13"><span class='ocrx_word' id='word_1_406' title='bbox 2088 2136 2535 2194; x_wconf 84' lang='lat' dir='ltr'>Constantinum</span> <span class='ocrx_word' id='word_1_407' title='bbox 2568 2137 2956 2206; x_wconf 88' lang='lat' dir='ltr'>cognomento</span> <span class='ocrx_word' id='word_1_408' title='bbox 2985 2129 3436 2187; x_wconf 88' lang='lat' dir='ltr'>Monomachum</span> 
     </span>
    </p>
   </div>
   <div class='ocr_carea' id='block_1_82' title="bbox 2088 2219 3063 2296">
    <p class='ocr_par' dir='ltr' id='par_1_82' title="bbox 2088 2219 3063 2296">
     <span class='ocr_line' id='line_1_82' title="bbox 2088 2219 3063 2296; baseline -0.008 -14"><span class='ocrx_word' id='word_1_409' title='bbox 2088 2226 2203 2282; x_wconf 86' lang='lat' dir='ltr'>sibi</span> <span class='ocrx_word' id='word_1_410' title='bbox 2236 2224 2539 2296; x_wconf 86' lang='lat' dir='ltr'>conjunxit</span> <span class='ocrx_word' id='word_1_411' title='bbox 2568 2224 2778 2279; x_wconf 67' lang='lat' dir='ltr'>faadere</span> <span class='ocrx_word' id='word_1_412' title='bbox 2808 2219 3063 2292; x_wconf 89' lang='lat' dir='ltr'>conjugii</span> 
     </span>
    </p>
   </div>
   <div class='ocr_carea' id='block_1_83' title="bbox 2087 2309 3205 2384">
    <p class='ocr_par' dir='ltr' id='par_1_83' title="bbox 2087 2309 3205 2384">
     <span class='ocr_line' id='line_1_83' title="bbox 2087 2309 3205 2384; baseline -0.008 -11"><span class='ocrx_word' id='word_1_413' title='bbox 2087 2321 2147 2373; x_wconf 89' lang='lat' dir='ltr'>et</span> <span class='ocrx_word' id='word_1_414' title='bbox 2177 2318 2575 2372; x_wconf 83' lang='lat' dir='ltr'>Romanorum</span> <span class='ocrx_word' id='word_1_415' title='bbox 2606 2314 3019 2384; x_wconf 89' lang='lat' dir='ltr'>imperatorem</span> <span class='ocrx_word' id='word_1_416' title='bbox 3052 2309 3205 2366; x_wconf 80' lang='lat' dir='ltr'>fecit.</span> 
     </span>
    </p>
   </div>
   <div class='ocr_carea' id='block_1_84' title="bbox 2086 2401 3168 2466">
    <p class='ocr_par' dir='ltr' id='par_1_84' title="bbox 2086 2401 3168 2466">
     <span class='ocr_line' id='line_1_84' title="bbox 2086 2401 3168 2466; baseline -0.008 -5"><span class='ocrx_word' id='word_1_417' title='bbox 2086 2407 2262 2462; x_wconf 85' lang='lat' dir='ltr'>Porro</span> <span class='ocrx_word' id='word_1_418' title='bbox 2294 2405 2390 2460; x_wconf 90' lang='lat' dir='ltr'>hic</span> <span class='ocrx_word' id='word_1_419' title='bbox 2420 2409 2489 2459; x_wconf 91' lang='lat' dir='ltr'>de</span> <span class='ocrx_word' id='word_1_420' title='bbox 2520 2408 2671 2459; x_wconf 85' lang='lat' dir='ltr'>coetu</span> <span class='ocrx_word' id='word_1_421' title='bbox 2704 2401 2991 2457; x_wconf 91' lang='lat' dir='ltr'>nobilium</span> <span class='ocrx_word' id='word_1_422' title='bbox 3022 2403 3168 2466; x_wconf 88' lang='lat' dir='ltr'>erat,</span> 
     </span>
    </p>
   </div>
   <div class='ocr_carea' id='block_1_85' title="bbox 2086 2489 3169 2567">
    <p class='ocr_par' dir='ltr' id='par_1_85' title="bbox 2086 2489 3169 2567">
     <span class='ocr_line' id='line_1_85' title="bbox 2086 2489 3169 2567; baseline -0.008 -16"><span class='ocrx_word' id='word_1_423' title='bbox 2086 2502 2261 2567; x_wconf 89' lang='lat' dir='ltr'>atque</span> <span class='ocrx_word' id='word_1_424' title='bbox 2294 2494 2555 2567; x_wconf 86' lang='lat' dir='ltr'>patriciis</span> <span class='ocrx_word' id='word_1_425' title='bbox 2586 2497 2749 2548; x_wconf 88' lang='lat' dir='ltr'>ortus</span> <span class='ocrx_word' id='word_1_426' title='bbox 2781 2489 3122 2563; x_wconf 90' lang='lat' dir='ltr'>parentibus</span> <span class='ocrx_word' id='word_1_427' title='bbox 3155 2503 3169 2543; x_wconf 90' lang='lat'>:</span> 
     </span>
    </p>
   </div>
   <div class='ocr_carea' id='block_1_86' title="bbox 2085 2580 3109 2656">
    <p class='ocr_par' dir='ltr' id='par_1_86' title="bbox 2085 2580 3109 2656">
     <span class='ocr_line' id='line_1_86' title="bbox 2085 2580 3109 2656; baseline -0.009 -15"><span class='ocrx_word' id='word_1_428' title='bbox 2085 2590 2142 2641; x_wconf 90' lang='lat' dir='ltr'>et</span> <span class='ocrx_word' id='word_1_429' title='bbox 2170 2584 2264 2640; x_wconf 86' lang='lat' dir='ltr'>vix</span> <span class='ocrx_word' id='word_1_430' title='bbox 2290 2583 2525 2656; x_wconf 91' lang='lat' dir='ltr'>quidem</span> <span class='ocrx_word' id='word_1_431' title='bbox 2559 2582 2784 2637; x_wconf 88' lang='lat' dir='ltr'>litteras</span> <span class='ocrx_word' id='word_1_432' title='bbox 2816 2580 3109 2651; x_wconf 83' lang='lat' dir='ltr'>attigerat,</span> 
     </span>
    </p>
   </div>
   <div class='ocr_carea' id='block_1_87' title="bbox 2084 2669 3184 2741">
    <p class='ocr_par' dir='ltr' id='par_1_87' title="bbox 2084 2669 3184 2741">
     <span class='ocr_line' id='line_1_87' title="bbox 2084 2669 3184 2741; baseline -0.011 -10"><span class='ocrx_word' id='word_1_433' title='bbox 2084 2675 2319 2731; x_wconf 86' lang='lat' dir='ltr'>easdem</span> <span class='ocrx_word' id='word_1_434' title='bbox 2352 2677 2551 2729; x_wconf 89' lang='lat' dir='ltr'>tamen</span> <span class='ocrx_word' id='word_1_435' title='bbox 2585 2688 2781 2728; x_wconf 87' lang='lat' dir='ltr'>amore</span> <span class='ocrx_word' id='word_1_436' title='bbox 2810 2669 3184 2741; x_wconf 90' lang='lat' dir='ltr'>dignabatur.</span> 
     </span>
    </p>
   </div>
   <div class='ocr_carea' id='block_1_88' title="bbox 2084 2755 3459 2834">
    <p class='ocr_par' dir='ltr' id='par_1_88' title="bbox 2084 2755 3459 2834">
     <span class='ocr_line' id='line_1_88' title="bbox 2084 2755 3459 2834; baseline -0.009 -15"><span class='ocrx_word' id='word_1_437' title='bbox 2084 2765 2369 2819; x_wconf 63' lang='lat' dir='ltr'>Caeterum</span> <span class='ocrx_word' id='word_1_438' title='bbox 2401 2761 2631 2834; x_wconf 86' lang='lat' dir='ltr'>ignavis</span> <span class='ocrx_word' id='word_1_439' title='bbox 2663 2760 2929 2815; x_wconf 90' lang='lat' dir='ltr'>moribus</span> <span class='ocrx_word' id='word_1_440' title='bbox 2959 2755 3286 2827; x_wconf 89' lang='lat' dir='ltr'>solutisque</span> <span class='ocrx_word' id='word_1_441' title='bbox 3314 2755 3459 2816; x_wconf 83' lang='lat' dir='ltr'>erat,</span> 
     </span>
    </p>
   </div>
   <div class='ocr_carea' id='block_1_89' title="bbox 2083 2849 3107 2912">
    <p class='ocr_par' dir='ltr' id='par_1_89' title="bbox 2083 2849 3107 2912">
     <span class='ocr_line' id='line_1_89' title="bbox 2083 2849 3107 2912; baseline -0.009 -2"><span class='ocrx_word' id='word_1_442' title='bbox 2083 2854 2310 2910; x_wconf 89' lang='lat' dir='ltr'>deliciis</span> <span class='ocrx_word' id='word_1_443' title='bbox 2339 2855 2575 2909; x_wconf 87' lang='lat' dir='ltr'>deditus</span> <span class='ocrx_word' id='word_1_444' title='bbox 2605 2856 2662 2908; x_wconf 89' lang='lat' dir='ltr'>et</span> <span class='ocrx_word' id='word_1_445' title='bbox 2690 2849 3107 2912; x_wconf 88' lang='lat' dir='ltr'>hilaritatibus,</span> 
     </span>
    </p>
   </div>
   <div class='ocr_carea' id='block_1_90' title="bbox 2082 2934 3213 3015">
    <p class='ocr_par' dir='ltr' id='par_1_90' title="bbox 2082 2934 3213 3015">
     <span class='ocr_line' id='line_1_90' title="bbox 2082 2934 3213 3015; baseline -0.012 -14"><span class='ocrx_word' id='word_1_446' title='bbox 2082 2944 2301 3001; x_wconf 90' lang='lat' dir='ltr'>amoris</span> <span class='ocrx_word' id='word_1_447' title='bbox 2332 2959 2559 3015; x_wconf 91' lang='lat' dir='ltr'>quoque</span> <span class='ocrx_word' id='word_1_448' title='bbox 2591 2940 2876 2997; x_wconf 86' lang='lat' dir='ltr'>obnoxius</span> <span class='ocrx_word' id='word_1_449' title='bbox 2903 2934 3213 2993; x_wconf 88' lang='lat' dir='ltr'>illecebris.</span> 
     </span>
    </p>
   </div>
   <div class='ocr_carea' id='block_1_91' title="bbox 2083 3028 3192 3103">
    <p class='ocr_par' dir='ltr' id='par_1_91' title="bbox 2083 3028 3192 3103">
     <span class='ocr_line' id='line_1_91' title="bbox 2083 3028 3192 3103; baseline -0.012 -14"><span class='ocrx_word' id='word_1_450' title='bbox 2083 3035 2233 3089; x_wconf 92' lang='lat' dir='ltr'>Tum</span> <span class='ocrx_word' id='word_1_451' title='bbox 2264 3032 2579 3103; x_wconf 89' lang='lat' dir='ltr'>dignitates</span> <span class='ocrx_word' id='word_1_452' title='bbox 2608 3028 2941 3085; x_wconf 83' lang='lat' dir='ltr'>conferebat</span> <span class='ocrx_word' id='word_1_453' title='bbox 2973 3031 3192 3079; x_wconf 85' lang='lat' dir='ltr'>temere</span> 
     </span>
    </p>
   </div>
   <div class='ocr_carea' id='block_1_92' title="bbox 1982 3110 3255 3191">
    <p class='ocr_par' dir='ltr' id='par_1_92' title="bbox 1982 3110 3255 3191">
     <span class='ocr_line' id='line_1_92' title="bbox 1982 3110 3255 3191; baseline -0.013 -14"><span class='ocrx_word' id='word_1_454' title='bbox 1982 3118 2049 3186; x_wconf 40' lang='lat' dir='ltr'>&#39;C</span> <span class='ocrx_word' id='word_1_455' title='bbox 2077 3121 2214 3176; x_wconf 88' lang='lat' dir='ltr'>viris</span> <span class='ocrx_word' id='word_1_456' title='bbox 2243 3119 2586 3191; x_wconf 88' lang='lat' dir='ltr'>vulgaribus</span> <span class='ocrx_word' id='word_1_457' title='bbox 2616 3134 2682 3171; x_wconf 89' lang='lat' dir='ltr'>ac</span> <span class='ocrx_word' id='word_1_458' title='bbox 2714 3119 2921 3187; x_wconf 65' lang='lat' dir='ltr'>praeter</span> <span class='ocrx_word' id='word_1_459' title='bbox 2957 3110 3255 3165; x_wconf 89' lang='lat' dir='ltr'>meritum.</span> 
     </span>
    </p>
   </div>
   <div class='ocr_carea' id='block_1_93' title="bbox 2074 3198 3212 3281">
    <p class='ocr_par' dir='ltr' id='par_1_93' title="bbox 2074 3198 3212 3281">
     <span class='ocr_line' id='line_1_93' title="bbox 2074 3198 3212 3281; baseline -0.013 -15"><span class='ocrx_word' id='word_1_460' title='bbox 2074 3209 2282 3266; x_wconf 67' lang='lat' dir='ltr'>[Erarii</span> <span class='ocrx_word' id='word_1_461' title='bbox 2314 3222 2547 3281; x_wconf 90' lang='lat' dir='ltr'>quoque</span> <span class='ocrx_word' id='word_1_462' title='bbox 2574 3204 2867 3277; x_wconf 87' lang='lat' dir='ltr'>publicam</span> <span class='ocrx_word' id='word_1_463' title='bbox 2904 3198 3212 3272; x_wconf 88' lang='lat' dir='ltr'>pecuniam</span> 
     </span>
    </p>
   </div>
   <div class='ocr_carea' id='block_1_94' title="bbox 2075 3288 3162 3356">
    <p class='ocr_par' dir='ltr' id='par_1_94' title="bbox 2075 3288 3162 3356">
     <span class='ocr_line' id='line_1_94' title="bbox 2075 3288 3162 3356; baseline -0.014 0"><span class='ocrx_word' id='word_1_464' title='bbox 2075 3299 2260 3356; x_wconf 80' lang='lat' dir='ltr'>eﬂ‘uso</span> <span class='ocrx_word' id='word_1_465' title='bbox 2292 3297 2431 3353; x_wconf 87' lang='lat' dir='ltr'>luxu</span> <span class='ocrx_word' id='word_1_466' title='bbox 2466 3312 2532 3352; x_wconf 91' lang='lat' dir='ltr'>ae</span> <span class='ocrx_word' id='word_1_467' title='bbox 2562 3293 2773 3351; x_wconf 87' lang='lat' dir='ltr'>stolido</span> <span class='ocrx_word' id='word_1_468' title='bbox 2805 3288 3162 3355; x_wconf 70' lang='lat' dir='ltr'>effundebat,</span> 
     </span>
    </p>
   </div>
   <div class='ocr_carea' id='block_1_95' title="bbox 2074 3372 3515 3460">
    <p class='ocr_par' dir='ltr' id='par_1_95' title="bbox 2074 3372 3515 3460">
     <span class='ocr_line' id='line_1_95' title="bbox 2074 3372 3515 3460; baseline -0.015 -15"><span class='ocrx_word' id='word_1_469' title='bbox 2074 3388 2175 3460; x_wconf 88' lang='lat' dir='ltr'>qui</span> <span class='ocrx_word' id='word_1_470' title='bbox 2204 3404 2308 3444; x_wconf 90' lang='lat' dir='ltr'>nec</span> <span class='ocrx_word' id='word_1_471' title='bbox 2341 3384 2620 3442; x_wconf 81' lang='lat' dir='ltr'>Romanis</span> <span class='ocrx_word' id='word_1_472' title='bbox 2652 3382 2827 3437; x_wconf 91' lang='lat' dir='ltr'>rebus</span> <span class='ocrx_word' id='word_1_473' title='bbox 2858 3380 3188 3452; x_wconf 81' lang='lat' dir='ltr'>quidquam</span> <span class='ocrx_word' id='word_1_474' title='bbox 3221 3372 3515 3446; x_wconf 86' lang='lat' dir='ltr'>proderat,</span> 
     </span>
    </p>
   </div>
   <div class='ocr_carea' id='block_1_96' title="bbox 2073 3468 3161 3548">
    <p class='ocr_par' dir='ltr' id='par_1_96' title="bbox 2073 3468 3161 3548">
     <span class='ocr_line' id='line_1_96' title="bbox 2073 3468 3161 3548; baseline -0.014 -13"><span class='ocrx_word' id='word_1_475' title='bbox 2073 3495 2181 3535; x_wconf 87' lang='lat' dir='ltr'>nec</span> <span class='ocrx_word' id='word_1_476' title='bbox 2210 3476 2445 3548; x_wconf 90' lang='lat' dir='ltr'>imperii</span> <span class='ocrx_word' id='word_1_477' title='bbox 2476 3472 2787 3530; x_wconf 87' lang='lat' dir='ltr'>commoda</span> <span class='ocrx_word' id='word_1_478' title='bbox 2816 3468 3161 3541; x_wconf 87' lang='lat' dir='ltr'>adaugebat.</span> 
     </span>
    </p>
   </div>
   <div class='ocr_carea' id='block_1_97' title="bbox 2071 3558 3309 3636">
    <p class='ocr_par' dir='ltr' id='par_1_97' title="bbox 2071 3558 3309 3636">
     <span class='ocr_line' id='line_1_97' title="bbox 2071 3558 3309 3636; baseline -0.013 -14"><span class='ocrx_word' id='word_1_479' title='bbox 2071 3569 2368 3623; x_wconf 77' lang='lat' dir='ltr'>Adversus</span> <span class='ocrx_word' id='word_1_480' title='bbox 2404 3579 2601 3636; x_wconf 90' lang='lat' dir='ltr'>regem</span> <span class='ocrx_word' id='word_1_481' title='bbox 2634 3561 2792 3616; x_wconf 87' lang='lat' dir='ltr'>hunc</span> <span class='ocrx_word' id='word_1_482' title='bbox 2819 3558 3113 3613; x_wconf 88' lang='lat' dir='ltr'>Maniaces</span> <span class='ocrx_word' id='word_1_483' title='bbox 3144 3569 3309 3608; x_wconf 91' lang='lat' dir='ltr'>arma</span> 
     </span>
    </p>
   </div>
   <div class='ocr_carea' id='block_1_98' title="bbox 2072 3642 3260 3721">
    <p class='ocr_par' dir='ltr' id='par_1_98' title="bbox 2072 3642 3260 3721">
     <span class='ocr_line' id='line_1_98' title="bbox 2072 3642 3260 3721; baseline -0.014 -9"><span class='ocrx_word' id='word_1_484' title='bbox 2072 3656 2366 3712; x_wconf 88' lang='lat' dir='ltr'>rebellans</span> <span class='ocrx_word' id='word_1_485' title='bbox 2400 3651 2645 3710; x_wconf 90' lang='lat' dir='ltr'>sustulit</span> <span class='ocrx_word' id='word_1_486' title='bbox 2674 3651 3025 3721; x_wconf 88' lang='lat' dir='ltr'>congregato</span> <span class='ocrx_word' id='word_1_487' title='bbox 3057 3642 3260 3709; x_wconf 83' lang='lat' dir='ltr'>milite,</span> 
     </span>
    </p>
   </div>
   <div class='ocr_carea' id='block_1_99' title="bbox 2071 3734 3229 3814">
    <p class='ocr_par' dir='ltr' id='par_1_99' title="bbox 2071 3734 3229 3814">
     <span class='ocr_line' id='line_1_99' title="bbox 2071 3734 3229 3814; baseline -0.013 -13"><span class='ocrx_word' id='word_1_488' title='bbox 2071 3750 2353 3801; x_wconf 89' lang='lat' dir='ltr'>strenuus</span> <span class='ocrx_word' id='word_1_489' title='bbox 2381 3742 2700 3814; x_wconf 87' lang='lat' dir='ltr'>imperator</span> <span class='ocrx_word' id='word_1_490' title='bbox 2727 3742 2785 3795; x_wconf 89' lang='lat' dir='ltr'>et</span> <span class='ocrx_word' id='word_1_491' title='bbox 2814 3734 3229 3808; x_wconf 87' lang='lat' dir='ltr'>magnanimus</span> 
     </span>
    </p>
   </div>
   <div class='ocr_carea' id='block_1_100' title="bbox 2070 3822 3276 3897">
    <p class='ocr_par' dir='ltr' id='par_1_100' title="bbox 2070 3822 3276 3897">
     <span class='ocr_line' id='line_1_100' title="bbox 2070 3822 3276 3897; baseline -0.014 -7"><span class='ocrx_word' id='word_1_492' title='bbox 2070 3832 2384 3890; x_wconf 90' lang='lat' dir='ltr'>ductandis</span> <span class='ocrx_word' id='word_1_493' title='bbox 2414 3829 2767 3887; x_wconf 86' lang='lat' dir='ltr'>exercitibus</span> <span class='ocrx_word' id='word_1_494' title='bbox 2790 3824 3019 3897; x_wconf 89' lang='lat' dir='ltr'>jamdiu</span> <span class='ocrx_word' id='word_1_495' title='bbox 3053 3822 3276 3886; x_wconf 84' lang='lat' dir='ltr'>clarus;</span> 
     </span>
    </p>
   </div>
   <div class='ocr_carea' id='block_1_101' title="bbox 2070 3914 3274 3994">
    <p class='ocr_par' dir='ltr' id='par_1_101' title="bbox 2070 3914 3274 3994">
     <span class='ocr_line' id='line_1_101' title="bbox 2070 3914 3274 3994; baseline -0.015 -14"><span class='ocrx_word' id='word_1_496' title='bbox 2070 3925 2169 3981; x_wconf 82' lang='lat' dir='ltr'>sed</span> <span class='ocrx_word' id='word_1_497' title='bbox 2204 3926 2335 3994; x_wconf 90' lang='lat' dir='ltr'>post</span> <span class='ocrx_word' id='word_1_498' title='bbox 2362 3920 2732 3993; x_wconf 81' lang='lat' dir='ltr'>tyrannidem</span> <span class='ocrx_word' id='word_1_499' title='bbox 2766 3914 2927 3970; x_wconf 90' lang='lat' dir='ltr'>nulla</span> <span class='ocrx_word' id='word_1_500' title='bbox 2958 3929 3019 3968; x_wconf 88' lang='lat' dir='ltr'>re</span> <span class='ocrx_word' id='word_1_501' title='bbox 3046 3914 3274 3983; x_wconf 80' lang='lat' dir='ltr'>patrata</span> 
     </span>
    </p>
   </div>
   <div class='ocr_carea' id='block_1_102' title="bbox 2070 4000 3340 4084">
    <p class='ocr_par' dir='ltr' id='par_1_102' title="bbox 2070 4000 3340 4084">
     <span class='ocr_line' id='line_1_102' title="bbox 2070 4000 3340 4084; baseline -0.014 -15"><span class='ocrx_word' id='word_1_502' title='bbox 2070 4015 2307 4084; x_wconf 85' lang='lat' dir='ltr'>repente</span> <span class='ocrx_word' id='word_1_503' title='bbox 2338 4009 2510 4082; x_wconf 87' lang='lat' dir='ltr'>periit</span> <span class='ocrx_word' id='word_1_504' title='bbox 2539 4009 2679 4063; x_wconf 91' lang='lat' dir='ltr'>dum</span> <span class='ocrx_word' id='word_1_505' title='bbox 2714 4020 2970 4077; x_wconf 83' lang='lat' dir='ltr'>pugnam</span> <span class='ocrx_word' id='word_1_506' title='bbox 3002 4000 3340 4056; x_wconf 83' lang='lat' dir='ltr'>instrueret.</span> 
     </span>
    </p>
   </div>
   <div class='ocr_carea' id='block_1_103' title="bbox 2069 4090 3170 4173">
    <p class='ocr_par' dir='ltr' id='par_1_103' title="bbox 2069 4090 3170 4173">
     <span class='ocr_line' id='line_1_103' title="bbox 2069 4090 3170 4173; baseline -0.013 -16"><span class='ocrx_word' id='word_1_507' title='bbox 2069 4101 2214 4157; x_wconf 84' lang='lat' dir='ltr'>Exin</span> <span class='ocrx_word' id='word_1_508' title='bbox 2247 4098 2557 4173; x_wconf 82' lang='lat' dir='ltr'>tyrannide</span> <span class='ocrx_word' id='word_1_509' title='bbox 2586 4093 2894 4150; x_wconf 88' lang='lat' dir='ltr'>Tornicius</span> <span class='ocrx_word' id='word_1_510' title='bbox 2925 4090 3170 4164; x_wconf 89' lang='lat' dir='ltr'>quidam</span> 
     </span>
    </p>
   </div>
   <div class='ocr_carea' id='block_1_104' title="bbox 2068 4174 3414 4260">
    <p class='ocr_par' dir='ltr' id='par_1_104' title="bbox 2068 4174 3414 4260">
     <span class='ocr_line' id='line_1_104' title="bbox 2068 4174 3414 4260; baseline -0.013 -15"><span class='ocrx_word' id='word_1_511' title='bbox 2068 4194 2322 4260; x_wconf 90' lang='lat' dir='ltr'>arrepta,</span> <span class='ocrx_word' id='word_1_512' title='bbox 2353 4188 2423 4243; x_wconf 85' lang='lat' dir='ltr'>ad</span> <span class='ocrx_word' id='word_1_513' title='bbox 2457 4186 2662 4240; x_wconf 89' lang='lat' dir='ltr'>urbem</span> <span class='ocrx_word' id='word_1_514' title='bbox 2694 4182 2911 4252; x_wconf 81' lang='lat' dir='ltr'>regiam</span> <span class='ocrx_word' id='word_1_515' title='bbox 2942 4182 3205 4236; x_wconf 85' lang='lat' dir='ltr'>armatus</span> <span class='ocrx_word' id='word_1_516' title='bbox 3233 4174 3414 4240; x_wconf 81' lang='lat' dir='ltr'>venit,</span> 
     </span>
    </p>
   </div>
   <div class='ocr_carea' id='block_1_105' title="bbox 2068 4266 3338 4343">
    <p class='ocr_par' dir='ltr' id='par_1_105' title="bbox 2068 4266 3338 4343">
     <span class='ocr_line' id='line_1_105' title="bbox 2068 4266 3338 4343; baseline -0.013 -7"><span class='ocrx_word' id='word_1_517' title='bbox 2068 4279 2169 4337; x_wconf 90' lang='lat' dir='ltr'>sed</span> <span class='ocrx_word' id='word_1_518' title='bbox 2197 4278 2413 4343; x_wconf 89' lang='lat' dir='ltr'>victus,</span> <span class='ocrx_word' id='word_1_519' title='bbox 2443 4274 2750 4331; x_wconf 89' lang='lat' dir='ltr'>oculorum</span> <span class='ocrx_word' id='word_1_520' title='bbox 2782 4269 3067 4325; x_wconf 88' lang='lat' dir='ltr'>multatur</span> <span class='ocrx_word' id='word_1_521' title='bbox 3098 4266 3338 4323; x_wconf 90' lang='lat' dir='ltr'>lumine.</span> 
     </span>
    </p>
   </div>
   <div class='ocr_carea' id='block_1_106' title="bbox 2068 4352 3467 4437">
    <p class='ocr_par' dir='ltr' id='par_1_106' title="bbox 2068 4352 3467 4437">
     <span class='ocr_line' id='line_1_106' title="bbox 2068 4352 3467 4437; baseline -0.011 -13"><span class='ocrx_word' id='word_1_522' title='bbox 2068 4366 2310 4425; x_wconf 82' lang='lat' dir='ltr'>Rossica</span> <span class='ocrx_word' id='word_1_523' title='bbox 2347 4367 2624 4437; x_wconf 69' lang='lat' dir='ltr'>praeterea</span> <span class='ocrx_word' id='word_1_524' title='bbox 2653 4365 2856 4417; x_wconf 86' lang='lat' dir='ltr'>contra</span> <span class='ocrx_word' id='word_1_525' title='bbox 2886 4356 3228 4432; x_wconf 78' lang='lat' dir='ltr'>Byzantium</span> <span class='ocrx_word' id='word_1_526' title='bbox 3258 4352 3467 4410; x_wconf 84' lang='lat' dir='ltr'>classis</span> 
     </span>
    </p>
   </div>
   <div class='ocr_carea' id='block_1_107' title="bbox 2070 4446 3308 4525">
    <p class='ocr_par' dir='ltr' id='par_1_107' title="bbox 2070 4446 3308 4525">
     <span class='ocr_line' id='line_1_107' title="bbox 2070 4446 3308 4525; baseline -0.012 -12"><span class='ocrx_word' id='word_1_527' title='bbox 2070 4456 2404 4514; x_wconf 82' lang='lat' dir='ltr'>adventavit</span> <span class='ocrx_word' id='word_1_528' title='bbox 2435 4451 2755 4525; x_wconf 88' lang='lat' dir='ltr'>plurimum</span> <span class='ocrx_word' id='word_1_529' title='bbox 2785 4449 3004 4506; x_wconf 90' lang='lat' dir='ltr'>vehens</span> <span class='ocrx_word' id='word_1_530' title='bbox 3035 4446 3308 4510; x_wconf 87' lang='lat' dir='ltr'>militem,</span> 
     </span>
    </p>
   </div>
   <div class='ocr_carea' id='block_1_108' title="bbox 2072 4532 3302 4617">
    <p class='ocr_par' dir='ltr' id='par_1_108' title="bbox 2072 4532 3302 4617">
     <span class='ocr_line' id='line_1_108' title="bbox 2072 4532 3302 4617; baseline -0.011 -15"><span class='ocrx_word' id='word_1_531' title='bbox 2072 4563 2198 4617; x_wconf 67' lang='lat' dir='ltr'>qua</span> <span class='ocrx_word' id='word_1_532' title='bbox 2226 4561 2404 4616; x_wconf 83' lang='lat' dir='ltr'>prope</span> <span class='ocrx_word' id='word_1_533' title='bbox 2432 4541 2627 4599; x_wconf 89' lang='lat' dir='ltr'>omnis</span> <span class='ocrx_word' id='word_1_534' title='bbox 2658 4538 2848 4595; x_wconf 90' lang='lat' dir='ltr'>navali</span> <span class='ocrx_word' id='word_1_535' title='bbox 2882 4536 3079 4609; x_wconf 67' lang='lat' dir='ltr'>prmlio</span> <span class='ocrx_word' id='word_1_536' title='bbox 3111 4532 3302 4606; x_wconf 89' lang='lat' dir='ltr'>periit.</span> 
     </span>
    </p>
   </div>
   <div class='ocr_carea' id='block_1_109' title="bbox 2070 4623 3181 4701">
    <p class='ocr_par' dir='ltr' id='par_1_109' title="bbox 2070 4623 3181 4701">
     <span class='ocr_line' id='line_1_109' title="bbox 2070 4623 3181 4701; baseline -0.011 -10"><span class='ocrx_word' id='word_1_537' title='bbox 2070 4637 2220 4691; x_wconf 90' lang='lat' dir='ltr'>Tum</span> <span class='ocrx_word' id='word_1_538' title='bbox 2252 4632 2594 4694; x_wconf 73' lang='lat' dir='ltr'>Patzinacaa,</span> <span class='ocrx_word' id='word_1_539' title='bbox 2628 4645 2772 4701; x_wconf 84' lang='lat' dir='ltr'>gens</span> <span class='ocrx_word' id='word_1_540' title='bbox 2803 4627 2929 4683; x_wconf 89' lang='lat' dir='ltr'>Istri</span> <span class='ocrx_word' id='word_1_541' title='bbox 2964 4623 3181 4691; x_wconf 87' lang='lat' dir='ltr'>accola,</span> 
     </span>
    </p>
   </div>
   <div class='ocr_carea' id='block_1_110' title="bbox 2069 4715 3304 4792">
    <p class='ocr_par' dir='ltr' id='par_1_110' title="bbox 2069 4715 3304 4792">
     <span class='ocr_line' id='line_1_110' title="bbox 2069 4715 3304 4792; baseline -0.012 -12"><span class='ocrx_word' id='word_1_542' title='bbox 2069 4723 2375 4780; x_wconf 90' lang='lat' dir='ltr'>Thraciam</span> <span class='ocrx_word' id='word_1_543' title='bbox 2408 4720 2738 4792; x_wconf 79' lang='lat' dir='ltr'>praedantes</span> <span class='ocrx_word' id='word_1_544' title='bbox 2769 4715 3263 4773; x_wconf 87' lang='lat' dir='ltr'>concursaverunt</span> <span class='ocrx_word' id='word_1_545' title='bbox 3290 4727 3304 4766; x_wconf 91' lang='lat'>:</span> 
     </span>
    </p>
   </div>
   <div class='ocr_carea' id='block_1_111' title="bbox 2069 4802 3254 4885">
    <p class='ocr_par' dir='ltr' id='par_1_111' title="bbox 2069 4802 3254 4885">
     <span class='ocr_line' id='line_1_111' title="bbox 2069 4802 3254 4885; baseline -0.011 -16"><span class='ocrx_word' id='word_1_546' title='bbox 2069 4814 2165 4885; x_wconf 92' lang='lat' dir='ltr'>qui</span> <span class='ocrx_word' id='word_1_547' title='bbox 2199 4816 2396 4868; x_wconf 91' lang='lat' dir='ltr'>tamen</span> <span class='ocrx_word' id='word_1_548' title='bbox 2423 4809 2637 4864; x_wconf 75' lang='lat' dir='ltr'>fmdsre</span> <span class='ocrx_word' id='word_1_549' title='bbox 2665 4823 2798 4862; x_wconf 90' lang='lat' dir='ltr'>cum</span> <span class='ocrx_word' id='word_1_550' title='bbox 2829 4804 3108 4861; x_wconf 78' lang='lat' dir='ltr'>Romanis</span> <span class='ocrx_word' id='word_1_551' title='bbox 3137 4802 3254 4856; x_wconf 90' lang='lat' dir='ltr'>icto</span> 
     </span>
    </p>
   </div>
   <div class='ocr_carea' id='block_1_112' title="bbox 2071 4895 3252 4969">
    <p class='ocr_par' dir='ltr' id='par_1_112' title="bbox 2071 4895 3252 4969">
     <span class='ocr_line' id='line_1_112' title="bbox 2071 4895 3252 4969; baseline -0.011 -11"><span class='ocrx_word' id='word_1_552' title='bbox 2071 4918 2237 4958; x_wconf 88' lang='lat' dir='ltr'>arma</span> <span class='ocrx_word' id='word_1_553' title='bbox 2264 4899 2610 4969; x_wconf 89' lang='lat' dir='ltr'>bellumque</span> <span class='ocrx_word' id='word_1_554' title='bbox 2639 4898 2877 4952; x_wconf 88' lang='lat' dir='ltr'>demum</span> <span class='ocrx_word' id='word_1_555' title='bbox 2908 4895 3252 4966; x_wconf 89' lang='lat' dir='ltr'>posuerunt.</span> 
     </span>
    </p>
   </div>
   <div class='ocr_carea' id='block_1_113' title="bbox 2074 4984 3302 5058">
    <p class='ocr_par' dir='ltr' id='par_1_113' title="bbox 2074 4984 3302 5058">
     <span class='ocr_line' id='line_1_113' title="bbox 2074 4984 3302 5058; baseline -0.012 -10"><span class='ocrx_word' id='word_1_556' title='bbox 2074 4989 2466 5048; x_wconf 88' lang='lat' dir='ltr'>Monomacbo</span> <span class='ocrx_word' id='word_1_557' title='bbox 2497 4992 2779 5058; x_wconf 88' lang='lat' dir='ltr'>regnante</span> <span class='ocrx_word' id='word_1_558' title='bbox 2809 5000 2951 5056; x_wconf 91' lang='lat' dir='ltr'>gens</span> <span class='ocrx_word' id='word_1_559' title='bbox 2980 4984 3302 5037; x_wconf 89' lang='lat' dir='ltr'>Turcarum</span> 
     </span>
    </p>
   </div>
   <div class='ocr_carea' id='block_1_114' title="bbox 2073 5071 3177 5145">
    <p class='ocr_par' dir='ltr' id='par_1_114' title="bbox 2073 5071 3177 5145">
     <span class='ocr_line' id='line_1_114' title="bbox 2073 5071 3177 5145; baseline -0.011 -10"><span class='ocrx_word' id='word_1_560' title='bbox 2073 5079 2359 5145; x_wconf 86' lang='lat' dir='ltr'>Hunnica,</span> <span class='ocrx_word' id='word_1_561' title='bbox 2392 5075 2690 5133; x_wconf 88' lang='lat' dir='ltr'>Caueasiis</span> <span class='ocrx_word' id='word_1_562' title='bbox 2720 5073 2971 5129; x_wconf 89' lang='lat' dir='ltr'>oriunda</span> <span class='ocrx_word' id='word_1_563' title='bbox 2992 5071 3177 5143; x_wconf 87' lang='lat' dir='ltr'>jugis,</span> 
     </span>
    </p>
   </div>
   <div class='ocr_carea' id='block_1_115' title="bbox 2075 5159 3330 5240">
    <p class='ocr_par' dir='ltr' id='par_1_115' title="bbox 2075 5159 3330 5240">
     <span class='ocr_line' id='line_1_115' title="bbox 2075 5159 3330 5240; baseline -0.01 -15"><span class='ocrx_word' id='word_1_564' title='bbox 2075 5168 2318 5227; x_wconf 84' lang='lat' dir='ltr'>Romani</span> <span class='ocrx_word' id='word_1_565' title='bbox 2360 5167 2616 5240; x_wconf 90' lang='lat' dir='ltr'>primum</span> <span class='ocrx_word' id='word_1_566' title='bbox 2648 5163 2880 5236; x_wconf 89' lang='lat' dir='ltr'>imperii</span> <span class='ocrx_word' id='word_1_567' title='bbox 2913 5163 3059 5217; x_wconf 84' lang='lat' dir='ltr'>ﬁnes</span> <span class='ocrx_word' id='word_1_568' title='bbox 3090 5159 3285 5231; x_wconf 89' lang='lat' dir='ltr'>attigit</span> <span class='ocrx_word' id='word_1_569' title='bbox 3317 5174 3330 5211; x_wconf 86' lang='lat'>:</span> 
     </span>
    </p>
   </div>
   <div class='ocr_carea' id='block_1_116' title="bbox 2073 5250 3302 5330">
    <p class='ocr_par' dir='ltr' id='par_1_116' title="bbox 2073 5250 3302 5330">
     <span class='ocr_line' id='line_1_116' title="bbox 2073 5250 3302 5330; baseline -0.009 -16"><span class='ocrx_word' id='word_1_570' title='bbox 2073 5275 2188 5330; x_wconf 90' lang='lat' dir='ltr'>quo</span> <span class='ocrx_word' id='word_1_571' title='bbox 2220 5261 2533 5329; x_wconf 89' lang='lat' dir='ltr'>postquam</span> <span class='ocrx_word' id='word_1_572' title='bbox 2561 5254 2692 5311; x_wconf 91' lang='lat' dir='ltr'>odio</span> <span class='ocrx_word' id='word_1_573' title='bbox 2725 5252 2903 5309; x_wconf 90' lang='lat' dir='ltr'>semel</span> <span class='ocrx_word' id='word_1_574' title='bbox 2936 5256 3026 5307; x_wconf 88' lang='lat' dir='ltr'>est</span> <span class='ocrx_word' id='word_1_575' title='bbox 3053 5250 3302 5316; x_wconf 87' lang='lat' dir='ltr'>imbuta,</span> 
     </span>
    </p>
   </div>
   <div class='ocr_carea' id='block_1_117' title="bbox 2073 5339 3286 5416">
    <p class='ocr_par' dir='ltr' id='par_1_117' title="bbox 2073 5339 3286 5416">
     <span class='ocr_line' id='line_1_117' title="bbox 2073 5339 3286 5416; baseline -0.008 -13"><span class='ocrx_word' id='word_1_576' title='bbox 2073 5345 2302 5403; x_wconf 90' lang='lat' dir='ltr'>nullum</span> <span class='ocrx_word' id='word_1_577' title='bbox 2328 5346 2455 5416; x_wconf 88' lang='lat' dir='ltr'>jam</span> <span class='ocrx_word' id='word_1_578' title='bbox 2489 5345 2626 5400; x_wconf 80' lang='lat' dir='ltr'>fecit</span> <span class='ocrx_word' id='word_1_579' title='bbox 2651 5343 3055 5400; x_wconf 88' lang='lat' dir='ltr'>ineursionum</span> <span class='ocrx_word' id='word_1_580' title='bbox 3084 5339 3286 5393; x_wconf 83' lang='lat' dir='ltr'>ﬁnem.</span> 
     </span>
    </p>
   </div>
   <div class='ocr_carea' id='block_1_118' title="bbox 2074 5426 3357 5505">
    <p class='ocr_par' dir='ltr' id='par_1_118' title="bbox 2074 5426 3357 5505">
     <span class='ocr_line' id='line_1_118' title="bbox 2074 5426 3357 5505; baseline -0.011 -13"><span class='ocrx_word' id='word_1_581' title='bbox 2074 5437 2246 5493; x_wconf 88' lang='lat' dir='ltr'>Porro</span> <span class='ocrx_word' id='word_1_582' title='bbox 2276 5435 2335 5490; x_wconf 90' lang='lat' dir='ltr'>hi</span> <span class='ocrx_word' id='word_1_583' title='bbox 2370 5436 2440 5491; x_wconf 88' lang='lat' dir='ltr'>de</span> <span class='ocrx_word' id='word_1_584' title='bbox 2478 5436 2664 5491; x_wconf 81' lang='lat' dir='ltr'>boreae</span> <span class='ocrx_word' id='word_1_585' title='bbox 2693 5432 2987 5505; x_wconf 89' lang='lat' dir='ltr'>quomodo</span> <span class='ocrx_word' id='word_1_586' title='bbox 3017 5426 3357 5500; x_wconf 87' lang='lat' dir='ltr'>regionibus</span> 
     </span>
    </p>
   </div>
   <div class='ocr_carea' id='block_1_119' title="bbox 2072 5511 3497 5598">
    <p class='ocr_par' dir='ltr' id='par_1_119' title="bbox 2072 5511 3497 5598">
     <span class='ocr_line' id='line_1_119' title="bbox 2072 5511 3497 5598; baseline -0.014 -16"><span class='ocrx_word' id='word_1_587' title='bbox 2072 5544 2177 5584; x_wconf 90' lang='lat' dir='ltr'>ceu</span> <span class='ocrx_word' id='word_1_588' title='bbox 2212 5526 2396 5598; x_wconf 88' lang='lat' dir='ltr'>pestis</span> <span class='ocrx_word' id='word_1_589' title='bbox 2427 5525 2692 5595; x_wconf 70' lang='lat' dir='ltr'>quaedam</span> <span class='ocrx_word' id='word_1_590' title='bbox 2725 5521 2921 5577; x_wconf 85' lang='lat' dir='ltr'>omine</span> <span class='ocrx_word' id='word_1_591' title='bbox 2953 5519 3103 5576; x_wconf 88' lang='lat' dir='ltr'>tristi</span> <span class='ocrx_word' id='word_1_592' title='bbox 3136 5511 3497 5578; x_wconf 85' lang='lat' dir='ltr'>advenerint,</span> 
     </span>
    </p>
   </div>
   <div class='ocr_carea' id='block_1_120' title="bbox 2064 5600 3531 5690">
    <p class='ocr_par' dir='ltr' id='par_1_120' title="bbox 2064 5600 3531 5690">
     <span class='ocr_line' id='line_1_120' title="bbox 2064 5600 3531 5690; baseline -0.014 -16"><span class='ocrx_word' id='word_1_593' title='bbox 2064 5619 2352 5690; x_wconf 88' lang='lat' dir='ltr'>juxtaque</span> <span class='ocrx_word' id='word_1_594' title='bbox 2382 5634 2487 5672; x_wconf 89' lang='lat' dir='ltr'>nos</span> <span class='ocrx_word' id='word_1_595' title='bbox 2516 5614 2863 5679; x_wconf 87' lang='lat' dir='ltr'>assederint,</span> <span class='ocrx_word' id='word_1_596' title='bbox 2898 5610 3211 5667; x_wconf 87' lang='lat' dir='ltr'>dicendum</span> <span class='ocrx_word' id='word_1_597' title='bbox 3242 5600 3531 5674; x_wconf 87' lang='lat' dir='ltr'>superest.</span> 
     </span>
    </p>
   </div>
   <div class='ocr_carea' id='block_1_121' title="bbox 3646 277 3751 334">
    <p class='ocr_par' dir='ltr' id='par_1_121' title="bbox 3646 277 3751 334">
     <span class='ocr_line' id='line_1_121' title="bbox 3646 277 3751 334; baseline -0.019 0"><span class='ocrx_word' id='word_1_598' title='bbox 3646 277 3751 334; x_wconf 84' lang='grc'>126</span> 
     </span>
    </p>
   </div>
  </div>
