4086 6210
232 256 335 315 ηυγ
1434 251 1808 306 EPHREMII
1844 247 2417 309 CHBONOGRAPHI

230 379 488 438 Persidis
519 378 793 453 princeps
824 377 1196 433 Mahumetus
1228 372 1466 430 nomine

232 469 452 527 bellum
485 484 761 524 exercens
790 482 921 523 cum
958 464 1293 537 Babyloniis

232 564 406 631 atque
439 574 572 614 eum
608 556 767 613 Indis
799 555 1070 611 hostibus
1102 551 1403 610 acerrimis

230 648 558 704 Turcarum
585 645 798 702 auxilio
829 661 951 700 rem
986 644 1131 699 bene
1160 641 1361 713 gessit.

237 738 420 809 [gitur
448 736 632 791 victor
661 751 796 789 cum
831 733 921 788 his
951 747 1255 802 regressus

232 827 303 883 ad
338 825 732 897 principatum
765 838 938 877 suum
971 821 1345 875 Mahumetus

231 914 420 970 socios
454 914 523 969 ad
556 912 853 985 propriam
886 925 1148 965 remeare
1181 908 1426 980 patriam

233 1001 492 1072 nolebat,
523 1001 804 1073 quoniam
837 999 1008 1056 utiles
1040 1002 1422 1069 compererat.

232 1091 421 1155 Quare
450 1091 509 1146 hi
546 1092 681 1162 fuga
712 1094 938 1144 montes
970 1087 1316 1158 petiverunt,

232 1179 432 1250 ibique
459 1179 641 1233 vitam
675 1177 1017 1248 aliquandiu
1050 1174 1377 1230 tolerarunt
1405 1190 1419 1229 :

232 1283 367 1322 mox
396 1267 811 1338 przedabantur
838 1264 1084 1319 vicinam
1118 1264 1435 1333 regionem,

231 1370 427 1426 agros,
460 1356 657 1423 urbes,
692 1370 984 1426 pagosque
1010 1354 1431 1425 Agarenorum.

228 1444 378 1514 Ergo
407 1448 736 1499 contractos
770 1443 1145 1498 Mabumetus
1178 1441 1392 1497 milites

232 1532 435 1603 viginti
472 1531 633 1588 mille
662 1537 864 1589 contra
896 1532 1115 1586 Turcas
1148 1530 1352 1598 mittit;

230 1622 330 1676 sed
364 1638 483 1676 una
515 1625 683 1677 nocte
711 1620 906 1677 cuncti
939 1638 972 1675 a
1000 1619 1204 1675 Turcis
1234 1626 1475 1690 pereunt
1510 1634 1525 1673 τ

230 1709 329 1779 qui
353 1710 480 1780 jam
508 1710 760 1766 audaces
791 1708 901 1765 hac
924 1708 1167 1764 victoria
1196 1707 1409 1762 redditi

227 1803 427 1870 aperto
459 1803 645 1854 marte
673 1814 873 1869 gerere
902 1797 1121 1854 bellum
1154 1796 1265 1852 inci
1277 1796 1464 1868 piunt,

223 1891 281 1941 et
310 1903 443 1941 cum
476 1886 810 1942 Mahumeto
840 1885 1123 1942 consertis
1154 1886 1449 1953 manibus,

219 1974 416 2047 ipsum
444 1975 741 2045 occidunt,
774 1975 1084 2047 potiuntur
1113 1975 1347 2041 castris,

220 2069 399 2136 atque
428 2066 728 2136 Agarenos
756 2064 1011 2135 spoliant
1042 2063 1310 2135 imperio,

218 2169 459 2224 suaeque
489 2153 650 2224 genti
681 2153 977 2224 publicam
1011 2168 1132 2207 rem
1164 2150 1485 2220 vindicant,

214 2242 511 2311 Agarenos
543 2246 740 2296 autem
772 2242 883 2296 sibi
918 2241 1140 2296 faciunt
1171 2241 1460 2297 subditos.

216 2329 642 2385 Monomachus
672 2331 1096 2403 Manganorum
1130 2329 1554 2386 monasterium

216 2418 463 2491 pulchro
491 2419 769 2490 varioque
799 2435 971 2490 opere
1004 2419 1356 2491 praefulgens

218 2507 375 2563 laute
405 2507 680 2563 excitavit
710 2508 980 2563 maximis
1008 2508 1295 2579 impensis

219 2596 525 2653 victorioso
556 2598 799 2669 martyri
831 2597 1115 2668 Georgio;

217 2685 418 2756 ibique
446 2685 563 2740 vim
589 2684 875 2755 ingentem
911 2685 1169 2756 profudit
1197 2700 1397 2757 opum,

212 2773 435 2829 talenta
466 2774 654 2830 multa
682 2773 770 2829 vel
802 2775 999 2845 potius
1030 2774 1360 2830 innumera.

212 2862 478 2934 Cumque
509 2862 626 2919 alia
655 2880 863 2919 rursus
892 2864 1182 2936 indigeret
1210 2864 1481 2936 pecunia,

214 2952 605 3022 periculosam
638 2952 823 3008 aleam
853 2958 1101 3008 tractare
1133 2954 1329 3025 coepit.

213 3040 573 3106 Quibusdam
606 3042 763 3097 enim
797 3042 1029 3114 populis
1061 3042 1186 3098 ideo
1218 3043 1584 3100 immunibus

216 3129 356 3200 quia
385 3130 623 3186 tuendis
653 3129 1041 3202 invigilabant
1072 3130 1312 3198 finibus,

215 3222 271 3271 et
304 3216 589 3273 Barbaros
619 3235 858 3273 accessu
893 3218 1282 3290 prohibebant

214 3304 504 3360 tributum
536 3306 749 3360 indixit
776 3312 835 3362 et
861 3308 1106 3379 vectigal
1138 3325 1404 3366 annuum
1436 3326 1450 3366 :

216 3397 274 3448 et
305 3393 384 3448 sic
416 3393 679 3448 locorum
711 3394 965 3464 perdidit
994 3399 1290 3453 custodes.

216 3485 405 3553 Atque
435 3481 572 3537 hinc
594 3482 868 3539 Barbarie
897 3484 1082 3541 facilis
1114 3486 1419 3558 ingressus

216 3572 275 3627 in
319 3571 716 3628 Romanorum
747 3576 933 3629 terras
964 3574 1175 3630 deinde
1207 3576 1416 3647 patuit.

448 3686 841 3743 THEODORA
880 3688 972 3743 ET
1010 3689 1335 3745 MICHAEL
1374 3691 1492 3748 ΑΝ.
1534 3692 1631 3749 ΙΙΙ.

218 3787 538 3856 Postquam
570 3786 819 3841 excessit
848 3801 879 3841 e
909 3786 1054 3842 vivis
1083 3788 1524 3856 Monomachus,

216 3889 488 3945 purpurae
519 3873 799 3931 ﬂosculus
830 3874 1133 3931 Theodore
1161 3876 1322 3949 virgo

219 3962 612 4018 Romanorum
646 3967 940 4035 sceptrum
973 3968 1202 4036 gestare
1233 3966 1425 4039 coepit,

217 4051 288 4105 ad
322 4066 501 4122 quam
536 4052 758 4123 potiore
782 4054 914 4123 jure
952 4053 1303 4126 pertinebat.

221 4140 347 4194 llaec
379 4141 737 4196 monasterio
768 4143 985 4198 teneris
1016 4144 1087 4199 ab
1113 4144 1283 4200 annis

217 4234 404 4284 semet
432 4228 809 4299 concludens,
844 4235 1131 4301 tensaque
1159 4233 1424 4304 capillos,

217 4315 435 4373 Christi
468 4318 809 4389 conjugium
839 4334 1073 4373 sacrum
1102 4327 1539 4392 praeoptaverat.

216 4404 385 4464 Nunc
416 4406 615 4477 regina
644 4405 975 4478 splendida,
1001 4407 1443 4478 jucundissima

214 4494 620 4567 virtutumque
649 4494 957 4552 ornatibus
989 4496 1281 4566 decorata,

211 4583 438 4654 hilaris,
471 4584 920 4657 gloriosissima,
954 4592 1236 4657 perpetua
1262 4588 1447 4660 virgo.

213 4674 348 4738 Qum
379 4689 509 4729 cum
541 4672 877 4744 imperium,
913 4679 977 4729 ut
1000 4675 1142 4740 dixi,
1175 4676 1440 4749 adiisset,

212 4766 427 4817 cuncta
459 4778 561 4833 pro
593 4778 699 4818 suo
730 4762 956 4819 naviter
984 4765 1221 4835 gerebat
1252 4782 1515 4837 munere,

211 4849 439 4905 virilem
477 4867 591 4921 pra:
622 4866 686 4906 se
716 4852 907 4906 ferens
936 4852 1053 4907 vim
1086 4870 1152 4909 ac
1193 4855 1491 4926 spiritum,

212 4944 277 4995 ut
304 4938 407 4995 illa
438 4939 603 4995 fortis
636 4939 928 4996 celebrata
958 4942 1203 4998 Debora.

212 5028 276 5085 In
307 5028 592 5083 tribunali
624 5029 837 5101 quippe
869 5030 1110 5085 sedebat
1140 5034 1299 5104 regio

211 5116 403 5172 aulica
434 5132 649 5188 pompa
679 5118 1142 5190 custodibusque
1173 5122 1363 5178 cincta

213 5204 546 5279 reipublicte
574 5207 840 5278 gerenda:
871 5208 1221 5277 impendens
1247 5228 1448 5269 curam

212 5294 396 5366 (equis
425 5310 562 5350 cum
592 5293 822 5366 legibus
844 5296 1210 5370 judiciisque
1241 5302 1439 5374 rectis,

211 5382 407 5439 ofﬁcia
436 5399 669 5455 quoque
700 5382 923 5440 utiliter
950 5388 1279 5458 conferens,

284 5559 401 5631 (45)
432 5560 577 5633 Lege
608 5561 890 5618 Zonaram
925 5562 1094 5636 XVII,
1123 5564 1218 5623 20.

1859 356 1865 362 1
1903 368 1960 436 Α
1987 374 2129 430 3135
2164 374 2503 449 Μουχούμετ
2532 373 2668 449 ἆνήρ
2699 371 2924 449 ἡγεμὼν
2954 376 3055 443 τῆς
3086 368 3351 447 Περσίδος

2160 465 2368 540 ’Ἡρατο
2404 466 2592 539 μάχην
2623 464 2761 519 κατὰ
2793 458 3159 519 Βαϐυλωνίων

2160 551 2344 609 Ἰνδῶν
2374 556 2424 608 0⁸
2453 555 2628 626 ἑαυτῷ
2659 551 2937 626 δυσμενῶν
2979 549 3309 621 ἀντιπάλων,

2159 644 2238 697 Δι’
2271 644 2344 698 ὧν
2375 647 2673 721 τροποῦται
2698 641 2828 705 τοὺς
2857 639 3087 716 ἐχθροὺς
3109 639 3245 694 κατὰ
3268 640 3488 713 κράτος.

2158 733 2479 809 Νικηφόρος
2510 736 2645 806 γοῦν
2678 731 2769 785 σὺν
2803 732 2984 808 σφίσιν
3014 729 3306 805 ἀφιγμένος

1978 820 2122 875 3140
2159 822 2303 896 Πρὸς
2333 823 2433 889 τήν
2463 822 2653 876 ἑαυτοῦ
2681 819 3017 894 Μουχοόμετ
3047 817 3357 891 ἐθναρχίαν,

2158 907 2610 983 Παλινδρομῆσαι
2641 910 2777 985 πρὸς
2805 905 3041 980 πατρίδα
3070 904 3402 980 συμμάχους

2155 998 2366 1054 Οὐκοῦν
2403 998 2592 1072 μεθῄει
2627 996 2938 1073 χρησίμους
2970 992 3373 1069 δεδειγμένουςο

2159 1088 2313 1151 Ὅθεν
2341 1087 2594 1165 φυγόντες
2625 1084 2925 1161 ἀνέδραμον
2958 1084 3034 1146 είς
3066 1078 3194 1158 ὅρη,

2155 1176 2257 1233 Καὶ
2285 1174 2417 1250 τῇδε
2443 1178 2542 1246 τὴν
2576 1174 2784 1231 δίαιταν
2817 1174 2967 1249 εἶχον
3002 1172 3054 1228 έν
3087 1172 3293 1249 χρόνῳ,

1978 1266 2119 1320 3145
2158 1268 2262 1320 Καὶ
2290 1265 2567 1327 κατιόντες
2596 1262 2892 1337 κατεδῄουν
2918 1264 2987 1317 τὰ
3012 1262 3190 1338 πέριξ,

3529 247 3641 307 128

2154 1352 2403 1430 Ἀγροὺς,
2435 1353 2649 1423 πόλεις,
2680 1354 2870 1427 κώμας
2903 1372 2962 1406 τε
2989 1355 3096 1406 τῶν
3130 1348 3189 1405 ἐκ
3214 1356 3316 1419 τῆς
3342 1350 3539 1424 ’Ἄγαρο

2156 1445 2480 1517 Στράτευμα
2505 1444 2686 1498 τοίνυν
2719 1441 3035 1517 εὐτρεπίσας
3077 1438 3417 1514 Μουχοόμετ

2157 1529 2385 1587 Στέλλει
2414 1532 2529 1586 κατ’
2561 1532 2736 1586 αὐτῶν
2775 1528 3040 1607 μυριάδας
3069 1550 3175 1583 που
3207 1526 3325 1583 δύο·

2151 1622 2221 1677 ριΟ
2249 1620 2441 1682 νυκτὸς
2471 1616 2640 1695 ἄρδην
2670 1602 2788 1681 τοῖς
2817 1602 3086 1692 Τοόρκοις
3116 1602 3467 1695 κατεσφάγη(

1899 1738 1948 1803 Β
1978 1708 2118 1765 3150
2156 1708 2273 1765 Κᾶκ
2299 1707 2459 1764 τοῦδε
2488 1711 2703 1784 θρασεῖς
2733 1712 2799 1783 τῇ
2830 1709 2955 1783 νίκῃ
2988 1704 3341 1803 δεδειγμένοι,

2157 1797 2255 1851 Καὶ
2284 1799 2384 1868 τὴν
2413 1800 2549 1853 κατὰ
2577 1798 2874 1872 πρόσωπον
2910 1796 3097 1850 ἱστῶσι
3131 1793 3339 1868 μάχην⁶

2156 1886 2251 1940 Καὶ
2286 1885 2691 1959 συμπλακέντες
2715 1887 2851 1941 κατὰ
2885 1886 3072 1959 μάχην
3104 1880 3484 1956 Μουχοόμετ’,

2151 1974 2465 2030 Κτείνουσιν
2496 1976 2663 2030 αὐτὸν
2693 1976 2779 2029 καὶ
2812 1977 3068 2048 κρατοῦσι
3096 1976 3194 2027 τοῦ
3220 1972 3416 2029 τόπου.

2151 2066 2541 2142 ’Δποστεροῦσι
2565 2070 2664 2121 τοῦ
2693 2066 2924 2140 κράτους
2950 2064 3078 2126 τοὺς
3110 2064 3161 2133 ἐξ
3189 2067 3376 2139 Ἅγαρ,

1971 2157 2114 2212 3155
2151 2155 2253 2212 Καὶ
2281 2159 2443 2210 τοῦτο
2472 2156 2779 2232 χειρίζουσι
2809 2159 2926 2217 τοῖς
2957 2153 3016 2208 έκ
3043 2157 3140 2207 τοῦ
3171 2152 3388 2228 γένους,

2150 2244 2293 2305 Τοὺς
2324 2242 2370 2299 δ’
2402 2243 2733 2319 Ἀγαρηνοὺς
2765 2241 2926 2318 ἔσχον
2962 2240 3039 2303 είς
3072 2242 3372 2311 ὑπηκόους.

2147 2332 2320 2394 Οὗτος
2353 2331 2605 2408 βασιλεὺς
2636 2332 2726 2387 καὶ
2761 2333 2932 2403 μονὴν
2963 2335 3071 2386 τῶν
3106 2327 3412 2403 Μαγγάνων

2149 2428 2423 2497 Ἔχουσαν
2456 2420 2513 2476 εὖ
2543 2418 2785 2482 κάλλους
2815 2441 2874 2475 τε
2902 2418 2991 2475 καὶ
3023 2417 3302 2481 ποικιλίας

2148 2511 2369 2586 Ἥγειρε
2402 2509 2672 2585 λαμπρῶς
2698 2507 2957 2583 ἀφθόνοις
2988 2507 3306 2583 χορηγίαις]

1968 2602 2109 2657 3160
2148 2599 2405 2675 Γεωργίῳ
2439 2601 2669 2673 μάρτυρι
2699 2603 2778 2670 τῷ
2808 2598 3136 2670 καλλινίκῳ,

2149 2688 2238 2743 Ἐν
2269 2686 2305 2759 ᾗ
2341 2686 2537 2761 μυρίας
2571 2686 2819 2740 ἀνάλωσε
2849 2682 3085 2747 δαπάνας

2144 2773 2601 2836 Πολυταλάντους
2628 2774 2717 2828 καὶ
2750 2771 2972 2850 δυσαριθ
2982 2794 3085 2846 μου
3095 2772 3275 2845 μένας.

2148 2861 2298 2919 Ἐπεὶ
2331 2860 2378 2916 δ’
2408 2860 2583 2917 ἐδεῖτο
2612 2881 2723 2937 χρη
2736 2864 2918 2934 μάτων
2952 2859 3139 2916 ἄλλων
3167 2858 3354 2930 πάλιν,

2144 2951 2378 3025 Ἤρξατο
2410 2956 2576 3006 κινεῖν
2609 2948 2642 3004 ἃ
2678 2956 2845 3005 κινεῖν
2874 2949 2974 3004 οὐκ
3000 2950 3067 3019 ἦν
3098 2947 3239 3004 δέον·

1966 3041 2108 3096 3165
2144 3042 2359 3114 Χώραις
2385 3041 2490 3115 γὰρ
2520 3038 2766 3094 ἀτέλειαν
2800 3038 3098 3113 αὗχοόσαις
3126 3038 3333 3106 τόπων,

1892 3096 1936 3163 C
2140 3096 2518 3203 έῗςιφυλάκθλν
2551 3126 2607 3183 δὲ
2640 3096 3023 3189 συντελοίζσαις
3054 3096 3224 3181 πάλαι

2142 3216 2251 3273 Καὶ
2280 3216 2623 3279 κωλυούσαις
2656 3211 2961 3291 Βαρϐάροις
2998 3214 3093 3278 τὰς
3130 3210 3368 3284 ἐξόδους,

2144 3304 2394 3378 Δασμοὺς
2426 3306 2626 3368 ἐπιθεὶς
2656 3307 2748 3360 καὶ
2779 3304 2979 3382 φόρους
3008 3303 3136 3365 τοὺς
3169 3301 3237 3357 δι’
3269 3300 3442 3373 ἔτους,

2145 3393 2426 3470 Φρουροὺς
2456 3398 2712 3467 καταργεῖ
2743 3392 2833 3447 καὶ
2863 3397 3208 3463 κατοπτῆρας
3236 3389 3442 3446 τόπων.

1965 3484 2108 3539 3170
2145 3483 2258 3538 Κάκ
2285 3480 2446 3537 τοῦδε
2473 3482 2664 3537 λοιπὸν
2697 3476 2941 3555 πάροδος
2971 3483 3090 3541 τοῖς
3121 3473 3426 3554 Βαρϐάροις

2144 3570 2375 3648 Ὑπῆρξε
2405 3570 2573 3647 ῥᾴστη
2604 3567 2913 3644 Ῥωμαΐδος
2941 3569 3077 3645 πρὸς
3109 3567 3333 3630 τόπους.

2251 3688 2566 3744 ΘΕΟΔΩΡΑ
2621 3687 2741 3742 ΚΑΙ
2788 3687 3070 3741 ΜΙΧΑΗΑ
3109 3686 3222 3741 ΕΤ.
3262 3684 3334 3740 Γ’.

2143 3793 2488 3867 Μονομάχου
2520 3789 2577 3846 δὲ
2605 3791 2697 3846 τὸν
2730 3789 2845 3867 βίον
2879 3787 3233 3861 λελοιπότος,

2145 3882 2220 3937 Τὰ
2247 3883 2534 3955 Ῥωμαϊκᾶ
2564 3888 2813 3957 σκῆπτρα
2836 3874 3256 3955 παραλαμϐάνει
3355 3894 3367 3901 “

2145 3972 2209 4029 Ἢ
2240 3970 2625 4047 πορφυρανθὴς
2654 3967 2916 4045 παρθένος
2950 3966 3225 4040 Θεοδώρα,

1966 4064 2108 4119 3175
2144 4060 2331 4133 Ταύτῃ
2363 4057 2685 4137 διαφέροντα
2717 4057 2928 4131 μᾶλλον
2957 4055 3221 4132 πατρόθεν
3255 4057 3388 4130 (45)⁶

2142 4151 2297 4213 Ἦτις
2333 4152 2473 4222 μονῇ
2501 4168 2560 4203 τε
2588 4147 2678 4201 καὶ
2715 4152 2988 4221 μοναχαῖς
3025 4143 3277 4200 παιδόθεν

2144 4235 2391 4295 Ἐκδοῦσ⁹
2418 4237 2613 4305 ἓαυτήν
2645 4236 2734 4289 καὶ
2761 4236 2930 4311 τρίχα
2955 4236 3250 4311 κειραμένη

2143 4329 2361 4401 Χριστῷ
2389 4324 2690 4400 καθιέρωτο
2721 4322 2875 4396 καλῷ
2903 4323 3143 4401 νυμφίῳ,

2143 4414 2371 4476 Βασιλὶς
2401 4413 2754 4487 έκλαμπουσα
2779 4418 2898 4476 ταῖς
2925 4411 3199 4489 ἀγλαΐαις,

1967 4507 2109 4562 3180
2144 4509 2276 4566 Ταῖς
2304 4504 2507 4579 ἀρετῶν
2535 4504 2753 4578 χάρισιν
2780 4502 3117 4577 ὡραϊσμένη,

2149 4590 2383 4666 Φαιδρὰ,
2414 4589 2662 4662 κυδίστη,
2694 4590 2959 4666 παρθένος
2989 4588 3077 4646 διὰ
3121 4590 3262 4667 βίου.

2145 4689 2309 4756 ’Ἄρτι
2342 4678 2399 4736 δὶ
2426 4680 2646 4755 κράτος,
2678 4681 2751 4742 ὡς
2782 4678 2937 4757 ἔφην,
2973 4677 3234 4753 δεξαμένη

2146 4772 2376 4830 ’Δπαντ’
2404 4768 2574 4825 ἐποίει
2602 4770 2670 4825 τὰ
2698 4771 3045 4846 προσήκοντα
3072 4770 3281 4844 κράτει,

2149 4868 2229 4930 Λῆ
2242 4861 2296 4934 μ⁶
2325 4858 2630 4936 ἀρρενωπὸν
2664 4857 2981 4913 δεικνύουσα
3007 4858 3096 4914 καὶ
3128 4858 3333 4931 σθένος,

1968 4953 2111 5008 3185
2147 4951 2236 5012 Ὡς
2267 4948 2611 5026 ἀῤῥενόφρων
2641 4945 2862 5024 Δεϐώρα
2894 4947 3263 5021 θρυλουμένη.

2147 5046 2396 5108 Καθῆστο
2426 5038 2515 5093 καὶ
2545 5038 2649 5113 γάρ
2678 5037 2730 5092 ἐν
2768 5035 3034 5114 βασιλείῳ
3066 5035 3244 5112 θρόνῳ

2146 5127 2481 5206 Δορυφορίας
2516 5125 2806 5201 βασιλικῆς
2834 5127 3102 5202 ἠγμένης,

2146 5219 2536 5273 Ἐπιστατοῦσα
2564 5220 2681 5277 τοῖς
2712 5213 2867 5278 ὅλοις
2896 5212 3077 5290 ὥσπερ
3109 5212 3250 5287 δέον,

2147 5306 2252 5363 Σὺν
2285 5305 2513 5378 εὐνομίᾳ
2540 5303 2628 5359 καὶ
2661 5302 3045 5379 δικαιοκρισίᾳ,

1968 5399 2109 5455 3190
2146 5395 2667 5472 Ἀρχαιρεσιάζουσα
2697 5394 2835 5469 πρὸς
2857 5394 2920 5447 τὸ
2951 5395 3249 5471 συμφέρον,

1889 4462 1937 4527 D
