4086 6210
370 275 483 331 129
1275 284 1279 289 τ
1915 278 2276 333 casune.
3694 296 3798 352 130

555 400 791 476 Ψήφους
827 404 1037 463 τιθεῖσα
1065 400 1156 454 καὶ
1190 397 1341 461 δίκας
1368 400 1507 455 κατὰ
1535 399 1726 475 λόγον,
2064 407 2117 471 Α
2140 402 2163 470 j

2064 407 2117 471 Α
2140 402 2242 470 jus
2275 406 2499 459 rectum
2529 405 2730 461 dicens
2762 410 2818 462 et
2846 409 3125 481 suffragia
3157 413 3345 470 ferens
3378 432 3392 470 ε

558 489 662 544 Καὶ
697 486 999 573 βασιλικῶς
1030 488 1452 563 χρηματίζουσα
1474 488 1641 544 πάλιν
2138 500 2171 553 i1

2138 500 2386 564 insuper
2415 497 2578 566 regia
2608 512 2743 550 cum
2777 498 3082 566 majestate
3103 500 3400 573 excipiens

550 580 686 639 Τοῖς
718 572 1007 653 πρέσϐεσιν
1040 578 1267 647 ἥκουσιν
1298 577 1351 649 ἐξ
1384 579 1695 655 ἐθναρχίας.
2140 597 2163 649 q

2140 597 2268 649 quae
2297 583 2688 638 mittebantur
2716 587 2982 655 gentium
3015 572 3357 660 legationes.

551 666 762 725 Οὐκοῦν
792 668 924 729 Θεὸς
951 665 1207 722 κύδιστον
1237 665 1493 740 εὔδαιμον
1520 670 1719 745 κράτος
2144 669 2164 723 ἱ

1680 690 1719 731 »ς
2144 669 2289 741 Ergo
2316 671 2640 741 gloriosum
2678 672 2791 743 ipsi
2828 673 2979 731 Deus
3012 679 3293 748 regimen.

362 757 512 813 3195
552 755 833 831 Παρέσχεν
867 755 1004 829 αὐτῇ
1037 756 1287 833 φυλακῆς
1318 759 1478 832 χάριν
1509 758 1718 831 νόμων,

2140 760 2433 815 concessit
2462 765 2697 831 propter
2726 760 2921 833 legum
2955 765 3386 823 observantiam
3423 786 3436 824 :

550 845 735 900 Αὐτοῦ
764 866 825 900 τε
854 847 1063 899 σεπτῶν
1096 845 1292 901 ἐνθέων
1323 847 1758 922 προσταγμάτων
2140 863 2163 903 e

2140 852 2198 903 et
2227 849 2368 919 quia
2398 849 2612 904 divinis
2637 867 2750 905 non
2786 852 3124 909 discedebat
3154 856 3397 928 regulis,

548 934 652 991 Καὶ
682 930 957 988 συνδιεῖπε
986 931 1122 1007 τῇδε
1150 936 1251 1002 τὴν
1279 935 1639 1011 κραταρχίαν,
2140 937 2155 991 i

2140 937 2358 991 idcirco
2392 942 2563 1003 Deus,
2595 938 2862 1010 inquam,
2895 942 3031 997 huic
3062 943 3374 1015 imperium

544 1021 624 1080 Εὖ
652 1022 825 1077 πάντα
849 1023 1022 1085 τιθεὶς
1046 1022 1125 1085 ὡς
1158 1024 1287 1084 Θεὸς
1318 1026 1728 1099 παντοκράτωρ·
2139 1042 2157 1096 ι

2139 1042 2484 1097 prosperum
2517 1026 2745 1092 tribuit,
2779 1035 2979 1101 utpote
3010 1034 3407 1106 omnipotens.

547 1112 624 1167 ού
650 1112 757 1188 γάρ
788 1113 911 1166 ποτ’
940 1113 1091 1167 ῶπτο
1120 1109 1286 1181 τῆσδε
1313 1113 1619 1188 κρατούσης
1650 1112 1797 1176 ὅλως
2140 1116 2160 1171 1'

2140 1115 2403 1186 Namque
2436 1116 2544 1171 hac
2575 1122 2854 1189 regnante
2887 1120 3085 1176 nullus
3116 1123 3349 1179 rebellis
3380 1126 3627 1197 exstitit,

360 1204 510 1261 3200
551 1202 897 1271 Ἀποστάτης
923 1224 1009 1265 τις
1036 1203 1073 1272 ἢ
1103 1200 1422 1277 τυραννίδος
1456 1201 1673 1278 ῥέκτης,

2140 1220 2311 1260 nemo
2341 1206 2709 1276 tyrannidem
2745 1211 2971 1279 uspiam
3004 1210 3290 1283 arripuit;

546 1290 665 1349 Οὐκ
694 1288 937 1365 ἰνδρομή
970 1311 1053 1352 τις
1083 1289 1300 1360 ἐθνικῆς
1332 1293 1642 1367 ὁμαιχμίας
2139 1310 2159 1347 ῐ

2139 1293 2341 1348 nullus
2368 1294 2645 1351 incursus
2674 1299 3113 1367 conjuratarum
3146 1303 3406 1369 gentium

550 1377 743 1437 Ὀπλα
769 1380 1027 1450 κινούσης
1058 1382 1196 1435 κατὰ
1227 1381 1511 1449 Ῥωμαίων
1540 1384 1792 1455 κράτους,
2138 1398 2163 1437 a

1748 1405 1792 1453 ς,
2138 1382 2319 1438 armis
2350 1386 2678 1439 Romanum
2712 1385 2966 1456 pulsavit
2993 1387 3311 1460 imperium
3346 1410 3359 1460 ;

550 1468 624 1523 Οὐ
658 1466 919 1545 δυσχερές
951 1490 1003 1523 τι
1033 1470 1123 1524 καὶ
1154 1469 1451 1545 πρόσαντες
1481 1476 1562 1543 τῷ
1595 1472 1720 1546 βίῳ.
2138 1488 2163 1526 r

2138 1471 2221 1526 nil
2254 1471 2566 1529 molestum
2599 1474 2979 1530 adversumve
3011 1481 3229 1534 mundo
3262 1480 3494 1539 accidit.

548 1559 733 1616 Πάντα
763 1555 821 1613 δὲ
849 1557 993 1614 καλὰ
1020 1560 1111 1613 καὶ
1142 1557 1298 1614 πλέω
1331 1558 1624 1633 θυμηδίας,
2138 1560 2161 1622 (

2138 1560 2290 1624 Quin
2330 1562 2529 1616 omnia
2559 1563 2752 1617 fausta
2782 1562 3072 1636 plenaque
3100 1565 3332 1640 laetitia,

361 1649 513 1705 3205
552 1649 723 1720 Ὡρῶν
756 1648 947 1721 κράσις
979 1646 1259 1723 εὔκρατος,
1290 1649 1563 1725 εὐετηρία,

2137 1650 2264 1705 οωιὶ
2295 1651 2631 1721 temperies,
2664 1651 2964 1708 fructuum
2996 1656 3288 1727 fertilitas,

551 1736 796 1828 Εύβηνία
821 1736 1164 1828 παγκαρπος,
1194 1735 1427 1828 ἄφθονος
1453 1739 1633 1815 χύσις,
2057 1763 2105 1828 Β
2137 1756 2164 1794 8

1522 1760 1633 1803 ισις,
2057 1763 2105 1828 Β
2137 1755 2381 1794 annonae
2412 1739 2606 1794 vilitas
2637 1745 2693 1795 et
2722 1743 2889 1812 copia
2919 1758 3135 1810 rerum,

549 1826 647 1883 Καὶ
676 1831 745 1900 γῆ
784 1825 913 1898 μέλι
943 1826 1139 1901 ῥέουσα
1166 1826 1256 1881 καὶ
1285 1826 1413 1902 γαλ’
1443 1828 1713 1905 ἀφθόνως,
2057 1825 2096 1828 ⁷
2130 1848 2162 1901 ιι

1698 1872 1713 1901 ,
2057 1825 2096 1828 ⁷
2130 1843 2288 1901 terra
2317 1827 2489 1883 melle
2518 1828 2708 1883 ﬂuens
2738 1833 2796 1884 et
2821 1828 2969 1885 lacte
3000 1832 3310 1904 uberrime,

545 1915 650 1972 Καὶ
686 1914 803 1990 βίος
834 1914 1073 1990 ἡσύχιος
1104 1914 1347 1990 εὐτυχὴς
1378 1917 1531 1991 ἄγαν.
2122 1934 2155 1970 v

1518 1959 1531 1973 .
2122 1917 2250 1972 vita:
2283 1918 2474 1988 quies,
2506 1916 2761 1973 felicitas
2791 1920 3125 1991 omnigena.

544 2003 695 2061 Ἐπεὶ
728 2001 785 2059 δὲ
820 2004 938 2079 βίον
972 2002 1212 2059 ἐκλιπεῖν
1246 2004 1457 2067 πάντως
1486 2001 1615 2075 ἔδει,
2120 2009 2157 2060 S

2120 2007 2231 2061 Sed
2263 2006 2403 2077 quia
2432 2021 2711 2077 suprema
2733 2007 2992 2063 instabat
3022 2011 3365 2079 necessitas,

354 2096 502 2152 3210
544 2094 687 2168 Πρὸς
716 2093 891 2166 τέρμα
925 2094 1048 2167 βίου
1079 2096 1315 2170 κράτορα
1352 2093 1662 2167 Ῥωμαίδος

2120 2098 2451 2150 Romanum
2482 2095 2732 2149 moriens
2763 2096 3177 2168 imperatorem
3209 2106 3368 2155 creat

536 2184 674 2241 Τινᾶ
702 2183 939 2258 Μιχαὴλ
974 2185 1310 2258 στρατιώτην
1343 2183 1574 2239 δεικνύει
2122 2184 2149 2240 Β

2122 2182 2463 2241 Michaelem
2498 2184 2817 2256 quemdam
2850 2185 3163 2257 agnomine
3193 2188 3560 2257 Stratiotam,

533 2273 768 2349 Γηραιὸν
800 2270 990 2347 ἄνδρα,
1024 2275 1330 2328 παντάπασι
1361 2268 1695 2347 πρεσϐύτην,
1770 2292 1773 2293 ⁷
2121 2290 2146 2329 ε

1560 2274 1695 2345 ὶτην,
1770 2292 1773 2293 ⁷
2121 2288 2323 2329 senem
2353 2274 2439 2328 vel
2476 2273 2671 2343 potius
2706 2290 2822 2329 aevo
2854 2275 3173 2348 decrepito,

533 2357 875 2436 Ἀὄληχοὸν,
909 2359 1117 2434 ἀδέξιον
1151 2362 1226 2424 εἷς
1254 2362 1590 2438 κραταρχίαν
2122 2363 2146 2416 d

2122 2361 2397 2431 debilem,
2426 2367 2603 2433 atque
2632 2362 2900 2433 ineptum
2930 2365 3003 2419 ad
3035 2366 3350 2437 imperium

536 2451 631 2507 Ἐκ
653 2449 931 2525 νωχελίας
961 2454 1192 2528 φυσικῆς
1224 2453 1432 2526 γήρους
1462 2454 1508 2507 θ’
1540 2453 1677 2525 ἅμα,
2120 2468 2148 2507 8

1583 2473 1677 2525 μα,
2120 2450 2370 2522 segnitie
2396 2450 2645 2506 naturali
2683 2452 2966 2522 senioque
2997 2453 3196 2525 simul,

351 2540 501 2596 3215
536 2536 810 2594 ’Βλκοντα
841 2540 1020 2614 σειρὰν
1052 2537 1112 2594 ἐκ
1143 2540 1437 2609 Βυζαντίου
1467 2541 1681 2615 γένους,

1600 2562 1681 2611 υς,
2121 2541 2223 2611 qui
2254 2539 2570 2612 Byzantina
2599 2540 2657 2595 in
2686 2540 2831 2596 urbe
2863 2547 3036 2597 natus
3068 2549 3213 2598 erat.

538 2628 663 2685 Ἐπὶ
698 2628 993 2703 βράχιστον
1026 2632 1125 2683 τοῦ
1156 2630 1388 2704 κράτους
1418 2628 1746 2704 γεγευμένον
2119 2633 2151 2683 Ε

1631 2628 1746 2685 ἑνον
2119 2630 2227 2684 Hic
2254 2629 2564 2700 degustato
2594 2628 2941 2685 brevissime
2971 2630 3244 2703 imperio,

539 2719 641 2773 Καὶ
680 2715 982 2790 μηδοτιοῦν
1013 2722 1125 2772 τῶν
1150 2716 1335 2773 καλῶν
1367 2720 1710 2794 πεπραχότα.
2121 2735 2152 2772 n

2121 2718 2269 2773 nihil
2302 2720 2587 2774 memoria
2616 2719 2863 2789 dignum
2896 2735 3151 2792 regnans
3182 2722 3337 2779 fecit.

539 2807 655 2881 Ἐφ’
687 2806 751 2861 οὗ
785 2803 912 2868 δυὰς
945 2804 1161 2879 ἤκμασε
1190 2812 1297 2862 τῶν
1329 2808 1614 2883 ἀριστεων,
2120 2812 2152 2861 8

2120 2808 2238 2862 Sub
2269 2824 2335 2863 eo
2367 2808 2621 2863 virorum
2653 2825 2758 2880 par
2795 2808 2995 2864 ﬂoruit
3023 2811 3412 2881 egregiorum,

536 2898 661 2952 Τῶν
692 2915 752 2949 τε
778 2900 1098 2970 στρατηγῶν
1131 2895 1334 2951 συνέσει
1364 2898 1411 2951 τ’
1442 2894 1700 2972 εὐανδρίᾳ
2122 2896 2149 2951 b

1582 2894 1700 2972 δρίᾳ
2122 2895 2328 2952 bellica
2352 2895 2599 2952 scientia
2628 2901 2804 2967 atque
2834 2898 3195 2964 fortitudine,

351 2986 501 3041 32%
538 2983 668 3040 Βίου
696 3003 755 3038 τε
785 2982 1138 3057 λαμπρότητι
1166 2984 1255 3038 καὶ
1285 2988 1354 3057 τῇ
1385 2989 1480 3039 τοῦ
1507 2986 1693 3060 γένους

2122 2984 2434 3057 splendore
2456 2985 2632 3041 simul
2660 2988 2792 3041 vita:
2824 2987 3080 3056 avitique
3108 2988 3370 3059 generis;

532 3078 570 3126 K
614 3072 627 3089 ’
706 3078 735 3089 ”
898 3070 985 3127 ’δύ
1193 3070 1216 3091 ”
1249 3070 1277 3127 δ
1382 3094 1401 3107 ο
1488 3073 1499 3091 ’
2124 3074 2134 3084 ’

577 3094 631 3127 αι
663 3094 825 3127 πασιν
858 3094 917 3127 ευ
988 3094 1157 3146 κιμος
1192 3093 1243 3127 εν
1283 3074 1399 3143 οξο..
1430 3095 1569 3129 πανυ
2048 3131 2087 3146 η
2122 3090 2137 3127 ι

2048 3131 2087 3146 η
2122 3074 2219 3129 ille
2249 3074 2526 3129 nimirum
2559 3074 2807 3130 celebris
2839 3091 2904 3129 ac
2935 3074 3389 3133 laudatissimus

528 3163 590 3219 Ὁ
621 3161 931 3218 Κατακαλὼ
962 3131 1270 3233 τούιπίκλην
1301 3131 1629 3236 κεκασμένος
1664 3166 1797 3238 (‘6),
2045 3131 2088 3196 C
2117 3180 2141 3235 (ί

1719 3166 1797 3238 6),
2045 3131 2088 3196 C
2117 3164 2215 3235 qui
2250 3166 2636 3234 cognomento
2667 3162 2860 3217 dictus
2890 3170 2981 3218 est
3009 3131 3279 3221 Catacalo
3318 3182 3331 3221 :

531 3254 673 3326 Πρὸς
710 3252 843 3322 τῷδ’
874 3250 1141 3313 Ἰσαάκιος
1174 3256 1474 3324 Κομνηνῶν
1502 3253 1713 3327 γένους,
2115 3270 2144 3308 a

1652 3273 1713 3325 ις,
2115 3252 2263 3308 alter
2284 3250 2541 3307 Isaacius
2569 3250 3001 3306 Comnenorum
3034 3267 3265 3321 genere,

533 3347 719 3402 Ὅστις
750 3339 987 3401 ἀποστὰς
1014 3337 1325 3418 πορφυρίδα
1348 3341 1435 3395 καὶ
1464 3343 1656 3419 στέφος
2116 3359 2146 3413 q

1652 3363 1656 3402 ς
2116 3342 2216 3413 qui
2247 3339 2560 3396 manifeste
2591 3340 2663 3394 ab
2695 3339 2940 3411 imperio
2988 3341 3265 3397 deﬁciens

349 3430 500 3486 3225
537 3429 705 3500 Αύτῷ
734 3430 1054 3503 περιέθηκεν
1088 3429 1316 3505 ἀντάρας
1345 3431 1550 3501 κράτει,

2117 3446 2439 3501 purpuram
2473 3427 2669 3483 induit
2700 3444 3095 3501 coronamque
3127 3430 3330 3498 cinxit,

532 3517 629 3572 Καὶ
659 3517 857 3593 κράτος
887 3514 1147 3589 ἀδήριτον
1177 3514 1333 3593 ἔσχεν
1376 3518 1621 3576 είσάπαν.
2115 3534 2145 3573 e

2115 3523 2175 3573 et
2203 3518 2333 3573 sine
2362 3516 2514 3573 bello
2544 3516 2753 3572 stabile
2784 3532 3031 3589 regnum
3063 3518 3277 3575 tenuit.

529 3606 836 3677 ’Βξίσταται
863 3604 921 3661 δὲ
953 3607 1189 3682 Μιχαὴλ
1228 3608 1584 3683 κραταρχίας,
2115 3605 2142 3662 Il

2115 3605 2363 3662 Michael
2397 3613 2587 3661 autem
2620 3604 2865 3676 imperio
2888 3622 2949 3661 se
2980 3605 3297 3664 abdicavit.

580 3724 923 3779 ῙΣΑΑΚΙΟΣ
965 3726 1010 3779 Ο
1052 3724 1441 3780 ΚΟΜΝΗΝΟΣ
1483 3727 1592 3781 ΕΤ.
1636 3726 1697 3782 H'
1736 3745 1786 3789 ς.
2187 3724 2193 3776 l

2187 3721 2512 3778 ISAACIUS
2550 3720 2942 3776 COMNENUS
2982 3721 3097 3777 AN.
3149 3721 3300 3790 VIII,
3340 3722 3548 3780 MENS.
3590 3724 3684 3779 VI.

529 3820 894 3896 Αὐτοκράτωρ
927 3820 1018 3874 οὗν
1048 3822 1332 3893 Κομνηνὸς
1360 3818 1699 3898 δεδειγμένοις
2114 3821 2142 3875 Ε

1667 3843 1699 3884 ις
2114 3821 2263 3891 Ergo
2292 3818 2608 3891 imperator
2636 3818 2921 3889 processit
2942 3822 3280 3875 Comnenus

529 3911 795 3971 Ἰσαάκιος
822 3909 1077 3979 εύσθενής
1108 3915 1498 3985 στρατηγέτης,
2113 3908 2142 3964 ι]

1488 3955 1498 3978 ,
2113 3907 2249 3965 belli
2279 3907 2640 3963 fortissimus
2670 3907 2787 3961 dux
2820 3908 3101 3975 Isaacius,

343 4000 493 4056 3230
529 3999 610 4057 Οὐ
640 4002 723 4070 τῷ
754 4001 872 4069 Θεῷ
902 3995 1135 4074 γέγραφε
1159 3998 1258 4067 τὴν
1294 3996 1569 4072 εὐτυχίαν,

2113 3998 2413 4053 fortunam
2447 4012 2616 4051 suam
2646 4011 3021 4067 nequaquam
3057 3999 3167 4052 Deo
3198 3997 3488 4069 tribuens,

527 4087 693 4157 Αύτῷ
724 4084 783 4142 δὲ
818 4084 1031 4158 μᾶλλον
1065 4086 1213 4161 χειρί
1241 4108 1294 4141 τι
1324 4086 1635 4165 ξιφηφόρῳ.
2114 4108 2140 4144 8

2114 4089 2215 4144 sed
2250 4086 2362 4142 sibi
2396 4085 2583 4158 magis
2617 4084 2977 4155 brachiaque
3007 4085 3275 4144 ensifero.

526 4176 627 4232 Καὶ
656 4181 821 4232 τοῦτο
853 4173 1047 4245 δῆλον,
1082 4179 1165 4239 οἷς
1196 4176 1387 4232 ἑαυτοῦ
1415 4178 1505 4232 τὸν
1537 4178 1707 4233 τύπον
2120 4179 2135 4233 Ι

1547 4178 1707 4233 τύπον
2120 4178 2175 4233 ld
2210 4175 2548 4243 declaravit,
2580 4190 2713 4228 cum
2751 4190 2924 4228 suum
2958 4178 3160 4246 typum

529 4272 771 4340 Στατῆρι
800 4270 982 4319 τυπῶν
1016 4260 1188 4335 δεξιὰν
1219 4267 1516 4339 τεταμένην
2114 4286 2141 4323 8

2114 4273 2331 4323 statere
2360 4266 2605 4333 cudens,
2638 4267 2968 4335 protentam
3003 4265 3294 4322 dexteram

530 4354 905 4427 Ἐσπασμένην
940 4352 1142 4432 ἔγραφε
1165 4354 1369 4429 γυμνὸν
1400 4356 1462 4410 τὸ
1494 4354 1667 4434 ξίφος.
2114 4374 2143 4413 e

1622 4378 1667 4418 ς.
2114 4372 2370 4428 enseque
2397 4354 2556 4409 nudo
2588 4356 2875 4409 armatam
2908 4352 3228 4426 inscripsit.

344 4446 495 4503 3235
528 4446 599 4500 Ἥ
634 4441 682 4498 δ’
713 4442 871 4505 οὗτος
912 4442 1070 4518 ἀνὴρ,
1105 4443 1155 4498 έν
1188 4443 1472 4521 κεφαλαίῳ
1503 4467 1685 4522 φαναι,

530 4534 660 4557 vn..-
683 4554 697 4557 -
731 4527 959 4557 _-8---:-
992 4531 1081 4557 ---Α
1124 4536 1255 4557 η---]
1484 4537 1495 4557 ι
1546 4555 1555 4557 -

1614 4467 1685 4517 αι,
2038 4492 2087 4557 D
2116 4446 2255 4501 Erat
2283 4444 2377 4499 hic
2406 4444 2515 4511 vir,
2546 4446 2608 4498 ut
2640 4442 2980 4497 summatim
3014 4442 3227 4514 dicam,

2119 4550 2278 4557 μ---
2307 4549 2503 4557 -,-.-..,..
2563 4531 2813 4557 -.πληιιιλ
2838 4530 3148 4557 -..κη-.-ζὶἕκ

530 4534 699 4596 Ἦθος
728 4527 959 4607 σοϐαρὸς
992 4531 1083 4587 καὶ
1124 4536 1618 4611 κατὼφρυωμένος,
1840 4608 1847 4613 ⁸
2038 4527 2087 4557 υ
2119 4551 2143 4590 r

1557 4558 1618 4603 ις,
1840 4608 1847 4613 ⁸
2038 4527 2087 4557 υ
2119 4550 2281 4591 more
2306 4549 2527 4600 severo,
2562 4531 2815 4587 adducto
2838 4530 3170 4602 supercilio,

532 4620 684 4693 Ὀξὺς
715 4620 853 4695 πρὸς
886 4616 1037 4697 ἔργα,
1070 4625 1176 4698 πῦρ
1208 4622 1382 4677 πνέων
1413 4622 1465 4678 ἐν
1494 4629 1612 4686 ταῖς
1646 4624 1875 4699 μάχαις,
2114 4624 2145 4679 i1

1589 4644 1612 4686 ς
1646 4624 1875 4699 μάχαις,
2114 4624 2370 4695 impigra
2398 4637 2595 4692 opera,
2626 4619 2835 4691 igneus
2867 4619 2928 4675 in
2961 4619 3202 4690 praeliis,

530 4712 867 4785 Δραστήριος
904 4706 1140 4783 μάλιστα
1162 4712 1252 4766 καὶ
1280 4709 1614 4785 τολμητίας,
2116 4731 2143 4770 a

1581 4735 1614 4785 :,
2116 4714 2323 4770 audaci
2355 4712 2572 4777 animo,
2606 4714 2882 4765 actuosus
2922 4708 3194 4773 maxime,

530 4796 866 4874 Στρατηγίαν
895 4796 1103 4871 ἄριστο,
1136 4797 1351 4874 ἀνδρεία
1380 4802 1560 4878 φύσις,
2116 4821 2143 4860 e

2116 4801 2383 4875 egregius
2410 4802 2548 4867 dux,
2577 4798 2789 4854 martio
2820 4798 2993 4853 corde
3026 4799 3325 4870 praeditus,

339 4889 491 4945 3240
528 4888 643 4945 Οὐκ
668 4886 977 4960 ὡμιληκὼς
1008 4886 1155 4958 πλὴν
1187 4892 1543 4966 προσανέχων
1573 4890 1788 4967 λόγοιςο

1775 4912 1788 4926 ο
2116 4892 2280 4947 rudis
2310 4890 2661 4953 litterarum,
2697 4886 2797 4942 sed
2830 4892 3023 4941 tamen
3056 4888 3380 4942 studiosus.

524 4977 762 5051 Χάριτας
792 4976 951 5037 οὗτος
981 4975 1204 5032 ἐκτίνων
1236 4978 1505 5054 ἀρχιθύτη
2114 4980 2137 5036 Ι

2114 4980 2217 5036 Hic
2249 4977 2589 5051 patriarchae
2630 4976 2888 5031 debitam
2922 4975 3167 5045 gratiam
3198 4976 3456 5032 referens

525 5068 642 5134 Τῆς
675 5065 753 5127 εἰς
786 5066 846 5120 τὸ
876 5066 1073 5141 κράτος
1101 5064 1415 5143 συνδρομῆς
1445 5068 1741 5142 συνεργίας,
2114 5086 2138 5140 ς

1633 5068 1741 5138 νίας,
2114 5069 2217 5140 qui
2247 5069 2360 5123 sibi
2390 5065 2705 5138 imperium
2738 5065 2973 5118 adeunti
3006 5064 3246 5131 faverat,

526 5152 800 5229 Φροντίδα
828 5156 1040 5209 πάντων
1073 5155 1406 5231 πραγμάτων
1440 5157 1765 5228 Έκκλησίας
2114 5175 2139 5214 c

1728 5179 1765 5220 ες
2114 5161 2462 5214 cunctarum
2495 5153 2583 5209 illi
2613 5168 2808 5209 rerum
2842 5151 3109 5207 Ecclesize
3141 5170 3341 5209 curam

528 5247 751 5315 Ἔνειμε
779 5240 942 5315 τῷδε,
975 5243 1065 5298 καὶ
1098 5242 1239 5299 δυεῖν
1273 5244 1543 5323 ὀφφικίων
2112 5251 2141 5301 t‘

2112 5246 2339 5315 tribuit,
2371 5249 2427 5301 et
2456 5244 2707 5299 duorum
2742 5240 2921 5296 simul
2953 5240 3277 5297 ofﬁciorum

341 5337 491 5393 3245
529 5332 845 5405 Οἶκονόμου
873 5352 932 5386 τε
963 5332 1367 5410 σκευοφύλακός
1396 5336 1441 5399 θ’
1467 5338 1579 5409 ἅμα

2113 5336 2397 5392 ceconomi
2425 5331 2693 5389 videlicet
2722 5335 2778 5387 et
2807 5330 3240 5403 scevophylacis

530 5417 850 5496 Ηρόϐλησιν
884 5420 1111 5495 ἆπέταξε
1137 5424 1208 5495 τῇ
1237 5423 1557 5500 Ἐκκλησία,
2113 5441 2141 5481 c

2113 5425 2347 5482 creandi
2380 5426 2731 5498 potestatem
2764 5420 3032 5477 Ecclesiae
3064 5420 3264 5489 dedit;

420 5607 537 5681 (46)
567 5607 708 5664 Cod.
739 5604 1097 5679 κεκαυμένος.
1136 5651 1139 5656 .
