4086 6210
312 282 338 339 4
352 285 419 341 31
1535 283 1909 339 ΕΡΗΒΒΜῘΙ

1535 283 1909 339 ΕΡΗΒΒΜῘΙ
1945 280 2519 339 CHRONOGRAPHI

325 427 456 479 quas
487 425 580 466 res
611 406 884 478 suffragio
917 406 1071 478 regis
1099 405 1277 461 ﬁebat
1305 408 1495 461 antea.

311 493 528 555 Deinde
555 498 799 570 Scythas
829 495 1279 566 Pannoniosque
1309 493 1675 566 aggrediens.

308 587 462 644 bello
492 586 664 655 vicit;
698 585 830 640 illos
860 583 1058 656 prislio
1085 583 1385 655 frangens,

308 678 403 733 his
432 693 565 732 vero
589 673 946 746 postulatam
978 672 1328 743 impertiens
1364 687 1586 744 pacem.

306 770 454 837 Ergo
482 780 615 821 cum
651 764 836 817 victor
857 761 1009 817 bello
1043 764 1458 826 reverteretur,

307 854 435 910 loco
467 853 679 909 Moesiae
709 852 967 923 quodam
993 851 1086 906 cui
1118 865 1332 905 nomen
1366 849 1604 904 Lobitzo

309 943 502 999 hieme
536 940 883 997 desaeviente
916 939 1232 997 tentorium
1264 937 1495 994 statuit.

307 1031 524 1086 Verum
558 1033 826 1086 cessante
858 1030 1008 1093 nive,
1043 1029 1151 1083 sub
1185 1043 1465 1099 quercum
1496 1025 1640 1083 abiit

311 1119 814 1184 ramosissimam,
847 1103 1132 1190 grandem
1165 1126 1215 1171 et
1249 1115 1570 1187 insolitam,

309 1224 444 1264 cum
479 1207 833 1279 optimatum
863 1205 1144 1261 comitatu
1175 1209 1365 1259 Caesar

310 1297 474 1370 regio
509 1295 888 1368 progrediens
917 1310 1128 1365 nempe
1158 1291 1559 1361 tabernaculo,

307 1387 409 1441 ubi
442 1384 500 1440 in
532 1383 779 1440 consilio
808 1383 1038 1454 negotia
1064 1383 1435 1454 cxpediverat
1469 1399 1482 1439 :

307 1490 440 1530 cum
472 1489 606 1530 ecce
635 1471 832 1528 subito
863 1475 1061 1542 fragor
1087 1474 1374 1527 excitatus

305 1577 501 1634 regem
533 1562 780 1633 ejusque
821 1560 1011 1616 socios
1039 1561 1110 1614 de
1142 1575 1357 1631 quercu
1395 1558 1633 1626 amovit,

303 1650 434 1724 ipsa
464 1653 657 1707 autem
689 1649 858 1706 vulsa
889 1647 1171 1705 radicitus
1195 1647 1417 1704 corruit
1443 1672 1458 1715 ;

305 1745 365 1796 at
395 1740 588 1796 Casar
616 1755 817 1794 necem
849 1754 985 1794 cum
1021 1739 1302 1793 comitatu
1335 1736 1561 1808 eﬂ‘ugit.

305 1829 697 1893 Quamobrem
730 1834 926 1899 grates
957 1827 1185 1884 debitas
1215 1832 1282 1882 ut
1311 1831 1424 1883 Deo
1457 1827 1725 1882 redderet

305 1917 463 1988 regio
493 1918 552 1973 in
586 1916 802 1990 palatio
832 1917 1055 1973 Thecla;
1084 1915 1438 1989 apostolicis,

303 2009 458 2080 (ejus
485 2007 642 2063 enim
668 2007 814 2062 festo
845 2006 938 2062 die
969 2005 1180 2062 vitarat
1209 2005 1416 2077 fatum)

302 2095 770 2169 pulcherrimum
802 2094 1112 2150 delubrum
1145 2095 1433 2150 excitavit.

304 2185 450 2242 Huic
478 2185 641 2240 visus
671 2190 760 2240 est
790 2185 1022 2239 venanti
1053 2184 1112 2238 in
1147 2184 1417 2255 angustis
1448 2181 1592 2239 locis

298 2290 439 2346 aper
467 2289 740 2345 magnus,
774 2273 1126 2342 horrendus,
1161 2271 1411 2328 exsertis
1441 2271 1739 2336 dentibus,

300 2380 474 2435 quem
507 2363 700 2419 Caesar
728 2376 866 2417 ense
898 2363 1100 2418 stricto
1131 2362 1272 2417 dum
1306 2361 1706 2434 persequitur,

296 2451 396 2508 ille
422 2469 484 2508 se
515 2451 696 2508 maris
726 2451 1004 2507 ﬂuctibus
1034 2451 1443 2522 submergens,

295 2541 690 2613 spectantium
726 2541 922 2595 subito
953 2540 1191 2595 evanuit
1229 2539 1433 2594 oculis.

293 2633 458 2687 Tunc
487 2630 655 2686 aiunt
695 2629 964 2684 fulminis
995 2627 1147 2684 velut
1179 2627 1299 2684 ictu
1330 2627 1619 2700 percitum

291 2719 706 2792 imperatorem
740 2717 909 2773 humi
943 2717 1272 2774 concidisse
1303 2720 1580 2782 stratum,

291 2824 534 2882 spumas
565 2825 664 2864 ore
693 2811 986 2878 agentem,
1019 2823 1125 2862 nec
1155 2807 1274 2877 iam
1309 2805 1524 2876 aliquid

293 2897 718 2969 intelligentem
753 2897 1068 2964 sensibus;
1103 2896 1286 2951 donec
1317 2893 1625 2966 paululum

291 2991 487 3043 mente
517 2989 770 3057 recepta,
803 2985 1048 3040 tradidit
1079 2985 1391 3056 imperium

289 3076 584 3133 Ducarum
617 3074 998 3130 Constantino
1041 3072 1260 3130 familia
1292 3079 1450 3130 nato.

285 3166 342 3220 Is
375 3169 574 3220 autem
608 3163 964 3236 paupercula
993 3163 1238 3219 indutus
1270 3164 1474 3219 tunica

287 3254 360 3308 ad
391 3253 816 3309 monasterium
851 3252 1042 3307 Studii
1074 3269 1136 3308 se
1166 3251 1434 3322 contulit,

283 3345 460 3413 atque
489 3339 572 3395 ibi
600 3339 886 3412 reliquam
920 3341 1114 3412 exegit
1140 3341 1322 3396 vitam

285 3430 531 3503 pulchre
570 3432 848 3486 recedens
887 3447 1060 3502 pravo
1089 3432 1220 3487 vitae
1249 3445 1482 3503 genere.

283 3521 390 3576 Hic
420 3518 753 3592 tyrannidis
782 3518 1004 3574 crimen
1038 3520 1473 3590 objicientibus,

281 3608 475 3675 Nolui,
500 3607 824 3679 respondit,
858 3623 1142 3664 conservo
1174 3609 1273 3664 diu
1306 3607 1571 3679 obsequi,

282 3698 384 3770 qui
411 3697 557 3755 mihi
586 3697 844 3752 debitam
876 3697 1125 3769 gratiam
1159 3714 1273 3752 non
1307 3697 1568 3753 referret.

539 3785 1074 3844 CONSTANTINUS
1114 3784 1348 3841 DUCAS
1388 3785 1505 3840 AN.
1546 3785 1664 3842 XII.

279 3875 425 3932 Cum
450 3875 665 3945 Ducas,
705 3875 789 3930 uti
820 3874 958 3942 dixi,
989 3873 1221 3945 imperii
1252 3873 1514 3930 habenas

280 3964 664 4037 corripuisset
693 3963 861 4020 facile
890 3967 948 4019 et
968 3962 1166 4019 labore
1195 3963 1380 4026 nullo,

279 4053 504 4110 nobiles
527 4053 768 4120 multos,
802 4051 980 4108 simul
1009 4055 1066 4107 et
1094 4050 1376 4124 plebeios,

279 4143 352 4199 ad
386 4141 703 4215 dignitates
735 4141 945 4197 extulit
975 4139 1298 4210 sublimes;

273 4231 365 4287 vir
393 4231 606 4302 bonus,
638 4230 794 4301 pius,
826 4235 1134 4286 mansueto
1165 4230 1423 4302 ingenio,

275 4319 460 4387 mitis,
492 4318 874 4390 tranquillus,
907 4318 1162 4374 subditis
1195 4318 1536 4387 benevolus,

274 4406 480 4481 regula
503 4407 680 4479 juris,
707 4405 1070 4478 judiciorum
1101 4406 1235 4462 lanx
1265 4408 1534 4479 quadam
1569 4424 1584 4465 :

275 4498 529 4570 Ignavus
561 4494 917 4567 ceteroquin
951 4498 1123 4566 atque
1153 4511 1383 4566 socors;

274 4592 334 4643 et
362 4586 516 4659 frugi
547 4585 786 4658 quidem
814 4584 1085 4642 homines
1116 4584 1388 4658 diligens,

273 4677 376 4732 sed
410 4675 684 4731 laborans
716 4673 854 4729 audi
885 4674 1143 4730 absurdo
1174 4691 1394 4740 amore,

274 4764 566 4830 minutus,
599 4761 898 4833 sordidus,
926 4762 1189 4819 minimis
1219 4761 1398 4819 lucris
1428 4763 1687 4821 inhians.

272 4852 493 4926 Nempe
525 4851 886 4925 praecipuum
917 4850 1240 4908 collocabat
1265 4852 1530 4910 studium

273 4941 452 5014 idque
483 4941 748 5013 quotidie
779 4940 984 4997 sedulo
1016 4941 1262 4997 curabat

274 5035 340 5087 ut
372 5030 558 5102 pluris
588 5030 866 5086 dominus
897 5030 1064 5086 ﬁeret
1095 5031 1376 5102 pecuniae,

272 5119 650 5193 splendidum
683 5119 812 5176 auri
841 5135 1163 5192 congerens
1194 5121 1536 5178 thesaurum

273 5215 332 5265 et
359 5225 533 5282 grave
565 5209 795 5282 pondus
816 5207 1043 5281 argenti
1073 5209 1389 5266 innumeri.

267 5299 568 5371 Augendis
598 5299 780 5371 igitur
809 5299 1026 5355 annuis
1053 5297 1341 5354 reditibus

265 5389 503 5444 tributis
534 5387 786 5460 publicis
817 5392 994 5458 atque
1023 5386 1410 5458 vectigalibus

265 5477 523 5534 instabat
546 5476 987 5550 impensissime
1013 5480 1072 5533 et
1100 5476 1274 5533 verbo
1301 5480 1358 5533 et
1387 5491 1581 5550 opere,

266 5581 451 5641 eaque
480 5565 957 5641 redemptoribus
986 5563 1217 5624 venalia
1248 5566 1451 5625 dabat.

1991 405 2048 471 Α
2255 402 2368 477 Πρὸ
2396 407 2494 458 τοῦ
2523 403 2741 478 βασιλεῖ
2761 403 2926 476 τήνδε
2955 405 3084 485 δρᾷν
3114 412 3426 486 ἀνειμένην·

2254 491 2353 547 Καὶ
2379 492 2514 547 κατά
2546 496 2764 583 Σκυθῶν
2797 495 3184 583 ἐκστρατεύσας
3211 503 3301 556 καὶ
3355 501 3624 583 Οὕγγρων

2251 582 2507 668 "Bttner
2537 580 2666 646 τοὺς
2699 585 2793 657 μὲν
2825 581 3152 644 καταϐαλὼν
3186 588 3240 644 ἐν
3277 580 3502 668 μάχαις,

2072 669 2214 724 3250
2253 667 2501 732 Σπονδάς
2535 668 2581 725 δ’
2607 669 2883 747 Οὕγγροις
2915 671 3101 746 ἔθηκεν
3135 667 3562 755 ἐξαιτουμένοις.

2249 759 2571 846 Νικηφόρος
2600 765 2728 835 γοῦν
2762 761 3220 845 ἀνθυποστρέφων
3254 768 3442 846 μάχης

2248 847 2428 923 Χώρῳ
2457 843 2708 919 Λοϐιτζῶ
2740 852 2951 916 Μυσίας
2980 843 3310 931 κεκλημένῳ

2245 937 2533 1010 Χειμῶνος
2561 937 2679 1014 ὣρᾳ
2706 941 2934 1016 πηγνύει
2969 947 3175 1016 σκηνὴν
3207 949 3407 1023 φέρων·

2245 1025 2482 1096 ’Υπῆλθε
2507 1023 2565 1082 δὶ
2596 1025 2742 1103 δρῦν,
2771 1037 2988 1108 νιφετοῦ
3015 1038 3390 1110 πεπαυμένου,

2067 1115 2210 1170 3255
2249 1113 2356 1168 Σὺν
2383 1121 2501 1178 τοῖς
2538 1118 2653 1189 μεθ’
2682 1118 2847 1174 αὐτοῦ
2876 1122 3194 1197 προκρίτοις
3225 1127 3513 1201 γερουσίας

2248 1207 2440 1258 Πασῶν
2475 1207 2734 1281 μεγίστην
2761 1207 2850 1263 καὶ
2881 1209 3241 1270 πολύκλωνον
3275 1215 3453 1288 ξένηνο

2246 1298 2461 1363 Σκηνῆς
2490 1293 2774 1370 προελθὼν
2805 1300 2904 1366 τῆς
2941 1299 3220 1374 βασιλείου
3246 1301 3371 1360 τότε

2244 1381 2425 1454 Οὗπερ
2455 1384 2721 1447 συνεστὼς
2754 1385 2954 1459 ὡμίλει
2987 1385 3306 1468 δεδογμένα’

2244 1475 2420 1544 Θροῦς
2450 1468 2496 1526 δ’
2527 1471 2784 1546 ἐξαπίνης
2812 1477 2901 1531 καὶ
2937 1478 3039 1553 βοή
3071 1501 3156 1543 τις
3180 1478 3432 1556 συμϐᾶσα

2065 1559 2205 1615 3260
2243 1561 2448 1616 Τοῦτον
2485 1567 2708 1635 μεθιστᾷ
2736 1571 2836 1634 τῆς
2869 1563 3031 1642 δρυὸς
3059 1569 3186 1632 τούς
3213 1573 3261 1626 τ’
3295 1571 3349 1628 ἐν
3377 1571 3545 1630 τέλει’

2239 1648 2304 1704 Ἡ
2336 1646 2382 1704 δ’
2411 1649 2600 1706 αὐτίκα
2628 1653 2910 1710 πέπτωκεν
2942 1657 3000 1712 ἐκ
3030 1657 3194 1734 ῥιζῶν
3225 1660 3354 1733 ὅλη,

1985 1749 2032 1815 Β
2238 1736 2336 1792 Καὶ
2369 1737 2623 1814 βασιλεὺς
2649 1744 2885 1820 πέφευγε
2915 1744 3007 1800 σὺν
3036 1743 3232 1811 ἄλλοις
3262 1749 3456 1827 μόρον⁶

2234 1828 2391 1883 Ὅθεν
2425 1832 2760 1906 χαριστήρια
2785 1837 2866 1905 τῷ
2895 1839 3013 1908 Θεῷ
3039 1835 3185 1893 θύων

2231 1915 2321 1970 Ἐν
2359 1916 2660 1992 βασιλείοις
2691 1918 3044 1996 ΐσαποστόλῳ
3075 1924 3272 2000 Θέκλῃ,

2055 2003 2197 2058 3265
2233 2005 2469 2094 (Μνήμῃ
2501 2007 2605 2081 γὰρ
2631 2007 2800 2078 αὐτῆς
2828 2008 3166 2088 ἐκδιδράσκει
3195 2017 3287 2071 τὸν
3317 2017 3500 2094 κόρον)

2231 2091 2541 2150 Κάλλιστον
2570 2096 2822 2171 ἀνήγειρε
2849 2100 2972 2155 ναὸν
3008 2102 3061 2157 ἐν
3098 2103 3334 2180 βάθρων.

2231 2188 2476 2257 Θηρῶντι
2506 2183 2648 2258 τῷδε
2677 2189 2812 2264 πρὸς
2843 2197 3030 2246 στενοῦ
3059 2215 3164 2249 που
3196 2202 3433 2271 χωρίοις

2231 2277 2337 2336 Σῦς
2368 2272 2518 2362 ὦπτο
2549 2278 2774 2352 φρικτὸς
2798 2279 2888 2334 καὶ
2919 2279 3084 2356 μέγας
3117 2285 3474 2362 χαυλιόδους,

2227 2365 2324 2420 "Ov
2351 2363 2418 2450 ἦν
2451 2361 2664 2420 διώκων
2696 2367 2936 2440 ἱππότης
2965 2373 3284 2450 ξιφηφόρος·

2048 2450 2189 2506 3270
2229 2456 2333 2505 Σῦν
2367 2449 2414 2507 δ’
2445 2451 2716 2511 ὑποδύντα
2753 2449 3362 2534 κυματούμενονσάλον

2225 2541 2458 2616 Ὀρῶσιν
2487 2542 2707 2599 ἀθέατον
2743 2545 2876 2601 εἶναι
2906 2550 3210 2606 παντάπαν·

2222 2629 2312 2693 Ὦς
2341 2630 2619 2706 ἀστραπῆς
2649 2631 2697 2687 δ’
2727 2635 2932 2707 ἅλματι
2965 2637 3234 2712 βληθέντα
3264 2639 3435 2718 λόγος

2222 2721 2410 2773 Πεσεῖν
2440 2724 2740 2794 κρατοῦντα
2769 2723 2906 2798 πρὸς
2936 2725 3108 2799 χθόνα
3137 2733 3489 2805 παραυτίκως

2221 2807 2418 2885 Ἀφρόν
2447 2830 2505 2864 τε
2531 2813 2628 2864 τοῦ
2657 2811 2928 2884 στόματος
2958 2812 3257 2874 ἐκπτύοντά
3293 2842 3410 2885 πως

2042 2897 2184 2952 3275
2220 2897 2318 2950 Καὶ
2350 2897 2595 2952 συνιέντα
2626 2895 2923 2970 μηδοτιοῦν
2959 2901 3223 2975 μηδόλως

2217 2987 2426 3060 Μικρὸν
2461 2983 2507 3041 δ’
2537 2986 2884 3062 ἀνανήψαντα
2917 2989 3100 3047 δοῦναι
3130 2995 3192 3050 τὸ
3221 2999 3444 3071 κράτος,

1965 3120 2009 3187 C
2213 3078 2301 3147 Τῷ
2331 3074 2486 3151 φύντι
2519 3080 2734 3130 Δουκῶν
2768 3076 2827 3132 ἐκ
2854 3079 3042 3153 γένους
3073 3088 3481 3164 Κωνσταντίνῳ.

2228 3163 2388 3187 Δῖ-ὶη
2429 3160 2478 3187 hx
2512 3159 2673 3187 -μρι
2750 3186 2756 3187 ,
2841 3169 2856 3187 ι
3095 3172 3106 3187 ι

2215 3163 2390 3221 Αὐτὸν
2424 3160 2482 3218 δὲ
2508 3159 2799 3239 τριϐώνιον
2831 3169 3206 3244 ἠμφιεσμένον

2217 3254 2380 3325 Μονῇ
2409 3250 2730 3329 προσελθεῖν
2760 3255 2944 3331 εὐαγεῖ
2969 3264 3068 3314 τοῦ
3100 3262 3384 3340 Στουδίου,

2035 3342 2178 3397 3280
2217 3340 2386 3396 Κάκεῖ
2407 3341 2471 3396 τὸ
2502 3339 2697 3397 λοιπὸν
2729 3348 2824 3398 τοῦ
2857 3346 2980 3421 βίου
3013 3345 3253 3407 διανύσαι

2215 3429 2408 3492 Καλῶς
2439 3430 2820 3508 ἀνασφήλαντα
2845 3441 2945 3505 τῆς
2972 3439 3246 3513 καχεξίας.

2211 3517 2533 3595 Τυραννίδος
2564 3517 2610 3575 δ’
2639 3517 2862 3600 ἔφασκεν
2893 3523 3242 3600 αἰτιωμένοις

2214 3610 2339 3667 ’Ότι
2370 3629 2494 3684 περ,
2525 3613 2755 3667 ’Ὠκνουν
2785 3617 2866 3685 τῷ
2897 3617 3175 3692 συνοικέτῃ
3198 3620 3335 3684 τέως

2210 3698 2521 3775 Ὑπηρετῶν
2555 3697 2612 3754 εὗ
2642 3699 2866 3756 εἰκότων
2904 3705 2980 3776 μὴ
3011 3708 3320 3781 τυγχάνειν,

2263 3789 2802 3845 ΚΩΝΣΤΑΝῙῚΝΟΣ
2844 3793 2887 3849 Ο
2929 3799 3192 3851 ΔΟΥΚΛΣ
3235 3801 3318 3856 ΕΤ
3357 3804 3459 3861 ΙΒ’.

2030 3877 2173 3932 3285
2210 3875 2360 3932 Ἐπεὶ
2389 3874 2446 3931 δὲ
2477 3877 2701 3950 Δούκας,
2733 3880 2808 3942 ὡς
2848 3878 3005 3959 ἔφην,
3037 3883 3338 3961 αὐταρχίας

2209 3966 2602 4040 Ἀπραγμόνως
2634 3964 2794 4042 ἔτυχε
2824 3970 2912 4023 καὶ
2943 3971 3121 4046 χωρὶς
3145 3975 3336 4047 πόνου,

2209 4051 2459 4116 Πολλοὺς
2491 4054 2777 4130 γερουσίας
2807 4077 2867 4111 τε
2897 4059 2987 4113 καὶ
3021 4065 3129 4116 τῶν
3162 4066 3448 4142 συρφάκων

2206 4139 2301 4203 Εἲς
2331 4140 2467 4216 ὕψος
2499 4142 2761 4219 ἀνήγαγεν
2789 4145 3136 4220 ἀξιωμάτων·

2207 4231 2370 4305 Ἀνὴρ
2399 4231 2622 4306 ἀγαθὸς,
2651 4229 2897 4306 εὐσεϐὴς,
2923 4243 3095 4310 πρᾶος
3124 4239 3299 4318 φύσει,

2027 4321 2168 4377 3290
2206 4321 2480 4393 Χρηστός,
2511 4322 2774 4396 γαληνὸς,
2809 4322 3040 4397 εὐμενής
3071 4327 3359 4402 ὑπηκόοις,

2205 4410 2449 4482 Γνώμων
2480 4406 2692 4465 δικαίου
2721 4411 2811 4466 καὶ
2845 4409 3011 4471 δικῶν
3043 4419 3396 4496 ζυγοστάτης·

1944 4484 1992 4550 D
2202 4498 2435 4586 Γνῴμην
2469 4496 2526 4554 δὲ
2550 4500 2757 4575 νωθρὸς
2787 4484 3136 4579 νωχιλής-τε
3163 4484 3429 4586 καθάπαξ,

2203 4583 2435 4661 Ἄνδρας
2465 4585 2685 4662 ἐραστὰς
2719 4590 2914 4665 ἀρετῆς
2943 4596 3181 4672 στέργων
3210 4599 3371 4674 πάνυ,

2203 4675 2753 4767 ἽΙττωνΔχρυσοῦᾲδὲ
2781 4700 2893 4756 χρη
2906 4681 3088 4757 μάτων
3121 4687 3187 4742 αὗ
3218 4688 3483 4767 ἐκτόπως,

2025 4767 2169 4823 3295
2205 4764 2638 4860 ματαιολοιχὸς,
2660 4765 3063 4860 Δδυσγρίπιστος
3090 4777 3181 4832 καὶ
3210 4780 3440 4860 γνίφων,

2205 4854 2504 4930 Ἀνώτερον
2536 4855 2861 4932 σπούδασμα
2889 4863 3059 4926 τιθεὶς
3091 4854 3380 4942 φροντίδός

2206 4942 2434 5019 Σχολῆς
2463 4965 2522 5000 τε
2551 4947 2732 5017 πάσης
2762 4949 2974 5026 ἡμέραν
3007 4950 3059 5024 ἐξ
3089 4957 3301 5032 ἡμέρας

2206 5037 2332 5098 ua);
2359 5037 2665 5125 χρημάτων
2694 5036 2909 5111 γένοιτο
2940 5040 3167 5098 πολλῶν
3203 5043 3493 5125 δεσπότης,

2000 5190 2003 5191 ν
2203 5123 2482 5199 Θησαυρὸν
2515 5119 2677 5197 ἁϐρὸν
2709 5126 2985 5202 ἠρανικὼς
3017 5133 3243 5205 χρυσίου

2024 5213 2165 5270 3300
2204 5209 2393 5287 Ἀδρόν
2423 5232 2482 5268 τε
2514 5213 2685 5288 σωρὸν
2717 5213 2968 5271 άπλέτων
2994 5217 3284 5296 ἀργυρίων.

2206 5299 2400 5359 Τοίνυν
2430 5299 2670 5372 έπαύξειν
2705 5301 2961 5382 εἰσφορὰς
2993 5305 3240 5378 ἐτησίους

2201 5387 2450 5486 Δασμούκς
2480 5411 2539 5444 τε
2568 5391 2790 5458 κοινοὺς
2819 5390 3126 5467 δημοσίους
3159 5399 3208 5455 δ’
3236 5405 3303 5460 αὗ
3335 5407 3537 5486 φόρους

2199 5474 2475 5569 ἝσπευδεΔ
2491 5478 2582 5533 καὶ
2607 5479 2922 5569 πράγμασιν
2959 5485 3038 5540 ἀεὶ
3073 5488 3162 5543 καὶ
3193 5474 3384 5569 λόγοις

2198 5572 2346 5649 Σιρᾶς
2375 5564 2571 5634 ὠνίους
2602 5567 2743 5648 δρῶν
2774 5574 3083 5650 χρημάτων
3109 5564 3416 5656 ᾑρημένοις

3629 295 3731 356 132
