4086 6210
279 252 386 308 135
1491 245 1862 301 ΕΡΗΒΕΜΠ

2092 243 2475 301 'NOGRAPHI
3597 245 3705 304 436

277 381 335 434 et
364 392 467 449 pro
497 374 848 432 exercitibus
881 372 1085 430 adibat
1115 369 1398 443 pericula.

1952 367 2007 436 Α
2212 365 2496 437 Ὑπηκόων
2529 365 2723 442 ἄριστα
2750 366 2841 422 καὶ
2873 363 3327 442 δτρατιυμάτων·

278 465 468 538 Hujus
496 466 758 522 diversas
787 479 921 518 cum
953 463 1120 517 hoste
1153 477 1402 533 pugnas,

2220 455 2293 508 Οὗ
2321 455 2417 518 τὰς
2447 457 2564 510 κατ’
2590 454 2802 531 ἐχθρῶν
2831 453 3154 529 συμπλοκάς
3181 476 3240 510 τε
3267 457 3358 510 καὶ
3383 457 3588 534 μάχας,

276 554 570 622 victorias,
604 552 855 626 palmas,
886 555 944 606 et
972 550 1372 618 strennitates,

2039 545 2183 600 3365
2221 544 2404 615 Νίκας,
2436 545 2708 619 ἀριστείας
2734 565 2814 615 τε,
2843 543 3120 620 γενναίους
3151 543 3371 614 ἄθλους,

275 648 484 700 caetera
511 643 760 698 honesta
791 641 944 696 facta
975 639 1164 694 verbis
1195 639 1388 693 dicere
1430 658 1435 664 ·

2218 633 2316 686 Καὶ
2346 631 2526 688 τᾶλλα
2555 631 2738 688 καλῶν
2771 630 3128 708 παραδιδόναι
3149 631 3300 709 λόγῳ

274 732 598 790 summario
629 732 688 786 in
729 745 901 802 opere
935 729 1254 784 admodum
1287 723 1551 781 difficile.

2215 718 2485 796 Ἐργῷδές
2517 720 2627 776 ἐστι
2660 721 2924 795 συντομία
2953 720 3289 798 χρωμένοις.

274 825 330 878 Is
361 826 564 878 contra
593 820 759 876 hotes
792 819 1085 890 profectus
1118 817 1426 885 Barbaros,

2215 810 2387 872 Οὗτος
2419 812 2537 865 κατ’
2566 809 2778 887 ἐχθρῶν
2810 810 3200 886 ἐκστρατεύσας
3230 807 3527 890 Βαρϐάρων

276 912 480 966 Persas
510 908 800 974 videlicet,
833 909 934 979 qui
966 906 1093 962 loca
1123 905 1375 960 finitima

2217 903 2432 974 Περσῶν
2457 900 2769 955 κακούντων
2799 901 2867 955 τὰ
2894 899 3163 977 πρόσοικα
3188 900 3368 975 χωρία

266 997 524 1053 Ciliciam
549 1003 604 1053 et
626 997 963 1052 Phcenicem
989 995 1394 1062 devastabant,

2029 989 2172 1044 3370
2211 988 2292 1045 Τὰ
2321 989 2457 1062 πρὸς
2488 987 2707 1062 Κιλικίᾳ
2734 1010 2793 1045 τε
2821 989 2911 1044 καὶ
2940 993 3009 1064 τῇ
3042 991 3273 1062 Φοινίκῃ

263 1086 520 1144 Orientis
553 1087 728 1142 urbes
757 1085 951 1158 raptui
986 1085 1309 1156 praedaeque
1352 1082 1687 1150 habebant;

2210 1075 2635 1146 Λεηλατούντων
2665 1078 2754 1134 καὶ
2787 1077 2977 1141 πόλεις
3005 1078 3099 1141 τὶς
3132 1080 3246 1134 καθ’
3275 1081 3413 1150 Ἕω,

264 1192 400 1232 cum
433 1177 547 1246 nis,
574 1175 841 1246 inquam,
873 1173 1036 1246 gravi
1068 1179 1338 1228 conserto
1375 1170 1570 1244 praelia

2207 1164 2311 1222 Καί
2343 1165 2702 1243 συῤῥαγιίσης
2731 1173 2992 1244 καρτερᾶς
3024 1169 3228 1246 ἀμφοῖν
3264 1171 3474 1246 μάχης,

264 1271 475 1338 captus
505 1270 594 1320 est
624 1281 658 1319 a
688 1263 978 1328 Barbarie,
1012 1263 1124 1317 heu
1151 1263 1162 1316 ι
1197 1262 1282 1316 vir
1313 1265 1617 1326 strenuus,

2207 1258 2317 1310 Φεῦ
2347 1259 2446 1333 φεῦ
2472 1257 2483 1312 !
2518 1255 2666 1312 ἑάλω
2697 1252 3002 1334 Βαρϐάροις
3033 1258 3061 1312 ὁ
3091 1255 3370 1334 γεννάδας,

262 1356 353 1409 vir
381 1353 478 1424 qui
510 1352 754 1408 hostiles
785 1351 1042 1422 legiones
1077 1351 1502 1422 prosternebat,

2201 1343 2263 1399 Ὀ
2293 1344 2467 1399 πάντα
2498 1343 2775 1422 λαμπρὸς,
2810 1346 2838 1400 ὁ
2867 1345 3083 1402 κλονῶν
3113 1345 3326 1423 ἐχθρῶν
3357 1345 3503 1420 ἴλας,

266 1441 512 1498 Romani
544 1440 775 1513 imperii
806 1445 986 1512 caput
1015 1443 1073 1495 et
1101 1440 1396 1494 defensor.

2019 1433 2162 1488 3375
2199 1432 2260 1490 Ὀ
2288 1430 2596 1507 Ῥωμαίδος
2628 1435 2854 1510 ἡγεμὼν
2887 1436 2979 1490 καὶ
3022 1437 3357 1511 προστάτης·

263 1531 412 1602 Ergo
434 1531 505 1586 ad
537 1536 847 1586 Persarum
883 1544 1076 1599 regem
1109 1529 1339 1583 vinctus
1371 1527 1646 1594 trahitur,

2197 1523 2385 1596 ’Ήχθη
2419 1543 2478 1577 τε
2507 1523 2840 1598 Περσάνακτι
2874 1521 3162 1597 δεσμώτης
3187 1522 3332 1596 ἄναξ·

263 1621 367 1675 sed
398 1619 625 1690 captivo
656 1619 788 1673 licet
817 1624 995 1684 statu,
1020 1626 1229 1672 nactus
1259 1621 1348 1671 est

2209 1611 2355 1683 ΙΙρὸς
2387 1607 2434 1665 δ’
2465 1611 2528 1666 αὖ
2559 1608 2930 1688 δορυάλωτος,
2962 1613 3232 1689 ἀπαχθεὶς
3263 1611 3310 1670 δ’
3339 1615 3495 1689 ὁμως

261 1707 725 1764 benevolentiam
758 1705 1072 1778 plurimam
1107 1709 1282 1776 atque
1315 1720 1536 1760 curam.

1951 1737 1999 1802 B
2215 1697 2637 1802 ¢tlocppnoat5vnc
2663 1702 2755 1756 καὶ
2786 1703 3071 1775 θεραπείας
3101 1702 3256 1774 ὅσης·

266 1797 391 1854 Imo
421 1802 479 1852 et
516 1797 735 1852 honore
766 1795 925 1867 regio
959 1795 1242 1865 cultuque
1272 1798 1361 1848 est
1392 1793 1629 1848 habitus

1951 1789 1998 1802 ⁶’
2209 1794 2390 1862 Τιμῆς
2425 1790 2708 1864 βασιλείου
2735 1811 2794 1846 τε
2817 1792 2907 1847 καὶ
2939 1789 3099 1864 δόξης
3127 1791 3291 1848 πάλιν

266 1886 499 1957 egregio
531 1883 793 1955 exemplo
827 1884 983 1953 apud
1013 1889 1322 1938 Persarum
1357 1881 1664 1937 dominum

2020 1877 2163 1934 3380
2200 1878 2404 1955 Ἔτυχε
2433 1879 2618 1942 καλῶς
2649 1881 2786 1956 πρὸς
2815 1885 3146 1957 κρατοῦντος
3175 1879 3440 1957 Περσίδος

263 1975 514 2028 Azanem
545 1972 712 2027 illum
747 1974 903 2026 fama
943 1971 1415 2036 celeberrimum,

2201 1966 2356 2035 Ἀζὰν
2391 1966 2597 2022 ἐκείνου
2626 1973 2722 2024 τοῦ
2753 1969 3301 2046 περιθρυλλουμένου

266 2061 466 2116 animo
496 2065 554 2116 et
582 2059 776 2116 verbis
811 2059 1055 2114 mitibus
1088 2058 1171 2113 uti
1199 2059 1457 2126 solitum,

2197 2053 2426 2132 Ἀνδρὸς
2459 2057 2680 2133 μετρίου
2710 2059 2772 2113 τὸ
2803 2056 3060 2135 φρόνημα
3087 2061 3174 2114 καί
3210 2057 3378 2135 λόγον

260 2150 411 2220 sequi
441 2155 787 2213 amatorem,
820 2148 1079 2203 nominis
1109 2147 1250 2202 clari
1281 2146 1586 2218 cupidum.

2193 2145 2338 2202 Ἰσου
2367 2147 2415 2199 τ’
2445 2145 2672 2221 ἐραστοῦ
2701 2145 2998 2221 φιλοτίμου
3029 2148 3154 2210 τοὺς
3182 2148 3441 2223 τρόπους·

262 2237 414 2303 Quin
445 2238 621 2293 etiam
656 2236 966 2308 splendido
998 2252 1134 2290 mox
1160 2236 1469 2306 impetrato
1503 2234 1694 2290 reditu

2196 2231 2496 2288 Ἐπανόδου
2529 2231 2576 2288 δ’
2606 2230 2792 2290 ἔπειτα
2821 2235 3080 2310 λαμπρὰς
3109 2238 3366 2313 τυγχάνει

261 2343 396 2382 cum
438 2327 686 2399 captivis
717 2325 1036 2381 dimittitur
1075 2325 1414 2380 honoriﬁce.

2015 2322 2157 2377 3385
2196 2321 2300 2376 Σὺν
2333 2322 2722 2397 αῗχμαλώτοις
2752 2323 3046 2388 ἀπολυθεὶς
3079 2325 3326 2400 ἐντίμως.

262 2417 368 2472 Sed
395 2431 530 2472 cum
567 2415 811 2471 Romani
844 2415 1075 2485 imperii
1109 2415 1254 2469 fines
1281 2414 1497 2485 attigit,

2193 2409 2396 2466 Ἐπιιδ’
2425 2412 2764 2486 ἐπανέζευξεν
2795 2413 2870 2468 εἷς
2901 2411 3203 2487 Ῥωμαίδα,

259 2505 436 2562 veluti
469 2521 536 2560 ex
566 2521 801 2560 summa
830 2507 1176 2575 tempestate
1209 2502 1524 2558 incolumis

2191 2500 2585 2565 Ἐπανασωθεὶς
2620 2502 2801 2578 ὥσπερ
2827 2501 2887 2557 ἐκ
2911 2503 3203 2578 τρικυμίας

259 2594 318 2649 in
345 2599 577 2667 portum
611 2593 769 2663 regni
803 2594 894 2648 sui
927 2596 1122 2646 tutum
1155 2591 1415 2658 veniens,

2190 2588 2279 2650 Ὠς
2313 2588 2388 2650 είς
2419 2587 2683 2646 ἄκλυστον
2713 2589 2912 2664 λιμένα
2941 2591 3298 2668 κραταρχίαν,

258 2683 340 2738 ibi
374 2683 771 2753 naufragium,
805 2699 836 2737 o
869 2682 996 2735 dira
1029 2681 1130 2735 fati
1162 2679 1417 2734 invidia!

2193 2677 2455 2734 Ἐνταῦθα
2479 2681 2760 2754 ναυάγιον,
2788 2679 2832 2734 ὣ
2864 2677 3044 2736 δεινοῦ
3072 2682 3303 2756 φθόνουί

259 2771 416 2841 fecit,
443 2776 501 2826 et
532 2769 686 2826 oculi
710 2771 836 2824 vivo
868 2774 1008 2824 sunt
1037 2769 1244 2839 erepti.

2012 2766 2157 2822 3390
2191 2763 2366 2838 Ἐτλη
2401 2768 2680 2844 στερηθεὶς
2709 2773 2809 2824 τοῦ
2840 2767 3007 2847 φάους
3037 2775 3146 2826 τῶν
3178 2769 3464 2844 ὀμμάτων.

257 2859 352 2916 Sic
381 2876 530 2930 aeger
567 2875 704 2930 ergo
738 2859 963 2914 abiitin
1000 2857 1258 2912 insulam

2191 2855 2346 2910 Οὕτω
2367 2853 2412 2910 δ’
2446 2855 2589 2932 ἔχων
2622 2855 2800 2912 ἄπεισι
2830 2858 2967 2933 πρὸς
2993 2857 3339 2932 καλουμένην

251 2947 376 3018 (cui
407 2965 619 3006 nomen
652 2948 862 3020 prima)
895 2947 1220 3018 proximam
1252 2944 1546 3017 Byzantio,

2070 3003 2076 3009 κ
2190 2944 2421 3018 Πρώτην
2451 2966 2512 3022 γε
2540 2953 2702 3016 νῆσον
2737 2946 2973 3018 πλησίον
3004 2945 3350 3017 Βυζαντίδος·

255 3038 315 3094 in
349 3055 468 3110 qua
499 3038 551 3094 is
580 3037 720 3094 olim
755 3037 1176 3092 monasterium
1213 3040 1544 3101 struxerat;

1939 3102 1974 3113 Δ
2188 3033 2354 3096 Ἔνθα
2387 3035 2558 3106 μονήν
2592 3032 2807 3110 ἤγειρεν
2839 3036 2995 3098 οὗτος
3028 3036 3087 3092 ἐκ
3123 3035 3359 3113 βάθρων,

250 3125 453 3197 ibique
487 3127 742 3182 moriens
776 3125 1036 3196 requiem
1069 3124 1332 3179 laborum
1368 3123 1592 3178 habuit.

1931 3102 1975 3170 (ἶ
2182 3119 2347 3174 Κάκεῖ
2373 3120 2600 3192 τελευτᾷ
2631 3118 2957 3186 σαϐϐατίσας
2986 3130 3093 3180 τῶν
3123 3102 3333 3181 πόνων·

251 3213 359 3271 Illo
391 3223 692 3287 regnante,
727 3214 1176 3270 Blachernorum
1212 3213 1498 3284 templum

2003 3208 2146 3264 3395
2184 3209 2300 3286 Ἐφ’
2333 3210 2394 3264 οὗ
2423 3209 2746 3286 Βλαχερνῶν
2781 3213 3057 3288 εὐπρεπὴς
3084 3213 3218 3277 νεὼς
3247 3215 3385 3277 ἅπας

251 3303 507 3375 insigne,
540 3304 779 3359 ﬂamma
810 3303 971 3358 edaci
1003 3304 1386 3373 absumptum
1421 3303 1632 3357 fuerat.

2179 3295 2577 3370 Ἑπυρπολήθη
2610 3303 2689 3371 τῷ
2718 3301 2848 3376 πυρὶ
2877 3305 2958 3374 τῷ
2997 3304 3300 3381 παμφάγῳ,

256 3417 574 3474 MICHAEL
613 3417 1102 3474 CONSTANTINI
1151 3417 1386 3472 DUCAE
1451 3415 1680 3471 FILIUS
1733 3414 1869 3471 ειν]

2048 3412 2274 3469 ΣΙΧᾹΗΛ
2339 3418 2384 3469 Ο
2445 3415 2604 3470 ΥΙΟΣ
2664 3419 3206 3476 ΚΩΝΚΤΑΝΤΙΝΟΥ
3258 3420 3393 3476 ΤΟΥ
3431 3421 3661 3480 ΔΟΥΚΔ

521 3505 1012 3562 PARAPINACES
1037 3505 1152 3559 AN.
1188 3506 1284 3560 VI.
1323 3505 1513 3562 MENS
1545 3505 1632 3560 VI.

2281 3502 2439 3558 HTOI
2466 3503 2524 3558 ,o
2565 3506 3058 3562 ΠΑΡΑΠΙΝΑΚΗΣ
3099 3509 3206 3564 ET.
3251 3509 3290 3578 ς
3329 3527 3378 3571 ς.

251 3613 470 3671 Deinde
500 3611 768 3683 Michael,
800 3612 975 3685 vulgo
1010 3613 1417 3684 Parapinaces,

2184 3609 2321 3664 Εἶτα
2355 3607 2590 3684 Μιχαὴλ
2624 3610 3009 3686 Παραπινάκης
3041 3617 3184 3678 θέσιν

251 3703 622 3760 Constantini
653 3703 808 3759 filius
842 3704 1157 3776 imperium
1192 3703 1356 3773 adiit,

2185 3698 2592 3752 Κωνσταντίνου
2622 3704 2751 3762 παῖς
2781 3698 3198 3777 παραλαμϐάνει
3226 3703 3290 3759 τὸ
3318 3705 3539 3780 κράτος,

254 3792 559 3866 ingenium
593 3792 714 3849 leve
746 3792 1124 3861 dissolutum,
1157 3791 1461 3858 stolidum,

2181 3787 2393 3851 Χαῦνός
2420 3808 2503 3850 τις
2531 3791 2688 3859 ἦθος,
2723 3789 2953 3868 ἀφελὴς,
2987 3793 3287 3868 ἀνειμένος,

253 3882 532 3953 ignavum
564 3885 621 3937 et
650 3880 914 3952 ineptum
942 3881 1013 3936 ad
1047 3879 1386 3951 imperium,

2003 3877 2146 3934 3400
2183 3873 2453 3947 Ἀπαλὸς,
2485 3875 2690 3949 ἀδέξιος
2722 3879 2799 3942 εἷς
2823 3881 3183 3958 κραταρχίαν,

249 3971 351 4044 qui
384 3987 458 4027 ne
488 3971 771 4044 privatam
813 3970 1048 4041 quidem
1087 3985 1206 4024 rem
1241 3984 1409 4024 suam
1443 3983 1664 4040 gerere,

1651 4009 1664 4036 ,
2181 3965 2265 4023 Τὰ
2294 3967 2411 4030 καθ’
2443 3967 2627 4023 ἑαυτὸν
2662 3965 2863 4024 διέπειν
2893 3969 2992 4025 οὐκ
3031 3970 3263 4046 ἰσχύων,

193 4115 196 4118 ,
251 4061 469 4117 nedum
503 4058 734 4132 imperii
766 4060 1060 4131 publicam
1090 4056 1338 4114 valebat.

2183 4055 2278 4124 Μὴ
2308 4055 2393 4110 τοί
2423 4077 2483 4132 γε
2505 4056 2701 4133 κράτος
2729 4057 2819 4112 καὶ
2851 4056 3122 4129 διοίκησιν
3151 4059 3317 4119 ὅλων.

240 4149 392 4222 Ergo
423 4166 554 4206 cum
585 4148 731 4205 nihil
755 4148 904 4219 frugi
936 4149 1111 4204 sciret
1138 4164 1331 4221 agere,

2183 4145 2328 4220 Πρὸς
2361 4141 2642 4200 οὐδοτιοῦν
2672 4149 3068 4225 προσπεφυκὼς
3095 4151 3440 4225 κρειττόνων,

239 4238 375 4296 aliis
397 4239 655 4295 habenas
684 4237 915 4309 imperii
947 4239 1348 4302 committens,

2182 4231 2432 4296 ’Ἄλλους
2464 4233 2696 4312 ἐφιστων
2726 4235 2907 4306 ἡνίαις
2936 4243 3055 4300 ταῖς
3082 4244 3180 4294 τοῦ
3209 4241 3459 4318 κράτους,

245 4327 298 4384 is
328 4345 392 4385 se
421 4344 556 4384 cum
589 4326 802 4382 litteris
833 4325 1097 4396 quotidie
1129 4325 1482 4393 oblectabat,

2003 4321 2146 4376 3405
2183 4321 2351 4384 Δύτὸς
2383 4329 2644 4400 προσεῖχε
2672 4331 2788 4388 τοῖς
2822 4323 3010 4402 λόγοις
3041 4329 3333 4406 ὁσημέραι,

235 4416 576 4490 ineptisque
608 4415 816 4471 stolide
849 4414 1356 4486 occupationibus.

1910 4480 1947 4497 ἢ
2185 4413 2281 4474 Οἷς
2309 4413 2357 4467 τ’
2389 4413 2450 4468 ού
2482 4421 2754 4488 προσῆκεν
2789 4417 3013 4490 ἀμαθῶς
3043 4420 3411 4497 κεχρημένος.

237 4507 428 4574 Quare
459 4523 552 4562 res
586 4503 824 4578 publica
856 4503 1122 4559 laborare
1147 4503 1342 4575 coepit,

1909 4480 1951 4544 θ
2161 4501 2320 4558 ’Όθεν
2351 4507 2534 4565 κακῶς
2567 4499 2802 4580 ἔπασχεν
2834 4509 2990 4562 κοινὰ
3020 4511 3379 4584 πραγμάτων,

240 4595 593 4668 imperiique
624 4594 787 4649 navis
822 4593 1164 4665 periclitari,

2171 4588 2372 4653 Ὁλκάς
2399 4591 2446 4646 τ’
2474 4589 2776 4649 ἐκινδύνευε
2801 4602 2904 4665 τῆς
2929 4595 3263 4673 κραταρχίας

241 4699 316 4740 ne
346 4683 516 4739 saevis
548 4682 722 4739 undis
753 4699 819 4738 ac
846 4681 1323 4754 tempestatibus.

2173 4684 2380 4744 Δειναῖς
2407 4682 2723 4756 τρικυμίαις
2750 4704 2810 4739 τε
2837 4685 2926 4739 καὶ
2957 4686 3256 4762 καταιγίσιν

235 4772 297 4827 in
328 4771 716 4844 Amphitrites
748 4771 1021 4827 barathro
1054 4773 1436 4842 mergeretur.

1991 4766 2134 4822 3410
2172 4766 2265 4831 Ei:
2297 4769 2656 4847 Ἀμφιτρίτης
2687 4772 2778 4826 τὸν
2808 4773 2971 4845 βυθὸν
3015 4773 3330 4833 καταδῦναι·

233 4859 502 4932 Namque
537 4869 596 4916 ut
626 4860 846 4917 feroces
885 4859 1093 4914 belluas
1118 4859 1496 4931 furentcsque

2169 4856 2258 4919 Ὡς
2291 4854 2474 4933 ἄγριοι
2505 4859 2608 4935 γὰρ
2631 4860 2812 4916 κακίαι
2846 4863 3204 4928 πεπνευκότες

232 4947 502 5005 nonnulli
535 4949 715 5005 duces
745 4950 946 5020 cupidi
979 4948 1309 5020 tyrannidis

2166 4944 2389 5021 Ἄνδρες
2421 4950 2718 5025 στρατηγοί
2753 4949 3135 5026 βασιλειῶντες
3161 4956 3285 5010 τότε

237 5053 443 5094 navem
475 5039 806 5110 reipublicae
838 5039 1186 5110 naufragam
1221 5038 1530 5093 dederunt.

2166 5035 2406 5094 Ὁλκάδα
2435 5039 2666 5116 κράτους
2697 5039 2987 5099 κατέδυσαν
3022 5043 3102 5107 εἲς
3138 5046 3322 5119 βάθος·

229 5129 454 5199 Nempe
485 5131 540 5184 et
571 5127 820 5184 fecunda
851 5127 1139 5200 capitibus
1168 5127 1376 5199 hydra,

2166 5127 2254 5189 Ὡς
2285 5127 2386 5204 γὰρ
2417 5127 2804 5209 πολυκέφαλος
2829 5130 2977 5204 ἄλλη
3008 5154 3093 5196 τις
3124 5131 3257 5210 ὗδρα

231 5215 318 5272 sio
347 5216 651 5289 apostatici
684 5217 1001 5288 prodibant
1026 5217 1226 5273 duces.

1985 5215 2128 5271 3415
2166 5215 2356 5280 Οὕτως
2381 5217 2743 5284 ἇποστάτιδας
2773 5221 2839 5290 ἧν
2873 5223 3002 5298 ὁρᾷν
3025 5244 3214 5300 καρας.

231 5304 464 5362 Primus
492 5305 766 5362 Ruselius
797 5305 1035 5378 quidam
1064 5305 1332 5375 rebellat,

2161 5305 2474 5382 Ἀφίσταται
2507 5313 2698 5383 πρῶτα
2726 5315 2833 5365 τῶν
2865 5311 3175 5376 Ῥουσέλιός
3201 5335 3305 5386 τις,

231 5394 445 5452 deinde
473 5395 682 5466 Caesar,
704 5400 833 5452 tum
867 5399 1074 5451 Nestor
1101 5395 1410 5451 vestarcha
1443 5411 1456 5451 :

2165 5394 2307 5469 Πρὸς
2325 5393 2468 5468 τῶδε
2498 5399 2703 5474 Καισαρ
2735 5400 2825 5454 καὶ
2858 5402 3082 5477 Νέστωρ
3112 5424 3198 5466 τις
3233 5405 3566 5482 βεστάρχης,

228 5483 359 5540 evin
389 5483 753 5558 Nicephorus
784 5484 1101 5557 agnomina
1132 5484 1481 5557 Bryennius,

2161 5484 2479 5562 Νικηφόρος
2499 5507 2558 5542 τε
2584 5489 2870 5563 Βρυέννιος
2907 5491 3213 5564 τούπίκλην

224 5572 326 5648 qui
355 5588 425 5632 ex
450 5572 788 5633 illustribus
817 5577 942 5632 erat
975 5573 1359 5646 optimatibus
1392 5591 1406 5632 :

2159 5573 2257 5637 Ὃς
2288 5576 2638 5651 παρασήμοις
2669 5576 2906 5656 ὡράϊστο
2935 5584 3033 5637 τοῦ
3063 5580 3315 5657 κράτους·
