4086 6210
291 327 393 384 137

288 454 437 511 3420
475 453 684 518 Ἄλλος
717 459 1032 534 Νικηφόρος
1063 480 1146 521 τις
1179 462 1562 532 Βοτανειάτης,

476 546 576 610 Ὃς
602 547 691 600 καὶ
721 550 955 622 κατῆρξε
984 553 1076 602 τοῦ
1106 549 1338 624 κράτους
1365 557 1473 605 τῶν
1508 551 1753 608 Αὐσόνων
1791 572 1803 584 ·

478 635 584 690 Σὺν
618 640 699 698 οἷς
723 637 888 709 λιμός
917 659 977 692 τε
1006 640 1092 692 καὶ
1131 640 1342 715 βροτῶν
1373 641 1551 718 φθίσις

472 732 670 798 Βαριῖα
698 728 997 803 κατέτρυχε
1023 729 1150 790 τοὺς
1186 730 1483 799 ὑπηκόους,

477 816 576 870 Καί
603 836 687 878 τις
708 816 888 893 φόρων
918 815 1195 891 εἷ¹σπραξις
1229 816 1558 890 ἀδικωτάτη.

284 907 434 962 3425
470 909 647 958 Ταῦτα
679 906 772 977 μὲν
806 906 950 960 οὕτω
983 902 1347 978 συμϐέϐηκεν,
1381 908 1453 970 (ἒς
1483 909 1636 981 ἔφην.

469 996 882 1050 ΝΙΚΗΦΟΡΟΣ
923 996 966 1050 Ο
1006 997 1490 1054 ΒΟΤΑΝΕΙΑΤΗΣ
1541 1001 1648 1055 ET.
1691 1002 1761 1056 Γ’.

472 1084 781 1154 Φημίζιται
815 1081 872 1139 δὲ
903 1087 1262 1155 Βοτανειάτης
1295 1087 1531 1160 Αράτωρ,

471 1172 578 1227 Καὶ
609 1169 872 1226 διαδεῖται
909 1171 1168 1248 βασιλικῇ
1198 1175 1379 1246 ταινίᾳ
1411 1197 1422 1208 ⁸

469 1261 569 1315 Καὶ
598 1266 897 1330 τηνικαῦτα
929 1262 1245 1337 φιλοτιμίαν
1280 1265 1433 1334 ξένην

465 1351 581 1418 Τὴν
613 1355 718 1404 τῶν
752 1355 932 1425 χρεῶν
966 1352 1158 1406 ἅπασιν
1185 1351 1424 1425 ἐκτομὴν
1456 1357 1607 1428 νέμει

282 1442 429 1496 3430
470 1440 826 1512 Χρεωκοπίαν
863 1438 1128 1510 δημόσιον
1159 1442 1414 1507 θεσπίσας
1447 1461 1459 1474 ⁸

467 1532 640 1604 Ἀνὴρ
670 1530 883 1601 ἱλαρὸς,
918 1531 1145 1602 ἁπαλὸς,
1177 1536 1418 1608 χρηστὸς
1446 1539 1700 1612 τρόπους,

730 1618 753 1638 Ἀ

468 1618 693 1680 Ἄλλως
727 1618 782 1673 δέ
808 1623 1012 1689 νωθὴς.
1043 1626 1267 1696 χαῦνος,
1300 1623 1684 1698 ἐκλελυμένος,

468 1709 609 1779 Πρὸς
641 1711 980 1784 πραγμάτων
1011 1713 1264 1785 πρόνοιαν
1300 1715 1398 1769 οὐκ
1429 1717 1484 1769 εὗ
1516 1738 1633 1780 πως
1667 1716 1810 1793 ἔχων
1849 1739 1865 1755 ο

463 1799 543 1853 Τὸ
575 1795 621 1851 δ’
653 1797 715 1852 αὖ
747 1799 883 1852 ἐτῶν
920 1801 1080 1872 μήκει
1105 1823 1161 1855 τε
1185 1803 1272 1856 καὶ
1306 1805 1493 1876 γήρως
1523 1806 1705 1868 νόσοις
1741 1829 1752 1840 ·

277 1888 425 1942 3435
460 1888 619 1950 ’Ὀθεν
653 1886 929 1963 παραδοὺς
960 1890 1117 1958 ἡνίας
1146 1889 1342 1953 ἄλλοις
1372 1894 1624 1968 κράτους,

458 1977 642 2037 Αὐτὸς
669 1984 897 2055 τρυφαῖς
926 1977 1114 2054 ἔχαιρε
1142 1982 1229 2034 καί
1261 1985 1575 2055 συσσιτίοις,

459 2072 726 2141 Λουτροῖς
751 2071 1089 2142 πανημέροις
1121 2090 1178 2124 τε
1202 2070 1291 2124 καὶ
1322 2070 1678 2138 πανδαισίαις.

458 2156 521 2211 Ὁ
553 2155 780 2229 Μιχαὴλ
815 2154 872 2210 δὲ
900 2160 1102 2232 γίνεται
1139 2159 1516 2236 μελαμφόρος,

457 2245 570 2300 Εἶτ’
600 2245 905 2319 ἀρχιθύτης
931 2248 1021 2300 καὶ
1052 2247 1317 2323 πρόεδρός
1346 2253 1392 2323 γ’
1427 2251 1652 2328 Ἐφέσου
1685 2271 1698 2285 ·

274 2334 419 2389 3440
457 2333 670 2388 Τούτου
704 2335 940 2406 συνεύνῳ
966 2338 1103 2409 πρὸς
1132 2337 1308 2410 γάμου
1337 2340 1622 2394 κοινωνίαν

456 2424 820 2493 Βοτανε·άτης
854 2425 918 2478 οὐ
946 2426 1128 2486 καλῶς
1159 2429 1444 2502 συνεζύγη.

458 2513 815 2573 Ἀποστασίας
847 2511 893 2567 δ’
924 2513 1085 2569 εἰσέτι
1118 2518 1428 2588 Βρυεννίου,

456 2599 784 2676 Τυραννίδος
813 2605 861 2656 τ’
891 2603 955 2656 αὖ
987 2603 1051 2657 οὐ
1082 2603 1266 2665 καλῶς
1298 2605 1626 2679 έξημμένου,

456 2690 556 2743 Καὶ
592 2691 666 2761 μή
695 2696 862 2754 θεῖναι
896 2689 1124 2765 δωρεαῖς
1149 2697 1533 2766 πεπεισμένου,

271 2780 419 2834 3445
458 2779 686 2834 Στέλλει
717 2786 831 2834 κατ’
861 2781 1028 2836 αὐτοῦ
1062 2781 1316 2856 βασιλεὺς
1346 2785 1440 2845 τὰς
1471 2782 1746 2858 δυνάμεις,

459 2867 686 2941 Ἀλεξίῳ
717 2866 840 2929 δοὺς
872 2876 1148 2942 Κομνηνῷ
1177 2872 1372 2933 ταύτας
1404 2874 1546 2948 ἄγειν
1580 2895 1592 2908 ⁸

455 2958 554 3018 ’ος
581 2958 920 3028 συμπλακεὶς
949 2958 1152 3029 ἥττησε
1179 2962 1435 3035 τύραννον
1468 2964 1648 3038 μάχῃ,

461 3047 561 3100 Καὶ
595 3047 771 3123 τρωτὸς
805 3045 1086 3122 ἐστέρησεν
1119 3049 1276 3104 αὐτὸν
1305 3051 1591 3123 ὀμμάτων.

459 3137 603 3209 Πρὸς
635 3134 682 3190 δ’
714 3135 777 3190 αὖ
805 3139 1209 3211 τυραννήσαντα
1236 3142 1324 3194 καὶ
1353 3141 1664 3211 Βασιλάκην

1824 339 1972 393 CES
1981 344 2022 392 A
2032 341 2182 394 RES.

1979 467 2033 531 Α
2062 466 2312 537 denique
2342 466 2704 539 Nicephorus
2734 469 2886 524 alius
2917 469 3237 540 Botaniala,

2065 554 2165 624 qui
2194 560 2251 610 et
2279 555 2594 627 imperium
2624 559 2948 613 Romanum
2979 558 3255 613 obtinuit.

2064 643 2254 699 Pestis
2286 650 2563 715 praeterea
2593 647 3022 718 hominumque
3045 647 3172 703 lues

2061 734 2255 803 gravis
2286 733 2470 788 afﬂxit
2499 737 2747 806 populos
2779 736 3033 806 imperii,

2060 825 2116 874 et
2144 821 2538 891 injuslissima
2568 825 2942 895 vectigalium
2975 825 3216 879 exactio.

2057 910 2148 964 Sic
2173 927 2308 982 ergo
2342 927 2432 966 res
2467 913 2738 967 humanae
2769 919 2908 968 tunc
2939 930 2999 967 se
3033 914 3343 968 habebant.

2278 1001 2726 1058 NICEPHORUS
2768 1001 3175 1056 BOTANIATA
3213 1001 3328 1056 AN.
3372 1001 3471 1057 ΙΙΙ.

2054 1087 2203 1158 Ergo
2234 1089 2561 1160 appellatur
2594 1106 2690 1146 rex
2715 1090 3021 1145 Botaniata

2052 1180 2227 1247 atque
2259 1177 2502 1233 solemni
2536 1184 2847 1234 stemmate
2877 1182 3194 1233 exornatur
3223 1195 3236 1232 :

2054 1268 2151 1337 qui
2183 1269 2273 1322 sui
2307 1269 2562 1324 nominis
2592 1268 2922 1324 celebrandi
2955 1267 3206 1338 cupidus

2049 1361 2320 1411 cunctam
2355 1358 2556 1412 aerario
2587 1358 2846 1412 debitum
2880 1357 3189 1428 pecuniam

2047 1448 2297 1517 remisit,
2329 1466 2502 1504 novas
2535 1450 2764 1504 tabulas
2789 1450 3105 1505 instituens
3134 1466 3146 1502 :

2046 1537 2132 1589 vir
2161 1537 2326 1592 laetus
2360 1538 2546 1592 facilis
2571 1540 2951 1608 moribusque
2983 1536 3326 1604 commodis,

2045 1634 2315 1681 creterum
2349 1627 2567 1697 segnis,
2603 1629 2766 1692 levis,
2801 1627 3150 1691 dissolutus,

2043 1731 2230 1785 neque
2261 1717 2328 1770 ad
2358 1716 2499 1785 reip.
2533 1732 2729 1770 curam
2765 1715 3043 1781 idoneus;

1965 1835 2008 1897 Β
2047 1821 2178 1858 nam
2200 1809 2257 1859 et
2282 1808 2516 1858 senecta
2547 1809 2604 1858 et
2631 1803 2850 1858 morbis
2884 1801 3258 1873 premebatur
3292 1817 3304 1853 :

2042 1895 2421 1961 quamobrem
2451 1893 2597 1948 alios
2626 1892 2766 1963 reip.
2799 1907 3166 1962 praeponens,

2041 1981 2166 2052 ipse
2196 1967 2421 2036 deliciis
2443 1981 2629 2052 epulis
2659 1997 2724 2035 ac
2757 1979 2980 2034 balneis

2041 2071 2532 2125 comissabundus
2564 2069 2826 2139 quotidie
2857 2065 3220 2138 indulgebat.

2041 2159 2286 2214 Michael
2319 2164 2514 2214 autem
2548 2159 2797 2214 clericus
2827 2158 3126 2221 tondetur,

2038 2247 2166 2302 exin
2202 2248 2512 2318 ﬁtprimas
2542 2246 2753 2318 Ephesi
2797 2246 3110 2316 episcopus
3145 2261 3157 2297 :

2037 2338 2207 2407 cujus
2235 2353 2471 2390 uxorem
2506 2336 2615 2391 sibi
2651 2333 3009 2390 consociavit

2037 2425 2194 2480 haud
2227 2424 2603 2480 laudabiliter
2632 2425 2960 2479 Botaniata.

2035 2514 2165 2568 Jam
2199 2513 2516 2569 rebellante
2549 2520 2751 2585 postea
2781 2511 3068 2584 Bryennio

2035 2603 2520 2674 tyrannidemque
2544 2602 2760 2674 perﬁde
2780 2601 3107 2668 affectante,

2034 2708 2224 2762 neque
2252 2708 2315 2746 se
2344 2691 2516 2747 donis
2541 2690 2833 2763 placidum
2869 2690 3181 2760 praebente.

2037 2764 2220 2836 nTittit
2247 2781 2306 2836 in
2331 2781 2527 2852 ipsum
2558 2780 2754 2852 copias
2785 2779 3101 2848 imperator

2035 2869 2294 2940 bellique
2327 2870 2533 2924 ducem
2558 2867 2918 2922 Comnenum
2950 2863 3236 2928 Alexium,

2035 2961 2133 3032 qui
2169 2977 2363 3032 pugna
2392 2965 2707 3032 tyrannum
2743 2961 2971 3028 patrata
3003 2953 3156 3020 vicit,

2033 3055 2206 3121 atque
2237 3049 2535 3104 oculorum
2566 3047 2790 3102 lumine
2820 3043 3113 3116 spoliavit.

2037 3142 2175 3194 item
2204 3139 2486 3194 adversus
2516 3135 2820 3189 Basilicem
2853 3131 3129 3186 rebellem

275 3227 422 3280 3450
459 3225 734 3301 Πεμφθεὶς
766 3197 1072 3296 Κομνηνὸς,
1107 3227 1444 3298 συμπλακείς
1477 3232 1526 3284 οἱ
1558 3197 1692 3305 πρὸς
1740 3234 1888 3308 μάχη

1644 3232 1692 3294 ὃς
1740 3234 1923 3308 μάχην
1957 3197 1999 3263 C
2040 3228 2260 3284 missus
2286 3228 2640 3291 Comnenus,
2667 3221 2952 3278 consertis
2985 3218 3257 3274 manibus

456 3315 623 3383 Ἤττᾷ
651 3319 923 3388 κραταιῶς
953 3317 1042 3370 καὶ
1077 3318 1336 3391 στερίσκει
1366 3324 1462 3373 τοῦ
1495 3321 1661 3397 φάους
1697 3340 1709 3352 ·

457 3405 554 3458 Καὶ
591 3405 886 3479 Βαράγγων
913 3407 1166 3478 σύστημα
1194 3412 1289 3461 τοῦ
1321 3411 1664 3486 στεφηφόρου

458 3493 853 3562 Κατεξαναστὰν
887 3494 1213 3569 ηὐτρέπιστο
1244 3498 1381 3570 πρὸς
1419 3499 1604 3573 μάχην
1642 3519 1654 3530 ο

452 3583 890 3657 Ἀντιπαρατάξει
920 3581 977 3638 δὲ
1005 3584 1193 3660 χειρὸς
1227 3583 1511 3660 δυσμάχου

265 3674 410 3728 3455
452 3671 837 3743 Καθυπεκλίθη
872 3673 959 3728 καὶ
994 3675 1350 3748 συνέγνωσται
1383 3674 1570 3733 πάλιν.

443 3764 706 3814 ’Ύστατον
735 3761 971 3836 ἀνταίρει
1007 3760 1063 3816 δὲ
1097 3765 1426 3838 Βοτανειάτῃ

443 3851 736 3923 Κομνηνὸς
769 3851 1006 3921 Ἀλέξιος
1033 3853 1457 3924 τυραννοκτόνος
1491 3873 1504 3884 ·

442 3941 540 4000 "Oc
570 3935 896 3995 καταλαϐὼν
921 3939 1207 4017 ’Δδριανοῦ
1242 3944 1340 4011 τὴν
1383 3943 1562 4011 πόλιν,

447 4029 686 4101 Στρατόο
717 4032 762 4082 τ’
795 4029 1039 4103 ἀγείρας,
1069 4028 1434 4084 ἀναδείκνυται
1465 4034 1702 4108 κράτωρ,

265 4125 408 4179 3460
447 4121 545 4176 Καὶ
584 4117 892 4194 βασιλικοῖς
921 4116 1188 4174 ἀναδεῖται
1223 4114 1546 4191 συμϐόλοις.

447 4213 580 4276 Μεθ’
602 4213 674 4264 ὢν
707 4210 914 4284 ἀπάρας
939 4210 1037 4276 τὴν
1073 4208 1472 4262 Κωνσταντίνου
1505 4208 1710 4285 φθάνει,

447 4302 550 4358 Καὶ
579 4297 734 4369 τήνδ’
768 4298 906 4354 ἑλὼν
945 4298 1096 4372 μάχῃ
1120 4318 1179 4351 τε
1207 4298 1294 4351 καὶ
1332 4297 1627 4374 στρατηγίᾳ

439 4390 678 4448 Εῗσεισιν
706 4388 856 4448 ἐντὸς
885 4391 992 4441 τῶν
1029 4383 1318 4455 βασιλείων
1347 4384 1556 4457 δόμων.

440 4486 660 4538 Ἀπεισι
695 4477 742 4533 δ’
771 4479 948 4532 αὐτῶν
982 4478 1344 4547 Βοτανειάτης
1373 4477 1567 4551 τάχος,

257 4577 401 4631 3465
443 4571 547 4627 Καὶ
574 4569 743 4645 τρίχα
773 4567 953 4640 καρεὶς
984 4566 1336 4643 ἀμφιέννυται
1369 4566 1530 4643 ῥάκος

441 4665 524 4716 Ἐν
559 4655 990 4732 Μητρανάνδρου
1018 4661 1085 4728 τῇ
1122 4659 1262 4728 μονῆ
1294 4651 1681 4730 περιϐλέπτου,

433 4752 603 4813 Ἔνθα
634 4749 804 4809 θανὼν
837 4744 997 4820 ἔτυχε
1024 4767 1190 4818 τιμης
1223 4744 1466 4816 ἐντίμου.

551 4839 849 4895 ΑΛΕΞῚΟΣ
890 4839 934 4893 Ο
973 4839 1352 4890 ΚΟΜΝΗΝΟΣ
1395 4837 1504 4891 ET.
1541 4839 1657 4892 AZ’.

439 4928 601 4987 Οὕτω
635 4928 729 5000 μὲν
760 4927 1002 4998 Ἀλέξιος
1033 4923 1223 5000 εὕρατο
1256 4925 1473 4997 κράτος,

439 5021 538 5078 ⁸ος
568 5017 655 5071 καὶ
684 5014 1003 5069 τεταινίωυο
1035 5013 1161 5087 παρ’
1195 5011 1493 5085 ἀρχιθύτου
1527 5029 1542 5044 ο

326 5113 399 5165 7O
438 5106 668 5183 Κράτωρ
699 5104 894 5177 ἀγαθὸς
920 5103 1006 5156 καὶ
1044 5100 1348 5175 στρατηγὸς
1384 5097 1661 5172 γεννάδας,

436 5195 677 5270 Φρικτὸς
711 5193 806 5266 μὲν
839 5191 1083 5266 ἐχθροῖς,
1119 5188 1348 5262 εὐμενὴς
1384 5186 1428 5242 δ’
1465 5188 1750 5260 ὑπηκόοις,

433 5285 603 5358 Ἀνὴρ
635 5279 958 5358 περιδέξιος,
992 5278 1112 5352 ὀξὺς
1144 5278 1195 5334 ἐν
1233 5280 1460 5353 μάχαις,

434 5370 602 5435 Εἶδος
631 5369 956 5446 προδεικνὺς
982 5370 1128 5440 ἄξιον
1151 5364 1496 5439 τυραννίδος,

425 5463 532 5521 Καὶ
565 5466 734 5536 πρᾶον
768 5462 901 5530 ἦθος
930 5460 1017 5512 καὶ
1055 5457 1394 5534 φιλαγάθους
1424 5457 1680 5531 τρόπους.

252 5559 398 5614 3475
435 5551 630 5612 Γένους
661 5549 805 5626 ἔχων
845 5548 925 5618 εὖ,
960 5546 1213 5620 σώματός
1240 5548 1286 5600 τ’
1321 5544 1634 5620 εὐρυθμίας,

434 5647 655 5718 Ἔργων
687 5637 1017 5714 στρατηγίας
1044 5657 1104 5691 τε
1132 5637 1223 5690 καὶ
1259 5637 1443 5709 μάχης
1472 5631 1629 5709 ἴδρις,

587 5763 850 5824 ΡΑτιιοι..
902 5761 1013 5820 Gn.
1065 5757 1322 5818 CXLlll.

2035 3321 2263 3376 fortiter
2290 3318 2426 3372 vicit
2457 3316 2743 3386 illumque
2774 3309 3103 3368 excaecavit.

2032 3410 2180 3473 Quin
2211 3415 2266 3462 et
2294 3405 2547 3476 Varangi
2582 3401 2871 3472 conjurati
2904 3401 2962 3453 in
2991 3401 3273 3453 Caesarem

2033 3497 2266 3570 publice
2296 3496 2366 3550 ad
2399 3510 2564 3550 arma
2594 3492 2870 3548 seditiosa
2899 3489 3135 3543 iverunt
3167 3501 3180 3540 :

2030 3589 2129 3644 sed
2165 3603 2341 3642 manu
2371 3583 2506 3639 forti
2539 3581 2806 3651 protinus
2831 3575 3166 3650 perdomiti,

2027 3677 2256 3732 veniam
2291 3671 2617 3729 moliminis
2649 3687 2782 3725 mox
2817 3666 3226 3739 impetrarunt.

2028 3769 2224 3837 Ipsum
2258 3767 2556 3834 postremo
2589 3757 2954 3814 Botaniatam
2992 3752 3334 3825 aggreditur

2024 3853 2394 3927 tyrannicida
2423 3851 2759 3904 Comnenus
2791 3844 3016 3899 Alexius
3051 3860 3062 3897 :

2026 3950 2202 4014 atque
2232 3943 2514 4010 occupata
2545 3935 2822 3992 Hadriani
2849 3933 2992 3988 urbe

2025 4031 2402 4099 collectisque
2433 4026 2636 4098 copiis,
2672 4025 2737 4078 ﬁt
2768 4025 3107 4094 imperator,

2024 4128 2199 4193 atque
2229 4116 2528 4189 regalibus
2558 4119 2798 4169 ornatur
2829 4109 3186 4181 insignibus.

2023 4211 2115 4268 Sic
2148 4224 2284 4279 ergo
2313 4204 2596 4261 accedens
2626 4203 2697 4256 ad
2731 4197 3099 4255 Constantini
3131 4195 3360 4262 urbem,

2021 4299 2175 4372 cepit
2207 4298 2359 4352 hanc
2385 4292 2585 4366 praelio
2617 4298 2672 4346 el
2703 4288 2912 4362 peritia
2940 4285 3171 4352 bellica,

2021 4395 2076 4446 et
2101 4387 2318 4454 regiam
2352 4384 2540 4454 ipsam
2575 4377 2881 4449 occupavit
2910 4377 3189 4438 domum;

2021 4496 2137 4550 qua
2165 4474 2509 4531 festinanter
2538 4471 2738 4526 exiens
2768 4465 3092 4529 Botaniata,

1944 4553 1989 4616 D
2023 4564 2295 4624 monachi
2325 4561 2611 4628 tunicam,
2643 4562 2814 4613 tonsa
2840 4571 3008 4611 coma
3038 4550 3232 4606 induit

2019 4658 2080 4712 in
2111 4652 2472 4710 monasterio
2501 4647 2845 4704 veneranda:
2876 4641 3166 4714 Virginis,

2017 4745 2215 4816 ibique
2237 4741 2492 4796 moriens
2522 4736 2802 4807 sepelitur
2833 4731 3164 4802 magniﬁce.

2233 4829 2526 4888 ALEXIUS
2566 4822 2959 4882 COMNENUS
3001 4820 3117 4874 AN.
3161 4815 3446 4873 XXXVII.

2018 4925 2106 4979 Sic
2139 4937 2276 4992 ergo
2306 4915 2541 4973 Alexius
2571 4919 2781 4970 nactus
2804 4915 2894 4967 est
2916 4908 3252 4979 imperium,

2021 5012 2164 5084 quin
2195 5014 2251 5064 et
2279 5025 2310 5062 a
2341 5020 2551 5062 sumno
2583 5000 2834 5074 praesule
2861 5001 3173 5054 coronatus
3206 5013 3218 5049 :

2022 5102 2211 5156 bonus
2241 5097 2559 5166 imperator
2588 5095 2644 5146 et
2673 5091 2791 5144 dux
2821 5093 3120 5151 strenuus,

2022 5188 2210 5244 hostis
2239 5182 2603 5245 tremendus,
2631 5178 2858 5234 civibus
2889 5172 3214 5240 benivolus,

2023 5276 2296 5349 egregius
2316 5273 2425 5340 vir,
2459 5270 2710 5342 impiger
2738 5267 2798 5320 in
2833 5263 3071 5336 praeliis,

2021 5367 2249 5422 vultum
2283 5379 2398 5435 prae
2432 5377 2492 5416 se
2523 5360 2713 5414 ferens
2743 5354 2992 5426 imperio
3021 5352 3288 5424 dignum,

2022 5456 2221 5511 mitem
2255 5448 2739 5508 consuetudinem
2775 5445 3172 5512 honestosque
3205 5454 3417 5494 mores.

2022 5545 2217 5614 Stirpe
2247 5545 2374 5599 erat
2403 5537 2607 5604 nobili,
2635 5551 2874 5606 corpore
2906 5530 3156 5595 decenti,

2030 5634 2221 5708 operis
2252 5629 2447 5688 bellici
2483 5626 2732 5682 maxime
2763 5623 2988 5696 peritus

3612 315 3713 399 13's
