4086 6210
106 5980 113 5989 ι
142 5982 157 5989 ¹-ι

14 6020 27 6037 r‘
40 6014 111 6037 ιρι-*λ

276 320 381 376 139
1490 307 1850 359 ΕΡΗΒΕΜΗ

1490 307 1850 359 ΕΡΗΒΕΜΗ
1901 302 2342 357 CHRONOGRA
2359 306 2471 355 Plit

278 458 387 499 nec
417 455 552 496 vero
583 435 710 493 auri
740 431 1003 506 cupidini
1035 428 1347 495 obnoxius,

284 545 390 588 nec
422 542 631 584 rursus
662 525 762 579 ira?
793 518 1103 593 sanguinis
1130 515 1391 584 sitienti;

285 634 474 690 neque
504 611 775 685 superbis
807 609 1116 665 fastosisve
1144 605 1431 669 moribus,

293 708 385 764 vel
415 718 676 775 unquam
709 698 965 755 subditis
997 696 1160 752 aditu
1194 692 1500 758 difﬁciliis,

274 795 364 853 vel
398 808 577 866 poenis
607 792 842 845 exactor
869 782 1251 841 inexorabilis
1275 800 1288 849 ;

282 884 385 943 sed
417 882 476 936 in
508 876 935 950 benignitatem
968 887 1295 946 propensus
1330 868 1536 941 magis,

282 971 501 1036 suavis,
534 956 895 1031 moderatus,
930 962 1244 1034 gratiosus,
1276 957 1486 1023 facilis,

280 1060 547 1133 prompto
578 1058 636 1111 et
661 1057 829 1108 acuto
861 1049 1097 1121 ingenio
1131 1061 1459 1118 arcanoque
1492 1043 1692 1113 simul,

282 1146 543 1218 optimus
573 1142 907 1199 orthodoxae
938 1138 1212 1194 defensor
1244 1134 1399 1201 fidei,

282 1252 391 1291 nec
420 1232 818 1289 conviviorum
846 1243 1053 1283 amans
1081 1241 1268 1297 neque
1299 1224 1477 1278 luxus
1504 1238 1517 1277 :

276 1329 405 1378 tum
441 1326 498 1377 et
523 1320 759 1376 virtutis
788 1317 1180 1387 doctrinaeque
1201 1313 1500 1369 studiosos

277 1411 436 1467 viros
465 1408 764 1464 bonorans
794 1410 852 1461 et
878 1404 1087 1460 ofﬁciis
1117 1402 1334 1458 colens.

279 1499 423 1555 Huic
443 1496 503 1552 in
537 1494 767 1567 imperii
794 1494 933 1550 sede
966 1491 1246 1548 collocato

280 1586 527 1644 nuntius
561 1584 816 1652 advenit,
848 1581 1058 1637 Italum
1091 1580 1410 1635 ltobertum

280 1674 582 1733 Dalmatia:
611 1673 817 1728 urbem
848 1669 1208 1740 Epidaurum

279 1764 460 1821 armis
490 1761 715 1833 cepisse
747 1765 804 1815 et
834 1757 1106 1830 plurimis
1139 1755 1407 1827 navigiis.

276 1855 429 1924 Ergo
463 1850 758 1923 profectus
788 1847 978 1903 Caesar
1008 1862 1139 1901 cum
1172 1845 1425 1900 exercitu

278 1940 442 2008 illuc,
472 1942 530 1994 et
560 1952 758 2009 pugna
787 1951 921 1991 cum
948 1933 1111 1990 hoste
1142 1937 1388 2005 patrata,

278 2033 477 2083 noster
507 2024 766 2098 prolugit
798 2023 995 2096 praslio
1020 2021 1329 2077 infeciliter

279 2116 507 2172 cladem
540 2115 801 2170 Romano
833 2113 1117 2169 referente
1148 2110 1422 2175 exercitu,

284 2210 461 2275 atque
491 2201 833 2275 Byzantium
858 2204 1049 2255 Cmsar
1080 2205 1170 2255 est
1199 2215 1492 2253 reversus.

282 2292 523 2349 Barbari
554 2295 751 2347 autem
782 2305 915 2345 cum
951 2288 1199 2343 Roberto
1233 2292 1381 2341 duce

277 2380 715 2454 populabantur
746 2378 960 2450 oppida
992 2377 1277 2439 Romana,

273 2468 462 2542 captis
491 2466 724 2522 Larissa
753 2466 1134 2536 Castoriaque
1167 2463 1434 2520 urbibus.

270 2559 485 2615 Contra
515 2555 828 2611 Robertum
861 2570 1068 2609 rursus
1097 2558 1187 2607 est
1218 2569 1491 2623 egressus

270 2645 527 2714 inclytus
556 2645 747 2700 Cassar
778 2658 912 2697 cum
949 2640 1174 2713 ingenti
1208 2642 1489 2705 exercitu,

272 2741 449 2806 atque
475 2731 800 2789 Castoriam
832 2730 1219 2802 recuperavit.

272 2824 589 2880 Robertum
617 2826 812 2876 autem
847 2824 976 2875 astu
1008 2825 1095 2874 est
1119 2835 1453 2890 aggressus.

267 2911 437 2981 cujus
470 2910 753 2966 rationem
786 2908 1029 2963 interest
1052 2923 1310 2962 narrare.

267 3002 455 3056 Caesar
480 3005 749 3055 ornatum
780 2996 1003 3068 regium
1034 2995 1456 3064 circumposuit

271 3104 546 3159 germano
579 3085 838 3159 preprio,
871 3085 1186 3156 copiasque
1216 3083 1498 3147 tradidit;

266 3192 523 3248 cumque
547 3174 729 3245 jussit
753 3172 1048 3246 expositas
1081 3173 1334 3243 praebere

270 3263 330 3317 in
363 3262 506 3328 acie,
540 3279 735 3317 coram
770 3262 1004 3333 agmine
1036 3261 1272 3317 Roberti
1301 3278 1315 3326 ;

268 3351 369 3423 qui
401 3351 448 3406 si
482 3349 679 3422 cupias
710 3366 848 3405 suas
874 3354 1075 3404 contra
1104 3349 1537 3413 commovisset,

270 3444 579 3495 monuerat
611 3439 851 3493 fratrem
880 3438 1083 3493 cedere
1114 3438 1294 3492 effusa
1325 3438 1482 3509 fuga.

265 3528 506 3585 Interim
528 3528 720 3585 Caesar
752 3527 980 3582 modico
1012 3542 1146 3583 cum
1180 3527 1367 3581 milite

263 3633 365 3688 per
393 3633 541 3672 caeca
572 3621 809 3688 reptans
836 3614 1108 3671 difﬁcilia
1130 3616 1256 3672 loca

262 3711 383 3762 tota
413 3705 661 3779 diripuit
692 3705 1081 3761 Barbarorum
1113 3709 1327 3771 castra,

260 3799 549 3867 quotquot
579 3794 660 3849 ibi
692 3795 907 3865 reperit
937 3794 1067 3848 caesi
1101 3793 1317 3865 gladio.

261 3885 509 3956 Cognita
540 3900 602 3939 re
632 3884 935 3949 barbarus,
972 3888 1127 3938 metu
1159 3882 1447 3938 attonitus

254 3972 458 4029 animo
489 3972 667 4028 simul
700 3973 1041 4044 viribusque
1072 3971 1346 4041 concidit,

257 4062 569 4134 cunctique
601 4067 742 4117 sunt
775 4061 993 4117 reversi
1021 4061 1078 4116 in
1112 4060 1362 4133 patriam
1400 4078 1567 4116 suam

258 4151 445 4208 risum
480 4151 710 4218 lucrati,
746 4150 863 4206 imo
895 4155 950 4205 et
982 4150 1389 4220 ignominiam.

176 4248 179 4251 λ
258 4240 459 4297 Postea
487 4241 697 4309 Turca,
724 4238 814 4295 cui
851 4255 1059 4294 nomen
1092 4240 1370 4306 Tzachas,

252 4327 380 4388 Chii
406 4328 525 4398 jam
559 4328 857 4394 dominus,
893 4329 1176 4384 adornata
1205 4329 1413 4399 classe,

251 4422 497 4475 Samum
524 4426 579 4473 et
612 4417 865 4472 Lesbum
894 4421 1069 4487 atque
1104 4418 1370 4471 Rhodum
1416 4418 1591 4489 capit,

226 4507 514 4578 ‘aliasque
548 4508 960 4579 praefecturas;
996 4506 1095 4560 sed
1132 4505 1269 4559 inde
1310 4504 1515 4576 pulsus

253 4593 469 4669 preliis
501 4594 815 4651 maritimis
846 4614 877 4650 ιι
910 4594 1190 4650 Romanis
1223 4595 1353 4650 fuit.

246 4684 415 4742 Tunc
443 4684 620 4741 etiam
654 4686 878 4757 Cyprus
903 4684 1114 4740 defecit
1146 4685 1218 4740 ab
1264 4683 1508 4756 imperio

126 4822 135 4827 ι
186 4832 195 4835 _
247 4777 534 4846 occupata
564 4754 833 4830 videlicet
864 4791 897 4828 a
930 4754 1411 4845 Rhapson'mato.

248 4862 523 4920 Fertilem
561 4863 867 4934 insupaler
896 4863 1257 4918 Cretensium
1283 4863 1535 4918 insulam

64 4920 159 4977 ’θλ
214 4952 493 5021 γνιυιώἰάυε
523 4920 762 5023 quidam
794 4952 1040 5023 Caryces
1075 4952 1307 5007 rebellis

20 5048 87 5099 ς
240 5040 296 5096 vi
324 5045 578 5112 captam,
611 5041 890 5095 dominus
923 5040 1099 5105 veluti
1134 5041 1449 5096 insidebat.

38 5124 43 5133 ’
106 5194 111 5197 _
152 5132 153 5135 “
188 5124 207 5135 ”
239 5128 561 5207 Utramque
592 5134 787 5185 tamen
821 5129 1077 5184 insulam
1110 5129 1356 5202 imperio

236 5217 446 5276 classis
479 5219 742 5276 Romana
772 5219 965 5273 denuo
998 5218 1278 5275 restituit.

234 5306 355 5365 Hoc
384 5307 740 5380 impetrante
770 5312 1013 5373 Caesare,
1046 5314 1212 5363 terra)
1248 5314 1441 5364 motus

152 5458 161 5465 ,
216 5388 557 5454 “admodum
589 5396 907 5453 vehemens
939 5402 1112 5464 atque
1145 5399 1439 5454 tcrrilicus

231 5484 531 5558 speciosae
559 5488 764 5542 domos
790 5484 1131 5558 templaque
1164 5487 1475 5558 magniﬁca

170 5588 173 5591 '
231 5556 418 5631 diruit
444 5575 689 5647 passim,
716 5574 888 5645 vique
916 5556 1029 5630 sua
1061 5556 1350 5635 contrivit.

1955 424 2010 489 Α

1934 4506 1982 4568 D

2217 424 2294 480 Οὐ
2329 424 2634 499 χρημάτων
2665 423 2871 495 ἥττητο
2900 425 2989 479 καὶ
3021 423 3430 501 χρυσαργόρου,

2215 509 2339 566 οὔτ’
2371 511 2433 566 αὖ
2467 516 2643 585 θυμοῦ
2671 533 2731 568 τε
2752 514 2842 567 καὶ
2876 509 3057 587 χόλου
3089 508 3471 590 φθισιϐρότου,

2213 600 2334 675 Οὐχ
2367 601 2678 673 ὑπερόπτης
2705 600 2796 655 καὶ
2828 596 3059 674 σοϐαρός
3088 622 3171 663 τις
3201 601 3468 676 τρόπους*

2037 689 2178 744 3480
2215 691 2281 745 'H
2314 687 2675 766 δυσπρόσιτος
2701 692 2765 760 ἦν
2805 690 3068 760 ὑπηκόοις
3100 688 3265 760 ὅλως,

2215 779 2284 834 Ἢ
2315 780 2449 851 πρὸς
2480 779 2704 834 κόλασιν
2737 780 3123 854 ἀπαραιτήτως
3151 775 3297 854 ἔχων
3335 797 3347 811 ’

2216 865 2537 935 Ἐπικλινὴς
2567 866 2625 921 δὲ
2653 867 2789 942 πρὸς
2819 866 3242 944 φιλανθρώπους
3270 868 3534 943 τρόπους,

2216 957 2473 1030 Μέτριος,
2507 954 2664 1026 ἡδὺς,
2696 955 3038 1030 εὐπρόσιτος,
3073 958 3314 1031 χαρίεις,

2215 1048 2426 1117 Πτηνὸς
2453 1047 2738 1125 φρόνησιν,
2770 1047 3029 1122 ἀγχίνους
3062 1047 3096 1116 ἢ
3127 1046 3437 1122 κρυψίνους,

2034 1136 2178 1192 3485
2213 1136 2559 1211 Ὑπέρμαχος
2590 1134 2887 1199 κάλλιστος
2920 1134 3259 1213 ὀρθοδοξίας,

2212 1222 2427 1279 Δίαιταν
2456 1226 2624 1300 ἀοράν
2656 1226 2721 1280 οὐ
2752 1231 2925 1304 φιλῶν
2959 1223 3075 1280 οὐδ’
3101 1223 3165 1280 αὖ
3195 1227 3398 1290 πότους
3433 1246 3445 1258 ·

2212 1311 2449 1390 ’Ἀνδρας
2481 1312 2706 1390 λογίους
2736 1314 2930 1390 ἀρετήν
2956 1316 3004 1368 τ’
3035 1314 3345 1385 ἠσκηκότας

2213 1397 2395 1457 Σέϐων
2430 1424 2487 1457 τε
2514 1408 2690 1475 τιμῶν
2722 1404 2811 1458 καὶ
2844 1403 3200 1480 προσανέχων
3236 1404 3434 1482 σφίσιν,

2212 1490 2482 1566 ’Ἧγγελτο
2507 1489 2647 1563 τῷδε
2675 1496 2772 1546 τοῦ
2801 1492 3031 1567 κράτους
3064 1490 3416 1568 δεδραγμένῳ

2034 1583 2175 1636 3490
2210 1582 2303 1642 Ὠς
2326 1602 2410 1642 τις
2439 1579 2645 1644 Ἰταλὸς
2677 1583 3007 1656 Ῥομπέρτος
3036 1582 3374 1655 κεκλημένος

2210 1668 2306 1732 Εἷς
2334 1668 2647 1743 Δαλματίας
2677 1672 2775 1739 τήν
2808 1668 3143 1744 Ἐπίδαμνον
3176 1671 3338 1726 πόλιν

2211 1757 2316 1812 Σὺν
2342 1764 2564 1834 στρατιᾷ
2592 1766 2794 1833 κατῆρε
2813 1759 2902 1814 καὶ
2940 1760 3095 1835 βαρεῖ
3124 1757 3324 1833 στόλῳ.

2209 1848 2411 1918 Ἔξεισι
2439 1849 2619 1903 τοίνυν
2654 1847 3035 1924 ἐκστρατεύσας
3070 1850 3097 1904 ὁ
3128 1850 3369 1922 κράτωρ,

2213 1936 2309 1990 Καὶ
2341 1934 2462 2010 τῇδ’
2488 1935 2708 2002 ἐπιστὰς
2739 1935 3075 2010 συμπλακείς
3103 1939 3152 1992 τ’
3181 1936 3485 2010 ἀντιπάλῳ,

2031 2026 2172 2080 3495
2211 2026 2473 2102 Πέφευγεν
2508 2026 2663 2082 οὗτος
2697 2023 2974 2090 δυσκλεῶς
3004 2025 3062 2081 ἐκ
3088 2033 3190 2095 τῆς
3221 2027 3430 2102 μάχης,

2208 2116 2321 2183 Τῆς
2349 2116 2663 2186 Ῥωμαϊκῆς
2696 2121 2944 2186 στρατιᾶς
2978 2117 3113 2185 ἡττη
3129 2117 3296 2188 μένης
3324 2134 3335 2146 ’

2208 2202 2304 2257 Καὶ
2341 2201 2593 2278 βασιλεὺς
2625 2203 2717 2275 μὲν
2748 2204 2846 2272 τὴν
2880 2204 3289 2259 Κωνσταντίνου
3328 2203 3518 2278 φθάνει
3553 2224 3565 2236 ·

2205 2290 2271 2347 Οἱ
2303 2285 2575 2363 Βάρϐαροι
2612 2287 2666 2345 δὲ
2700 2290 2790 2344 συν
2826 2292 3137 2365 στρατάρχης.
3165 2291 3490 2364 Ῥομπέρτῳ

2204 2376 2606 2447 Λεηλατοῧντες
2639 2379 2924 2450 Ῥωμαϊκὰ
2953 2380 3137 2453 χωρία

2028 2469 2171 2522 3500
2208 2468 2476 2540 Λάρισσαν
2506 2466 2657 2522 εἶλον
2687 2468 2778 2521 καὶ
2812 2467 3113 2543 Καστορίαν
3144 2466 3338 2530 πόλεις
3375 2488 3388 2502 ο

2204 2556 2402 2628 Ἐξεισι
2435 2553 2628 2611 λοιπὸν
2663 2556 2799 2611 κατά
2821 2556 3159 2629 Ῥομπέρτου
3190 2555 3356 2612 πάλιν

2202 2644 2363 2714 "Avari
2389 2645 2416 2698 ὁ
2446 2643 2659 2706 κλεινὸς
2690 2644 2781 2698 σὺν
2818 2648 3039 2719 στρατιᾷ
3073 2645 3260 2719 μυρίᾳ,

2204 2730 2302 2786 Καὶ
2331 2731 2627 2806 Καστορίαν
2660 2728 3030 2805 ἀναλαμϐάνει
3061 2733 3249 2803 πάλιν,

2202 2820 2301 2875 Καὶ
2327 2821 2663 2895 Ῥομπέρτον
2696 2823 2901 2893 μέτεισι
2930 2820 3340 2898 δραματουργία
3371 2842 3383 2855 ·

2024 2911 2166 2965 35⁸,οὸ
2203 2911 2393 2971 ’Ὀπως
2416 2930 2476 2964 τε
2506 2906 2687 2985 δρᾶμα
2720 2910 3136 2982 συμπέπλασται
3173 2909 3362 2986 ῥητέον
3400 2931 3412 2943 ·

2204 3004 2324 3073 Σχῆ
2337 3019 2410 3070 μα
2438 2998 2780 3072 περιτίθησιν
2808 2999 3035 3074 ἀρχικὸν
3069 2999 3284 3074 κράτωρ

2203 3086 2382 3143 Λότοῦ
2411 3088 2457 3141 τ’
2491 3083 2711 3164 ἀδελφῷ
2739 3088 2827 3140 καὶ
2861 3087 3110 3162 στρατιὰν
3140 3087 3436 3162 προσνέμει

2205 3174 2306 3231 Καί
2337 3175 2387 3229 οἱ
2418 3176 2554 3229 κατά
2584 3178 2831 3251 φάλαγγα
2860 3172 3025 3246 τήνδε
3053 3174 3392 3252 Ῥομπέρτου

2203 3267 2409 3329 Στῆσαι
2440 3262 2823 3339 παρηγγύησεν
2860 3259 3212 3333 εὐεπηϐόλως
3247 3284 3259 3296 ·

2028 3354 2169 3409 3510
2208 3350 2311 3406 Κᾶν
2349 3352 2443 3425 μὲν
2474 3354 2589 3407 κατ’
2620 3352 2783 3407 αὐτοῦ
2816 3356 3042 3427 συγκινῇ
3073 3354 3168 3415 τὰς
3204 3351 3491 3426 δυνάμεις,

2204 3439 2512 3515 Στρέψαντα
2542 3445 2683 3495 νῶτα
2709 3437 3099 3514 προτροπάδην
3133 3443 3427 3518 φυγγάνειν
3474 3462 3487 3474 ·

2201 3537 2239 3584 Δ
2268 3531 2280 3551 ι
2318 3530 2329 3542 ο
2459 3534 2485 3544 ~
2561 3527 2615 3584 δι
2653 3527 2690 3565 δ’
2753 3524 2811 3548 ρ;
3191 3530 3203 3549 ι

2247 3552 2260 3583 ι
2312 3550 2527 3607 αφανων
2596 3563 2617 3583 τ.
2649 3546 2933 3586 οδσοατων
2965 3553 3023 3586 τε
3055 3550 3279 3606 χωριων

2199 3620 2361 3691 "Aw/15
2394 3616 2605 3681 διεκδὺς
2639 3618 2732 3674 σὺν
2765 3616 3019 3681 ὁπλίταις
3054 3621 3305 3696 βραχέσι,

2196 3707 2456 3778 Ληίζιται
2487 3710 2704 3784 χάρακα
2730 3709 2898 3763 πάντα
2932 3704 3242 3785 βαρϐάρων,

2019 3798 2160 3853 3515
2197 3798 2304 3853 Καὶ
2331 3796 2460 3860 τοὺς
2492 3797 2543 3852 ἐν
2579 3797 2722 3869 αὐτῷ
2750 3795 3087 3874 παραδίδωσι
3119 3799 3256 3876 ξίφει
3292 3818 3305 3831 '

2194 3887 2260 3943 ⁸0
2286 3882 2569 3960 Βάρϐαρος
2600 3886 2763 3962 γνοὺς
2796 3887 3073 3962 συσχεοεῖς
3107 3887 3313 3960 ἀθυμίᾳ

2195 3981 2426 4051 Παρεῖτο
2458 3982 2648 4051 χεῖρας
2680 3976 2769 4030 καὶ
2803 3973 2967 4049 δέμας
2996 3976 3086 4029 καὶ
3115 3974 3360 4052 καρδίαν,

2196 4065 2300 4119 Καὶ
2326 4066 2521 4129 πάντες
2547 4065 2840 4141 ἀπῴχοντο
2874 4066 3009 4137 πρὸς
3039 4070 3185 4143 σφῶν
3218 4063 3452 4141 πατρίδα

2193 4152 2526 4231 Ὠφληκότες
2557 4154 2792 4229 γέλωτα,
2826 4155 2962 4229 πρὸς
2996 4150 3041 4208 δ’
3073 4153 3138 4208 αὖ
3163 4154 3433 4231 αἰσχύνην
3471 4176 3479 4184 ’

2017 4244 2156 4297 3520
2194 4242 2299 4298 Καὶ
2330 4246 2578 4317 Τοῦρκος
2612 4242 2762 4306 αὖθις
2796 4246 3019 4320 Τζαχᾶς
3044 4265 3126 4306 τις
3156 4242 3498 4316 κεκλημένος

2193 4331 2324 4388 Χίον
2352 4333 2641 4409 κατασχὼν
2675 4334 2761 4388 καὶ
2791 4332 2985 4388 στόλον
3017 4332 3338 4407 καταρτίσας

2191 4422 2348 4497 Αἱρεῖ
2381 4423 2567 4495 Σάμον
2601 4418 2803 4478 Λέσϐον
2836 4444 2895 4478 τε
2918 4424 3117 4494 νήσους
3147 4422 3236 4477 καὶ
3266 4419 3481 4492 Ῥόδον,

2188 4508 2399 4573 ’Ἃλλας
2430 4532 2486 4565 τε
2520 4509 2851 4583 δεσποτείας,
2883 4509 3205 4584 ἐξελήλαται
3237 4508 3399 4566 πάλιν

2188 4604 2484 4673 Ῥωμαϊκῷ
2516 4598 2697 4675 στόλῳ
2727 4601 2816 4656 καὶ
2847 4602 3149 4677 ναυμαχίᾳ.

2191 4689 2514 4743 ’Δποστατεῖ
2543 4687 2598 4744 δὲ
2628 4691 2923 4761 τηνικαῦτα
2952 4690 3043 4745 καὶ
3076 4691 3298 4765 Κύπρος

2183 4781 2292 4834 Τοῦ
2321 4778 2716 4851 Ῥαψομμάτου
2744 4776 2909 4850 τήνδε
2937 4781 3368 4856 κατεσχηκότος.

2187 4866 2290 4923 Καὶ
2320 4865 2484 4921 πάλιν
2515 4867 2853 4944 ἀμφίρρυτον
2887 4865 3115 4947 εὔφορον
3148 4870 3369 4940 Κρήτην

2180 4956 2345 5029 Ἀνὴρ
2380 4958 2628 5032 Καρόκης
2664 4953 2942 5028 δυσμενὴς
2972 4956 3289 5026 ἀποστάτης

2180 5045 2277 5115 Βίᾳ
2305 5044 2619 5121 κατασχὼν,
2658 5046 2773 5121 εἶχε
2802 5046 2938 5121 πρὸς
2969 5046 3251 5101 κατοικίαν
3282 5064 3295 5077 ·

1999 5134 2141 5189 3530
2179 5134 2525 5204 Ἐπανεσώθη
2561 5130 2608 5188 δ’
2639 5133 2793 5199 αὖθις
2825 5130 3078 5189 Αὐσόνων
3110 5135 3294 5210 κράτει

2174 5224 2374 5293 Νήσων
2410 5220 2537 5286 δυάς
2568 5224 2701 5293 αὓτη
2734 5245 2792 5299 γε
2824 5223 3113 5297 Ῥωμαίων
3144 5222 3343 5297 στόλῳ.

2171 5310 2375 5366 Τούτου
2404 5316 2726 5385 κρατοῦντος
2758 5313 2846 5367 καῖ
2879 5311 3078 5375 κλόνος
3109 5317 3214 5389 γῆς
3249 5307 3470 5383 συνέϐη,

2175 5401 2406 5473 Σεισμός
2438 5422 2495 5456 τε
2527 5398 2702 5463 δεινὸς
2734 5402 2824 5456 καὶ
2857 5400 2979 5457 λίαν
3012 5404 3326 5480 φρικαΛέος.

2168 5489 2277 5567 Ὑφ’
2309 5490 2371 5544 οὗ
2403 5487 2567 5544 καλοὶ
2602 5486 2765 5563 δόμοι
2788 5512 2847 5549 τε
2878 5493 2966 5546 καὶ
3001 5492 3120 5547 vani
3157 5492 3296 5563 ξένοι

1991 5582 2133 5637 3535
2171 5578 2572 5641 Καταπεσόντες
2604 5575 2988 5655 συνετρίϐησαν
3026 5582 3119 5657 βίᾳ
3151 5601 3162 5613 .

3586 302 3689 356 140
