4038 6214
283 333 388 385 Hi

481 461 816 533 Συνηρεφεῖς
843 478 904 512 τε
931 459 1022 513 καὶ
1057 463 1255 536 μακραί
1288 464 1441 516 στοαὶ
1476 465 1636 517 παΛιν

480 558 694 607 Πτῶσιν
726 559 992 618 παθούσαι
1023 557 1333 632 συνέχωσαν
1369 558 1655 620 ἀπλέτους.

477 644 584 696 Καὶ
619 645 951 711 ΙΙατζινάκαι
986 648 1248 710 Σκυθικὸν
1275 649 1439 703 πάλιν
1474 649 1624 712 ἔθνος

473 731 690 804 Θρᾴκης
721 732 900 806 ἐπῄει,
931 733 1266 798 Μακεδονίας
1296 737 1476 810 ὅρους,

281 822 432 875 35-ίο
476 818 664 873 Αὐτῶν
701 821 870 893 νομάς
902 844 958 877 τε
987 826 1077 878 καὶ
1107 826 1307 887 τόπους
1337 825 1679 888 λελοιπότες.

470 905 648 964 Ἀλλὰ
678 911 797 964 κατ’
826 910 1000 965 αὐτῶν
1036 911 1418 985 ἐκστρατεύσας
1450 916 1478 969 ὁ
1517 918 1734 989 κρατωρ

473 997 574 1052 Καὶ
608 996 972 1070 συμπλακεὶς,
1005 1001 1210 1072 ἥττητο
1242 1003 1423 1058 τοῖσδε
1457 1000 1778 1078 Βαρὸἀροις,

465 1087 554 1147 Ὡς
588 1092 933 1161 στρατιωτῶν
959 1095 1075 1152 τοῖς
1105 1090 1299 1154 ὅπλοις
1331 1094 1695 1161 πεποιθότων,

468 1176 566 1229 Καὶ
607 1177 682 1247 μή
715 1180 917 1249 νικητῇ
942 1184 1020 1250 τῷ
1051 1185 1170 1252 Θεῷ
1197 1180 1381 1236 καλῶν
1418 1183 1567 1256 δότῃ.

272 1265 422 1320 3545
467 1264 565 1317 Καὶ
597 1265 767 1320 πάλιν
797 1265 1109 1340 ἐστράτευσε
1139 1271 1257 1324 κατ’
1288 1271 1463 1324 αὐτῶν
1497 1269 1647 1342 ἄναξ,

463 1354 563 1407 Καὶ
600 1355 878 1428 σώρρονός
909 1378 968 1430 γε
1001 1364 1251 1433 στρατιᾶς
1277 1358 1627 1437 δεδειγμένης

461 1444 667 1512 Ἱόπῆς
698 1466 756 1498 τε
781 1445 926 1507 Θείας
959 1445 1184 1510 ἐλπίδας
1214 1449 1501 1522 ἐξαψάσης,

465 1534 752 1604 Συμμίξας
787 1534 972 1596 αὐτοῖς
1004 1535 1188 1608 ἐκνικᾷ
1216 1540 1351 1592 κατᾶ
1379 1540 1598 1613 κράτος,

463 1622 560 1674 Καὶ
596 1627 740 1697 σ’ρῶν
771 1623 834 1676 τὸ
867 1623 1084 1693 πλῆθος
1113 1625 1444 1699 ἐκθερίζουσι
1471 1629 1607 1701 ξίφει
1643 1648 1653 1660 ·

269 1713 416 1766 3550
457 1709 700 1773 Ἄλλους
732 1709 778 1764 δ’
809 1713 1024 1775 ἑλόντες
1055 1715 1452 1790 ειιῖχμιαλώτους
1482 1717 1533 1772 έν
1570 1717 1721 1792 “iV-il

449 1800 779 1872 ’ῌρημένοις
809 1809 946 1878 σφᾶς
975 1802 1224 1859 ἀπέδοντ’
1257 1807 1539 1881 ἀργυρίου.

458 1889 520 1944 ὐ
551 1885 599 1941 δ’
633 1887 982 1965 αὐτοκράτωρ
1015 1892 1074 1946 ἐκ
1107 1896 1330 1948 Σκυθῶν
1365 1894 1658 1970 ἀποκρίνας

453 1979 620 2038 Νέους
651 1985 985 2054 σφριγῶντας
1016 1981 1280 2046 εύσθενεῖς
1305 1984 1393 2038 καὶ
1429 1984 1708 2058 μαχίμους

453 2066 540 2118 Ἐν
572 2066 860 2141 Μογλένων
896 2068 1062 2140 ᾤκισε
1087 2073 1300 2133 τούτοις
1334 2073 1586 2147 χωρίοις,

266 2153 413 2206 3555
455 2152 672 2208 Οἱκεῖόν
708 2157 756 2209 οἱ
785 2156 1062 2231 σύνταγμα
1091 2161 1314 2220 τούτους
1349 2159 1600 2229 καλέσας,

446 2245 509 2295 Οἳ
543 2245 631 2296 καὶ
671 2245 835 2319 μέχρι
868 2245 960 2300 νὺν
997 2248 1101 2302 ἀπὸ
1135 2249 1419 2324 Μογλὲνου
1447 2251 1617 2304 τόπου

445 2337 583 2385 lli-:2
618 2331 905 2389 καλοῦνται
930 2335 1526 2410 Μογλενοπατζινάκαι.

445 2422 544 2474 Καὶ
580 2424 800 2496 στρατια
827 2446 914 2486 τις
941 2426 1166 2481 Ἰταλῶν
1203 2427 1252 2500 ἐξ
1281 2429 1505 2502 ἑσπέρας

439 2511 646 2564 Ἀνεισι
682 2509 944 2586 βαδίσασα
973 2514 1111 2587 πρὸς
1143 2515 1460 2585 Βυζαντίδα,

264 2598 409 2651 3560
451 2600 700 2670 "Exeo-3a
727 2601 790 2654 τὸ
815 2606 1100 2675 πρόθυμον
1135 2604 1208 2666 ὡς
1241 2605 1374 2680 πρὸς
1403 2608 1500 2673 τήν
1531 2603 1604 2660 ἕω
1638 2624 1650 2636 ·

443 2687 543 2748 Ἠς
577 2689 884 2761 συγ-κίνησιν
920 2691 1174 2767 ἑμφανῶς
1204 2695 1510 2768 προμηνύει

439 2774 665 2842 111'qu);
693 2775 930 2850 ἀκρίδων
963 2779 1189 2853 ἑσπέρας
1218 2783 1353 2856 πρὸς
1381 2785 1480 2852 τὴν
1512 2779 1607 2853 ἕω,

438 2865 539 2918 Δια
566 2885 627 2919 τε
657 2866 892 2940 Θρᾴκης,
922 2867 1253 2932 Μακεδονίας
1286 2871 1427 2947 ὅρων

439 2956 552 3022 Τὴν
587 2955 763 3029 ἀέριον
796 2966 992 3027 πτῆσιν
1019 2959 1435 3036 ἐξεργασαςιὲνη.

254 3045 400 3100 3565
440 3046 710 3119 Φράγγων
738 3045 891 3118 ὅμως
921 3050 1227 3122 στράτευμα
1257 3053 1502 3124 πορθμὸν
1532 3047 1708 3122 διέϐη,

441 3133 759 3208 Έφίσταται
792 3132 850 3189 δὲ
877 3139 946 3209 τῇ
973 3138 1216 3192 Νικαέων
1249 3138 1408 3193 πόλει

437 3222 605 3293 Χερσὶ
639 3221 897 3293 Τούρκων
932 3221 1184 3300 αἶ’σχιστα
1210 3228 1611 3303 τυραννουμένῃ
1650 3247 1663 3261 ·

437 3309 541 3364 Καὶ
577 3310 668 3364 σὺν
704 3313 893 3386 χρόνῳ
925 3311 982 3368 δὲ
1011 3315 1099 3369 καὶ
1138 3318 1291 3391 μάχῃ
1327 3316 1592 3394 φρικκλὲᾳ

439 3404 632 3473 Φοορᾷ
659 3420 719 3454 τε
749 3401 936 3475 πολλῇ
967 3404 1103 3478 πρὸς
1141 3409 1316 3476 μερῶν
1349 3406 1610 3480 ἑκατέρων

287 3488 398 3542 570
436 3489 673 3562 Αἱροῦσι
702 3491 946 3564 Φραγγοι
977 3493 1076 3558 τήν
1103 3490 1266 3546 πόλιν
1294 3495 1429 3548 κατά
1453 3495 1669 3568 κράτος,

439 3578 536 3631 Καὶ
570 3582 652 3648 τῷ
686 3578 900 3652 βασιλεῖ
928 3577 1093 3650 τήνδε
1121 3585 1351 3636 πολλῶν
1385 3583 1689 3658 χρημάτων

436 3665 861 3738 Ἀπεμπολοῦσι
888 3670 976 3722 καὶ
1009 3676 1367 3745 προχωροῦσι
1398 3673 1586 3746 πρόσω
1611 3693 1623 3705 °

435 3755 540 3811 Καὶ
574 3751 981 3830 προσϐαλόντες
1011 3759 1298 3834 Ἀντιόχου
1328 3765 1397 3834 τῇ
1430 3761 1591 3817 πόλει

437 3845 703 3917 Αἱροῦσιν
739 3845 908 3914 ανότήν
935 3855 1212 3921 μηχαναῖς
1239 3871 1296 3904 τε
1326 3851 1414 3904 καὶ
1451 3852 1604 3928 μάῖἷὶ
1637 3873 1649 3886 ’

253 3935 397 3989 3575
433 3935 570 3988 Μεθ’
597 3934 657 4001 ἦν
691 3933 892 4007 ἀγῶσιν
926 3934 1173 4009 ἰσχυροῖς
1207 3958 1261 3991 τε
1290 3939 1377 3992 καὶ
1412 3941 1566 4016 μάχῃ

439 4021 538 4076 Καὶ
571 4024 671 4089 τήν
708 4022 848 4076 Σιὼν
880 4023 1090 4097 αἱροῦσι
1122 4025 1221 4093 τήν
1253 4032 1386 4082 Θεοῦ
1415 4029 1575 4083 πόλιν
1613 4050 1626 4064 ο

437 4111 537 4166 Καὶ
565 4109 946 4182 Ῥαϊμοῦνδος,
976 4114 1037 4167 οὗ
1068 4117 1246 4188 πατὴρ
1279 4117 1344 4184 ἦν
1381 4121 1714 4195 Ρομπὲρτος,

434 4198 557 4255 Τῶν
593 4201 720 4272 παρ’
744 4200 980 4264 Ἰταλοῖς
1015 4203 1091 4266 εἷς
1120 4201 1406 4276 ἐπισήμων
1433 4205 1634 4277 πέλων,

436 4288 650 4350 Πίστεις
685 4289 935 4359 ἐνόρκους
966 4286 1093 4366 ἔδρα
1121 4293 1258 4366 πρὸς
1296 4292 1519 4368 βασιλέα

253 4380 396 4433 35ἳο
436 4378 553 4445 Τὴν
586 4375 652 4446 δή
680 4379 818 4451 πρὸς
851 4379 1010 4434 αύτὸν
1045 4379 1382 4452 ἐμπεδούσας
1416 4383 1598 4455 φιλίαν

438 4467 542 4523 Καὶ
574 4465 838 4536 δουλικὴν
874 4465 1085 4524 εὔνοιαν
1117 4469 1310 4526 ἀείκαὶ
1345 4472 1551 4546 σχέσιν.

435 4558 599 4612 ’Ὅθεν
634 4552 820 4611 λαϐὼν
847 4561 1110 4633 χρήματα
1141 4561 1276 4634 πρὸς
1313 4561 1607 4630 βασιλέως.

437 4644 537 4701 Καὶ
572 4641 780 4717 δωρεὰς
812 4647 875 4700 αὖ
906 4646 1224 4724 φιλοτιμίας
1258 4649 1422 4720 ξένας,

439 4733 590 4805 Ηρὸς
625 4733 821 4806 Συρίαν
855 4735 1112 4808 ὥρμησεν
1143 4738 1232 4792 καὶ
1267 4737 1515 4794 Κιλικίαν
1554 4762 1564 4774 ⁸

254 4822 397 4876 33$
435 4823 553 4888 Τῆς
589 4817 636 4874 δ’
664 4823 960 4897 Ἀντιόχου
991 4829 1405 4900 κατακρατήσας
1441 4830 1616 4904 μάχῃ,

436 4907 542 4968 Οὖς
577 4910 726 4983 εἶχεν
758 4912 955 4985 ὅρκους
987 4911 1123 4988 πρὸς
1162 4914 1434 4989 βασιλέας,
1469 4916 1666 4992 δράσας

444 4998 693 5061 Σπονδὲς
722 5023 780 5056 τε
813 5003 1038 5076 φρικτὰς
1069 5006 1353 5077 ήθετηκῶς
1385 5009 1596 5080 αὐτίκα,

438 5087 745 5150 Ἀσπονδος
777 5091 980 5166 ἐχθρὸς
1015 5093 1201 5169 εύρὲοη
1233 5096 1561 5170 Ῥωμαΐδος.

440 5177 535 5232 Ἐκ
563 5181 670 5230 τῶν
703 5178 853 5249 ἑῴων
881 5186 1167 5255 τοιγαροῦν
1195 5184 1330 5257 πρὸς
1358 5186 1582 5262 ἑσπέραν

255 5265 400 5320 3590
438 5263 678 5322 Μᾶλλων
706 5267 951 5342 ἀπαίρειν
980 5271 1014 5336 ἡ
1053 5266 1290 5340 βέϐηλος
1315 5271 1526 5348 καρδία,

438 5354 618 5408 Αύτοῦ
645 5356 1015 5429 κατεψεύσανο
1047 5358 1140 5412 Οάν
1151 5379 1208 5412 ατ
1218 5380 1285 5424 ον,
1306 5357 1485 5434 φόϐῳ,

438 5441 526 5503 Ὧς
557 5445 748 5519 νεκρὸς
780 5443 872 5500 οὖν
906 5444 1138 5508 ἐντεθεὶς
1175 5447 1498 5522 ἐψευσμένος

439 5533 505 5588 Ἠ
536 5533 725 5608 νεκρὸς
757 5531 1000 5606 ἔμπνους
1032 5533 1370 5610 λαρνακιδίῳ
1404 5539 1532 5596 τότε

437 5621 686 5692 Ἀπῆκτο
721 5624 910 5700 χερσὶν
947 5623 1171 5680 οἰκετῶν
1205 5627 1340 5703 πρὸς
1369 5627 1600 5705 πατρίδα

1871 339 2121 395 ΟΛΕΒΔΒ
2131 344 2229 395 ES.

1982 467 2038 528 Α
2068 465 2214 520 Tum
2247 483 2380 520 vero
2412 483 2601 538 opaca
2635 468 2988 540 prolixaeque
3024 469 3284 540 porticus

2063 558 2259 609 stratae
2292 555 2562 612 mortales
2594 563 3014 629 oppresserunt
3035 558 3343 628 plurimos.

2061 644 2132 696 At
2161 643 2477 699 Palzinaca:
2511 645 2778 714 Scythica
2811 662 2954 716 gens
2983 646 3174 700 denuo

2059 731 2365 787 Thraciam
2401 735 2708 788 vastabant
2741 738 2916 804 atque
2944 733 3340 789 Micedoniam

2060 823 2186 876 suis
2218 822 2439 879 relictis
2468 824 2674 895 patriis
2704 830 2880 896 atque
2911 825 3169 896 pascuis.

2057 915 2271 966 Contra
2301 912 2408 968 hos
2437 913 2716 985 correptis
2749 913 2929 969 armis
2958 915 3296 983 imperator,

2059 1015 2234 1054 manu
2260 1010 2549 1064 conserta,
2581 1004 2768 1058 victus
2800 1009 2888 1057 est
2920 1020 2952 1057 a
2985 1003 3274 1068 Barburis,

2058 1089 2196 1158 quia
2224 1090 2407 1144 nostri
2441 1092 2674 1146 millites
2706 1092 3079 1146 conﬁdebant
3107 1093 3310 1159 armis,

2056 1194 2171 1232 non
2203 1185 2318 1235 Deo
2360 1181 2573 1236 victore
2599 1182 3006 1251 bonorumque
3033 1186 3286 1237 auctore.

2057 1267 2280 1322 Rursus
2314 1270 2604 1340 profectus
2635 1276 2838 1324 contra
2863 1270 3100 1326 eosdem
3132 1272 3322 1326 Caesar

2054 1357 2317 1412 modesto
2349 1375 2478 1412 eum
2515 1360 2769 1414 exercitu
2811 1364 2991 1430 atque
3023 1359 3117 1429 pio

2052 1449 2107 1494 et
2136 1443 2231 1511 qui
2264 1442 2562 1498 victoriam
2595 1445 2821 1498 ccelitus
2851 1446 3145 1515 sperabat,

2049 1529 2192 1585 inito
2227 1533 2422 1602 prailio
2456 1533 2765 1588 debellavit
2799 1534 3020 1600 hostes,

2050 1636 2481 1691 numerumque
2525 1623 2845 1692 plurimum
2879 1623 3072 1693 gladio
3100 1624 3389 1679 messuit:

2047 1707 2334 1778 reliquam
2368 1716 2597 1780 captam
2629 1710 2761 1764 belli
2789 1714 2923 1781 jure
2957 1712 3191 1766 turbam

1969 1828 2012 1889 Β
2043 1797 2226 1852 victor
2255 1798 2542 1852 exercitus
2575 1799 2684 1853 sub
2718 1817 2931 1855 corona
2963 1801 3242 1856 vendidit.

2041 1888 2112 1939 At
2142 1886 2460 1957 imperator
2487 1889 2596 1942 sibi
2631 1889 2701 1942 de
2734 1889 2964 1960 Scythis
2998 1890 3139 1960 legit

2035 1974 2277 2029 eximios
2305 1976 2550 2045 juvenes
2583 1977 2831 2044 validos,
2864 1994 3163 2048 pugnaces

2033 2081 2178 2134 quos
2203 2065 2262 2119 iu
2297 2067 2526 2136 regione
2559 2068 2756 2136 posuit
2781 2067 2933 2120 dicta
2967 2067 3252 2138 Mogleno,

2031 2170 2202 2208 suam
2234 2154 2387 2209 hanc
2417 2153 2720 2226 appellans
2761 2155 3144 2228 perculiarem
3179 2174 3463 2226 manum;

2030 2244 2124 2300 hic
2160 2262 2314 2300 nunc
2346 2245 2520 2300 etiam
2552 2265 2585 2301 a
2615 2247 2866 2302 statione
2898 2248 3142 2318 Mogleni

2027 2333 2196 2403 vulgo
2228 2333 2602 2405 appellantur
2630 2335 3262 2408 Moglenopatizinacae.

2025 2423 2105 2477 En
2139 2428 2335 2478 autem
2360 2421 2537 2477 Italus
2567 2441 2636 2478 ex
2665 2425 2965 2480 occidente
2992 2425 3279 2482 exercitus

2025 2512 2329 2582 processit,
2366 2512 2570 2566 urbem
2603 2514 2674 2567 ad
2714 2514 3098 2585 Byzantinam
3130 2516 3396 2580 tendens,

2021 2601 2124 2654 sed
2157 2600 2466 2656 orientales
2497 2617 2706 2657 cursus
2743 2609 2945 2670 petens
2972 2603 3197 2676 plagas.

2021 2689 2208 2760 Hujus
2241 2690 2536 2762 portendit
2562 2691 2868 2748 manifeste
2903 2700 3129 2750 motum

2017 2779 2105 2834 vis
2135 2777 2496 2834 locustarum
2531 2780 2738 2852 ingens
2768 2799 2834 2836 ex
2868 2782 3153 2852 hesperiis

2017 2884 2152 2922 eoos
2185 2876 2384 2938 pelens
2415 2867 2595 2935 locos,
2629 2886 2694 2924 ac
2727 2869 2983 2926 volatum

2019 2974 2120 3028 per
2145 2957 2541 3012 Macedoniam
2573 2958 3001 3028 Thraciamque
3032 2959 3311 3029 dirigens.

2015 3048 2370 3099 Francorum
2404 3061 2638 3116 quoque
2669 3045 2992 3099 excercitus
3024 3047 3235 3100 fretum
3266 3048 3504 3102 transiit

2025 3139 2192 3204 atque
2224 3134 2518 3188 Nicaeam
2553 3134 2754 3186 urbem
2787 3133 3166 3187 circumsedit

1940 3192 1986 3257 ϐ
2025 3223 2345 3277 Turcarum
2379 3221 2651 3276 manibus
2683 3221 2930 3291 turpiter
2959 3238 3300 3292 oppressam
3328 3240 3341 3289 ;

2023 3328 2199 3384 quam
2232 3309 2529 3365 diuturnis
2561 3309 2932 3382 borridisque
2966 3311 3180 3382 pugnis

2023 3401 2328 3472 multoque
2359 3397 2632 3470 utrinque
2664 3397 2918 3454 militum
2961 3400 3184 3456 excidio

2021 3496 2412 3563 expugnatam
2458 3488 2660 3544 Franci
2687 3505 2787 3560 per
2815 3488 2930 3543 vim
2962 3507 3280 3562 summam,

2019 3581 2227 3636 Cmsari
2260 3596 2440 3647 graeco
2465 3579 2648 3634 multo
2683 3596 2929 3650 repenso
2962 3581 3147 3650 pretio

2022 3670 2495 3734 divendiderunt,
2532 3674 3030 3739 perrexeruntque
3063 3669 3310 3725 ulterius
3339 3687 3352 3724 :

2022 3758 2314 3830 delatique
2354 3757 2425 3811 ad
2462 3756 2666 3810 urbem
2698 3755 3091 3824 Antiochiam,

2022 3850 2172 3904 hanc
2204 3846 2451 3901 artiﬁcio
2485 3849 2540 3898 et
2572 3844 3218 3914 praeliis'obtinuerunt.

2021 3937 2292 3992 Posthinc
2323 3932 2596 3988 certamin
2609 3950 2704 3987 um
2743 3949 2952 4004 magno
2972 3933 3166 3988 labore

2018 4027 2253 4080 Sionem
2277 4038 2503 4092 quoque
2535 4027 2816 4091 ceperunt
2848 4021 3048 4074 urbem
3086 4022 3204 4076 Dei.

2019 4117 2162 4169 Tum
2193 4117 2249 4168 et
2280 4111 2645 4166 Raimundus
2675 4108 2830 4162 titius
2863 4109 3119 4173 Roberti,

2021 4201 2234 4258 nobilis
2265 4199 2446 4257 Italus
2467 4197 2680 4254 Caesari
2712 4202 2912 4252 nostro
2933 4197 3111 4252 ﬁdem

2012 4295 2276 4365 juratam
2309 4289 2468 4344 dedit
2495 4287 2614 4342 fore
2650 4292 2714 4342 ut
2736 4286 3056 4342 amicitiam

2021 4387 2365 4456 perpetuam
2398 4394 2597 4433 secum
2629 4375 2860 4443 coleret,
2885 4381 2944 4431 et
2974 4377 3323 4449 obsequium

2022 4470 2211 4528 devoti
2245 4468 2423 4524 animi
2456 4465 2958 4535 reverentiamque
2989 4464 3249 4522 haberet.

1950 4557 1991 4620 D
2025 4559 2107 4615 Ob
2139 4557 2195 4610 id
2227 4560 2461 4626 accepta
2491 4572 2524 4609 a
2551 4557 2774 4608 Caesare
2807 4552 3074 4623 pecunia,

2025 4646 2194 4703 donis
2225 4644 2464 4699 affectus
2486 4641 2860 4712 insolitisque
2892 4642 3238 4710 honoribus,

2026 4734 2287 4809 perrexit
2315 4733 2375 4788 in
2407 4731 2669 4788 Ciciliam
2703 4746 2958 4801 moxque
2993 4731 3052 4786 in
3083 4731 3334 4804 Syriam.

2027 4831 2126 4882 Ast
2153 4821 2461 4879 Antiochia
2491 4819 2719 4874 fortiter
2749 4819 2988 4890 potitus.

2027 4932 2205 4989 quam
2247 4911 2368 4984 regi
2401 4908 2689 4965 obtulerat
2713 4910 2974 4979 juratam
3009 4911 3185 4968 {idem

2027 5018 2378 5072 sacrumque
2411 4999 2597 5053 fmdus
2631 4997 2782 5052 illico
2813 4997 3038 5063 fefellit,

2031 5095 2317 5169 perﬁdum
2352 5091 2574 5144 hostem
2608 5096 2789 5141 semet
2813 5086 3056 5157 imperio
3088 5090 3391 5149 exhibens.

2029 5192 2158 5242 Mox
2188 5183 2260 5236 ab
2289 5179 2510 5233 oriente
2541 5191 2748 5230 rursus
2777 5175 2835 5229 in
2868 5176 3208 5248 Hesperiam

2031 5275 2204 5330 homo
2228 5268 2509 5325 scelestus
2543 5281 2674 5320 cum
2707 5265 3002 5320 rediturus
3034 5277 3208 5337 esset,

2034 5368 2301 5420 metuens
2325 5355 2457 5424 sibi,
2493 5359 2741 5410 mortem
2775 5355 3093 5410 simulavit.

2035 5453 2183 5522 Ergo
2207 5443 2420 5513 fallaci,
2454 5447 2734 5512 tanquam
2771 5449 3057 5513 mortuus,
3091 5445 3222 5499 dolo

2036 5542 2123 5599 vel
2159 5532 2552 5594 moribundus
2584 5532 2856 5587 conditur
2885 5531 2942 5585 in
2977 5549 3153 5604 capsa

2039 5639 2213 5704 atque
2244 5628 2327 5682 ita
2359 5641 2390 5679 a
2425 5621 2664 5678 famulis
2697 5622 2956 5679 defertur
2986 5623 3042 5676 in
3089 5623 3338 5694 patriam

3611 348 3720 404 M2
