4038 6214
348 358 450 415 1ί7

348 482 452 557 qui
480 480 769 538 talentum
802 475 1034 549 imperii
1062 475 1231 531 valde
1257 476 1447 545 auxit;

346 587 586 644 semper
613 569 674 625 in
702 566 882 623 armis
914 582 1016 636 pro
1047 564 1235 621 salute
1264 566 1519 638 publica,

347 661 571 718 alienas
598 658 772 713 urbes
800 654 1105 710 vindicans
1136 655 1402 727 imperio,

346 748 612 815 consilio,
645 744 861 811 verbis,
893 758 1071 816 Opera
1098 747 1155 799 et
1182 749 1305 800 arte
1333 742 1555 814 bellica,

344 839 531 893 victor
561 833 887 907 sepissime
918 833 1176 889 hostium
1212 832 1631 904 plurimorum,

348 943 451 983 ceu
485 923 785 996 quondam
815 920 995 977 David
1031 921 1227 977 hostes
1255 920 1636 992 propulsabat

345 1030 514 1086 prece
542 1012 658 1085 pia,
691 1010 821 1067 forti
858 1027 1059 1077 manu,
1090 1008 1299 1083 peritia
1319 1009 1509 1065 ducis.

350 1103 541 1174 Hujus
572 1098 852 1157 victorias
884 1099 1077 1154 dicere
1107 1097 1193 1153 vel
1216 1098 1415 1169 prelis

348 1192 757 1261 virtutumque
788 1204 1097 1244 numerum
1132 1193 1188 1243 et
1217 1192 1507 1252 ornatum,

351 1280 573 1335 rhetori
606 1293 842 1349 quoque
873 1292 1107 1332 summo
1136 1291 1450 1348 operosum
1483 1276 1582 1331 sit.

349 1374 470 1425 Nos
497 1385 566 1424 ex
596 1365 823 1439 ingenti
854 1380 1058 1421 acervo
1090 1380 1275 1435 pauca
1305 1364 1618 1419 sumimus.

350 1458 457 1514 Hic
487 1460 774 1527 occupato
804 1454 1048 1527 paciﬁce
1078 1454 1327 1524 imperio

352 1547 600 1619 largitus
629 1550 722 1601 est
749 1544 1002 1600 honores
1025 1548 1272 1615 cognato
1302 1542 1501 1615 generi

354 1635 699 1706 cunctisque
731 1633 936 1689 tribuit
967 1649 1069 1705 pro
1103 1632 1386 1704 dignitate
1418 1647 1665 1687 munera
1697 1648 1710 1686 :

355 1742 567 1797 nempe
597 1724 868 1798 gerendis
900 1725 1040 1796 reip.
1076 1721 1287 1778 ofﬁciis

354 1814 720 1888 propinquos
747 1812 854 1868 sibi
889 1812 1176 1884 sanguine
1209 1811 1542 1883 praeposuit.

354 1904 425 1961 Hi
451 1920 586 1959 vero
614 1902 728 1975 ipsi
763 1902 1049 1972 conjurati
1085 1904 1138 1957 in
1173 1916 1371 1972 regem

360 1993 636 2049 exitiosas
669 1990 996 2046 moliuntur
1024 1990 1272 2045 insidias

355 2082 531 2153 paulo
565 2085 696 2151 post
728 2080 939 2135 initum
974 2079 1044 2133 ab
1078 2078 1177 2134 illo
1209 2077 1539 2149 imperium.

358 2172 549 2241 Atque
581 2169 671 2223 bis
703 2169 820 2223 dux
850 2171 975 2222 erat
1004 2168 1333 2239 peragendo
1365 2166 1521 2238 Operi

364 2257 520 2330 regis
550 2273 832 2329 germana
863 2273 1027 2312 soror
1049 2257 1323 2328 princeps
1357 2259 1537 2310 Anna.

356 2347 616 2411 Quorum
649 2363 785 2402 cum
818 2350 1020 2400 essent
1052 2350 1297 2400 detecta;
1331 2345 1580 2413 insidiae,

358 2434 582 2492 nullius
613 2452 826 2507 corpus
855 2435 1139 2489 violatum
1176 2435 1306 2497 fuit,

357 2526 459 2580 sed
493 2523 851 2595 patrimonia
884 2529 1113 2578 tantum
1151 2528 1290 2579 sunt
1320 2527 1521 2593 erepta
1551 2541 1563 2578 :

355 2619 531 2685 atque
563 2613 684 2668 haec
717 2614 845 2683 ipsa
882 2612 1057 2683 paulo
1091 2617 1223 2683 post
1255 2611 1485 2666 restitui

358 2702 510 2758 mira
539 2702 853 2772 imperavit
884 2703 1072 2757 Caesar
1106 2700 1436 2756 clementia.

350 2792 586 2847 cunctis
616 2792 926 2846 remittens
957 2790 1223 2845 criminis
1256 2794 1485 2844 reatum
1522 2807 1535 2857 ;

353 2897 603 2953 parcens
635 2880 693 2934 in
725 2878 932 2951 primis
966 2878 1213 2950 principi
1250 2879 1458 2944 sorori,

353 2970 599 3042 ipsique
625 2985 765 3040 opes
799 2986 901 3039 pro
933 2967 1217 3038 dignitate
1249 2968 1521 3022 reddens.

358 3059 419 3114 Id
448 3059 742 3129 quomodo
775 3057 849 3112 sit
882 3066 1131 3128 gestum,
1164 3057 1326 3110 lubet
1359 3057 1573 3111 dicere.

359 3148 500 3202 Auri
532 3154 709 3218 atque
742 3148 963 3216 argenti
996 3162 1134 3200 vasa
1165 3162 1551 3217 gemmasque
1585 3144 1802 3200 nitidas

356 3244 414 3291 et
442 3236 615 3291 multi
649 3235 880 3306 generis
911 3240 1128 3289 vestem
1161 3239 1335 3305 atque
1364 3234 1677 3305 insignem,

362 3324 606 3378 maximi
638 3323 807 3394 pretii
841 3339 980 3394 epes
1012 3323 1070 3376 in
1104 3324 1358 3392 quadam
1394 3323 1567 3376 domo

362 3413 584 3469 sororis
616 3429 733 3468 suae
769 3412 1049 3482 principis
1076 3412 1362 3482 repositas

365 3505 556 3557 Caesar
587 3501 893 3572 spectabat
922 3517 1053 3554 cum
1085 3504 1311 3553 Joanne
1352 3498 1554 3551 Axuch
1582 3516 1596 3563 ;

358 3591 509 3655 Quin
531 3589 707 3646 etiam
738 3594 879 3643 tunc
912 3590 994 3643 sic
1026 3589 1220 3642 ferunt
1247 3588 1505 3641 locutum
1542 3603 1554 3640 :

356 3684 500 3735 Hem
536 3685 597 3734 ut
627 3678 859 3749 generis
893 3677 1006 3731 mei
1039 3694 1165 3731 sors
1197 3681 1288 3730 est
1327 3674 1644 3730 conversa!

363 3774 543 3839 utque
575 3767 812 3822 inimica
845 3766 989 3820 mihi
1017 3781 1172 3820 nunc
1199 3770 1285 3819 est
1317 3764 1608 3836 cognatio,

359 3862 419 3913 et
449 3857 550 3929 qui
582 3855 832 3911 benivoli
864 3854 1023 3920 olim,
1062 3870 1215 3908 nunc
1248 3858 1387 3908 sunt
1419 3851 1714 3908 malivoli!

361 3946 749 4011 Quamobrem
776 3945 954 4015 jubeo
988 3948 1301 4015 prmsentes
1332 3959 1469 4013 opes

360 4041 424 4090 ut
455 4035 561 4089 tibi
593 4051 818 4097 sumas,
855 4034 1049 4088 Axueh
1081 4034 1448 4089 dulcissime.

359 4126 415 4179 Is
447 4123 675 4179 liberali
707 4123 827 4193 regi
858 4129 1050 4192 grates
1083 4124 1201 4191 agit
1236 4144 1249 4191 ;

358 4213 461 4268 sed
488 4212 642 4280 licet,
677 4212 892 4282 inquit,
927 4229 1138 4267 sensus
1174 4229 1332 4266 meos
1365 4211 1595 4267 dicere!

361 4303 515 4374 Rege
546 4307 862 4362 annuente.
899 4300 980 4356 sic
1015 4318 1185 4356 orsus
1213 4309 1300 4356 est
1330 4301 1491 4371 loqui
1527 4317 1539 4352 :

360 4394 708 4463 Quanquam
740 4391 1025 4460 injustam
1058 4391 1173 4444 vim
1209 4395 1264 4444 et
1295 4390 1542 4443 insidias

361 4486 567 4537 contra
596 4486 673 4548 te,
706 4482 916 4544 Caesar,
949 4495 1114 4534 soror
1144 4483 1232 4531 est
1258 4477 1481 4543 molita,

361 4573 420 4623 et
444 4568 735 4623 abdicavit
768 4566 936 4621 factis
968 4566 1415 4632 fraternitatem,

364 4663 577 4713 natura
606 4662 803 4711 tamen
836 4655 974 4710 facit
1005 4654 1520 4723 consanguineam.

362 4746 626 4802 Vincesis
657 4745 836 4816 igitur
866 4744 1198 4798 Christiana
1230 4742 1541 4797 clementia

364 4835 587 4891 malum
620 4833 837 4890 sororis
865 4833 1131 4888 animum
1165 4836 1221 4886 et
1252 4832 1572 4901 injurium;

360 4923 563 4995 illique
595 4924 714 4978 haec
745 4921 943 4976 omnia
976 4921 1185 4992 largire
1217 4920 1479 4974 benivole

360 5014 431 5069 ad
464 5029 644 5081 quam
678 5016 916 5082 paterno
951 5009 1138 5079 magis
1163 5010 1296 5079 jure
1330 5008 1645 5079 pertinent.

360 5101 468 5156 His
501 5116 723 5155 morem
759 5114 970 5170 gerens
993 5098 1232 5152 monitis
1261 5100 1454 5153 Caesar

357 5193 569 5244 cuncta
597 5187 846 5242 libenter
875 5187 1082 5240 tribuit
1121 5187 1322 5241 sorori.

356 5276 606 5343 Etenim,
639 5276 851 5346 inquit,
882 5291 1059 5345 regno
1092 5276 1202 5330 sim
1238 5276 1537 5347 indignus,

356 5366 405 5423 si
437 5382 566 5422 meo
598 5364 796 5437 generi
831 5364 1030 5419 minus
1063 5367 1176 5420 sim
1209 5365 1535 5432 benivolus,

358 5473 534 5529 quam
569 5460 656 5525 tu,
691 5455 791 5527 qui
823 5454 971 5509 lucri
1002 5454 1284 5527 prodigus
1314 5458 1681 5526 contemptor

431 5591 540 5663 (49)
571 5588 969 5663 ΞξωυιιειοωΑ
996 5606 1164 5663 suam
1224 5591 1503 5663 adversus
1539 5587 1993 5663 f_ratrem,_dolo-

355 5656 658 5735 loremque
687 5662 842 5734 quod
876 5661 927 5717 is
957 5660 1267 5733 imperium
1302 5660 1572 5716 exstincti
1602 5656 1861 5733 parentis
1890 5675 1988 5717 oc-

1551 354 1925 409 EPHREMII
1973 350 2409 407 CHRONOGRA
2421 353 2541 404 PH!

2021 474 2075 540 Α
2103 472 2247 528 3710
2283 476 2629 547 Κραταρχιας
2650 470 2912 526 τάλαντον
2945 471 3184 542 αὐξήσας
3219 473 3378 545 μέγα,

2272 560 2383 617 Ἀεὶ
2416 563 2796 635 στραταρχῶν,
2829 558 3148 631 ὑπεραθλῶν
3178 562 3278 613 τοῦ
3305 558 3565 634 κράτους,

2273 647 2470 712 Πόλεις
2498 647 2707 711 ἐθνικὰς
2739 648 3053 703 ὑποτάασων
3084 652 3165 720 τῷ
3193 646 3400 723 κράτει,

2268 739 2489 808 Γνώσει,
2522 736 2697 811 λόγῳ,
2732 738 3030 812 πράγματι,
3062 737 3152 791 καὶ
3186 736 3345 812 πείρᾳ
3379 734 3587 811 μάχης,

2273 826 2607 900 Μυριόνικος
2634 825 2948 887 πλειστάκις
2978 822 3342 901 δεδηγμένος,
3432 848 3435 853 ·

2096 916 2238 972 3715
2273 915 2360 976 Ὡς
2392 915 2519 988 πρὶν
2552 914 2580 969 ὁ
2611 909 2777 969 Δαϐὶδ
2806 915 2923 969 κατ’
2955 914 3168 990 ἐχθρῶν
3195 913 3517 989 ἅντιμάχων

2273 1007 2485 1073 Λιταῖς,
2508 1004 2858 1077 στρατηγίαις
2888 1024 2947 1058 τε
2977 1003 3071 1057 σὺν
3101 1000 3407 1077 εὐανδρίαις
3443 1023 3456 1036 ο

2278 1092 2356 1149 Οὐ
2380 1090 2508 1153 τοὺς
2540 1093 2751 1168 ἀγῶνας
2779 1093 2868 1147 καὶ
2901 1092 3053 1153 νίκας
3081 1092 3425 1165 καταλέγειν,

2279 1183 2398 1238 Τῶν
2431 1180 2633 1256 ἀρετῶν
2668 1183 2716 1236 θ’
2746 1181 2945 1255 ὅμιλον
2977 1184 3063 1245 αἶς
3090 1182 3157 1252 ἦν
3190 1180 3496 1255 έκπρέπων,

2280 1271 2377 1325 Καὶ
2414 1270 2606 1347 ῥήτορι
2638 1269 2835 1345 γένοιτ’
2866 1269 2925 1325 ἃν
2958 1265 3113 1347 ἔργον
3140 1268 3341 1345 έξόχῳ.

2102 1363 2243 1417 3720
2272 1360 2434 1437 Μίκρ’
2464 1358 2595 1415 ἄττα
2625 1358 2671 1415 δ’
2703 1363 2839 1435 ἡμῖν
2875 1360 2935 1415 ἐκ
2963 1365 3232 1435 περιττῶν
3260 1359 3482 1415 λεκτέον
3513 1380 3527 1393 ⁸

2280 1450 2454 1511 Οὗτος
2484 1451 2773 1525 κατασχὼν
2805 1448 3063 1527 ἀσφαλῶς
3094 1448 3428 1523 κραταρχίαν

2280 1538 2460 1610 Τιμᾶς
2492 1533 2853 1612 έπεὸράϐευσε
2880 1542 2995 1599 τοῖς
3026 1536 3086 1591 ἐκ
3118 1542 3213 1591 τοῦ
3244 1538 3458 1614 γένους,

2282 1626 2379 1681 Καὶ
2408 1631 2569 1681 πᾶσιν
2602 1625 2792 1690 ἁπλῶς
2819 1623 3029 1702 δωρεὰς
3061 1625 3394 1700 ἀναλόγους,

2286 1719 2491 1770 Κοινῶν
2523 1721 2833 1789 προμηθεῖς
2858 1713 3123 1784 ἀποτάξας
3153 1714 3486 1791 πραγμάτων

2029 1842 2078 1907 Β
2106 1808 2249 1863 3725
2283 1807 2375 1860 Ἐκ
2401 1809 2509 1859 τῶν
2540 1807 2657 1869 καθ’
2689 1807 2826 1877 αἷμα
2853 1804 2945 1859 καὶ
2975 1804 3483 1876 προσῳκειωμένων
3513 1823 3527 1837 ’

2288 1894 2620 1969 Σύστρεμμα
2644 1891 2784 1966 τῷδε
2817 1892 3034 1970 βασιλεῖ
3059 1898 3163 1948 νῶν
3195 1891 3255 1948 ἐκ
3278 1894 3470 1968 γένους

2286 1986 2583 2041 Καττύεται
2614 1986 2834 2058 σκέμμα
2858 2004 2918 2038 τε
2953 1984 3331 2060 θανατηφόρον

2284 2074 2434 2129 Μετά
2454 2095 2516 2148 γε
2547 2072 2757 2149 βραχὺν
2786 2079 2887 2143 τῆς
2912 2072 3248 2149 κραταρχίας
3278 2071 3506 2147 χρόνον,

2288 2163 2650 2240 ΙΙρωτουργὸν
2683 2163 2795 2235 ἅμα
2824 2162 2914 2216 καὶ
2945 2161 3292 2237 οτρατηγέτιν
3324 2160 3454 2235 ἔχον

2110 2254 2251 2309 3730
2288 2254 2570 2325 ⁸Ὀμαιμον
2604 2250 2769 2306 αὐτού
2797 2252 2896 2320 τὴν
2930 2250 3288 2325 Καισάρισσαν
3320 2252 3513 2307 Ἃνναν
3546 2253 3657 2325 (49)

2288 2341 2391 2398 Καὶ
2418 2340 2775 2419 φωραθέντων
2806 2344 2914 2394 τῶν
2944 2338 3316 2394 συνιστώντων
3343 2337 3543 2414 λόχον,

2289 2429 2493 2491 Ἀεικὲς
2520 2426 2698 2490 οὐδεὶς
2735 2427 2810 2491 εἰς
2840 2425 3008 2500 δέμας
3038 2424 3278 2482 πέπονθέ
3304 2448 3381 2494 τι,

2290 2520 2414 2575 ’Ότι
2445 2538 2509 2592 γε
2541 2519 2618 2591 μὴ
2650 2515 2884 2588 ψίλωσιν
2918 2517 3117 2571 οὐσιῶν
3151 2515 3335 2588 μόνον,

2287 2609 2384 2669 “Ac
2413 2604 2709 2661 ἀποδοῦναι
2744 2592 2999 2681 βασιλεὺς
3029 2604 3388 2676 κεκτημένοις

2114 2698 2256 2754 3735
2291 2696 2443 2753 Μετά
2471 2716 2530 2771 γε
2564 2692 2744 2771 βραχὺ
2776 2692 3145 2770 προστέταχεν
3177 2692 3391 2763 ένθέως,

2292 2784 2475 2847 Αἷτίας
2504 2783 2654 2861 ἀφεὶς
2687 2789 2814 2837 πᾶσι
2846 2782 3330 2858 προσκεκρουκόσι,

2294 2876 2665 2946 Σπεισάμενος
2693 2873 2975 2947 πρώτιστα
3002 2876 3071 2945 τῇ
3106 2873 3437 2946 Καισαρίσσῃ

2291 2968 2329 3017 Κ
2372 2963 2386 2981 ‘
2461 2960 2493 3016 λ
2530 2965 2556 2975 ⁸
2732 2962 2745 2981 ’
2793 2963 2821 2976 “
3046 2957 3074 3013 δ
3112 2959 3126 2977 ⁸
3200 2960 3232 3014 ἀ
3272 2962 3282 2979 ’
3351 2978 3365 2991 ·

2334 2983 2388 3015 αι
2417 2982 2457 3015 π
2499 2982 2654 3015 ουτον
2684 2981 2825 3035 αυτῃ
2857 2980 3039 3015 συνεπι
3080 2980 3173 3021 ους
3238 2961 3321 3030 ξιᾳ

2287 3052 2478 3110 ’Ὀπως
2508 3047 2565 3104 δὶ
2592 3053 2753 3103 τοῦτο
2784 3043 3099 3122 συμϐέϐηκε
3129 3048 3418 3124 φραστέον·

2111 3141 2254 3196 3740
2291 3140 2403 3208 Τήν
2434 3137 2487 3192 έν
2511 3136 2877 3214 χρυσαργύρῳ
2905 3159 2963 3193 τε
2992 3137 3421 3213 λιθομαργάροις

2290 3228 2452 3296 Ἐσθή
2465 3226 2593 3299 μασί
2622 3248 2679 3281 τε
2710 3225 2988 3289 ποικίλοις
3016 3225 3341 3304 τιμαλφέσιν

2288 3315 2482 3370 Οὐσίαν
2516 3315 2798 3388 ἀμύθητον
2827 3314 2881 3370 ἔν
2914 3336 3021 3369 τινι
3053 3314 3239 3389 δόμων

2285 3407 2401 3469 Τῆς
2432 3406 2768 3479 κασιγνήτου
2802 3402 3169 3480 Καισαρίσσης
3193 3404 3453 3476 κειμένην

2283 3495 2446 3565 Ἅναξ
2480 3492 2792 3548 ἐπισκοπῶν
2817 3495 2886 3562 ἦν
2918 3493 3008 3548 σὺν
3042 3493 3247 3568 Ἀξοὺχ
3276 3493 3498 3568 Ἰωάννῃ
3530 3514 3543 3528 ·

2106 3583 2248 3638 3745
2283 3583 2474 3639 Ἡνίκα
2497 3580 2655 3638 τόνδε
2687 3582 2778 3637 καὶ
2804 3580 2923 3638 ταδὶ
2959 3582 3120 3660 φάναι
3153 3582 3320 3660 λόγος
3354 3604 3366 3616 ·

2285 3673 2373 3733 Ὠς
2400 3674 2549 3745 τάξις
2584 3672 2952 3747 ἀντέστραπτο
2982 3673 3151 3746 κάμοὶ
3179 3677 3277 3728 τοῦ
3307 3674 3531 3747 γένουςῐ

2284 3760 2381 3815 Καὶ
2415 3762 2664 3836 συγγενές
2699 3762 2792 3835 μὲν
2826 3759 3127 3836 δύστροπόν
3160 3783 3253 3835 μοι
3292 3764 3577 3837 τυγχάνει,

2288 3850 2609 3925 Ἀλλότριον
2645 3848 2692 3905 δ’
2723 3848 2912 3906 εὔνουν
2942 3872 3002 3906 τε
3029 3852 3119 3906 καὶ
3150 3851 3520 3930 πεφιλμένονε

2284 3941 2444 4002 “Ὀθεν
2474 3938 2685 3995 κελεύω
2708 3941 2775 3994 τὰ
2804 3940 3132 4016 προκείμενα
3159 3938 3288 3995 τάδε

2107 4030 2249 4085 3750
2288 4027 2556 4084 Φίλτατον
2587 4028 2793 4104 Ἀξοὺχ
2822 4024 3208 4105 προσλαϐόντα
3230 4030 3504 4105 κατέχειν.

2279 4118 2346 4174 Ὃ
2376 4115 2422 4172 δ’
2455 4116 2769 4192 εὐχαριστεῖ
2797 4121 2893 4187 τῆς
2932 4117 3368 4194 μεγαλοψυχίας.

2283 4207 2431 4262 Μετὰ
2462 4204 2519 4261 δέ
2546 4208 2595 4282 γ’
2629 4207 2796 4262 εἰπεῖν
2832 4206 3058 4283 λιπαρεῖ
3088 4206 3388 4282 δεδογμένα
3420 4227 3434 4238 ·

2285 4296 2389 4351 Καὶ
2422 4295 2515 4350 τὸν
2549 4290 2786 4350 λαϐόντα
2815 4300 2911 4350 τοῦ
2943 4296 3116 4372 λέγειν
3151 4295 3391 4367 ἐξουσίαν
3428 4316 3440 4328 ·

2286 4384 2349 4439 Εἰ
2370 4384 2459 4439 καὶ
2497 4384 2687 4457 βιαίων
2721 4382 2923 4440 ἀδίκων
2954 4407 3012 4440 τε
3040 4387 3378 4461 πραγμάτων

2090 4475 2250 4540 ,3755
2288 4475 2573 4546 Κατῆρξεν,
2607 4470 2753 4545 ἅναξ,
2786 4475 2853 4543 σὴ
2884 4475 3210 4549 κασίγνητος
3250 4474 3435 4548 φάναι,

2288 4564 2513 4637 ’Έργοις
2544 4562 2592 4616 τ’
2621 4562 2954 4634 ἀπωμόσατο
2986 4561 3367 4642 φιλαδελφίαν,

2290 4647 2449 4706 Ἀλλ’
2479 4652 2513 4719 ἦ
2547 4650 2706 4725 φύσις
2739 4652 3001 4726 σύναιμον
3034 4652 3199 4721 αὐτὴν
3234 4650 3463 4708 δεικνύει
3498 4673 3512 4687 ’

2288 4738 2529 4808 Νίκησον
2557 4740 2754 4794 οὐκοῦν
2786 4744 3218 4815 χριστομιμήτῳ
3246 4741 3437 4818 τρόπῳ

2288 4832 2520 4901 Γνώμην
2549 4829 2791 4901 ὁμαίμου
2823 4827 3086 4902 δυσμενῆ,
3117 4832 3455 4905 κακεργάτιν,

2109 4919 2252 4974 3760
2287 4917 2386 4972 Καὶ
2408 4917 2475 4972 τὰ
2504 4918 2620 4972 κατ’
2644 4912 2767 4991 ὄψιν
2798 4920 2969 4974 πάντα
2999 4916 3089 4982 δὸς
3118 4919 3255 4975 κατὰ
3283 4920 3470 4995 χάριν,

2287 5005 2465 5081 Ταύτῃ
2496 5003 2817 5083 διαφέροντα
2851 5006 3063 5080 μᾶλλον
3096 5009 3377 5084 πατρόθεν.

2284 5096 2460 5170 Ταύτῃ
2486 5116 2550 5170 γε
2574 5097 2812 5158 πεισθεὶς
2849 5096 3105 5171 βασιλεὺς
3132 5097 3459 5175 παραιφάσει

2287 5184 2462 5239 Πάντα
2485 5183 2781 5257 προθύμως
2812 5184 3145 5260 Καισαρίσσῃ
3175 5186 3467 5261 προσνέμει

2288 5272 2418 5344 Εἶ’ῃν
2448 5271 2527 5340 ἂν,
2557 5271 2746 5344 εἰπὼν,
2773 5277 2872 5327 τοῦ
2908 5274 3189 5343 βασιλείου
3212 5275 3442 5352 κράτους

2108 5361 2249 5415 3765
2288 5361 2570 5414 Παντάπαν
2602 5359 2836 5431 ἀνάξιος,
2872 5360 2922 5415 εἲ
2948 5363 3071 5437 περὶ
3103 5363 3261 5439 γένος

2281 5446 2501 5519 Τούμὸν
2534 5446 2781 5523 κριθείης
2813 5447 3196 5526 εὐμενέστερος
3223 5450 3286 5508 οὐ
3313 5473 3393 5527 γε,

2029 3194 2072 3261 C

2032 4572 2079 4637 D

2105 5583 2461 5658 cupavisset.
2495 5581 2639 5637 satis
2671 5583 3044 5658 demonstrat
3082 5586 3212 5658 ipsa
3247 5593 3417 5645 Anna
3454 5588 3778 5650 Comnena

2102 5658 2166 5713 in
2185 5653 2484 5712 'Alexiadis
2513 5668 2634 5711 sua;
2662 5654 2839 5712 calce.

3644 347 3748 401 M8
