4038 6214
304 360 414 413 149
465 355 480 368 ”

479 482 777 555 Ἀνώτερος
807 478 1032 553 κέρδους
1064 502 1123 535 τε
1149 486 1397 552 κτήσεως
1424 485 1611 555 τόσης.

477 568 672 630 Οὕτως
705 567 1084 640 ἀμνησίκακος
1119 571 1186 638 ἧν
1223 570 1346 641 ἅναξ
1379 570 1490 642 ὅδε,

477 657 691 729 Θερμός
722 660 773 711 τ’
799 656 1036 730 ἐραστὴς
1068 663 1529 732 χριστομιμήτων
1569 663 1785 737 τρόπων
1813 666 1824 720 ί

287 747 433 804 3770
477 748 689 821 Μήτηρ
722 743 782 799 δὲ
808 743 969 800 τοῦδε
995 746 1085 798 καὶ
1123 746 1340 820 βασιλὶς
1375 747 1609 822 Εἰρήνη,

477 834 540 888 Ei
569 835 664 888 καὶ
696 834 822 908 πρὶν
859 835 1158 909 άπέστεργε
1187 831 1331 890 τόνδ’
1361 838 1458 890 οὐκ
1491 835 1718 903 ἐνδίκως

471 924 593 980 Οὐκ
627 923 775 993 ἄξιον
805 923 1070 996 κρίνουσα
1099 925 1237 999 πρὸς
1265 926 1626 1001 κραταρχίαν,

471 1015 562 1073 Ὠς
596 1017 667 1085 τῇ
701 1011 926 1087 θυγατρὶ
967 1011 1226 1085 μνωμένη
1253 1015 1319 1068 τὰ
1347 1020 1442 1069 τοῦ
1471 1018 1727 1092 κράτους,

469 1096 714 1174 Γαμὸρῷ
743 1121 801 1154 τε
829 1105 907 1171 τῷ
942 1101 1162 1176 Καίσαρι
1188 1108 1268 1174 τῷ
1304 1106 1604 1176 Βρυεννίῳ,

287 1192 430 1246 3775
474 1191 666 1263 Λόχου
698 1194 975 1263 φονῶντος
1005 1189 1072 1243 οὐ
1104 1190 1369 1267 συνίστωρ
1403 1194 1620 1266 εὑρέθη·

467 1278 705 1334 Μᾶλλον
742 1276 800 1332 δὲ
825 1283 1028 1350 γνοῦσα
1060 1280 1135 1340 εἰς
1164 1279 1348 1334 ἔπειτα
1376 1282 1436 1334 τὸ
1461 1279 1641 1356 δρᾶμα

463 1363 791 1434 Ἐπῆῧολον
830 1365 1017 1440 λόγιον
1049 1367 1275 1436 ἐξειπεῖν
1310 1368 1490 1444 λόγος,

477 1457 717 1526 ι-νώμην
745 1476 802 1509 τε
831 1453 1048 1524 κεδνὴν,
1080 1458 1303 1524 συνετὴν
1335 1457 1465 1529 μαλ’
1497 1457 1798 1532 εὐστόχως,

467 1547 561 1606 ἐὶς
597 1544 707 1620 οὐχ
737 1545 942 1599 ὑπόντα
975 1547 1088 1620 χρὴ
1123 1545 1279 1619 διφᾷν
1313 1547 1563 1622 βασιλέα,

287 1638 428 1691 3780
473 1636 729 1707 Παρόντα
763 1632 820 1688 δὲ
845 1635 1088 1708 στέργειν
1114 1655 1171 1689 τε
1199 1641 1391 1689 τοῦτον
1417 1637 1506 1691 καὶ
1540 1631 1738 1693 σέϐειν.

465 1724 647 1783 Οὗτος
679 1744 1004 1796 στρατευσας
1033 1723 1169 1778 κατά
1199 1729 1415 1798 Περσῶν
1452 1720 1738 1800 βαρϐάρων

463 1814 572 1874 Τὰς
603 1813 741 1886 πρὸς
776 1811 1134 1883 Κομνηνακτα
1162 1815 1430 1883 συνθήκας
1461 1812 1629 1868 πάλαι

462 1901 876 1970 Διαλυσαντων,
907 1905 997 1954 καί
1031 1899 1221 1962 πόλεις
1247 1900 1559 1974 Ῥωμαίδος

459 1990 575 2052 Τὰς
603 1991 746 2064 πρὸς
779 1991 993 2062 Φρυγίᾳ
1023 1990 1112 2044 καὶ
1147 1989 1444 2064 Μαιάνδρῳ
1475 1994 1726 2064 κειμένας

280 2081 420 2134 3785
464 2079 928 2152 Κατατρεχόντων
957 2079 1049 2132 καὶ
1080 2084 1261 2140 κακῶς
1295 2077 1549 2153 δρώντων
1583 2079 1800 2143 ὅπλοις·

458 2167 559 2221 Καὶ
595 2164 897 2239 συμϐαλὼν
931 2167 1163 2236 ἥττησεν
1199 2167 1390 2230 αὐτοὺς
1420 2167 1714 2238 πολλάκις,

454 2256 809 2330 Τρεψαμενος
833 2262 970 2333 σφᾶς
999 2256 1238 2318 εὐκλεῶς
1268 2257 1318 2311 ἐν
1349 2264 1467 2319 ταῖς
1501 2260 1729 2333 μάχαις.

455 2345 555 2398 Καὶ
591 2343 900 2399 Λαοδικέων
937 2343 994 2399 δὲ
1027 2340 1294 2411 λαμϐάνει
1330 2347 1515 2416 πόλιν,

462 2434 562 2490 Καὶ
594 2432 758 2503 τήνδε
787 2439 986 2508 τειχῶν
1009 2437 1401 2508 κατοχυρώσας
1431 2438 1638 2509 κράτει,

275 2526 417 2578 3790
459 2523 558 2576 Κατ
595 2523 772 2576 πάντα
801 2522 910 2583 Osi:
939 2521 994 2576 εὖ
1025 2524 1114 2576 καὶ
1147 2526 1324 2587 καθὼς
1351 2527 1416 2578 ’Τν
1449 2547 1558 2578 συυ.
1604 2527 1621 2566 έ

550 2567 560 2575 .
601 2561 614 2574 ,
1166 2565 1179 2577 .
1375 2567 1384 2592 ι
1521 2575 1530 2598 ι
1563 2545 1744 2601 φ-ρον,

458 2613 603 2682 Πρὸς
639 2609 893 2685 βασιλίδα
918 2615 1346 2690 καθυποστρέφει
1379 2613 1566 2681 πόλιν,

455 2703 567 2754 Οἷα
603 2699 858 2774 βασιλεὺς
891 2700 1111 2774 ἀγαθὸς,
1144 2702 1442 2779 νικηφόρος

449 2793 588 2851 Τοῖς
627 2789 935 2863 βασιλκοῖς
970 2786 1335 2861 ἀναδούμενος
1369 2791 1606 2863 κρότοις.

452 2880 610 2935 Μετᾶ
637 2876 694 2932 δὲ
729 2880 918 2953 μικρὸν
953 2879 1304 2934 ἀπανίσταται
1334 2879 1523 2945 πάλιν,

270 2971 411 3025 3735
451 2971 550 3023 Καὶ
581 2969 788 3042 γίνεται
821 2967 887 3035 δὴ
920 2970 1055 3023 κατᾶ
1082 2970 1182 3037 τὴν
1217 2970 1564 3044 Παμφυλίαν,

449 3061 608 3132 Αἱρεῖ
637 3079 695 3112 τε
729 3057 1053 3127 Σωζόπολιν
1090 3060 1476 3134 μηχανουργίᾳ

449 3146 626 3201 Πόλιν
660 3146 899 3219 ἐρυμνὴν
931 3147 1020 3201 καὶ
1051 3147 1592 3223 κατησφαλισμένην,

444 3237 636 3293 Ἀλλα
664 3257 726 3290 τε
751 3236 981 3291 πλεῖστα
1007 3240 1116 3290 τῶν
1151 3237 1262 3291 ἐκεῖ
1299 3235 1606 3311 πολιχνίων

440 3330 845 3401 Στραηγικαῖς
875 3326 1093 3399 τέχναις
1121 3346 1180 3380 τε
1207 3327 1298 3380 καὶ
1326 3325 1510 3400 μάχης
1541 3325 1717 3399 νόμιμ’

267 3416 406 3470 3303
443 3416 531 3470 Ἐν
565 3417 654 3473 οἷς
682 3434 782 3486 περ
815 3413 1097 3489 ἧρίθμητο
1126 3414 1217 3468 καὶ
1246 3412 1586 3486 κεκλημένον

446 3503 773 3572 Δ·3σ).ηπτον
808 3499 978 3558 ὄντων
1004 3503 1462 3580 Ἱερακορυφίτου,

438 3594 660 3666 Ἔρυμα
692 3591 949 3666 τειχῆρές
980 3615 1032 3648 τι
1065 3590 1348 3667 δύσμαχον
1382 3593 1539 3646 πάνυ.

436 3678 619 3734 Πάλαι
658 3680 753 3752 μέν
782 3677 910 3735 ὄντα
938 3686 1017 3753 τῷ
1046 3681 1229 3756 κράτει
1258 3679 1564 3754 Ῥωμαίδος

435 3767 686 3837 Τπήκοά
715 3789 773 3822 τε
799 3768 889 3822 καὶ
922 3771 1230 3844 συνηριθμη
1245 3768 1396 3841 μένα,

259 3857 395 3913 3805
431 3861 592 3929 Ζυγῷ
629 3856 683 3911 δὲ
716 3862 933 3932 Περσῶν
965 3860 1356 3913 καθυπείκοντα
1391 3858 1534 3914 τότεο

433 3943 614 4006 Οὗτος
645 3945 769 4019 περέ
800 3947 1049 4018 πέμπτον
1077 3968 1136 4021 γε
1164 3954 1262 4015 τῆς
1291 3948 1470 4022 ἀρχῆς
1502 3949 1702 4021 χρόνον

435 4037 664 4096 ἘΘ-ιους
696 4040 966 4098 Σκυθικοῦ
995 4035 1407 4111 κατακείροντος
1439 4035 1653 4110 Θρᾴκην

439 4123 538 4176 Καὶ
573 4125 745 4178 πάντα
768 4125 970 4193 ταύτῆς
1005 4127 1278 4194 Σκυθικὴν
1303 4125 1553 4200 ἐρημίαν,

433 4214 501 4268 Ὃ
533 4233 684 4288 ιςιασι,
717 4211 954 4287 δρῶντος
983 4212 1276 4287 ἐκδρομαῖς
1311 4213 1673 4289 πανημέροις,

263 4302 396 4355 3310
433 4306 588 4354 Κινέῖ
619 4303 736 4354 κατ’
766 4303 943 4357 αὐτῶν
972 4304 1283 4374 Ῥωμαϊκὰς
1318 4301 1593 4375 δυνάμεις,

435 4390 530 4441 Καὶ
565 4389 909 4460 συμπλακείς
943 4391 1089 4465 σφίσι
1120 4412 1180 4465 γε
1207 4396 1287 4462 τῷ
1317 4395 1452 4446 Θεοῦ
1496 4393 1663 4446 σθένει

437 4478 885 4551 Κατατροποῦται
909 4480 1177 4540 Σκυθικὰς
1202 4479 1371 4540 πάσας
1396 4478 1548 4549 τἴλαις,

438 4564 537 4617 Καὶ
568 4566 944 4639 τρισαριστεὺς
975 4563 1343 4622 ἀναδείκνυται
1376 4568 1592 4641 κράτωρ

437 4652 675 4714 Βουλαῖς
705 4656 1052 4730 στρατηγίαις
1083 4676 1161 4723 τε,
1197 4654 1374 4716 λιταῖς
1407 4653 1625 4715 ἐνθέοις

267 4741 400 4797 3315
438 4741 516 4798 Οὐ
543 4742 647 4816 γὰρ
680 4739 804 4812 ἄναξ
837 4738 1151 4815 σύμϐουλος
1183 4743 1248 4812 ἦν
1284 4745 1524 4818 χρηστὸς
1560 4744 1722 4816 μόνον

438 4828 538 4883 Καί
568 4850 628 4904 γε
658 4831 964 4906 στρατηγὸς
986 4830 1037 4885 ἐν
1073 4830 1276 4905 μάχαις
1309 4831 1618 4906 ρωμολέος,

440 4915 620 4973 Ἀλλὰ
649 4917 785 4983 καΘὰ
813 4941 898 4981 τις
928 4921 1015 4974 καὶ
1050 4927 1254 4988 Μωσῆς
1285 4917 1457 4982 ἄλλος
1491 4921 1608 4982 νέος

436 5007 627 5080 Χεῖρας
659 5009 874 5082 ἂνυψῶν
909 5009 1074 5063 εἰκόνι
1107 5005 1375 5081 σεϐασμίᾳ

429 5098 538 5163 Τῆς
574 5095 999 5173 μητρανανδρου
1029 5097 1118 5152 καὶ
1152 5099 1502 5170 πανυμνήτου
1535 5096 1718 5172 Κόρης

269 5181 395 5238 3320
433 5186 552 5259 Σχή
567 5206 730 5256 μασιν
762 5187 1009 5259 οἰκτροῖς
1039 5186 1128 5240 καὶ
1159 5186 1496 5260 σταλαγμοῖς
1530 5183 1775 5260 δακρύων

429 5269 790 5347 Παρεμϐολὰς
821 5274 1002 5349 ἔκρινε
1029 5273 1122 5336 τὰς
1147 5280 1255 5329 τῶν
1286 5269 1572 5350 βαρϐάρων

426 5363 555 5415 Θεοῦ
583 5360 834 5428 διδόντος
867 5366 970 5433 τήν
1003 5363 1155 5433 νίκην
1192 5364 1484 5439 οὐρανόθεν

429 5453 700 5528 Περιφανῆ
726 5475 782 5510 τε
814 5453 908 5509 καὶ
943 5450 1271 5524 περίπυστον
1305 5452 1444 5510 λίαν.

429 5539 527 5594 Καὶ
558 5542 660 5618 γὰρ
691 5547 961 5598 τοσοῦτον
1003 5540 1362 5620 μυριάριθμον
1395 5543 1583 5620 στέφος

268 5620 394 5677 3825
429 5629 802 5701 Δορυαλώτων
838 5627 1159 5706 συνελήφθη
1199 5619 1506 5704 βαρϐαρων,

1840 371 2035 422 C/ESA
2049 374 2206 425 RES.

1998 495 2049 558 Α
2081 509 2239 548 nunc
2271 498 2354 548 tot
2385 495 2613 550 oblatas
2645 497 2924 568 respuisti
2957 514 3117 570 opes.

2079 581 2234 636 Adeo
2266 582 2550 639 clemente
2581 601 2678 639 rex
2712 585 2804 640 hic
2835 592 2958 642 erat
2988 589 3207 655 animo,

2080 674 2256 740 atque
2278 671 2544 728 imitator
2571 674 2785 730 Christi
2820 676 3124 732 studiosus
3151 678 3163 732 l

2077 762 2355 816 Caterum
2383 768 2571 817 mater
2601 781 2666 819 ac
2695 765 2895 836 regina
2929 767 3090 822 Irene

2075 864 2411 920 quanquam
2440 851 2652 907 Joanni
2687 854 3021 910 immerenti
3055 856 3304 924 infensa,

2074 953 2244 1006 quem
2282 939 2433 994 haud
2471 941 2714 1012 imperio
2746 943 2991 1015 dignum
3028 947 3358 1017 reputabat,

2073 1026 2246 1096 idque
2274 1031 2576 1084 studuerat
2611 1032 2749 1086 olim
2782 1035 3153 1088 committere

2073 1113 2201 1167 lilia:
2235 1120 2404 1186 atque
2433 1135 2642 1185 genero
2674 1121 2882 1174 Cmsari
2919 1122 3230 1192 Bryennio,

2071 1220 2226 1256 nunc
2259 1203 2604 1260 insidiarum
2639 1213 2836 1262 tamen
2870 1209 3075 1279 ignara
3107 1211 3234 1266 fuit.

2068 1291 2212 1352 Quin
2252 1294 2463 1347 certior
2497 1302 2697 1365 postea
2732 1297 3054 1352 moliminis
3095 1299 3248 1354 facta

2071 1381 2254 1434 fertur
2287 1381 2504 1436 dixisse
2535 1385 2907 1438 commodum
2945 1387 3208 1455 eliatum,

2067 1475 2239 1540 atque
2272 1479 2617 1542 prudentem
2644 1477 2962 1530 admodum
2997 1479 3368 1546 sententiam,

2065 1576 2177 1613 non
2211 1577 2338 1615 esse
2370 1563 2775 1632 vestigantium
2811 1563 3080 1620 latentem
3115 1583 3330 1638 regem,

2062 1649 2160 1702 sed
2196 1648 2330 1703 huic
2356 1653 2624 1720 praesenti
2661 1659 2925 1707 amanter
2955 1655 3418 1725 obsequendum.

2060 1736 2220 1790 Idem
2255 1739 2516 1809 suscepit
2536 1745 2739 1794 contra
2771 1744 2976 1796 Persas
3006 1740 3245 1806 bellum,

2061 1825 2159 1894 qui
2183 1842 2315 1880 cum
2350 1829 2645 1882 Comneno
2679 1830 2786 1883 {113d
2803 1847 2869 1884 us
2900 1831 3034 1886 olim
3074 1831 3281 1886 initum

2060 1913 2371 1984 fregerant,
2408 1918 2577 1986 atque
2612 1917 2857 1973 urbibus
2890 1919 3170 1974 Romanis

2059 2001 2114 2055 in
2152 2001 2398 2074 Phrygia
2427 2007 2483 2058 et
2505 2005 2632 2076 ripa
2664 2006 2938 2060 Mzcandri
2973 2007 3177 2077 positis

2057 2091 2299 2146 armatis
2325 2091 2764 2148 incursionibus
2797 2094 3029 2150 molesti
3061 2098 3244 2150 erant.

2055 2179 2202 2248 Ergo
2234 2196 2347 2234 non
2373 2181 2553 2236 semel
2586 2183 2862 2238 manibus
2896 2183 3211 2252 consertis,

2056 2268 2420 2338 proﬂigando
2448 2269 2613 2325 hoste
2643 2271 2892 2343 gloriam
2927 2271 3146 2326 retulit.

2054 2355 2264 2410 Urbem
2295 2357 2436 2428 quin
2470 2359 2613 2413 adeo
2648 2361 2801 2430 cepit
2840 2361 3203 2425 Laodiceam,

2052 2461 2227 2515 quam
2263 2462 2395 2500 mox
2430 2446 2678 2501 munivit
2710 2449 2994 2502 mcenium
3032 2448 3324 2519 praesidio,

2051 2534 2399 2605 cunctisque
2430 2535 2575 2590 bene
2607 2539 2672 2590 ut
2699 2552 2847 2607 Opus
2880 2537 2992 2591 fuit
3023 2537 3353 2608 dispositis,

2051 2621 2120 2674 ad
2156 2621 2358 2676 urbem
2390 2623 2608 2695 regiam
2643 2625 2831 2680 reditu
2858 2642 2919 2680 se
2947 2628 3202 2697 recepit;

2050 2709 2250 2780 ibique
2274 2710 2448 2765 veluti
2482 2728 2579 2766 rex
2610 2714 2958 2770 victoriosus

2049 2797 2256 2868 plausu
2291 2799 2540 2856 solemni
2576 2804 2775 2873 populi
2809 2808 2896 2857 est
2930 2807 3215 2873 receptus.

2048 2886 2213 2941 Brevi
2247 2889 2571 2958 intervallo,
2606 2891 2877 2946 discessit
2907 2892 3099 2946 denuo

2047 2979 2104 3029 et
2135 2992 2265 3030 cum
2300 2975 2554 3032 exercitu
2591 2995 2839 3050 pergens
2873 2980 2930 3033 in
2963 2979 3368 3050 Pamphyliam

2047 3063 2101 3115 vi
2135 3067 2570 3135 strategematis
2598 3068 2751 3136 cepit
2782 3067 3110 3136 Sozopolim

2048 3153 2250 3206 urbem
2279 3153 2566 3208 excelsam
2601 3155 2864 3224 undique
2897 3154 3208 3209 munitam.

1964 3229 2005 3292 C
2042 3237 2201 3294 Alias
2233 3257 2466 3312 quoque
2499 3239 2785 3312 plurimas
2820 3241 3130 3297 urbeculas

2040 3329 2252 3399 partim
2288 3330 2506 3384 astutia
2539 3329 2749 3401 partim
2781 3331 2834 3385 vi
2871 3330 3079 3386 bellica

2037 3418 2210 3488 cepit,
2245 3434 2393 3489 quas
2420 3418 2572 3474 inter
2603 3419 2762 3474 aditu
2800 3419 3038 3474 difﬁcile

2034 3510 2317 3574 castrum,
2350 3507 2439 3562 cui
2475 3522 2688 3563 nomen
2725 3508 3250 3579 Hieracorypbites,

2033 3596 2326 3652 moenibus
2353 3597 2575 3652 celsum
2608 3601 2666 3652 et
2695 3597 3174 3669 inexpugnabile.

2029 3688 2166 3748 Quae
2198 3690 2419 3745 cunctas
2451 3703 2612 3742 arces
2645 3687 2702 3741 in
2738 3687 2980 3742 Romani
3013 3686 3243 3758 imperii

2031 3773 2247 3830 finibus
2277 3775 2478 3844 positae
2511 3775 2820 3846 eidemque
2853 3776 3114 3831 obnoxiae

2028 3866 2332 3917 Persarum
2357 3864 2571 3934 jugum
2615 3867 2820 3934 postea
2849 3865 3174 3920 subierunt.

2028 3952 2194 4004 Anno
2225 3950 2471 4005 Joannis
2505 3951 2854 4022 imperantis
2884 3951 3113 4021 quinto,

2023 4037 2293 4108 Scythica
2325 4055 2458 4093 cum
2490 4056 2632 4108 lgens
2664 4038 2972 4093 Thraciam
3008 4042 3281 4106 vastaret,

2024 4133 2081 4181 et
2110 4126 2517 4195 solitudinem,
2550 4131 2611 4180 ut
2644 4132 2734 4180 est
2765 4126 2823 4180 in
2855 4127 3182 4196 proverbio,

2023 4215 2353 4287 Scythicam
2389 4216 2600 4269 faceret
2633 4215 2932 4285 perpetuis
2977 4215 3356 4282 incursibus;

2025 4304 2320 4359 Romanas
2346 4307 2544 4374 cupias
2574 4304 2764 4358 Caesar
2791 4307 2992 4358 contra
3021 4304 3258 4359 eduxit:

2023 4393 2241 4463 Deique
2272 4409 2379 4463 ope
2411 4391 2606 4462 praelia
2639 4392 2960 4447 commisso

2020 4480 2319 4552 Scythicas
2349 4484 2591 4535 cunctas
2623 4480 2856 4550 disjecit
2884 4479 3228 4551 phalanges,

2021 4573 2078 4624 et
2108 4568 2457 4624 victoriosus
2484 4569 2806 4640 imperator
2839 4568 3064 4623 exstitit

2023 4656 2293 4726 consilio,
2325 4675 2528 4721 manu,
2564 4658 2835 4728 precibus
2867 4657 2936 4711 ad
2969 4657 3174 4711 Deum.

2022 4744 2149 4799 Non
2182 4744 2336 4800 enim
2372 4751 2603 4801 tantum
2630 4762 2726 4800 rex
2757 4743 3112 4799 consiliosus
3143 4749 3268 4802 erat

2024 4838 2200 4904 atque
2233 4850 2336 4904 per
2367 4851 2596 4906 pugnas
2627 4833 2793 4888 fortis
2827 4833 3170 4903 imperator,

2023 4922 2126 4976 sed
2148 4923 2308 4977 velut
2331 4922 2478 4977 alter
2507 4928 2735 4993 Moyses
2767 4920 3032 4976 novellus

2024 5027 2237 5066 manus
2269 5010 2542 5067 attollens
2574 5013 2641 5066 ad
2676 5014 2992 5082 augustam
3027 5010 3347 5083 imaginem

2020 5099 2443 5156 laudatissima}
2475 5099 2730 5171 Virginis
2762 5099 3019 5169 Deiparaa

2021 5188 2274 5260 supplici
2306 5195 2477 5260 gestu
2505 5188 2882 5260 profusisque
2913 5187 3193 5262 lacrymis

2021 5280 2361 5336 barbaricos
2394 5280 2682 5337 exercitus
2717 5280 3040 5351 superavit,

2020 5369 2321 5425 victoriam
2354 5370 2583 5426 coalitus
2614 5371 2872 5426 donante
2902 5369 3044 5439 Deo,

2022 5456 2392 5528 splendidam
2428 5476 2668 5532 prorsus
2699 5462 2758 5515 et
2787 5457 3250 5513 celeberrimam.

2022 5545 2249 5601 Etenim
2283 5553 2483 5604 tantus
2514 5549 2907 5603 Barbarorum
2943 5560 3226 5599 numerus

2021 5633 2081 5688 in
2117 5641 2464 5704 potestatem
2496 5638 2714 5694 decidit
2744 5633 2998 5700 victoris,

3628 380 3732 435 150
