4086 6210
373 321 470 376 151
1579 312 1949 365 EPHREMII
1987 308 2557 368 CHRONOGRAPHI

283 460 290 464 '
365 450 428 498 ut
449 441 510 497 in
545 440 823 498 Romanis
855 437 1027 493 terris
1059 435 1321 491 occiduis

365 531 501 604 pagi
532 535 591 586 et
619 528 859 585 coloniae
883 531 1023 581 tunc
1054 526 1124 580 de
1160 524 1248 579 his
1293 523 1565 579 Barbarie

369 620 634 676 conﬂata
666 618 905 673 fuerunt
933 621 991 671 et
1022 629 1178 670 nunc
1209 614 1400 669 adhuc
1431 615 1730 680 maneant,

369 709 587 780 quibus
619 711 676 762 et
704 705 897 777 gentis
927 703 1184 760 inditum
1216 707 1307 758 est
1330 718 1565 758 nomen.

371 797 484 853 Alii
514 794 831 866 conscripti
862 799 1004 850 sunt
1023 792 1333 848 auxiliares

376 891 553 957 atque
584 885 862 940 Romanis
893 882 1132 938 admisti
1165 879 1537 936 exercitibus.

370 975 645 1046 Magnam
675 973 794 1029 vim
824 987 1058 1043 quoque
1080 971 1190 1026 sub
1221 986 1435 1025 corona
1463 967 1745 1024 vendidit.

370 1062 556 1118 victor
585 1061 878 1118 exercitus
905 1077 1047 1116 auro
1077 1059 1460 1114 licitantibus.

370 1151 551 1206 Paulo
579 1156 711 1222 post
740 1150 933 1206 Caesar
962 1148 1144 1204 armis
1175 1163 1382 1202 rursus
1415 1146 1591 1202 motis

373 1244 575 1295 contra
603 1238 890 1294 Triballos
920 1238 1202 1293 barbaros
1227 1241 1318 1291 est
1347 1236 1666 1306 profectus,

372 1329 548 1383 ﬁdem
571 1329 835 1399 juratam
869 1328 1090 1398 perfide
1121 1327 1420 1392 iallentes;

369 1434 520 1488 quos
551 1415 872 1472 debellatos
900 1417 1158 1471 violento
1190 1419 1375 1469 marte

368 1506 560 1560 denuo
591 1521 796 1576 pacem
827 1508 1017 1561 tacere
1049 1504 1237 1575 coegit
1270 1521 1282 1558 :

368 1609 623 1664 cumque
673 1594 984 1650 manubias
1014 1593 1176 1648 illinc
1205 1591 1514 1663 abegisset,

372 1681 622 1738 militem
654 1681 956 1752 prOprium
991 1682 1186 1752 praeda
1217 1679 1476 1750 replevit,

370 1766 575 1838 spoliis
611 1767 956 1829 innumeris,
991 1768 1201 1838 opibus
1233 1766 1506 1838 copiosis.

370 1856 678 1926 Captivum
711 1859 902 1911 autem
934 1856 1144 1928 vulgus
1178 1856 1331 1911 ultra
1362 1856 1576 1911 fretum

371 1943 677 2000 transtulit
708 1945 767 1999 in
802 1944 1161 2017 Bythiniam,
1195 1945 1368 2016 eique
1394 1946 1564 2000 sedes

369 2031 528 2088 haud
559 2033 761 2104 procul
797 2035 938 2090 urbe
967 2034 1304 2090 Nicomedia
1351 2034 1639 2090 attribuit.

373 2121 654 2190 Idemque
685 2123 897 2191 partim
929 2121 1144 2178 milites
1177 2123 1548 2193 conscripsit,

368 2209 588 2280 partim
621 2211 764 2281 reip.
791 2211 927 2266 fecit
957 2211 1290 2283 vectigales.

369 2301 588 2354 Istrum
618 2302 819 2356 aestivo
849 2305 1113 2373 tempore
1160 2302 1511 2374 transgressi

366 2386 564 2444 Hunni
595 2394 878 2460 ceperunt
907 2392 1112 2446 urbem
1145 2390 1552 2462 Branitzoben,

367 2475 539 2546 cujus
569 2477 814 2548 dejectis
841 2479 1070 2535 cunctis
1102 2479 1382 2548 adiﬁciis,

365 2563 592 2636 lapides
623 2569 802 2622 etiam
830 2566 1145 2638 Zeugmion
1178 2567 1443 2624 tulerunt
1476 2584 1489 2622 :

368 2744 495 2796 tum
527 2743 704 2799 etiam
736 2760 939 2815 agrum
971 2745 1354 2801 incursarunt
1380 2745 1649 2802 Sardicaa.

371 2830 559 2902 Igitur
588 2831 682 2888 his
715 2849 1029 2890 occurrens
1061 2834 1381 2906 imperator

367 2919 522 2974 inter
550 2920 796 2992 paludes
828 2923 1013 2978 valido
1043 2939 1178 2980 cum
1209 2923 1394 2980 milite

362 3007 520 3066 haud
551 3013 755 3082 procul
787 3013 934 3069 Istro
965 3014 1234 3070 hostibus
1265 3031 1618 3086 congressus

363 3097 581 3155 claram
609 3101 680 3156 de
707 3101 981 3158 Barbarie
1013 3103 1213 3158 retulit
1242 3104 1582 3174 victoriam;

359 3191 417 3240 et
447 3187 799 3245 Chrasmum
830 3193 984 3262 cepit
1012 3209 1146 3248 cum
1184 3193 1628 3262 Francocborio,

361 3290 476 3343 que
509 3291 644 3345 pars
676 3280 917 3334 Paeoniae
949 3284 1307 3352 prestantior
1334 3289 1476 3338 erat.

360 3361 510 3416 Tum
541 3364 719 3420 etiam
750 3367 1012 3438 Zeugmii
1045 3371 1261 3426 mcenia
1292 3376 1664 3445 expugnavit.

360 3449 644 3522 illincque
675 3455 931 3524 praedam
967 3458 1214 3513 abstulit
1242 3460 1635 3532 innumeram,

362 3541 660 3598 manubiis
693 3543 816 3614 ipse
841 3544 1112 3615 plurimis
1144 3548 1364 3605 ditatus

362 3627 662 3701 simulque
693 3634 886 3689 omnis
911 3634 1209 3692 Romanus
1240 3640 1548 3696 exercitus.

363 3717 508 3774 Pace
534 3735 668 3775 cum
700 3721 930 3778 Hunnis
972 3723 1238 3782 barbaris
1269 3729 1610 3801 composita,

361 3805 423 3860 in
454 3807 735 3866 orientem
767 3813 1071 3869 transtulit
1098 3816 1415 3872 exercitum
1444 3836 1458 3887 ;

359 3911 582 3968 perque
615 3899 892 3972 Bithynos
923 3904 1218 3961 transiens
1249 3910 1307 3961 et
1334 3907 1741 3980 Paphaglonas

361 3983 532 4040 celeri
564 4002 738 4044 cursu
775 3991 1036 4062 pervenit
1067 3996 1502 4064 Castamonem,

360 4071 630 4147 hancque
659 4080 920 4136 Romano
950 4081 1268 4138 vindicavit
1298 4090 1554 4156 sceptro,

308 4205 314 4208 .
358 4162 560 4232 (quam
579 4169 972 4224 Persarmenii
990 4171 1348 4242 jampridem
1379 4176 1678 4247 tenebant)

357 4250 533 4308 scalis
563 4258 622 4309 et
652 4256 941 4312 machinis
973 4259 1360 4318 arietantibus

360 4340 433 4394 ad
456 4340 607 4398 hanc
647 4345 992 4415 capiendam
1027 4350 1250 4404 naviter
1282 4368 1446 4406 usus.

360 4433 499 4486 Post
528 4431 670 4503 hec,
706 4437 963 4505 captivos
997 4435 1282 4507 plurimos
1325 4441 1545 4496 ducens

361 4533 462 4574 rex
491 4525 670 4592 atque
701 4525 958 4594 praedam
993 4527 1506 4599 innumerabilem,

361 4609 584 4680 regiam
618 4611 687 4666 ad
724 4613 926 4667 urbem
961 4614 1159 4670 retulit
1190 4618 1395 4688 pedem

359 4702 636 4770 exceptus
667 4699 967 4771 plausibus
998 4704 1099 4775 qui
1130 4706 1338 4761 decent
1365 4707 1644 4764 victorem
1679 4725 1693 4763 :

359 4790 535 4856 atque
566 4789 638 4843 ob
672 4794 963 4846 recentem
997 4809 1165 4848 suam
1196 4795 1498 4851 victoriam

360 4877 550 4933 media
581 4879 822 4935 deduxit
849 4881 993 4936 urbe
1022 4882 1416 4955 triumphum.

353 4965 661 5024 Adornans
687 4969 838 5025 enim
872 4970 1116 5027 artiﬁcio
1149 4973 1387 5028 insolito

354 5070 594 5111 currum
627 5063 868 5129 argento
899 5077 1159 5133 auroque
1191 5062 1501 5135 fulgidum,

359 5160 533 5216 quem
568 5146 868 5204 niveorum
899 5151 1192 5223 quadriga
1213 5169 1502 5224 equorum

355 5238 488 5305 apte
518 5239 575 5290 et
604 5236 878 5293 decenter
901 5239 1239 5309 junctorum
1271 5242 1562 5312 trahebat,

353 5322 491 5379 huic
521 5327 915 5383 venerandam
956 5328 1242 5400 imposuit
1269 5331 1460 5387 Caesar

353 5411 644 5470 inviolata;
673 5415 937 5486 Deiparaa
967 5416 1322 5491 imaginem;

428 5594 542 5666 (50)
577 5595 640 5651 In
670 5595 890 5654 codicis
921 5597 1185 5672 margine
1215 5618 1302 5674 γρ.
1335 5597 1621 5677 Ζεύγμιον.

2041 435 2093 494 Α

2044 1795 2092 1858 Β

2025 4519 2075 4585 D

2301 429 2391 491 Ὡς
2420 432 2555 487 κατὰ
2594 431 2804 507 δυσμῆν
2833 435 3171 508 Ῥωμαϊκοῖς
3199 437 3252 491 ἐν
3283 441 3476 501 τόποις

2298 519 2392 572 Ἐκ
2419 518 2587 575 τῶνδε
2617 525 2808 595 κώμας
2838 524 2926 578 καὶ
2958 527 3227 588 συνοικίας
3259 526 3392 590 ὅλας

2299 607 2400 661 Καὶ
2433 612 2760 679 συσταθῆναι
2792 613 2881 666 καὶ
2912 616 3239 687 παραμένειν
3271 611 3372 686 ἔτι,

2298 696 2641 770 Ἑπωνυμίαν
2677 699 2726 772 ἐξ
2759 700 2943 765 ἔθνους
2973 723 3137 773 κεκτη
3151 707 3335 776 μένας.

2118 782 2258 838 3830
2299 785 2554 860 Τάγμασι
2584 785 2629 841 δ’
2660 787 2867 854 ἄλλους
2898 791 3228 868 συμμάχους
3263 793 3314 849 ἐν
3345 801 3463 857 ταῖς
3497 795 3704 872 μάχαις

2296 874 2672 950 Καταλεγῆναι
2700 879 3028 952 Ῥωμαϊκοῖς
3056 882 3145 936 καὶ
3179 883 3412 959 στί-χαις·

2297 962 2507 1036 Μοιρας
2541 961 2598 1018 δὲ
2627 964 2842 1029 πολλὰς
2874 968 3175 1035 ἀποδόσθαι
3201 972 3433 1047 χρυσίου

2296 1050 2424 1105 Ὑπὸ
2453 1061 2702 1127 στρατιᾶς
2737 1058 2886 1133 σφῶν
2915 1058 3081 1114 πάλιν
3115 1060 3441 1136 ᾑρημένοις.

2294 1139 2444 1193 Μετὰ
2475 1138 2531 1196 δὶ
2565 1145 2758 1219 μικρὸν
2793 1144 3012 1220 ὕστερον
3043 1148 3210 1205 πάλιν
3238 1152 3362 1221 ἄναξ

2119 1225 2260 1281 3835
2300 1227 2747 1318 ’ξῖπιπρατεύσας
2779 1241 2897 1299 τοῖς
2925 1233 3219 1312 Τριϐαλοῖς
3248 1235 3545 1318 βαρϐάροις

2295 1316 2489 1392 Ὅρκια
2521 1323 2842 1396 συγχέουσιν
2877 1324 2934 1379 ἐκ
2961 1328 3284 1403 κακουργίας

2298 1410 2445 1481 Σφᾶς
2473 1405 2758 1479 ἐκνικήσας
2793 1411 2843 1466 ἐν
2881 1413 3032 1488 μάχῃ
3060 1417 3196 1471 κατά
3224 1419 3421 1490 κράτος

2293 1493 2361 1546 Τὸ
2398 1490 2670 1570 βάρϐαρον
2703 1500 2917 1570 τίθησιν
2949 1500 3237 1559 ἔνσπονδον
3270 1507 3456 1562 πάλιν·

2296 1582 2455 1636 Λείαν
2488 1580 2536 1636 δ’
2565 1583 2764 1650 ἐκεῖθεν
2797 1589 3068 1653 ἀπελάσας
3102 1594 3294 1668 μυρίαν

2117 1669 2259 1724 3840
2296 1669 2518 1742 Πλήσας
2548 1695 2605 1728 τε
2631 1676 2694 1730 τὸ
2725 1677 3030 1752 στράτευμα
3056 1686 3163 1736 τῶν
3198 1684 3587 1758 σκυλευμάτων

2295 1756 2504 1849 ’Όλϐου
2532 1784 2589 1818 τε
2621 1764 2835 1820 πολλοῦ
2866 1769 2955 1822 καὶ
2986 1769 3244 1848 λαφύρων
3289 1756 3517 1849 μυρίων”

2302 1847 2526 1919 Πλῆθος
2557 1850 2903 1928 δορυάλωτον
2937 1857 3015 1922 εἷς
3043 1847 3307 1937 ἐπαρχίαν

2298 1940 2404 2007 Τὴν
2435 1945 2542 1994 τῶν
2577 1945 2816 1999 Βιθυνῶν
2845 1948 2980 2002 κατὰ
3006 1950 3104 2017 τὴν
3135 1951 3493 2025 Νικομήδους

2299 2023 2623 2093 Διαϐιϐάσας
2652 2031 3006 2107 ἐγκατοικίζει
3039 2038 3238 2113 φέρων.

2120 2115 2262 2173 3845
2300 2117 2402 2172 Καὶ
2430 2117 2602 2174 τῶνδε
2625 2121 2751 2184 τοὺς
2785 2125 2878 2196 μὶν
2908 2133 3130 2201 στρατιᾷ
3157 2126 3466 2207 καταλέγει,

2297 2208 2441 2268 Τοὺς
2472 2205 2520 2262 δ’
2549 2211 2614 2264 αὖ
2645 2219 2858 2287 παρῆκε
2888 2217 3160 2272 συντελεῖν
3189 2226 3358 2292 κοινῷ
3387 2218 3607 2298 φόρους.

2294 2294 2488 2351 Οὖννοι
2521 2299 2611 2353 τὸν
2643 2303 2850 2376 Ἴστρον
2881 2304 3264 2378 ἐκπεράσαντες
3296 2312 3484 2386 θέρους

2294 2386 2731 2462 Κατακρατοῦσιν
2757 2389 2959 2456 ἄστεως
2985 2395 3318 2468 Βρανιτζόϐη
3330 2421 3376 2471 ς,

2293 2475 2393 2527 Καὶ
2421 2474 2586 2545 τῆσδε
2615 2481 2788 2544 πάσας
2815 2484 3224 2559 κατερείψαντες
3260 2488 3440 2564 βάρεις

2117 2561 2258 2618 3850
2295 2567 2616 2642 Μετήγαγον
2665 2571 2801 2640 πρὸς
2851 2573 3138 2647 Ζεύγμινον
3332 2561 3437 2634 ’καὶ
3495 2582 3626 2646 τοὺς
3685 2583 3773 2640 λί-

2293 2738 2723 2816 Ἐπιδραμόντες
2755 2748 2844 2802 καὶ
2878 2749 3152 2825 Σαρδικῆς
3192 2756 3394 2831 χωρία.

2296 2830 2510 2887 Οὐκοῦν
2538 2832 2624 2888 ἐπὶ
2656 2842 2788 2912 σφᾶς
2817 2836 3205 2914 ἐκστρατεύσας
3244 2846 3271 2897 ὁ
3301 2848 3515 2922 κράτωρ

2295 2918 2383 3010 ίΕν
2422 2921 2744 2998 ὑγροχέρσῳ
2773 2930 2886 2998 (51)
2917 2931 3007 2983 καὶ
3039 2933 3265 3008 σθεναρᾷ
3296 2918 3517 3010 δυνάμει

2295 3009 2443 3064 Κατὰ
2471 3012 2562 3065 τὸν
2595 3015 2802 3089 Ἵστρον
2835 3019 3176 3090 συμπλακεὶς
3207 3023 3533 3090 ἀντιπάλοις

2114 3096 2256 3151 2855
2292 3098 2502 3168 Ἵστησι
2537 3101 2790 3178 λαμπρὰν
2822 3107 2956 3161 κατὰ
2989 3106 3276 3187 βαρϐάρων
3307 3115 3485 3186 νίκηνο

2293 3188 2390 3240 Καὶ
2423 3191 2684 3264 Χράσμον
2715 3193 2824 3249 εἷλε
2855 3195 2945 3250 σὺν
2976 3203 3057 3270 τῷ
3088 3206 3532 3279 Φραγγοχωρίῳ,

2289 3281 2396 3345 Γῆς
2430 3280 2674 3335 Παιόνων
2707 3284 2992 3356 κράτισσον
3032 3289 3276 3365 ὑπάρχον
3313 3294 3499 3369 μέρος·

2292 3365 2434 3435 Πρὸς
2464 3365 2510 3421 δ’
2538 3370 2604 3423 αὗ
2633 3375 3008 3446 παρεστήσατο
3037 3383 3225 3453 τεῖχος
3253 3384 3570 3456 Ζευγμίνου,

2291 3457 2410 3510 Κάκ
2439 3455 2596 3512 τοῦδε
2627 3457 2774 3516 λείαν
2811 3463 3057 3534 ἀπήλασι
3091 3471 3304 3542 μυρίαν,

2111 3543 2253 3597 3860
2293 3545 2394 3600 Καὶ
2427 3543 2622 3623 λάφυρ’
2652 3548 2913 3621 ἐκτήσατο
2945 3556 3032 3609 καὶ
3065 3557 3294 3614 πλεῖστα
3324 3561 3516 3634 σκύλα,

2288 3633 2464 3696 Αὐτός
2492 3657 2548 3690 τε
2576 3639 2664 3692 καὶ
2697 3642 3004 3715 στράτευμα
3032 3645 3316 3718 Ῥωμαίων
3351 3651 3486 3704 ἅπαν

2293 3724 2662 3798 Σπεισάμενος
2688 3726 2734 3782 δ’
2764 3727 2946 3786 ἔπειτα
2981 3730 3273 3811 βαρϐάροις
3303 3735 3530 3803 Ούννοις

2294 3813 2435 3886 Πρὸς
2466 3817 2565 3884 τήν
2596 3814 2669 3871 ἕω
2701 3821 3005 3894 στράτευμα
3028 3820 3366 3896 διαϐιϐάσας,

2291 3904 2389 3957 Διά
2421 3907 2656 3960 Βιθυνῶν
2690 3911 2934 3984 χωρίων,
2965 3911 3331 3991 Παφλαγόνων

2110 3990 2257 4045 3865
2295 3991 2604 4070 Ἐφίσταται
2634 3996 2867 4072 τάχιστα
2895 4004 2963 4074 τῇ
2998 3990 3332 4078 Κασταμόνι,

2290 4081 2389 4137 Καὶ
2419 4082 2566 4152 τήνδ’
2599 4085 2898 4142 ἐπανέσωσε
2934 4092 3005 4160 τῆ
3033 4092 3296 4166 Ῥωμαίδι

2285 4175 2706 4247 Ιῐερσαρμενίοις
2735 4197 2967 4250 κεκρατη
2981 4180 3146 4252 μένην
3179 4182 3370 4258 πάλαι,

2285 4260 2641 4334 Χρησάμενος
2670 4262 2916 4339 κλίμαξι,
2947 4273 3342 4348 τειχομαχίαις

2289 4349 2382 4411 Εἰς
2412 4349 2578 4420 τῆσδε
2600 4355 2699 4421 τήν
2733 4354 2938 4410 ἅλωσιν
2979 4358 3053 4419 ὡς
3081 4359 3434 4436 εὐμηχάνως.

2107 4437 2248 4492 3870
2284 4439 2516 4495 Τοιαῦτα
2545 4439 2740 4517 δράσας
2771 4444 3147 4521 αἰχμαλώτων
3177 4471 3235 4504 τε
3265 4451 3452 4529 στίφος

2284 4529 2386 4582 Καὶ
2418 4527 2564 4584 λείαν
2592 4531 2870 4604 ἀμύθητον
2904 4535 3146 4614 εἰληφὼς
3177 4540 3301 4610 ἄναξ

2287 4619 2430 4692 Πρὸς
2463 4619 2717 4694 βασιλίδα
2745 4624 2845 4691 τὴν
2875 4623 3034 4679 πόλιν
3078 4627 3396 4709 ὑποστρέφει

2283 4707 2387 4762 Οἴα
2415 4710 2644 4779 νικητὴς
2673 4709 3041 4785 ἀναδούμενος
3069 4716 3305 4791 κρότοις

2281 4794 2420 4850 Κάπὶ
2453 4799 2699 4872 τροπαίῳ
2729 4801 3024 4875 προσφάτῳ
3055 4804 3145 4858 καὶ
3171 4809 3240 4877 τῇ
3272 4806 3393 4882 νίκῃ

2103 4883 2244 4938 3875
2282 4885 2564 4962 Κατήγαγε
2591 4884 2858 4962 θρίαμϐον
2892 4891 2943 4944 ὲν
2975 4889 3108 4964 μέση
3133 4893 3314 4952 πόλει.

2281 4973 2481 5044 Τεύξας
2510 4975 2612 5051 γὰρ
2645 4977 2792 5050 ἅρμα
2817 4977 2906 5032 σὺν
2939 4983 3266 5057 τεχνουργίᾳ
3292 4983 3437 5056 ξένον

2279 5064 2658 5141 Χρυσαργύρῳ
2687 5065 2958 5123 κάλλιστα
2983 5066 3378 5146 διειλημμένον

2279 5153 2349 5208 "0
2380 5152 2661 5228 χιονώδης
2690 5157 2982 5228 τετρακτὺς
3015 5163 3305 5237 συστοιχία

2277 5241 2481 5295 Ἳππων
2511 5263 2593 5304 τις
2624 5242 2796 5299 εἷλκεν
2830 5245 3038 5323 εὐφυῶς
3071 5249 3462 5324 ζευγνυμένων

2099 5328 2240 5382 3880
2281 5328 2366 5384 Ἐν
2398 5327 2538 5400 τῷδε
2570 5332 2769 5399 σεπτήν
2803 5329 3116 5405 ἀναϐιϐάζει
3150 5339 3367 5414 κράτωρ

2273 5421 2380 5486 Τῆς
2416 5417 2827 5497 μητρανάνδρου
2858 5425 3133 5498 Παρθένου
3157 5427 3258 5496 τὴν
3290 5428 3495 5503 εἷ’κόνα,

2169 5601 2282 5675 (51)
2307 5601 2388 5659 De
2413 5602 2522 5661 hoc
2551 5604 2830 5664 vocabulo
2849 5605 3124 5678 judicent
3152 5608 3494 5670 hellenistaa.

3592 2675 3773 2746 [θους,
