  <div class='ocr_page' id='page_1' title='image "/cluster/home/n/w/nwhite01/storage/ocr_20150623/143/hvd.32044073502585/082.png"; bbox 0 0 4038 6214; ppageno 0'>
   <div class='ocr_carea' id='block_1_1' title="bbox 273 269 2185 326">
    <p class='ocr_par' dir='ltr' id='par_1_1' title="bbox 273 269 2185 326">
     <span class='ocr_line' id='line_1_1' title="bbox 273 269 2185 326; baseline -0.001 -2"><span class='ocrx_word' id='word_1_1' title='bbox 273 269 385 325; x_wconf 85' lang='grc'><strong>153</strong></span> <span class='ocrx_word' id='word_1_2' title='bbox 1818 273 2185 326; x_wconf 69' lang='grc' dir='ltr'><strong>ΟΕΒΑΒΕΒ.</strong></span> 
     </span>
    </p>
   </div>
   <div class='ocr_carea' id='block_1_2' title="bbox 473 394 1664 470">
    <p class='ocr_par' dir='ltr' id='par_1_2' title="bbox 473 394 1664 470">
     <span class='ocr_line' id='line_1_2' title="bbox 473 394 1664 470; baseline -0.003 -20"><span class='ocrx_word' id='word_1_3' title='bbox 473 397 563 450; x_wconf 83' lang='grc' dir='ltr'>Ἑν</span> <span class='ocrx_word' id='word_1_4' title='bbox 661 394 935 455; x_wconf 83' lang='grc' dir='ltr'>πεποιθὼς</span> <span class='ocrx_word' id='word_1_5' title='bbox 966 397 1052 448; x_wconf 78' lang='grc' dir='ltr'><strong>καὶ</strong></span> <span class='ocrx_word' id='word_1_6' title='bbox 1086 400 1361 470; x_wconf 72' lang='grc' dir='ltr'>κατορθῶν</span> <span class='ocrx_word' id='word_1_7' title='bbox 1395 398 1486 457; x_wconf 65' lang='grc' dir='ltr'>τὰς</span> <span class='ocrx_word' id='word_1_8' title='bbox 1517 394 1664 454; x_wconf 77' lang='grc' dir='ltr'>νίκας</span> 
     </span>
    </p>
   </div>
   <div class='ocr_carea' id='block_1_3' title="bbox 466 480 1652 560">
    <p class='ocr_par' dir='ltr' id='par_1_3' title="bbox 466 480 1652 560">
     <span class='ocr_line' id='line_1_3' title="bbox 466 480 1652 560; baseline -0.001 -23"><span class='ocrx_word' id='word_1_9' title='bbox 466 485 557 544; x_wconf 72' lang='grc' dir='ltr'>Ὡς</span> <span class='ocrx_word' id='word_1_10' title='bbox 590 480 1038 560; x_wconf 77' lang='grc' dir='ltr'>συστρατηγέτιδι</span> <span class='ocrx_word' id='word_1_11' title='bbox 1068 485 1184 538; x_wconf 84' lang='grc' dir='ltr'>κατ’</span> <span class='ocrx_word' id='word_1_12' title='bbox 1217 484 1430 560; x_wconf 77' lang='grc' dir='ltr'>ἐχθρῶν</span> <span class='ocrx_word' id='word_1_13' title='bbox 1465 485 1652 557; x_wconf 81' lang='grc' dir='ltr'>μάχης</span> 
     </span>
    </p>
   </div>
   <div class='ocr_carea' id='block_1_4' title="bbox 473 572 1595 649">
    <p class='ocr_par' dir='ltr' id='par_1_4' title="bbox 473 572 1595 649">
     <span class='ocr_line' id='line_1_4' title="bbox 473 572 1595 649; baseline -0.002 -21"><span class='ocrx_word' id='word_1_14' title='bbox 473 574 722 648; x_wconf 73' lang='grc' dir='ltr'>Προσῆγε</span> <span class='ocrx_word' id='word_1_15' title='bbox 746 574 846 642; x_wconf 74' lang='grc' dir='ltr'>τὴν</span> <span class='ocrx_word' id='word_1_16' title='bbox 875 573 1185 646; x_wconf 73' lang='grc' dir='ltr'>πρέπουσαν</span> <span class='ocrx_word' id='word_1_17' title='bbox 1220 572 1595 649; x_wconf 73' lang='grc' dir='ltr'><strong>εὐχαριστίαν,</strong></span> 
     </span>
    </p>
   </div>
   <div class='ocr_carea' id='block_1_5' title="bbox 279 660 1488 738">
    <p class='ocr_par' dir='ltr' id='par_1_5' title="bbox 279 660 1488 738">
     <span class='ocr_line' id='line_1_5' title="bbox 279 660 1488 738; baseline -0.003 -20"><span class='ocrx_word' id='word_1_18' title='bbox 279 662 427 718; x_wconf 84' lang='grc'><strong>3885</strong></span> <span class='ocrx_word' id='word_1_19' title='bbox 469 665 571 721; x_wconf 82' lang='grc' dir='ltr'>Ἠς</span> <span class='ocrx_word' id='word_1_20' title='bbox 599 661 688 714; x_wconf 81' lang='grc' dir='ltr'>καί</span> <span class='ocrx_word' id='word_1_21' title='bbox 720 668 940 736; x_wconf 84' lang='grc' dir='ltr'>προῆγε</span> <span class='ocrx_word' id='word_1_22' title='bbox 968 661 1063 715; x_wconf 79' lang='grc' dir='ltr'><strong>σὺν</strong></span> <span class='ocrx_word' id='word_1_23' title='bbox 1100 660 1203 736; x_wconf 79' lang='grc' dir='ltr'><strong>ὅλῃ</strong></span> <span class='ocrx_word' id='word_1_24' title='bbox 1235 660 1488 738; x_wconf 76' lang='grc' dir='ltr'><strong>γερουσίᾳ</strong></span> 
     </span>
    </p>
   </div>
   <div class='ocr_carea' id='block_1_6' title="bbox 470 747 1732 827">
    <p class='ocr_par' dir='ltr' id='par_1_6' title="bbox 470 747 1732 827">
     <span class='ocr_line' id='line_1_6' title="bbox 470 747 1732 827; baseline 0.001 -24"><span class='ocrx_word' id='word_1_25' title='bbox 470 751 603 804; x_wconf 63' lang='lat' dir='ltr'><strong>Hoc?</strong></span> <span class='ocrx_word' id='word_1_26' title='bbox 643 747 879 825; x_wconf 77' lang='grc' dir='ltr'>βαδίζων</span> <span class='ocrx_word' id='word_1_27' title='bbox 906 751 1194 825; x_wconf 79' lang='grc' dir='ltr'>σταυρικὸν</span> <span class='ocrx_word' id='word_1_28' title='bbox 1227 757 1500 826; x_wconf 79' lang='grc' dir='ltr'>σκῆπτρον</span> <span class='ocrx_word' id='word_1_29' title='bbox 1535 748 1732 827; x_wconf 70' lang='grc' dir='ltr'>φέρων.</span> 
     </span>
    </p>
   </div>
   <div class='ocr_carea' id='block_1_7' title="bbox 468 835 1704 915">
    <p class='ocr_par' dir='ltr' id='par_1_7' title="bbox 468 835 1704 915">
     <span class='ocr_line' id='line_1_7' title="bbox 468 835 1704 915; baseline -0.002 -20"><span class='ocrx_word' id='word_1_30' title='bbox 468 835 646 895; x_wconf 76' lang='grc' dir='ltr'>Ἀλλὰ</span> <span class='ocrx_word' id='word_1_31' title='bbox 678 839 891 915; x_wconf 75' lang='grc' dir='ltr'>βραχὺς</span> <span class='ocrx_word' id='word_1_32' title='bbox 918 837 1121 908; x_wconf 77' lang='grc' dir='ltr'>ἤνυστο</span> <span class='ocrx_word' id='word_1_33' title='bbox 1153 842 1267 895; x_wconf 85' lang='grc' dir='ltr'>κατ’</span> <span class='ocrx_word' id='word_1_34' title='bbox 1298 841 1441 895; x_wconf 76' lang='grc' dir='ltr'>οἶκον</span> <span class='ocrx_word' id='word_1_35' title='bbox 1476 838 1704 914; x_wconf 79' lang='grc' dir='ltr'><strong>χρόνος,</strong></span> 
     </span>
    </p>
   </div>
   <div class='ocr_carea' id='block_1_8' title="bbox 469 927 1552 1004">
    <p class='ocr_par' dir='ltr' id='par_1_8' title="bbox 469 927 1552 1004">
     <span class='ocr_line' id='line_1_8' title="bbox 469 927 1552 1004; baseline -0.001 -21"><span class='ocrx_word' id='word_1_36' title='bbox 469 929 572 983; x_wconf 80' lang='grc' dir='ltr'>Καὶ</span> <span class='ocrx_word' id='word_1_37' title='bbox 607 927 774 983; x_wconf 72' lang='grc' dir='ltr'>πάλιν</span> <span class='ocrx_word' id='word_1_38' title='bbox 809 928 1153 1004; x_wconf 75' lang='grc' dir='ltr'>ἐστράτευσεν</span> <span class='ocrx_word' id='word_1_39' title='bbox 1185 928 1308 999; x_wconf 77' lang='grc' dir='ltr'>ἅναξ</span> <span class='ocrx_word' id='word_1_40' title='bbox 1334 929 1552 1004; x_wconf 84' lang='grc' dir='ltr'>χαρίεις</span> 
     </span>
    </p>
   </div>
   <div class='ocr_carea' id='block_1_9' title="bbox 465 1017 1496 1093">
    <p class='ocr_par' dir='ltr' id='par_1_9' title="bbox 465 1017 1496 1093">
     <span class='ocr_line' id='line_1_9' title="bbox 465 1017 1496 1093; baseline 0.001 -22"><span class='ocrx_word' id='word_1_41' title='bbox 465 1017 614 1072; x_wconf 74' lang='grc' dir='ltr'><strong>Μετᾶ</strong></span> <span class='ocrx_word' id='word_1_42' title='bbox 639 1024 893 1092; x_wconf 78' lang='grc' dir='ltr'>στρατιᾶς</span> <span class='ocrx_word' id='word_1_43' title='bbox 921 1017 1144 1093; x_wconf 83' lang='grc' dir='ltr'>ἀρεϊκῆς</span> <span class='ocrx_word' id='word_1_44' title='bbox 1173 1019 1496 1093; x_wconf 73' lang='grc' dir='ltr'><strong>προφρόνως</strong></span> 
     </span>
    </p>
   </div>
   <div class='ocr_carea' id='block_1_10' title="bbox 276 1107 1445 1180">
    <p class='ocr_par' dir='ltr' id='par_1_10' title="bbox 276 1107 1445 1180">
     <span class='ocr_line' id='line_1_10' title="bbox 276 1107 1445 1180; baseline 0 -18"><span class='ocrx_word' id='word_1_45' title='bbox 276 1107 422 1162; x_wconf 81' lang='grc'>3890</span> <span class='ocrx_word' id='word_1_46' title='bbox 460 1107 584 1162; x_wconf 80' lang='grc' dir='ltr'>Ἐπὶ</span> <span class='ocrx_word' id='word_1_47' title='bbox 615 1109 982 1180; x_wconf 73' lang='grc' dir='ltr'>Τανισμάνιον</span> <span class='ocrx_word' id='word_1_48' title='bbox 1010 1107 1086 1169; x_wconf 80' lang='grc' dir='ltr'>εἰς</span> <span class='ocrx_word' id='word_1_49' title='bbox 1118 1107 1445 1180; x_wconf 86' lang='grc' dir='ltr'>Κασταμόνα</span> 
     </span>
    </p>
   </div>
   <div class='ocr_carea' id='block_1_11' title="bbox 429 1194 1597 1272">
    <p class='ocr_par' dir='ltr' id='par_1_11' title="bbox 429 1194 1597 1272">
     <span class='ocr_line' id='line_1_11' title="bbox 429 1194 1597 1272; baseline 0.001 -23"><span class='ocrx_word' id='word_1_50' title='bbox 429 1197 750 1272; x_wconf 83' lang='grc' dir='ltr'>Στρατηγὸν</span> <span class='ocrx_word' id='word_1_51' title='bbox 779 1194 947 1269; x_wconf 76' lang='grc' dir='ltr'>ἄνδρα</span> <span class='ocrx_word' id='word_1_52' title='bbox 972 1198 1118 1272; x_wconf 83' lang='grc' dir='ltr'>παρᾶ</span> <span class='ocrx_word' id='word_1_53' title='bbox 1148 1200 1597 1271; x_wconf 81' lang='grc' dir='ltr'>Περσαρμενίοις,</span> 
     </span>
    </p>
   </div>
   <div class='ocr_carea' id='block_1_12' title="bbox 464 1283 1488 1360">
    <p class='ocr_par' dir='ltr' id='par_1_12' title="bbox 464 1283 1488 1360">
     <span class='ocr_line' id='line_1_12' title="bbox 464 1283 1488 1360; baseline 0.003 -23"><span class='ocrx_word' id='word_1_54' title='bbox 464 1283 677 1354; x_wconf 74' lang='grc' dir='ltr'>Ταύτην</span> <span class='ocrx_word' id='word_1_55' title='bbox 712 1283 904 1338; x_wconf 70' lang='grc' dir='ltr'>ἑλόντα</span> <span class='ocrx_word' id='word_1_56' title='bbox 933 1285 1275 1360; x_wconf 78' lang='grc' dir='ltr'>τειχομαχίᾳ</span> <span class='ocrx_word' id='word_1_57' title='bbox 1300 1284 1488 1352; x_wconf 81' lang='grc' dir='ltr'>πόλιν,</span> 
     </span>
    </p>
   </div>
   <div class='ocr_carea' id='block_1_13' title="bbox 465 1371 1666 1451">
    <p class='ocr_par' dir='ltr' id='par_1_13' title="bbox 465 1371 1666 1451">
     <span class='ocr_line' id='line_1_13' title="bbox 465 1371 1666 1451; baseline 0.001 -25"><span class='ocrx_word' id='word_1_58' title='bbox 465 1371 565 1426; x_wconf 77' lang='grc' dir='ltr'>Καὶ</span> <span class='ocrx_word' id='word_1_59' title='bbox 601 1371 848 1450; x_wconf 67' lang='grc' dir='ltr'>φύλακας</span> <span class='ocrx_word' id='word_1_60' title='bbox 875 1375 1154 1428; x_wconf 75' lang='grc' dir='ltr'>κτείναντα</span> <span class='ocrx_word' id='word_1_61' title='bbox 1184 1373 1490 1446; x_wconf 77' lang='grc' dir='ltr'>Ῥωμαίους</span> <span class='ocrx_word' id='word_1_62' title='bbox 1524 1372 1666 1451; x_wconf 78' lang='grc' dir='ltr'>ξίφει</span> 
     </span>
    </p>
   </div>
   <div class='ocr_carea' id='block_1_14' title="bbox 468 1459 1666 1537">
    <p class='ocr_par' dir='ltr' id='par_1_14' title="bbox 468 1459 1666 1537">
     <span class='ocr_line' id='line_1_14' title="bbox 468 1459 1666 1537; baseline 0 -21"><span class='ocrx_word' id='word_1_63' title='bbox 468 1461 578 1516; x_wconf 76' lang='grc' dir='ltr'><strong>Καὶ</strong></span> <span class='ocrx_word' id='word_1_64' title='bbox 607 1459 763 1531; x_wconf 68' lang='grc' dir='ltr'>τήνδ’</span> <span class='ocrx_word' id='word_1_65' title='bbox 795 1461 1099 1517; x_wconf 66' lang='grc' dir='ltr'>ἂπανέσωσε</span> <span class='ocrx_word' id='word_1_66' title='bbox 1131 1464 1425 1536; x_wconf 84' lang='grc' dir='ltr'>Ῥωμαίων</span> <span class='ocrx_word' id='word_1_67' title='bbox 1459 1464 1666 1537; x_wconf 80' lang='grc' dir='ltr'>κράτει·</span> 
     </span>
    </p>
   </div>
   <div class='ocr_carea' id='block_1_15' title="bbox 282 1547 1790 1627">
    <p class='ocr_par' dir='ltr' id='par_1_15' title="bbox 282 1547 1790 1627">
     <span class='ocr_line' id='line_1_15' title="bbox 282 1547 1790 1627; baseline -0.001 -21"><span class='ocrx_word' id='word_1_68' title='bbox 282 1552 428 1606; x_wconf 87' lang='grc'><strong>3895</strong></span> <span class='ocrx_word' id='word_1_69' title='bbox 471 1550 614 1625; x_wconf 86' lang='grc' dir='ltr'>Πρὸς</span> <span class='ocrx_word' id='word_1_70' title='bbox 640 1547 825 1605; x_wconf 80' lang='grc' dir='ltr'>τοῖσδε</span> <span class='ocrx_word' id='word_1_71' title='bbox 855 1553 1101 1626; x_wconf 80' lang='grc' dir='ltr'>Γάγγραν</span> <span class='ocrx_word' id='word_1_72' title='bbox 1133 1557 1467 1627; x_wconf 84' lang='grc' dir='ltr'>καταπορθεῖ</span> <span class='ocrx_word' id='word_1_73' title='bbox 1494 1553 1593 1618; x_wconf 79' lang='grc' dir='ltr'>τήν</span> <span class='ocrx_word' id='word_1_74' title='bbox 1627 1551 1790 1605; x_wconf 79' lang='grc' dir='ltr'>πόλιν</span> 
     </span>
    </p>
   </div>
   <div class='ocr_carea' id='block_1_16' title="bbox 468 1638 1583 1716">
    <p class='ocr_par' dir='ltr' id='par_1_16' title="bbox 468 1638 1583 1716">
     <span class='ocr_line' id='line_1_16' title="bbox 468 1638 1583 1716; baseline -0.001 -21"><span class='ocrx_word' id='word_1_75' title='bbox 468 1641 561 1695; x_wconf 86' lang='grc' dir='ltr'>Ἐν</span> <span class='ocrx_word' id='word_1_76' title='bbox 661 1661 721 1714; x_wconf 87' lang='grc' dir='ltr'><strong>γε</strong></span> <span class='ocrx_word' id='word_1_77' title='bbox 751 1640 1023 1716; x_wconf 72' lang='grc' dir='ltr'>φρουροὺς</span> <span class='ocrx_word' id='word_1_78' title='bbox 1051 1638 1319 1711; x_wconf 73' lang='grc' dir='ltr'>ἀποτάξας</span> <span class='ocrx_word' id='word_1_79' title='bbox 1352 1639 1583 1702; x_wconf 85' lang='grc' dir='ltr'>ὁπλίτας</span> 
     </span>
    </p>
   </div>
   <div class='ocr_carea' id='block_1_17' title="bbox 470 1729 1551 1805">
    <p class='ocr_par' dir='ltr' id='par_1_17' title="bbox 470 1729 1551 1805">
     <span class='ocr_line' id='line_1_17' title="bbox 470 1729 1551 1805; baseline -0.001 -20"><span class='ocrx_word' id='word_1_80' title='bbox 470 1729 572 1785; x_wconf 82' lang='grc' dir='ltr'>Ἐκ</span> <span class='ocrx_word' id='word_1_81' title='bbox 603 1729 917 1801; x_wconf 81' lang='grc' dir='ltr'>Ῥωμαϊκῆς</span> <span class='ocrx_word' id='word_1_82' title='bbox 949 1736 1199 1805; x_wconf 77' lang='grc' dir='ltr'>στρατιᾶς</span> <span class='ocrx_word' id='word_1_83' title='bbox 1233 1729 1551 1805; x_wconf 79' lang='grc' dir='ltr'>δισχιλίους</span> 
     </span>
    </p>
   </div>
   <div class='ocr_carea' id='block_1_18' title="bbox 475 1817 1717 1895">
    <p class='ocr_par' dir='ltr' id='par_1_18' title="bbox 475 1817 1717 1895">
     <span class='ocr_line' id='line_1_18' title="bbox 475 1817 1717 1895; baseline 0 -23"><span class='ocrx_word' id='word_1_84' title='bbox 475 1817 575 1872; x_wconf 81' lang='grc' dir='ltr'><strong>Καὶ</strong></span> <span class='ocrx_word' id='word_1_85' title='bbox 607 1818 784 1872; x_wconf 72' lang='grc' dir='ltr'>πάντα</span> <span class='ocrx_word' id='word_1_86' title='bbox 815 1824 924 1882; x_wconf 83' lang='grc' dir='ltr'>θεῖς</span> <span class='ocrx_word' id='word_1_87' title='bbox 959 1819 1035 1891; x_wconf 78' lang='grc' dir='ltr'>εὖ,</span> <span class='ocrx_word' id='word_1_88' title='bbox 1070 1819 1145 1880; x_wconf 77' lang='grc' dir='ltr'>εἰς</span> <span class='ocrx_word' id='word_1_89' title='bbox 1174 1817 1338 1874; x_wconf 87' lang='grc' dir='ltr'>πόλιν</span> <span class='ocrx_word' id='word_1_90' title='bbox 1374 1817 1717 1895; x_wconf 73' lang='grc' dir='ltr'>ὑποστρέφει·</span> 
     </span>
    </p>
   </div>
   <div class='ocr_carea' id='block_1_19' title="bbox 472 1902 1567 1983">
    <p class='ocr_par' dir='ltr' id='par_1_19' title="bbox 472 1902 1567 1983">
     <span class='ocr_line' id='line_1_19' title="bbox 472 1902 1567 1983; baseline 0.001 -24"><span class='ocrx_word' id='word_1_91' title='bbox 472 1905 574 1959; x_wconf 74' lang='grc' dir='ltr'>Καὶ</span> <span class='ocrx_word' id='word_1_92' title='bbox 603 1902 738 1979; x_wconf 71' lang='grc' dir='ltr'>τῇδε</span> <span class='ocrx_word' id='word_1_93' title='bbox 771 1907 962 1980; x_wconf 85' lang='grc' dir='ltr'>μικρὸν</span> <span class='ocrx_word' id='word_1_94' title='bbox 996 1904 1338 1982; x_wconf 79' lang='grc' dir='ltr'>ἐνδιατρίψας</span> <span class='ocrx_word' id='word_1_95' title='bbox 1369 1909 1567 1983; x_wconf 85' lang='grc' dir='ltr'>χρόνον</span> 
     </span>
    </p>
   </div>
   <div class='ocr_carea' id='block_1_20' title="bbox 290 1991 1580 2070">
    <p class='ocr_par' dir='ltr' id='par_1_20' title="bbox 290 1991 1580 2070">
     <span class='ocr_line' id='line_1_20' title="bbox 290 1991 1580 2070; baseline 0 -20"><span class='ocrx_word' id='word_1_96' title='bbox 290 1995 436 2050; x_wconf 84' lang='grc'>3900</span> <span class='ocrx_word' id='word_1_97' title='bbox 475 1999 956 2068; x_wconf 78' lang='grc' dir='ltr'>Καταχρατοῦντος</span> <span class='ocrx_word' id='word_1_98' title='bbox 982 1995 1272 2070; x_wconf 80' lang='grc' dir='ltr'>Ἀρμενίας</span> <span class='ocrx_word' id='word_1_99' title='bbox 1301 1991 1580 2051; x_wconf 74' lang='grc' dir='ltr'>Λεϐοὐνου</span> 
     </span>
    </p>
   </div>
   <div class='ocr_carea' id='block_1_21' title="bbox 472 2082 1662 2158">
    <p class='ocr_par' dir='ltr' id='par_1_21' title="bbox 472 2082 1662 2158">
     <span class='ocr_line' id='line_1_21' title="bbox 472 2082 1662 2158; baseline -0.001 -19"><span class='ocrx_word' id='word_1_100' title='bbox 472 2083 878 2155; x_wconf 82' lang='grc' dir='ltr'>Ἐπιστρατεύει</span> <span class='ocrx_word' id='word_1_101' title='bbox 909 2085 1162 2157; x_wconf 73' lang='grc' dir='ltr'>στρατιὰν</span> <span class='ocrx_word' id='word_1_102' title='bbox 1195 2083 1458 2154; x_wconf 76' lang='grc' dir='ltr'>πλείστην</span> <span class='ocrx_word' id='word_1_103' title='bbox 1494 2082 1662 2158; x_wconf 77' lang='grc' dir='ltr'>ἄγων,</span> 
     </span>
    </p>
   </div>
   <div class='ocr_carea' id='block_1_22' title="bbox 472 2171 1608 2246">
    <p class='ocr_par' dir='ltr' id='par_1_22' title="bbox 472 2171 1608 2246">
     <span class='ocr_line' id='line_1_22' title="bbox 472 2171 1608 2246; baseline 0 -19"><span class='ocrx_word' id='word_1_104' title='bbox 472 2173 804 2242; x_wconf 81' lang='grc' dir='ltr'>Κατηκόους</span> <span class='ocrx_word' id='word_1_105' title='bbox 833 2171 1077 2235; x_wconf 87' lang='grc' dir='ltr'>σίνοντος</span> <span class='ocrx_word' id='word_1_106' title='bbox 1109 2173 1362 2229; x_wconf 81' lang='grc' dir='ltr'>Αὐσόνων</span> <span class='ocrx_word' id='word_1_107' title='bbox 1397 2173 1608 2246; x_wconf 81' lang='grc' dir='ltr'>πόλεις,</span> 
     </span>
    </p>
   </div>
   <div class='ocr_carea' id='block_1_23' title="bbox 469 2257 1436 2338">
    <p class='ocr_par' dir='ltr' id='par_1_23' title="bbox 469 2257 1436 2338">
     <span class='ocr_line' id='line_1_23' title="bbox 469 2257 1436 2338; baseline -0.001 -20"><span class='ocrx_word' id='word_1_108' title='bbox 469 2261 684 2318; x_wconf 61' lang='grc' dir='ltr'>Οὐνωῦν</span> <span class='ocrx_word' id='word_1_109' title='bbox 714 2257 909 2324; x_wconf 71' lang='grc' dir='ltr'>ἐπιϐὰς</span> <span class='ocrx_word' id='word_1_110' title='bbox 938 2265 1031 2338; x_wconf 81' lang='grc' dir='ltr'>Ἀρ</span> <span class='ocrx_word' id='word_1_111' title='bbox 1043 2261 1262 2337; x_wconf 86' lang='grc' dir='ltr'>μενοκιλ</span> <span class='ocrx_word' id='word_1_112' title='bbox 1275 2263 1412 2325; x_wconf 84' lang='grc' dir='ltr'>ικίας</span> <span class='ocrx_word' id='word_1_113' title='bbox 1424 2308 1436 2331; x_wconf 89' lang='grc'><em>,</em></span> 
     </span>
    </p>
   </div>
   <div class='ocr_carea' id='block_1_24' title="bbox 465 2351 1553 2430">
    <p class='ocr_par' dir='ltr' id='par_1_24' title="bbox 465 2351 1553 2430">
     <span class='ocr_line' id='line_1_24' title="bbox 465 2351 1553 2430; baseline 0.002 -27"><span class='ocrx_word' id='word_1_114' title='bbox 465 2351 672 2421; x_wconf 87' lang='grc' dir='ltr'>Ταρσὸν</span> <span class='ocrx_word' id='word_1_115' title='bbox 699 2353 1076 2424; x_wconf 71' lang='grc' dir='ltr'>παρεστήσατο</span> <span class='ocrx_word' id='word_1_116' title='bbox 1110 2355 1331 2430; x_wconf 78' lang='grc' dir='ltr'>φαεινὴν</span> <span class='ocrx_word' id='word_1_117' title='bbox 1367 2351 1553 2421; x_wconf 82' lang='grc' dir='ltr'>πόλιν,</span> 
     </span>
    </p>
   </div>
   <div class='ocr_carea' id='block_1_25' title="bbox 295 2438 1641 2518">
    <p class='ocr_par' dir='ltr' id='par_1_25' title="bbox 295 2438 1641 2518">
     <span class='ocr_line' id='line_1_25' title="bbox 295 2438 1641 2518; baseline 0.001 -22"><span class='ocrx_word' id='word_1_118' title='bbox 295 2441 439 2496; x_wconf 84' lang='grc'>3905</span> <span class='ocrx_word' id='word_1_119' title='bbox 477 2439 578 2493; x_wconf 81' lang='grc' dir='ltr'>Καὶ</span> <span class='ocrx_word' id='word_1_120' title='bbox 606 2441 706 2509; x_wconf 85' lang='grc' dir='ltr'>τήν</span> <span class='ocrx_word' id='word_1_121' title='bbox 738 2438 975 2512; x_wconf 76' lang='grc' dir='ltr'>Ἀδάνην</span> <span class='ocrx_word' id='word_1_122' title='bbox 1006 2441 1094 2496; x_wconf 81' lang='grc' dir='ltr'>καὶ</span> <span class='ocrx_word' id='word_1_123' title='bbox 1128 2447 1292 2514; x_wconf 69' lang='grc' dir='ltr'><strong>Βαιιιᾶ⁷</strong></span> <span class='ocrx_word' id='word_1_124' title='bbox 1328 2439 1641 2518; x_wconf 77' lang='grc' dir='ltr'>στρατηγίᾳ.</span> 
     </span>
    </p>
   </div>
   <div class='ocr_carea' id='block_1_26' title="bbox 471 2525 1542 2604">
    <p class='ocr_par' dir='ltr' id='par_1_26' title="bbox 471 2525 1542 2604">
     <span class='ocr_line' id='line_1_26' title="bbox 471 2525 1542 2604; baseline -0.001 -20"><span class='ocrx_word' id='word_1_125' title='bbox 471 2529 683 2584; x_wconf 83' lang='grc' dir='ltr'>Ἐπειτ²</span> <span class='ocrx_word' id='word_1_126' title='bbox 713 2528 918 2604; x_wconf 67' lang='grc' dir='ltr'>ὀχυρὰν</span> <span class='ocrx_word' id='word_1_127' title='bbox 955 2525 1290 2603; x_wconf 73' lang='grc' dir='ltr'>Ἀναζάρϐην</span> <span class='ocrx_word' id='word_1_128' title='bbox 1323 2530 1414 2584; x_wconf 76' lang='grc' dir='ltr'><strong>σὺν</strong></span> <span class='ocrx_word' id='word_1_129' title='bbox 1452 2530 1542 2604; x_wconf 81' lang='grc' dir='ltr'>βίᾳ</span> 
     </span>
    </p>
   </div>
   <div class='ocr_carea' id='block_1_27' title="bbox 469 2615 1587 2691">
    <p class='ocr_par' dir='ltr' id='par_1_27' title="bbox 469 2615 1587 2691">
     <span class='ocr_line' id='line_1_27' title="bbox 469 2615 1587 2691; baseline 0.002 -21"><span class='ocrx_word' id='word_1_130' title='bbox 469 2615 802 2691; x_wconf 80' lang='grc' dir='ltr'>Περικλυτόν</span> <span class='ocrx_word' id='word_1_131' title='bbox 833 2639 892 2672; x_wconf 89' lang='grc' dir='ltr'><strong>τε</strong></span> <span class='ocrx_word' id='word_1_132' title='bbox 919 2618 1011 2673; x_wconf 81' lang='grc' dir='ltr'><strong>καὶ</strong></span> <span class='ocrx_word' id='word_1_133' title='bbox 1044 2618 1360 2675; x_wconf 86' lang='grc' dir='ltr'>Κολώνειαν</span> <span class='ocrx_word' id='word_1_134' title='bbox 1401 2619 1587 2674; x_wconf 88' lang='grc' dir='ltr'>πόλιν·</span> 
     </span>
    </p>
   </div>
   <div class='ocr_carea' id='block_1_28' title="bbox 468 2703 1739 2784">
    <p class='ocr_par' dir='ltr' id='par_1_28' title="bbox 468 2703 1739 2784">
     <span class='ocr_line' id='line_1_28' title="bbox 468 2703 1739 2784; baseline -0.001 -22"><span class='ocrx_word' id='word_1_135' title='bbox 468 2706 575 2762; x_wconf 80' lang='grc' dir='ltr'>Καὶ</span> <span class='ocrx_word' id='word_1_136' title='bbox 607 2703 675 2775; x_wconf 78' lang='grc' dir='ltr'><strong>δὴ</strong></span> <span class='ocrx_word' id='word_1_137' title='bbox 713 2707 986 2779; x_wconf 84' lang='grc' dir='ltr'>μετελθὼν</span> <span class='ocrx_word' id='word_1_138' title='bbox 1019 2729 1116 2769; x_wconf 88' lang='grc' dir='ltr'><strong>τας</strong></span> <span class='ocrx_word' id='word_1_139' title='bbox 1145 2706 1299 2784; x_wconf 74' lang='grc' dir='ltr'>πέριξ</span> <span class='ocrx_word' id='word_1_140' title='bbox 1324 2707 1519 2769; x_wconf 72' lang='grc' dir='ltr'>ταύτας</span> <span class='ocrx_word' id='word_1_141' title='bbox 1546 2705 1739 2770; x_wconf 73' lang='grc' dir='ltr'>πόλεις</span> 
     </span>
    </p>
   </div>
   <div class='ocr_carea' id='block_1_29' title="bbox 470 2794 1595 2873">
    <p class='ocr_par' dir='ltr' id='par_1_29' title="bbox 470 2794 1595 2873">
     <span class='ocr_line' id='line_1_29' title="bbox 470 2794 1595 2873; baseline 0 -22"><span class='ocrx_word' id='word_1_142' title='bbox 470 2794 718 2868; x_wconf 81' lang='grc' dir='ltr'>Ἐρυμνά</span> <span class='ocrx_word' id='word_1_143' title='bbox 744 2816 804 2850; x_wconf 85' lang='grc' dir='ltr'><strong>τε</strong></span> <span class='ocrx_word' id='word_1_144' title='bbox 833 2795 1066 2873; x_wconf 73' lang='grc' dir='ltr'>φρούρια</span> <span class='ocrx_word' id='word_1_145' title='bbox 1089 2796 1179 2851; x_wconf 84' lang='grc' dir='ltr'>καὶ</span> <span class='ocrx_word' id='word_1_146' title='bbox 1220 2798 1413 2869; x_wconf 85' lang='grc' dir='ltr'>κώμας</span> <span class='ocrx_word' id='word_1_147' title='bbox 1442 2795 1595 2865; x_wconf 81' lang='grc' dir='ltr'>ὅλας,</span> 
     </span>
    </p>
   </div>
   <div class='ocr_carea' id='block_1_30' title="bbox 290 2882 1633 2961">
    <p class='ocr_par' dir='ltr' id='par_1_30' title="bbox 290 2882 1633 2961">
     <span class='ocr_line' id='line_1_30' title="bbox 290 2882 1633 2961; baseline 0.001 -22"><span class='ocrx_word' id='word_1_148' title='bbox 290 2885 433 2939; x_wconf 80' lang='grc'>3910</span> <span class='ocrx_word' id='word_1_149' title='bbox 473 2883 790 2961; x_wconf 68' lang='grc' dir='ltr'>Ἐινρίσταται</span> <span class='ocrx_word' id='word_1_150' title='bbox 823 2882 879 2939; x_wconf 77' lang='grc' dir='ltr'><strong>δὲ</strong></span> <span class='ocrx_word' id='word_1_151' title='bbox 908 2890 1024 2947; x_wconf 78' lang='grc' dir='ltr'>τοῖς</span> <span class='ocrx_word' id='word_1_152' title='bbox 1049 2885 1242 2948; x_wconf 82' lang='grc' dir='ltr'>τόποις</span> <span class='ocrx_word' id='word_1_153' title='bbox 1268 2892 1366 2954; x_wconf 80' lang='grc' dir='ltr'>τῆς</span> <span class='ocrx_word' id='word_1_154' title='bbox 1413 2887 1633 2961; x_wconf 76' lang='grc' dir='ltr'>Συρίας,</span> 
     </span>
    </p>
   </div>
   <div class='ocr_carea' id='block_1_31' title="bbox 473 2971 1602 3050">
    <p class='ocr_par' dir='ltr' id='par_1_31' title="bbox 473 2971 1602 3050">
     <span class='ocr_line' id='line_1_31' title="bbox 473 2971 1602 3050; baseline 0 -22"><span class='ocrx_word' id='word_1_155' title='bbox 473 2971 579 3028; x_wconf 79' lang='grc' dir='ltr'>Καὶ</span> <span class='ocrx_word' id='word_1_156' title='bbox 609 2973 711 3040; x_wconf 73' lang='grc' dir='ltr'>τὴν</span> <span class='ocrx_word' id='word_1_157' title='bbox 740 2971 905 3028; x_wconf 83' lang='grc' dir='ltr'>πόλιν</span> <span class='ocrx_word' id='word_1_158' title='bbox 938 2972 1131 3050; x_wconf 80' lang='grc' dir='ltr'>εἷ’φεισι</span> <span class='ocrx_word' id='word_1_159' title='bbox 1157 2975 1256 3043; x_wconf 78' lang='grc' dir='ltr'>τὴν</span> <span class='ocrx_word' id='word_1_160' title='bbox 1288 2975 1602 3048; x_wconf 82' lang='grc' dir='ltr'>Ἀντιόχου,</span> 
     </span>
    </p>
   </div>
   <div class='ocr_carea' id='block_1_32' title="bbox 470 3059 1632 3138">
    <p class='ocr_par' dir='ltr' id='par_1_32' title="bbox 470 3059 1632 3138">
     <span class='ocr_line' id='line_1_32' title="bbox 470 3059 1632 3138; baseline -0.001 -21"><span class='ocrx_word' id='word_1_161' title='bbox 470 3059 840 3133; x_wconf 81' lang='grc' dir='ltr'>Ῥαϊμούνδου</span> <span class='ocrx_word' id='word_1_162' title='bbox 865 3063 1160 3138; x_wconf 79' lang='grc' dir='ltr'>πρίγκιπος</span> <span class='ocrx_word' id='word_1_163' title='bbox 1194 3064 1305 3136; x_wconf 79' lang='grc' dir='ltr'>ἅμα</span> <span class='ocrx_word' id='word_1_164' title='bbox 1333 3068 1449 3124; x_wconf 86' lang='grc' dir='ltr'>τοῖς</span> <span class='ocrx_word' id='word_1_165' title='bbox 1481 3061 1632 3124; x_wconf 79' lang='grc' dir='ltr'>ὅλοις</span> 
     </span>
    </p>
   </div>
   <div class='ocr_carea' id='block_1_33' title="bbox 482 3149 1597 3227">
    <p class='ocr_par' dir='ltr' id='par_1_33' title="bbox 482 3149 1597 3227">
     <span class='ocr_line' id='line_1_33' title="bbox 482 3149 1597 3227; baseline 0.002 -24"><span class='ocrx_word' id='word_1_166' title='bbox 482 3150 557 3204; x_wconf 73' lang='grc' dir='ltr'><strong>Εὖ</strong></span> <span class='ocrx_word' id='word_1_167' title='bbox 583 3152 772 3224; x_wconf 79' lang='grc' dir='ltr'>χερσὶν</span> <span class='ocrx_word' id='word_1_168' title='bbox 805 3150 963 3205; x_wconf 76' lang='grc' dir='ltr'>αὐτὸν</span> <span class='ocrx_word' id='word_1_169' title='bbox 999 3151 1212 3213; x_wconf 83' lang='grc' dir='ltr'>ὑπτίαις</span> <span class='ocrx_word' id='word_1_170' title='bbox 1247 3149 1597 3227; x_wconf 80' lang='grc' dir='ltr'>ὃεδεγμένου,</span> 
     </span>
    </p>
   </div>
   <div class='ocr_carea' id='block_1_34' title="bbox 481 3239 1562 3313">
    <p class='ocr_par' dir='ltr' id='par_1_34' title="bbox 481 3239 1562 3313">
     <span class='ocr_line' id='line_1_34' title="bbox 481 3239 1562 3313; baseline 0.002 -19"><span class='ocrx_word' id='word_1_171' title='bbox 481 3239 587 3294; x_wconf 82' lang='grc' dir='ltr'><strong>Καὶ</strong></span> <span class='ocrx_word' id='word_1_172' title='bbox 617 3245 748 3293; x_wconf 70' lang='grc' dir='ltr'>πᾶσι</span> <span class='ocrx_word' id='word_1_173' title='bbox 778 3243 1112 3313; x_wconf 70' lang='grc' dir='ltr'>τιμήσαντος</span> <span class='ocrx_word' id='word_1_174' title='bbox 1145 3241 1307 3296; x_wconf 86' lang='grc' dir='ltr'>αὐτὸν</span> <span class='ocrx_word' id='word_1_175' title='bbox 1338 3240 1562 3297; x_wconf 74' lang='grc' dir='ltr'>εῗκόσιν.</span> 
     </span>
    </p>
   </div>
   <div class='ocr_carea' id='block_1_35' title="bbox 295 3327 1572 3405">
    <p class='ocr_par' dir='ltr' id='par_1_35' title="bbox 295 3327 1572 3405">
     <span class='ocr_line' id='line_1_35' title="bbox 295 3327 1572 3405; baseline 0.002 -23"><span class='ocrx_word' id='word_1_176' title='bbox 295 3328 439 3383; x_wconf 82' lang='grc'><strong>3915</strong></span> <span class='ocrx_word' id='word_1_177' title='bbox 477 3327 597 3386; x_wconf 65' lang='grc' dir='ltr'><strong>Ἐφ’</strong></span> <span class='ocrx_word' id='word_1_178' title='bbox 626 3328 858 3405; x_wconf 67' lang='grc' dir='ltr'>ἡμέραις</span> <span class='ocrx_word' id='word_1_179' title='bbox 888 3330 980 3384; x_wconf 80' lang='grc' dir='ltr'><strong>οὗν</strong></span> <span class='ocrx_word' id='word_1_180' title='bbox 1012 3327 1358 3404; x_wconf 77' lang='grc' dir='ltr'>ἐνδιατρίψας</span> <span class='ocrx_word' id='word_1_181' title='bbox 1388 3328 1572 3399; x_wconf 86' lang='grc' dir='ltr'>πόλει,</span> 
     </span>
    </p>
   </div>
   <div class='ocr_carea' id='block_1_36' title="bbox 479 3417 1611 3495">
    <p class='ocr_par' dir='ltr' id='par_1_36' title="bbox 479 3417 1611 3495">
     <span class='ocr_line' id='line_1_36' title="bbox 479 3417 1611 3495; baseline 0 -22"><span class='ocrx_word' id='word_1_182' title='bbox 479 3417 648 3489; x_wconf 82' lang='grc' dir='ltr'>Αὐτῷ</span> <span class='ocrx_word' id='word_1_183' title='bbox 677 3439 736 3472; x_wconf 86' lang='grc' dir='ltr'><strong>τε</strong></span> <span class='ocrx_word' id='word_1_184' title='bbox 763 3420 854 3473; x_wconf 78' lang='grc' dir='ltr'>τὸν</span> <span class='ocrx_word' id='word_1_185' title='bbox 887 3419 1154 3493; x_wconf 79' lang='grc' dir='ltr'>πρίγκιπα</span> <span class='ocrx_word' id='word_1_186' title='bbox 1183 3418 1355 3488; x_wconf 83' lang='grc' dir='ltr'>λίζιον</span> <span class='ocrx_word' id='word_1_187' title='bbox 1391 3418 1611 3495; x_wconf 84' lang='grc' dir='ltr'>δράσας,</span> 
     </span>
    </p>
   </div>
   <div class='ocr_carea' id='block_1_37' title="bbox 486 3505 1618 3583">
    <p class='ocr_par' dir='ltr' id='par_1_37' title="bbox 486 3505 1618 3583">
     <span class='ocr_line' id='line_1_37' title="bbox 488 3505 1341 3542; baseline 0 -18"><span class='ocrx_word' id='word_1_188' title='bbox 488 3506 545 3542; x_wconf 59' lang='grc' dir='ltr'><strong>νς</strong></span> <span class='ocrx_word' id='word_1_189' title='bbox 663 3513 689 3522; x_wconf 81' lang='lat'><strong>-</strong></span> <span class='ocrx_word' id='word_1_190' title='bbox 711 3505 734 3524; x_wconf 59' lang='grc' dir='ltr'><em>κ</em></span> <span class='ocrx_word' id='word_1_191' title='bbox 1319 3513 1341 3524; x_wconf 78' lang='lat'><strong>-</strong></span> 
     </span>
     <span class='ocr_line' id='line_1_38' title="bbox 486 3507 1618 3583; baseline 0.002 -23"><span class='ocrx_word' id='word_1_192' title='bbox 486 3528 592 3560; x_wconf 59' lang='grc' dir='ltr'>ωυν</span> <span class='ocrx_word' id='word_1_193' title='bbox 622 3525 764 3578; x_wconf 85' lang='grc' dir='ltr'>τῳοε</span> <span class='ocrx_word' id='word_1_194' title='bbox 795 3507 1119 3580; x_wconf 87' lang='grc' dir='ltr'>Τριπόλεως</span> <span class='ocrx_word' id='word_1_195' title='bbox 1147 3529 1447 3583; x_wconf 86' lang='grc' dir='ltr'>κρατουντα</span> <span class='ocrx_word' id='word_1_196' title='bbox 1475 3509 1618 3579; x_wconf 85' lang='grc' dir='ltr'>τότε,</span> 
     </span>
    </p>
   </div>
   <div class='ocr_carea' id='block_1_38' title="bbox 482 3596 1470 3672">
    <p class='ocr_par' dir='ltr' id='par_1_38' title="bbox 482 3596 1470 3672">
     <span class='ocr_line' id='line_1_39' title="bbox 482 3596 1470 3672; baseline 0.002 -23"><span class='ocrx_word' id='word_1_197' title='bbox 482 3598 647 3666; x_wconf 69' lang='grc' dir='ltr'>’Λναξ</span> <span class='ocrx_word' id='word_1_198' title='bbox 673 3599 1062 3672; x_wconf 85' lang='grc' dir='ltr'>χαριτώνυμος</span> <span class='ocrx_word' id='word_1_199' title='bbox 1094 3596 1250 3670; x_wconf 78' lang='grc' dir='ltr'>ἔξεισι</span> <span class='ocrx_word' id='word_1_200' title='bbox 1281 3597 1470 3665; x_wconf 83' lang='grc' dir='ltr'>πάλιν,</span> 
     </span>
    </p>
   </div>
   <div class='ocr_carea' id='block_1_39' title="bbox 481 3683 1674 3763">
    <p class='ocr_par' dir='ltr' id='par_1_39' title="bbox 481 3683 1674 3763">
     <span class='ocr_line' id='line_1_40' title="bbox 481 3683 1674 3763; baseline 0 -23"><span class='ocrx_word' id='word_1_201' title='bbox 481 3687 586 3740; x_wconf 79' lang='grc' dir='ltr'><strong>Καὶ</strong></span> <span class='ocrx_word' id='word_1_202' title='bbox 620 3686 758 3758; x_wconf 81' lang='grc' dir='ltr'>πρὸς</span> <span class='ocrx_word' id='word_1_203' title='bbox 789 3683 1222 3763; x_wconf 75' lang='grc' dir='ltr'>παρευφράτιδτςς</span> <span class='ocrx_word' id='word_1_204' title='bbox 1258 3685 1433 3742; x_wconf 74' lang='grc' dir='ltr'>ἄπεισι</span> <span class='ocrx_word' id='word_1_205' title='bbox 1459 3685 1674 3753; x_wconf 89' lang='grc' dir='ltr'>πόλεις,</span> 
     </span>
    </p>
   </div>
   <div class='ocr_carea' id='block_1_40' title="bbox 301 3773 1655 3850">
    <p class='ocr_par' dir='ltr' id='par_1_40' title="bbox 301 3773 1655 3850">
     <span class='ocr_line' id='line_1_41' title="bbox 301 3773 1655 3850; baseline 0.001 -22"><span class='ocrx_word' id='word_1_206' title='bbox 301 3773 440 3828; x_wconf 71' lang='grc'>3920</span> <span class='ocrx_word' id='word_1_207' title='bbox 484 3776 611 3850; x_wconf 79' lang='grc' dir='ltr'>Παρ⁰</span> <span class='ocrx_word' id='word_1_208' title='bbox 645 3780 948 3850; x_wconf 76' lang='grc' dir='ltr'>Δγαρηνῶν</span> <span class='ocrx_word' id='word_1_209' title='bbox 977 3775 1038 3830; x_wconf 89' lang='grc' dir='ltr'><strong>οὐ</strong></span> <span class='ocrx_word' id='word_1_210' title='bbox 1071 3773 1256 3838; x_wconf 81' lang='grc' dir='ltr'>καλῶς</span> <span class='ocrx_word' id='word_1_211' title='bbox 1284 3776 1655 3850; x_wconf 70' lang='grc' dir='ltr'>κρατουμένας</span> 
     </span>
    </p>
   </div>
   <div class='ocr_carea' id='block_1_41' title="bbox 483 3861 1650 3939">
    <p class='ocr_par' dir='ltr' id='par_1_41' title="bbox 483 3861 1650 3939">
     <span class='ocr_line' id='line_1_42' title="bbox 483 3861 1650 3939; baseline -0.003 -20"><span class='ocrx_word' id='word_1_212' title='bbox 483 3863 586 3919; x_wconf 72' lang='grc' dir='ltr'><strong>Καὶ</strong></span> <span class='ocrx_word' id='word_1_213' title='bbox 617 3861 787 3918; x_wconf 79' lang='grc' dir='ltr'>τῶνδε</span> <span class='ocrx_word' id='word_1_214' title='bbox 809 3869 1004 3939; x_wconf 85' lang='grc' dir='ltr'>πορθεῖ</span> <span class='ocrx_word' id='word_1_215' title='bbox 1030 3862 1425 3939; x_wconf 84' lang='grc' dir='ltr'>τειχομαχίαις</span> <span class='ocrx_word' id='word_1_216' title='bbox 1453 3862 1650 3926; x_wconf 80' lang='grc' dir='ltr'>ὅπλοις</span> 
     </span>
    </p>
   </div>
   <div class='ocr_carea' id='block_1_42' title="bbox 480 3951 1758 4029">
    <p class='ocr_par' dir='ltr' id='par_1_42' title="bbox 480 3951 1758 4029">
     <span class='ocr_line' id='line_1_43' title="bbox 480 3951 1758 4029; baseline -0.001 -21"><span class='ocrx_word' id='word_1_217' title='bbox 480 3953 645 4024; x_wconf 72' lang='grc' dir='ltr'><strong>Πεζᾶ,</strong></span> <span class='ocrx_word' id='word_1_218' title='bbox 677 3951 892 4024; x_wconf 72' lang='grc' dir='ltr'>Χάλεπ,</span> <span class='ocrx_word' id='word_1_219' title='bbox 925 3953 1202 4029; x_wconf 86' lang='grc' dir='ltr'>Νίστριον,</span> <span class='ocrx_word' id='word_1_220' title='bbox 1238 3956 1526 4029; x_wconf 74' lang='grc' dir='ltr'>Καρφαρᾶ,</span> <span class='ocrx_word' id='word_1_221' title='bbox 1559 3954 1758 4027; x_wconf 81' lang='grc' dir='ltr'>Φὲρεπ·</span> 
     </span>
    </p>
   </div>
   <div class='ocr_carea' id='block_1_43' title="bbox 487 4040 1603 4116">
    <p class='ocr_par' dir='ltr' id='par_1_43' title="bbox 487 4040 1603 4116">
     <span class='ocr_line' id='line_1_44' title="bbox 487 4040 1603 4116; baseline -0.001 -19"><span class='ocrx_word' id='word_1_222' title='bbox 487 4044 579 4097; x_wconf 85' lang='grc' dir='ltr'><strong>Ἐκ</strong></span> <span class='ocrx_word' id='word_1_223' title='bbox 605 4046 713 4096; x_wconf 80' lang='grc' dir='ltr'><strong>τῶν</strong></span> <span class='ocrx_word' id='word_1_224' title='bbox 743 4040 800 4096; x_wconf 76' lang='grc' dir='ltr'>δὲ</span> <span class='ocrx_word' id='word_1_225' title='bbox 825 4041 1036 4097; x_wconf 82' lang='grc' dir='ltr'>λοιπῶν</span> <span class='ocrx_word' id='word_1_226' title='bbox 1070 4043 1271 4096; x_wconf 77' lang='grc' dir='ltr'>ἀστέων</span> <span class='ocrx_word' id='word_1_227' title='bbox 1306 4040 1455 4116; x_wconf 82' lang='grc' dir='ltr'>δῶρα</span> <span class='ocrx_word' id='word_1_228' title='bbox 1485 4043 1603 4114; x_wconf 71' lang='grc' dir='ltr'>ξένα</span> 
     </span>
    </p>
   </div>
   <div class='ocr_carea' id='block_1_44' title="bbox 479 4126 1854 4207">
    <p class='ocr_par' dir='ltr' id='par_1_44' title="bbox 479 4126 1854 4207">
     <span class='ocr_line' id='line_1_45' title="bbox 479 4126 1854 4207; baseline 0.001 -22"><span class='ocrx_word' id='word_1_229' title='bbox 479 4133 581 4185; x_wconf 79' lang='grc' dir='ltr'>Καὶ</span> <span class='ocrx_word' id='word_1_230' title='bbox 610 4130 840 4186; x_wconf 80' lang='grc' dir='ltr'>πλεῖστα</span> <span class='ocrx_word' id='word_1_231' title='bbox 867 4126 1052 4186; x_wconf 80' lang='grc' dir='ltr'>λαϐὼν</span> <span class='ocrx_word' id='word_1_232' title='bbox 1085 4131 1170 4185; x_wconf 57' lang='grc' dir='ltr'>διαὶ</span> <span class='ocrx_word' id='word_1_233' title='bbox 1200 4130 1389 4193; x_wconf 84' lang='grc' dir='ltr'>λίθους</span> <span class='ocrx_word' id='word_1_234' title='bbox 1419 4131 1509 4185; x_wconf 80' lang='grc' dir='ltr'>καὶ</span> <span class='ocrx_word' id='word_1_235' title='bbox 1544 4129 1854 4207; x_wconf 72' lang='grc' dir='ltr'>μαργάρους</span> 
     </span>
    </p>
   </div>
   <div class='ocr_carea' id='block_1_45' title="bbox 300 4219 1580 4297">
    <p class='ocr_par' dir='ltr' id='par_1_45' title="bbox 300 4219 1580 4297">
     <span class='ocr_line' id='line_1_46' title="bbox 300 4219 1580 4297; baseline 0 -25"><span class='ocrx_word' id='word_1_236' title='bbox 300 4220 443 4276; x_wconf 72' lang='grc'>3925</span> <span class='ocrx_word' id='word_1_237' title='bbox 482 4219 662 4274; x_wconf 82' lang='grc' dir='ltr'>[Ιολύν</span> <span class='ocrx_word' id='word_1_238' title='bbox 694 4241 750 4274; x_wconf 84' lang='grc' dir='ltr'><strong>τε</strong></span> <span class='ocrx_word' id='word_1_239' title='bbox 783 4221 984 4296; x_wconf 81' lang='grc' dir='ltr'>χρυσὸν</span> <span class='ocrx_word' id='word_1_240' title='bbox 1015 4219 1105 4274; x_wconf 82' lang='grc' dir='ltr'>καὶ</span> <span class='ocrx_word' id='word_1_241' title='bbox 1135 4219 1580 4297; x_wconf 66' lang='grc' dir='ltr'>λαφυραγωγίαν,</span> 
     </span>
    </p>
   </div>
   <div class='ocr_carea' id='block_1_46' title="bbox 487 4307 1740 4384">
    <p class='ocr_par' dir='ltr' id='par_1_46' title="bbox 487 4307 1740 4384">
     <span class='ocr_line' id='line_1_47' title="bbox 487 4307 1740 4384; baseline -0.001 -19"><span class='ocrx_word' id='word_1_242' title='bbox 487 4309 589 4366; x_wconf 78' lang='grc' dir='ltr'><strong>Καὶ</strong></span> <span class='ocrx_word' id='word_1_243' title='bbox 621 4307 886 4384; x_wconf 81' lang='grc' dir='ltr'>λυχνίτην</span> <span class='ocrx_word' id='word_1_244' title='bbox 919 4310 1151 4384; x_wconf 69' lang='grc' dir='ltr'>φέροντα</span> <span class='ocrx_word' id='word_1_245' title='bbox 1179 4313 1409 4383; x_wconf 89' lang='grc' dir='ltr'>σταυροῦ</span> <span class='ocrx_word' id='word_1_246' title='bbox 1438 4307 1531 4363; x_wconf 81' lang='grc' dir='ltr'>τὸν</span> <span class='ocrx_word' id='word_1_247' title='bbox 1573 4308 1740 4364; x_wconf 80' lang='grc' dir='ltr'>τύπον</span> 
     </span>
    </p>
   </div>
   <div class='ocr_carea' id='block_1_47' title="bbox 485 4396 1796 4473">
    <p class='ocr_par' dir='ltr' id='par_1_47' title="bbox 485 4396 1796 4473">
     <span class='ocr_line' id='line_1_48' title="bbox 485 4396 1796 4473; baseline 0 -21"><span class='ocrx_word' id='word_1_248' title='bbox 485 4405 600 4471; x_wconf 75' lang='grc' dir='ltr'><strong>Χρῆ</strong></span> <span class='ocrx_word' id='word_1_249' title='bbox 614 4397 688 4473; x_wconf 79' lang='grc' dir='ltr'><strong>μοί</strong></span> <span class='ocrx_word' id='word_1_250' title='bbox 709 4420 761 4453; x_wconf 89' lang='grc' dir='ltr'><strong>τι</strong></span> <span class='ocrx_word' id='word_1_251' title='bbox 794 4398 1232 4472; x_wconf 82' lang='grc' dir='ltr'>πανθαύμαστον,</span> <span class='ocrx_word' id='word_1_252' title='bbox 1264 4396 1596 4469; x_wconf 80' lang='grc' dir='ltr'>ἔκπληκτον,</span> <span class='ocrx_word' id='word_1_253' title='bbox 1629 4399 1796 4468; x_wconf 77' lang='grc' dir='ltr'>ξένον·</span> 
     </span>
    </p>
   </div>
   <div class='ocr_carea' id='block_1_48' title="bbox 490 4486 1836 4565">
    <p class='ocr_par' dir='ltr' id='par_1_48' title="bbox 490 4486 1836 4565">
     <span class='ocr_line' id='line_1_49' title="bbox 490 4486 1836 4565; baseline -0.001 -22"><span class='ocrx_word' id='word_1_254' title='bbox 490 4489 635 4562; x_wconf 83' lang='grc' dir='ltr'>Πρὸς</span> <span class='ocrx_word' id='word_1_255' title='bbox 670 4486 716 4542; x_wconf 82' lang='grc' dir='ltr'>δ’</span> <span class='ocrx_word' id='word_1_256' title='bbox 747 4489 811 4543; x_wconf 73' lang='grc' dir='ltr'>αὗ</span> <span class='ocrx_word' id='word_1_257' title='bbox 843 4509 904 4563; x_wconf 86' lang='grc' dir='ltr'><strong>γε</strong></span> <span class='ocrx_word' id='word_1_258' title='bbox 934 4488 1022 4543; x_wconf 76' lang='grc' dir='ltr'><strong>καὶ</strong></span> <span class='ocrx_word' id='word_1_259' title='bbox 1053 4487 1318 4565; x_wconf 77' lang='grc' dir='ltr'>τράπεζαν</span> <span class='ocrx_word' id='word_1_260' title='bbox 1347 4487 1666 4564; x_wconf 80' lang='grc' dir='ltr'>ἔκλαμπρον</span> <span class='ocrx_word' id='word_1_261' title='bbox 1698 4488 1836 4542; x_wconf 83' lang='grc' dir='ltr'>πάνυ</span> 
     </span>
    </p>
   </div>
   <div class='ocr_carea' id='block_1_49' title="bbox 488 4575 1562 4652">
    <p class='ocr_par' dir='ltr' id='par_1_49' title="bbox 488 4575 1562 4652">
     <span class='ocr_line' id='line_1_50' title="bbox 488 4575 1562 4652; baseline -0.003 -19"><span class='ocrx_word' id='word_1_262' title='bbox 488 4577 576 4646; x_wconf 80' lang='grc' dir='ltr'><strong>Ἐξ</strong></span> <span class='ocrx_word' id='word_1_263' title='bbox 608 4575 892 4649; x_wconf 71' lang='grc' dir='ltr'>ἀμιμήτου</span> <span class='ocrx_word' id='word_1_264' title='bbox 925 4576 1335 4651; x_wconf 75' lang='grc' dir='ltr'>συντεθειμένην</span> <span class='ocrx_word' id='word_1_265' title='bbox 1363 4577 1562 4652; x_wconf 72' lang='grc' dir='ltr'>τέχνης</span> 
     </span>
    </p>
   </div>
   <div class='ocr_carea' id='block_1_50' title="bbox 306 4665 1638 4742">
    <p class='ocr_par' dir='ltr' id='par_1_50' title="bbox 306 4665 1638 4742">
     <span class='ocr_line' id='line_1_51' title="bbox 306 4665 1638 4742; baseline -0.001 -22"><span class='ocrx_word' id='word_1_266' title='bbox 306 4666 450 4721; x_wconf 85' lang='grc'>3930</span> <span class='ocrx_word' id='word_1_267' title='bbox 489 4665 776 4736; x_wconf 79' lang='grc' dir='ltr'>Πολυτελῆ</span> <span class='ocrx_word' id='word_1_268' title='bbox 807 4687 865 4721; x_wconf 85' lang='grc' dir='ltr'><strong>τε</strong></span> <span class='ocrx_word' id='word_1_269' title='bbox 894 4666 1314 4742; x_wconf 73' lang='grc' dir='ltr'>χρυσότευκτον,</span> <span class='ocrx_word' id='word_1_270' title='bbox 1355 4666 1638 4737; x_wconf 75' lang='grc' dir='ltr'>ποικίληνο</span> 
     </span>
    </p>
   </div>
   <div class='ocr_carea' id='block_1_51' title="bbox 485 4755 1714 4830">
    <p class='ocr_par' dir='ltr' id='par_1_51' title="bbox 485 4755 1714 4830">
     <span class='ocr_line' id='line_1_52' title="bbox 485 4755 1714 4830; baseline -0.002 -19"><span class='ocrx_word' id='word_1_271' title='bbox 485 4758 548 4811; x_wconf 73' lang='grc' dir='ltr'><strong>Ἃ</strong></span> <span class='ocrx_word' id='word_1_272' title='bbox 583 4757 752 4810; x_wconf 71' lang='grc' dir='ltr'>πάντα</span> <span class='ocrx_word' id='word_1_273' title='bbox 784 4755 1112 4827; x_wconf 84' lang='grc' dir='ltr'>συνείληπτο</span> <span class='ocrx_word' id='word_1_274' title='bbox 1141 4761 1258 4819; x_wconf 82' lang='grc' dir='ltr'>τοῖς</span> <span class='ocrx_word' id='word_1_275' title='bbox 1290 4756 1516 4830; x_wconf 69' lang='grc' dir='ltr'>Πέρσαις</span> <span class='ocrx_word' id='word_1_276' title='bbox 1545 4755 1714 4812; x_wconf 84' lang='grc' dir='ltr'>πάλαι</span> 
     </span>
    </p>
   </div>
   <div class='ocr_carea' id='block_1_52' title="bbox 491 4845 1557 4921">
    <p class='ocr_par' dir='ltr' id='par_1_52' title="bbox 491 4845 1557 4921">
     <span class='ocr_line' id='line_1_53' title="bbox 491 4845 1557 4921; baseline -0.001 -23"><span class='ocrx_word' id='word_1_277' title='bbox 491 4849 798 4920; x_wconf 75' lang='grc' dir='ltr'>Συσχοῦσιν</span> <span class='ocrx_word' id='word_1_278' title='bbox 828 4845 1131 4900; x_wconf 79' lang='grc' dir='ltr'>αὐτάνακτα</span> <span class='ocrx_word' id='word_1_279' title='bbox 1158 4846 1250 4899; x_wconf 84' lang='grc' dir='ltr'>τὸν</span> <span class='ocrx_word' id='word_1_280' title='bbox 1280 4845 1557 4921; x_wconf 70' lang='grc' dir='ltr'>Διογένηνο</span> 
     </span>
    </p>
   </div>
   <div class='ocr_carea' id='block_1_53' title="bbox 491 4931 1641 5010">
    <p class='ocr_par' dir='ltr' id='par_1_53' title="bbox 491 4931 1641 5010">
     <span class='ocr_line' id='line_1_54' title="bbox 491 4931 1641 5010; baseline -0.002 -21"><span class='ocrx_word' id='word_1_281' title='bbox 491 4934 638 5009; x_wconf 82' lang='grc' dir='ltr'>Πρὸς</span> <span class='ocrx_word' id='word_1_282' title='bbox 670 4937 769 5003; x_wconf 72' lang='grc' dir='ltr'>τήν</span> <span class='ocrx_word' id='word_1_283' title='bbox 802 4933 1188 5010; x_wconf 82' lang='grc' dir='ltr'>βασιλεύουσαν</span> <span class='ocrx_word' id='word_1_284' title='bbox 1227 4932 1447 5010; x_wconf 75' lang='grc' dir='ltr'>ἔρχεται</span> <span class='ocrx_word' id='word_1_285' title='bbox 1479 4931 1641 4988; x_wconf 87' lang='grc' dir='ltr'>πόλιν</span> 
     </span>
    </p>
   </div>
   <div class='ocr_carea' id='block_1_54' title="bbox 491 5021 1690 5098">
    <p class='ocr_par' dir='ltr' id='par_1_54' title="bbox 491 5021 1690 5098">
     <span class='ocr_line' id='line_1_55' title="bbox 491 5021 1690 5098; baseline -0.003 -19"><span class='ocrx_word' id='word_1_286' title='bbox 491 5027 674 5096; x_wconf 82' lang='grc' dir='ltr'>’Ἀγων</span> <span class='ocrx_word' id='word_1_287' title='bbox 706 5024 822 5096; x_wconf 80' lang='grc' dir='ltr'>μεθ’</span> <span class='ocrx_word' id='word_1_288' title='bbox 850 5024 1041 5078; x_wconf 67' lang='grc' dir='ltr'>ἑαυτοῦ</span> <span class='ocrx_word' id='word_1_289' title='bbox 1070 5022 1390 5098; x_wconf 86' lang='grc' dir='ltr'>κασίγνητον</span> <span class='ocrx_word' id='word_1_290' title='bbox 1423 5021 1516 5077; x_wconf 75' lang='grc' dir='ltr'><strong>σὺν</strong></span> <span class='ocrx_word' id='word_1_291' title='bbox 1544 5021 1690 5098; x_wconf 87' lang='grc' dir='ltr'>γόνῳ</span> 
     </span>
    </p>
   </div>
   <div class='ocr_carea' id='block_1_55' title="bbox 310 5108 1638 5190">
    <p class='ocr_par' dir='ltr' id='par_1_55' title="bbox 310 5108 1638 5190">
     <span class='ocr_line' id='line_1_56' title="bbox 310 5108 1638 5190; baseline -0.003 -21"><span class='ocrx_word' id='word_1_292' title='bbox 310 5113 454 5169; x_wconf 84' lang='grc'>3935</span> <span class='ocrx_word' id='word_1_293' title='bbox 491 5114 598 5169; x_wconf 80' lang='grc' dir='ltr'><strong>Τὸν</strong></span> <span class='ocrx_word' id='word_1_294' title='bbox 629 5108 1098 5188; x_wconf 77' lang='grc' dir='ltr'>σεϐαστοκράτορα</span> <span class='ocrx_word' id='word_1_295' title='bbox 1124 5113 1217 5168; x_wconf 83' lang='grc' dir='ltr'>τὸν</span> <span class='ocrx_word' id='word_1_296' title='bbox 1250 5115 1375 5186; x_wconf 84' lang='grc' dir='ltr'>πρὶν</span> <span class='ocrx_word' id='word_1_297' title='bbox 1408 5109 1638 5190; x_wconf 75' lang='grc' dir='ltr'>φυγάδα,</span> 
     </span>
    </p>
   </div>
   <div class='ocr_carea' id='block_1_56' title="bbox 487 5201 1540 5279">
    <p class='ocr_par' dir='ltr' id='par_1_56' title="bbox 487 5201 1540 5279">
     <span class='ocr_line' id='line_1_57' title="bbox 487 5201 1540 5279; baseline -0.005 -19"><span class='ocrx_word' id='word_1_298' title='bbox 487 5205 581 5276; x_wconf 80' lang='grc' dir='ltr'><strong>Τῷ</strong></span> <span class='ocrx_word' id='word_1_299' title='bbox 609 5206 907 5274; x_wconf 78' lang='grc' dir='ltr'>τηνικαῦτα</span> <span class='ocrx_word' id='word_1_300' title='bbox 936 5204 1272 5279; x_wconf 76' lang='grc' dir='ltr'>προσρυέντα</span> <span class='ocrx_word' id='word_1_301' title='bbox 1299 5201 1540 5277; x_wconf 87' lang='grc' dir='ltr'>γνησίως</span> 
     </span>
    </p>
   </div>
   <div class='ocr_carea' id='block_1_57' title="bbox 485 5289 1548 5369">
    <p class='ocr_par' dir='ltr' id='par_1_57' title="bbox 485 5289 1548 5369">
     <span class='ocr_line' id='line_1_58' title="bbox 485 5289 1548 5369; baseline -0.005 -21"><span class='ocrx_word' id='word_1_302' title='bbox 485 5295 715 5348; x_wconf 76' lang='grc' dir='ltr'>Ἀνακτι</span> <span class='ocrx_word' id='word_1_303' title='bbox 741 5290 887 5364; x_wconf 73' lang='grc' dir='ltr'>τῷδε</span> <span class='ocrx_word' id='word_1_304' title='bbox 916 5291 1006 5346; x_wconf 80' lang='grc' dir='ltr'>καὶ</span> <span class='ocrx_word' id='word_1_305' title='bbox 1037 5294 1352 5367; x_wconf 80' lang='grc' dir='ltr'>κασιγνήτῳ</span> <span class='ocrx_word' id='word_1_306' title='bbox 1382 5289 1548 5369; x_wconf 58' lang='grc' dir='ltr'>φίλῳ</span> 
     </span>
    </p>
   </div>
   <div class='ocr_carea' id='block_1_58' title="bbox 483 5375 1610 5458">
    <p class='ocr_par' dir='ltr' id='par_1_58' title="bbox 483 5375 1610 5458">
     <span class='ocr_line' id='line_1_59' title="bbox 483 5375 1610 5458; baseline -0.003 -22"><span class='ocrx_word' id='word_1_307' title='bbox 483 5385 580 5446; x_wconf 89' lang='grc' dir='ltr'>Ὃς</span> <span class='ocrx_word' id='word_1_308' title='bbox 607 5381 853 5438; x_wconf 81' lang='grc' dir='ltr'>ἐκλιπὼν</span> <span class='ocrx_word' id='word_1_309' title='bbox 886 5381 1013 5458; x_wconf 82' lang='grc' dir='ltr'>πρὶν</span> <span class='ocrx_word' id='word_1_310' title='bbox 1049 5375 1326 5455; x_wconf 73' lang='grc' dir='ltr'>διατριϐὰς</span> <span class='ocrx_word' id='word_1_311' title='bbox 1354 5378 1610 5437; x_wconf 83' lang='grc' dir='ltr'>Αὐσόνων</span> 
     </span>
    </p>
   </div>
   <div class='ocr_carea' id='block_1_59' title="bbox 490 5467 1506 5547">
    <p class='ocr_par' dir='ltr' id='par_1_59' title="bbox 490 5467 1506 5547">
     <span class='ocr_line' id='line_1_60' title="bbox 490 5467 1506 5547; baseline -0.004 -21"><span class='ocrx_word' id='word_1_312' title='bbox 490 5471 690 5547; x_wconf 77' lang='grc' dir='ltr'>Σχέσιν</span> <span class='ocrx_word' id='word_1_313' title='bbox 724 5471 997 5546; x_wconf 80' lang='grc' dir='ltr'>ὁμογνίου</span> <span class='ocrx_word' id='word_1_314' title='bbox 1026 5490 1084 5524; x_wconf 87' lang='grc' dir='ltr'><strong>τε</strong></span> <span class='ocrx_word' id='word_1_315' title='bbox 1111 5468 1200 5524; x_wconf 79' lang='grc' dir='ltr'>καὶ</span> <span class='ocrx_word' id='word_1_316' title='bbox 1237 5467 1506 5544; x_wconf 76' lang='grc' dir='ltr'>βασιλέως</span> 
     </span>
    </p>
   </div>
   <div class='ocr_carea' id='block_1_60' title="bbox 307 5557 1724 5637">
    <p class='ocr_par' dir='ltr' id='par_1_60' title="bbox 307 5557 1724 5637">
     <span class='ocr_line' id='line_1_61' title="bbox 307 5557 1724 5637; baseline -0.004 -19"><span class='ocrx_word' id='word_1_317' title='bbox 307 5562 452 5618; x_wconf 70' lang='grc'>3940</span> <span class='ocrx_word' id='word_1_318' title='bbox 488 5563 631 5635; x_wconf 84' lang='grc' dir='ltr'>Πρὸς</span> <span class='ocrx_word' id='word_1_319' title='bbox 661 5562 1012 5637; x_wconf 73' lang='grc' dir='ltr'>Περσάνακτα</span> <span class='ocrx_word' id='word_1_320' title='bbox 1036 5557 1209 5637; x_wconf 70' lang='grc' dir='ltr'>φυγὰς</span> <span class='ocrx_word' id='word_1_321' title='bbox 1241 5557 1480 5629; x_wconf 77' lang='grc' dir='ltr'>ἐκλυπής</span> <span class='ocrx_word' id='word_1_322' title='bbox 1519 5557 1724 5634; x_wconf 68' lang='grc' dir='ltr'>τρέχεν</span> 
     </span>
    </p>
   </div>
   <div class='ocr_carea' id='block_1_61' title="bbox 1977 391 3160 469">
    <p class='ocr_par' dir='ltr' id='par_1_61' title="bbox 1977 391 3160 469">
     <span class='ocr_line' id='line_1_62' title="bbox 1977 391 3160 469; baseline -0.004 -19"><span class='ocrx_word' id='word_1_323' title='bbox 1977 404 2029 469; x_wconf 81' lang='grc' dir='ltr'><strong>Α</strong></span> <span class='ocrx_word' id='word_1_324' title='bbox 2060 395 2152 450; x_wconf 89' lang='lat' dir='ltr'><strong>cui</strong></span> <span class='ocrx_word' id='word_1_325' title='bbox 2183 396 2318 467; x_wconf 85' lang='lat' dir='ltr'><strong>quia</strong></span> <span class='ocrx_word' id='word_1_326' title='bbox 2345 397 2603 451; x_wconf 85' lang='lat' dir='ltr'><strong>confisus</strong></span> <span class='ocrx_word' id='word_1_327' title='bbox 2632 395 2816 450; x_wconf 90' lang='lat' dir='ltr'><strong>victor</strong></span> <span class='ocrx_word' id='word_1_328' title='bbox 2845 391 3160 449; x_wconf 78' lang='lat' dir='ltr'><strong>exstiterat.</strong></span> 
     </span>
    </p>
   </div>
   <div class='ocr_carea' id='block_1_62' title="bbox 2058 481 3106 541">
    <p class='ocr_par' dir='ltr' id='par_1_62' title="bbox 2058 481 3106 541">
     <span class='ocr_line' id='line_1_63' title="bbox 2058 481 3106 541; baseline -0.004 -2"><span class='ocrx_word' id='word_1_329' title='bbox 2058 501 2217 540; x_wconf 90' lang='lat' dir='ltr'><strong>nunc</strong></span> <span class='ocrx_word' id='word_1_330' title='bbox 2246 501 2349 540; x_wconf 92' lang='lat' dir='ltr'><strong>ceu</strong></span> <span class='ocrx_word' id='word_1_331' title='bbox 2384 484 2518 540; x_wconf 87' lang='lat' dir='ltr'><strong>belli</strong></span> <span class='ocrx_word' id='word_1_332' title='bbox 2549 484 2716 541; x_wconf 68' lang='lat' dir='ltr'><strong>sociae</strong></span> <span class='ocrx_word' id='word_1_333' title='bbox 2749 487 2806 539; x_wconf 91' lang='lat' dir='ltr'><strong>et</strong></span> <span class='ocrx_word' id='word_1_334' title='bbox 2838 481 3106 539; x_wconf 81' lang='lat' dir='ltr'><strong>auxiliari</strong></span> 
     </span>
    </p>
   </div>
   <div class='ocr_carea' id='block_1_63' title="bbox 2059 575 3046 645">
    <p class='ocr_par' dir='ltr' id='par_1_63' title="bbox 2059 575 3046 645">
     <span class='ocr_line' id='line_1_64' title="bbox 2059 575 3046 645; baseline -0.002 -17"><span class='ocrx_word' id='word_1_335' title='bbox 2059 575 2468 630; x_wconf 85' lang='lat' dir='ltr'><strong>convenientes</strong></span> <span class='ocrx_word' id='word_1_336' title='bbox 2499 575 2781 630; x_wconf 82' lang='lat' dir='ltr'><strong>reddebat</strong></span> <span class='ocrx_word' id='word_1_337' title='bbox 2810 577 3046 645; x_wconf 88' lang='lat' dir='ltr'><strong>grates;</strong></span> 
     </span>
    </p>
   </div>
   <div class='ocr_carea' id='block_1_64' title="bbox 2060 663 3109 735">
    <p class='ocr_par' dir='ltr' id='par_1_64' title="bbox 2060 663 3109 735">
     <span class='ocr_line' id='line_1_65' title="bbox 2060 663 3109 735; baseline -0.003 -19"><span class='ocrx_word' id='word_1_338' title='bbox 2060 663 2394 733; x_wconf 65' lang='lat' dir='ltr'><strong>praecedens</strong></span> <span class='ocrx_word' id='word_1_339' title='bbox 2425 664 2550 735; x_wconf 89' lang='lat' dir='ltr'><strong>ipse</strong></span> <span class='ocrx_word' id='word_1_340' title='bbox 2581 679 2714 718; x_wconf 91' lang='lat' dir='ltr'><strong>cum</strong></span> <span class='ocrx_word' id='word_1_341' title='bbox 2748 668 2866 717; x_wconf 88' lang='lat' dir='ltr'><strong>toto</strong></span> <span class='ocrx_word' id='word_1_342' title='bbox 2900 663 3109 716; x_wconf 87' lang='lat' dir='ltr'><strong>senatu</strong></span> 
     </span>
    </p>
   </div>
   <div class='ocr_carea' id='block_1_65' title="bbox 2061 747 3355 823">
    <p class='ocr_par' dir='ltr' id='par_1_65' title="bbox 2061 747 3355 823">
     <span class='ocr_line' id='line_1_66' title="bbox 2061 747 3355 823; baseline -0.004 -17"><span class='ocrx_word' id='word_1_343' title='bbox 2061 752 2348 821; x_wconf 80' lang='lat' dir='ltr'><strong>pedester,</strong></span> <span class='ocrx_word' id='word_1_344' title='bbox 2383 766 2678 823; x_wconf 80' lang='lat' dir='ltr'><strong>sceptrum</strong></span> <span class='ocrx_word' id='word_1_345' title='bbox 2711 756 2950 823; x_wconf 83' lang='lat' dir='ltr'><strong>gestans</strong></span> <span class='ocrx_word' id='word_1_346' title='bbox 2981 747 3355 805; x_wconf 88' lang='lat' dir='ltr'><strong>cruciferum.</strong></span> 
     </span>
    </p>
   </div>
   <div class='ocr_carea' id='block_1_66' title="bbox 2059 838 3228 912">
    <p class='ocr_par' dir='ltr' id='par_1_66' title="bbox 2059 838 3228 912">
     <span class='ocr_line' id='line_1_67' title="bbox 2059 838 3228 912; baseline -0.003 -18"><span class='ocrx_word' id='word_1_347' title='bbox 2059 842 2162 895; x_wconf 90' lang='lat' dir='ltr'><strong>Sed</strong></span> <span class='ocrx_word' id='word_1_348' title='bbox 2195 841 2353 896; x_wconf 90' lang='lat' dir='ltr'>brevi</span> <span class='ocrx_word' id='word_1_349' title='bbox 2381 841 2536 896; x_wconf 90' lang='lat' dir='ltr'><strong>domi</strong></span> <span class='ocrx_word' id='word_1_350' title='bbox 2573 846 2832 912; x_wconf 91' lang='lat' dir='ltr'><strong>tempore</strong></span> <span class='ocrx_word' id='word_1_351' title='bbox 2866 838 3228 911; x_wconf 84' lang='lat' dir='ltr'><strong>permansit;</strong></span> 
     </span>
    </p>
   </div>
   <div class='ocr_carea' id='block_1_67' title="bbox 2061 926 3184 1000">
    <p class='ocr_par' dir='ltr' id='par_1_67' title="bbox 2061 926 3184 1000">
     <span class='ocr_line' id='line_1_68' title="bbox 2061 926 3184 1000; baseline -0.004 -15"><span class='ocrx_word' id='word_1_352' title='bbox 2061 946 2390 1000; x_wconf 86' lang='lat' dir='ltr'><strong>rursusque</strong></span> <span class='ocrx_word' id='word_1_353' title='bbox 2421 931 2491 984; x_wconf 90' lang='lat' dir='ltr'><strong>ad</strong></span> <span class='ocrx_word' id='word_1_354' title='bbox 2524 929 2745 985; x_wconf 90' lang='lat' dir='ltr'><strong>bellum</strong></span> <span class='ocrx_word' id='word_1_355' title='bbox 2781 946 2876 984; x_wconf 85' lang='lat' dir='ltr'><strong>rex</strong></span> <span class='ocrx_word' id='word_1_356' title='bbox 2910 926 3184 984; x_wconf 84' lang='lat' dir='ltr'><strong>amabilis</strong></span> 
     </span>
    </p>
   </div>
   <div class='ocr_carea' id='block_1_68' title="bbox 2060 1013 3310 1091">
    <p class='ocr_par' dir='ltr' id='par_1_68' title="bbox 2060 1013 3310 1091">
     <span class='ocr_line' id='line_1_69' title="bbox 2060 1013 3310 1091; baseline -0.004 -19"><span class='ocrx_word' id='word_1_357' title='bbox 2060 1019 2353 1089; x_wconf 89' lang='lat' dir='ltr'><strong>profectus</strong></span> <span class='ocrx_word' id='word_1_358' title='bbox 2387 1019 2634 1091; x_wconf 83' lang='lat' dir='ltr'>impigre</span> <span class='ocrx_word' id='word_1_359' title='bbox 2666 1035 2800 1072; x_wconf 88' lang='lat' dir='ltr'><strong>cum</strong></span> <span class='ocrx_word' id='word_1_360' title='bbox 2833 1016 3024 1072; x_wconf 88' lang='lat' dir='ltr'><strong>valido</strong></span> <span class='ocrx_word' id='word_1_361' title='bbox 3056 1013 3310 1071; x_wconf 89' lang='lat' dir='ltr'><strong>exercitu</strong></span> 
     </span>
    </p>
   </div>
   <div class='ocr_carea' id='block_1_69' title="bbox 2062 1103 3388 1172">
    <p class='ocr_par' dir='ltr' id='par_1_69' title="bbox 2062 1103 3388 1172">
     <span class='ocr_line' id='line_1_70' title="bbox 2062 1103 3388 1172; baseline -0.005 -10"><span class='ocrx_word' id='word_1_362' title='bbox 2062 1107 2219 1163; x_wconf 85' lang='lat' dir='ltr'><strong>venit</strong></span> <span class='ocrx_word' id='word_1_363' title='bbox 2245 1107 2654 1163; x_wconf 88' lang='lat' dir='ltr'><strong>Castamonem</strong></span> <span class='ocrx_word' id='word_1_364' title='bbox 2685 1113 2888 1162; x_wconf 90' lang='lat' dir='ltr'><strong>contra</strong></span> <span class='ocrx_word' id='word_1_365' title='bbox 2915 1103 3388 1172; x_wconf 88' lang='lat' dir='ltr'><strong>Tanismanium,</strong></span> 
     </span>
    </p>
   </div>
   <div class='ocr_carea' id='block_1_70' title="bbox 2063 1193 3084 1267">
    <p class='ocr_par' dir='ltr' id='par_1_70' title="bbox 2063 1193 3084 1267">
     <span class='ocr_line' id='line_1_71' title="bbox 2063 1193 3084 1267; baseline -0.002 -17"><span class='ocrx_word' id='word_1_366' title='bbox 2063 1195 2163 1267; x_wconf 87' lang='lat' dir='ltr'><strong>qui</strong></span> <span class='ocrx_word' id='word_1_367' title='bbox 2197 1197 2313 1252; x_wconf 86' lang='lat' dir='ltr'><strong>dux</strong></span> <span class='ocrx_word' id='word_1_368' title='bbox 2340 1197 2600 1252; x_wconf 87' lang='lat' dir='ltr'><strong>delectus</strong></span> <span class='ocrx_word' id='word_1_369' title='bbox 2633 1215 2662 1251; x_wconf 85' lang='lat' dir='ltr'><strong>a</strong></span> <span class='ocrx_word' id='word_1_370' title='bbox 2696 1193 3084 1250; x_wconf 87' lang='lat' dir='ltr'><strong>Persameniis</strong></span> 
     </span>
    </p>
   </div>
   <div class='ocr_carea' id='block_1_71' title="bbox 2064 1286 3129 1358">
    <p class='ocr_par' dir='ltr' id='par_1_71' title="bbox 2064 1286 3129 1358">
     <span class='ocr_line' id='line_1_72' title="bbox 2064 1286 3129 1358; baseline -0.003 -19"><span class='ocrx_word' id='word_1_371' title='bbox 2064 1286 2398 1355; x_wconf 66' lang='lat' dir='ltr'><strong>praedictam</strong></span> <span class='ocrx_word' id='word_1_372' title='bbox 2433 1287 2637 1341; x_wconf 89' lang='lat' dir='ltr'>urbem</span> <span class='ocrx_word' id='word_1_373' title='bbox 2670 1286 3129 1358; x_wconf 82' lang='lat' dir='ltr'><strong>expugnaverat,</strong></span> 
     </span>
    </p>
   </div>
   <div class='ocr_carea' id='block_1_72' title="bbox 2061 1371 3275 1445">
    <p class='ocr_par' dir='ltr' id='par_1_72' title="bbox 2061 1371 3275 1445">
     <span class='ocr_line' id='line_1_73' title="bbox 2061 1371 3275 1445; baseline -0.001 -19"><span class='ocrx_word' id='word_1_374' title='bbox 2061 1373 2255 1444; x_wconf 87' lang='lat' dir='ltr'><strong>gladio</strong></span> <span class='ocrx_word' id='word_1_375' title='bbox 2287 1374 2618 1430; x_wconf 79' lang='lat' dir='ltr'><strong>Romanum</strong></span> <span class='ocrx_word' id='word_1_376' title='bbox 2651 1375 2878 1429; x_wconf 61' lang='lat' dir='ltr'><strong>credens</strong></span> <span class='ocrx_word' id='word_1_377' title='bbox 2911 1371 3275 1445; x_wconf 78' lang='lat' dir='ltr'><strong>praesidium.</strong></span> 
     </span>
    </p>
   </div>
   <div class='ocr_carea' id='block_1_73' title="bbox 2061 1463 3026 1536">
    <p class='ocr_par' dir='ltr' id='par_1_73' title="bbox 2061 1463 3026 1536">
     <span class='ocr_line' id='line_1_74' title="bbox 2061 1463 3026 1536; baseline 0 -19"><span class='ocrx_word' id='word_1_378' title='bbox 2061 1463 2221 1518; x_wconf 89' lang='lat' dir='ltr'><strong>Hanc</strong></span> <span class='ocrx_word' id='word_1_379' title='bbox 2253 1480 2389 1536; x_wconf 85' lang='lat' dir='ltr'><strong>ergo</strong></span> <span class='ocrx_word' id='word_1_380' title='bbox 2421 1465 2613 1520; x_wconf 66' lang='lat' dir='ltr'><strong>Caesar</strong></span> <span class='ocrx_word' id='word_1_381' title='bbox 2643 1463 3026 1536; x_wconf 85' lang='lat' dir='ltr'><strong>recuperavit.</strong></span> 
     </span>
    </p>
   </div>
   <div class='ocr_carea' id='block_1_74' title="bbox 2064 1552 3086 1626">
    <p class='ocr_par' dir='ltr' id='par_1_74' title="bbox 2064 1552 3086 1626">
     <span class='ocr_line' id='line_1_75' title="bbox 2064 1552 3086 1626; baseline -0.001 -19"><span class='ocrx_word' id='word_1_382' title='bbox 2064 1552 2315 1625; x_wconf 81' lang='lat' dir='ltr'><strong>Insuper</strong></span> <span class='ocrx_word' id='word_1_383' title='bbox 2345 1554 2576 1626; x_wconf 88' lang='lat' dir='ltr'><strong>Gangra</strong></span> <span class='ocrx_word' id='word_1_384' title='bbox 2610 1559 2892 1625; x_wconf 85' lang='lat' dir='ltr'><strong>occupata</strong></span> <span class='ocrx_word' id='word_1_385' title='bbox 2923 1552 3086 1620; x_wconf 89' lang='lat' dir='ltr'><strong>urbe,</strong></span> 
     </span>
    </p>
   </div>
   <div class='ocr_carea' id='block_1_75' title="bbox 2061 1642 3076 1715">
    <p class='ocr_par' dir='ltr' id='par_1_75' title="bbox 2061 1642 3076 1715">
     <span class='ocr_line' id='line_1_76' title="bbox 2061 1642 3076 1715; baseline 0 -20"><span class='ocrx_word' id='word_1_386' title='bbox 2061 1642 2260 1713; x_wconf 90' lang='lat' dir='ltr'><strong>ibique</strong></span> <span class='ocrx_word' id='word_1_387' title='bbox 2291 1643 2586 1715; x_wconf 88' lang='lat' dir='ltr'><strong>impositis</strong></span> <span class='ocrx_word' id='word_1_388' title='bbox 2620 1642 2873 1715; x_wconf 76' lang='lat' dir='ltr'><strong>praesidii</strong></span> <span class='ocrx_word' id='word_1_389' title='bbox 2899 1659 3076 1696; x_wconf 80' lang='lat' dir='ltr'><strong>causa</strong></span> 
     </span>
    </p>
   </div>
   <div class='ocr_carea' id='block_1_76' title="bbox 2062 1729 3265 1795">
    <p class='ocr_par' dir='ltr' id='par_1_76' title="bbox 2062 1729 3265 1795">
     <span class='ocr_line' id='line_1_77' title="bbox 2062 1729 3265 1795; baseline -0.002 -9"><span class='ocrx_word' id='word_1_390' title='bbox 2062 1732 2133 1786; x_wconf 92' lang='lat' dir='ltr'><strong>de</strong></span> <span class='ocrx_word' id='word_1_391' title='bbox 2166 1737 2365 1787; x_wconf 86' lang='lat' dir='ltr'><strong>nostro</strong></span> <span class='ocrx_word' id='word_1_392' title='bbox 2397 1733 2652 1788; x_wconf 88' lang='lat' dir='ltr'><strong>exercitu</strong></span> <span class='ocrx_word' id='word_1_393' title='bbox 2688 1732 2777 1786; x_wconf 91' lang='lat' dir='ltr'><strong>bis</strong></span> <span class='ocrx_word' id='word_1_394' title='bbox 2809 1731 2967 1786; x_wconf 89' lang='lat' dir='ltr'><strong>mille</strong></span> <span class='ocrx_word' id='word_1_395' title='bbox 3000 1729 3265 1795; x_wconf 88' lang='lat' dir='ltr'><strong>armatis,</strong></span> 
     </span>
    </p>
   </div>
   <div class='ocr_carea' id='block_1_77' title="bbox 2061 1818 3168 1893">
    <p class='ocr_par' dir='ltr' id='par_1_77' title="bbox 2061 1818 3168 1893">
     <span class='ocr_line' id='line_1_78' title="bbox 2061 1818 3168 1893; baseline -0.004 -18"><span class='ocrx_word' id='word_1_396' title='bbox 2061 1820 2288 1875; x_wconf 88' lang='lat' dir='ltr'><strong>cunctis</strong></span> <span class='ocrx_word' id='word_1_397' title='bbox 2319 1821 2563 1892; x_wconf 86' lang='lat' dir='ltr'><strong>pacatis,</strong></span> <span class='ocrx_word' id='word_1_398' title='bbox 2597 1819 2939 1893; x_wconf 77' lang='lat' dir='ltr'><strong>Byzantium</strong></span> <span class='ocrx_word' id='word_1_399' title='bbox 2974 1818 3168 1873; x_wconf 90' lang='lat' dir='ltr'><strong>rediit.</strong></span> 
     </span>
    </p>
   </div>
   <div class='ocr_carea' id='block_1_78' title="bbox 2059 1910 3191 1972">
    <p class='ocr_par' dir='ltr' id='par_1_78' title="bbox 2059 1910 3191 1972">
     <span class='ocr_line' id='line_1_79' title="bbox 2059 1910 3191 1972; baseline -0.001 -9"><span class='ocrx_word' id='word_1_400' title='bbox 2059 1910 2332 1964; x_wconf 86' lang='lat' dir='ltr'><strong>Attamen</strong></span> <span class='ocrx_word' id='word_1_401' title='bbox 2365 1910 2616 1965; x_wconf 88' lang='lat' dir='ltr'><strong>breviter</strong></span> <span class='ocrx_word' id='word_1_402' title='bbox 2646 1910 2740 1964; x_wconf 89' lang='lat' dir='ltr'><strong>hic</strong></span> <span class='ocrx_word' id='word_1_403' title='bbox 2771 1912 3191 1972; x_wconf 85' lang='lat' dir='ltr'><strong>commoratus,</strong></span> 
     </span>
    </p>
   </div>
   <div class='ocr_carea' id='block_1_79' title="bbox 2061 1995 3240 2070">
    <p class='ocr_par' dir='ltr' id='par_1_79' title="bbox 2061 1995 3240 2070">
     <span class='ocr_line' id='line_1_80' title="bbox 2061 1995 3240 2070; baseline -0.003 -18"><span class='ocrx_word' id='word_1_404' title='bbox 2061 1997 2356 2069; x_wconf 83' lang='lat' dir='ltr'><strong>prolectus</strong></span> <span class='ocrx_word' id='word_1_405' title='bbox 2387 2003 2475 2055; x_wconf 89' lang='lat' dir='ltr'><strong>est</strong></span> <span class='ocrx_word' id='word_1_406' title='bbox 2506 2016 2638 2054; x_wconf 89' lang='lat' dir='ltr'><strong>cum</strong></span> <span class='ocrx_word' id='word_1_407' title='bbox 2672 1998 2896 2070; x_wconf 86' lang='lat' dir='ltr'><strong>ingenti</strong></span> <span class='ocrx_word' id='word_1_408' title='bbox 2925 1995 3240 2064; x_wconf 89' lang='lat' dir='ltr'><strong>excercitu,</strong></span> 
     </span>
    </p>
   </div>
   <div class='ocr_carea' id='block_1_80' title="bbox 2060 2087 3023 2159">
    <p class='ocr_par' dir='ltr' id='par_1_80' title="bbox 2060 2087 3023 2159">
     <span class='ocr_line' id='line_1_81' title="bbox 2060 2087 3023 2159; baseline 0.002 -19"><span class='ocrx_word' id='word_1_409' title='bbox 2060 2087 2432 2159; x_wconf 89' lang='lat' dir='ltr'><strong>imperitante</strong></span> <span class='ocrx_word' id='word_1_410' title='bbox 2462 2089 2736 2144; x_wconf 83' lang='lat' dir='ltr'><strong>Armenis</strong></span> <span class='ocrx_word' id='word_1_411' title='bbox 2770 2093 3023 2154; x_wconf 86' lang='lat' dir='ltr'><strong>Levuno,</strong></span> 
     </span>
    </p>
   </div>
   <div class='ocr_carea' id='block_1_81' title="bbox 2059 2174 3229 2248">
    <p class='ocr_par' dir='ltr' id='par_1_81' title="bbox 2059 2174 3229 2248">
     <span class='ocr_line' id='line_1_82' title="bbox 2059 2174 3229 2248; baseline -0.002 -17"><span class='ocrx_word' id='word_1_412' title='bbox 2059 2184 2408 2248; x_wconf 89' lang='lat' dir='ltr'><strong>nostrasque</strong></span> <span class='ocrx_word' id='word_1_413' title='bbox 2441 2178 2613 2233; x_wconf 85' lang='lat' dir='ltr'><strong>urbes</strong></span> <span class='ocrx_word' id='word_1_414' title='bbox 2647 2177 2882 2232; x_wconf 84' lang='lat' dir='ltr'><strong>damnis</strong></span> <span class='ocrx_word' id='word_1_415' title='bbox 2915 2174 3229 2231; x_wconf 75' lang='lat' dir='ltr'><strong>efﬁciente.</strong></span> 
     </span>
    </p>
   </div>
   <div class='ocr_carea' id='block_1_82' title="bbox 2059 2262 3274 2337">
    <p class='ocr_par' dir='ltr' id='par_1_82' title="bbox 2059 2262 3274 2337">
     <span class='ocr_line' id='line_1_83' title="bbox 2059 2262 3274 2337; baseline -0.002 -18"><span class='ocrx_word' id='word_1_416' title='bbox 2059 2265 2208 2336; x_wconf 86' lang='lat' dir='ltr'><strong>Ergo</strong></span> <span class='ocrx_word' id='word_1_417' title='bbox 2240 2282 2590 2337; x_wconf 87' lang='lat' dir='ltr'><strong>progressus</strong></span> <span class='ocrx_word' id='word_1_418' title='bbox 2623 2266 2682 2321; x_wconf 89' lang='lat' dir='ltr'><strong>in</strong></span> <span class='ocrx_word' id='word_1_419' title='bbox 2720 2262 3274 2321; x_wconf 82' lang='lat' dir='ltr'><strong>Armeno-Ciliciam</strong></span> 
     </span>
    </p>
   </div>
   <div class='ocr_carea' id='block_1_83' title="bbox 2059 2353 3305 2426">
    <p class='ocr_par' dir='ltr' id='par_1_83' title="bbox 2059 2353 3305 2426">
     <span class='ocr_line' id='line_1_84' title="bbox 2059 2353 3305 2426; baseline -0.002 -19"><span class='ocrx_word' id='word_1_420' title='bbox 2059 2353 2423 2425; x_wconf 81' lang='lat' dir='ltr'><strong>splendidam</strong></span> <span class='ocrx_word' id='word_1_421' title='bbox 2457 2355 2662 2410; x_wconf 86' lang='lat' dir='ltr'><strong>urbem</strong></span> <span class='ocrx_word' id='word_1_422' title='bbox 2695 2354 3000 2426; x_wconf 87' lang='lat' dir='ltr'><strong>occupavit</strong></span> <span class='ocrx_word' id='word_1_423' title='bbox 3029 2353 3305 2421; x_wconf 88' lang='lat' dir='ltr'><strong>Tarsum,</strong></span> 
     </span>
    </p>
   </div>
   <div class='ocr_carea' id='block_1_84' title="bbox 2058 2441 3143 2516">
    <p class='ocr_par' dir='ltr' id='par_1_84' title="bbox 2058 2441 3143 2516">
     <span class='ocr_line' id='line_1_85' title="bbox 2058 2441 3143 2516; baseline 0 -20"><span class='ocrx_word' id='word_1_424' title='bbox 2058 2442 2265 2497; x_wconf 88' lang='lat' dir='ltr'><strong>Bacam</strong></span> <span class='ocrx_word' id='word_1_425' title='bbox 2296 2447 2353 2499; x_wconf 92' lang='lat' dir='ltr'><strong>et</strong></span> <span class='ocrx_word' id='word_1_426' title='bbox 2383 2444 2638 2499; x_wconf 81' lang='lat' dir='ltr'><strong>Adanem</strong></span> <span class='ocrx_word' id='word_1_427' title='bbox 2672 2443 2883 2516; x_wconf 89' lang='lat' dir='ltr'><strong>peritia</strong></span> <span class='ocrx_word' id='word_1_428' title='bbox 2913 2441 3143 2498; x_wconf 90' lang='lat' dir='ltr'><strong>bellica.</strong></span> 
     </span>
    </p>
   </div>
   <div class='ocr_carea' id='block_1_85' title="bbox 2057 2529 3298 2604">
    <p class='ocr_par' dir='ltr' id='par_1_85' title="bbox 2057 2529 3298 2604">
     <span class='ocr_line' id='line_1_86' title="bbox 2057 2529 3298 2604; baseline -0.002 -18"><span class='ocrx_word' id='word_1_429' title='bbox 2057 2531 2186 2587; x_wconf 82' lang='lat' dir='ltr'><strong>Mox</strong></span> <span class='ocrx_word' id='word_1_430' title='bbox 2210 2533 2543 2588; x_wconf 87' lang='lat' dir='ltr'><strong>Anazabum</strong></span> <span class='ocrx_word' id='word_1_431' title='bbox 2577 2551 2810 2590; x_wconf 88' lang='lat' dir='ltr'><strong>summa</strong></span> <span class='ocrx_word' id='word_1_432' title='bbox 2839 2533 2893 2588; x_wconf 87' lang='lat' dir='ltr'><strong>vi</strong></span> <span class='ocrx_word' id='word_1_433' title='bbox 2924 2529 3298 2604; x_wconf 83' lang='lat' dir='ltr'><strong>expugnavit,</strong></span> 
     </span>
    </p>
   </div>
   <div class='ocr_carea' id='block_1_86' title="bbox 2059 2620 3148 2691">
    <p class='ocr_par' dir='ltr' id='par_1_86' title="bbox 2059 2620 3148 2691">
     <span class='ocr_line' id='line_1_87' title="bbox 2059 2620 3148 2691; baseline 0.001 -16"><span class='ocrx_word' id='word_1_434' title='bbox 2059 2624 2116 2675; x_wconf 91' lang='lat' dir='ltr'><strong>et</strong></span> <span class='ocrx_word' id='word_1_435' title='bbox 2143 2620 2452 2678; x_wconf 86' lang='lat' dir='ltr'><strong>Coloneam</strong></span> <span class='ocrx_word' id='word_1_436' title='bbox 2484 2626 2540 2679; x_wconf 91' lang='lat' dir='ltr'><strong>et</strong></span> <span class='ocrx_word' id='word_1_437' title='bbox 2571 2621 2922 2691; x_wconf 84' lang='lat' dir='ltr'><strong>Periclytum</strong></span> <span class='ocrx_word' id='word_1_438' title='bbox 2955 2621 3148 2677; x_wconf 91' lang='lat' dir='ltr'><strong>urbes.</strong></span> 
     </span>
    </p>
   </div>
   <div class='ocr_carea' id='block_1_87' title="bbox 2058 2709 3258 2783">
    <p class='ocr_par' dir='ltr' id='par_1_87' title="bbox 2058 2709 3258 2783">
     <span class='ocr_line' id='line_1_88' title="bbox 2058 2709 3258 2783; baseline 0 -19"><span class='ocrx_word' id='word_1_439' title='bbox 2058 2711 2345 2767; x_wconf 82' lang='lat' dir='ltr'><strong>Proximis</strong></span> <span class='ocrx_word' id='word_1_440' title='bbox 2376 2727 2609 2783; x_wconf 90' lang='lat' dir='ltr'><strong>quoque</strong></span> <span class='ocrx_word' id='word_1_441' title='bbox 2640 2712 2972 2783; x_wconf 84' lang='lat' dir='ltr'><strong>subjugatis</strong></span> <span class='ocrx_word' id='word_1_442' title='bbox 3005 2709 3258 2782; x_wconf 89' lang='lat' dir='ltr'><strong>oppidis,</strong></span> 
     </span>
    </p>
   </div>
   <div class='ocr_carea' id='block_1_88' title="bbox 2061 2795 3356 2870">
    <p class='ocr_par' dir='ltr' id='par_1_88' title="bbox 2061 2795 3356 2870">
     <span class='ocr_line' id='line_1_89' title="bbox 2061 2795 3356 2870; baseline 0.007 -17"><span class='ocrx_word' id='word_1_443' title='bbox 2061 2814 2195 2854; x_wconf 89' lang='lat' dir='ltr'><strong>cum</strong></span> <span class='ocrx_word' id='word_1_444' title='bbox 2231 2799 2474 2856; x_wconf 90' lang='lat' dir='ltr'><strong>munitis</strong></span> <span class='ocrx_word' id='word_1_445' title='bbox 2506 2800 2762 2857; x_wconf 87' lang='lat' dir='ltr'><strong>castellis</strong></span> <span class='ocrx_word' id='word_1_446' title='bbox 2793 2799 3138 2870; x_wconf 90' lang='lat' dir='ltr'><strong>cunctisque</strong></span> <span class='ocrx_word' id='word_1_447' title='bbox 3171 2795 3356 2868; x_wconf 62' lang='lat' dir='ltr'><strong>pagis.</strong></span> 
     </span>
    </p>
   </div>
   <div class='ocr_carea' id='block_1_89' title="bbox 2059 2888 3038 2960">
    <p class='ocr_par' dir='ltr' id='par_1_89' title="bbox 2059 2888 3038 2960">
     <span class='ocr_line' id='line_1_90' title="bbox 2059 2888 3038 2960; baseline -0.002 -16"><span class='ocrx_word' id='word_1_448' title='bbox 2059 2888 2219 2944; x_wconf 88' lang='lat' dir='ltr'><strong>venit</strong></span> <span class='ocrx_word' id='word_1_449' title='bbox 2251 2888 2309 2943; x_wconf 91' lang='lat' dir='ltr'><strong>in</strong></span> <span class='ocrx_word' id='word_1_450' title='bbox 2342 2889 2518 2960; x_wconf 71' lang='lat' dir='ltr'><strong>Syriae</strong></span> <span class='ocrx_word' id='word_1_451' title='bbox 2553 2907 2740 2960; x_wconf 88' lang='lat' dir='ltr'><strong>usque</strong></span> <span class='ocrx_word' id='word_1_452' title='bbox 2771 2888 3038 2960; x_wconf 87' lang='lat' dir='ltr'><strong>regiones</strong></span> 
     </span>
    </p>
   </div>
   <div class='ocr_carea' id='block_1_90' title="bbox 2063 2974 3229 3048">
    <p class='ocr_par' dir='ltr' id='par_1_90' title="bbox 2063 2974 3229 3048">
     <span class='ocr_line' id='line_1_91' title="bbox 2063 2974 3229 3048; baseline -0.003 -18"><span class='ocrx_word' id='word_1_453' title='bbox 2063 2981 2240 3048; x_wconf 90' lang='lat' dir='ltr'><strong>atque</strong></span> <span class='ocrx_word' id='word_1_454' title='bbox 2268 2977 2617 3033; x_wconf 89' lang='lat' dir='ltr'><strong>Antochiam</strong></span> <span class='ocrx_word' id='word_1_455' title='bbox 2651 2979 2853 3034; x_wconf 90' lang='lat' dir='ltr'><strong>urbem</strong></span> <span class='ocrx_word' id='word_1_456' title='bbox 2880 2974 3229 3046; x_wconf 88' lang='lat' dir='ltr'><strong>ingreditur,</strong></span> 
     </span>
    </p>
   </div>
   <div class='ocr_carea' id='block_1_91' title="bbox 2067 3057 3338 3137">
    <p class='ocr_par' dir='ltr' id='par_1_91' title="bbox 2067 3057 3338 3137">
     <span class='ocr_line' id='line_1_92' title="bbox 2067 3057 3338 3137; baseline -0.006 -19"><span class='ocrx_word' id='word_1_457' title='bbox 2067 3064 2400 3121; x_wconf 82' lang='lat' dir='ltr'><strong>Raimuudo</strong></span> <span class='ocrx_word' id='word_1_458' title='bbox 2433 3065 2696 3137; x_wconf 88' lang='lat' dir='ltr'><strong>principe</strong></span> <span class='ocrx_word' id='word_1_459' title='bbox 2726 3081 2861 3119; x_wconf 89' lang='lat' dir='ltr'><strong>cum</strong></span> <span class='ocrx_word' id='word_1_460' title='bbox 2889 3067 3098 3117; x_wconf 85' lang='lat' dir='ltr'><strong>cuncto</strong></span> <span class='ocrx_word' id='word_1_461' title='bbox 3125 3057 3338 3131; x_wconf 91' lang='lat' dir='ltr'><strong>populo</strong></span> 
     </span>
    </p>
   </div>
   <div class='ocr_carea' id='block_1_92' title="bbox 2070 3149 3076 3224">
    <p class='ocr_par' dir='ltr' id='par_1_92' title="bbox 2070 3149 3076 3224">
     <span class='ocr_line' id='line_1_93' title="bbox 2070 3149 3076 3224; baseline -0.006 -17"><span class='ocrx_word' id='word_1_462' title='bbox 2070 3153 2224 3208; x_wconf 84' lang='lat' dir='ltr'><strong>hunc</strong></span> <span class='ocrx_word' id='word_1_463' title='bbox 2256 3153 2577 3224; x_wconf 86' lang='lat' dir='ltr'><strong>excipiente</strong></span> <span class='ocrx_word' id='word_1_464' title='bbox 2609 3152 2804 3208; x_wconf 88' lang='lat' dir='ltr'><strong>studio</strong></span> <span class='ocrx_word' id='word_1_465' title='bbox 2837 3149 3076 3222; x_wconf 89' lang='lat' dir='ltr'><strong>proclivi</strong></span> 
     </span>
    </p>
   </div>
   <div class='ocr_carea' id='block_1_93' title="bbox 2069 3238 3012 3313">
    <p class='ocr_par' dir='ltr' id='par_1_93' title="bbox 2069 3238 3012 3313">
     <span class='ocr_line' id='line_1_94' title="bbox 2069 3238 3012 3313; baseline -0.007 -15"><span class='ocrx_word' id='word_1_466' title='bbox 2069 3240 2346 3313; x_wconf 91' lang='lat' dir='ltr'><strong>omnique</strong></span> <span class='ocrx_word' id='word_1_467' title='bbox 2379 3240 2572 3296; x_wconf 91' lang='lat' dir='ltr'><strong>debito</strong></span> <span class='ocrx_word' id='word_1_468' title='bbox 2605 3257 2739 3295; x_wconf 91' lang='lat' dir='ltr'><strong>cum</strong></span> <span class='ocrx_word' id='word_1_469' title='bbox 2773 3238 3012 3295; x_wconf 90' lang='lat' dir='ltr'><strong>honore.</strong></span> 
     </span>
    </p>
   </div>
   <div class='ocr_carea' id='block_1_94' title="bbox 2069 3326 3150 3403">
    <p class='ocr_par' dir='ltr' id='par_1_94' title="bbox 2069 3326 3150 3403">
     <span class='ocr_line' id='line_1_95' title="bbox 2069 3326 3150 3403; baseline -0.004 -18"><span class='ocrx_word' id='word_1_470' title='bbox 2069 3331 2131 3386; x_wconf 92' lang='lat' dir='ltr'><strong>In</strong></span> <span class='ocrx_word' id='word_1_471' title='bbox 2164 3330 2271 3386; x_wconf 90' lang='lat' dir='ltr'><strong>bac</strong></span> <span class='ocrx_word' id='word_1_472' title='bbox 2304 3330 2602 3403; x_wconf 89' lang='lat' dir='ltr'><strong>paulisper</strong></span> <span class='ocrx_word' id='word_1_473' title='bbox 2633 3331 2972 3386; x_wconf 88' lang='lat' dir='ltr'><strong>demoratus</strong></span> <span class='ocrx_word' id='word_1_474' title='bbox 3005 3326 3150 3383; x_wconf 89' lang='lat' dir='ltr'><strong>urbe</strong></span> 
     </span>
    </p>
   </div>
   <div class='ocr_carea' id='block_1_95' title="bbox 2069 3414 3388 3489">
    <p class='ocr_par' dir='ltr' id='par_1_95' title="bbox 2069 3414 3388 3489">
     <span class='ocr_line' id='line_1_96' title="bbox 2069 3414 3388 3489; baseline -0.004 -14"><span class='ocrx_word' id='word_1_475' title='bbox 2069 3437 2204 3475; x_wconf 92' lang='lat' dir='ltr'><strong>cum</strong></span> <span class='ocrx_word' id='word_1_476' title='bbox 2240 3420 2353 3476; x_wconf 90' lang='lat' dir='ltr'><strong>sibi</strong></span> <span class='ocrx_word' id='word_1_477' title='bbox 2385 3420 2701 3476; x_wconf 90' lang='lat' dir='ltr'><strong>obnoxium</strong></span> <span class='ocrx_word' id='word_1_478' title='bbox 2744 3418 3032 3475; x_wconf 75' lang='lat' dir='ltr'><strong>effecisset</strong></span> <span class='ocrx_word' id='word_1_479' title='bbox 3062 3414 3388 3489; x_wconf 88' lang='lat' dir='ltr'><strong>principem</strong></span> 
     </span>
    </p>
   </div>
   <div class='ocr_carea' id='block_1_96' title="bbox 2069 3507 3317 3583">
    <p class='ocr_par' dir='ltr' id='par_1_96' title="bbox 2069 3507 3317 3583">
     <span class='ocr_line' id='line_1_97' title="bbox 2069 3507 3317 3583; baseline -0.002 -19"><span class='ocrx_word' id='word_1_480' title='bbox 2069 3525 2323 3580; x_wconf 89' lang='lat' dir='ltr'><strong>cumque</strong></span> <span class='ocrx_word' id='word_1_481' title='bbox 2348 3526 2414 3567; x_wconf 92' lang='lat' dir='ltr'><strong>eo</strong></span> <span class='ocrx_word' id='word_1_482' title='bbox 2445 3509 2744 3583; x_wconf 89' lang='lat' dir='ltr'><strong>Tripoleos</strong></span> <span class='ocrx_word' id='word_1_483' title='bbox 2778 3509 2955 3565; x_wconf 86' lang='lat' dir='ltr'><strong>etiam</strong></span> <span class='ocrx_word' id='word_1_484' title='bbox 2988 3507 3317 3573; x_wconf 91' lang='lat' dir='ltr'><strong>dominum,</strong></span> 
     </span>
    </p>
   </div>
   <div class='ocr_carea' id='block_1_97' title="bbox 2069 3597 3151 3672">
    <p class='ocr_par' dir='ltr' id='par_1_97' title="bbox 2069 3597 3151 3672">
     <span class='ocr_line' id='line_1_98' title="bbox 2069 3597 3151 3672; baseline -0.001 -20"><span class='ocrx_word' id='word_1_485' title='bbox 2069 3614 2170 3654; x_wconf 84' lang='lat' dir='ltr'><strong>rex</strong></span> <span class='ocrx_word' id='word_1_486' title='bbox 2198 3599 2493 3671; x_wconf 87' lang='lat' dir='ltr'><strong>gratiosus</strong></span> <span class='ocrx_word' id='word_1_487' title='bbox 2523 3615 2871 3672; x_wconf 87' lang='lat' dir='ltr'><strong>progressus</strong></span> <span class='ocrx_word' id='word_1_488' title='bbox 2903 3597 3151 3654; x_wconf 88' lang='lat' dir='ltr'><strong>ulterius</strong></span> 
     </span>
    </p>
   </div>
   <div class='ocr_carea' id='block_1_98' title="bbox 2069 3687 3137 3760">
    <p class='ocr_par' dir='ltr' id='par_1_98' title="bbox 2069 3687 3137 3760">
     <span class='ocr_line' id='line_1_99' title="bbox 2069 3687 3137 3760; baseline -0.002 -17"><span class='ocrx_word' id='word_1_489' title='bbox 2069 3688 2141 3743; x_wconf 90' lang='lat' dir='ltr'><strong>ad</strong></span> <span class='ocrx_word' id='word_1_490' title='bbox 2172 3688 2588 3760; x_wconf 85' lang='lat' dir='ltr'><strong>Euphratesias</strong></span> <span class='ocrx_word' id='word_1_491' title='bbox 2620 3687 2913 3745; x_wconf 86' lang='lat' dir='ltr'><strong>festinavit</strong></span> <span class='ocrx_word' id='word_1_492' title='bbox 2944 3687 3137 3752; x_wconf 90' lang='lat' dir='ltr'><strong>urbes,</strong></span> 
     </span>
    </p>
   </div>
   <div class='ocr_carea' id='block_1_99' title="bbox 2071 3776 3180 3849">
    <p class='ocr_par' dir='ltr' id='par_1_99' title="bbox 2071 3776 3180 3849">
     <span class='ocr_line' id='line_1_100' title="bbox 2071 3776 3180 3849; baseline -0.005 -17"><span class='ocrx_word' id='word_1_493' title='bbox 2071 3792 2218 3846; x_wconf 90' lang='lat' dir='ltr'><strong>quas</strong></span> <span class='ocrx_word' id='word_1_494' title='bbox 2253 3778 2497 3849; x_wconf 82' lang='lat' dir='ltr'><strong>Agareni</strong></span> <span class='ocrx_word' id='word_1_495' title='bbox 2524 3781 2727 3834; x_wconf 89' lang='lat' dir='ltr'><strong>contra</strong></span> <span class='ocrx_word' id='word_1_496' title='bbox 2761 3778 2848 3832; x_wconf 90' lang='lat' dir='ltr'><strong>fas</strong></span> <span class='ocrx_word' id='word_1_497' title='bbox 2880 3776 3180 3832; x_wconf 89' lang='lat' dir='ltr'><strong>tenebant.</strong></span> 
     </span>
    </p>
   </div>
   <div class='ocr_carea' id='block_1_100' title="bbox 2068 3860 3263 3938">
    <p class='ocr_par' dir='ltr' id='par_1_100' title="bbox 2068 3860 3263 3938">
     <span class='ocr_line' id='line_1_101' title="bbox 2068 3860 3263 3938; baseline -0.003 -20"><span class='ocrx_word' id='word_1_498' title='bbox 2068 3865 2150 3920; x_wconf 88' lang='lat' dir='ltr'><strong>Ex</strong></span> <span class='ocrx_word' id='word_1_499' title='bbox 2182 3865 2270 3921; x_wconf 90' lang='lat' dir='ltr'><strong>bis</strong></span> <span class='ocrx_word' id='word_1_500' title='bbox 2303 3866 2638 3938; x_wconf 88' lang='lat' dir='ltr'><strong>perdomuit</strong></span> <span class='ocrx_word' id='word_1_501' title='bbox 2672 3865 2964 3920; x_wconf 88' lang='lat' dir='ltr'><strong>machinis</strong></span> <span class='ocrx_word' id='word_1_502' title='bbox 2996 3867 3050 3918; x_wconf 93' lang='lat' dir='ltr'><strong>et</strong></span> <span class='ocrx_word' id='word_1_503' title='bbox 3081 3860 3263 3916; x_wconf 88' lang='lat' dir='ltr'><strong>armis</strong></span> 
     </span>
    </p>
   </div>
   <div class='ocr_carea' id='block_1_101' title="bbox 2069 3946 3527 4025">
    <p class='ocr_par' dir='ltr' id='par_1_101' title="bbox 2069 3946 3527 4025">
     <span class='ocr_line' id='line_1_102' title="bbox 2069 3946 3527 4025; baseline -0.005 -19"><span class='ocrx_word' id='word_1_504' title='bbox 2069 3951 2273 4022; x_wconf 90' lang='lat' dir='ltr'><strong>Pezan,</strong></span> <span class='ocrx_word' id='word_1_505' title='bbox 2308 3953 2543 4025; x_wconf 90' lang='lat' dir='ltr'><strong>Caleph,</strong></span> <span class='ocrx_word' id='word_1_506' title='bbox 2578 3953 2860 4016; x_wconf 88' lang='lat' dir='ltr'><strong>Nistrion,</strong></span> <span class='ocrx_word' id='word_1_507' title='bbox 2894 3949 3254 4020; x_wconf 87' lang='lat' dir='ltr'><strong>Carpharan,</strong></span> <span class='ocrx_word' id='word_1_508' title='bbox 3283 3946 3527 4016; x_wconf 86' lang='lat' dir='ltr'><strong>Pherep.</strong></span> 
     </span>
    </p>
   </div>
   <div class='ocr_carea' id='block_1_102' title="bbox 2067 4035 3276 4098">
    <p class='ocr_par' dir='ltr' id='par_1_102' title="bbox 2067 4035 3276 4098">
     <span class='ocr_line' id='line_1_103' title="bbox 2067 4035 3276 4098; baseline -0.004 -3"><span class='ocrx_word' id='word_1_509' title='bbox 2067 4045 2152 4095; x_wconf 87' lang='lat' dir='ltr'><strong>Ex</strong></span> <span class='ocrx_word' id='word_1_510' title='bbox 2177 4041 2308 4096; x_wconf 89' lang='lat' dir='ltr'><strong>aliis</strong></span> <span class='ocrx_word' id='word_1_511' title='bbox 2341 4045 2538 4098; x_wconf 88' lang='lat' dir='ltr'><strong>autem</strong></span> <span class='ocrx_word' id='word_1_512' title='bbox 2574 4041 2818 4096; x_wconf 91' lang='lat' dir='ltr'><strong>urbibus</strong></span> <span class='ocrx_word' id='word_1_513' title='bbox 2851 4038 3093 4094; x_wconf 87' lang='lat' dir='ltr'><strong>donaria</strong></span> <span class='ocrx_word' id='word_1_514' title='bbox 3126 4035 3276 4090; x_wconf 85' lang='lat' dir='ltr'><strong>mira</strong></span> 
     </span>
    </p>
   </div>
   <div class='ocr_carea' id='block_1_103' title="bbox 2069 4123 3352 4201">
    <p class='ocr_par' dir='ltr' id='par_1_103' title="bbox 2069 4123 3352 4201">
     <span class='ocr_line' id='line_1_104' title="bbox 2069 4123 3352 4201; baseline -0.005 -17"><span class='ocrx_word' id='word_1_515' title='bbox 2069 4129 2373 4200; x_wconf 88' lang='lat' dir='ltr'><strong>multaque</strong></span> <span class='ocrx_word' id='word_1_516' title='bbox 2405 4130 2625 4196; x_wconf 88' lang='lat' dir='ltr'><strong>retulit,</strong></span> <span class='ocrx_word' id='word_1_517' title='bbox 2659 4144 2946 4201; x_wconf 89' lang='lat' dir='ltr'><strong>gemmas,</strong></span> <span class='ocrx_word' id='word_1_518' title='bbox 2979 4123 3352 4196; x_wconf 86' lang='lat' dir='ltr'><strong>margaritas,</strong></span> 
     </span>
    </p>
   </div>
   <div class='ocr_carea' id='block_1_104' title="bbox 2069 4211 3394 4289">
    <p class='ocr_par' dir='ltr' id='par_1_104' title="bbox 2069 4211 3394 4289">
     <span class='ocr_line' id='line_1_105' title="bbox 2069 4211 3394 4289; baseline -0.005 -17"><span class='ocrx_word' id='word_1_519' title='bbox 2069 4235 2342 4289; x_wconf 79' lang='lat' dir='ltr'><strong>magnam</strong></span> <span class='ocrx_word' id='word_1_520' title='bbox 2375 4218 2494 4274; x_wconf 90' lang='lat' dir='ltr'><strong>vim</strong></span> <span class='ocrx_word' id='word_1_521' title='bbox 2527 4217 2675 4287; x_wconf 86' lang='lat' dir='ltr'><strong>auri,</strong></span> <span class='ocrx_word' id='word_1_522' title='bbox 2710 4217 3035 4289; x_wconf 75' lang='lat' dir='ltr'><strong>praedaeque</strong></span> <span class='ocrx_word' id='word_1_523' title='bbox 3067 4211 3394 4282; x_wconf 91' lang='lat' dir='ltr'><strong>cumulum,</strong></span> 
     </span>
    </p>
   </div>
   <div class='ocr_carea' id='block_1_105' title="bbox 2067 4305 3458 4381">
    <p class='ocr_par' dir='ltr' id='par_1_105' title="bbox 2067 4305 3458 4381">
     <span class='ocr_line' id='line_1_106' title="bbox 2067 4305 3458 4381; baseline -0.004 -18"><span class='ocrx_word' id='word_1_524' title='bbox 2067 4306 2388 4381; x_wconf 87' lang='lat' dir='ltr'><strong>lychnitem</strong></span> <span class='ocrx_word' id='word_1_525' title='bbox 2425 4324 2658 4379; x_wconf 88' lang='lat' dir='ltr'><strong>quoque</strong></span> <span class='ocrx_word' id='word_1_526' title='bbox 2689 4307 2780 4362; x_wconf 92' lang='lat' dir='ltr'><strong>cui</strong></span> <span class='ocrx_word' id='word_1_527' title='bbox 2819 4322 2959 4361; x_wconf 86' lang='lat' dir='ltr'><strong>crux</strong></span> <span class='ocrx_word' id='word_1_528' title='bbox 2989 4305 3280 4375; x_wconf 86' lang='lat' dir='ltr'><strong>impressa</strong></span> <span class='ocrx_word' id='word_1_529' title='bbox 3312 4305 3458 4369; x_wconf 87' lang='lat' dir='ltr'><strong>erat,</strong></span> 
     </span>
    </p>
   </div>
   <div class='ocr_carea' id='block_1_106' title="bbox 2069 4391 3488 4468">
    <p class='ocr_par' dir='ltr' id='par_1_106' title="bbox 2069 4391 3488 4468">
     <span class='ocr_line' id='line_1_107' title="bbox 2069 4391 3488 4468; baseline -0.005 -16"><span class='ocrx_word' id='word_1_530' title='bbox 2069 4414 2188 4452; x_wconf 90' lang='lat' dir='ltr'><strong>rem</strong></span> <span class='ocrx_word' id='word_1_531' title='bbox 2222 4398 2430 4453; x_wconf 90' lang='lat' dir='ltr'><strong>miram</strong></span> <span class='ocrx_word' id='word_1_532' title='bbox 2464 4402 2521 4453; x_wconf 89' lang='lat' dir='ltr'><strong>et</strong></span> <span class='ocrx_word' id='word_1_533' title='bbox 2549 4397 2901 4468; x_wconf 89' lang='lat' dir='ltr'><strong>stupendam</strong></span> <span class='ocrx_word' id='word_1_534' title='bbox 2935 4399 3111 4466; x_wconf 89' lang='lat' dir='ltr'><strong>atque</strong></span> <span class='ocrx_word' id='word_1_535' title='bbox 3141 4391 3440 4448; x_wconf 87' lang='lat' dir='ltr'><strong>insolitam</strong></span> <span class='ocrx_word' id='word_1_536' title='bbox 3475 4408 3488 4446; x_wconf 93' lang='lat'>:</span> 
     </span>
    </p>
   </div>
   <div class='ocr_carea' id='block_1_107' title="bbox 1990 4482 3418 4559">
    <p class='ocr_par' dir='ltr' id='par_1_107' title="bbox 1990 4482 3418 4559">
     <span class='ocr_line' id='line_1_108' title="bbox 1990 4482 3418 4559; baseline -0.006 -15"><span class='ocrx_word' id='word_1_537' title='bbox 1990 4483 2040 4544; x_wconf 89' lang='lat' dir='ltr'><strong>D</strong></span> <span class='ocrx_word' id='word_1_538' title='bbox 2070 4486 2313 4559; x_wconf 89' lang='lat' dir='ltr'><strong>insuper</strong></span> <span class='ocrx_word' id='word_1_539' title='bbox 2355 4503 2620 4542; x_wconf 89' lang='lat' dir='ltr'><strong>mensam</strong></span> <span class='ocrx_word' id='word_1_540' title='bbox 2655 4484 2840 4541; x_wconf 90' lang='lat' dir='ltr'><strong>multo</strong></span> <span class='ocrx_word' id='word_1_541' title='bbox 2870 4482 3418 4556; x_wconf 83' lang='lat' dir='ltr'><strong>splendidissimum</strong></span> 
     </span>
    </p>
   </div>
   <div class='ocr_carea' id='block_1_108' title="bbox 2072 4573 2975 4637">
    <p class='ocr_par' dir='ltr' id='par_1_108' title="bbox 2072 4573 2975 4637">
     <span class='ocr_line' id='line_1_109' title="bbox 2072 4573 2975 4637; baseline -0.007 -5"><span class='ocrx_word' id='word_1_542' title='bbox 2072 4575 2431 4633; x_wconf 89' lang='lat' dir='ltr'><strong>elaboratam</strong></span> <span class='ocrx_word' id='word_1_543' title='bbox 2462 4580 2584 4632; x_wconf 91' lang='lat' dir='ltr'><strong>arte</strong></span> <span class='ocrx_word' id='word_1_544' title='bbox 2612 4573 2975 4637; x_wconf 87' lang='lat' dir='ltr'><strong>inimitabili,</strong></span> 
     </span>
    </p>
   </div>
   <div class='ocr_carea' id='block_1_109' title="bbox 2073 4661 3248 4737">
    <p class='ocr_par' dir='ltr' id='par_1_109' title="bbox 2073 4661 3248 4737">
     <span class='ocr_line' id='line_1_110' title="bbox 2073 4661 3248 4737; baseline -0.007 -16"><span class='ocrx_word' id='word_1_545' title='bbox 2073 4665 2539 4737; x_wconf 85' lang='lat' dir='ltr'><strong>pretiosissiman</strong></span> <span class='ocrx_word' id='word_1_546' title='bbox 2574 4679 2809 4720; x_wconf 87' lang='lat' dir='ltr'><strong>auream</strong></span> <span class='ocrx_word' id='word_1_547' title='bbox 2840 4661 3198 4732; x_wconf 86' lang='lat' dir='ltr'><strong>variegatam</strong></span> <span class='ocrx_word' id='word_1_548' title='bbox 3235 4677 3248 4713; x_wconf 89' lang='lat'>:</span> 
     </span>
    </p>
   </div>
   <div class='ocr_carea' id='block_1_110' title="bbox 2074 4749 3406 4826">
    <p class='ocr_par' dir='ltr' id='par_1_110' title="bbox 2074 4749 3406 4826">
     <span class='ocr_line' id='line_1_111' title="bbox 2074 4749 3406 4826; baseline -0.005 -17"><span class='ocrx_word' id='word_1_549' title='bbox 2074 4772 2198 4826; x_wconf 63' lang='lat' dir='ltr'><strong>qua</strong></span> <span class='ocrx_word' id='word_1_550' title='bbox 2230 4757 2436 4810; x_wconf 84' lang='lat' dir='ltr'><strong>cuncta</strong></span> <span class='ocrx_word' id='word_1_551' title='bbox 2469 4759 2650 4810; x_wconf 67' lang='lat' dir='ltr'><strong>Persae</strong></span> <span class='ocrx_word' id='word_1_552' title='bbox 2683 4752 2980 4824; x_wconf 90' lang='lat' dir='ltr'><strong>quondam</strong></span> <span class='ocrx_word' id='word_1_553' title='bbox 3013 4749 3406 4820; x_wconf 81' lang='lat' dir='ltr'><strong>diripuerant,</strong></span> 
     </span>
    </p>
   </div>
   <div class='ocr_carea' id='block_1_111' title="bbox 2075 4839 3319 4916">
    <p class='ocr_par' dir='ltr' id='par_1_111' title="bbox 2075 4839 3319 4916">
     <span class='ocr_line' id='line_1_112' title="bbox 2075 4839 3319 4916; baseline -0.006 -17"><span class='ocrx_word' id='word_1_554' title='bbox 2075 4859 2206 4898; x_wconf 90' lang='lat' dir='ltr'><strong>cum</strong></span> <span class='ocrx_word' id='word_1_555' title='bbox 2239 4843 2634 4916; x_wconf 88' lang='lat' dir='ltr'><strong>captivassent</strong></span> <span class='ocrx_word' id='word_1_556' title='bbox 2663 4843 2946 4897; x_wconf 85' lang='lat' dir='ltr'><strong>Caesarem</strong></span> <span class='ocrx_word' id='word_1_557' title='bbox 2979 4839 3319 4911; x_wconf 86' lang='lat' dir='ltr'><strong>Diogenem.</strong></span> 
     </span>
    </p>
   </div>
   <div class='ocr_carea' id='block_1_112' title="bbox 2073 4928 3123 4990">
    <p class='ocr_par' dir='ltr' id='par_1_112' title="bbox 2073 4928 3123 4990">
     <span class='ocr_line' id='line_1_113' title="bbox 2073 4928 3123 4990; baseline -0.004 -3"><span class='ocrx_word' id='word_1_558' title='bbox 2073 4933 2158 4988; x_wconf 86' lang='lat' dir='ltr'><strong>Ad</strong></span> <span class='ocrx_word' id='word_1_559' title='bbox 2191 4934 2396 4990; x_wconf 87' lang='lat' dir='ltr'><strong>urbem</strong></span> <span class='ocrx_word' id='word_1_560' title='bbox 2432 4936 2630 4988; x_wconf 88' lang='lat' dir='ltr'><strong>autem</strong></span> <span class='ocrx_word' id='word_1_561' title='bbox 2663 4929 2838 4987; x_wconf 90' lang='lat' dir='ltr'><strong>rediit</strong></span> <span class='ocrx_word' id='word_1_562' title='bbox 2865 4928 3123 4985; x_wconf 87' lang='lat' dir='ltr'><strong>Joannes</strong></span> 
     </span>
    </p>
   </div>
   <div class='ocr_carea' id='block_1_113' title="bbox 2074 5020 3330 5094">
    <p class='ocr_par' dir='ltr' id='par_1_113' title="bbox 2074 5020 3330 5094">
     <span class='ocr_line' id='line_1_114' title="bbox 2074 5020 3330 5094; baseline -0.005 -18"><span class='ocrx_word' id='word_1_563' title='bbox 2074 5021 2298 5078; x_wconf 87' lang='lat' dir='ltr'><strong>habens</strong></span> <span class='ocrx_word' id='word_1_564' title='bbox 2321 5037 2666 5094; x_wconf 85' lang='lat' dir='ltr'><strong>germanum</strong></span> <span class='ocrx_word' id='word_1_565' title='bbox 2700 5035 2832 5076; x_wconf 91' lang='lat' dir='ltr'><strong>cum</strong></span> <span class='ocrx_word' id='word_1_566' title='bbox 2867 5020 3079 5090; x_wconf 89' lang='lat' dir='ltr'><strong>nepote</strong></span> <span class='ocrx_word' id='word_1_567' title='bbox 3111 5031 3330 5072; x_wconf 90' lang='lat' dir='ltr'><strong>secum.</strong></span> 
     </span>
    </p>
   </div>
   <div class='ocr_carea' id='block_1_114' title="bbox 2078 5105 3488 5180">
    <p class='ocr_par' dir='ltr' id='par_1_114' title="bbox 2078 5105 3488 5180">
     <span class='ocr_line' id='line_1_115' title="bbox 2078 5105 3488 5180; baseline -0.006 -13"><span class='ocrx_word' id='word_1_568' title='bbox 2078 5113 2668 5177; x_wconf 87' lang='lat' dir='ltr'><strong>sebastocratoreum,</strong></span> <span class='ocrx_word' id='word_1_569' title='bbox 2703 5109 2854 5176; x_wconf 91' lang='lat' dir='ltr'><strong>dico,</strong></span> <span class='ocrx_word' id='word_1_570' title='bbox 2889 5108 3114 5180; x_wconf 89' lang='lat' dir='ltr'><strong>pridem</strong></span> <span class='ocrx_word' id='word_1_571' title='bbox 3147 5105 3488 5178; x_wconf 88' lang='lat' dir='ltr'><strong>profugum,</strong></span> 
     </span>
    </p>
   </div>
   <div class='ocr_carea' id='block_1_115' title="bbox 2076 5195 3359 5270">
    <p class='ocr_par' dir='ltr' id='par_1_115' title="bbox 2076 5195 3359 5270">
     <span class='ocr_line' id='line_1_116' title="bbox 2076 5195 3359 5270; baseline -0.005 -14"><span class='ocrx_word' id='word_1_572' title='bbox 2076 5206 2216 5256; x_wconf 89' lang='lat' dir='ltr'><strong>tunc</strong></span> <span class='ocrx_word' id='word_1_573' title='bbox 2245 5217 2379 5256; x_wconf 88' lang='lat' dir='ltr'><strong>vero</strong></span> <span class='ocrx_word' id='word_1_574' title='bbox 2411 5204 2679 5256; x_wconf 86' lang='lat' dir='ltr'><strong>amanter</strong></span> <span class='ocrx_word' id='word_1_575' title='bbox 2708 5202 2896 5256; x_wconf 90' lang='lat' dir='ltr'><strong>semet</strong></span> <span class='ocrx_word' id='word_1_576' title='bbox 2925 5195 3359 5270; x_wconf 90' lang='lat' dir='ltr'><strong>permittentem</strong></span> 
     </span>
    </p>
   </div>
   <div class='ocr_carea' id='block_1_116' title="bbox 2078 5287 3022 5362">
    <p class='ocr_par' dir='ltr' id='par_1_116' title="bbox 2078 5287 3022 5362">
     <span class='ocr_line' id='line_1_117' title="bbox 2078 5287 3022 5362; baseline -0.004 -18"><span class='ocrx_word' id='word_1_577' title='bbox 2078 5289 2199 5362; x_wconf 87' lang='lat' dir='ltr'><strong>regi</strong></span> <span class='ocrx_word' id='word_1_578' title='bbox 2229 5288 2442 5346; x_wconf 85' lang='lat' dir='ltr'><strong>Joanni</strong></span> <span class='ocrx_word' id='word_1_579' title='bbox 2473 5287 2800 5362; x_wconf 88' lang='lat' dir='ltr'><strong>peramanti</strong></span> <span class='ocrx_word' id='word_1_580' title='bbox 2834 5287 3022 5342; x_wconf 84' lang='lat' dir='ltr'><strong>fratri.</strong></span> 
     </span>
    </p>
   </div>
   <div class='ocr_carea' id='block_1_117' title="bbox 2079 5376 3095 5442">
    <p class='ocr_par' dir='ltr' id='par_1_117' title="bbox 2079 5376 3095 5442">
     <span class='ocr_line' id='line_1_118' title="bbox 2079 5376 3095 5442; baseline -0.005 -8"><span class='ocrx_word' id='word_1_581' title='bbox 2079 5378 2180 5434; x_wconf 80' lang='lat' dir='ltr'><strong>llic</strong></span> <span class='ocrx_word' id='word_1_582' title='bbox 2213 5377 2507 5435; x_wconf 89' lang='lat' dir='ltr'><strong>derelictis</strong></span> <span class='ocrx_word' id='word_1_583' title='bbox 2539 5377 2821 5434; x_wconf 83' lang='lat' dir='ltr'><strong>Romanis</strong></span> <span class='ocrx_word' id='word_1_584' title='bbox 2853 5376 3095 5442; x_wconf 78' lang='lat' dir='ltr'><strong>finibus,</strong></span> 
     </span>
    </p>
   </div>
   <div class='ocr_carea' id='block_1_118' title="bbox 2078 5461 3352 5540">
    <p class='ocr_par' dir='ltr' id='par_1_118' title="bbox 2078 5461 3352 5540">
     <span class='ocr_line' id='line_1_119' title="bbox 2078 5461 3352 5540; baseline -0.007 -16"><span class='ocrx_word' id='word_1_585' title='bbox 2078 5471 2389 5540; x_wconf 90' lang='lat' dir='ltr'><strong>spretoque</strong></span> <span class='ocrx_word' id='word_1_586' title='bbox 2422 5469 2631 5524; x_wconf 74' lang='lat' dir='ltr'><strong>affectu</strong></span> <span class='ocrx_word' id='word_1_587' title='bbox 2665 5466 2862 5522; x_wconf 88' lang='lat' dir='ltr'><strong>fratris</strong></span> <span class='ocrx_word' id='word_1_588' title='bbox 2892 5469 3066 5535; x_wconf 87' lang='lat' dir='ltr'><strong>atque</strong></span> <span class='ocrx_word' id='word_1_589' title='bbox 3099 5461 3352 5524; x_wconf 66' lang='lat' dir='ltr'><strong>caesaris,</strong></span> 
     </span>
    </p>
   </div>
   <div class='ocr_carea' id='block_1_119' title="bbox 2077 5551 3397 5629">
    <p class='ocr_par' dir='ltr' id='par_1_119' title="bbox 2077 5551 3397 5629">
     <span class='ocr_line' id='line_1_120' title="bbox 2077 5551 3397 5629; baseline -0.009 -15"><span class='ocrx_word' id='word_1_590' title='bbox 2077 5558 2149 5614; x_wconf 89' lang='lat' dir='ltr'><strong>ad</strong></span> <span class='ocrx_word' id='word_1_591' title='bbox 2180 5562 2415 5616; x_wconf 69' lang='lat' dir='ltr'><strong>Persam</strong></span> <span class='ocrx_word' id='word_1_592' title='bbox 2451 5573 2642 5629; x_wconf 84' lang='lat' dir='ltr'><strong>regem</strong></span> <span class='ocrx_word' id='word_1_593' title='bbox 2677 5559 2866 5612; x_wconf 84' lang='lat' dir='ltr'><strong>tactus</strong></span> <span class='ocrx_word' id='word_1_594' title='bbox 2896 5553 3093 5609; x_wconf 90' lang='lat' dir='ltr'><strong>dolore</strong></span> <span class='ocrx_word' id='word_1_595' title='bbox 3124 5551 3351 5621; x_wconf 83' lang='lat' dir='ltr'><strong>fugerat</strong></span> <span class='ocrx_word' id='word_1_596' title='bbox 3385 5564 3397 5601; x_wconf 92' lang='lat'><strong>:</strong></span> 
     </span>
    </p>
   </div>
   <div class='ocr_carea' id='block_1_120' title="bbox 3602 259 3703 314">
    <p class='ocr_par' dir='ltr' id='par_1_120' title="bbox 3602 259 3703 314">
     <span class='ocr_line' id='line_1_121' title="bbox 3602 259 3703 314; baseline -0.02 0"><span class='ocrx_word' id='word_1_597' title='bbox 3602 259 3703 314; x_wconf 69' lang='grc'><strong>154</strong></span> 
     </span>
    </p>
   </div>
  </div>
