4086 6210
322 295 433 348 157

506 425 617 487 Τῆς
642 428 942 491 Λατινικῆς
973 420 1281 498 δυσαχθοῦς
1310 424 1657 501 τυραννίδος,

323 511 475 563 4000
516 508 614 561 Καὶ
644 506 797 577 τήνδ’
832 510 1028 564 ὲνῶσαι
1059 515 1128 584 τῇ
1160 512 1319 567 πόλει
1354 513 1788 587 Κωντντιίντίνυυ9

509 599 735 653 Ἔπειτα
768 600 909 652 Σιὼν
942 599 1226 674 ἀφικέσθαι
1262 603 1398 676 πρὸς
1434 601 1621 675 πόλιν,

508 689 605 741 Καὶ
641 686 965 764 φιλοτίμοις
995 686 1261 758 ἀναδῆσαι
1295 692 1385 745 καὶ
1418 693 1590 763 ξένοις

512 780 746 849 Δώροις,
778 777 1089 849 ἀναθήμασι
1123 781 1393 834 Δεσπότου
1427 782 1615 857 τάφον,

511 868 587 923 Τὸ
619 864 666 920 δ’
695 866 747 920 ἐν
780 867 973 939 κύκλῳ
1003 874 1109 922 πᾶν
1140 867 1471 944 βαρϐαρικὸν
1499 877 1750 946 καθᾶραι.

325 958 468 1010 4005
509 955 718 1010 Οὐκοῦν
749 954 979 1018 ἐπιστάς
1017 960 1344 1033 Ἀντιοχέων
1378 959 1537 1014 πόλει

507 1046 717 1116 Ταύτης
746 1044 937 1120 ἐδῄου,
963 1048 1240 1123 κατέκειρε
1268 1051 1337 1103 τὰ
1366 1051 1518 1125 πέριξ
1550 1068 1562 1080 ’

510 1138 659 1190 Ἐπεὶ
689 1135 748 1191 δέ
779 1138 833 1191 οἱ
864 1138 1146 1211 πρόθυμον
1177 1140 1241 1193 οὐ
1273 1141 1392 1194 κατ’
1425 1138 1653 1203 ἐλπίδας

510 1221 823 1298 Συμϐαῖνον
860 1226 1160 1298 ἐσκόπησεν
1192 1229 1460 1302 ἀγχίνους
1494 1230 1615 1302 ἄναξ

508 1316 656 1388 Ἠρὸς
690 1315 932 1372 Κιλίκων
970 1315 1150 1370 ἄπεισι
1182 1319 1480 1394 πανστρατὶ
1518 1327 1653 1392 μέρη
1691 1338 1703 1352 '

324 1405 472 1461 ιἰΟΙΟ
518 1400 938 1474 Ἐνσκηνοϐατεῖ
968 1402 1013 1458 δ’
1047 1406 1096 1459 ἐν
1132 1406 1477 1483 φαραγγώδει
1507 1408 1679 1482 τόπῳ,

512 1494 678 1547 Ἔνθα
706 1496 977 1567 Κοράκων
1012 1493 1219 1572 φωλεοὶ
1249 1495 1448 1565 κλῆσις
1478 1496 1651 1568 τόπῳ,

516 1582 619 1638 Καὶ
651 1584 785 1657 πρὸς
816 1582 1141 1657 κυνηγέσιον
1172 1584 1318 1657 ὁρμᾷ
1355 1587 1472 1638 κατ’
1504 1584 1623 1648 ἔθος
1657 1606 1669 1619 ·

517 1673 617 1725 Sui”
650 1668 696 1725 δ’
730 1672 938 1741 ὑπαντᾷ
967 1673 1105 1727 κατὰ
1138 1671 1364 1747 λόχμην
1399 1674 1592 1749 ἀγρίῳ,

514 1761 617 1816 Καὶ
648 1757 804 1816 τόνδε
834 1768 915 1833 τῷ
945 1759 1131 1837 δόρατι
1164 1763 1395 1832 πλήττει
1426 1764 1640 1837 καιρίαν
1677 1784 1691 1796 ·

329 1854 476 1906 4015
513 1854 598 1923 Τῇ
628 1848 675 1904 δ’
702 1851 997 1925 ἀντερείσει
1027 1856 1125 1905 τοῦ
1158 1854 1285 1913 συὸς
1315 1853 1566 1924 καμοῦσά
1595 1875 1711 1916 πως

504 1939 818 2014 Δορυφόρος
852 1940 978 2015 χεῖρ
1006 1938 1336 2002 αὐτάνακτος
1370 1939 1653 2002 δεσπότου,

501 2028 604 2085 Καὶ
636 2030 1036 2102 παρενεχθεῖσα
1064 2050 1116 2082 τι
1152 2031 1345 2105 μικρὸν
1374 2031 1571 2091 εὐθέως
1602 2034 1714 2104 (51)

502 2120 617 2185 Τῆς
648 2117 793 2192 παρὰ
832 2115 1063 2192 πλευρὸν
1092 2118 1396 2191 παραψαῦει
1430 2120 1718 2194 φαρέτρας,

504 2207 754 2283 Ἰοτρόφα
783 2204 1023 2280 βέλεμνα
1054 2212 1235 2281 θηρῶν
1272 2206 1345 2268 εἰς
1376 2209 1539 2286 φόνον

320 2298 467 2351 4020
506 2293 700 2351 Ἔνδον
735 2294 1008 2372 φερούσης
1044 2315 1056 2326 ·
1086 2295 1175 2349 καὶ
1206 2298 1485 2370 χυθέντων
1515 2298 1817 2372 ἀτράκτων,

504 2388 595 2445 Εἷς
625 2381 797 2437 τῶνδε
827 2385 960 2459 φεῦί
993 2380 1195 2456 ἔπληξε
1223 2385 1493 2460 κράτορος
1527 2388 1663 2461 χέρα

503 2474 605 2529 Καὶ
630 2473 897 2549 φθαρτικὴ
934 2472 1161 2545 δύναμις
1193 2476 1228 2541 ἡ
1259 2479 1356 2527 τοῦ
1397 2476 1686 2551 φαρμάκου

498 2562 643 2617 Κατά
670 2582 730 2636 γε
765 2563 959 2635 μικρὸν
995 2563 1289 2638 ἀπονεκροῖ
1318 2565 1407 2618 καὶ
1441 2565 1613 2642 φθίνει

498 2655 739 2708 Ἄνακτα
768 2652 936 2717 θεῖον,
964 2651 1310 2725 τρισαριστέα
1347 2654 1534 2729 μέγαν,

304 2745 450 2799 4025
490 2740 596 2796 Καὶ
627 2739 937 2794 συνελαύνει
968 2740 1105 2815 πρὸς
1133 2742 1195 2795 τὸ
1223 2745 1320 2795 τοῦ
1357 2742 1478 2817 βίου
1504 2744 1690 2811 πέρας.

531 2833 878 2886 ΜΑΝΟΥΗΛ
919 2831 962 2886 Ο
1003 2830 1406 2887 ΚΟΜΝΗΝΟΣ
1448 2835 1560 2889 ΕΤ.
1605 2840 1733 2890 AH'.

488 2920 623 2992 Πρὶν
656 2920 691 2987 ἢ
721 2915 777 2971 δὲ
808 2920 981 2972 θανεῖν
1017 2919 1279 2989 Μανουὴλ
1318 2921 1544 2996 βασιλέα

490 3011 751 3061 Ὕπατον
784 3008 899 3061 υἱὸν
931 3013 1372 3083 συνομαρτοῦντα
1401 3009 1601 3084 στέφει,

495 3096 596 3153 Καὶ
628 3097 871 3170 κράτορα
903 3092 1137 3151 δείκνυσι
1163 3104 1264 3166 τῆς
1293 3097 1620 3171 Ῥωμαίδος.

495 3186 795 3260 Στράτευμ’
827 3185 914 3239 ἐπὶ
942 3185 1161 3247 τούτοις
1198 3185 1253 3241 δὲ
1284 3188 1571 3260 Ῥωμαίων
1608 3191 1741 3243 ἅπαν

308 3278 455 3333 4030
498 3275 601 3331 Σὺν
628 3282 745 3336 τοῖς
778 3281 1068 3350 στατηγοῖς
1097 3274 1188 3330 καὶ
1212 3277 1480 3351 λοχαγοῖς
1509 3280 1803 3352 ταγμάτων

499 3367 746 3422 Ἀνεῖπον
780 3363 937 3418 αὐτὸν
973 3363 1336 3441 Αὐσονάρχην
1371 3366 1641 3438 ἀσμένως.

490 3456 695 3509 ’Ἑπειτ’
726 3452 1036 3525 έπανέζευξε
1066 3455 1201 3527 πρὸς
1233 3453 1546 3523 Βυζαντίδα

490 3542 637 3595 Μετᾶ
664 3547 917 3614 στρατιᾶς
945 3540 1208 3609 Μανουήλ
1240 3539 1362 3614 ἄναξ
1398 3544 1538 3611 νέος,

494 3629 869 3702 Ἀνακομίζων
902 3629 990 3684 καὶ
1023 3631 1225 3705 πατρὸς
1250 3630 1401 3685 ναυσὶ
1432 3630 1605 3688 νέκυν.

315 3722 457 3776 4035
499 3719 599 3775 Καὶ
629 3714 951 3775 καταλαϐὼν
981 3720 1081 3787 τὴν
1118 3718 1373 3792 βασιλίδα
1398 3718 1560 3777 πόλιν

496 3808 793 3876 Βασιλικῆς
823 3802 982 3881 ἔτυχε
1010 3814 1111 3875 τῆς
1144 3806 1433 3884 εὐφημίας,

495 3902 717 3972 Πρῶτον
752 3894 1057 3950 σταλέντων
1091 3897 1179 3950 καὶ
1213 3901 1732 3973 προηυτρεπικότων

490 3988 604 4053 Τήν
640 3982 851 4039 εἷ’σοδον
873 3983 1144 4040 κάλλιστα
1171 3987 1270 4054 τήν
1301 3986 1376 4048 εἰς
1406 3990 1503 4056 τὴν
1535 3989 1698 4045 πόλιν

486 4075 688 4149 Ἀξοὺχ
720 4072 955 4148 μεγάλου
985 4075 1082 4141 τὴν
1116 4075 1284 4146 τιμὴν
1318 4073 1666 4148 δομεστίκου,

307 4168 451 4220 4040
491 4165 589 4219 Καὶ
628 4163 911 4238 βασιλείου
940 4162 1309 4235 Τζιτζιλοόκη
1339 4164 1644 4237 τούπίκλην
1677 4187 1691 4201 ·

487 4250 643 4320 Ηλήν
675 4252 747 4312 ὡς
777 4248 910 4326 ἔφην
939 4254 1053 4323 (5'2)
1075 4253 1208 4329 φθὰς
1242 4254 1507 4324 Μανουὴλ
1538 4255 1704 4310 πόλιν
1732 4256 1960 4333 κράτους

489 4343 621 4415 Παρ’
653 4340 955 4415 ἆρχιθύτου
984 4346 1281 4395 ταινιοῦται
1312 4344 1428 4396 κατ’
1461 4341 1603 4412 ἔθος,

485 4430 589 4487 Καὶ
620 4435 782 4484 πᾶσιν
810 4429 994 4490 ἀστοῖς
1026 4427 1387 4504 προσδέδεκτο
1419 4431 1746 4509 προφρόνως

486 4518 863 4595 Διαγορευθεὶς
899 4518 1156 4593 βασιλεὺς
1186 4518 1537 4596 αὐτοκράτωρ
1574 4542 1585 4553 ·

300 4613 446 4667 4045
482 4609 712 4670 Νεανίας
744 4604 815 4660 ὢν
850 4608 1067 4672 ἀρεϊκὸς
1099 4606 1149 4660 ἐν
1188 4610 1417 4684 μάχαις,

482 4695 805 4768 Κάλλιστος,
838 4693 993 4764 ἡδὺς,
1027 4696 1263 4768 εὐμενὴς
1298 4697 1584 4767 ὑπηκόοις,

482 4790 615 4846 Τοῖς
643 4792 803 4840 πᾶσιν
834 4784 1093 4844 ἀσπάσιος
1125 4786 1198 4846 ὡς
1229 4786 1586 4865 μεγαλόφρων
1619 4806 1631 4819 ’

480 4876 626 4949 Ηρὸς
661 4871 706 4927 δ’
732 4871 794 4927 αὖ
827 4876 1123 4951 φρενήρης,
1158 4875 1392 4950 χαρίεις,
1420 4876 1754 4949 πεφιλμένος

478 4966 599 5020 Τῶν
635 4960 951 5033 δημοτικῶν
984 4958 1239 5038 ἐντριϐής
1271 4985 1331 5039 γε
1356 4968 1719 5038 πραγμάτων,

294 5056 441 5111 4050
476 5056 553 5125 Τῇ
582 5056 679 5106 τοῦ
709 5051 1009 5126 προσώπου
1040 5052 1287 5126 καλλονῇ
1320 5052 1668 5124 κεκασμένος,

478 5141 585 5197 Καὶ
616 5145 745 5194 πᾶσι
777 5138 973 5203 καλοῖς
1001 5139 1297 5215 ἐμπρέπων
1333 5139 1609 5205 Οευδότοις
1639 5146 1772 5216 (53),

474 5230 667 5304 Ῥώμῃ
694 5251 753 5284 τε
780 5232 879 5283 τοῦ
912 5229 1190 5302 σώματος,
1224 5228 1379 5299 εἷ’δει,
1413 5231 1639 5302 συνέσει,

476 5323 677 5395 Ψυχῆς
706 5320 1098 5395 παραστήματι
1124 5318 1516 5396 φιλοκινδῦνῳ,

476 5410 727 5472 Ἰθυτενεῖ
750 5409 1002 5483 σχήματι
1024 5415 1124 5479 τῆς
1156 5408 1401 5482 ἡλικίας,

390 5538 489 5605 51)
517 5534 656 5593 Cod.
690 5533 897 5605 εὐθέος.

390 5540 489 5605 51)
517 5540 656 5593 Cod.
690 5540 876 5596 εὐθέος

367 5540 486 5681 (52)
516 5607 657 5664 Cod.
692 5603 880 5682 ἔφθην.

1867 306 2233 358 CESARES.

2021 430 2071 492 Α
2107 434 2378 497 ρι’ωεῐαῐιθ
2408 431 2675 503 liberam,
2710 436 2886 506 atque
2912 432 3280 487 Constantini

2109 517 2235 571 urbi
2267 520 2533 575 devotam
2560 538 2768 575 rursus
2802 521 3128 576 restituere.

2102 605 2241 660 Dein
2286 607 2515 664 sionem
2551 610 2846 681 cogitabat
2878 610 3149 665 accedere

2101 697 2166 745 ut
2196 696 2469 763 pretiosis
2494 715 2736 768 prorsus
2759 703 2815 751 et
2846 697 3099 753 insolitis

2099 782 2313 838 Christi
2346 786 2679 856 sepulcrum
2706 788 2875 842 donis
2907 791 3233 853 exornaret,

2100 878 2457 945 cunctosque
2477 874 2760 931 Barbaros
2792 876 3019 931 accolas
3050 876 3284 931 deleret.

2102 959 2302 1031 Itaque
2332 979 2643 1035 aggressus
2673 964 3042 1019 Antiochiam
3075 965 3279 1019 urbem

2102 1052 2278 1119 hujus
2306 1054 2575 1109 vastabat
2606 1054 2790 1109 milite
2820 1054 3091 1109 viciniam
3125 1072 3137 1109 :

2100 1142 2296 1196 tamen
2330 1159 2464 1197 cum
2493 1148 2692 1199 votum
2717 1144 2827 1199 sibi
2861 1160 2975 1198 non
3010 1146 3322 1200 succedere

2100 1248 2198 1286 rex
2229 1232 2487 1303 prudens
2520 1234 2724 1299 sensit,
2758 1238 2915 1289 moto
2946 1232 3081 1286 hinc
3108 1234 3365 1289 exercitu

2100 1321 2402 1377 transtulit
2418 1338 2546 1377 sese
2566 1322 2808 1376 Cilicum
2840 1323 2899 1376 in
2932 1326 3139 1377 terras.

2099 1411 2183 1464 Ibi
2214 1410 2269 1463 in
2299 1410 2514 1465 silvoso
2542 1415 2951 1483 prmruptoque
2984 1410 3132 1476 loco,

2097 1501 2249 1569 quod
2281 1500 2454 1570 vulgo
2487 1501 2702 1555 dicitur
2732 1501 3043 1555 Corvorum
3078 1500 3417 1572 latibulum,

2096 1589 2289 1643 Caesar
2318 1594 2592 1643 venatum
2624 1590 2694 1643 de
2718 1606 2876 1644 more
2908 1590 3203 1660 profectus

2096 1680 2330 1734 obvium
2355 1677 2562 1733 habuit
2591 1678 2650 1732 in
2682 1679 2921 1732 dumeto
2951 1694 3181 1750 aprum,

2019 1794 2065 1860 B
2098 1782 2272 1838 quem
2303 1766 2473 1820 hasta
2505 1765 2702 1819 statim
2738 1766 2988 1835 perculit
3018 1765 3345 1821 lethaliter:

2097 1868 2296 1907 verum
2330 1852 2559 1922 objectu
2592 1852 2920 1907 resistentis
2950 1854 3075 1923 apri

2096 1945 2322 1995 armata
2344 1956 2555 1995 manus
2579 1939 2822 1994 Caesaris
2854 1956 3145 2012 repressa,

2092 2033 2363 2100 retroque
2386 2028 2499 2083 cito
2530 2030 2731 2082 cedere
2762 2034 2960 2083 coacta

2092 2118 2409 2174 haerentem
2442 2117 2611 2173 lateri
2638 2116 2829 2189 tetigit
2872 2117 3233 2189 pharetram,

2090 2222 2217 2277 quae
2250 2212 2532 2263 venenata
2558 2206 2619 2261 in
2650 2206 2903 2261 ferarum
2938 2207 3253 2279 perniciem

2098 2295 2211 2350 tela
2236 2297 2509 2368 gestabat
2538 2314 2550 2352 :
2576 2296 2669 2350 his
2701 2300 2936 2363 repente
2967 2296 3190 2362 ell‘usis,

2087 2400 2271 2439 unum
2305 2385 2449 2455 proh
2481 2383 2646 2439 dolor
2673 2385 2682 2439 l
2720 2384 2963 2439 Caesaris
2994 2384 3116 2439 ﬁxit
3148 2401 3424 2453 manum;

2086 2488 2339 2544 moxque
2368 2472 2577 2529 veneni
2605 2473 2691 2527 vis
2721 2472 3036 2528 exitiabilis

2084 2565 2303 2620 sensim
2330 2565 2643 2620 dimanans
2676 2565 3054 2636 membraque
3084 2581 3488 2637 corrumpens,

2083 2668 2280 2723 regem
2308 2652 2571 2708 divinum
2600 2652 2987 2708 victoriosum
3020 2669 3304 2723 magnum

2082 2740 2212 2795 vita;
2244 2741 2509 2796 mortalis
2538 2739 2724 2811 adigit
2756 2741 2823 2794 ad
2858 2742 3203 2796 terminum.

2225 2827 2521 2884 MANUEL
2550 2827 2935 2884 COMNENUS
2968 2829 3081 2885 AN.
3114 2829 3418 2885 XXXVIII.

2081 2917 2410 2972 Manuelem
2443 2917 2697 2972 moriens
2728 2924 2893 2987 pater
2923 2917 3107 2972 edixit
3138 2934 3332 2988 regem

2081 3006 2395 3061 minimum
2436 3011 2574 3061 natu
2608 3006 2794 3061 lilium
2823 3011 3170 3077 praesentem
3202 3005 3333 3071 sibi,

2081 3099 2256 3165 atque
2288 3095 2425 3150 huic
2446 3100 2773 3150 Romanum
2808 3094 3049 3150 tradidit
3075 3094 3410 3165 imperium.

1999 3162 2041 3226 (ἶ
2080 3192 2238 3242 Tunc
2268 3188 2441 3243 etiam
2469 3190 2715 3242 cunctus
2746 3188 3039 3242 Romanus
3083 3187 3370 3243 exercitus

2078 3293 2212 3331 cum
2245 3276 2495 3331 ducibus
2524 3283 2578 3331 et
2606 3275 2884 3331 ordinum
2917 3276 3359 3332 centurionibus

2079 3367 2274 3436 ipsum
2304 3365 2558 3420 libenter
2586 3364 2868 3421 salutavit
2915 3384 3129 3439 regem.

2077 3454 2221 3510 Dein
2251 3454 2501 3526 perrexit
2528 3455 2611 3509 ire
2641 3454 3001 3526 Byzantium

2076 3543 2308 3600 Manuel
2339 3561 2475 3600 cum
2508 3544 2692 3616 cepiis
2724 3545 3045 3615 imperator
3075 3560 3278 3613 novus,

2078 3635 2262 3705 patris
2294 3635 2594 3689 adducens
2626 3650 2769 3688 nave
2801 3634 3065 3688 cadaver.

2076 3723 2341 3794 Cumque
2370 3725 2442 3779 ad
2476 3722 2727 3794 regalem
2749 3723 3106 3793 pervenisset
3136 3722 3364 3791 urbem,

2076 3810 2306 3881 plausu,
2342 3812 2443 3882 qui
2475 3813 2639 3866 decet
2670 3826 2883 3881 regem,
2916 3814 3007 3864 est
3036 3814 3310 3880 exceptus
3348 3829 3361 3876 ;

2075 3901 2397 3972 premissis
2446 3900 2665 3955 scilicet
2686 3901 2785 3969 qui
2818 3904 2973 3953 recto
3004 3898 3204 3953 ordine

2075 3990 2239 4045 urbis
2268 3990 2595 4058 ingressum
2630 3987 2749 4057 regi
2772 3992 3144 4057 appararent,

2075 4076 2302 4132 Azucho
2332 4092 2542 4145 magno
2566 4076 2625 4130 in
2657 4074 2793 4129 aula
2826 4074 3147 4129 domestico

2073 4170 2129 4220 et
2158 4164 2372 4221 Basilio
2402 4164 2555 4218 dicto
2584 4162 2913 4218 Tzitziluca.

2073 4260 2379 4326 Ingressus
2410 4256 2606 4308 autem
2638 4251 2868 4306 Manuel
2905 4250 3275 4323 metropolim

2073 4360 2106 4398 a
2127 4340 2460 4415 patriarcha
2491 4340 2598 4394 rite
2623 4344 2959 4408 coronatur,

2072 4429 2414 4501 cunctisque
2446 4446 2478 4483 a
2506 4428 2731 4483 civibus
2764 4428 2992 4484 volente
3049 4430 3247 4484 animo

1988 4534 2035 4595 Ι)
2068 4536 2165 4575 rex
2195 4517 2487 4575 salutatur
2513 4521 2686 4587 atque
2716 4516 3055 4587 imperator.

2068 4610 2201 4665 Erat
2231 4608 2326 4663 hic
2354 4605 2585 4678 juvenis
2616 4610 2895 4661 strenuus
2927 4607 2989 4662 in
3019 4608 3253 4679 praeliis,

2066 4698 2347 4770 Egregius
2371 4710 2824 4767 usquequaque,
2862 4696 3043 4760 mitis,
3076 4696 3246 4762 lenis,

2066 4790 2291 4845 cunctis
2322 4791 2618 4859 acceptus,
2654 4790 2856 4856 utpote
2908 4788 3341 4857 magnanimus,

2065 4879 2337 4934 cordatus
2360 4877 2621 4947 insuper,
2655 4873 2913 4946 elegans,
2937 4876 3228 4943 amabilis,

2062 4972 2119 5023 et
2149 4967 2509 5040 publicorum
2533 4966 2793 5037 prudens
2824 4966 3213 5037 negotiorum,

2060 5056 2260 5112 vultus
2292 5055 2513 5127 insigni
2542 5059 2846 5125 venustate
2870 5056 3170 5125 praeditus,

2062 5150 2234 5216 atque
2264 5144 2478 5199 divinis
2506 5142 2675 5198 donis
2706 5143 3181 5215 ﬂorentissimus,

2061 5234 2321 5306 corporis
2356 5235 2582 5301 robore,
2610 5232 2814 5300 forma,
2849 5234 3152 5305 sapientia,

2060 5326 2328 5395 prompto
2357 5324 2428 5378 ad
2460 5322 2721 5395 pericula
2751 5323 3058 5379 subeunda
3101 5325 3316 5394 animo,

2057 5418 2293 5471 artuum
2316 5431 2555 5487 procero
2590 5431 2694 5486 pro
2724 5418 2891 5469 {etate
2925 5414 3148 5486 habitu,

2128 5543 2240 5613 (53)
2274 5543 2412 5598 Cod.
2445 5536 2773 5607 θεοσδότοις,
2809 5544 2872 5594 ut
2892 5557 2945 5596 v.
2990 5541 3148 5596 3721.

3651 309 3752 362 158
