4038 6214
443 285 545 370 159
1656 313 2016 365 EPHREMII
2067 316 2506 377 CHRONOGRA
2517 329 2629 380 I’lll

437 409 629 481 laetus,
655 418 980 489 jucundus,
1007 423 1282 480 comitate
1314 427 1504 483 obvia.

437 515 637 558 verum
667 507 945 576 patientia
969 513 1224 570 maxime
1257 517 1597 588 excellebat,

433 594 492 643 et
522 589 636 646 leni
670 594 864 651 animo
887 615 1002 667 prae
1035 604 1260 658 caeteris
1293 608 1568 679 regibus;

436 676 609 733 heros
641 683 960 742 Herculeus
986 689 1424 763 insuperabilis,

434 768 640 840 suique
668 774 829 845 regni
863 777 1092 837 validus
1123 784 1411 857 defensor,

434 863 632 928 pastor
665 862 872 937 bonus,
903 869 1039 942 vigil
1073 874 1242 932 ovilis
1267 883 1487 946 custos,

431 946 705 1018 luporum
738 957 957 1014 rabiem
987 977 1019 1015 a
1040 979 1214 1036 grege
1245 967 1564 1040 depellens,

430 1041 602 1108 atque
624 1042 760 1100 huic
789 1045 972 1105 libera
1001 1068 1218 1123 pascua
1251 1074 1569 1128 procurans
1595 1078 1607 1115 :

427 1131 612 1185 comis
645 1142 938 1209 regnator,
970 1141 1200 1201 validus
1233 1147 1499 1215 bellator,

424 1220 588 1290 Ajax,
620 1224 894 1298 Achilles,
933 1231 1139 1289 Nestor
1168 1237 1542 1308 consiliosus,

421 1321 598 1376 eques
619 1310 706 1365 vel
740 1313 866 1384 ipso
901 1317 1124 1375 Priamo
1153 1323 1412 1395 peritior,

425 1398 637 1452 Hector
657 1399 978 1474 phalangas
1007 1413 1274 1467 sternens
1299 1415 1595 1490 adversas,

426 1487 688 1544 moribus
714 1492 1018 1564 jucundis,
1053 1507 1220 1558 acuto
1248 1505 1505 1577 ingenio,

422 1572 694 1634 hostibus
735 1581 1164 1659 formidandus,
1199 1572 1388 1649 bonus
1419 1572 1696 1666 subditis,

420 1661 641 1736 hilaris,
673 1685 911 1727 accessu
937 1675 1142 1746 facilis,
1166 1682 1652 1754 gratiosissimus,

418 1752 579 1808 mille
613 1757 810 1815 relatis
843 1777 940 1817 rex
969 1763 1223 1835 inclytus
1256 1770 1488 1842 palmis,

417 1844 473 1895 et
504 1843 679 1899 simul
723 1851 917 1906 omnis
963 1856 1311 1915 eruditionis
1370 1878 1594 1930 amans,

414 1929 656 1986 Mavorti
696 1952 801 2006 par
831 1940 1134 1999 decertans
1166 1948 1222 2000 in
1251 1949 1486 2020 przeliis,

415 2019 606 2078 alacer
635 2027 704 2080 ad
731 2044 957 2101 pugnas
988 2039 1164 2105 atque
1193 2039 1466 2108 pericula,

412 2123 646 2182 semper
669 2114 1017 2188 belligerans
1048 2123 1335 2197 hastaque
1366 2127 1566 2186 hostes
1596 2148 1892 2206 premens,

416 2213 598 2268 seque
627 2201 969 2263 victricibus
988 2209 1204 2268 laureis
1225 2231 1532 2273 exornans.

406 2285 509 2340 Hic
537 2289 686 2347 bello
709 2300 864 2350 moto
895 2304 1099 2355 contra
1123 2303 1344 2360 Turcas
1388 2307 1699 2380 Barbaros,

406 2375 528 2432 eois
561 2377 704 2435 locis
726 2384 941 2454 quibus
966 2406 1213 2447 nomcen
1237 2395 1548 2466 melangia,

404 2463 986 2532 hostiumincursum
1019 2482 1199 2536 armis
1232 2489 1574 2558 conpescuit
1605 2506 1618 2556 ;

401 2553 796 2632 impositoque
827 2566 1072 2624 urbibus
1097 2553 1385 2642 praesidio,

400 2645 620 2716 regiam
647 2649 718 2705 ad
753 2658 1121 2727 metropolim
1148 2664 1327 2718 redux
1357 2683 1418 2721 se
1451 2669 1687 2741 recepit.

398 2733 619 2790 Deinde
650 2736 854 2796 Persas
887 2752 1323 2818 persequendos
1357 2756 1604 2821 censuit,

400 2823 499 2891 qui
525 2825 594 2878 ad
627 2827 922 2886 Pithecam
956 2835 1171 2906 oppida
1203 2839 1606 2912 incursabant,

394 2910 707 2986 themaque
733 2918 1104 2980 Thracesium
1139 2928 1513 3002 diripiebant.

395 2999 542 3073 Ergo
575 3007 948 3078 trangressus
978 3013 1215 3085 Lydiam
1249 2999 1423 3092 atque
1463 3022 1796 3097 Phrygiam,

393 3093 646 3151 castellis
676 3098 866 3156 adfuit
885 3101 1075 3160 Caesar
1102 3105 1526 3185 laborantibus,

384 3184 560 3252 atque
589 3183 681 3240 his
714 3187 950 3246 ﬁrmum
974 3194 1173 3250 attulit
1203 3183 1559 3270 subsidium,

387 3269 798 3348 submovitque
829 3285 1032 3340 Persas
1065 3302 1239 3357 quam
1273 3289 1637 3362 longissime.

387 3360 473 3414 Ad
509 3363 922 3428 Philomelium
951 3381 1152 3446 postea
1181 3360 1550 3451 progressus,

384 3449 653 3511 barbaris
685 3458 892 3518 Turcis
920 3464 1000 3519 ibi
1033 3449 1263 3538 quoque
1291 3473 1563 3542 occurrit,

380 3539 616 3615 imoque
649 3545 706 3602 in
735 3551 878 3620 pede
901 3553 1101 3624 jaculo
1135 3559 1519 3631 transﬁgitur,

379 3627 452 3683 ab
475 3632 734 3703 Agareno
764 3639 861 3709 qui
885 3639 1088 3700 lancea
1118 3627 1445 3717 prostratus

377 3719 562 3777 telum
594 3721 840 3784 inferius
868 3729 926 3784 in
950 3731 1167 3789 soleam
1202 3738 1471 3807 conjecit.

378 3806 644 3870 Indidem
671 3821 867 3874 autem
902 3836 1003 3876 ceu
1026 3823 1228 3893 pernix
1257 3806 1457 3897 aquila

376 3903 446 3957 ad
474 3903 833 3964 Iconiensem
869 3911 1071 3968 urbem
1105 3918 1505 3986 transvolavit,

379 3988 672 4066 hujusque
705 3998 861 4053 omni
893 4001 1192 4060 devastato
1216 4023 1355 4079 agro

373 4096 638 4139 reversus
671 4090 759 4142 est
788 4089 858 4144 ad
883 4089 1111 4163 imperii
1133 4098 1526 4170 metropolim.

372 4167 502 4224 Jam
533 4175 765 4242 qualem
789 4184 950 4248 pater
979 4181 1118 4239 olim
1157 4203 1270 4256 prm
1296 4167 1354 4244 se
1377 4188 1592 4246 tulerat

374 4271 576 4314 curam
609 4262 964 4334 reipublicae,
999 4270 1172 4328 talem
1201 4277 1383 4342 gessit
1404 4278 1583 4334 ﬁlius.

373 4346 531 4401 Idem
566 4352 826 4424 conjugii
849 4355 1052 4424 junxit
1103 4361 1214 4415 sibi
1249 4364 1460 4421 foedere

372 4453 439 4491 ex
469 4438 813 4499 Alamannis
845 4445 1102 4516 puellam
1131 4454 1588 4526 nobilissimam,

369 4526 653 4583 virtutum
683 4536 1048 4593 ornamentis
1070 4538 1226 4596 haud
1264 4544 1455 4599 minus
1489 4547 1698 4601 miram

371 4631 548 4685 quam
579 4621 836 4690 corporis
869 4640 1144 4699 compage
1175 4635 1232 4686 et
1260 4632 1713 4704 pulchritudine.

368 4701 671 4775 Regnante
700 4709 985 4782 Manuele,
1019 4733 1082 4771 ex
1115 4701 1522 4777 orbe‘occiduo

366 4795 740 4863 germanicus
773 4799 960 4858 instar
988 4807 1243 4864 turbinis
1277 4811 1565 4867 exercitus

366 4884 558 4951 gravis
590 4889 646 4940 et
675 4889 904 4945 cunctis
928 4893 1100 4950 rebus
1131 4897 1414 4956 exitiosus

366 4969 628 5029 Romano
655 4975 901 5048 imperio
931 4981 1241 5055 derepente
1272 4988 1556 5056 incubuit,

364 5059 658 5117 Sionicam
693 5071 1061 5135 praetendens
1094 5076 1543 5146 expeditionem.

365 5147 556 5219 Hujus
587 5151 882 5212 Corradus
906 5159 1023 5215 dux
1053 5167 1179 5218 erat
1227 5168 1537 5236 exercitus,

367 5253 464 5291 rex
499 5240 632 5310 pius
665 5247 722 5297 et
751 5243 981 5303 Christo
1017 5252 1264 5309 maxime
1294 5255 1569 5325 devotus;

362 5327 462 5399 qui
496 5329 633 5385 data
661 5335 870 5390 Caesari
895 5336 1098 5407 jurata
1128 5341 1242 5399 fide

360 5435 462 5489 per
491 5420 637 5478 ﬁnes
662 5429 894 5483 nostros
917 5429 1104 5487 amice
1137 5435 1548 5506 transiturum,

359 5525 466 5566 nec
497 5527 560 5568 se
589 5527 696 5571 nec
719 5515 935 5573 milites
969 5519 1092 5576 fore
1120 5523 1290 5579 nobis
1322 5543 1565 5597 nocuos,

360 5599 431 5654 ad
463 5597 656 5673 ipsam
687 5606 1055 5666 Constantini
1084 5610 1312 5671 devenit
1342 5617 1546 5674 urbem

2115 445 2167 506 Α
2199 440 2340 498 4055
2378 444 2531 508 "Heu
2563 455 2846 536 προσηνεῖ,
2881 457 3138 526 χαροπῷ,
3161 457 3483 536 πεφιλμένῳ
3508 483 3523 498 ο

2366 533 2696 608 Ἀνεξικακίᾳ
2727 535 2785 593 δὲ
2820 540 3035 612 μάλιστ’
3067 533 3280 618 ἐκράτει

2365 621 2465 676 Καὶ
2499 625 2896 698 πραότητιτῶν
2928 633 3042 684 κατ’
3069 632 3228 688 αὑτὸν
3263 637 3503 696 ἀνάκτων
3538 662 3553 677 ·

2362 710 2546 784 Ἥρως
2579 715 2858 789 Ἡρακλῆς
2886 718 3279 796 ἀπαράμιΛλος
3303 727 3482 804 φύσει,

2361 797 2720 878 Ὑπερμαχῶν
2749 805 3022 863 κάλλιστα
3048 816 3150 880 τῆς
3185 797 3550 894 κληρουχίας,

2183 883 2322 940 4060
2362 891 2574 962 Ποιμήν
2610 894 2830 967 ἀγαθὸς,
2864 893 3136 972 ἄγρυπνος
3167 883 3633 984 ποίμνηςηφύλαξ,

2357 977 2569 1041 Λύκους
2601 978 2814 1037 διώκων
2849 982 3129 1059 δυσμενεῖς
3161 995 3257 1044 τοῦ
3285 997 3566 1070 ποιμνίου,

2359 1067 2455 1121 Καὶ
2485 1068 2624 1142 τῷδε
2656 1071 2839 1137 διδοὺς
2861 1077 2960 1145 τὴν
2992 1080 3168 1152 νομὴν
3203 1079 3517 1158 ἐλευθέραν·

2355 1157 2517 1232 Ἂναξ
2549 1165 2836 1236 προσηνής
2867 1166 2956 1220 καὶ
2991 1171 3250 1243 μαχητὴς
3276 1157 3558 1248 γεννάδας,

2356 1243 2512 1316 Αῗάς,
2546 1250 2865 1326 Ἀχιλλεὺς,
2898 1257 2987 1309 καὶ
3017 1258 3240 1334 Νέστωρ
3276 1243 3648 1343 βουληφόρος,

2177 1331 2318 1389 4065
2355 1334 2510 1410 Ὑπὲρ
2545 1339 2792 1415 Πρίαμον
2836 1342 3092 1416 εὖμέλιος
3117 1331 3381 1420 ἱππότης·

2355 1426 2570 1502 Ἕκτωρ
2604 1427 2889 1506 φάλαγγας
2922 1432 3168 1508 ῥηγνὺων
3202 1435 3458 1495 ἐναντίων
3496 1462 3509 1476 ·

2348 1513 2641 1590 Ἐπίχαρις
2673 1519 2806 1587 ἦθός
2837 1542 2913 1593 τε,
2945 1525 3148 1593 πτηνὸς
3177 1527 3275 1595 τὴν
3310 1530 3497 1605 φρένα,

2353 1605 2588 1675 Φρικτὸς
2625 1607 2718 1679 μὲν
2753 1608 3000 1685 ἐχθροῖς,
3037 1612 3268 1686 εὑμενής
3301 1613 3348 1670 δ’
3381 1618 3671 1692 ὑπηκόοις,

2348 1690 2582 1766 Ἱλαρὸς,
2615 1695 2975 1769 εὐέντευκτος,
3007 1699 3166 1770 ἡδεῖα
3193 1704 3375 1779 χάρις,

2091 1803 2136 1867 Β
2170 1777 2308 1834 4070
2350 1781 2683 1857 Μυριόνικος
2711 1789 3085 1862 τρισαριστεὺς
3115 1777 3366 1864 αὑτάναξ,

2345 1869 2552 1943 Ἑρμοῦ
2583 1895 2641 1928 τε
2671 1874 2919 1939 παιδείας
2945 1900 3004 1933 τε
3032 1883 3293 1944 παντοίας
3326 1883 3512 1958 φίλος,

2343 1960 2628 2036 Ἀντικρυς
2661 1971 2838 2038 ’Ἄρης
2873 1965 2924 2020 έν
2962 1970 3166 2044 μάχαις
3195 1969 3533 2044 ἀντιπάλων,

2343 2049 2675 2126 Ὀξύρῥοπός
2705 2075 2788 2116 τις
2816 2057 2954 2129 πρὸς
2989 2056 3168 2134 μάχας
3197 2061 3283 2114 καὶ
3314 2059 3620 2134 κινδύνους,

2340 2138 2447 2194 Ἀεὶ
2478 2145 2856 2219 στράταρχῶν,
2889 2149 3008 2200 κατ’
3039 2146 3250 2222 ἐχθρῶν
3282 2154 3444 2205 κινῶν
3479 2149 3631 2225 δόρυ,

2161 2226 2304 2281 4075
2343 2226 2439 2282 Καὶ
2469 2236 2588 2291 ταῖς
2616 2234 2753 2287 κατά
2785 2238 2931 2311 σφῶν
2963 2234 3334 2309 ἀναδούμενος
3361 2238 3560 2304 νίκαις.

2337 2316 2507 2380 Οὗτος
2540 2322 2862 2394 στρατεύσας
2893 2326 3030 2378 κατά
3059 2325 3319 2400 Τοὺρκων
3353 2324 3641 2404 βαρϐάρων

2336 2407 2479 2460 Κατὰ
2507 2408 2572 2462 τὰ
2605 2408 2907 2486 μελάγγεια
2936 2419 3036 2481 τῆς
3063 2410 3136 2467 Eo)
3165 2414 3368 2478 τόπους

2333 2495 2608 2571 Τοὺρκους
2642 2498 2908 2570 μετῆλθεν
2941 2501 3292 2576 ἀναχαιτίσας
3323 2505 3518 2569 ὅπλοις

2333 2585 2438 2638 Καὶ
2469 2593 2568 2655 τῆς
2602 2587 2852 2664 φυλακῆς
2885 2590 3172 2666 φροντίσας
3204 2597 3310 2646 τῶν
3345 2595 3574 2669 ἀστέων,

2153 2672 2293 2727 4080
2333 2674 2425 2735 Εἷς
2458 2676 2554 2744 τὴν
2593 2676 2982 2751 βασιλεύουσαν
3006 2679 3454 2759 ἀνθυποστρέφει.

2331 2764 2443 2819 Εἶτ’
2475 2763 2811 2841 ἔκστρατεὺει
2840 2768 2974 2822 κατὰ
3003 2774 3222 2845 Περσῶν
3255 2772 3343 2825 καὶ
3375 2773 3539 2828 πάλιν

2331 2853 2441 2914 Τὰς
2473 2854 2607 2928 πρὸς
2636 2861 2875 2925 Πιθηκᾶν
2907 2858 3345 2933 κατατρεχόντων
3382 2861 3596 2934 πόλεις,

2328 2942 2755 3011 Λεηλατοὺντων
2784 2947 2869 3000 καὶ
2900 2947 3218 3017 Θρᾳκησίων
3249 2949 3406 3021 θέμα.

2329 3032 2523 3087 Τοίνυν
2559 3030 2794 3109 ὑπερϐὰς
2829 3034 3024 3090 Αυδιαν
3056 3038 3146 3091 καὶ
3180 3041 3418 3114 Φρυγίαν

2149 3121 2289 3177 ἆο85
2327 3122 2484 3192 ’Ἀναξ
2517 3121 2707 3194 ἐπέστη
2745 3126 3022 3202 φρουρίοις
3054 3129 3437 3200 κακουμένοις,

2159 3164 2287 3177 ,νυν
2351 3164 2484 3192 ..ης
2517 3164 2707 3194 ...πη
2746 3164 3020 3202 “an”,
3056 3164 3437 3200 κακουμένοις,

2063 3164 2106 3230 C
2321 3212 2421 3267 Καὶ
2457 3209 2683 3282 δυνατὴν
2717 3213 2965 3290 σύναρσιν
2997 3214 3179 3278 αὑτοῖς
3213 3217 3445 3294 εἰσφέρει

2313 3299 2410 3354 Καῖ
2441 3301 2646 3376 Πέρσας
2680 3303 2961 3372 ἀπήλασεν
2991 3305 3064 3366 ὡς
3097 3305 3436 3382 πορρωτάτω
3465 3326 3478 3339 ⁸

2311 3390 2412 3444 Καὶ
2440 3391 2576 3463 πρὸς
2600 3390 2933 3463 Φιλομίλιον
2969 3393 3218 3457 ἀπελθὼν
3248 3394 3431 3464 πόλιν,

2309 3477 2536 3532 Κάκεῖσε
2569 3479 2841 3552 Τούρκοις
2880 3477 3174 3558 βαρϐάροις
3209 3484 3527 3560 ἐντυγχάνει
3571 3506 3582 3516 ·

2129 3566 2269 3620 4090
2310 3565 2406 3622 Καὶ
2435 3566 2673 3642 πείρεται
2700 3567 2765 3637 δὴ
2792 3571 2884 3623 τὸν
2909 3569 3074 3633 ποδὸς
3102 3574 3295 3647 ταρσὸν
3328 3573 3474 3649 βέλει

2305 3657 2417 3708 Ὑπ’
2452 3657 2755 3731 Ἀγαρηνοῦ
2786 3657 3178 3734 λογχοτρώτου
3209 3663 3459 3735 κειμένου

2303 3746 2451 3799 ’Ἂνω
2482 3748 2617 3800 κατὰ
2642 3745 2921 3820 πέλματος
2959 3748 3182 3826 ἀφέντος
3220 3751 3381 3825 βέλος
3407 3770 3419 3782 ⁸

2304 3833 2559 3896 Κάκεῖθεν
2597 3833 2669 3895 ὥς
2701 3856 2783 3896 τις
2815 3835 2966 3896 ἀετὸς
2995 3840 3337 3912 ταχυπτέρυξ

2303 3922 2476 3991 Ἕπτη
2510 3923 2645 3996 πρὸς
2680 3922 2844 3991 αὐτ-ἠν
2877 3927 3149 3980 Ἰκονιέων
3175 3927 3360 4000 πόλιν,

2125 4011 2265 4064 4095
2304 4012 2407 4064 Καὶ
2440 4009 2602 4080 τῆσδε
2628 4013 2799 4066 πάντα
2829 4015 3161 4090 κατακείρων
3193 4017 3257 4069 τὰ
3283 4018 3462 4091 πέριξ,

2305 4101 2447 4175 Πρὸς
2479 4099 2735 4175 βασιλίδα
2759 4103 2855 4168 τήν
2890 4102 3050 4158 πόλιν
3084 4105 3406 4184 ὑποστρέφει
3441 4124 3453 4137 ”

2300 4189 2524 4263 Ὑπῆρξε
2555 4191 2794 4266 φροντὶς,
2828 4191 2901 4253 ὡς
2933 4193 3095 4268 πατρὶ
3130 4194 3326 4248 τούτου
3356 4193 3549 4268 πάλαι,

2303 4279 2404 4332 Καὶ
2435 4275 2577 4350 τῶδε
2604 4284 2800 4333 κοινῶν
2836 4282 3078 4354 πράξεων
3113 4285 3462 4359 στεφηφόρῳ,

2298 4367 2394 4427 ⁸ος
2425 4366 2514 4421 καὶ
2542 4370 2782 4444 συνήφθη
2817 4370 2954 4443 πρὸς
2984 4369 3165 4444 γάμου
3197 4372 3482 4427 κοινωνίαν

2126 4455 2265 4510 4100
2304 4456 2389 4524 Ἐξ
2425 4455 2748 4528 Ἀλαμανῶν
2781 4459 3123 4534 εὐγενεστάτη
3152 4460 3346 4535 κόρῃς,

2053 4527 2094 4589 Ῑ)
2303 4545 2436 4604 Ταῖς
2469 4527 2672 4619 ἀρετῶν
2709 4527 2926 4621 χάρισιν
2957 4527 3266 4623 ὡραϊσμένῃ

2305 4633 2428 4708 Οὐχ
2457 4636 2619 4702 ἧττον
2651 4636 2684 4704 ἢ
2737 4637 2990 4708 σώματος
3022 4636 3138 4713 ὥρα
3167 4638 3255 4692 καὶ
3287 4637 3506 4697 πλάσει,

2301 4722 2505 4777 Τούτου
2535 4723 2879 4797 κρατοῦντος,
2914 4726 2973 4780 έκ
3001 4727 3286 4800 κλιμάτων
3318 4728 3544 4802 ἑσπέρας

2302 4809 2630 4886 Ἀλαμανῶν
2653 4816 2958 4888 στράτευμα
2986 4817 3225 4889 καθάπερ
3257 4817 3419 4891 νέφος

2124 4902 2264 4957 4105
2303 4903 2483 4957 Δεινὸν
2513 4903 2754 4978 τετριγὸς
2789 4908 3078 4981 φθαρτικόν
3110 4925 3168 4959 τε
3197 4907 3435 4976 καθάπαξ

2299 4991 2716 5068 Ἐπεισέφρησεν
2747 4992 2943 5065 ἀθρόον
2977 4991 3268 5066 Ῥωμαίδι,

2296 5083 2403 5151 Τῆν
2433 5083 2571 5157 πρὸς
2606 5083 2744 5138 Σιὼν
2780 5081 2952 5158 ἄφιξιν
2986 5085 3194 5159 αὐχοῦν
3220 5083 3392 5139 αῗτίαν
3423 5104 3436 5117 ο

2297 5171 2390 5223 Ὧν
2557 5169 2838 5248 Κορῥάδος
2864 5173 2930 5241 ἦν
2964 5173 3269 5247 στρατηγὸς
3295 5173 3614 5249 ταγμάτων,

2296 5255 2638 5330 Φιλευσεϐἠς
2796 5261 2886 5316 καὶ
2921 5260 3283 5338 φιλόχριστος
3317 5261 3510 5335 πλέον,

2118 5349 2258 5404 4110
2293 5350 2391 5410 "Oc
2425 5348 2584 5423 ὅρκια
2614 5349 2724 5413 θεὶς
2753 5349 2938 5406 ἄνακτι
2971 5353 3278 5424 πιστευτέα,

2294 5439 2363 5494 Ἦ
2398 5439 2505 5511 μὴν
2539 5437 2827 5512 παρελθεῖν
2859 5438 3059 5519 φιλίως
3085 5439 3368 5514 Ῥωμαΐδα

2294 5526 2468 5584 Δῦτόν
2498 5548 2558 5582 τε
2585 5526 2675 5582 καὶ
2703 5528 3008 5603 στράτευμα
3037 5531 3128 5585 καὶ
3164 5525 3381 5606 βλάϐης
3414 5527 3570 5604 δίχα,

2294 5614 2400 5672 Καὶ
2431 5616 2628 5693 μέχρις
2656 5617 2820 5688 αὐτῆς
2850 5621 2947 5688 τῆς
2978 5618 3389 5678 Κωνσταντίνου
3420 5619 3606 5695 φθάνει

3743 350 3857 405 160
