4086 6210
253 331 355 385 161

438 450 544 506 Σὺν
577 453 648 525 τῇ
683 451 908 524 στρατιᾷ
936 447 1029 502 καὶ
1061 445 1172 518 λεῲ
1201 446 1460 517 κατηκόῳ

251 544 399 598 4115
443 537 632 610 Μηδὲν
666 538 993 611 νεοχμὼσας
1022 557 1073 590 τι
1105 535 1212 590 τῶν
1249 536 1616 609 συγκειμένων
1647 555 1660 569 ·

440 633 560 706 Ἀφ’
596 631 658 684 οὗ
687 649 750 702 γε
779 626 1031 702 πορθμὸν
1067 625 1456 699 έκπεράσαντες
1487 625 1659 700 τάχος

440 722 672 775 ’Ήνυτον
693 717 869 771 αὐτῶν
901 715 995 770 τὸν
1029 715 1385 790 προκείμενον
1415 712 1642 787 δρόμον.

441 811 504 866 '0
538 805 584 862 δ’
611 807 986 880 αὐτοκράτωρ.
1021 804 1290 878 κεκρικὼς
1323 804 1454 857 εἶναι
1489 801 1605 858 δέον

449 899 528 952 Δι’
561 897 900 971 ὑγροχέρσου
935 895 1046 966 (54)
1081 898 1332 965 στρατιᾶς
1365 890 1654 967 ῥωμαλέας

264 992 411 1046 4120
451 989 897 1060 Ἐπιστρατεῦσαι
927 986 996 1055 τῇ
1027 980 1378 1056 Κερκυραίων
1409 981 1566 1058 ἄκρᾳ,

445 1078 538 1130 Ἐκ
574 1071 810 1137 Σικελῆς
839 1072 1168 1147 προσφάτως
1197 1070 1496 1144 ναυαρχίας

447 1164 755 1236 Ύποστάσῃ
789 1159 1059 1235 πόρθησιν
1089 1158 1140 1228 ἐξ
1173 1153 1456 1229 ἀϐουλίας,

438 1253 583 1326 Πρὸς
612 1252 762 1306 τοῦτ’
791 1247 1154 1324 ἀπησχόλητο
1185 1248 1376 1309 νυκτὸς
1410 1248 1621 1323 ἡμέρας
1655 1268 1668 1280 ·

437 1341 545 1397 Καὶ
579 1339 870 1399 συναλίσας
902 1339 1153 1411 στρατιὰν
1187 1336 1524 1411 πανταχόθεν

257 1435 398 1489 4123
445 1430 795 1504 Φρίσσουσαν
828 1427 1061 1502 αἰχμαῖς
1095 1428 1458 1499 μυριάριθμον
1493 1425 1670 1494 ξένην,

441 1517 743 1574 Χιλιόναυν
774 1516 967 1570 στόλον
999 1536 1057 1570 τε
1088 1516 1223 1589 πρὸς
1249 1520 1371 1577 τοῖς
1400 1513 1446 1568 δ’
1477 1512 1706 1577 ὁπλίτας

440 1608 588 1680 Πρὸς
619 1613 783 1674 νῆσον
818 1602 1130 1677 ἐστράτευσε
1157 1603 1255 1670 τὴν
1286 1607 1395 1656 τῶν
1426 1604 1703 1669 Φαιάκων,

445 1697 546 1750 Καὶ
577 1691 700 1767 τῇδ’
733 1693 920 1770 iam;
949 1694 1047 1753 τας
1074 1689 1331 1764 δυνάμεις
1358 1690 1642 1764 κυκλόθεν,

442 1785 546 1841 Καὶ
583 1787 909 1856 κατακρατεῖ
936 1778 1099 1849 τῆσδε
1126 1779 1279 1852 λιμῷ
1307 1781 1394 1834 καὶ
1426 1779 1517 1855 βίᾳ
1549 1800 1562 1812 ·

262 1876 409 1930 4130
446 1874 556 1928 Καὶ
580 1869 951 1945 τρισαριστεῦς
975 1869 1308 1943 Πελαγανίαν
1341 1870 1524 1946 φθάνει
1563 1889 1575 1901 ⁸

447 1963 566 2037 Ἀφ’
597 1963 661 2028 ἧς
693 1957 934 2013 έπελθὼν
967 1953 1266 2032 Τριϐαλοῖς
1295 1959 1475 2028 ὥσπερ
1509 1956 1646 2012 λέων

443 2047 690 2109 Σπονδάς
722 2045 1008 2101 διαλόσασι
1035 2049 1128 2108 τὰς
1163 2047 1530 2122 συγκειμένας,

446 2139 545 2193 Καὶ
575 2137 887 2209 Ῥωμαϊκὰς
919 2133 1245 2210 καταδῃοῦσι
1276 2132 1488 2198 πόλεις.

446 2229 776 2301 Βρυχήματι
811 2229 943 2302 σφᾶς
975 2223 1280 2295 κατέπληξε
1308 2227 1397 2279 καὶ
1433 2225 1584 2298 μόνῳ
1615 2245 1626 2256 ·

266 2319 410 2376 4135
452 2316 608 2370 Λείαν
645 2317 688 2378 θ’
722 2312 918 2376 ἐλάσας
945 2313 1032 2368 καὶ
1062 2313 1480 2390 λαφυραγωγίαν

453 2409 687 2468 Ἐκεῖθεν
723 2402 1004 2476 ἀμύθητον
1038 2404 1133 2475 ἅμ’
1164 2401 1540 2478 ἀνδραπόδοις,

449 2492 594 2564 Πρός
612 2495 710 2560 τήν
748 2490 1138 2566 βασιλεύουσαν
1172 2491 1591 2567 ἀνθυποστρέωει
1621 2513 1633 2524 ·

450 2582 596 2640 Κάπὶ
627 2580 872 2654 τροπαίῳ
901 2581 1200 2655 προσφάτῳ
1231 2581 1316 2634 καὶ
1349 2586 1416 2654 τῇ
1447 2580 1568 2655 νίκῃ

454 2673 740 2744 Κατήγαγε
772 2664 1043 2741 θρίαμϐον
1072 2668 1124 2722 ἐν
1154 2668 1289 2743 μέσῃ
1322 2671 1504 2728 πόλει.

270 2764 412 2818 4140
449 2762 610 2834 "Apr:
642 2755 688 2811 δ’
719 2755 1174 2828 ὑπεκλάμποντος
1203 2758 1339 2832 ἦρος
1372 2759 1460 2812 καὶ
1493 2759 1674 2830 πάλιν,

453 2849 617 2917 Ἀναξ
650 2847 844 2917 ἐπέστη
881 2846 1216 2921 Πελαγονίας
1248 2848 1464 2919 τόποις,

451 2939 547 2992 Καὶ
582 2931 1023 3012 Τριϐαλλάρχην
1057 2933 1282 3011 Οὕρεσιν
1314 2939 1650 3014 κακεργάτην

451 3028 708 3083 Μέτεισεν
739 3023 891 3088 αὖθις
921 3026 1056 3079 κατά
1076 3025 1360 3098 Ῥωμαίων
1394 3025 1538 3081 ὅπλα

453 3119 722 3171 Κινοῦντα
751 3118 932 3175 κακῶς
970 3111 1215 3168 Παιόνων
1249 3115 1540 3191 συμμαχίᾳ
1574 3138 1586 3149 ’

266 3208 410 3263 4145
445 3206 597 3259 "tl-71‘
622 3203 1068 3278 ἀναθαρσήσαντα
1089 3204 1231 3257 ’κατὰ
1265 3202 1530 3273 συστάδην

446 3295 555 3360 Τήν
587 3293 724 3366 πρὸς
752 3297 1056 3366 κρατοῦντα
1089 3293 1164 3364 μὴ
1198 3299 1527 3362 κατοκνῆσαι
1567 3296 1774 3369 μάχην.

451 3382 602 3443 Τέως
640 3379 900 3456 βασιλεὺς
938 3378 1276 3453 συμπλακείς
1305 3402 1453 3460 σφισι
1489 3384 1642 3458 μάχῃ

453 3472 728 3545 Τρόπαιον
762 3471 884 3539 ἱστᾷ
911 3470 1045 3524 κατὰ
1079 3465 1366 3546 βαρϐάρων
1401 3470 1555 3547 μέγα,

451 3562 522 3616 ⁸Ὀ
549 3561 598 3613 τ’
631 3558 1065 3634 Ἀρχιζουπάνος
1098 3580 1160 3633 γε
1189 3558 1385 3628 κλῆσιν
1422 3563 1697 3636 Βακχῖνος

274 3651 419 3706 4150
457 3647 627 3719 Mdqu
662 3648 878 3721 βασιλεῖ
906 3649 1020 3701 κατ’
1052 3645 1343 3724 ἐπιλέγδην
1381 3649 1545 3721 μόνος

452 3738 636 3810 Μέγας
663 3757 717 3790 τε
749 3739 888 3811 φυὴν
920 3738 1007 3790 καὶ
1047 3737 1374 3812 Βριαρόχειρ
1405 3739 1580 3814 γίγας,

453 3823 664 3887 Ἄλλος
696 3823 896 3879 Γολιαθ
929 3825 1234 3902 ὑπέροφρυς
1263 3823 1390 3888 τδυς
1421 3828 1655 3902 τρόπους

447 3917 672 3970 υΑνακτι
704 3908 870 3967 Δαϐὶδ
901 3914 1036 3985 πρὸς
1073 3915 1258 3989 μάχην
1293 3918 1601 3987 συνεπλάκη
1625 3935 1636 3949 ·

450 4002 549 4056 Καὶ
583 3999 688 4073 θλᾷ
718 4002 1114 4076 παραπέτασμα
1145 4001 1402 4076 σιδηροῦν
1434 4006 1664 4079 κράνους

268 4093 412 4148 4155
451 4092 530 4148 Τὸ
561 4090 666 4163 πρὸ
698 4091 996 4165 προσώπου
1031 4086 1303 4166 βάρϐαρος
1329 4091 1542 4166 πλήξας
1567 4094 1707 4171 ξίφει
1734 4116 1745 4127 ·

453 4181 618 4252 Ἀναξ
651 4177 708 4234 δὲ
738 4178 981 4253 διέπειρε
1013 4175 1292 4254 βαρϐάρου
1323 4183 1458 4257 χέρα

449 4273 672 4343 Τριχῶν
702 4289 762 4324 τε
784 4273 978 4323 τοῦτον
1012 4270 1222 4346 εὐφυῶς
1256 4267 1638 4345 δεδραγμένος,

451 4361 639 4410 Ζῶντα
669 4362 893 4430 στρατιᾷ
921 4356 1134 4431 ταχέως
1167 4358 1481 4433 παριστάνει
1518 4379 1530 4391 ·

450 4447 548 4499 Καὶ
588 4441 922 4520 βαρϐαρικοῦ
954 4443 1299 4510 διαλυθέντος
1331 4447 1576 4524 στίφους,

266 4538 412 4592 4160
452 4536 630 4606 Νίκην
658 4537 1035 4612 ἀπηνέγκαντο
1067 4543 1329 4610 Ῥωμαῖοι
1362 4539 1545 4598 πάλιν.

457 4626 577 4681 ’Έτι
612 4622 656 4678 δ’
689 4623 926 4700 ἱδρῶτας
961 4627 1228 4695 Μανουὴλ
1265 4627 1451 4703 μάχης
1482 4629 1656 4707 φέρων

453 4710 584 4771 Οὐδ’
615 4713 892 4786 ἐκτινάξας
921 4719 1016 4769 τοῦ
1048 4717 1346 4790 προσώπου
1376 4721 1472 4786 τήν
1505 4715 1678 4788 κόνιν,

461 4804 695 4858 Ἐκεῖθεν
730 4802 1014 4878 ἐξώρμησε
1041 4805 1176 4859 κατὰ
1208 4807 1472 4874 Παιόνων,

449 4888 722 4965 ’Έγκλημ’
749 4889 966 4965 ἐπάγων
1001 4893 1145 4962 σφίσι
1178 4894 1275 4960 τὴν
1308 4894 1627 4968 συμμαχίαν

267 4982 411 5036 4165
449 4980 565 5047 Τὴν
595 4980 732 5053 πρὸς
759 4975 1067 5054 Τριϐαλους
1098 4982 1419 5054 Ῥωμαϊκῶν
1459 4987 1578 5047 καθ’
1599 4984 1739 5060 ὅρων
1771 5004 1783 5017 ’

453 5063 697 5122 Σάουϐον
734 5067 937 5123 οὐκοῦκ
965 5068 1261 5144 ἐκπερασας
1295 5071 1369 5132 ὡς
1403 5068 1521 5125 δέον

453 5156 887 5231 Φραγγοχωρίῳ
913 5154 1002 5211 καί
1034 5158 1318 5233 Ζευγμίνῳ
1344 5164 1413 5234 τῇ
1449 5158 1610 5215 πόλει

457 5247 822 5299 Ἐπεισπεσὼν
857 5242 1031 5321 ἔκειρε
1057 5248 1229 5304 πάντα
1254 5248 1318 5302 τὰ
1347 5249 1524 5324 πέριξ,

452 5333 707 5397 Κάκεῖθεν
739 5333 1026 5404 ἀπήλασεν
1059 5335 1206 5391 λείαν
1244 5337 1464 5413 μυρίαν,

257 5423 406 5477 4170
448 5422 553 5477 Καὶ
585 5420 830 5478 πλοῦτον
865 5421 980 5478 εἷλε
1008 5426 1097 5478 καὶ
1126 5423 1339 5502 λάφυρα
1369 5427 1460 5482 καὶ
1494 5427 1668 5484 σκύλα
1699 5450 1711 5464 δ

334 5551 452 5618 (54)
483 5549 564 5605 De
597 5550 778 5630 bujus
809 5552 1079 5606 vocabuli
1113 5556 1378 5630 novitate
1401 5628 1408 5630 ξ
1431 5562 1487 5630 et
1547 5558 1930 5630 ambiguitate

249 5622 383 5692 jam
418 5623 625 5678 monui
663 5625 940 5678 lectorem
991 5640 1046 5677 v.
1109 5626 1289 5694 3875;
1359 5628 1453 5682 ubi
1513 5622 1924 5702 etymologiam

1789 329 2154 384 ΟΛΕΒΔΒΕΒ.

1952 456 2002 520 Α
2035 465 2170 506 cum
2205 451 2331 507 suis
2361 453 2544 525 copiis
2565 455 2900 529 populoque
2933 461 3195 533 subdito,

2029 555 2134 594 nec
2166 544 2374 611 prater
2405 542 2592 599 foedus
2623 546 2946 618 quidquam
2971 557 3058 607 est
3089 555 3347 614 molitus.

2028 628 2217 698 Atque
2244 629 2380 684 hinc
2411 633 2659 701 trajecto
2690 636 2815 691 sine
2850 654 3012 694 mora
3042 641 3213 711 freto,

2028 723 2372 788 susceptum
2404 736 2576 790 porro
2609 725 3029 784 continuarunt
3061 732 3193 787 iter.

2025 804 2159 860 .lam
2193 806 2514 877 imperator
2543 815 2942 871 necessarium
2970 819 3250 888 judicans

2029 911 2161 950 cum
2190 901 2547 968 praepotente
2577 900 2886 974 validoque
2915 910 3172 966 exercitu

2027 986 2177 1039 ferre
2207 987 2513 1057 suppetias
2540 990 2654 1044 arci
2679 991 3011 1065 Corcyram,

2028 1088 2159 1143 quae
2186 1091 2374 1145 nuper
2404 1076 2632 1132 cladem
2667 1096 2699 1134 a
2731 1081 2928 1139 Sicula
2958 1085 3146 1144 classe

2027 1162 2098 1218 ob
2126 1163 2356 1218 consilii
2388 1165 2847 1237 imprudentiam
2881 1189 3053 1244 passa
3080 1178 3270 1235 fuerat
3301 1201 3314 1250 ;

2027 1250 2164 1306 huic
2197 1269 2351 1308 cura:
2382 1255 2482 1309 diu
2513 1263 2808 1329 noctuque
2839 1264 3103 1322 intentus
3135 1275 3259 1324 erat
3293 1289 3305 1324 :

2028 1345 2086 1395 et
2116 1348 2467 1413 congregato
2501 1348 2890 1421 undecunque
2920 1355 3176 1412 exercitu

2028 1430 2208 1484 armis
2239 1429 2513 1488 horrifico
2545 1434 2858 1495 innumero
2892 1443 3040 1499 miro

2026 1522 2082 1573 et
2108 1518 2270 1574 mille
2301 1521 2542 1577 navium
2575 1524 2761 1582 classe
2792 1531 2968 1599 plena
2996 1533 3214 1606 milite;

2027 1622 2158 1661 cum
2180 1607 2274 1662 his
2307 1612 2556 1666 accessit
2586 1615 2656 1667 ad
2688 1616 2995 1675 Phaeacum
3023 1623 3276 1682 insulam

2025 1713 2273 1769 eamque
2304 1699 2526 1756 viribus
2549 1704 2807 1776 undique
2834 1709 3246 1784 circumdedit,

2027 1790 2083 1841 et
2110 1787 2262 1842 fame
2293 1789 2530 1844 demum
2565 1792 2735 1864 vique
2763 1796 3090 1854 debellavit.

2026 1875 2150 1930 Mox
2179 1877 2360 1932 victor
2392 1879 2548 1934 venit
2578 1881 2634 1935 in
2669 1882 3070 1956 Pelagoniam,

2027 1963 2181 2017 unde
2211 1964 2497 2022 Triballos
2524 1969 2740 2025 invasit
2771 1989 2875 2027 ceu
2907 1974 3019 2045 leo,

2025 2051 2125 2122 qui
2159 2052 2349 2110 foedus
2379 2060 2512 2112 ante
2543 2057 2752 2114 initum
2781 2060 3171 2135 irritaverant,

2027 2146 2202 2213 atque
2233 2142 2510 2200 Romanis
2545 2147 2789 2205 urbibus
2824 2153 3054 2209 molesti
3087 2163 3275 2213 erant.

2031 2231 2144 2285 llos
2165 2246 2300 2303 ergo
2333 2236 2538 2290 terruit
2569 2236 2652 2291 vel
2686 2237 2810 2294 solo
2843 2243 3037 2314 rugitu
3065 2261 3079 2312 ;

2029 2327 2082 2375 et
2114 2321 2364 2390 praedam
2397 2322 2530 2378 inde
2557 2326 2812 2382 referens
2837 2347 2903 2385 ac
2935 2335 3249 2391 manubias

2031 2409 2492 2468 innumerabiles
2522 2429 2656 2469 cum
2691 2419 3025 2492 mancipiis,

2031 2513 2237 2552 rursus
2269 2499 2342 2552 ad
2374 2500 2588 2570 regiam
2624 2504 2828 2564 urbem
2862 2510 3068 2578 pedem
3101 2514 3300 2570 retulit
3334 2535 3347 2585 ;

2033 2590 2208 2656 atque
2238 2589 2310 2642 ob
2343 2594 2634 2647 recentem
2670 2593 2924 2652 nobilem
2958 2600 3264 2660 victoriam

2034 2675 2144 2730 rite
2177 2675 2547 2749 triumphum
2584 2683 2778 2739 media
2808 2686 2952 2742 urbe
2983 2690 3119 2761 egit.

2035 2765 2185 2819 Tum
2220 2783 2446 2835 rursus,
2483 2785 2612 2825 vere
2644 2771 2734 2826 vix
2765 2790 2828 2828 se
2859 2778 3173 2850 aperiente,

2036 2853 2224 2909 adfuit
2251 2854 2442 2911 Caesar
2471 2858 2794 2930 Pelagoniae
2829 2865 3001 2921 terris

2035 2947 2092 2996 et
2119 2943 2509 3001 Triballorum
2543 2948 2870 3023 principem
2903 2953 3185 3024 injurium

2040 3030 2261 3087 Uresim
2295 3032 2546 3104 impetit,
2579 3038 2676 3106 qui
2702 3055 2889 3110 nuper
2917 3059 3083 3097 arma

2036 3120 2209 3176 sociis
2241 3123 2548 3178 Pteonibus
2573 3126 2629 3180 in
2665 3127 2958 3184 Romanos
2990 3139 3282 3189 moverat:

2035 3225 2214 3280 quare
2245 3215 2301 3264 et
2330 3211 2583 3266 audebat
2616 3215 2926 3271 manifesto
2960 3225 3145 3275 marte

2035 3314 2168 3352 cum
2198 3302 2397 3353 nostro
2428 3301 2650 3356 Caesare
2686 3319 2941 3374 pugnam
2978 3324 3092 3362 non
3129 3326 3422 3379 respuere.

2035 3386 2246 3442 Verum
2280 3394 2508 3458 patrato
2540 3405 2672 3444 cum
2710 3392 2984 3450 Barbaris
3017 3398 3238 3469 prazlio,

2035 3475 2357 3547 trophaaum
2392 3477 2600 3549 ingens
2629 3485 2831 3536 Caesar
2864 3488 3200 3554 reportavit.

2035 3565 2144 3620 Sed
2167 3565 2634 3637 Archizupanus,
2672 3570 2843 3642 vulgo
2877 3574 3231 3642 Baccbinus,

2033 3654 2334 3725 singulare
2366 3673 2501 3711 cum
2532 3661 2754 3715 Caesare
2787 3669 3083 3720 certamen

2033 3744 2312 3814 suscepit,
2349 3761 2560 3818 magna
2590 3750 2869 3819 praeditus
2907 3756 3302 3811 membrorum

2035 3831 2205 3901 mole,
2233 3837 2290 3888 et
2319 3833 2552 3890 Briareo
2586 3855 2692 3907 par
2722 3841 3074 3914 centimano,

2034 3920 2121 3976 vel
2147 3921 2314 3993 gigas
2341 3923 2571 3979 Goliath
2606 3928 2954 3997 superbiens
2983 3936 3042 3987 in
3076 3935 3376 3992 Davidem.

2033 4010 2324 4066 Barbarus
2354 4029 2490 4084 ergo
2522 4015 2956 4074 munimentum
2988 4025 3187 4092 galeae.

2032 4099 2116 4154 ori
2148 4105 2496 4170 praetentum
2529 4103 2794 4173 Caesaris,
2827 4124 2966 4163 ense
2999 4111 3216 4184 frangit
3244 4132 3258 4180 ;

2031 4192 2090 4242 at
2121 4204 2360 4244 manum
2395 4190 2626 4246 barbari
2661 4193 2853 4250 Caesar
2881 4199 3144 4270 conligit,

2031 4293 2284 4348 eumque
2316 4295 2484 4335 coma
2516 4281 2741 4338 fortiter
2771 4291 3127 4357 correptum,

2031 4366 2316 4437 perlrabit
2361 4367 2556 4424 vivum
2590 4371 2659 4426 ad
2692 4377 2961 4430 nostrum
2994 4377 3337 4434 exercitum.

2031 4457 2219 4521 Quare
2255 4456 2555 4514 barbarico
2587 4460 2875 4518 dissoluto
2904 4466 3158 4535 agmine,

1957 4555 2006 4620 Ι)
2037 4543 2281 4600 Romani
2315 4546 2506 4603 denuo
2530 4549 2790 4605 referunt
2823 4551 3146 4611 victoriam.

2039 4633 2272 4689 Manuel
2303 4636 2496 4691 adhuc
2529 4655 2738 4710 pugna:
2770 4642 3041 4697 sudorem
3077 4661 3307 4716 gerens,

2039 4723 2288 4778 necdum
2321 4725 2391 4780 de
2422 4725 2566 4782 facie
2598 4728 2838 4798 pulvere
2871 4731 3122 4798 deterso,

2039 4811 2200 4866 illinc
2235 4813 2290 4867 in
2323 4813 2561 4870 Paeonas
2596 4818 2900 4874 transtulit
2931 4823 3248 4879 exercitum

2035 4903 2256 4957 crimen
2291 4909 2524 4958 ulturus
2551 4905 2847 4962 societatis
2882 4909 3101 4966 bellicae

2039 5007 2216 5061 quam
2249 5008 2384 5046 cum
2416 4993 2689 5050 Triballis
2714 5003 2916 5052 contra
2948 5015 3052 5054 uos
3087 5001 3361 5058 inierant.

2037 5079 2186 5151 Ergo
2217 5082 2460 5150 trajecto
2491 5099 2624 5138 cum
2659 5085 2844 5156 copiis
2876 5087 3048 5153 Savo,

2039 5174 2096 5224 et
2129 5169 2613 5226 Francochorium
2637 5173 3098 5248 Zegminumque
3134 5180 3335 5235 urbem

2039 5273 2354 5330 occupans,
2386 5275 2556 5330 agros
2590 5278 3037 5333 quaquaversus
3068 5273 3329 5336 vastans,

2039 5345 2322 5418 illincque
2351 5347 2622 5405 abductis
2657 5350 2928 5422 plurimis
2963 5356 3286 5427 manubiis,

2039 5437 2250 5507 opibus
2283 5441 2490 5492 auctus
2523 5440 2834 5511 praedaque
2865 5449 3138 5512 onustus,

2038 5565 2274 5616 secutus
2307 5561 2366 5615 in
2420 5561 2859 5632 interpretando
2890 5583 3020 5622 sum
3053 5585 3066 5621 :
3101 5584 3258 5623 nunc
3299 5574 3491 5623 tamen
3542 5567 3685 5626 mihi

2040 5647 2280 5702 prorsus
2315 5633 2542 5689 videtur
2565 5635 2890 5706 epithetum
2927 5639 3278 5707 adjectivum
3301 5640 3683 5698 fortitudinis.

3578 349 3679 409 162
