4038 6214
399 312 501 366 163
1598 310 1642 362 E
1650 309 1915 364 ΡΗΚΕΜ
1925 309 1968 359 II

1598 309 1915 364 EPHRAZM
1925 309 1968 359 II
2009 305 2446 365 CHRONOGRA
2463 314 2578 366 PHI

396 452 665 493 reversus
693 441 749 490 et
776 433 847 493 ad
874 429 1102 503 imperii
1132 430 1523 500 metrowlizn,

397 524 649 581 nobilem
682 539 859 594 agens
889 536 992 592 per
1021 518 1227 574 urbem
1259 519 1653 591 triumphum,

394 620 596 686 captos
627 610 907 667 Triballos
938 612 1294 680 llunnosque
1319 610 1543 665 ducens

391 700 714 775 splendidis
743 698 897 771 togis
927 699 1199 755 decenter
1229 697 1490 769 indutos,

391 790 640 861 insignis
662 804 887 860 pompae
913 788 1131 843 mirum
1165 793 1601 844 ornamentum.

390 878 551 934 Brevi
581 876 883 932 intervallo
914 877 973 931 in
1007 876 1149 932 urbe
1169 877 1531 946 demoratus,

389 982 595 1022 rursus
626 965 915 1037 paeonium
950 963 1169 1021 bellum
1203 969 1293 1020 est
1321 980 1600 1037 egressus

389 1056 599 1121 Caesar,
625 1059 681 1109 et
703 1053 1000 1108 Serdicam
1034 1053 1237 1108 urbem
1273 1069 1461 1123 usque
1491 1052 1672 1119 venit,

386 1144 584 1215 ibique
614 1158 814 1214 pacem
846 1142 1117 1198 hostibus
1145 1148 1236 1198 est
1264 1141 1534 1213 largitus.

386 1232 555 1289 Illinc
585 1231 881 1304 profectus
908 1236 1109 1287 contra
1138 1230 1460 1286 Triballum
1485 1236 1797 1303 satrapam,

383 1322 534 1376 hunc
565 1321 623 1376 in
656 1321 863 1375 itinere
889 1324 1192 1392 tantopere
1222 1321 1524 1388 exterruit,

386 1414 448 1464 ut
476 1409 840 1465 obedientem
872 1410 1073 1465 fecerit
1098 1409 1343 1481 imperio
1368 1430 1382 1479 ;

384 1506 441 1555 et
473 1499 557 1555 sic
587 1500 929 1571 Byzantium
952 1500 1134 1555 redux
1163 1501 1320 1554 venit
1349 1499 1559 1555 (linear.

380 1591 489 1647 Sed
523 1605 654 1645 vere
684 1593 900 1656 exorto,
931 1587 1143 1644 iterum
1167 1604 1442 1659 egressus

384 1679 453 1733 ad
484 1676 806 1749 Pelagoniae
836 1682 1022 1733 terras
1048 1682 1235 1732 semet
1266 1676 1610 1733 transtulit:

378 1766 578 1838 ibique
607 1765 941 1837 intelligens
973 1765 1162 1821 moliri
1191 1765 1582 1837 tyrannidem,

376 1856 737 1925 Hunnosque
767 1855 839 1909 ad
869 1855 1087 1909 bellum
1119 1854 1496 1910 exstimulare

373 1942 737 2000 Comuenum
772 1943 1169 1997 Andronicum
1206 1949 1345 1996 tunc
1369 1947 1664 2013 regentem

374 2032 726 2088 Brenitzobze
759 2032 957 2087 thema
981 2036 1038 2085 et
1068 2030 1415 2103 Bellegradi,

332 2134 337 2139 ‘
373 2121 564 2177 ofticio
597 2121 829 2191 spoliat,
865 2121 1207 2190 catenisque
1238 2124 1517 2174 onustum

274 2280 281 2283 ι
373 2209 556 2264 mittit
585 2209 951 2278 Byzantium,
987 2208 1186 2278 ibique
1220 2208 1463 2262 mandat

368 2314 545 2369 quam
574 2298 872 2353 tutissimo
905 2314 1134 2353 carcere
1165 2296 1472 2352 custodiri.

367 2385 604 2442 Interim
628 2385 900 2458 princeps
932 2391 1230 2455 Paeonum,
1266 2386 1476 2441 violato

367 2476 597 2545 fmdere,
632 2481 817 2531 terras
839 2475 1179 2531 incursabat
1210 2490 1416 2529 omnes

369 2565 719 2620 Branitzoba:
744 2570 919 2635 atque
950 2563 1270 2633 Bellegradi
1308 2580 1320 2617 :

368 2655 467 2710 sed
496 2653 688 2709 Casar
719 2669 976 2724 praesens
1008 2654 1291 2706 damnum
1322 2652 1617 2722 perpessis

363 2742 497 2797 tulit
527 2742 829 2813 suppetias
855 2758 988 2796 cum
1021 2740 1328 2796 vindiciis:

365 2848 497 2887 mox
529 2832 599 2886 ad
635 2832 1001 2902 metropolim
1036 2830 1241 2901 pedem
1275 2829 1577 2896 referebat,

363 2921 707 2994 compositis
739 2920 964 2974 cunctis
991 2920 1049 2974 in
1084 2919 1381 2974 occidente
1414 2918 1609 2973 rebus.

362 3012 566 3068 Postea
595 3009 893 3065 transtulit
928 3008 1139 3064 bellum
1175 3009 1232 3063 in
1259 3007 1522 3064 Ciliciam
1553 3025 1566 3074 ;

360 3106 777 3173 pervectusque
806 3100 1065 3155 Adanam
1099 3104 1275 3170 atque
1297 3099 1568 3164 Tarsum,

360 3190 565 3245 harum
599 3188 834 3243 castella
862 3189 1212 3244 instauravit
1242 3188 1369 3253 rite,

358 3295 485 3349 qum
512 3277 772 3331 Romano
804 3277 1050 3345 imperio
1073 3278 1321 3332 obnoxia
1346 3280 1532 3343 erant,

357 3365 457 3420 sed
493 3380 678 3433 nuper
708 3382 740 3416 a
769 3364 986 3417 Toruse
1019 3370 1220 3418 vexata
1252 3365 1520 3428 fuerant;

355 3458 412 3509 et
441 3450 808 3506 Antiochiam
842 3468 1027 3520 usque
1059 3468 1404 3521 progressus
1435 3456 1541 3517 est,

355 3541 413 3595 iu
448 3556 626 3611 quam
658 3556 792 3594 cum
821 3540 945 3594 suis
977 3539 1322 3593 custodibus
1349 3542 1436 3592 est
1468 3541 1735 3607 receptus

354 3635 411 3685 et
442 3645 575 3684 cum
606 3628 830 3684 vexillis
857 3628 1032 3699 regiis
1064 3633 1127 3682 ut
1157 3628 1496 3697 imperator,

353 3719 555 3774 ell'usis
587 3719 815 3773 obviam
849 3724 1010 3774 extra
1040 3724 1238 3788 portas
1270 3718 1516 3783 civibus,

350 3807 519 3877 eique
541 3807 703 3862 valde
734 3807 1047 3878 gloriosam
1073 3806 1417 3861 curantibus

348 3898 650 3968 ingressus
686 3914 957 3968 pompam
982 3912 1116 3951 cum
1151 3898 1430 3951 secundis
1467 3896 1794 3967 plausibus.

353 3991 613 4057 Dumque
646 3986 726 4040 ibi
760 3990 956 4041 manet
988 3986 1215 4042 Manuel
1254 3985 1571 4056 imperator

347 4073 406 4127 in
440 4073 708 4129 ludorum
744 4090 929 4144 agone
962 4075 1219 4130 ostendit
1251 4074 1475 4130 civibus

347 4161 552 4217 validae
586 4180 796 4218 manus
827 4182 1000 4234 opera
1031 4165 1222 4219 virilia

350 4250 595 4306 heroicis
625 4252 801 4322 digna
834 4269 1244 4324 generosaeque
1277 4254 1512 4319 indolis,

344 4344 652 4395 contorum
680 4340 1110 4395 certaminibus
1138 4343 1376 4395 vincens
1408 4343 1643 4412 equites

345 4427 578 4484 Italicos
606 4428 912 4482 hastarum
948 4428 1118 4483 laude
1144 4428 1414 4499 inclytos.

344 4519 437 4574 Sic
471 4517 834 4572 fortitudinis
867 4516 1108 4572 indiciis
1140 4516 1313 4572 editis

345 4611 521 4679 atque
545 4606 848 4678 prudentis
878 4606 935 4659 in
971 4607 1182 4677 praetiis
1217 4605 1453 4675 peritiae,

345 4696 555 4767 suique
588 4696 976 4750 admiratione
1007 4696 1319 4761 concitata,

344 4787 415 4841 ad
449 4785 814 4841 Constantini
850 4785 1021 4839 rediit
1044 4785 1241 4839 urbem
1278 4784 1548 4855 patriam.

343 4872 503 4930 Idem
535 4878 863 4928 consortem
901 4874 1011 4927 tori
1045 4873 1472 4944 atqueiinperii

345 4961 589 5017 duxerat
622 4963 806 5017 forma
831 4961 1107 5034 inclytam
1142 4961 1398 5032 puellam

344 5050 661 5107 Antiochia:
701 5059 937 5124 satrapa
971 5056 1317 5123 prognatam

344 5140 618 5196 I’etebino
651 5142 845 5212 equite
877 5157 945 5196 ex
977 5140 1146 5195 Italia
1179 5158 1191 5195 :

344 5243 553 5299 nempe
584 5230 721 5301 quia
756 5229 1004 5301 primum
1038 5230 1347 5300 conjugem
1381 5230 1658 5287 amiserat

342 5333 414 5373 ex
444 5316 786 5374 Alamaanis
818 5319 1075 5389 genitam
1104 5319 1489 5389 principibus.

340 5404 532 5480 Atque
558 5407 679 5463 haec
706 5408 1043 5479 hujusmodi
1080 5409 1288 5462 sortita
1321 5414 1460 5463 sunt
1492 5410 1737 5467 exitum.

2066 433 2115 492 A

2057 1794 2097 1856 Β

2024 3155 2066 3219 C

2028 4517 2074 4579 Ι)

2333 432 2425 487 Καὶ
2457 432 2775 491 «almae-.5?
2808 436 2940 511 πρὸς
2972 436 3228 513 βασιλίδα
3256 438 3446 511 πόλιν,

2318 522 2418 577 Καὶ
2454 521 2669 599 κατάγει
2703 520 2972 598 θρίαμϐον
3001 522 3131 597 εἰὶση
3145 548 3243 600 μον
3275 527 3438 585 πόλει

2319 610 2708 685 Δορυαλώτους
2743 610 3085 688 Τριϐαλοὺς,
3115 613 3355 679 Οὕννους
3387 618 3555 693 ἄγων,

2319 697 2530 762 Στολὰς
2553 700 2848 780 τιμαλφεῖς
2878 703 3088 779 εὐφυῶς
3116 704 3460 778 ἡσθημὲνους

2139 786 2281 843 4175
2319 791 2553 860 Πομπήν
2587 792 2633 845 θ’
2666 792 3050 869 ὑπεξαίροντας
3075 793 3252 849 αὐτῶν
3284 798 3351 868 τῇ
3383 794 3477 866 θέᾳ
3502 815 3516 828 ⁸

2317 878 2514 955 Καιρὸν
2549 876 2606 935 δὲ
2639 881 2847 956 βραχὺν
2881 879 3221 957 ἐνδιατρίψας
3252 883 3414 939 πόλει

2317 966 2719 1043 Ἐπιστρατεύει
2754 969 2972 1025 Παίοσιν
3006 969 3160 1034 αὖθις
3192 969 3338 1044 ἅναξ,

2313 1056 2420 1111 Καὶ
2450 1058 2585 1131 πρὸς
2619 1055 3225 1137 Σαρδικήννάφικνεῖται
3256 1060 3444 1130 πόλιν,

2312 1145 2477 1201 Κάκεῖ
2505 1149 2692 1221 παρὼν
2719 1149 2923 1204 τέθεικε
2952 1144 3249 1221 συμϐάσεις
3278 1150 3479 1224 σφίσιν.

2137 1236 2274 1291 4180
2314 1240 2500 1310 Χωρεῖ
2529 1233 2574 1289 δ’
2605 1234 2803 1291 ἐκεῖθεν
2834 1237 2968 1311 πρὸς
3001 1232 3294 1313 Τριϐαλῶν
3328 1241 3626 1313 σατράπην,

2313 1323 2416 1381 Καὶ
2447 1320 2595 1379 τόνδ’
2625 1323 2756 1379 ὁδοῦ
2786 1327 3057 1401 πάρεργον
3091 1324 3350 1402 ἔντρομον
3386 1325 3603 1402 δράσας,

2310 1413 2595 1483 Πειθήνιόν
2621 1435 2681 1468 τε
2708 1418 2787 1485 τῷ
2816 1416 2997 1488 κράτει
3026 1419 3137 1469 τῶν
3166 1416 3420 1472 Αὐσόνων

2308 1503 2449 1576 Πρὸς
2479 1504 2578 1571 τήν
2612 1502 3004 1576 βασιλεύουσαν
3039 1502 3224 1558 εἴσεισι
3257 1503 3421 1561 πόλιν
3453 1522 3467 1536 ·

2306 1592 2481 1666 Ἦρος
2514 1588 2560 1646 δ’
2593 1590 2999 1665 ἐπιλάμποντος
3029 1589 3187 1663 ἔξεισι
3220 1592 3409 1661 πάλιν,

2129 1681 2268 1736 4185
2307 1681 2407 1736 Καὶ
2440 1680 2577 1755 πρὸς
2606 1678 2765 1735 πεδία
2795 1680 3124 1755 Πελαγονίας
3151 1681 3337 1760 φθάνει
3368 1704 3381 1716 ο

2307 1768 2473 1823 Κάκεῖ
2502 1766 2755 1844 διαγνοὺς
2788 1768 3148 1843 βασιλειῶντα
3178 1768 3328 1843 δόλῳ

2305 1854 2546 1918 Οὕννους
2569 1861 2614 1912 τ’
2646 1855 3003 1935 ἐπαλείφοντα
3032 1858 3167 1932 πρὸς
3197 1857 3514 1936 ξιφουλκίαν

2302 1946 2586 2018 Κομνηνὸν
2619 1945 2960 2018 Ἀνδρόνικον
2991 1947 3235 2022 ἄρχοντα
3261 1948 3386 2003 τότε

2299 2030 2663 2109 Βρανιτζόϐης
2694 2035 2929 2108 θὲματος
2959 2036 3051 2091 καὶ
3081 2033 3504 2111 Βελλαγράδων,

2121 2125 2262 2181 4190
2299 2124 2564 2181 Ἔπαυσεν
2589 2125 2791 2200 ἀρχῆς,
2824 2125 2914 2180 καὶ
2940 2124 3218 2201 καθείρξας
3249 2124 3300 2180 ἐν
3332 2123 3521 2188 πέδαις

2296 2211 2523 2286 Δέσμιον
2554 2211 2867 2269 ἀπέστειλεν
2893 2213 2946 2268 ἐν
2980 2212 3285 2283 Βυζαντίδι,

2295 2301 2393 2356 Καὶ
2425 2300 2641 2379 φυλακῇ
2673 2299 2902 2357 δέδωκεν
2936 2302 3340 2379 ἀσφαλεστάτῃ.

2294 2391 2391 2446 Καὶ
2420 2395 2719 2461 τηνικαῦτα
2748 2391 2999 2447 Παιόνων
3032 2391 3349 2465 ἀρχηγέτης

2296 2477 2544 2542 Σπονδᾶς
2575 2478 2824 2543 λελυκὼς
2854 2478 3162 2557 κατέδραμε
3193 2482 3375 2557 χωρία

2116 2570 2255 2627 4195
2293 2564 2664 2643 Βρανιτζόϐης
2691 2570 2971 2642 ξύμπαντα
2998 2570 3089 2624 καὶ
3116 2567 3512 2646 Βελλεγράδων
3546 2589 3559 2602 ·

2295 2658 2447 2721 Τέως
2469 2658 2689 2721 ἐπιστὰς
2721 2658 2976 2734 βασιλεὺς
3006 2658 3389 2732 κακουμένοις,

2287 2749 2526 2820 ’Ήμυνεν
2556 2747 2741 2810 αὐτοῖς
2775 2749 2850 2810 ὡς
2882 2747 2934 2802 ἐν
2962 2747 3251 2822 παρουσίᾳ,

2288 2835 2389 2892 Καὶ
2420 2836 2556 2910 πρὸς
2590 2835 2975 2911 βασιλεύουσαν
3007 2834 3454 2911 ἀνθυποστρέφει,

2287 2923 2362 2981 Εὖ
2392 2924 2687 3000 πράγματα
2718 2925 2828 2987 θεὶς
2855 2926 3028 2980 πάντα
3051 2925 3119 2980 τὰ
3146 2925 3286 2999 πρὸς
3316 2921 3539 2999 ἑσπέραν
3560 2943 3573 2955 ·

2108 3015 2249 3070 4200
2284 3013 2381 3067 Καὶ
2413 3013 2604 3069 λοιπὸν
2639 3014 2951 3089 ἐστράτευσε
2978 3014 3115 3089 πρὸς
3146 3013 3398 3071 Κιλικίαν
3431 3032 3445 3045 ·

2284 3101 2378 3166 Εἷς
2407 3100 2639 3159 ’Ἄδαναν
2673 3101 2764 3157 οὖν
2792 3102 2881 3158 καὶ
2912 3103 3121 3178 Ταρσὸν
3150 3102 3448 3180 ἀφιγμένος

2282 3191 2378 3245 Καὶ
2402 3188 2588 3246 ταῖσδε
2615 3193 2681 3247 τὰ
2709 3193 2978 3264 πρόσοικα
3006 3190 3216 3266 θάλψας
3246 3193 3323 3255 ὡς
3352 3188 3471 3247 δεον

2277 3281 2516 3350 Ὑπήκοα
2548 3279 2780 3358 φρούρια
2806 3280 3094 3354 Ῥωμαίων
3125 3282 3311 3356 κράτει

2284 3371 2571 3445 Πάσχοντα
2601 3376 2781 3433 κακῶς
2813 3372 2950 3445 πρὸς
2981 3370 3235 3447 Τορούσῃ
3269 3373 3378 3445 (55)
3408 3371 3490 3443 τῷ
3517 3372 3643 3427 τότε

2102 3462 2243 3517 4205
2280 3460 2377 3515 Καὶ
2413 3458 2578 3534 μέχρι
2610 3458 2866 3533 λαμπρᾶς
2898 3459 3234 3534 Ἀντιοχείας
3260 3460 3464 3535 φθάνει,

2278 3551 2380 3611 Ἧς
2409 3546 2559 3604 ἔνδον
2595 3548 2855 3619 εῗσήλασε
2884 3549 2977 3603 σὺν
3011 3546 3337 3625 δορυφόροις

2279 3639 2383 3694 Καὶ
2414 3639 2764 3713 παρασήμοις
2797 3639 3107 3713 βασιλικοῖς
3140 3639 3213 3699 ὡς
3250 3639 3468 3712 κράτωρ

2278 3727 2677 3802 Διεκχυθέντων
2710 3726 2770 3781 ἐκ
2796 3725 2987 3783 πυλῶν
3021 3726 3326 3801 οἰκητόρων

2277 3816 2375 3871 Καὶ
2408 3815 2780 3871 σκευασάντων
2808 3812 3102 3892 φιλότιμόν
3140 3816 3192 3869 οἰ.
3224 3815 3346 3871 λίαν

2102 3909 2241 3962 4210
2279 3903 2573 3978 Πομπαίαν
2608 3903 2901 3960 εῗσὲλευσιν
2932 3903 3204 3982 εὐφήμοις
3235 3904 3476 3980 κρότοις.

2277 3995 2444 4051 Ἔνθα
2474 3990 2671 4069 διάγων
2707 3992 2977 4061 Μανουὴλ
3005 3991 3356 4068 αὐτοκράτωρ

2279 4086 2364 4141 Ἐν
2388 4079 2608 4144 παιδιᾶς
2641 4079 2880 4156 δὲδειχεν
2908 4080 3073 4155 ἀγῶνι
3105 4081 3282 4159 σφίσιν

2275 4169 2545 4247 Ἀνδρείας
2575 4164 2709 4245 ἔργα
2736 4170 2827 4224 καὶ
2858 4170 3021 4245 χερὸς
3045 4168 3358 4246 ῥωμαλέοις,

2276 4262 2520 4333 Ἡρωϊκῇ
2553 4260 2830 4335 πρέποντα
2855 4258 3076 4334 γενναίᾳ
3104 4258 3258 4337 φύσει

2102 4353 2198 4407 421
2281 4353 2508 4407 Κοντῶν
2542 4346 2806 4421 ἁμίλλαις
2834 4347 3121 4418 ἐκνικήσας
3151 4345 3385 4410 ἱππότας

2275 4436 2593 4501 Ἰταλιώτας
2623 4437 2942 4513 ἀγερώχους
2973 4438 3110 4513 πρὸς
3139 4435 3291 4511 δόρυ.

2282 4523 2575 4601 Εὐανδρίαις
2609 4525 2751 4581 οὕτω
2778 4524 2837 4581 δὲ
2867 4523 3038 4595 δείξας
3066 4526 3129 4580 τὸ
3163 4524 3349 4589 σθίνος

2278 4614 2600 4687 Ἐμπειρίαν
2631 4636 2687 4670 τε
2718 4615 2938 4683 συνετὴν
2971 4615 3070 4684 τὴν
3098 4613 3150 4670 ἐν
3187 4618 3394 4688 μάχαις

2276 4705 2373 4761 Καὶ
2406 4703 2680 4777 θαύματος
2712 4703 3022 4776 ξύμπαντας
3053 4701 3342 4777 ἐμπλήσας
3373 4700 3498 4774 ἄναξ

2097 4794 2236 4849 4220
2274 4789 2459 4849 ΟΥκαδ⁹
2493 4790 2798 4861 ἐπανὲζευξε
2827 4790 2963 4864 πρὸς
2989 4789 3420 4847 Κωνσταντίνου.

2274 4883 2539 4938 Κοινωνὸν
2573 4881 2729 4943 οὗτος
2754 4886 2851 4937 τοῦ
2884 4880 3085 4956 λέχους
3116 4880 3204 4936 καὶ
3232 4885 3329 4935 τοῦ
3368 4879 3604 4954 κράτους

2271 4975 2490 5047 Ἕγημε
2515 4968 2725 5034 κάλλος
2754 4969 3188 5046 εὐπρεπεστάτην
3219 4969 3388 5045 κόρην

2275 5060 2613 5137 Ἀντιοχείας
2645 5060 2922 5136 σατράπου
2954 5062 3220 5135 θυγατέρα

2276 5149 2593 5209 Ἰταλιώτου
2618 5143 2908 5205 Πετεϐίνου
2939 5148 3176 5203 ἱππότου
3212 5166 3225 5180 ·

2100 5242 2240 5297 4225
2281 5240 2509 5313 Πρώτην
2539 5238 2788 5295 σύνευνον
2821 5232 3115 5293 ἀποϐαλὼν
3142 5235 3356 5310 θανάτῳ

2279 5329 2365 5399 Ἐξ
2400 5325 2725 5399 Ἀλαμανῶν
2757 5327 3003 5401 ἀρχικῶν
3037 5324 3199 5382 οὖσαν
3231 5324 3444 5400 γένους.

2278 5417 2463 5471 Ταῦτα
2495 5414 2588 5487 μὲν
2621 5412 2726 5469 ὦδε
2757 5413 3093 5490 συνέκυρσεν,
3122 5416 3196 5477 ὡς
3224 5411 3356 5494 ἔφην
3385 5432 3397 5446 ·

413 5635 525 5707 (55)
550 5633 630 5691 De
659 5634 879 5690 Toruse
908 5632 1181 5687 Armenio
1221 5632 1452 5689 Nicetes
1475 5634 1755 5693 Cboniata
1775 5596 1931 5698 .Hist.
1968 5660 2054 5715 III,
2086 5645 2138 5703 1.

3698 321 3802 373 liii
