  <div class='ocr_page' id='page_1' title='image "/cluster/home/n/w/nwhite01/storage/ocr_20150623/143/hvd.32044073502585/088.png"; bbox 0 0 4086 6210; ppageno 0'>
   <div class='ocr_carea' id='block_1_1' title="bbox 77 53 624 148">
    <p class='ocr_par' dir='ltr' id='par_1_1' title="bbox 77 53 624 148">
     <span class='ocr_line' id='line_1_1' title="bbox 77 53 624 148; baseline 0 0"><span class='ocrx_word' id='word_1_1' title='bbox 77 53 624 148; x_wconf 54' lang='grc' dir='ltr'>“·“τ’</span> 
     </span>
    </p>
   </div>
   <div class='ocr_carea' id='block_1_2' title="bbox 217 334 2112 391">
    <p class='ocr_par' dir='ltr' id='par_1_2' title="bbox 217 334 2112 391">
     <span class='ocr_line' id='line_1_2' title="bbox 217 334 2112 391; baseline -0.003 0"><span class='ocrx_word' id='word_1_2' title='bbox 217 339 321 391; x_wconf 75' lang='grc'>165</span> <span class='ocrx_word' id='word_1_3' title='bbox 1749 334 2112 388; x_wconf 64' lang='grc' dir='ltr'>ΟᾸίὸΑΙὶΕΞ.</span> 
     </span>
    </p>
   </div>
   <div class='ocr_carea' id='block_1_3' title="bbox 410 454 1649 534">
    <p class='ocr_par' dir='ltr' id='par_1_3' title="bbox 410 454 1649 534">
     <span class='ocr_line' id='line_1_3' title="bbox 410 454 1649 534; baseline -0.003 -18"><span class='ocrx_word' id='word_1_4' title='bbox 410 461 711 534; x_wconf 85' lang='grc' dir='ltr'>Κομνηνός</span> <span class='ocrx_word' id='word_1_5' title='bbox 734 456 1086 533; x_wconf 78' lang='grc' dir='ltr'>Ἀνδρόνικος</span> <span class='ocrx_word' id='word_1_6' title='bbox 1117 454 1164 511; x_wconf 82' lang='grc' dir='ltr'>δ’</span> <span class='ocrx_word' id='word_1_7' title='bbox 1195 454 1649 532; x_wconf 78' lang='grc' dir='ltr'>ἐγκαθειργμένος</span> 
     </span>
    </p>
   </div>
   <div class='ocr_carea' id='block_1_4' title="bbox 409 545 1462 622">
    <p class='ocr_par' dir='ltr' id='par_1_4' title="bbox 409 545 1462 622">
     <span class='ocr_line' id='line_1_4' title="bbox 409 545 1462 622; baseline -0.006 -17"><span class='ocrx_word' id='word_1_8' title='bbox 409 551 488 605; x_wconf 86' lang='grc' dir='ltr'>Δι’</span> <span class='ocrx_word' id='word_1_9' title='bbox 518 550 579 612; x_wconf 76' lang='grc' dir='ltr'>’ἀς</span> <span class='ocrx_word' id='word_1_10' title='bbox 611 570 712 622; x_wconf 88' lang='grc' dir='ltr'>περ</span> <span class='ocrx_word' id='word_1_11' title='bbox 745 547 1030 621; x_wconf 70' lang='grc' dir='ltr'>ἱστόρησεν</span> <span class='ocrx_word' id='word_1_12' title='bbox 1065 546 1241 608; x_wconf 80' lang='grc' dir='ltr'>αἰτίας</span> <span class='ocrx_word' id='word_1_13' title='bbox 1274 545 1462 618; x_wconf 84' lang='grc' dir='ltr'>λόγος,</span> 
     </span>
    </p>
   </div>
   <div class='ocr_carea' id='block_1_5' title="bbox 225 633 1549 713">
    <p class='ocr_par' dir='ltr' id='par_1_5' title="bbox 225 633 1549 713">
     <span class='ocr_line' id='line_1_5' title="bbox 225 633 1549 713; baseline -0.008 -15"><span class='ocrx_word' id='word_1_14' title='bbox 225 644 371 698; x_wconf 77' lang='grc'>4230</span> <span class='ocrx_word' id='word_1_15' title='bbox 415 642 656 713; x_wconf 76' lang='grc' dir='ltr'>Εἱρκτῆς</span> <span class='ocrx_word' id='word_1_16' title='bbox 688 635 914 711; x_wconf 77' lang='grc' dir='ltr'>διαδράς</span> <span class='ocrx_word' id='word_1_17' title='bbox 949 640 1178 711; x_wconf 80' lang='grc' dir='ltr'>μηχανῇ</span> <span class='ocrx_word' id='word_1_18' title='bbox 1211 633 1549 709; x_wconf 72' lang='grc' dir='ltr'>πολυτρόπῳ</span> 
     </span>
    </p>
   </div>
   <div class='ocr_carea' id='block_1_6' title="bbox 413 722 1562 799">
    <p class='ocr_par' dir='ltr' id='par_1_6' title="bbox 413 722 1562 799">
     <span class='ocr_line' id='line_1_6' title="bbox 413 722 1562 799; baseline -0.005 -16"><span class='ocrx_word' id='word_1_19' title='bbox 413 729 510 789; x_wconf 80' lang='grc' dir='ltr'>Εἷς</span> <span class='ocrx_word' id='word_1_20' title='bbox 541 726 806 795; x_wconf 81' lang='grc' dir='ltr'>Γάλιτζαν</span> <span class='ocrx_word' id='word_1_21' title='bbox 843 722 1045 799; x_wconf 77' lang='grc' dir='ltr'>ἔδραμε</span> <span class='ocrx_word' id='word_1_22' title='bbox 1073 725 1340 792; x_wconf 77' lang='grc' dir='ltr'>Ῥωσικήν</span> <span class='ocrx_word' id='word_1_23' title='bbox 1375 722 1562 790; x_wconf 86' lang='grc' dir='ltr'>πόλιν,</span> 
     </span>
    </p>
   </div>
   <div class='ocr_carea' id='block_1_7' title="bbox 415 811 1559 890">
    <p class='ocr_par' dir='ltr' id='par_1_7' title="bbox 415 811 1559 890">
     <span class='ocr_line' id='line_1_7' title="bbox 415 811 1559 890; baseline -0.005 -19"><span class='ocrx_word' id='word_1_24' title='bbox 415 818 511 872; x_wconf 71' lang='grc' dir='ltr'>Καὶ</span> <span class='ocrx_word' id='word_1_25' title='bbox 540 822 620 888; x_wconf 81' lang='grc' dir='ltr'>τῷ</span> <span class='ocrx_word' id='word_1_26' title='bbox 654 813 1048 890; x_wconf 71' lang='grc' dir='ltr'>σατραπεύοντι</span> <span class='ocrx_word' id='word_1_27' title='bbox 1078 813 1282 882; x_wconf 68' lang='grc' dir='ltr'>ταύτης</span> <span class='ocrx_word' id='word_1_28' title='bbox 1314 811 1559 883; x_wconf 81' lang='grc' dir='ltr'>ἀσμένως</span> 
     </span>
    </p>
   </div>
   <div class='ocr_carea' id='block_1_8' title="bbox 423 898 1804 980">
    <p class='ocr_par' dir='ltr' id='par_1_8' title="bbox 423 898 1804 980">
     <span class='ocr_line' id='line_1_8' title="bbox 423 898 1804 980; baseline -0.002 -24"><span class='ocrx_word' id='word_1_29' title='bbox 423 907 668 980; x_wconf 78' lang='grc' dir='ltr'>Δεχθείς,</span> <span class='ocrx_word' id='word_1_30' title='bbox 703 905 830 980; x_wconf 85' lang='grc' dir='ltr'>παρ’</span> <span class='ocrx_word' id='word_1_31' title='bbox 863 903 1010 974; x_wconf 70' lang='grc' dir='ltr'>αὐτῷ</span> <span class='ocrx_word' id='word_1_32' title='bbox 1040 903 1296 956; x_wconf 83' lang='grc' dir='ltr'>πλεῖστον</span> <span class='ocrx_word' id='word_1_33' title='bbox 1331 898 1550 973; x_wconf 70' lang='grc' dir='ltr'>ἐμμένει</span> <span class='ocrx_word' id='word_1_34' title='bbox 1583 900 1804 975; x_wconf 79' lang='grc' dir='ltr'>χρόνον.</span> 
     </span>
    </p>
   </div>
   <div class='ocr_carea' id='block_1_9' title="bbox 418 989 1539 1064">
    <p class='ocr_par' dir='ltr' id='par_1_9' title="bbox 418 989 1539 1064">
     <span class='ocr_line' id='line_1_9' title="bbox 418 989 1539 1064; baseline -0.007 -15"><span class='ocrx_word' id='word_1_35' title='bbox 418 996 578 1053; x_wconf 70' lang='grc' dir='ltr'>Οὕτω</span> <span class='ocrx_word' id='word_1_36' title='bbox 611 992 668 1048; x_wconf 75' lang='grc' dir='ltr'>δὲ</span> <span class='ocrx_word' id='word_1_37' title='bbox 697 990 982 1062; x_wconf 70' lang='grc' dir='ltr'>συνέδησεν</span> <span class='ocrx_word' id='word_1_38' title='bbox 1012 990 1176 1044; x_wconf 71' lang='grc' dir='ltr'>αὑτοῦ</span> <span class='ocrx_word' id='word_1_39' title='bbox 1207 991 1340 1064; x_wconf 86' lang='grc' dir='ltr'>πρὸς</span> <span class='ocrx_word' id='word_1_40' title='bbox 1370 989 1539 1052; x_wconf 81' lang='grc' dir='ltr'>πόθον</span> 
     </span>
    </p>
   </div>
   <div class='ocr_carea' id='block_1_10' title="bbox 237 1077 1612 1158">
    <p class='ocr_par' dir='ltr' id='par_1_10' title="bbox 237 1077 1612 1158">
     <span class='ocr_line' id='line_1_10' title="bbox 237 1077 1612 1158; baseline -0.009 -15"><span class='ocrx_word' id='word_1_41' title='bbox 237 1089 388 1143; x_wconf 67' lang='grc'>4235</span> <span class='ocrx_word' id='word_1_42' title='bbox 431 1085 528 1139; x_wconf 77' lang='grc' dir='ltr'>Καὶ</span> <span class='ocrx_word' id='word_1_43' title='bbox 561 1083 747 1158; x_wconf 74' lang='grc' dir='ltr'>φιλίαν</span> <span class='ocrx_word' id='word_1_44' title='bbox 783 1083 970 1156; x_wconf 80' lang='grc' dir='ltr'>σχέσιν</span> <span class='ocrx_word' id='word_1_45' title='bbox 1001 1101 1061 1134; x_wconf 90' lang='grc' dir='ltr'>τε</span> <span class='ocrx_word' id='word_1_46' title='bbox 1091 1081 1370 1154; x_wconf 78' lang='grc' dir='ltr'>σατράπην</span> <span class='ocrx_word' id='word_1_47' title='bbox 1405 1077 1612 1152; x_wconf 84' lang='grc' dir='ltr'>χρόνῳ,</span> 
     </span>
    </p>
   </div>
   <div class='ocr_carea' id='block_1_11' title="bbox 419 1169 1510 1246">
    <p class='ocr_par' dir='ltr' id='par_1_11' title="bbox 419 1169 1510 1246">
     <span class='ocr_line' id='line_1_11' title="bbox 419 1169 1510 1246; baseline -0.007 -18"><span class='ocrx_word' id='word_1_48' title='bbox 419 1176 509 1234; x_wconf 79' lang='grc' dir='ltr'>Ὡς</span> <span class='ocrx_word' id='word_1_49' title='bbox 539 1170 876 1246; x_wconf 66' lang='grc' dir='ltr'>συνεδρεύειν</span> <span class='ocrx_word' id='word_1_50' title='bbox 912 1174 1228 1245; x_wconf 78' lang='grc' dir='ltr'>συναριστᾷν</span> <span class='ocrx_word' id='word_1_51' title='bbox 1266 1169 1510 1240; x_wconf 77' lang='grc' dir='ltr'>σατράπῃ</span> 
     </span>
    </p>
   </div>
   <div class='ocr_carea' id='block_1_12' title="bbox 425 1257 1462 1333">
    <p class='ocr_par' dir='ltr' id='par_1_12' title="bbox 425 1257 1462 1333">
     <span class='ocr_line' id='line_1_12' title="bbox 425 1257 1462 1333; baseline -0.009 -16"><span class='ocrx_word' id='word_1_52' title='bbox 425 1263 528 1319; x_wconf 74' lang='grc' dir='ltr'>Καὶ</span> <span class='ocrx_word' id='word_1_53' title='bbox 560 1261 702 1333; x_wconf 74' lang='grc' dir='ltr'>τῷδε</span> <span class='ocrx_word' id='word_1_54' title='bbox 735 1261 1008 1315; x_wconf 91' lang='grc' dir='ltr'>συνέστιον</span> <span class='ocrx_word' id='word_1_55' title='bbox 1038 1257 1119 1313; x_wconf 76' lang='grc' dir='ltr'>ἀεὶ</span> <span class='ocrx_word' id='word_1_56' title='bbox 1148 1257 1462 1333; x_wconf 77' lang='grc' dir='ltr'>τυγχάνειν.</span> 
     </span>
    </p>
   </div>
   <div class='ocr_carea' id='block_1_13' title="bbox 423 1345 1574 1424">
    <p class='ocr_par' dir='ltr' id='par_1_13' title="bbox 423 1345 1574 1424">
     <span class='ocr_line' id='line_1_13' title="bbox 423 1345 1574 1424; baseline -0.01 -15"><span class='ocrx_word' id='word_1_57' title='bbox 423 1355 620 1424; x_wconf 81' lang='grc' dir='ltr'>’Όμως</span> <span class='ocrx_word' id='word_1_58' title='bbox 647 1351 850 1424; x_wconf 85' lang='grc' dir='ltr'>κρίνων</span> <span class='ocrx_word' id='word_1_59' title='bbox 885 1345 1092 1409; x_wconf 73' lang='grc' dir='ltr'>ὄνειδος</span> <span class='ocrx_word' id='word_1_60' title='bbox 1123 1346 1322 1400; x_wconf 78' lang='grc' dir='ltr'>οἰκεῖον</span> <span class='ocrx_word' id='word_1_61' title='bbox 1357 1345 1574 1418; x_wconf 88' lang='grc' dir='ltr'>κράτωρ</span> 
     </span>
    </p>
   </div>
   <div class='ocr_carea' id='block_1_14' title="bbox 427 1431 1617 1515">
    <p class='ocr_par' dir='ltr' id='par_1_14' title="bbox 427 1431 1617 1515">
     <span class='ocr_line' id='line_1_14' title="bbox 427 1431 1617 1515; baseline -0.008 -19"><span class='ocrx_word' id='word_1_62' title='bbox 427 1437 893 1515; x_wconf 68' lang='grc' dir='ltr'>Πρωτεξαδέλφου</span> <span class='ocrx_word' id='word_1_63' title='bbox 921 1439 1020 1504; x_wconf 72' lang='grc' dir='ltr'>τήν</span> <span class='ocrx_word' id='word_1_64' title='bbox 1055 1438 1232 1510; x_wconf 60' lang='grc' dir='ltr'>(ξυγὴν</span> <span class='ocrx_word' id='word_1_65' title='bbox 1261 1431 1617 1508; x_wconf 71' lang='grc' dir='ltr'>Ἃνδρονίκου</span> 
     </span>
    </p>
   </div>
   <div class='ocr_carea' id='block_1_15' title="bbox 240 1522 1499 1602">
    <p class='ocr_par' dir='ltr' id='par_1_15' title="bbox 240 1522 1499 1602">
     <span class='ocr_line' id='line_1_15' title="bbox 240 1522 1499 1602; baseline -0.01 -14"><span class='ocrx_word' id='word_1_66' title='bbox 240 1534 388 1588; x_wconf 68' lang='grc'>4240</span> <span class='ocrx_word' id='word_1_67' title='bbox 429 1527 758 1602; x_wconf 81' lang='grc' dir='ltr'>Ἀπόδρασίν</span> <span class='ocrx_word' id='word_1_68' title='bbox 793 1549 848 1581; x_wconf 92' lang='grc' dir='ltr'>τε</span> <span class='ocrx_word' id='word_1_69' title='bbox 880 1527 1012 1599; x_wconf 75' lang='grc' dir='ltr'>κάπὶ</span> <span class='ocrx_word' id='word_1_70' title='bbox 1045 1528 1141 1593; x_wconf 71' lang='grc' dir='ltr'>τῆς</span> <span class='ocrx_word' id='word_1_71' title='bbox 1177 1525 1327 1594; x_wconf 79' lang='grc' dir='ltr'>ξένης</span> <span class='ocrx_word' id='word_1_72' title='bbox 1360 1522 1499 1592; x_wconf 77' lang='grc' dir='ltr'>ἄλην</span> 
     </span>
    </p>
   </div>
   <div class='ocr_carea' id='block_1_16' title="bbox 424 1613 1471 1690">
    <p class='ocr_par' dir='ltr' id='par_1_16' title="bbox 424 1613 1471 1690">
     <span class='ocr_line' id='line_1_16' title="bbox 424 1613 1471 1690; baseline -0.008 -17"><span class='ocrx_word' id='word_1_73' title='bbox 424 1617 722 1690; x_wconf 76' lang='grc' dir='ltr'>Ἐπιμελὲς</span> <span class='ocrx_word' id='word_1_74' title='bbox 754 1617 966 1685; x_wconf 86' lang='grc' dir='ltr'>τίθησιν</span> <span class='ocrx_word' id='word_1_75' title='bbox 1005 1613 1157 1689; x_wconf 79' lang='grc' dir='ltr'>ἔργον</span> <span class='ocrx_word' id='word_1_76' title='bbox 1186 1613 1276 1667; x_wconf 82' lang='grc' dir='ltr'>καὶ</span> <span class='ocrx_word' id='word_1_77' title='bbox 1312 1613 1471 1686; x_wconf 89' lang='grc' dir='ltr'>λόγον</span> 
     </span>
    </p>
   </div>
   <div class='ocr_carea' id='block_1_17' title="bbox 431 1698 1610 1775">
    <p class='ocr_par' dir='ltr' id='par_1_17' title="bbox 431 1698 1610 1775">
     <span class='ocr_line' id='line_1_17' title="bbox 431 1698 1610 1775; baseline -0.008 -14"><span class='ocrx_word' id='word_1_78' title='bbox 431 1708 581 1761; x_wconf 66' lang='lat' dir='ltr'>&quot;Qa-1&#39;</span> <span class='ocrx_word' id='word_1_79' title='bbox 614 1700 914 1760; x_wconf 68' lang='grc' dir='ltr'>ἀπολαϐεῖν</span> <span class='ocrx_word' id='word_1_80' title='bbox 946 1701 1103 1757; x_wconf 78' lang='grc' dir='ltr'>τόνδε</span> <span class='ocrx_word' id='word_1_81' title='bbox 1133 1699 1365 1775; x_wconf 81' lang='grc' dir='ltr'>πατρίδα</span> <span class='ocrx_word' id='word_1_82' title='bbox 1396 1698 1559 1753; x_wconf 87' lang='grc' dir='ltr'>πάλιν</span> <span class='ocrx_word' id='word_1_83' title='bbox 1597 1718 1610 1731; x_wconf 75' lang='grc' dir='ltr'><strong><em>ο</em></strong></span> 
     </span>
    </p>
   </div>
   <div class='ocr_carea' id='block_1_18' title="bbox 431 1786 1640 1868">
    <p class='ocr_par' dir='ltr' id='par_1_18' title="bbox 431 1786 1640 1868">
     <span class='ocr_line' id='line_1_18' title="bbox 431 1786 1640 1868; baseline -0.007 -18"><span class='ocrx_word' id='word_1_84' title='bbox 431 1798 526 1851; x_wconf 71' lang='grc' dir='ltr'>Καὶ</span> <span class='ocrx_word' id='word_1_85' title='bbox 569 1793 782 1868; x_wconf 70' lang='grc' dir='ltr'>μᾶλλον</span> <span class='ocrx_word' id='word_1_86' title='bbox 817 1796 898 1856; x_wconf 86' lang='grc' dir='ltr'>οἷς</span> <span class='ocrx_word' id='word_1_87' title='bbox 926 1789 1164 1867; x_wconf 71' lang='grc' dir='ltr'>ἤγγελλε</span> <span class='ocrx_word' id='word_1_88' title='bbox 1200 1792 1358 1864; x_wconf 67' lang='grc' dir='ltr'>φήμῃ</span> <span class='ocrx_word' id='word_1_89' title='bbox 1392 1789 1481 1843; x_wconf 75' lang='grc' dir='ltr'>καὶ</span> <span class='ocrx_word' id='word_1_90' title='bbox 1512 1786 1640 1842; x_wconf 81' lang='grc' dir='ltr'>τάδε</span> 
     </span>
    </p>
   </div>
   <div class='ocr_carea' id='block_1_19' title="bbox 429 1873 1804 1954">
    <p class='ocr_par' dir='ltr' id='par_1_19' title="bbox 429 1879 1459 1954">
     <span class='ocr_line' id='line_1_19' title="bbox 429 1879 1459 1954; baseline -0.008 -14"><span class='ocrx_word' id='word_1_91' title='bbox 429 1887 555 1941; x_wconf 83' lang='grc' dir='ltr'>’Ὁτι</span> <span class='ocrx_word' id='word_1_92' title='bbox 580 1885 852 1951; x_wconf 63' lang='grc' dir='ltr'>Σκυθικὴν</span> <span class='ocrx_word' id='word_1_93' title='bbox 888 1881 1138 1953; x_wconf 83' lang='grc' dir='ltr'>στρατιάν</span> <span class='ocrx_word' id='word_1_94' title='bbox 1173 1879 1459 1954; x_wconf 67' lang='grc' dir='ltr'>παροξύνει</span> 
     </span>
    </p>
   </div>
   <div class='ocr_carea' id='block_1_20' title="bbox 253 1966 1494 2046">
    <p class='ocr_par' dir='ltr' id='par_1_20' title="bbox 253 1966 1494 2046">
     <span class='ocr_line' id='line_1_20' title="bbox 253 1966 1494 2046; baseline -0.01 -14"><span class='ocrx_word' id='word_1_95' title='bbox 253 1978 399 2032; x_wconf 68' lang='grc'>4245</span> <span class='ocrx_word' id='word_1_96' title='bbox 438 1974 652 2046; x_wconf 76' lang='grc' dir='ltr'>Θρᾴκης</span> <span class='ocrx_word' id='word_1_97' title='bbox 685 1969 930 2033; x_wconf 77' lang='grc' dir='ltr'>ἐπελθεῖν</span> <span class='ocrx_word' id='word_1_98' title='bbox 959 1966 1294 2028; x_wconf 72' lang='grc' dir='ltr'>Μακεδονίας</span> <span class='ocrx_word' id='word_1_99' title='bbox 1326 1969 1494 2040; x_wconf 83' lang='grc' dir='ltr'>ὅροις.</span> 
     </span>
    </p>
   </div>
   <div class='ocr_carea' id='block_1_21' title="bbox 435 2055 1545 2130">
    <p class='ocr_par' dir='ltr' id='par_1_21' title="bbox 435 2055 1545 2130">
     <span class='ocr_line' id='line_1_21' title="bbox 435 2055 1545 2130; baseline -0.01 -12"><span class='ocrx_word' id='word_1_100' title='bbox 435 2065 672 2124; x_wconf 79' lang='grc' dir='ltr'>Ἐκεῖθεν</span> <span class='ocrx_word' id='word_1_101' title='bbox 704 2060 898 2114; x_wconf 73' lang='grc' dir='ltr'>οὐκοῦν</span> <span class='ocrx_word' id='word_1_102' title='bbox 925 2058 1164 2130; x_wconf 79' lang='grc' dir='ltr'>εὐμενῶς</span> <span class='ocrx_word' id='word_1_103' title='bbox 1198 2055 1545 2130; x_wconf 76' lang='grc' dir='ltr'>αὐτοκράτωρ</span> 
     </span>
    </p>
   </div>
   <div class='ocr_carea' id='block_1_22' title="bbox 437 2140 1602 2223">
    <p class='ocr_par' dir='ltr' id='par_1_22' title="bbox 437 2140 1602 2223">
     <span class='ocr_line' id='line_1_22' title="bbox 437 2140 1602 2223; baseline -0.008 -19"><span class='ocrx_word' id='word_1_104' title='bbox 437 2151 651 2210; x_wconf 82' lang='grc' dir='ltr'>Ιιίστεις</span> <span class='ocrx_word' id='word_1_105' title='bbox 681 2148 980 2223; x_wconf 73' lang='grc' dir='ltr'>παρασχὼν</span> <span class='ocrx_word' id='word_1_106' title='bbox 1012 2147 1098 2200; x_wconf 78' lang='grc' dir='ltr'>καὶ</span> <span class='ocrx_word' id='word_1_107' title='bbox 1133 2140 1318 2199; x_wconf 73' lang='grc' dir='ltr'>λαϐὼν</span> <span class='ocrx_word' id='word_1_108' title='bbox 1355 2143 1602 2215; x_wconf 82' lang='grc' dir='ltr'>ἐπανάγει</span> 
     </span>
    </p>
   </div>
   <div class='ocr_carea' id='block_1_23' title="bbox 444 2228 1716 2310">
    <p class='ocr_par' dir='ltr' id='par_1_23' title="bbox 444 2228 1716 2310">
     <span class='ocr_line' id='line_1_23' title="bbox 444 2228 1716 2310; baseline -0.009 -16"><span class='ocrx_word' id='word_1_109' title='bbox 444 2238 728 2310; x_wconf 75' lang='grc' dir='ltr'>Κομνηνὸν</span> <span class='ocrx_word' id='word_1_110' title='bbox 758 2233 1103 2308; x_wconf 77' lang='grc' dir='ltr'>Ἀνδρόνικον</span> <span class='ocrx_word' id='word_1_111' title='bbox 1138 2233 1274 2307; x_wconf 77' lang='grc' dir='ltr'>πρὸς</span> <span class='ocrx_word' id='word_1_112' title='bbox 1307 2234 1403 2300; x_wconf 74' lang='grc' dir='ltr'>νην</span> <span class='ocrx_word' id='word_1_113' title='bbox 1436 2228 1669 2306; x_wconf 75' lang='grc' dir='ltr'>πατρίδα</span> <span class='ocrx_word' id='word_1_114' title='bbox 1705 2248 1716 2259; x_wconf 74' lang='grc'><strong><em>⁸</em></strong></span> 
     </span>
    </p>
   </div>
   <div class='ocr_carea' id='block_1_24' title="bbox 436 2322 1498 2401">
    <p class='ocr_par' dir='ltr' id='par_1_24' title="bbox 436 2322 1498 2401">
     <span class='ocr_line' id='line_1_24' title="bbox 436 2322 1498 2401; baseline -0.007 -20"><span class='ocrx_word' id='word_1_115' title='bbox 436 2329 564 2381; x_wconf 75' lang='grc' dir='ltr'>Καθ’</span> <span class='ocrx_word' id='word_1_116' title='bbox 595 2327 652 2380; x_wconf 68' lang='lat' dir='ltr'>av</span> <span class='ocrx_word' id='word_1_117' title='bbox 686 2326 885 2401; x_wconf 72' lang='grc' dir='ltr'>χρόνον</span> <span class='ocrx_word' id='word_1_118' title='bbox 921 2324 1146 2387; x_wconf 88' lang='grc' dir='ltr'>Παίονες</span> <span class='ocrx_word' id='word_1_119' title='bbox 1174 2322 1498 2392; x_wconf 76' lang='grc' dir='ltr'>ἠθετηκότες</span> 
     </span>
    </p>
   </div>
   <div class='ocr_carea' id='block_1_25' title="bbox 259 2405 1685 2488">
    <p class='ocr_par' dir='ltr' id='par_1_25' title="bbox 259 2405 1685 2488">
     <span class='ocr_line' id='line_1_25' title="bbox 259 2405 1685 2488; baseline -0.011 -13"><span class='ocrx_word' id='word_1_120' title='bbox 259 2421 401 2475; x_wconf 75' lang='grc' dir='ltr'>425Ο</span> <span class='ocrx_word' id='word_1_121' title='bbox 438 2423 535 2479; x_wconf 72' lang='lat' dir='ltr'>‘Ac</span> <span class='ocrx_word' id='word_1_122' title='bbox 565 2414 702 2484; x_wconf 73' lang='grc' dir='ltr'>πρὸς</span> <span class='ocrx_word' id='word_1_123' title='bbox 734 2418 1034 2488; x_wconf 70' lang='grc' dir='ltr'>κρατοῦντα</span> <span class='ocrx_word' id='word_1_124' title='bbox 1066 2413 1340 2466; x_wconf 79' lang='grc' dir='ltr'>συνέθεντο</span> <span class='ocrx_word' id='word_1_125' title='bbox 1373 2405 1685 2483; x_wconf 71' lang='grc' dir='ltr'>ξυμϐάσεις,</span> 
     </span>
    </p>
   </div>
   <div class='ocr_carea' id='block_1_26' title="bbox 436 2499 1634 2578">
    <p class='ocr_par' dir='ltr' id='par_1_26' title="bbox 436 2499 1634 2578">
     <span class='ocr_line' id='line_1_26' title="bbox 436 2499 1634 2578; baseline -0.009 -17"><span class='ocrx_word' id='word_1_126' title='bbox 436 2507 654 2578; x_wconf 84' lang='grc' dir='ltr'>Χώραις</span> <span class='ocrx_word' id='word_1_127' title='bbox 687 2503 921 2569; x_wconf 68' lang='grc' dir='ltr'>ἐπῆλθον</span> <span class='ocrx_word' id='word_1_128' title='bbox 958 2502 1212 2557; x_wconf 79' lang='grc' dir='ltr'>Αὐσόνων</span> <span class='ocrx_word' id='word_1_129' title='bbox 1243 2499 1588 2575; x_wconf 88' lang='grc' dir='ltr'>παριστρίοις</span> <span class='ocrx_word' id='word_1_130' title='bbox 1623 2519 1634 2530; x_wconf 89' lang='grc'><strong>·</strong></span> 
     </span>
    </p>
   </div>
   <div class='ocr_carea' id='block_1_27' title="bbox 443 2585 1585 2664">
    <p class='ocr_par' dir='ltr' id='par_1_27' title="bbox 443 2585 1585 2664">
     <span class='ocr_line' id='line_1_27' title="bbox 443 2585 1585 2664; baseline -0.009 -15"><span class='ocrx_word' id='word_1_131' title='bbox 443 2594 550 2650; x_wconf 85' lang='grc' dir='ltr'>Καὶ</span> <span class='ocrx_word' id='word_1_132' title='bbox 581 2595 911 2664; x_wconf 75' lang='grc' dir='ltr'>Ῥωμαϊκοῖς</span> <span class='ocrx_word' id='word_1_133' title='bbox 941 2585 1317 2662; x_wconf 65' lang='grc' dir='ltr'>συμϐαλόντες</span> <span class='ocrx_word' id='word_1_134' title='bbox 1349 2589 1585 2663; x_wconf 80' lang='grc' dir='ltr'>τάγμασι</span> 
     </span>
    </p>
   </div>
   <div class='ocr_carea' id='block_1_28' title="bbox 445 2674 1646 2755">
    <p class='ocr_par' dir='ltr' id='par_1_28' title="bbox 445 2674 1646 2755">
     <span class='ocr_line' id='line_1_28' title="bbox 445 2674 1646 2755; baseline -0.007 -19"><span class='ocrx_word' id='word_1_135' title='bbox 445 2683 616 2751; x_wconf 72' lang='grc' dir='ltr'>Νίκην</span> <span class='ocrx_word' id='word_1_136' title='bbox 645 2680 1014 2755; x_wconf 80' lang='grc' dir='ltr'>ἀπηνέγκαντο</span> <span class='ocrx_word' id='word_1_137' title='bbox 1045 2678 1134 2732; x_wconf 88' lang='grc' dir='ltr'>καὶ</span> <span class='ocrx_word' id='word_1_138' title='bbox 1165 2675 1379 2746; x_wconf 78' lang='grc' dir='ltr'>πλῆθος</span> <span class='ocrx_word' id='word_1_139' title='bbox 1410 2674 1646 2729; x_wconf 64' lang='grc' dir='ltr'>σκύλων.</span> 
     </span>
    </p>
   </div>
   <div class='ocr_carea' id='block_1_29' title="bbox 444 2765 1579 2841">
    <p class='ocr_par' dir='ltr' id='par_1_29' title="bbox 444 2765 1579 2841">
     <span class='ocr_line' id='line_1_29' title="bbox 444 2765 1579 2841; baseline -0.007 -16"><span class='ocrx_word' id='word_1_140' title='bbox 444 2772 632 2825; x_wconf 86' lang='grc' dir='ltr'>Τοίνυν</span> <span class='ocrx_word' id='word_1_141' title='bbox 666 2769 884 2830; x_wconf 77' lang='grc' dir='ltr'>ἐπιστάς</span> <span class='ocrx_word' id='word_1_142' title='bbox 917 2767 1171 2841; x_wconf 70' lang='grc' dir='ltr'>βασιλεὺς</span> <span class='ocrx_word' id='word_1_143' title='bbox 1199 2771 1276 2838; x_wconf 75' lang='grc' dir='ltr'>τῷ</span> <span class='ocrx_word' id='word_1_144' title='bbox 1302 2765 1579 2840; x_wconf 85' lang='grc' dir='ltr'>Ζευγμίνῳ</span> 
     </span>
    </p>
   </div>
   <div class='ocr_carea' id='block_1_30' title="bbox 256 2850 1476 2931">
    <p class='ocr_par' dir='ltr' id='par_1_30' title="bbox 256 2850 1476 2931">
     <span class='ocr_line' id='line_1_30' title="bbox 256 2850 1476 2931; baseline 0.027 -30"><span class='ocrx_word' id='word_1_145' title='bbox 256 2865 404 2920; x_wconf 55' lang='lat'>5-355</span> <span class='ocrx_word' id='word_1_146' title='bbox 441 2858 717 2917; x_wconf 81' lang='grc' dir='ltr'>Ἥλωκότι</span> <span class='ocrx_word' id='word_1_147' title='bbox 752 2858 967 2912; x_wconf 78' lang='grc' dir='ltr'>Παίοσιν</span> <span class='ocrx_word' id='word_1_148' title='bbox 1004 2855 1120 2931; x_wconf 75' lang='grc' dir='ltr'>ἄρτι</span> <span class='ocrx_word' id='word_1_149' title='bbox 1160 2850 1476 2930; x_wconf 63' lang='grc' dir='ltr'>βΊΡϐἀροίςθ</span> 
     </span>
    </p>
   </div>
   <div class='ocr_carea' id='block_1_31' title="bbox 447 2940 1432 3015">
    <p class='ocr_par' dir='ltr' id='par_1_31' title="bbox 447 2940 1432 3015">
     <span class='ocr_line' id='line_1_31' title="bbox 447 2940 1432 3015; baseline -0.011 -10"><span class='ocrx_word' id='word_1_150' title='bbox 447 2948 814 3015; x_wconf 79' lang='grc' dir='ltr'>Ἐπανασώζει</span> <span class='ocrx_word' id='word_1_151' title='bbox 846 2947 934 2998; x_wconf 76' lang='grc' dir='ltr'>καὶ</span> <span class='ocrx_word' id='word_1_152' title='bbox 966 2943 1130 2998; x_wconf 84' lang='grc' dir='ltr'>πάλιν</span> <span class='ocrx_word' id='word_1_153' title='bbox 1167 2940 1432 3014; x_wconf 78' lang='grc' dir='ltr'>Ῥωμαίδι</span> 
     </span>
    </p>
   </div>
   <div class='ocr_carea' id='block_1_32' title="bbox 445 3029 1587 3106">
    <p class='ocr_par' dir='ltr' id='par_1_32' title="bbox 445 3029 1587 3106">
     <span class='ocr_line' id='line_1_32' title="bbox 445 3029 1587 3106; baseline -0.009 -12"><span class='ocrx_word' id='word_1_154' title='bbox 445 3033 777 3096; x_wconf 66' lang='grc' dir='ltr'>Εὐϐουλίαις</span> <span class='ocrx_word' id='word_1_155' title='bbox 808 3033 978 3094; x_wconf 54' lang='grc' dir='ltr'>νίκαις</span> <span class='ocrx_word' id='word_1_156' title='bbox 1007 3053 1064 3085; x_wconf 90' lang='grc' dir='ltr'>τε</span> <span class='ocrx_word' id='word_1_157' title='bbox 1095 3031 1183 3084; x_wconf 77' lang='grc' dir='ltr'>καί</span> <span class='ocrx_word' id='word_1_158' title='bbox 1218 3029 1587 3106; x_wconf 85' lang='grc' dir='ltr'>στρατηγίαις.</span> 
     </span>
    </p>
   </div>
   <div class='ocr_carea' id='block_1_33' title="bbox 447 3115 1533 3197">
    <p class='ocr_par' dir='ltr' id='par_1_33' title="bbox 447 3115 1533 3197">
     <span class='ocr_line' id='line_1_33' title="bbox 447 3115 1533 3197; baseline -0.006 -18"><span class='ocrx_word' id='word_1_159' title='bbox 447 3126 544 3180; x_wconf 78' lang='grc' dir='ltr'>Καὶ</span> <span class='ocrx_word' id='word_1_160' title='bbox 581 3128 690 3196; x_wconf 75' lang='grc' dir='ltr'>μὴν</span> <span class='ocrx_word' id='word_1_161' title='bbox 722 3124 1070 3197; x_wconf 75' lang='grc' dir='ltr'>περιώνυμον</span> <span class='ocrx_word' id='word_1_162' title='bbox 1102 3119 1256 3195; x_wconf 80' lang='grc' dir='ltr'>ἔργον</span> <span class='ocrx_word' id='word_1_163' title='bbox 1289 3121 1375 3173; x_wconf 81' lang='grc' dir='ltr'>καὶ</span> <span class='ocrx_word' id='word_1_164' title='bbox 1407 3115 1533 3172; x_wconf 81' lang='grc' dir='ltr'>τόδε</span> 
     </span>
    </p>
   </div>
   <div class='ocr_carea' id='block_1_34' title="bbox 453 3209 1595 3291">
    <p class='ocr_par' dir='ltr' id='par_1_34' title="bbox 453 3209 1595 3291">
     <span class='ocr_line' id='line_1_34' title="bbox 453 3209 1595 3291; baseline -0.009 -21"><span class='ocrx_word' id='word_1_165' title='bbox 453 3214 850 3291; x_wconf 67' lang='grc' dir='ltr'>Ἀναπέιραντ-αι</span> <span class='ocrx_word' id='word_1_166' title='bbox 880 3215 976 3264; x_wconf 73' lang='grc' dir='ltr'>τοῦ</span> <span class='ocrx_word' id='word_1_167' title='bbox 1005 3213 1176 3263; x_wconf 73' lang='grc' dir='ltr'>καλοῦ</span> <span class='ocrx_word' id='word_1_168' title='bbox 1206 3209 1550 3286; x_wconf 73' lang='grc' dir='ltr'>στεφηφόρου</span> <span class='ocrx_word' id='word_1_169' title='bbox 1585 3227 1595 3238; x_wconf 84' lang='grc'><strong>·</strong></span> 
     </span>
    </p>
   </div>
   <div class='ocr_carea' id='block_1_35' title="bbox 264 3296 1448 3373">
    <p class='ocr_par' dir='ltr' id='par_1_35' title="bbox 264 3296 1448 3373">
     <span class='ocr_line' id='line_1_35' title="bbox 264 3296 1448 3373; baseline -0.011 -11"><span class='ocrx_word' id='word_1_170' title='bbox 264 3308 408 3362; x_wconf 73' lang='grc'>4260</span> <span class='ocrx_word' id='word_1_171' title='bbox 451 3302 650 3364; x_wconf 79' lang='grc' dir='ltr'>Πόλεις</span> <span class='ocrx_word' id='word_1_172' title='bbox 679 3297 982 3360; x_wconf 80' lang='grc' dir='ltr'>Ἀσιάτιδες</span> <span class='ocrx_word' id='word_1_173' title='bbox 1016 3296 1311 3373; x_wconf 68' lang='grc' dir='ltr'>εὖχρηστοι</span> <span class='ocrx_word' id='word_1_174' title='bbox 1347 3297 1448 3370; x_wconf 82' lang='grc' dir='ltr'>βίῳ</span> 
     </span>
    </p>
   </div>
   <div class='ocr_carea' id='block_1_36' title="bbox 451 3382 1714 3466">
    <p class='ocr_par' dir='ltr' id='par_1_36' title="bbox 451 3382 1714 3466">
     <span class='ocr_line' id='line_1_36' title="bbox 451 3382 1714 3466; baseline -0.008 -19"><span class='ocrx_word' id='word_1_175' title='bbox 451 3390 662 3466; x_wconf 73' lang='grc' dir='ltr'>Χλιαρά</span> <span class='ocrx_word' id='word_1_176' title='bbox 691 3391 782 3444; x_wconf 79' lang='grc' dir='ltr'>καὶ</span> <span class='ocrx_word' id='word_1_177' title='bbox 815 3388 1099 3463; x_wconf 79' lang='grc' dir='ltr'>Πέργαμος</span> <span class='ocrx_word' id='word_1_178' title='bbox 1136 3385 1296 3440; x_wconf 69' lang='grc' dir='ltr'>Ξιλλαι</span> <span class='ocrx_word' id='word_1_179' title='bbox 1327 3387 1374 3440; x_wconf 83' lang='grc' dir='ltr'>τ’</span> <span class='ocrx_word' id='word_1_180' title='bbox 1406 3382 1470 3439; x_wconf 64' lang='grc' dir='ltr'>αὖ</span> <span class='ocrx_word' id='word_1_181' title='bbox 1502 3384 1714 3454; x_wconf 85' lang='grc' dir='ltr'>πόλεις,</span> 
     </span>
    </p>
   </div>
   <div class='ocr_carea' id='block_1_37' title="bbox 444 3479 1716 3563">
    <p class='ocr_par' dir='ltr' id='par_1_37' title="bbox 444 3479 1716 3563">
     <span class='ocr_line' id='line_1_37' title="bbox 444 3479 1716 3563; baseline -0.008 -19"><span class='ocrx_word' id='word_1_182' title='bbox 444 3494 540 3544; x_wconf 77' lang='grc' dir='ltr'>Ὧν</span> <span class='ocrx_word' id='word_1_183' title='bbox 568 3491 634 3543; x_wconf 75' lang='grc' dir='ltr'>τά</span> <span class='ocrx_word' id='word_1_184' title='bbox 662 3488 815 3563; x_wconf 78' lang='grc' dir='ltr'>πέριξ</span> <span class='ocrx_word' id='word_1_185' title='bbox 847 3486 1126 3560; x_wconf 80' lang='grc' dir='ltr'>πάσχοντα</span> <span class='ocrx_word' id='word_1_186' title='bbox 1159 3486 1385 3557; x_wconf 84' lang='grc' dir='ltr'>Πέρσαις</span> <span class='ocrx_word' id='word_1_187' title='bbox 1420 3479 1716 3558; x_wconf 67' lang='grc' dir='ltr'>βαρϐάροις</span> 
     </span>
    </p>
   </div>
   <div class='ocr_carea' id='block_1_38' title="bbox 447 3573 1476 3652">
    <p class='ocr_par' dir='ltr' id='par_1_38' title="bbox 447 3573 1476 3652">
     <span class='ocr_line' id='line_1_38' title="bbox 447 3573 1476 3652; baseline -0.007 -20"><span class='ocrx_word' id='word_1_188' title='bbox 447 3576 728 3652; x_wconf 72' lang='grc' dir='ltr'>Δῃοόμενά</span> <span class='ocrx_word' id='word_1_189' title='bbox 756 3597 834 3644; x_wconf 84' lang='grc' dir='ltr'>τε,</span> <span class='ocrx_word' id='word_1_190' title='bbox 869 3573 1299 3650; x_wconf 62' lang='grc' dir='ltr'>πυρπολούμενά</span> <span class='ocrx_word' id='word_1_191' title='bbox 1330 3593 1476 3650; x_wconf 74' lang='grc' dir='ltr'>σφισι</span> 
     </span>
    </p>
   </div>
   <div class='ocr_carea' id='block_1_39' title="bbox 455 3660 1522 3739">
    <p class='ocr_par' dir='ltr' id='par_1_39' title="bbox 455 3660 1522 3739">
     <span class='ocr_line' id='line_1_39' title="bbox 455 3660 1522 3739; baseline -0.007 -18"><span class='ocrx_word' id='word_1_192' title='bbox 455 3663 727 3739; x_wconf 64' lang='grc' dir='ltr'>κωμηδὸν</span> <span class='ocrx_word' id='word_1_193' title='bbox 764 3667 837 3727; x_wconf 83' lang='grc' dir='ltr'>ὡς</span> <span class='ocrx_word' id='word_1_194' title='bbox 864 3662 1063 3738; x_wconf 72' lang='grc' dir='ltr'>ἔχοντα</span> <span class='ocrx_word' id='word_1_195' title='bbox 1090 3664 1189 3731; x_wconf 79' lang='grc' dir='ltr'>τήν</span> <span class='ocrx_word' id='word_1_196' title='bbox 1226 3660 1522 3727; x_wconf 74' lang='grc' dir='ltr'>συνοικίαν,</span> 
     </span>
    </p>
   </div>
   <div class='ocr_carea' id='block_1_40' title="bbox 281 3749 1413 3828">
    <p class='ocr_par' dir='ltr' id='par_1_40' title="bbox 281 3749 1413 3828">
     <span class='ocr_line' id='line_1_40' title="bbox 281 3749 1413 3828; baseline -0.01 -13"><span class='ocrx_word' id='word_1_197' title='bbox 281 3762 423 3814; x_wconf 76' lang='grc'>4265</span> <span class='ocrx_word' id='word_1_198' title='bbox 461 3757 626 3826; x_wconf 72' lang='grc' dir='ltr'>’Ἄναξ</span> <span class='ocrx_word' id='word_1_199' title='bbox 657 3749 949 3828; x_wconf 72' lang='grc' dir='ltr'>περιέϐαλε</span> <span class='ocrx_word' id='word_1_200' title='bbox 972 3753 1208 3826; x_wconf 78' lang='grc' dir='ltr'>τείχεσιν</span> <span class='ocrx_word' id='word_1_201' title='bbox 1240 3749 1367 3805; x_wconf 79' lang='grc' dir='ltr'>τάδε</span> <span class='ocrx_word' id='word_1_202' title='bbox 1401 3770 1413 3783; x_wconf 78' lang='grc'><strong><em>⁸</em></strong></span> 
     </span>
    </p>
   </div>
   <div class='ocr_carea' id='block_1_41' title="bbox 464 3838 1477 3921">
    <p class='ocr_par' dir='ltr' id='par_1_41' title="bbox 464 3838 1477 3921">
     <span class='ocr_line' id='line_1_41' title="bbox 464 3838 1477 3921; baseline -0.008 -21"><span class='ocrx_word' id='word_1_203' title='bbox 464 3847 561 3900; x_wconf 79' lang='grc' dir='ltr'>Καὶ</span> <span class='ocrx_word' id='word_1_204' title='bbox 597 3839 873 3899; x_wconf 75' lang='grc' dir='ltr'>διαλαϐὼν</span> <span class='ocrx_word' id='word_1_205' title='bbox 904 3841 1188 3921; x_wconf 59' lang='grc' dir='ltr'>φρουρίοις</span> <span class='ocrx_word' id='word_1_206' title='bbox 1215 3838 1477 3914; x_wconf 71' lang='grc' dir='ltr'>ἀσφαλέσι</span> 
     </span>
    </p>
   </div>
   <div class='ocr_carea' id='block_1_42' title="bbox 464 3926 1664 4008">
    <p class='ocr_par' dir='ltr' id='par_1_42' title="bbox 464 3926 1664 4008">
     <span class='ocr_line' id='line_1_42' title="bbox 464 3926 1664 4008; baseline -0.004 -18"><span class='ocrx_word' id='word_1_207' title='bbox 464 3937 572 3992; x_wconf 82' lang='grc' dir='ltr'>Τὸν</span> <span class='ocrx_word' id='word_1_208' title='bbox 606 3938 813 4008; x_wconf 79' lang='grc' dir='ltr'>χῶρον,</span> <span class='ocrx_word' id='word_1_209' title='bbox 847 3930 1132 4001; x_wconf 69' lang='grc' dir='ltr'>ἀπήλλαξε</span> <span class='ocrx_word' id='word_1_210' title='bbox 1165 3931 1427 4004; x_wconf 71' lang='grc' dir='ltr'>Περσικῆς</span> <span class='ocrx_word' id='word_1_211' title='bbox 1460 3926 1664 4001; x_wconf 64' lang='grc' dir='ltr'>λύμης.</span> 
     </span>
    </p>
   </div>
   <div class='ocr_carea' id='block_1_43' title="bbox 461 4015 1508 4099">
    <p class='ocr_par' dir='ltr' id='par_1_43' title="bbox 461 4015 1508 4099">
     <span class='ocr_line' id='line_1_43' title="bbox 461 4015 1508 4099; baseline -0.007 -21"><span class='ocrx_word' id='word_1_212' title='bbox 461 4023 780 4099; x_wconf 81' lang='grc' dir='ltr'>Οίκητόρων</span> <span class='ocrx_word' id='word_1_213' title='bbox 813 4022 955 4076; x_wconf 65' lang='grc' dir='ltr'>οὕτω</span> <span class='ocrx_word' id='word_1_214' title='bbox 988 4017 1044 4074; x_wconf 74' lang='grc' dir='ltr'>δὲ</span> <span class='ocrx_word' id='word_1_215' title='bbox 1074 4018 1351 4088; x_wconf 78' lang='grc' dir='ltr'>πλήθουσι</span> <span class='ocrx_word' id='word_1_216' title='bbox 1380 4015 1508 4072; x_wconf 75' lang='grc' dir='ltr'>τάδε</span> 
     </span>
    </p>
   </div>
   <div class='ocr_carea' id='block_1_44' title="bbox 465 4106 1628 4181">
    <p class='ocr_par' dir='ltr' id='par_1_44' title="bbox 465 4106 1628 4181">
     <span class='ocr_line' id='line_1_44' title="bbox 465 4106 1628 4181; baseline -0.007 -15"><span class='ocrx_word' id='word_1_217' title='bbox 465 4112 562 4166; x_wconf 78' lang='grc' dir='ltr'>Καὶ</span> <span class='ocrx_word' id='word_1_218' title='bbox 597 4118 723 4165; x_wconf 71' lang='grc' dir='ltr'>πᾶσι</span> <span class='ocrx_word' id='word_1_219' title='bbox 755 4109 938 4170; x_wconf 79' lang='grc' dir='ltr'>καλῶς</span> <span class='ocrx_word' id='word_1_220' title='bbox 969 4113 1084 4168; x_wconf 81' lang='grc' dir='ltr'>τοῖς</span> <span class='ocrx_word' id='word_1_221' title='bbox 1113 4107 1250 4161; x_wconf 72' lang='grc' dir='ltr'>κατὰ</span> <span class='ocrx_word' id='word_1_222' title='bbox 1284 4106 1397 4181; x_wconf 85' lang='grc' dir='ltr'>βίον</span> <span class='ocrx_word' id='word_1_223' title='bbox 1436 4107 1628 4181; x_wconf 71' lang='grc' dir='ltr'>βρίθει,</span> 
     </span>
    </p>
   </div>
   <div class='ocr_carea' id='block_1_45' title="bbox 280 4196 1563 4276">
    <p class='ocr_par' dir='ltr' id='par_1_45' title="bbox 280 4196 1563 4276">
     <span class='ocr_line' id='line_1_45' title="bbox 280 4196 1563 4276; baseline -0.008 -17"><span class='ocrx_word' id='word_1_224' title='bbox 280 4205 424 4260; x_wconf 72' lang='grc'>4270</span> <span class='ocrx_word' id='word_1_225' title='bbox 465 4205 686 4276; x_wconf 77' lang='grc' dir='ltr'>Ἀγροῖς</span> <span class='ocrx_word' id='word_1_226' title='bbox 717 4221 774 4254; x_wconf 88' lang='grc' dir='ltr'>τε</span> <span class='ocrx_word' id='word_1_227' title='bbox 802 4198 1008 4276; x_wconf 66' lang='grc' dir='ltr'>φυτῶσί</span> <span class='ocrx_word' id='word_1_228' title='bbox 1039 4218 1115 4263; x_wconf 86' lang='grc' dir='ltr'>τε,</span> <span class='ocrx_word' id='word_1_229' title='bbox 1151 4198 1337 4271; x_wconf 89' lang='grc' dir='ltr'>χάρισι</span> <span class='ocrx_word' id='word_1_230' title='bbox 1372 4196 1563 4265; x_wconf 80' lang='grc' dir='ltr'>ξέναις,</span> 
     </span>
    </p>
   </div>
   <div class='ocr_carea' id='block_1_46' title="bbox 467 4283 1568 4364">
    <p class='ocr_par' dir='ltr' id='par_1_46' title="bbox 467 4283 1568 4364">
     <span class='ocr_line' id='line_1_46' title="bbox 467 4283 1568 4364; baseline -0.006 -20"><span class='ocrx_word' id='word_1_231' title='bbox 467 4289 715 4364; x_wconf 75' lang='grc' dir='ltr'>Φρο·5ρια</span> <span class='ocrx_word' id='word_1_232' title='bbox 739 4293 911 4343; x_wconf 69' lang='grc' dir='ltr'>ταῦτα</span> <span class='ocrx_word' id='word_1_233' title='bbox 940 4288 1028 4340; x_wconf 81' lang='grc' dir='ltr'>καὶ</span> <span class='ocrx_word' id='word_1_234' title='bbox 1063 4285 1255 4347; x_wconf 84' lang='grc' dir='ltr'>πόλεις</span> <span class='ocrx_word' id='word_1_235' title='bbox 1288 4283 1568 4357; x_wconf 75' lang='grc' dir='ltr'>εἰρημέναι</span> 
     </span>
    </p>
   </div>
   <div class='ocr_carea' id='block_1_47' title="bbox 465 4375 1612 4452">
    <p class='ocr_par' dir='ltr' id='par_1_47' title="bbox 465 4375 1612 4452">
     <span class='ocr_line' id='line_1_47' title="bbox 465 4375 1612 4452; baseline -0.005 -18"><span class='ocrx_word' id='word_1_236' title='bbox 465 4381 555 4442; x_wconf 79' lang='grc' dir='ltr'>Ὠς</span> <span class='ocrx_word' id='word_1_237' title='bbox 584 4384 690 4433; x_wconf 78' lang='grc' dir='ltr'>τῶν</span> <span class='ocrx_word' id='word_1_238' title='bbox 728 4376 980 4452; x_wconf 87' lang='grc' dir='ltr'>μεγάλων</span> <span class='ocrx_word' id='word_1_239' title='bbox 1008 4379 1358 4448; x_wconf 79' lang='grc' dir='ltr'>κατακρατεῖν</span> <span class='ocrx_word' id='word_1_240' title='bbox 1388 4375 1612 4428; x_wconf 87' lang='grc' dir='ltr'>ἀστέων.</span> 
     </span>
    </p>
   </div>
   <div class='ocr_carea' id='block_1_48' title="bbox 465 4459 1654 4540">
    <p class='ocr_par' dir='ltr' id='par_1_48' title="bbox 465 4459 1654 4540">
     <span class='ocr_line' id='line_1_48' title="bbox 465 4459 1654 4540; baseline -0.005 -18"><span class='ocrx_word' id='word_1_241' title='bbox 465 4473 642 4522; x_wconf 70' lang='grc' dir='ltr'>Ταῦτα</span> <span class='ocrx_word' id='word_1_242' title='bbox 672 4468 766 4540; x_wconf 71' lang='grc' dir='ltr'>μέν</span> <span class='ocrx_word' id='word_1_243' title='bbox 798 4466 941 4520; x_wconf 72' lang='grc' dir='ltr'>οὕτω</span> <span class='ocrx_word' id='word_1_244' title='bbox 974 4459 1340 4536; x_wconf 69' lang='grc' dir='ltr'>συμὸέϐηκεν,</span> <span class='ocrx_word' id='word_1_245' title='bbox 1374 4463 1447 4526; x_wconf 85' lang='grc' dir='ltr'>ὡς</span> <span class='ocrx_word' id='word_1_246' title='bbox 1473 4459 1603 4538; x_wconf 70' lang='grc' dir='ltr'>ἔφην</span> <span class='ocrx_word' id='word_1_247' title='bbox 1643 4483 1654 4495; x_wconf 84' lang='lat'><strong><em>°</em></strong></span> 
     </span>
    </p>
   </div>
   <div class='ocr_carea' id='block_1_49' title="bbox 465 4551 1674 4632">
    <p class='ocr_par' dir='ltr' id='par_1_49' title="bbox 465 4551 1674 4632">
     <span class='ocr_line' id='line_1_49' title="bbox 465 4551 1674 4632; baseline -0.005 -21"><span class='ocrx_word' id='word_1_248' title='bbox 465 4560 700 4632; x_wconf 80' lang='grc' dir='ltr'>’Ὀρκους</span> <span class='ocrx_word' id='word_1_249' title='bbox 736 4553 791 4609; x_wconf 69' lang='grc' dir='ltr'>δὲ</span> <span class='ocrx_word' id='word_1_250' title='bbox 823 4552 992 4608; x_wconf 84' lang='grc' dir='ltr'>πάλιν</span> <span class='ocrx_word' id='word_1_251' title='bbox 1025 4554 1370 4626; x_wconf 82' lang='grc' dir='ltr'>συγχεάντων</span> <span class='ocrx_word' id='word_1_252' title='bbox 1406 4551 1674 4623; x_wconf 78' lang='grc' dir='ltr'>Παιόνων,</span> 
     </span>
    </p>
   </div>
   <div class='ocr_carea' id='block_1_50' title="bbox 287 4638 1572 4718">
    <p class='ocr_par' dir='ltr' id='par_1_50' title="bbox 287 4638 1572 4718">
     <span class='ocr_line' id='line_1_50' title="bbox 287 4638 1572 4718; baseline -0.009 -14"><span class='ocrx_word' id='word_1_253' title='bbox 287 4651 434 4704; x_wconf 71' lang='grc'>4275</span> <span class='ocrx_word' id='word_1_254' title='bbox 474 4649 706 4718; x_wconf 79' lang='grc' dir='ltr'>Ἔξεισιν</span> <span class='ocrx_word' id='word_1_255' title='bbox 740 4647 864 4716; x_wconf 76' lang='grc' dir='ltr'>ἄναξ</span> <span class='ocrx_word' id='word_1_256' title='bbox 896 4647 1002 4697; x_wconf 83' lang='grc' dir='ltr'>τῶν</span> <span class='ocrx_word' id='word_1_257' title='bbox 1038 4641 1326 4716; x_wconf 81' lang='grc' dir='ltr'>βασιλείων</span> <span class='ocrx_word' id='word_1_258' title='bbox 1362 4638 1572 4713; x_wconf 83' lang='grc' dir='ltr'>δόμων,</span> 
     </span>
    </p>
   </div>
   <div class='ocr_carea' id='block_1_51' title="bbox 473 4729 1720 4809">
    <p class='ocr_par' dir='ltr' id='par_1_51' title="bbox 473 4729 1720 4809">
     <span class='ocr_line' id='line_1_51' title="bbox 473 4729 1720 4809; baseline -0.005 -21"><span class='ocrx_word' id='word_1_259' title='bbox 473 4734 572 4788; x_wconf 73' lang='grc' dir='ltr'>Καὲ</span> <span class='ocrx_word' id='word_1_260' title='bbox 597 4735 734 4809; x_wconf 82' lang='grc' dir='ltr'>πρὸς</span> <span class='ocrx_word' id='word_1_261' title='bbox 763 4730 1040 4806; x_wconf 72' lang='grc' dir='ltr'>Σ-αρδικὴν</span> <span class='ocrx_word' id='word_1_262' title='bbox 1072 4730 1374 4808; x_wconf 64' lang='grc' dir='ltr'>ἀφικνεῖται</span> <span class='ocrx_word' id='word_1_263' title='bbox 1406 4731 1502 4797; x_wconf 74' lang='grc' dir='ltr'>τὴν</span> <span class='ocrx_word' id='word_1_264' title='bbox 1537 4729 1720 4795; x_wconf 86' lang='grc' dir='ltr'>πόλιν,</span> 
     </span>
    </p>
   </div>
   <div class='ocr_carea' id='block_1_52' title="bbox 470 4817 1656 4894">
    <p class='ocr_par' dir='ltr' id='par_1_52' title="bbox 470 4817 1656 4894">
     <span class='ocr_line' id='line_1_52' title="bbox 470 4817 1656 4894; baseline -0.007 -14"><span class='ocrx_word' id='word_1_265' title='bbox 470 4825 544 4881; x_wconf 77' lang='grc' dir='ltr'>Οὗ</span> <span class='ocrx_word' id='word_1_266' title='bbox 581 4819 876 4894; x_wconf 64' lang='grc' dir='ltr'>συμϐαλεῖν</span> <span class='ocrx_word' id='word_1_267' title='bbox 911 4822 1144 4874; x_wconf 83' lang='grc' dir='ltr'>τέτακτπ</span> <span class='ocrx_word' id='word_1_268' title='bbox 1173 4817 1454 4890; x_wconf 82' lang='grc' dir='ltr'>Ῥωμαίων</span> <span class='ocrx_word' id='word_1_269' title='bbox 1491 4817 1656 4880; x_wconf 72' lang='grc' dir='ltr'>ἴλαις.</span> 
     </span>
    </p>
   </div>
   <div class='ocr_carea' id='block_1_53' title="bbox 474 4905 1684 4982">
    <p class='ocr_par' dir='ltr' id='par_1_53' title="bbox 474 4905 1684 4982">
     <span class='ocr_line' id='line_1_53' title="bbox 474 4905 1684 4982; baseline -0.009 -12"><span class='ocrx_word' id='word_1_270' title='bbox 474 4913 624 4972; x_wconf 79' lang='grc' dir='ltr'>Ἐπεὶ</span> <span class='ocrx_word' id='word_1_271' title='bbox 657 4910 713 4966; x_wconf 75' lang='grc' dir='ltr'>δέ</span> <span class='ocrx_word' id='word_1_272' title='bbox 745 4905 1103 4982; x_wconf 70' lang='grc' dir='ltr'>συνήθροιστο</span> <span class='ocrx_word' id='word_1_273' title='bbox 1137 4913 1238 4962; x_wconf 76' lang='grc' dir='ltr'>πᾶν</span> <span class='ocrx_word' id='word_1_274' title='bbox 1270 4905 1684 4980; x_wconf 83' lang='grc' dir='ltr'>στρατευμάτων</span> 
     </span>
    </p>
   </div>
   <div class='ocr_carea' id='block_1_54' title="bbox 474 4993 1733 5075">
    <p class='ocr_par' dir='ltr' id='par_1_54' title="bbox 474 4993 1733 5075">
     <span class='ocr_line' id='line_1_54' title="bbox 474 4993 1733 5075; baseline -0.007 -19"><span class='ocrx_word' id='word_1_275' title='bbox 474 5001 660 5075; x_wconf 82' lang='grc' dir='ltr'>Κρίσει</span> <span class='ocrx_word' id='word_1_276' title='bbox 699 5001 1016 5075; x_wconf 78' lang='grc' dir='ltr'>στρατηγῶν</span> <span class='ocrx_word' id='word_1_277' title='bbox 1054 4993 1308 5072; x_wconf 72' lang='grc' dir='ltr'>βασιλεὺς</span> <span class='ocrx_word' id='word_1_278' title='bbox 1347 4993 1733 5071; x_wconf 59' lang='grc' dir='ltr'>βουληφόρων,</span> 
     </span>
    </p>
   </div>
   <div class='ocr_carea' id='block_1_55' title="bbox 287 5081 1584 5166">
    <p class='ocr_par' dir='ltr' id='par_1_55' title="bbox 287 5081 1584 5166">
     <span class='ocr_line' id='line_1_55' title="bbox 287 5081 1584 5166; baseline -0.01 -18"><span class='ocrx_word' id='word_1_279' title='bbox 287 5095 431 5148; x_wconf 70' lang='grc'>4280</span> <span class='ocrx_word' id='word_1_280' title='bbox 474 5087 912 5166; x_wconf 56' lang='grc' dir='ltr'>Κοντοστέῳανον</span> <span class='ocrx_word' id='word_1_281' title='bbox 946 5083 1296 5160; x_wconf 81' lang='grc' dir='ltr'>Ἀνδρόνικον</span> <span class='ocrx_word' id='word_1_282' title='bbox 1332 5081 1584 5156; x_wconf 72' lang='grc' dir='ltr'>δεικνύει,</span> 
     </span>
    </p>
   </div>
   <div class='ocr_carea' id='block_1_56' title="bbox 473 5172 1596 5253">
    <p class='ocr_par' dir='ltr' id='par_1_56' title="bbox 473 5172 1596 5253">
     <span class='ocr_line' id='line_1_56' title="bbox 473 5172 1596 5253; baseline -0.012 -16"><span class='ocrx_word' id='word_1_283' title='bbox 473 5176 662 5253; x_wconf 76' lang='grc' dir='ltr'>”Ανδρ’</span> <span class='ocrx_word' id='word_1_284' title='bbox 693 5177 935 5251; x_wconf 75' lang='grc' dir='ltr'>ἀρεϊκὸν,</span> <span class='ocrx_word' id='word_1_285' title='bbox 970 5174 1242 5244; x_wconf 76' lang='grc' dir='ltr'>ἂπτόητον</span> <span class='ocrx_word' id='word_1_286' title='bbox 1277 5172 1328 5227; x_wconf 84' lang='grc' dir='ltr'>ἐν</span> <span class='ocrx_word' id='word_1_287' title='bbox 1368 5174 1596 5246; x_wconf 86' lang='grc' dir='ltr'>μάχαις,</span> 
     </span>
    </p>
   </div>
   <div class='ocr_carea' id='block_1_57' title="bbox 481 5261 1736 5338">
    <p class='ocr_par' dir='ltr' id='par_1_57' title="bbox 481 5261 1736 5338">
     <span class='ocr_line' id='line_1_57' title="bbox 481 5261 1736 5338; baseline -0.007 -16"><span class='ocrx_word' id='word_1_288' title='bbox 481 5269 580 5322; x_wconf 75' lang='grc' dir='ltr'>Καὶ</span> <span class='ocrx_word' id='word_1_289' title='bbox 611 5268 708 5335; x_wconf 76' lang='grc' dir='ltr'>τήν</span> <span class='ocrx_word' id='word_1_290' title='bbox 740 5269 857 5320; x_wconf 87' lang='grc' dir='ltr'>κατ’</span> <span class='ocrx_word' id='word_1_291' title='bbox 892 5262 1150 5338; x_wconf 75' lang='grc' dir='ltr'>Οὕγγρων</span> <span class='ocrx_word' id='word_1_292' title='bbox 1184 5261 1467 5331; x_wconf 79' lang='grc' dir='ltr'>ἀνατίθησι</span> <span class='ocrx_word' id='word_1_293' title='bbox 1503 5261 1687 5335; x_wconf 82' lang='grc' dir='ltr'>μάχην</span> <span class='ocrx_word' id='word_1_294' title='bbox 1728 5281 1736 5292; x_wconf 90' lang='grc'><strong>·</strong></span> 
     </span>
    </p>
   </div>
   <div class='ocr_carea' id='block_1_58' title="bbox 478 5348 1566 5432">
    <p class='ocr_par' dir='ltr' id='par_1_58' title="bbox 478 5348 1566 5432">
     <span class='ocr_line' id='line_1_58' title="bbox 478 5348 1566 5432; baseline -0.008 -20"><span class='ocrx_word' id='word_1_295' title='bbox 478 5360 570 5418; x_wconf 91' lang='grc' dir='ltr'>Ὃς</span> <span class='ocrx_word' id='word_1_296' title='bbox 599 5349 934 5432; x_wconf 74' lang='grc' dir='ltr'>παρολαϐὼν</span> <span class='ocrx_word' id='word_1_297' title='bbox 967 5351 1278 5425; x_wconf 69' lang='grc' dir='ltr'>Ῥωμαϊκὰς</span> <span class='ocrx_word' id='word_1_298' title='bbox 1309 5348 1566 5422; x_wconf 81' lang='grc' dir='ltr'>δυνάμεις</span> 
     </span>
    </p>
   </div>
   <div class='ocr_carea' id='block_1_59' title="bbox 469 5436 1669 5519">
    <p class='ocr_par' dir='ltr' id='par_1_59' title="bbox 469 5436 1669 5519">
     <span class='ocr_line' id='line_1_59' title="bbox 469 5436 1669 5519; baseline -0.009 -16"><span class='ocrx_word' id='word_1_299' title='bbox 469 5447 649 5518; x_wconf 79' lang='grc' dir='ltr'>Ὀρμᾷ</span> <span class='ocrx_word' id='word_1_300' title='bbox 680 5444 814 5498; x_wconf 72' lang='grc' dir='ltr'>κατὰ</span> <span class='ocrx_word' id='word_1_301' title='bbox 848 5446 994 5519; x_wconf 67' lang='grc' dir='ltr'>σφῶν</span> <span class='ocrx_word' id='word_1_302' title='bbox 1031 5441 1121 5494; x_wconf 68' lang='grc' dir='ltr'>σὺν</span> <span class='ocrx_word' id='word_1_303' title='bbox 1157 5445 1271 5512; x_wconf 86' lang='grc' dir='ltr'>Θεῷ</span> <span class='ocrx_word' id='word_1_304' title='bbox 1304 5440 1460 5510; x_wconf 87' lang='grc' dir='ltr'>νίκης</span> <span class='ocrx_word' id='word_1_305' title='bbox 1493 5436 1624 5512; x_wconf 71' lang='grc' dir='ltr'>δὸτῃ</span> <span class='ocrx_word' id='word_1_306' title='bbox 1657 5458 1669 5470; x_wconf 93' lang='grc'><strong>·</strong></span> 
     </span>
    </p>
   </div>
   <div class='ocr_carea' id='block_1_60' title="bbox 286 5524 1690 5606">
    <p class='ocr_par' dir='ltr' id='par_1_60' title="bbox 286 5524 1690 5606">
     <span class='ocr_line' id='line_1_60' title="bbox 286 5524 1690 5606; baseline -0.009 -12"><span class='ocrx_word' id='word_1_307' title='bbox 286 5539 434 5594; x_wconf 80' lang='grc'>4285</span> <span class='ocrx_word' id='word_1_308' title='bbox 475 5534 582 5591; x_wconf 78' lang='grc' dir='ltr'>Καὶ</span> <span class='ocrx_word' id='word_1_309' title='bbox 614 5531 682 5604; x_wconf 73' lang='grc' dir='ltr'>δὴ</span> <span class='ocrx_word' id='word_1_310' title='bbox 707 5533 944 5606; x_wconf 86' lang='grc' dir='ltr'>περάσας</span> <span class='ocrx_word' id='word_1_311' title='bbox 981 5524 1227 5585; x_wconf 68' lang='grc' dir='ltr'>Σάουϐον</span> <span class='ocrx_word' id='word_1_312' title='bbox 1260 5531 1467 5598; x_wconf 80' lang='grc' dir='ltr'>Ἵστρον</span> <span class='ocrx_word' id='word_1_313' title='bbox 1503 5530 1550 5582; x_wconf 72' lang='grc' dir='ltr'>ϐ’</span> <span class='ocrx_word' id='word_1_314' title='bbox 1577 5529 1690 5602; x_wconf 74' lang='grc' dir='ltr'>ἅμα</span> 
     </span>
    </p>
   </div>
   <div class='ocr_carea' id='block_1_61' title="bbox 473 5617 1596 5694">
    <p class='ocr_par' dir='ltr' id='par_1_61' title="bbox 473 5617 1596 5694">
     <span class='ocr_line' id='line_1_61' title="bbox 473 5617 1596 5694; baseline -0.007 -16"><span class='ocrx_word' id='word_1_315' title='bbox 473 5619 755 5678; x_wconf 79' lang='grc' dir='ltr'>Ὑπεισέδυ</span> <span class='ocrx_word' id='word_1_316' title='bbox 788 5619 1084 5694; x_wconf 72' lang='grc' dir='ltr'>Ζεύγμινον</span> <span class='ocrx_word' id='word_1_317' title='bbox 1118 5618 1376 5677; x_wconf 77' lang='grc' dir='ltr'>Αὐσόνων</span> <span class='ocrx_word' id='word_1_318' title='bbox 1409 5617 1596 5683; x_wconf 76' lang='grc' dir='ltr'>πόλιν,</span> 
     </span>
    </p>
   </div>
   <div class='ocr_carea' id='block_1_62' title="bbox 1919 456 3205 527">
    <p class='ocr_par' dir='ltr' id='par_1_62' title="bbox 1919 456 3205 527">
     <span class='ocr_line' id='line_1_62' title="bbox 1919 456 3205 527; baseline 0.002 -15"><span class='ocrx_word' id='word_1_319' title='bbox 1919 461 1973 527; x_wconf 76' lang='grc' dir='ltr'>Α</span> <span class='ocrx_word' id='word_1_320' title='bbox 2006 457 2338 513; x_wconf 87' lang='lat' dir='ltr'>Comnenus</span> <span class='ocrx_word' id='word_1_321' title='bbox 2369 462 2564 513; x_wconf 88' lang='lat' dir='ltr'>autem</span> <span class='ocrx_word' id='word_1_322' title='bbox 2596 456 2832 513; x_wconf 88' lang='lat' dir='ltr'>habitus</span> <span class='ocrx_word' id='word_1_323' title='bbox 2865 457 2923 513; x_wconf 90' lang='lat' dir='ltr'>in</span> <span class='ocrx_word' id='word_1_324' title='bbox 2952 459 3205 516; x_wconf 85' lang='lat' dir='ltr'>vinculis</span> 
     </span>
    </p>
   </div>
   <div class='ocr_carea' id='block_1_63' title="bbox 1995 547 3184 620">
    <p class='ocr_par' dir='ltr' id='par_1_63' title="bbox 1995 547 3184 620">
     <span class='ocr_line' id='line_1_63' title="bbox 1995 547 3184 620; baseline 0.002 -19"><span class='ocrx_word' id='word_1_325' title='bbox 1995 547 2068 601; x_wconf 93' lang='lat' dir='ltr'>ob</span> <span class='ocrx_word' id='word_1_326' title='bbox 2095 549 2217 616; x_wconf 91' lang='lat' dir='ltr'>jam</span> <span class='ocrx_word' id='word_1_327' title='bbox 2253 551 2520 601; x_wconf 75' lang='lat' dir='ltr'>narratas</span> <span class='ocrx_word' id='word_1_328' title='bbox 2549 563 2758 603; x_wconf 81' lang='lat' dir='ltr'>causas</span> <span class='ocrx_word' id='word_1_329' title='bbox 2788 549 3184 620; x_wconf 79' lang='lat' dir='ltr'>Andronicus,</span> 
     </span>
    </p>
   </div>
   <div class='ocr_carea' id='block_1_64' title="bbox 1996 638 3113 709">
    <p class='ocr_par' dir='ltr' id='par_1_64' title="bbox 1996 638 3113 709">
     <span class='ocr_line' id='line_1_64' title="bbox 1996 638 3113 709; baseline 0 -17"><span class='ocrx_word' id='word_1_330' title='bbox 1996 639 2231 692; x_wconf 89' lang='lat' dir='ltr'>versuto</span> <span class='ocrx_word' id='word_1_331' title='bbox 2264 640 2389 688; x_wconf 88' lang='lat' dir='ltr'>astu</span> <span class='ocrx_word' id='word_1_332' title='bbox 2427 652 2657 691; x_wconf 80' lang='lat' dir='ltr'>carcere</span> <span class='ocrx_word' id='word_1_333' title='bbox 2688 654 2749 691; x_wconf 89' lang='lat' dir='ltr'>se</span> <span class='ocrx_word' id='word_1_334' title='bbox 2783 638 3113 709; x_wconf 84' lang='lat' dir='ltr'>proripiens</span> 
     </span>
    </p>
   </div>
   <div class='ocr_carea' id='block_1_65' title="bbox 1997 723 3268 795">
    <p class='ocr_par' dir='ltr' id='par_1_65' title="bbox 1997 723 3268 795">
     <span class='ocr_line' id='line_1_65' title="bbox 1997 723 3268 795; baseline 0.003 -17"><span class='ocrx_word' id='word_1_335' title='bbox 1997 724 2057 778; x_wconf 90' lang='lat' dir='ltr'>in</span> <span class='ocrx_word' id='word_1_336' title='bbox 2090 723 2394 778; x_wconf 80' lang='lat' dir='ltr'>Russicam</span> <span class='ocrx_word' id='word_1_337' title='bbox 2429 726 2690 795; x_wconf 79' lang='lat' dir='ltr'>confugit</span> <span class='ocrx_word' id='word_1_338' title='bbox 2718 726 3001 782; x_wconf 90' lang='lat' dir='ltr'>Galitzam</span> <span class='ocrx_word' id='word_1_339' title='bbox 3038 729 3268 789; x_wconf 85' lang='lat' dir='ltr'>urbem.</span> 
     </span>
    </p>
   </div>
   <div class='ocr_carea' id='block_1_66' title="bbox 2001 814 3302 890">
    <p class='ocr_par' dir='ltr' id='par_1_66' title="bbox 2001 814 3302 890">
     <span class='ocr_line' id='line_1_66' title="bbox 2001 814 3302 890; baseline 0.005 -23"><span class='ocrx_word' id='word_1_340' title='bbox 2001 814 2200 884; x_wconf 84' lang='lat' dir='ltr'>ibique</span> <span class='ocrx_word' id='word_1_341' title='bbox 2231 831 2264 868; x_wconf 90' lang='lat' dir='ltr'>a</span> <span class='ocrx_word' id='word_1_342' title='bbox 2295 820 2530 886; x_wconf 82' lang='lat' dir='ltr'>satrapa</span> <span class='ocrx_word' id='word_1_343' title='bbox 2562 832 2744 886; x_wconf 89' lang='lat' dir='ltr'>prono</span> <span class='ocrx_word' id='word_1_344' title='bbox 2774 817 2968 872; x_wconf 87' lang='lat' dir='ltr'>animo</span> <span class='ocrx_word' id='word_1_345' title='bbox 3001 824 3302 890; x_wconf 85' lang='lat' dir='ltr'>exceptus,</span> 
     </span>
    </p>
   </div>
   <div class='ocr_carea' id='block_1_67' title="bbox 2001 903 3259 979">
    <p class='ocr_par' dir='ltr' id='par_1_67' title="bbox 2001 903 3259 979">
     <span class='ocr_line' id='line_1_67' title="bbox 2001 903 3259 979; baseline 0.002 -21"><span class='ocrx_word' id='word_1_346' title='bbox 2001 903 2174 974; x_wconf 88' lang='lat' dir='ltr'>longo</span> <span class='ocrx_word' id='word_1_347' title='bbox 2206 905 2528 974; x_wconf 85' lang='lat' dir='ltr'>permansit</span> <span class='ocrx_word' id='word_1_348' title='bbox 2560 906 2713 976; x_wconf 87' lang='lat' dir='ltr'>apud</span> <span class='ocrx_word' id='word_1_349' title='bbox 2749 905 2942 977; x_wconf 88' lang='lat' dir='ltr'>ipsum</span> <span class='ocrx_word' id='word_1_350' title='bbox 2977 912 3259 979; x_wconf 89' lang='lat' dir='ltr'>tempore.</span> 
     </span>
    </p>
   </div>
   <div class='ocr_carea' id='block_1_68' title="bbox 2003 993 3084 1063">
    <p class='ocr_par' dir='ltr' id='par_1_68' title="bbox 2003 993 3084 1063">
     <span class='ocr_line' id='line_1_68' title="bbox 2003 993 3084 1063; baseline 0.005 -17"><span class='ocrx_word' id='word_1_351' title='bbox 2003 993 2191 1046; x_wconf 90' lang='lat' dir='ltr'>Tanta</span> <span class='ocrx_word' id='word_1_352' title='bbox 2223 998 2416 1047; x_wconf 89' lang='lat' dir='ltr'>autem</span> <span class='ocrx_word' id='word_1_353' title='bbox 2451 993 2561 1048; x_wconf 88' lang='lat' dir='ltr'>sibi</span> <span class='ocrx_word' id='word_1_354' title='bbox 2587 993 2786 1063; x_wconf 81' lang='lat' dir='ltr'>junxit</span> <span class='ocrx_word' id='word_1_355' title='bbox 2819 996 3084 1051; x_wconf 88' lang='lat' dir='ltr'>amicitia</span> 
     </span>
    </p>
   </div>
   <div class='ocr_carea' id='block_1_69' title="bbox 2003 1081 3040 1154">
    <p class='ocr_par' dir='ltr' id='par_1_69' title="bbox 2003 1081 3040 1154">
     <span class='ocr_line' id='line_1_69' title="bbox 2003 1081 3040 1154; baseline 0.004 -18"><span class='ocrx_word' id='word_1_356' title='bbox 2003 1085 2058 1136; x_wconf 87' lang='lat' dir='ltr'>et</span> <span class='ocrx_word' id='word_1_357' title='bbox 2087 1081 2442 1151; x_wconf 88' lang='lat' dir='ltr'>quotidianis</span> <span class='ocrx_word' id='word_1_358' title='bbox 2473 1087 2774 1154; x_wconf 82' lang='lat' dir='ltr'>satrapam</span> <span class='ocrx_word' id='word_1_359' title='bbox 2810 1083 3040 1150; x_wconf 85' lang='lat' dir='ltr'>ofﬁciis,</span> 
     </span>
    </p>
   </div>
   <div class='ocr_carea' id='block_1_70' title="bbox 2004 1167 3105 1242">
    <p class='ocr_par' dir='ltr' id='par_1_70' title="bbox 2004 1167 3105 1242">
     <span class='ocr_line' id='line_1_70' title="bbox 2004 1167 3105 1242; baseline 0.006 -20"><span class='ocrx_word' id='word_1_360' title='bbox 2004 1175 2069 1224; x_wconf 91' lang='lat' dir='ltr'>ut</span> <span class='ocrx_word' id='word_1_361' title='bbox 2097 1167 2182 1223; x_wconf 90' lang='lat' dir='ltr'>illi</span> <span class='ocrx_word' id='word_1_362' title='bbox 2213 1186 2448 1242; x_wconf 86' lang='lat' dir='ltr'>semper</span> <span class='ocrx_word' id='word_1_363' title='bbox 2476 1169 2534 1224; x_wconf 89' lang='lat' dir='ltr'>in</span> <span class='ocrx_word' id='word_1_364' title='bbox 2568 1172 2838 1227; x_wconf 89' lang='lat' dir='ltr'>convictu</span> <span class='ocrx_word' id='word_1_365' title='bbox 2872 1173 3105 1229; x_wconf 85' lang='lat' dir='ltr'>adesset</span> 
     </span>
    </p>
   </div>
   <div class='ocr_carea' id='block_1_71' title="bbox 2003 1260 3064 1329">
    <p class='ocr_par' dir='ltr' id='par_1_71' title="bbox 2003 1260 3064 1329">
     <span class='ocr_line' id='line_1_71' title="bbox 2003 1260 3064 1329; baseline 0.002 -15"><span class='ocrx_word' id='word_1_366' title='bbox 2003 1260 2249 1329; x_wconf 83' lang='lat' dir='ltr'>ejusque</span> <span class='ocrx_word' id='word_1_367' title='bbox 2281 1275 2484 1314; x_wconf 89' lang='lat' dir='ltr'>mensa</span> <span class='ocrx_word' id='word_1_368' title='bbox 2515 1261 2754 1316; x_wconf 85' lang='lat' dir='ltr'>assidue</span> <span class='ocrx_word' id='word_1_369' title='bbox 2785 1266 3064 1318; x_wconf 82' lang='lat' dir='ltr'>uteretur.</span> 
     </span>
    </p>
   </div>
   <div class='ocr_carea' id='block_1_72' title="bbox 2004 1347 3188 1420">
    <p class='ocr_par' dir='ltr' id='par_1_72' title="bbox 2004 1347 3188 1420">
     <span class='ocr_line' id='line_1_72' title="bbox 2004 1347 3188 1420; baseline 0.006 -19"><span class='ocrx_word' id='word_1_370' title='bbox 2004 1350 2077 1402; x_wconf 91' lang='lat' dir='ltr'>At</span> <span class='ocrx_word' id='word_1_371' title='bbox 2103 1347 2294 1402; x_wconf 73' lang='lat' dir='ltr'>Caesar</span> <span class='ocrx_word' id='word_1_372' title='bbox 2324 1348 2434 1403; x_wconf 87' lang='lat' dir='ltr'>sibi</span> <span class='ocrx_word' id='word_1_373' title='bbox 2467 1351 2811 1420; x_wconf 87' lang='lat' dir='ltr'>probrosam</span> <span class='ocrx_word' id='word_1_374' title='bbox 2846 1352 3188 1409; x_wconf 83' lang='lat' dir='ltr'>existimans</span> 
     </span>
    </p>
   </div>
   <div class='ocr_carea' id='block_1_73' title="bbox 2012 1436 2877 1510">
    <p class='ocr_par' dir='ltr' id='par_1_73' title="bbox 2012 1436 2877 1510">
     <span class='ocr_line' id='line_1_73' title="bbox 2012 1436 2877 1510; baseline 0.006 -20"><span class='ocrx_word' id='word_1_375' title='bbox 2012 1436 2327 1492; x_wconf 83' lang='lat' dir='ltr'>Andronici</span> <span class='ocrx_word' id='word_1_376' title='bbox 2359 1439 2559 1509; x_wconf 79' lang='lat' dir='ltr'>fugam</span> <span class='ocrx_word' id='word_1_377' title='bbox 2592 1440 2877 1510; x_wconf 77' lang='lat' dir='ltr'>patruelis</span> 
     </span>
    </p>
   </div>
   <div class='ocr_carea' id='block_1_74' title="bbox 2011 1525 3006 1600">
    <p class='ocr_par' dir='ltr' id='par_1_74' title="bbox 2011 1525 3006 1600">
     <span class='ocr_line' id='line_1_74' title="bbox 2011 1525 3006 1600; baseline 0.005 -19"><span class='ocrx_word' id='word_1_378' title='bbox 2011 1531 2068 1581; x_wconf 90' lang='lat' dir='ltr'>et</span> <span class='ocrx_word' id='word_1_379' title='bbox 2095 1527 2155 1582; x_wconf 91' lang='lat' dir='ltr'>in</span> <span class='ocrx_word' id='word_1_380' title='bbox 2188 1525 2378 1582; x_wconf 89' lang='lat' dir='ltr'>alieno</span> <span class='ocrx_word' id='word_1_381' title='bbox 2411 1526 2534 1582; x_wconf 90' lang='lat' dir='ltr'>solo</span> <span class='ocrx_word' id='word_1_382' title='bbox 2565 1545 2772 1600; x_wconf 84' lang='lat' dir='ltr'>vagum</span> <span class='ocrx_word' id='word_1_383' title='bbox 2803 1530 3006 1599; x_wconf 88' lang='lat' dir='ltr'>vitam,</span> 
     </span>
    </p>
   </div>
   <div class='ocr_carea' id='block_1_75' title="bbox 2012 1616 3052 1690">
    <p class='ocr_par' dir='ltr' id='par_1_75' title="bbox 2012 1616 3052 1690">
     <span class='ocr_line' id='line_1_75' title="bbox 2012 1616 3052 1690; baseline 0.005 -20"><span class='ocrx_word' id='word_1_384' title='bbox 2012 1616 2186 1686; x_wconf 73' lang='lat' dir='ltr'>coepit</span> <span class='ocrx_word' id='word_1_385' title='bbox 2218 1620 2421 1686; x_wconf 90' lang='lat' dir='ltr'>putare</span> <span class='ocrx_word' id='word_1_386' title='bbox 2453 1633 2570 1686; x_wconf 92' lang='lat' dir='ltr'>qua</span> <span class='ocrx_word' id='word_1_387' title='bbox 2601 1618 2827 1672; x_wconf 78' lang='lat' dir='ltr'>ratione</span> <span class='ocrx_word' id='word_1_388' title='bbox 2859 1630 3052 1690; x_wconf 79' lang='lat' dir='ltr'>posset</span> 
     </span>
    </p>
   </div>
   <div class='ocr_carea' id='block_1_76' title="bbox 2014 1705 3262 1775">
    <p class='ocr_par' dir='ltr' id='par_1_76' title="bbox 2014 1705 3262 1775">
     <span class='ocr_line' id='line_1_76' title="bbox 2014 1705 3262 1775; baseline 0.004 -16"><span class='ocrx_word' id='word_1_389' title='bbox 2014 1705 2314 1760; x_wconf 88' lang='lat' dir='ltr'>hominem</span> <span class='ocrx_word' id='word_1_390' title='bbox 2345 1705 2404 1758; x_wconf 93' lang='lat' dir='ltr'>in</span> <span class='ocrx_word' id='word_1_391' title='bbox 2443 1705 2684 1775; x_wconf 88' lang='lat' dir='ltr'>patriam</span> <span class='ocrx_word' id='word_1_392' title='bbox 2721 1724 2888 1762; x_wconf 88' lang='lat' dir='ltr'>suam</span> <span class='ocrx_word' id='word_1_393' title='bbox 2922 1709 3214 1765; x_wconf 85' lang='lat' dir='ltr'>retrahere</span> <span class='ocrx_word' id='word_1_394' title='bbox 3251 1727 3262 1764; x_wconf 90' lang='lat'>:</span> 
     </span>
    </p>
   </div>
   <div class='ocr_carea' id='block_1_77' title="bbox 1936 1793 3062 1878">
    <p class='ocr_par' dir='ltr' id='par_1_77' title="bbox 1936 1793 3062 1878">
     <span class='ocr_line' id='line_1_77' title="bbox 1936 1793 3062 1878; baseline 0.002 -30"><span class='ocrx_word' id='word_1_395' title='bbox 1936 1815 1983 1878; x_wconf 81' lang='grc' dir='ltr'>Β</span> <span class='ocrx_word' id='word_1_396' title='bbox 2015 1794 2335 1866; x_wconf 69' lang='lat' dir='ltr'>prassertim</span> <span class='ocrx_word' id='word_1_397' title='bbox 2370 1793 2508 1863; x_wconf 87' lang='lat' dir='ltr'>quia</span> <span class='ocrx_word' id='word_1_398' title='bbox 2535 1796 2722 1849; x_wconf 79' lang='lat' dir='ltr'>didita</span> <span class='ocrx_word' id='word_1_399' title='bbox 2753 1795 2908 1850; x_wconf 85' lang='lat' dir='ltr'>fama</span> <span class='ocrx_word' id='word_1_400' title='bbox 2939 1801 3062 1850; x_wconf 85' lang='lat' dir='ltr'>erat</span> 
     </span>
    </p>
   </div>
   <div class='ocr_carea' id='block_1_78' title="bbox 2016 1883 3185 1955">
    <p class='ocr_par' dir='ltr' id='par_1_78' title="bbox 2016 1883 3185 1955">
     <span class='ocr_line' id='line_1_78' title="bbox 2016 1883 3185 1955; baseline 0 -17"><span class='ocrx_word' id='word_1_401' title='bbox 2016 1900 2182 1938; x_wconf 85' lang='lat' dir='ltr'>arma</span> <span class='ocrx_word' id='word_1_402' title='bbox 2209 1883 2554 1951; x_wconf 83' lang='lat' dir='ltr'>Scytharum</span> <span class='ocrx_word' id='word_1_403' title='bbox 2584 1883 2655 1937; x_wconf 86' lang='lat' dir='ltr'>ab</span> <span class='ocrx_word' id='word_1_404' title='bbox 2687 1883 2783 1938; x_wconf 91' lang='lat' dir='ltr'>illo</span> <span class='ocrx_word' id='word_1_405' title='bbox 2817 1887 3185 1955; x_wconf 85' lang='lat' dir='ltr'>commoveri,</span> 
     </span>
    </p>
   </div>
   <div class='ocr_carea' id='block_1_79' title="bbox 2013 1971 3372 2042">
    <p class='ocr_par' dir='ltr' id='par_1_79' title="bbox 2013 1971 3372 2042">
     <span class='ocr_line' id='line_1_79' title="bbox 2013 1971 3372 2042; baseline 0.002 -15"><span class='ocrx_word' id='word_1_406' title='bbox 2013 1971 2479 2042; x_wconf 67' lang='lat' dir='ltr'>Macedoniazque</span> <span class='ocrx_word' id='word_1_407' title='bbox 2511 1978 2566 2026; x_wconf 92' lang='lat' dir='ltr'>ct</span> <span class='ocrx_word' id='word_1_408' title='bbox 2596 1972 2856 2026; x_wconf 69' lang='lat' dir='ltr'>Thracia:</span> <span class='ocrx_word' id='word_1_409' title='bbox 2898 1974 3102 2030; x_wconf 77' lang='lat' dir='ltr'>adesse</span> <span class='ocrx_word' id='word_1_410' title='bbox 3135 1975 3372 2030; x_wconf 81' lang='lat' dir='ltr'>ﬁnibus.</span> 
     </span>
    </p>
   </div>
   <div class='ocr_carea' id='block_1_80' title="bbox 2016 2059 2833 2130">
    <p class='ocr_par' dir='ltr' id='par_1_80' title="bbox 2016 2059 2833 2130">
     <span class='ocr_line' id='line_1_80' title="bbox 2016 2059 2833 2130; baseline 0.002 -16"><span class='ocrx_word' id='word_1_411' title='bbox 2016 2062 2164 2130; x_wconf 85' lang='lat' dir='ltr'>Ergo</span> <span class='ocrx_word' id='word_1_412' title='bbox 2197 2060 2463 2114; x_wconf 88' lang='lat' dir='ltr'>benivola</span> <span class='ocrx_word' id='word_1_413' title='bbox 2495 2059 2689 2115; x_wconf 89' lang='lat' dir='ltr'>oblata</span> <span class='ocrx_word' id='word_1_414' title='bbox 2723 2063 2833 2116; x_wconf 86' lang='lat' dir='ltr'>lide</span> 
     </span>
    </p>
   </div>
   <div class='ocr_carea' id='block_1_81' title="bbox 2017 2149 3120 2220">
    <p class='ocr_par' dir='ltr' id='par_1_81' title="bbox 2017 2149 3120 2220">
     <span class='ocr_line' id='line_1_81' title="bbox 2017 2149 3120 2220; baseline 0.002 -15"><span class='ocrx_word' id='word_1_415' title='bbox 2017 2152 2205 2205; x_wconf 65' lang='lat' dir='ltr'>Caesar</span> <span class='ocrx_word' id='word_1_416' title='bbox 2235 2153 2290 2204; x_wconf 90' lang='lat' dir='ltr'>et</span> <span class='ocrx_word' id='word_1_417' title='bbox 2322 2154 2554 2220; x_wconf 82' lang='lat' dir='ltr'>recepta</span> <span class='ocrx_word' id='word_1_418' title='bbox 2586 2149 2856 2213; x_wconf 84' lang='lat' dir='ltr'>invicem,</span> <span class='ocrx_word' id='word_1_419' title='bbox 2892 2152 3120 2207; x_wconf 88' lang='lat' dir='ltr'>reduxit</span> 
     </span>
    </p>
   </div>
   <div class='ocr_carea' id='block_1_82' title="bbox 2019 2239 3391 2314">
    <p class='ocr_par' dir='ltr' id='par_1_82' title="bbox 2019 2239 3391 2314">
     <span class='ocr_line' id='line_1_82' title="bbox 2019 2239 3391 2314; baseline 0.003 -22"><span class='ocrx_word' id='word_1_420' title='bbox 2019 2239 2400 2293; x_wconf 88' lang='lat' dir='ltr'>Commenum</span> <span class='ocrx_word' id='word_1_421' title='bbox 2435 2239 2827 2294; x_wconf 79' lang='lat' dir='ltr'>Andronicum</span> <span class='ocrx_word' id='word_1_422' title='bbox 2863 2241 2934 2294; x_wconf 89' lang='lat' dir='ltr'>ad</span> <span class='ocrx_word' id='word_1_423' title='bbox 2967 2239 3118 2296; x_wconf 75' lang='lat' dir='ltr'>lares</span> <span class='ocrx_word' id='word_1_424' title='bbox 3152 2243 3391 2314; x_wconf 79' lang='lat' dir='ltr'>patrios.</span> 
     </span>
    </p>
   </div>
   <div class='ocr_carea' id='block_1_83' title="bbox 2020 2327 3120 2397">
    <p class='ocr_par' dir='ltr' id='par_1_83' title="bbox 2020 2327 3120 2397">
     <span class='ocr_line' id='line_1_83' title="bbox 2020 2327 3120 2397; baseline 0.005 -16"><span class='ocrx_word' id='word_1_425' title='bbox 2020 2327 2139 2381; x_wconf 91' lang='lat' dir='ltr'>Sub</span> <span class='ocrx_word' id='word_1_426' title='bbox 2169 2327 2320 2381; x_wconf 89' lang='lat' dir='ltr'>idem</span> <span class='ocrx_word' id='word_1_427' title='bbox 2355 2331 2588 2397; x_wconf 84' lang='lat' dir='ltr'>tempus</span> <span class='ocrx_word' id='word_1_428' title='bbox 2620 2328 2854 2383; x_wconf 71' lang='lat' dir='ltr'>P8301168</span> <span class='ocrx_word' id='word_1_429' title='bbox 2884 2329 3120 2386; x_wconf 77' lang='lat' dir='ltr'>effracta</span> 
     </span>
    </p>
   </div>
   <div class='ocr_carea' id='block_1_84' title="bbox 2023 2415 3120 2488">
    <p class='ocr_par' dir='ltr' id='par_1_84' title="bbox 2023 2415 3120 2488">
     <span class='ocr_line' id='line_1_84' title="bbox 2023 2415 3120 2488; baseline 0.005 -19"><span class='ocrx_word' id='word_1_430' title='bbox 2023 2433 2197 2486; x_wconf 86' lang='lat' dir='ltr'>quam</span> <span class='ocrx_word' id='word_1_431' title='bbox 2230 2415 2485 2470; x_wconf 86' lang='lat' dir='ltr'>Manueli</span> <span class='ocrx_word' id='word_1_432' title='bbox 2518 2418 2956 2488; x_wconf 88' lang='lat' dir='ltr'>spoponderant</span> <span class='ocrx_word' id='word_1_433' title='bbox 2986 2419 3120 2488; x_wconf 86' lang='lat' dir='ltr'>ﬁde,</span> 
     </span>
    </p>
   </div>
   <div class='ocr_carea' id='block_1_85' title="bbox 2025 2505 3258 2577">
    <p class='ocr_par' dir='ltr' id='par_1_85' title="bbox 2025 2505 3258 2577">
     <span class='ocr_line' id='line_1_85' title="bbox 2025 2505 3258 2577; baseline 0.003 -17"><span class='ocrx_word' id='word_1_434' title='bbox 2025 2510 2256 2560; x_wconf 90' lang='lat' dir='ltr'>nostras</span> <span class='ocrx_word' id='word_1_435' title='bbox 2287 2505 2360 2560; x_wconf 90' lang='lat' dir='ltr'>ad</span> <span class='ocrx_word' id='word_1_436' title='bbox 2391 2507 2602 2560; x_wconf 86' lang='lat' dir='ltr'>Istrum</span> <span class='ocrx_word' id='word_1_437' title='bbox 2637 2506 3022 2563; x_wconf 85' lang='lat' dir='ltr'>incursabant</span> <span class='ocrx_word' id='word_1_438' title='bbox 3050 2515 3258 2577; x_wconf 87' lang='lat' dir='ltr'>terras,</span> 
     </span>
    </p>
   </div>
   <div class='ocr_carea' id='block_1_86' title="bbox 2024 2595 3201 2668">
    <p class='ocr_par' dir='ltr' id='par_1_86' title="bbox 2024 2595 3201 2668">
     <span class='ocr_line' id='line_1_86' title="bbox 2024 2595 3201 2668; baseline 0.004 -19"><span class='ocrx_word' id='word_1_439' title='bbox 2024 2599 2080 2649; x_wconf 90' lang='lat' dir='ltr'>et</span> <span class='ocrx_word' id='word_1_440' title='bbox 2107 2610 2241 2648; x_wconf 89' lang='lat' dir='ltr'>cum</span> <span class='ocrx_word' id='word_1_441' title='bbox 2276 2595 2548 2650; x_wconf 74' lang='lat' dir='ltr'>Romanis</span> <span class='ocrx_word' id='word_1_442' title='bbox 2581 2597 2878 2668; x_wconf 85' lang='lat' dir='ltr'>congressi</span> <span class='ocrx_word' id='word_1_443' title='bbox 2912 2596 3201 2654; x_wconf 85' lang='lat' dir='ltr'>militibus</span> 
     </span>
    </p>
   </div>
   <div class='ocr_carea' id='block_1_87' title="bbox 2024 2681 3276 2756">
    <p class='ocr_par' dir='ltr' id='par_1_87' title="bbox 2024 2681 3276 2756">
     <span class='ocr_line' id='line_1_87' title="bbox 2024 2681 3276 2756; baseline 0.002 -19"><span class='ocrx_word' id='word_1_444' title='bbox 2024 2683 2265 2738; x_wconf 76' lang='lat' dir='ltr'>victoria</span> <span class='ocrx_word' id='word_1_445' title='bbox 2295 2687 2352 2738; x_wconf 89' lang='lat' dir='ltr'>et</span> <span class='ocrx_word' id='word_1_446' title='bbox 2382 2681 2586 2755; x_wconf 87' lang='lat' dir='ltr'>spoliis</span> <span class='ocrx_word' id='word_1_447' title='bbox 2617 2683 2888 2756; x_wconf 89' lang='lat' dir='ltr'>plurimis</span> <span class='ocrx_word' id='word_1_448' title='bbox 2919 2692 3058 2742; x_wconf 88' lang='lat' dir='ltr'>sunt</span> <span class='ocrx_word' id='word_1_449' title='bbox 3089 2688 3276 2753; x_wconf 82' lang='lat' dir='ltr'>potiti.</span> 
     </span>
    </p>
   </div>
   <div class='ocr_carea' id='block_1_88' title="bbox 2025 2772 3450 2848">
    <p class='ocr_par' dir='ltr' id='par_1_88' title="bbox 2025 2772 3450 2848">
     <span class='ocr_line' id='line_1_88' title="bbox 2025 2772 3450 2848; baseline 0.004 -22"><span class='ocrx_word' id='word_1_450' title='bbox 2025 2772 2415 2837; x_wconf 88' lang='lat' dir='ltr'>Quamobrem</span> <span class='ocrx_word' id='word_1_451' title='bbox 2449 2772 2637 2827; x_wconf 67' lang='lat' dir='ltr'>Caesar</span> <span class='ocrx_word' id='word_1_452' title='bbox 2665 2775 3050 2846; x_wconf 84' lang='lat' dir='ltr'>Zeugminum</span> <span class='ocrx_word' id='word_1_453' title='bbox 3087 2793 3450 2848; x_wconf 81' lang='lat' dir='ltr'>progressus,</span> 
     </span>
    </p>
   </div>
   <div class='ocr_carea' id='block_1_89' title="bbox 2027 2862 3398 2938">
    <p class='ocr_par' dir='ltr' id='par_1_89' title="bbox 2027 2862 3398 2938">
     <span class='ocr_line' id='line_1_89' title="bbox 2027 2862 3398 2938; baseline 0 -22"><span class='ocrx_word' id='word_1_454' title='bbox 2027 2878 2204 2933; x_wconf 86' lang='lat' dir='ltr'>quam</span> <span class='ocrx_word' id='word_1_455' title='bbox 2237 2862 2438 2916; x_wconf 88' lang='lat' dir='ltr'>urbem</span> <span class='ocrx_word' id='word_1_456' title='bbox 2471 2879 2657 2932; x_wconf 89' lang='lat' dir='ltr'>nuper</span> <span class='ocrx_word' id='word_1_457' title='bbox 2688 2863 2921 2919; x_wconf 62' lang='lat' dir='ltr'>Paones</span> <span class='ocrx_word' id='word_1_458' title='bbox 2952 2873 3398 2938; x_wconf 79' lang='lat' dir='ltr'>occupaverant,</span> 
     </span>
    </p>
   </div>
   <div class='ocr_carea' id='block_1_90' title="bbox 2029 2950 3084 3024">
    <p class='ocr_par' dir='ltr' id='par_1_90' title="bbox 2029 2950 3084 3024">
     <span class='ocr_line' id='line_1_90' title="bbox 2029 2950 3084 3024; baseline 0.004 -20"><span class='ocrx_word' id='word_1_459' title='bbox 2029 2966 2233 3005; x_wconf 89' lang='lat' dir='ltr'>rursus</span> <span class='ocrx_word' id='word_1_460' title='bbox 2261 2950 2522 3006; x_wconf 83' lang='lat' dir='ltr'>Romano</span> <span class='ocrx_word' id='word_1_461' title='bbox 2549 2951 2806 3007; x_wconf 87' lang='lat' dir='ltr'>vindicat</span> <span class='ocrx_word' id='word_1_462' title='bbox 2837 2953 3084 3024; x_wconf 90' lang='lat' dir='ltr'>imperio</span> 
     </span>
    </p>
   </div>
   <div class='ocr_carea' id='block_1_91' title="bbox 2027 3037 3160 3096">
    <p class='ocr_par' dir='ltr' id='par_1_91' title="bbox 2027 3037 3160 3096">
     <span class='ocr_line' id='line_1_91' title="bbox 2027 3037 3160 3096; baseline 0.003 -3"><span class='ocrx_word' id='word_1_463' title='bbox 2027 3038 2287 3094; x_wconf 86' lang='lat' dir='ltr'>victoriis</span> <span class='ocrx_word' id='word_1_464' title='bbox 2317 3043 2372 3093; x_wconf 89' lang='lat' dir='ltr'>et</span> <span class='ocrx_word' id='word_1_465' title='bbox 2405 3037 2666 3094; x_wconf 87' lang='lat' dir='ltr'>consiliis</span> <span class='ocrx_word' id='word_1_466' title='bbox 2697 3046 2751 3095; x_wconf 87' lang='lat' dir='ltr'>et</span> <span class='ocrx_word' id='word_1_467' title='bbox 2785 3047 2906 3096; x_wconf 90' lang='lat' dir='ltr'>arte</span> <span class='ocrx_word' id='word_1_468' title='bbox 2938 3042 3160 3096; x_wconf 78' lang='lat' dir='ltr'>bellica.</span> 
     </span>
    </p>
   </div>
   <div class='ocr_carea' id='block_1_92' title="bbox 2030 3126 3034 3199">
    <p class='ocr_par' dir='ltr' id='par_1_92' title="bbox 2030 3126 3034 3199">
     <span class='ocr_line' id='line_1_92' title="bbox 2030 3126 3034 3199; baseline 0.002 -17"><span class='ocrx_word' id='word_1_469' title='bbox 2030 3126 2317 3198; x_wconf 87' lang='lat' dir='ltr'>lnclytum</span> <span class='ocrx_word' id='word_1_470' title='bbox 2351 3126 2507 3181; x_wconf 87' lang='lat' dir='ltr'>aliud</span> <span class='ocrx_word' id='word_1_471' title='bbox 2540 3133 2593 3181; x_wconf 90' lang='lat' dir='ltr'>et</span> <span class='ocrx_word' id='word_1_472' title='bbox 2628 3129 3034 3199; x_wconf 88' lang='lat' dir='ltr'>famigeratum</span> 
     </span>
    </p>
   </div>
   <div class='ocr_carea' id='block_1_93' title="bbox 2032 3215 2980 3288">
    <p class='ocr_par' dir='ltr' id='par_1_93' title="bbox 2032 3215 2980 3288">
     <span class='ocr_line' id='line_1_93' title="bbox 2032 3215 2980 3288; baseline 0.003 -18"><span class='ocrx_word' id='word_1_473' title='bbox 2032 3215 2288 3288; x_wconf 65' lang='lat' dir='ltr'>praeclari</span> <span class='ocrx_word' id='word_1_474' title='bbox 2322 3217 2476 3287; x_wconf 86' lang='lat' dir='ltr'>regis</span> <span class='ocrx_word' id='word_1_475' title='bbox 2508 3234 2656 3288; x_wconf 91' lang='lat' dir='ltr'>opus</span> <span class='ocrx_word' id='word_1_476' title='bbox 2689 3217 2980 3273; x_wconf 89' lang='lat' dir='ltr'>inclaruit.</span> 
     </span>
    </p>
   </div>
   <div class='ocr_carea' id='block_1_94' title="bbox 2031 3304 3094 3377">
    <p class='ocr_par' dir='ltr' id='par_1_94' title="bbox 2031 3304 3094 3377">
     <span class='ocr_line' id='line_1_94' title="bbox 2031 3304 3094 3377; baseline 0.003 -18"><span class='ocrx_word' id='word_1_477' title='bbox 2031 3304 2213 3360; x_wconf 90' lang='lat' dir='ltr'>Urbes</span> <span class='ocrx_word' id='word_1_478' title='bbox 2243 3304 2530 3359; x_wconf 78' lang='lat' dir='ltr'>Asiaticus</span> <span class='ocrx_word' id='word_1_479' title='bbox 2560 3305 2733 3360; x_wconf 89' lang='lat' dir='ltr'>utiles</span> <span class='ocrx_word' id='word_1_480' title='bbox 2764 3307 3094 3377; x_wconf 79' lang='lat' dir='ltr'>reipublicae</span> 
     </span>
    </p>
   </div>
   <div class='ocr_carea' id='block_1_95' title="bbox 2030 3393 3272 3468">
    <p class='ocr_par' dir='ltr' id='par_1_95' title="bbox 2030 3393 3272 3468">
     <span class='ocr_line' id='line_1_95' title="bbox 2030 3393 3272 3468; baseline 0.003 -20"><span class='ocrx_word' id='word_1_481' title='bbox 2030 3393 2319 3448; x_wconf 77' lang='lat' dir='ltr'>Ghliaram</span> <span class='ocrx_word' id='word_1_482' title='bbox 2353 3393 2697 3464; x_wconf 82' lang='lat' dir='ltr'>Pergamum</span> <span class='ocrx_word' id='word_1_483' title='bbox 2733 3396 2996 3466; x_wconf 88' lang='lat' dir='ltr'>aliasque</span> <span class='ocrx_word' id='word_1_484' title='bbox 3026 3397 3272 3468; x_wconf 88' lang='lat' dir='ltr'>aliquot,</span> 
     </span>
    </p>
   </div>
   <div class='ocr_carea' id='block_1_96' title="bbox 2034 3482 3242 3552">
    <p class='ocr_par' dir='ltr' id='par_1_96' title="bbox 2034 3482 3242 3552">
     <span class='ocr_line' id='line_1_96' title="bbox 2034 3482 3242 3552; baseline 0.007 -18"><span class='ocrx_word' id='word_1_485' title='bbox 2034 3483 2308 3551; x_wconf 89' lang='lat' dir='ltr'>(quarum</span> <span class='ocrx_word' id='word_1_486' title='bbox 2342 3497 2478 3552; x_wconf 85' lang='lat' dir='ltr'>ager</span> <span class='ocrx_word' id='word_1_487' title='bbox 2509 3482 2717 3538; x_wconf 89' lang='lat' dir='ltr'>misere</span> <span class='ocrx_word' id='word_1_488' title='bbox 2750 3486 2942 3540; x_wconf 88' lang='lat' dir='ltr'>Persis</span> <span class='ocrx_word' id='word_1_489' title='bbox 2974 3487 3242 3542; x_wconf 86' lang='lat' dir='ltr'>barbaris</span> 
     </span>
    </p>
   </div>
   <div class='ocr_carea' id='block_1_97' title="bbox 2034 3569 3164 3642">
    <p class='ocr_par' dir='ltr' id='par_1_97' title="bbox 2034 3569 3164 3642">
     <span class='ocr_line' id='line_1_97' title="bbox 2034 3569 3164 3642; baseline 0.005 -17"><span class='ocrx_word' id='word_1_490' title='bbox 2034 3569 2340 3640; x_wconf 77' lang='lat' dir='ltr'>obnoxius,</span> <span class='ocrx_word' id='word_1_491' title='bbox 2376 3571 2508 3642; x_wconf 86' lang='lat' dir='ltr'>igne</span> <span class='ocrx_word' id='word_1_492' title='bbox 2539 3579 2594 3628; x_wconf 90' lang='lat' dir='ltr'>et</span> <span class='ocrx_word' id='word_1_493' title='bbox 2627 3574 2774 3628; x_wconf 84' lang='lat' dir='ltr'>ferro</span> <span class='ocrx_word' id='word_1_494' title='bbox 2807 3577 3164 3642; x_wconf 82' lang='lat' dir='ltr'>vastabatur,</span> 
     </span>
    </p>
   </div>
   <div class='ocr_carea' id='block_1_98' title="bbox 2039 3663 3292 3735">
    <p class='ocr_par' dir='ltr' id='par_1_98' title="bbox 2039 3663 3292 3735">
     <span class='ocr_line' id='line_1_98' title="bbox 2039 3663 3292 3735; baseline 0.005 -22"><span class='ocrx_word' id='word_1_495' title='bbox 2039 3667 2340 3732; x_wconf 88' lang='lat' dir='ltr'>propterea</span> <span class='ocrx_word' id='word_1_496' title='bbox 2373 3663 2526 3733; x_wconf 90' lang='lat' dir='ltr'>quod</span> <span class='ocrx_word' id='word_1_497' title='bbox 2563 3663 2819 3735; x_wconf 60' lang='lat' dir='ltr'>pagatim</span> <span class='ocrx_word' id='word_1_498' title='bbox 2853 3664 3292 3735; x_wconf 81' lang='lat' dir='ltr'>habitabantur)</span> 
     </span>
    </p>
   </div>
   <div class='ocr_carea' id='block_1_99' title="bbox 2039 3750 3304 3809">
    <p class='ocr_par' dir='ltr' id='par_1_99' title="bbox 2039 3750 3304 3809">
     <span class='ocr_line' id='line_1_99' title="bbox 2039 3750 3304 3809; baseline 0.005 -6"><span class='ocrx_word' id='word_1_499' title='bbox 2039 3750 2334 3804; x_wconf 83' lang='lat' dir='ltr'>mccnibus</span> <span class='ocrx_word' id='word_1_500' title='bbox 2367 3750 2554 3806; x_wconf 72' lang='lat' dir='ltr'>Caesar</span> <span class='ocrx_word' id='word_1_501' title='bbox 2585 3759 2826 3808; x_wconf 85' lang='lat' dir='ltr'>cunctas</span> <span class='ocrx_word' id='word_1_502' title='bbox 2859 3755 3260 3809; x_wconf 87' lang='lat' dir='ltr'>circumclusit</span> <span class='ocrx_word' id='word_1_503' title='bbox 3292 3772 3304 3809; x_wconf 93' lang='lat'><strong>:</strong></span> 
     </span>
    </p>
   </div>
   <div class='ocr_carea' id='block_1_100' title="bbox 2039 3841 3084 3899">
    <p class='ocr_par' dir='ltr' id='par_1_100' title="bbox 2039 3841 3084 3899">
     <span class='ocr_line' id='line_1_100' title="bbox 2039 3841 3084 3899; baseline 0.005 -6"><span class='ocrx_word' id='word_1_504' title='bbox 2039 3844 2096 3893; x_wconf 87' lang='lat' dir='ltr'>et</span> <span class='ocrx_word' id='word_1_505' title='bbox 2126 3841 2548 3895; x_wconf 90' lang='lat' dir='ltr'>communitam</span> <span class='ocrx_word' id='word_1_506' title='bbox 2582 3841 2791 3897; x_wconf 88' lang='lat' dir='ltr'>validis</span> <span class='ocrx_word' id='word_1_507' title='bbox 2828 3843 3084 3899; x_wconf 86' lang='lat' dir='ltr'>castellis</span> 
     </span>
    </p>
   </div>
   <div class='ocr_carea' id='block_1_101' title="bbox 2044 3928 3281 4002">
    <p class='ocr_par' dir='ltr' id='par_1_101' title="bbox 2044 3928 3281 4002">
     <span class='ocr_line' id='line_1_101' title="bbox 2044 3928 3281 4002; baseline 0.004 -21"><span class='ocrx_word' id='word_1_508' title='bbox 2044 3928 2421 4000; x_wconf 87' lang='lat' dir='ltr'>provinciam,</span> <span class='ocrx_word' id='word_1_509' title='bbox 2455 3930 2669 3984; x_wconf 87' lang='lat' dir='ltr'>damno</span> <span class='ocrx_word' id='word_1_510' title='bbox 2702 3932 2927 3985; x_wconf 85' lang='lat' dir='ltr'>Persico</span> <span class='ocrx_word' id='word_1_511' title='bbox 2963 3933 3281 4002; x_wconf 82' lang='lat' dir='ltr'>prohibuit.</span> 
     </span>
    </p>
   </div>
   <div class='ocr_carea' id='block_1_102' title="bbox 2042 4018 3260 4086">
    <p class='ocr_par' dir='ltr' id='par_1_102' title="bbox 2042 4018 3260 4086">
     <span class='ocr_line' id='line_1_102' title="bbox 2042 4018 3260 4086; baseline 0.001 -15"><span class='ocrx_word' id='word_1_512' title='bbox 2042 4018 2132 4072; x_wconf 91' lang='lat' dir='ltr'>Sic</span> <span class='ocrx_word' id='word_1_513' title='bbox 2163 4023 2358 4072; x_wconf 88' lang='lat' dir='ltr'>autem</span> <span class='ocrx_word' id='word_1_514' title='bbox 2391 4019 2571 4073; x_wconf 81' lang='lat' dir='ltr'>crevit</span> <span class='ocrx_word' id='word_1_515' title='bbox 2601 4019 2924 4074; x_wconf 88' lang='lat' dir='ltr'>incolarum</span> <span class='ocrx_word' id='word_1_516' title='bbox 2960 4039 3260 4086; x_wconf 59' lang='lat' dir='ltr'>numeras,</span> 
     </span>
    </p>
   </div>
   <div class='ocr_carea' id='block_1_103' title="bbox 2046 4106 3201 4178">
    <p class='ocr_par' dir='ltr' id='par_1_103' title="bbox 2046 4106 3201 4178">
     <span class='ocr_line' id='line_1_103' title="bbox 2046 4106 3201 4178; baseline 0.004 -18"><span class='ocrx_word' id='word_1_517' title='bbox 2046 4106 2127 4160; x_wconf 78' lang='lat' dir='ltr'>sic</span> <span class='ocrx_word' id='word_1_518' title='bbox 2157 4107 2433 4178; x_wconf 80' lang='lat' dir='ltr'>ampliata</span> <span class='ocrx_word' id='word_1_519' title='bbox 2465 4114 2602 4162; x_wconf 89' lang='lat' dir='ltr'>sunt</span> <span class='ocrx_word' id='word_1_520' title='bbox 2634 4108 2858 4163; x_wconf 86' lang='lat' dir='ltr'>vivendi</span> <span class='ocrx_word' id='word_1_521' title='bbox 2891 4111 3201 4165; x_wconf 83' lang='lat' dir='ltr'>commoda</span> 
     </span>
    </p>
   </div>
   <div class='ocr_carea' id='block_1_104' title="bbox 2046 4195 3258 4269">
    <p class='ocr_par' dir='ltr' id='par_1_104' title="bbox 2046 4195 3258 4269">
     <span class='ocr_line' id='line_1_104' title="bbox 2046 4195 3258 4269; baseline 0 -19"><span class='ocrx_word' id='word_1_522' title='bbox 2046 4196 2222 4266; x_wconf 83' lang='lat' dir='ltr'>agris,</span> <span class='ocrx_word' id='word_1_523' title='bbox 2247 4195 2576 4260; x_wconf 88' lang='lat' dir='ltr'>arboribus,</span> <span class='ocrx_word' id='word_1_524' title='bbox 2604 4199 3041 4269; x_wconf 83' lang='lat' dir='ltr'>peregrinisque</span> <span class='ocrx_word' id='word_1_525' title='bbox 3075 4198 3258 4262; x_wconf 71' lang='lat' dir='ltr'>bonis,</span> 
     </span>
    </p>
   </div>
   <div class='ocr_carea' id='block_1_105' title="bbox 2050 4284 3153 4358">
    <p class='ocr_par' dir='ltr' id='par_1_105' title="bbox 2050 4284 3153 4358">
     <span class='ocr_line' id='line_1_105' title="bbox 2050 4284 3153 4358; baseline 0.005 -20"><span class='ocrx_word' id='word_1_526' title='bbox 2050 4290 2110 4339; x_wconf 90' lang='lat' dir='ltr'>ut</span> <span class='ocrx_word' id='word_1_527' title='bbox 2134 4285 2254 4339; x_wconf 73' lang='lat' dir='ltr'>haec</span> <span class='ocrx_word' id='word_1_528' title='bbox 2275 4284 2513 4339; x_wconf 84' lang='lat' dir='ltr'>castella</span> <span class='ocrx_word' id='word_1_529' title='bbox 2549 4285 2950 4358; x_wconf 72' lang='lat' dir='ltr'>[medicinaque</span> <span class='ocrx_word' id='word_1_530' title='bbox 2982 4289 3153 4343; x_wconf 84' lang='lat' dir='ltr'>urbes</span> 
     </span>
    </p>
   </div>
   <div class='ocr_carea' id='block_1_106' title="bbox 2050 4373 3188 4446">
    <p class='ocr_par' dir='ltr' id='par_1_106' title="bbox 2050 4373 3188 4446">
     <span class='ocr_line' id='line_1_106' title="bbox 2050 4373 3188 4446; baseline 0.005 -20"><span class='ocrx_word' id='word_1_531' title='bbox 2050 4375 2135 4427; x_wconf 90' lang='lat' dir='ltr'>vel</span> <span class='ocrx_word' id='word_1_532' title='bbox 2168 4373 2312 4444; x_wconf 83' lang='lat' dir='ltr'>ipsis</span> <span class='ocrx_word' id='word_1_533' title='bbox 2346 4374 2574 4446; x_wconf 85' lang='lat' dir='ltr'>magnis</span> <span class='ocrx_word' id='word_1_534' title='bbox 2609 4375 2854 4430; x_wconf 90' lang='lat' dir='ltr'>urbibus</span> <span class='ocrx_word' id='word_1_535' title='bbox 2886 4378 3188 4432; x_wconf 85' lang='lat' dir='ltr'>antistent.</span> 
     </span>
    </p>
   </div>
   <div class='ocr_carea' id='block_1_107' title="bbox 2052 4462 3110 4531">
    <p class='ocr_par' dir='ltr' id='par_1_107' title="bbox 2052 4462 3110 4531">
     <span class='ocr_line' id='line_1_107' title="bbox 2052 4462 3110 4531; baseline 0.006 -17"><span class='ocrx_word' id='word_1_536' title='bbox 2052 4463 2150 4517; x_wconf 80' lang='lat' dir='ltr'>llis</span> <span class='ocrx_word' id='word_1_537' title='bbox 2184 4464 2262 4517; x_wconf 82' lang='lat' dir='ltr'>ita</span> <span class='ocrx_word' id='word_1_538' title='bbox 2290 4462 2500 4531; x_wconf 82' lang='lat' dir='ltr'>gestis;</span> <span class='ocrx_word' id='word_1_539' title='bbox 2541 4463 2771 4518; x_wconf 86' lang='lat' dir='ltr'>interim</span> <span class='ocrx_word' id='word_1_540' title='bbox 2805 4466 3110 4520; x_wconf 67' lang='lat' dir='ltr'>Paeonibus</span> 
     </span>
    </p>
   </div>
   <div class='ocr_carea' id='block_1_108' title="bbox 1977 4547 3192 4623">
    <p class='ocr_par' dir='ltr' id='par_1_108' title="bbox 1977 4547 3192 4623">
     <span class='ocr_line' id='line_1_108' title="bbox 1977 4547 3192 4623; baseline -0.002 -13"><span class='ocrx_word' id='word_1_541' title='bbox 1977 4547 2018 4611; x_wconf 87' lang='lat' dir='ltr'>D</span> <span class='ocrx_word' id='word_1_542' title='bbox 2049 4552 2223 4606; x_wconf 81' lang='lat' dir='ltr'>ﬁdem</span> <span class='ocrx_word' id='word_1_543' title='bbox 2249 4552 2505 4622; x_wconf 84' lang='lat' dir='ltr'>juratam</span> <span class='ocrx_word' id='word_1_544' title='bbox 2538 4551 2728 4607; x_wconf 90' lang='lat' dir='ltr'>denuo</span> <span class='ocrx_word' id='word_1_545' title='bbox 2761 4555 3192 4623; x_wconf 72' lang='lat' dir='ltr'>rumpentibus,</span> 
     </span>
    </p>
   </div>
   <div class='ocr_carea' id='block_1_109' title="bbox 2055 4641 3010 4713">
    <p class='ocr_par' dir='ltr' id='par_1_109' title="bbox 2055 4641 3010 4713">
     <span class='ocr_line' id='line_1_109' title="bbox 2055 4641 3010 4713; baseline 0.002 -18"><span class='ocrx_word' id='word_1_546' title='bbox 2055 4641 2252 4695; x_wconf 83' lang='lat' dir='ltr'>relicta</span> <span class='ocrx_word' id='word_1_547' title='bbox 2287 4641 2443 4712; x_wconf 81' lang='lat' dir='ltr'>regia</span> <span class='ocrx_word' id='word_1_548' title='bbox 2476 4643 2664 4712; x_wconf 87' lang='lat' dir='ltr'>pergit</span> <span class='ocrx_word' id='word_1_549' title='bbox 2695 4642 3010 4713; x_wconf 84' lang='lat' dir='ltr'>imperator</span> 
     </span>
    </p>
   </div>
   <div class='ocr_carea' id='block_1_110' title="bbox 2054 4730 3320 4802">
    <p class='ocr_par' dir='ltr' id='par_1_110' title="bbox 2054 4730 3320 4802">
     <span class='ocr_line' id='line_1_110' title="bbox 2054 4730 3320 4802; baseline 0.004 -21"><span class='ocrx_word' id='word_1_550' title='bbox 2054 4730 2353 4784; x_wconf 82' lang='lat' dir='ltr'>Sardicam</span> <span class='ocrx_word' id='word_1_551' title='bbox 2389 4747 2575 4800; x_wconf 90' lang='lat' dir='ltr'>usque</span> <span class='ocrx_word' id='word_1_552' title='bbox 2609 4732 2834 4799; x_wconf 86' lang='lat' dir='ltr'>urbem,</span> <span class='ocrx_word' id='word_1_553' title='bbox 2871 4749 2985 4802; x_wconf 91' lang='lat' dir='ltr'>quo</span> <span class='ocrx_word' id='word_1_554' title='bbox 3019 4734 3320 4788; x_wconf 84' lang='lat' dir='ltr'>condictus</span> 
     </span>
    </p>
   </div>
   <div class='ocr_carea' id='block_1_111' title="bbox 2058 4819 3212 4887">
    <p class='ocr_par' dir='ltr' id='par_1_111' title="bbox 2058 4819 3212 4887">
     <span class='ocr_line' id='line_1_111' title="bbox 2058 4819 3212 4887; baseline 0.003 -15"><span class='ocrx_word' id='word_1_555' title='bbox 2058 4819 2332 4873; x_wconf 76' lang='lat' dir='ltr'>Romanis</span> <span class='ocrx_word' id='word_1_556' title='bbox 2366 4819 2691 4887; x_wconf 72' lang='lat' dir='ltr'>legionibus</span> <span class='ocrx_word' id='word_1_557' title='bbox 2723 4827 3042 4876; x_wconf 90' lang='lat' dir='ltr'>conventus</span> <span class='ocrx_word' id='word_1_558' title='bbox 3073 4828 3212 4877; x_wconf 78' lang='lat' dir='ltr'>erat.</span> 
     </span>
    </p>
   </div>
   <div class='ocr_carea' id='block_1_112' title="bbox 2060 4907 3127 4978">
    <p class='ocr_par' dir='ltr' id='par_1_112' title="bbox 2060 4907 3127 4978">
     <span class='ocr_line' id='line_1_112' title="bbox 2060 4907 3127 4978; baseline 0.001 -15"><span class='ocrx_word' id='word_1_559' title='bbox 2060 4907 2161 4963; x_wconf 90' lang='lat' dir='ltr'>Ubi</span> <span class='ocrx_word' id='word_1_560' title='bbox 2199 4908 2478 4963; x_wconf 73' lang='lat' dir='ltr'>universa:</span> <span class='ocrx_word' id='word_1_561' title='bbox 2511 4915 2908 4964; x_wconf 88' lang='lat' dir='ltr'>convenerunt</span> <span class='ocrx_word' id='word_1_562' title='bbox 2932 4912 3127 4978; x_wconf 66' lang='lat' dir='ltr'>00,!ii&#39;13,</span> 
     </span>
    </p>
   </div>
   <div class='ocr_carea' id='block_1_113' title="bbox 2059 4999 3277 5068">
    <p class='ocr_par' dir='ltr' id='par_1_113' title="bbox 2059 4999 3277 5068">
     <span class='ocr_line' id='line_1_113' title="bbox 2059 4999 3277 5068; baseline 0.003 -16"><span class='ocrx_word' id='word_1_563' title='bbox 2059 4999 2272 5052; x_wconf 86' lang='lat' dir='ltr'>ducum</span> <span class='ocrx_word' id='word_1_564' title='bbox 2308 4999 2685 5068; x_wconf 86' lang='lat' dir='ltr'>prudentium</span> <span class='ocrx_word' id='word_1_565' title='bbox 2713 5001 2901 5055; x_wconf 63' lang='lat' dir='ltr'>Caesar</span> <span class='ocrx_word' id='word_1_566' title='bbox 2935 5003 3002 5056; x_wconf 89' lang='lat' dir='ltr'>de</span> <span class='ocrx_word' id='word_1_567' title='bbox 3033 5002 3277 5056; x_wconf 86' lang='lat' dir='ltr'>consilio</span> 
     </span>
    </p>
   </div>
   <div class='ocr_carea' id='block_1_114' title="bbox 2061 5088 3230 5160">
    <p class='ocr_par' dir='ltr' id='par_1_114' title="bbox 2061 5088 3230 5160">
     <span class='ocr_line' id='line_1_114' title="bbox 2061 5088 3230 5160; baseline 0 -18"><span class='ocrx_word' id='word_1_568' title='bbox 2061 5088 2454 5142; x_wconf 82' lang='lat' dir='ltr'>Andronicum</span> <span class='ocrx_word' id='word_1_569' title='bbox 2488 5093 2645 5142; x_wconf 85' lang='lat' dir='ltr'>creat</span> <span class='ocrx_word' id='word_1_570' title='bbox 2675 5089 3230 5160; x_wconf 84' lang='lat' dir='ltr'>contostephanum,</span> 
     </span>
    </p>
   </div>
   <div class='ocr_carea' id='block_1_115' title="bbox 2061 5175 3210 5248">
    <p class='ocr_par' dir='ltr' id='par_1_115' title="bbox 2061 5175 3210 5248">
     <span class='ocr_line' id='line_1_115' title="bbox 2061 5175 3210 5248; baseline 0.002 -18"><span class='ocrx_word' id='word_1_571' title='bbox 2061 5177 2247 5231; x_wconf 80' lang='lat' dir='ltr'>virum</span> <span class='ocrx_word' id='word_1_572' title='bbox 2281 5175 2629 5230; x_wconf 86' lang='lat' dir='ltr'>mavortium</span> <span class='ocrx_word' id='word_1_573' title='bbox 2664 5177 2878 5248; x_wconf 66' lang='lat' dir='ltr'>prazliis</span> <span class='ocrx_word' id='word_1_574' title='bbox 2905 5178 3210 5244; x_wconf 87' lang='lat' dir='ltr'>invictum,</span> 
     </span>
    </p>
   </div>
   <div class='ocr_carea' id='block_1_116' title="bbox 2064 5264 3284 5338">
    <p class='ocr_par' dir='ltr' id='par_1_116' title="bbox 2064 5264 3284 5338">
     <span class='ocr_line' id='line_1_116' title="bbox 2064 5264 3284 5338; baseline 0 -17"><span class='ocrx_word' id='word_1_575' title='bbox 2064 5266 2234 5336; x_wconf 84' lang='lat' dir='ltr'>eique</span> <span class='ocrx_word' id='word_1_576' title='bbox 2265 5264 2484 5319; x_wconf 88' lang='lat' dir='ltr'>bellum</span> <span class='ocrx_word' id='word_1_577' title='bbox 2517 5266 2829 5322; x_wconf 87' lang='lat' dir='ltr'>committit</span> <span class='ocrx_word' id='word_1_578' title='bbox 2863 5267 3284 5338; x_wconf 83' lang='lat' dir='ltr'>Ilungaricum.</span> 
     </span>
    </p>
   </div>
   <div class='ocr_carea' id='block_1_117' title="bbox 2065 5355 3190 5424">
    <p class='ocr_par' dir='ltr' id='par_1_117' title="bbox 2065 5355 3190 5424">
     <span class='ocr_line' id='line_1_117' title="bbox 2065 5355 3190 5424; baseline 0.001 -15"><span class='ocrx_word' id='word_1_579' title='bbox 2065 5355 2118 5409; x_wconf 90' lang='lat' dir='ltr'>Is</span> <span class='ocrx_word' id='word_1_580' title='bbox 2150 5369 2278 5409; x_wconf 84' lang='lat' dir='ltr'>vero</span> <span class='ocrx_word' id='word_1_581' title='bbox 2309 5363 2611 5424; x_wconf 86' lang='lat' dir='ltr'>assumpto</span> <span class='ocrx_word' id='word_1_582' title='bbox 2642 5355 2891 5410; x_wconf 80' lang='lat' dir='ltr'>exercitu</span> <span class='ocrx_word' id='word_1_583' title='bbox 2929 5359 3190 5412; x_wconf 81' lang='lat' dir='ltr'>Romano</span> 
     </span>
    </p>
   </div>
   <div class='ocr_carea' id='block_1_118' title="bbox 2068 5442 3186 5516">
    <p class='ocr_par' dir='ltr' id='par_1_118' title="bbox 2068 5442 3186 5516">
     <span class='ocr_line' id='line_1_118' title="bbox 2068 5442 3186 5516; baseline -0.001 -17"><span class='ocrx_word' id='word_1_584' title='bbox 2068 5443 2258 5516; x_wconf 91' lang='lat' dir='ltr'>pergit</span> <span class='ocrx_word' id='word_1_585' title='bbox 2288 5445 2345 5498; x_wconf 93' lang='lat' dir='ltr'>in</span> <span class='ocrx_word' id='word_1_586' title='bbox 2375 5442 2572 5498; x_wconf 87' lang='lat' dir='ltr'>hostes</span> <span class='ocrx_word' id='word_1_587' title='bbox 2604 5458 2736 5498; x_wconf 89' lang='lat' dir='ltr'>cum</span> <span class='ocrx_word' id='word_1_588' title='bbox 2767 5450 2882 5499; x_wconf 88' lang='lat' dir='ltr'>Deo</span> <span class='ocrx_word' id='word_1_589' title='bbox 2916 5445 3186 5516; x_wconf 86' lang='lat' dir='ltr'>propitio,</span> 
     </span>
    </p>
   </div>
   <div class='ocr_carea' id='block_1_119' title="bbox 2064 5532 3119 5605">
    <p class='ocr_par' dir='ltr' id='par_1_119' title="bbox 2064 5532 3119 5605">
     <span class='ocr_line' id='line_1_119' title="bbox 2064 5532 3119 5605; baseline -0.002 -15"><span class='ocrx_word' id='word_1_590' title='bbox 2064 5532 2446 5605; x_wconf 81' lang='lat' dir='ltr'>trajectisque</span> <span class='ocrx_word' id='word_1_591' title='bbox 2477 5533 2622 5587; x_wconf 88' lang='lat' dir='ltr'>Savo</span> <span class='ocrx_word' id='word_1_592' title='bbox 2654 5538 2709 5589; x_wconf 85' lang='lat' dir='ltr'>et</span> <span class='ocrx_word' id='word_1_593' title='bbox 2743 5533 2890 5589; x_wconf 89' lang='lat' dir='ltr'>Istro</span> <span class='ocrx_word' id='word_1_594' title='bbox 2925 5533 3119 5589; x_wconf 76' lang='lat' dir='ltr'>ﬂuviis</span> 
     </span>
    </p>
   </div>
   <div class='ocr_carea' id='block_1_120' title="bbox 2067 5621 3372 5695">
    <p class='ocr_par' dir='ltr' id='par_1_120' title="bbox 2067 5621 3372 5695">
     <span class='ocr_line' id='line_1_120' title="bbox 2067 5621 3372 5695; baseline 0 -18"><span class='ocrx_word' id='word_1_595' title='bbox 2067 5623 2395 5695; x_wconf 87' lang='lat' dir='ltr'>ingreditur</span> <span class='ocrx_word' id='word_1_596' title='bbox 2425 5621 2806 5694; x_wconf 85' lang='lat' dir='ltr'>Zeugminum</span> <span class='ocrx_word' id='word_1_597' title='bbox 2843 5623 3045 5678; x_wconf 85' lang='lat' dir='ltr'>urbem</span> <span class='ocrx_word' id='word_1_598' title='bbox 3080 5628 3372 5689; x_wconf 82' lang='lat' dir='ltr'>nostram;</span> 
     </span>
    </p>
   </div>
   <div class='ocr_carea' id='block_1_121' title="bbox 1956 3179 1999 3244">
    <p class='ocr_par' dir='ltr' id='par_1_121' title="bbox 1956 3179 1999 3244">
     <span class='ocr_line' id='line_1_121' title="bbox 1956 3179 1999 3244; baseline 0 0"><span class='ocrx_word' id='word_1_599' title='bbox 1956 3179 1999 3244; x_wconf 87' lang='lat' dir='ltr'>C</span> 
     </span>
    </p>
   </div>
   <div class='ocr_carea' id='block_1_122' title="bbox 3546 338 3638 388">
    <p class='ocr_par' dir='ltr' id='par_1_122' title="bbox 3546 338 3638 388">
     <span class='ocr_line' id='line_1_122' title="bbox 3546 338 3638 388; baseline 0 0"><span class='ocrx_word' id='word_1_600' title='bbox 3546 339 3554 388; x_wconf 85' lang='lat' dir='ltr'>l</span> <span class='ocrx_word' id='word_1_601' title='bbox 3569 338 3638 388; x_wconf 71' lang='lat'>(36</span> 
     </span>
    </p>
   </div>
  </div>
