4104 6204
343 352 444 407 167
1562 340 1937 394 EPHREMII

1562 340 1937 394 EPHREMII
1975 338 2537 397 CHRONOGRAPHI

335 479 392 532 et
421 490 554 530 cum
586 470 866 528 Paaonicis
896 481 1248 538 congressus
1279 463 1630 533 legionibus,

339 562 713 635 splendidum
745 577 813 614 ex
842 558 1010 612 hoste
1041 554 1367 625 trophaaum
1401 551 1629 620 retulit;

337 659 513 724 atque
543 649 708 705 illinc
735 647 895 702 venit
933 648 1177 699 ornatus
1211 643 1422 696 adorea

349 743 420 797 ad
453 741 735 796 Caesarem
764 735 864 807 qui
899 734 1066 789 laetus
1098 747 1230 788 eum
1264 729 1505 801 excepit.

346 828 522 885 Paulo
555 829 686 899 post
716 824 892 895 igitur
922 826 992 878 ad
1026 820 1277 892 regalem
1312 820 1518 874 urbem

343 922 531 973 Caesar
561 930 828 970 reversus
861 928 993 967 cum
1027 910 1278 966 victoriae
1312 912 1546 964 auctore

343 1007 511 1062 duxit
541 1003 912 1074 triumphum
946 1000 1211 1072 apprime
1242 997 1644 1070 magniﬁcum,

344 1093 620 1150 confertis
653 1092 889 1164 plenum
921 1093 1318 1161 spectatorum
1351 1085 1539 1141 turbis

346 1183 636 1239 militibus
668 1180 907 1253 captivis
937 1195 1001 1234 ac
1031 1176 1348 1232 manubiis.

343 1273 487 1326 Nam
521 1270 871 1342 procedebat
901 1267 1118 1322 aifabre
1149 1262 1490 1335 composita,

343 1359 632 1431 quadriga
662 1361 901 1429 argento
938 1369 1196 1426 auroque
1228 1357 1525 1417 exornata,

343 1447 494 1503 nivei
526 1463 703 1518 quam
738 1445 1032 1499 ducebant
1061 1443 1336 1497 candoris
1363 1442 1518 1510 equi.

344 1537 428 1592 Ibi
459 1536 636 1592 locari
662 1536 921 1604 jusserat
953 1535 1270 1602 imperator

341 1625 599 1697 Virginis
634 1626 942 1694 augustam
980 1621 1240 1691 Deiparae
1272 1618 1616 1690 imaginem,

341 1713 476 1768 belli
508 1712 668 1767 velut
699 1711 867 1766 sociae
902 1707 1229 1778 tutelaeque.

339 1808 500 1857 Hanc
533 1801 930 1870 sequebantur
964 1796 1104 1868 regii
1140 1795 1370 1866 cognati

338 1889 731 1962 pulcherrime
761 1887 1020 1940 exornati
1057 1885 1181 1939 suis
1212 1884 1568 1956 insignibus.

338 1978 557 2034 Deinde
589 1978 774 2032 Caesar
808 1981 869 2029 ut
899 1976 1062 2047 gigas
1096 1973 1477 2039 fortissimus,

336 2067 425 2122 vel
459 2067 655 2139 potius
688 2082 791 2120 ceu
825 2080 1077 2136 sponsus
1109 2063 1422 2118 adveniens
1452 2061 1736 2128 thalamo,

338 2157 628 2211 maximus
657 2154 1038 2209 admirandus
1071 2157 1195 2206 luce
1229 2151 1478 2205 rutilans

337 2245 612 2316 equitans
644 2242 1006 2314 procedebat“
1023 2241 1293 2295 decenter
1321 2240 1638 2296 admodum
1675 2255 1688 2292 :

341 2339 473 2404 post
503 2349 677 2404 quem
710 2329 1223 2400 Contostephanus
1255 2328 1603 2384 victoriosus

338 2422 574 2496 hymnis
605 2437 638 2475 a
667 2424 875 2476 cuncto
907 2419 1160 2474 exercitu
1193 2418 1543 2474 celebratus.

341 2515 657 2581 Postquam
691 2509 760 2563 ad
793 2508 1078 2578 templum
1113 2508 1474 2563 devenerunt
1504 2505 1849 2573 maximum,

336 2601 456 2656 illic
493 2603 796 2669 ingressus
828 2595 1018 2651 Caesar
1049 2594 1178 2651 laeto
1207 2595 1404 2650 animo

337 2689 558 2760 gratias
590 2686 704 2755 egit
736 2683 985 2739 victoriae
1018 2683 1238 2738 auctori
1275 2685 1406 2754 Deo,

337 2779 582 2848 ejusque
613 2773 816 2828 laudes
847 2772 1023 2828 divite
1055 2772 1256 2844 lingua
1287 2771 1461 2840 dixit;

336 2871 460 2921 tum
494 2880 556 2919 se
589 2864 658 2918 ad
695 2863 920 2934 regium
953 2861 1202 2917 contulit
1230 2861 1536 2933 palatium.

338 2955 443 3010 llic
471 2953 704 3009 Manuel
738 2968 835 3006 rex
868 2956 1042 3022 atque
1074 2952 1603 3022 porphyrogenitus

340 3058 617 3116 supremo
648 3041 886 3096 Numini
920 3040 1139 3111 gratias
1172 3038 1466 3110 persolvit,

340 3135 616 3204 suscepto
649 3130 766 3184 ﬁlio
798 3130 869 3183 de
901 3129 1174 3183 secundis
1207 3129 1428 3198 nuptiis
1462 3145 1474 3182 :

341 3223 414 3276 ob
445 3236 619 3292 quem
651 3217 852 3272 laetitia
884 3217 1098 3287 publici
1133 3218 1380 3271 convivii

341 3310 497 3364 cives
529 3307 835 3362 universos
867 3305 1106 3376 opipare
1139 3306 1389 3375 excepit;

341 3397 707 3465 charumque
740 3393 923 3448 ﬁlium
959 3393 1272 3464 appeliavit
1300 3393 1587 3448 Alexium.

343 3486 646 3556 Regnante
676 3480 966 3545 Manuele,
1000 3481 1190 3550 gentis
1223 3485 1458 3536 Venetae

340 3573 570 3628 colonia
598 3571 860 3642 quaedam
893 3569 1106 3624 civium
1141 3570 1418 3624 Italorum

339 3661 600 3716 Venetiis
633 3658 790 3714 venit
820 3660 889 3713 ad
927 3659 1147 3729 regiam
1184 3659 1553 3730 metropolim
1591 3677 1604 3714 :

340 3750 541 3820 ibique
570 3748 845 3820 genuinis
883 3747 1179 3818 adscripta
1211 3748 1455 3815 civibus,

339 3839 474 3895 exin
505 3837 564 3892 in
598 3852 803 3892 omnes
836 3852 1044 3908 sparsa
1074 3841 1160 3890 est
1190 3837 1516 3908 provincias

339 3927 585 3984 Romani
619 3925 872 3997 imperii,
907 3925 1214 3997 lautosque
1246 3927 1554 3983 thesauros

335 4032 515 4089 apum
547 4016 845 4087 congessit
873 4018 930 4070 et
960 4017 1277 4086 potentiam
1315 4017 1595 4089 amplam,

249 4181 252 4184 _
340 4106 648 4176 multoque
681 4104 870 4175 magis
903 4104 1155 4160 intendit
1180 4105 1510 4162 audaciam.

336 4195 452 4250 Nec
483 4193 674 4249 solum
710 4198 907 4248 nostro
940 4193 1153 4264 populo
1182 4195 1528 4250 diffidebant

337 4283 566 4351 Veneti,
600 4283 697 4338 sed
733 4282 926 4337 edicta
957 4283 1310 4352 spernebant
1345 4284 1523 4355 regia,

336 4388 528 4444 neque
561 4371 853 4426 minarum
885 4370 1275 4439 tangebantur
1305 4378 1484 4428 metu.

337 4461 557 4516 Horum
590 4458 927 4531 superbiam
961 4458 1115 4513 haud
1151 4459 1375 4515 diutius
1406 4461 1596 4516 Caesar

338 4553 504 4603 ratus
535 4548 835 4604 ferendam
873 4552 1070 4618 utpote
1102 4547 1511 4617 insanabilem,

334 4636 562 4692 litteras
593 4636 783 4708 regias
816 4653 918 4708 per
950 4636 1278 4707 provincias
1311 4654 1516 4693 omnes

155 4735 164 4742 ·
247 4743 252 4749 ·
339 4725 587 4781 Romani
619 4725 851 4796 imperii
883 4724 1215 4780 clanculum
1251 4726 1498 4796 dimisit,

339 4831 467 4886 quae
499 4818 565 4869 ut
594 4819 947 4885 caperentur
971 4815 1174 4869 Veneti
1212 4817 1594 4886 mandabant,

338 4907 395 4960 et
425 4902 505 4959 rei
537 4904 804 4974 gerenda
836 4907 1069 4973 tempus
1101 4904 1578 4975 praescribebant.

337 4995 488 5065 Ergo
519 4991 790 5047 condicta
820 4995 976 5048 certa
1009 4992 1134 5047 dies
1168 4993 1298 5058 fuit,

338 5099 455 5154 qua
483 5085 624 5136 sunt.
655 5097 860 5151 reapse
892 5081 1043 5150 capti
1081 5081 1272 5137 Latini
1303 5099 1531 5152 omnes,

337 5170 591 5242 improbi
629 5170 811 5224 moris
844 5186 1042 5240 poenas
1076 5172 1159 5226 uti
1187 5170 1433 5228 luerent.

338 5260 560 5316 Tamen
594 5259 692 5330 qui
726 5258 931 5314 Veneti
957 5260 1162 5316 urbem
1195 5263 1562 5318 Constantini

337 5354 480 5404 tunc
513 5347 866 5414 incolebant,
903 5348 1246 5405 festinanter
1276 5368 1479 5407 omnes

338 5453 663 5496 conscensa
696 5454 836 5492 nave
870 5440 1197 5509 vespertino
1232 5446 1515 5512 tempore,

337 5526 576 5596 velaque
606 5526 794 5581 ventis
825 5528 1051 5583 naviter
1083 5529 1404 5598 pandentes

341 5619 403 5673 in
434 5631 604 5672 suam
635 5615 884 5687 patriam
916 5618 1052 5689 fuga
1082 5617 1442 5675 devenerunt
1476 5637 1487 5675 :

2008 461 2062 526 Α
2278 462 2374 515 Καὶ
2408 468 2720 526 Παιοινκαῖς
2753 467 3097 540 συμπλακεὶς
3125 472 3435 551 ἱλαρχίαις,

2275 552 2566 626 Περιφανῗες
2595 555 2854 628 τρόπαιον
2886 559 3005 629 ἱστᾷ
3030 561 3118 614 καὶ
3151 561 3302 628 νίκην
3339 583 3352 598 ⁸

2273 639 2525 693 Κάκεῖθεν
2559 641 2826 714 ἀνέζευξεν
2861 646 2935 707 ὡς
2966 650 3290 728 νικηφόρος,

2099 727 2237 782 4290
2276 727 2376 783 Καὶ
2414 729 2626 803 βασιλεῖ
2657 729 2870 788 δέδεκτο
2904 734 3021 791 λίαν
3054 738 3322 812 ἀσμένως.

2276 818 2405 880 Μεθ’
2435 819 2644 894 ἡμέρας
2678 820 2769 876 οὖν
2800 825 2900 892 τὴν
2935 824 3211 900 βασίλειον
3246 829 3406 886 πόλιν

2279 911 2440 979 "Avari
2474 910 2763 986 πεφθακὼς
2797 911 2890 967 σὺν
2921 915 3074 985 νίκης
3103 919 3374 993 παραιτίῳ

2277 999 2568 1072 Κατήγαγι
2601 996 2868 1073 θρίαμϐον
2904 1002 3221 1080 ἔκλαμπρον
3254 1009 3416 1076 πάνυ,

2277 1087 2642 1160 Στενούμενον
2672 1089 2871 1160 πλήθει
2903 1114 2961 1147 τε
2988 1099 3094 1148 τῶν
3130 1097 3416 1169 θεωμένων

3545 313 3560 330 υ
3651 359 3757 414 168

2100 1176 2237 1231 4295
2277 1180 2392 1229 Τῶν
2425 1178 2472 1228 τ’
2502 1177 2877 1253 αἰχμαλώτων
2904 1184 2991 1237 καὶ
3029 1183 3242 1239 σκύλων
3275 1187 3364 1240 καὶ
3396 1184 3677 1265 λαφύρων.

2275 1265 2491 1338 Ἦγεῖτο
2518 1267 2621 1340 γὰρ
2651 1266 2918 1343 τέτρωρον
2955 1269 3009 1324 εὖ
3041 1273 3388 1346 ἡρμοσμένον

2272 1354 2567 1430 Ἀργύρεόν
2588 1377 2728 1427 πως,
2767 1358 3076 1432 ὑπόχρυσον
3114 1361 3373 1435 μετρίως,
3436 1373 3441 1378 ’

2273 1449 2338 1499 ⁶Ο
2368 1441 2658 1516 χιονώδεις
2694 1445 2878 1500 εἷλκον
2906 1445 3070 1502 ’ίπποι
3096 1452 3195 1519 τήν
3221 1452 3343 1505 θέαν
3379 1473 3390 1486 ·

2277 1532 2392 1606 Ἐφ’
2424 1532 2484 1585 οὗ
2511 1553 2569 1608 γι
2600 1535 2801 1603 σεπτὴν
2833 1531 3144 1606 ἀναϐιϐάζει
3177 1539 3391 1614 κράτωρ

2097 1623 2236 1677 4300
2274 1623 2387 1690 Τῆς
2424 1621 2837 1696 μητρανάνδρου
2865 1627 3137 1699 Παρθένου
3167 1629 3264 1696 τὴν
3300 1629 3501 1700 εἰκόνα,

2272 1711 2361 1771 *Ως
2393 1713 2762 1784 συστρατήγου
2796 1715 3094 1787 συμμάχου
3125 1717 3172 1769 τ’
3204 1715 3569 1794 άπροσμάχου
3601 1739 3615 1751 ·

2023 1820 2065 1882 Β
2273 1799 2425 1856 Μετὰ
2455 1796 2511 1852 δὲ
2545 1799 2790 1874 λαμπροὶ
2823 1803 2910 1855 καὶ
2948 1802 3210 1877 βασιλείῳ
3240 1804 3376 1878 γὲνει

2273 1885 2638 1963 Κυδρούμενοι
2669 1888 2939 1945 κάλλιστα
2968 1893 3058 1946 καὶ
3088 1901 3208 1954 ταις
3240 1894 3409 1966 ἀξίαις
3444 1915 3458 1928 ⁸

2273 1979 2481 2032 Ἔπειθ’
2508 1979 2534 2031 ὁ
2558 1983 2766 2052 κρατῶν
2802 1980 2874 2040 ὠς
2904 1979 3060 2054 γίγας
3093 1982 3422 2058 Βριαρόχειρ

2095 2069 2236 2123 4305
2273 2069 2341 2124 Ἦ
2373 2067 2586 2140 μᾶλλον
2617 2067 2782 2122 εἰπεῖν
2813 2070 3044 2146 νυμφίος
3072 2073 3121 2146 γ’
3153 2070 3212 2125 ἐκ
3237 2069 3509 2134 παστάδος

2271 2153 2538 2217 Κύδιστος
2570 2157 2603 2225 ἢ
2643 2156 2891 2232 μέγιστος
2923 2158 3240 2233 ἀστράπτων
3274 2160 3393 2235 φάει

2274 2244 2610 2320 Ὀχούμενος
2639 2246 2913 2322 προῆλθεν
2948 2247 3229 2323 εὐπρεπῶς
3257 2246 3384 2325 ὁίγαν
3423 2267 3436 2281 ⁸

2271 2335 2399 2398 Μεθ’
2425 2335 2482 2388 ’ὃν
2512 2335 2946 2411 Κοντοστέφανος
2980 2334 3153 2398 αἷίτιος
3185 2339 3360 2409 νίκης,

2267 2423 2631 2496 Ύμνούμενος
2664 2424 2901 2496 ξύμπασι
2933 2432 3032 2494 τῆς
3062 2427 3387 2503 στρατηγίας
3420 2446 3432 2460 ⁸

2094 2515 2232 2569 4310
2270 2515 2450 2586 Μέγαν
2486 2509 2541 2565 δὲ
2570 2514 2694 2566 ναὸν
2727 2514 3016 2589 πεφθακὼς
3044 2515 3417 2592 αὐτοκράτωρ,

2271 2602 2372 2658 Καὶ
2397 2599 2540 2655 τόνδ’
2579 2599 2831 2663 ὑπεισδυς
2865 2603 3176 2677 εὐχαριστεῖ
3205 2605 3527 2683 προφρόνως

2271 2694 2364 2761 Τῷ
2391 2695 2658 2762 νικοποιῶ
2688 2693 3010 2746 παντάνακτι
3045 2693 3310 2768 Δεσπότῃ,

2269 2781 2376 2836 Καὶ
2405 2777 2562 2834 τοῦδε
2589 2778 2860 2853 λαμπρῶς
2889 2780 3088 2836 αἶ’νεσιν
3111 2781 3335 2856 γλώσσῃ
3372 2783 3573 2860 φράσας

2270 2870 2502 2923 Ἐκεῖθεν
2532 2868 2654 2937 ἥκει
2685 2870 2820 2944 πρὸς
2855 2868 3166 2944 βασιλείους
3196 2869 3424 2944 δόμους.

2094 2963 2234 3018 4315
2271 2960 2443 3020 Οὗτος
2477 2957 2736 3027 Μανουήλ
2765 2963 3148 3037 πορφυρανθὴς
3180 2961 3405 3032 αὐτάναξ

2270 3053 2385 3119 Θεῷ
2416 3050 2748 3123 χαριστήρια
2768 3053 2875 3103 τῶν
2908 3048 3052 3104 ὅλων
3087 3050 3199 3104 θύει

2272 3139 2537 3207 Γεννήσας
2567 3137 2681 3191 υἱὸν
2718 3138 2774 3192 ἐκ
2802 3139 2993 3212 γάμων
3021 3143 3128 3193 τῶν
3169 3137 3452 3213 δευτέρων,

2269 3227 2388 3303 Ἐφ’
2417 3247 2460 3298 ῳ
2492 3225 2703 3287 θαλίαις
2737 3227 2824 3280 καὶ
2857 3225 3050 3288 καλαῖς
3083 3224 3421 3288 πανδαισίαις

2273 3315 2596 3373 Ἀστυπολίν
2608 3335 2662 3376 ας
2694 3316 2978 3379 εἰστιακὼς
3006 3315 3288 3374 πλουσίως
3300 3363 3314 3388 ,

2096 3408 2234 3462 4320
2273 3405 2545 3474 ΚέκΛηκεν
2584 3401 2824 3476 Ἀλέξιον
2855 3405 2973 3458 υἱέα
3004 3404 3184 3481 φίλον.

2270 3492 2479 3551 Τούτου
2509 3495 2836 3565 κρατοῦντος
2865 3493 2953 3547 καὶ
2990 3492 3280 3549 Βενετίκων
3308 3492 3460 3568 γένος

2274 3578 2515 3654 Ἀνδρῶν
2549 3579 2781 3654 ὑπῆρξεν
2811 3580 3035 3636 Ἰταλῶν
3066 3581 3289 3635 ἀποικία

2274 3672 2368 3726 Ἐκ
2397 3667 2642 3732 Βενετίας
2674 3668 2748 3730 εἷς
2783 3666 3042 3744 βασιλίδα
3074 3667 3260 3740 πόλιν,

2270 3759 2369 3813 Καὶ
2401 3756 2556 3822 τῆσδ’
2588 3757 2950 3836 ἐνεργάφησαν
2984 3759 3168 3821 ἀστοῖς
3197 3756 3465 3832 γνησίοις,

2095 3852 2234 3906 4325
2273 3849 2378 3903 Κάν
2407 3844 2562 3912 τῆσδ’
2595 3845 3004 3921 ἓφηπλώθησαν
3037 3846 3112 3910 εἷς
3142 3851 3312 3900 πᾶσαν
3346 3846 3519 3920 χθόνα

2273 3937 2663 4010 Διασπαρέντες
2699 3934 2945 3991 Αὐσόνων
2987 3931 3348 4009 κραταρχίας,

2273 4023 2608 4098 Ἑνημμένοι
2641 4021 2883 4078 πλοῦτον
2919 4021 2976 4076 δὲ
3011 4021 3172 4097 βαθὺν
3203 4021 3563 4098 πραγμάτων,

2269 4113 2446 4184 Αῧξην
2474 4134 2533 4166 τε
2565 4113 2792 4188 μακρὰν,
2828 4109 3110 4176 αὐθάδειάν
3143 4132 3200 4165 τε
3227 4109 3413 4178 πλέον,

2270 4202 2384 4260 Οὐκ
2410 4199 2650 4262 Αὕσονας
2677 4198 2888 4276 ἥγηντο
2923 4198 3202 4274 δυσμενεῖς
3239 4199 3425 4272 μόνον,

2093 4295 2233 4350 4330
2272 4289 2451 4349 Ἀλλὰ
2485 4288 2775 4366 βασιλείων
2803 4311 2864 4366 γε
2893 4289 2980 4344 καὶ
3008 4287 3441 4363 προσταγμάτων

2271 4379 2376 4438 Καὶ
2405 4384 2511 4434 τῶν
2546 4378 2785 4434 ἀπειλῶν
2818 4381 2968 4454 εἶχον
3004 4377 3410 4455 ἀνεπιστρόφως

2269 4472 2379 4538 Τήν
2415 4473 2561 4544 σφῶν
2595 4469 2858 4524 τολοιπὸν
2893 4468 3186 4543 ὑπεροψίαν
3216 4464 3341 4539 ἄναξ

2023 4551 2062 4611 Ι)
2273 4557 2482 4618 Οὔκουν
2513 4559 2760 4636 φορητὴν
2795 4555 2908 4612 οὐδ’
2942 4556 3161 4629 ΐάσιμον
3193 4555 3415 4631 κρίνων,

2273 4650 2574 4726 Γράμματα
2609 4646 2858 4722 βασίλεια
2887 4647 3005 4700 κατ’
3037 4643 3306 4719 ἐπαρχίαν

2095 4741 2234 4796 4335
2269 4737 2582 4809 Ῥωμαϊκὴν
2615 4735 2897 4808 πέπομφεν
2930 4732 3135 4788 ἅπασαν
3165 4731 3340 4807 λάθρα

2273 4825 2611 4900 Κατάσχεσιν
2644 4821 2917 4894 δηλοῦντα
2941 4827 3048 4876 τῶν
3082 4819 3396 4887 Βενετίκων,

2270 4915 2473 4989 Χρόνον
2501 4935 2560 4968 τε
2589 4915 2707 4977 καθ’
2736 4913 2794 4967 ’ὀν
2827 4916 2993 4967 ταῦτα
3023 4916 3337 4986 πραχθῆναι
3368 4905 3503 4962 δέον.

2273 5007 2500 5081 ’Ώριστο
2530 5001 2710 5058 τοίνυν
2744 5003 2927 5076 ἡμέρα
2958 4997 3316 5074 προθεσμίας,

2271 5096 2372 5155 Ἥς
2405 5093 2664 5163 ἐνστασης
2696 5098 2799 5153 πᾶς
2831 5089 3143 5166 συνελήφθη
3178 5086 3420 5141 Λατίνων

2095 5186 2234 5242 4340
2273 5185 2386 5251 Τῆς
2422 5180 2752 5257 δυστροπίας
2785 5177 3201 5254 εἰσπραχθέντες
3234 5174 3475 5236 εὐθύνας.

2272 5272 2562 5329 Βενετίκων
2594 5273 2712 5325 ὅσοι
2745 5267 2802 5324 δὲ
2830 5269 2928 5337 τὴν
2960 5264 3370 5324 Κωνσταντίνου

2272 5357 2440 5415 Πόλιν
2469 5361 2747 5432 κατῴκουν
2777 5355 3178 5433 ἀποδράσαντες
3210 5353 3381 5429 τάχος

2271 5445 2695 5519 Ἐπιϐεϐηκότες
2723 5469 2779 5503 τε
2809 5448 2942 5516 νηὸς
2971 5445 3198 5519 ἑσπέρας

2271 5542 2402 5597 Τοῖς
2436 5538 2657 5610 ἀνέμοις
2691 5536 2863 5614 λαίφη
2897 5557 2953 5591 τε
2988 5534 3172 5595 δόντες
3207 5531 3282 5596 ὠς
3313 5532 3432 5586 δέον

2095 5633 2238 5686 3445
2278 5628 2547 5702 ’Λπῄεσαν
2581 5627 2861 5704 φεύγοντες
2896 5626 3126 5701 έςσφῶν
3159 5618 3394 5694 πατρίδα
3429 5639 3441 5652 ·
