4104 6204
314 312 427 367 169

501 436 610 493 Καὶ
642 442 780 513 σφᾶς
814 439 909 510 μὶν
944 440 1088 514 εἶχεν
1117 441 1152 509 ἡ
1186 442 1401 498 Βενετία
1424 443 1567 500 τότε⁶

506 525 664 583 Μετᾶ
693 523 754 581 δὲ
784 528 993 603 μακρὸν
1029 528 1435 605 ηὖτρεπικότες
1464 534 1660 591 στόλον

502 615 723 685 Νήσους
755 615 983 672 ἐκάκουν
1013 616 1335 684 ἐκπλέοντες
1368 620 1675 699 εὖδρόμως·

499 700 667 760 Ἀλλ’
694 703 1043 783 ἀντίπρωρος
1075 707 1334 765 Αὐσόνων
1368 711 1584 777 σταλεὶς
1613 713 1807 777 στόλος

311 795 460 850 4350
498 789 654 848 1]λοῦ
686 795 1076 873 σφᾶςζᾶπεῖρξε
1105 805 1423 875 πειρατικοῦ
1451 802 1540 856 καὶ
1576 802 1786 878 μάχης.

495 882 693 939 Τοίνυν
725 883 1058 949 ἀποστάντες
1091 908 1151 962 γε
1179 894 1277 943 τοῦ
1318 886 1405 944 διὰ
1438 892 1628 967 μάχης

492 971 765 1048 ’Βχθροὶις
791 979 975 1038 κακῶς
1005 972 1134 1052 δρᾷν
1170 976 1467 1050 ἀμύνεσθαι
1495 982 1545 1036 τ’
1572 982 1635 1035 αὖ
1667 980 1872 1055 στόλῳ,

487 1061 636 1135 Πρὸς
666 1059 809 1137 ῥῆγα
838 1064 1123 1128 συνέθεντο
1152 1072 1253 1136 τῆς
1285 1067 1543 1132 Σικελίας

486 1149 686 1225 Ὀρκια
714 1153 881 1206 πιστά
911 1148 1209 1226 συμϐάσεις
1238 1176 1297 1211 τε
1327 1156 1531 1233 φιλίας.

301 1238 447 1293 4355
482 1238 554 1295 Ὅ
578 1237 741 1312 γνοὺς
778 1238 1037 1314 βασιλεὺς
1070 1243 1099 1296 ὁ
1129 1244 1452 1319 προμηθεῦς
1483 1245 1741 1303 Αὐσόνων

488 1326 589 1381 Καὶ
619 1328 716 1389 τάς
745 1326 833 1383 ἐπὶ
866 1326 1107 1404 λόμῃξγε
1136 1338 1234 1401 τῆς
1276 1332 1584 1408 Ῥωμαῒδος

491 1415 827 1493 Συμφωνίας
856 1422 1004 1485 σφῶν
1039 1418 1393 1495 ἐννοούμενος
1436 1421 1596 1479 λῦσαι

484 1505 584 1567 Ἀς
613 1503 744 1579 ῥηγὶ
775 1506 1106 1581 συνέπραξαν
1136 1510 1351 1583 ἀμύνης
1381 1514 1565 1588 χάριν,

488 1594 873 1666 Ἀνεξικάκως,
904 1596 1171 1671 εὐμενῶς,
1212 1598 1546 1676 εὐμηχάνως

295 1691 441 1747 4360
480 1692 627 1765 Πρὸς
662 1690 850 1769 φιλίαν
884 1693 1128 1751 εἵλκυσεν
1164 1696 1359 1763 αὐτοὺς
1385 1701 1485 1769 τὴν
1512 1700 1706 1761 πάλαι.

481 1781 540 1836 Ἀ
554 1781 821 1853 μνηστίαν
856 1780 983 1847 δοὺς
1013 1789 1121 1840 τῶν
1156 1785 1304 1865 σφίσι
1337 1791 1755 1866 πεπραγμένων⁸

484 1871 630 1945 Πρὸς
661 1868 708 1925 δ’
740 1871 804 1925 αὗ
836 1867 931 1943 ἔθη
967 1870 1187 1929 δίδωσιν
1219 1875 1404 1940 αὐτοῖς
1437 1879 1502 1933 τά
1531 1879 1725 1936 πάλαι·

479 1958 582 2012 Καὶ
614 1963 761 2036 σφῶν
795 1958 936 2015 ὅσων
965 1960 1163 2041 εἴληφε
1188 1965 1385 2042 τοπρῖν
1426 1966 1609 2022 οὐσίαν

480 2048 582 2101 Καὶ
614 2046 779 2119 τήνδε
811 2049 1089 2124 βασίλειος
1121 2051 1373 2129 ἐφρούρει
1400 2057 1582 2133 στέγη,

300 2136 445 2192 4365
482 2138 613 2198 Τοῖς
644 2138 955 2202 Βενετίκοις
983 2139 1229 2197 ἀπέδωκε
1249 2144 1575 2222 προφρόνως

478 2227 728 2282 Γενναίαν
758 2229 882 2301 ἄναξ
916 2228 1099 2284 οὐτοσὶ
1130 2229 1390 2288 πλουτῶν
1424 2234 1603 2305 φύσιν,

472 2315 806 2392 Ὀξῦῥροπός
836 2319 883 2372 τ’
917 2316 991 2373 ὢν
1025 2319 1075 2374 ἐν
1113 2320 1319 2397 μάχαις
1350 2323 1687 2394 ἀντιπάλων,

472 2407 807 2481 Δραπηριός
840 2428 897 2462 τε
924 2412 1345 2487 καρτερόψυχος
1378 2411 1523 2483 λίαν,

476 2495 573 2547 Καὶ
610 2490 897 2572 διενεργῶν
930 2494 977 2551 δ’
1008 2498 1200 2553 ἑαυτοῦ
1226 2501 1321 2562 τὰς
1357 2503 1565 2577 μάχας,

292 2590 435 2645 4370
473 2596 680 2659 Δεῆσαν
705 2589 877 2647 ’ίππον
910 2589 1182 2650 ἀνέϐαινεν
1214 2596 1429 2667 αὐτίκα,

471 2678 571 2733 Καὶ
601 2686 703 2749 τῆς
736 2688 990 2756 στρατιᾶς
1020 2685 1088 2752 ἧν
1118 2690 1428 2761 προμαχῶν
1457 2686 1729 2761 εὐθύμως.

469 2769 673 2839 Ἔξεισι
702 2769 890 2825 τοίνυν
922 2772 1057 2827 κατᾶ
1086 2772 1384 2830 σουλτάνου
1412 2774 1577 2831 πάλιν

468 2860 919 2935 Κατατρὲχοντος
946 2864 1229 2935 Ῥωμαϊκᾶ
1259 2870 1461 2939 χωρῖα,

470 2948 577 3003 Καὶ⁵
604 2948 813 3023 γίνεται
846 2947 913 3021 δὴ
946 2951 1083 3026 πρὸς
1115 2951 1253 3026 θὲμα
1284 2955 1578 3030 Δορυλέου⁹

290 3039 435 3094 4375
472 3039 636 3101 Ἔνθα
663 3038 937 3115 χρονίζων
970 3039 1027 3095 εὖ
1054 3041 1324 3112 ἀνακτίζει
1352 3041 1479 3100 τόδε

464 3126 649 3201 Τείχει
678 3134 726 3183 τ’
758 3127 950 3204 ὀχυρῷ
978 3130 1069 3185 καὶ
1092 3131 1392 3208 περιτείχῳ
1422 3132 1556 3207 ξὲνῳ

465 3211 789 3291 Περιϐαλὼν
821 3215 878 3273 εὖ
905 3221 1298 3295 κατοχυρώσας
1331 3222 1377 3276 θ’
1409 3220 1542 3296 ἅμαο

461 3305 569 3362 Καὶ
598 3302 724 3369 δοὺς
757 3304 1005 3384 φυλακήν
1038 3312 1115 3372 ὡς
1144 3309 1269 3380 ἐνῆν
1294 3308 1426 3383 τῷδ’
1457 3312 1627 3387 ἀξίαν,

460 3398 653 3469 Μερῶν
679 3395 1008 3452 ἀπανίστατο
1037 3402 1147 3453 τῶν
1181 3398 1474 3474 Δορυλὲου’

275 3491 420 3547 4880
459 3492 769 3570 Ἐφίσταται
802 3491 859 3549 δε
889 3494 1134 3573 φρουρίῳ
1162 3501 1242 3569 τῷ
1275 3495 1556 3573 Σοοϐλὲῳ·

456 3583 674 3638 Κακεῖν’
701 3582 910 3656 ὁμοίως
941 3583 1226 3649 ἀνακτίσας
1258 3586 1332 3649 ὡς
1362 3585 1504 3661 δὲον,

454 3670 559 3726 Καὶ
592 3669 763 3726 πάντα
793 3672 903 3736 θεὶς
936 3674 1013 3747 εὗ,
1046 3674 1182 3749 πρὸς
1214 3674 1377 3731 πόλιν
1415 3679 1758 3757 ὑποστρέφευ

450 3758 672 3835 Βραχῦς
704 3760 896 3838 ἐφεξῆς
923 3762 1277 3836 παρελήλυθε
1309 3766 1529 3841 χρόνος⁶

454 3849 557 3904 Καὶ
591 3851 711 3912 καθ’
740 3850 960 3915 ἑαυτοὺς
995 3850 1251 3925 βασιλεὺς
1279 3855 1368 3909 καὶ
1401 3859 1697 3922 σουΛτάνος

280 3938 424 3993 4385
459 3936 805 4012 Ύπέσμυχον
836 3943 942 4016 πῦρ
974 3938 1025 3995 ἐν
1060 3939 1257 4013 σποδιᾷ
1283 3942 1504 4019 καρδίας

454 4028 731 4101 Ἔναυσμα
763 4030 946 4105 βραχὺ
990 4032 1343 4104 μνησικακίας
1376 4035 1576 4110 χόλου,

456 4116 559 4171 Καὶ
592 4118 736 4171 τοῦτ’
759 4116 958 4192 ἀνάψαι
986 4119 1345 4178 κατέσπευδον
1379 4124 1455 4187 εἷς
1486 4125 1688 4203 φλόγα⁶

453 4205 743 4280 Ἐκάτερος
771 4210 902 4280 γοῦν
937 4205 1187 4282 ἐγκαλῶν
1217 4208 1478 4288 ἐκατέρῳ,

445 4292 693 4369 Ύπῆρχε
724 4299 906 4373 σαφῶς
930 4295 1021 4351 καὶ
1053 4294 1327 4368 διηπείλει
1362 4301 1519 4376 μέγα·

271 4392 417 4447 4390
453 4391 519 4448 Ὀ
551 4390 606 4446 ὲν
642 4391 897 4467 βασιλεὺς
926 4392 1022 4457 τὰς
1053 4394 1292 4459 ὐποόσας
1322 4395 1579 4474 δυνάμεις

446 4481 630 4543 Πάσας
662 4481 920 4557 ἀθροίσας
950 4483 1025 4546 ὡς
1059 4482 1182 4555 ἐνῆν
1214 4489 1553 4564 πανταχόθεν

444 4569 665 4633 Ἀλλας
690 4572 739 4625 τ’
768 4571 850 4625 ἐπ’
886 4568 1086 4634 ἄλλαις
1118 4578 1437 4652 συναγαγὼν
1469 4580 1545 4643 ὡς
1576 4578 1695 4637 δέον

448 4658 537 4728 Ἐξ
566 4656 793 4713 Ἰταλῶν
820 4680 882 4715 τε
911 4660 1002 4715 καὶ
1034 4667 1257 4726 Σκυθῶν
1290 4668 1624 4745 παριστρίων

448 4746 551 4799 Καὶ
586 4751 966 4835 συγκροτήσας
1002 4752 1372 4828 μυριάριθμον
1392 4756 1579 4835 στίφος

272 4835 416 4891 4395
453 4835 762 4913 ’Δφανίσων
796 4834 975 4892 ἄπεισι
1006 4841 1268 4913 Περσικὸν
1300 4847 1495 4920 φῦλον,

452 4924 550 4979 Καὶ
585 4924 917 5001 κατερείψων
949 4928 1178 4983 Ἰκόνιον
1211 4930 1290 4994 εἰς
1307 4930 1456 5006 ἕδος,

452 5011 601 5085 Πρὸς
633 5009 679 5066 δ’
711 5014 775 5067 αὖ
802 5034 865 5090 γε
894 5015 1241 5089 Περσάνακτα
1269 5022 1509 5093 καθέξων
1544 5025 1634 5099 βίᾳ

449 5101 555 5156 Καὶ
588 5105 987 5178 συμπατήσων,
1019 5105 1093 5169 ὡς
1125 5105 1268 5182 ἔθος,
1298 5111 1419 5165 κατ’
1451 5111 1702 5189 αὐχένος·

447 5189 690 5267 Ἀπάρας
724 5193 931 5250 οὐκοῦν
963 5193 1025 5250 ἐκ
1052 5199 1352 5267 Βυζαντίου
1372 5201 1543 5279 τάχος

256 5282 405 5339 4400
433 5278 591 5337 Μετᾶ
620 5286 872 5357 στρατιᾶς
904 5280 995 5339 διὰ
1026 5286 1268 5362 Φρυγίας
1300 5278 1490 5368 μέσης,

440 5369 539 5431 Εἰς
568 5370 759 5434 Χώνας
790 5372 963 5441 ἦλθεν
996 5374 1052 5428 εὖ
1082 5376 1249 5435 πόλιν
1279 5380 1610 5457 ᾠκισμένην⁹

447 5459 705 5523 Κάκεῖθεν
733 5460 1054 5535 ἰξώρμησεν
1086 5465 1163 5529 εἷς
1193 5464 1367 5544 ἔρυμά
1392 5494 1444 5527 τι

453 5552 524 5627 ’ῼ
553 5551 973 5629 Μυριοκέφαλον
1004 5558 1070 5625 ἦν
1104 5556 1300 5628 κλῆσις
1316 5561 1508 5637 πάλαι,

452 5640 583 5719 ’.ἀφ’
614 5637 779 5717 οὗπερ
815 5639 1134 5714 εἷο-ἤλαυνεν
1164 5646 1286 5704 εὐθὺ
1317 5652 1579 5728 Περσίδος

560 5761 837 5823 Panos.
884 5762 999 5827 ϐι.
1046 5765 1307 5835 CXLIII.

1860 323 2226 381 CBSARES.

2013 446 2067 512 Α
2098 449 2308 526 Sicque
2339 461 2596 519 Venetiis
2629 464 2862 523 interim
2896 482 3258 532 manserunt.

2097 540 2279 636 lilio-lto
2312 554 2446 617 post
2479 556 2673 609 tamen
2705 557 2977 615 ordinata
3006 561 3217 636 classe,

2095 628 2251 687 facili
2284 651 2457 693 cursu
2491 639 2848 703 infestabant
2877 648 3101 708 insulas
3136 670 3147 709 :

2094 736 2297 778 verum
2327 730 2595 798 opposita
2628 733 3025 795 Romanorum
3058 742 3266 801 classis

2092 808 2402 870 cohibebat
2431 817 2564 875 illos
2594 838 2626 877 a
2654 840 2760 879 suo
2794 826 3120 887 latrocinio.

2092 907 2279 971 Quare
2310 913 2558 973 dimisso
2588 920 2924 981 decertandi
2954 930 3152 986 studio

2092 1011 2279 1069 neque
2300 1001 2427 1072 jam
2460 1004 2615 1063 hosti
2648 1013 2893 1071 navibus
2928 1024 3223 1093 nocentes,

2089 1100 2220 1143 cum
2255 1106 2389 1163 rege
2420 1094 2614 1153 Siculo
2645 1105 3026 1163 conventione
3058 1110 3211 1166 facta

2088 1174 2263 1233 fidem
2288 1181 2545 1251 juratam
2578 1198 2845 1264 pangunt
2872 1197 3162 1254 amicitiae.

2083 1263 2326 1356 cognita
2354 1287 2437 1343 re,
2469 1278 2658 1333 Cresar
2687 1263 2914 1353 imperii
2950 1290 3124 1356 tutor,

2082 1355 2155 1409 ad
2190 1356 2588 1422 Romanorum
2621 1369 2838 1428 damna
2863 1375 3227 1446 conjuratam

2080 1442 2421 1505 deliberavit
2446 1453 2668 1513 solvere
2694 1442 2986 1519 amicitia-
3172 1468 3177 1471 ⁸

2080 1547 2257 1631 quam
2290 1540 2486 1631 studio
2521 1543 2759 1605 ultionis
2791 1566 2925 1606 cum
2960 1570 3091 1623 rege
3121 1558 3485 1631 pepigerant.

2077 1619 2296 1709 Nempe
2326 1628 2631 1701 patienter,
2666 1636 2893 1709 callide,
2926 1619 3201 1702 benevole

2075 1707 2208 1802 illos
2241 1716 2310 1769 ad
2343 1722 2593 1779 veterem
2626 1726 2803 1783 traxit
2832 1707 3176 1802 amicitiam,

2076 1799 2213 1857 facti
2246 1806 2510 1877 cujusvis
2542 1811 2836 1885 impertita
2866 1820 3053 1877 venia.

1998 1867 2045 1929 Β
2076 1867 2338 1964 Insuper.
2355 1898 2544 1969 prisca
2575 1867 3153 1977 indulsit
3186 1930 3200 1969 :

2075 1983 2133 2034 et
2162 1981 2450 2056 quidquid
2482 1988 2711 2048 Veneta:
2748 1996 2827 2051 rei
2861 2004 3096 2070 captum
3130 2001 3319 2059 fuerat

2075 2071 2133 2122 et
2163 2069 2220 2125 in
2257 2079 2567 2143 quaestorio
2598 2069 2945 2143 servabatur
2969 2090 3150 2162 regio,

2074 2157 2331 2217 reddidit
2362 2161 2509 2236 ipsis
2539 2169 2736 2227 animo
2768 2172 3006 2233 libente.

2072 2254 2176 2348 llic
2206 2262 2324 2315 tam
2356 2264 2586 2337 egregio
2618 2271 2894 2340 prazditus
2926 2274 3159 2348 ingenio

2069 2346 2280 2436 Gaesar,
2315 2350 2384 2405 ad
2420 2368 2645 2425 pugnas
2678 2358 2870 2416 alacer
2899 2346 3262 2436 pangendas,

2068 2433 2294 2504 efficax,
2328 2440 2526 2498 animo
2557 2445 2874 2505 admodum
2901 2433 3237 2523 constante,

2066 2526 2124 2577 et
2154 2541 2257 2595 per
2285 2528 2498 2602 seipse
2531 2534 2684 2590 bella
2713 2540 3052 2608 conﬁciens,

2068 2613 2167 2669 ubi
2198 2631 2347 2688 Opus
2377 2624 2519 2692 erat,
2554 2626 2756 2682 statim
2788 2645 2937 2702 equo
2968 2631 3241 2690 inscenso

2066 2704 2293 2774 primus
2324 2708 2381 2763 in
2415 2712 2537 2768 acie
2569 2718 2806 2773 strenue
2838 2722 3155 2791 perstabat.

2064 2791 2283 2852 Iterum
2315 2813 2451 2872 ergo
2480 2804 2672 2877 pergit
2700 2806 2759 2862 in
2792 2809 3092 2868 sultanum

2061 2899 2095 2938 a
2124 2900 2240 2956 quo
2273 2891 2542 2946 Romanis
2573 2893 3026 2956 incursabantur
3051 2906 3239 2973 terras,

2058 2976 2115 3027 et
2145 2990 2330 3047 usque
2360 2980 2431 3034 ad
2465 2981 2664 3040 thema
2694 2989 2957 3056 pervenit
2986 2989 3237 3064 Dorylei.

2058 3071 2143 3127 Ibi
2176 3074 2507 3136 subsistens
2536 3080 2887 3141 instauravit
2916 3087 3119 3143 urbem

2053 3159 2263 3218 validis
2294 3167 2587 3225 moenibus
2619 3171 2886 3245 miroque
2913 3174 3059 3231 vallo

1975 3231 2019 3301 (ἶ
2056 3250 2108 3305 ei
2139 3250 2577 3329 circumposita,
2609 3276 2743 3317 cum
2776 3265 3265 3337 propugnaculis;

2045 3338 2441 3416 impositaque
2472 3346 2681 3406 idoneo
2714 3353 2985 3423 praesidio

2044 3446 2113 3485 ex
2144 3447 2283 3504 agro
2313 3434 2541 3508 Dorylei
2575 3444 2767 3496 castra
2799 3442 3004 3514 movit,

2041 3523 2216 3593 atque
2246 3523 2458 3582 Subleo
2488 3527 2679 3585 adfuit
2708 3531 2948 3588 castello
2980 3548 2994 3587 :

2040 3604 2288 3680 ipsoque
2319 3612 2537 3684 pariter
2564 3620 2695 3688 apte
2727 3622 3113 3690 communito,

2039 3700 2097 3751 et
2125 3698 2369 3770 reliquis
2400 3702 2726 3776 dispositis,
2759 3708 2829 3762 ad
2864 3710 3070 3766 urbem
3104 3712 3273 3769 redit.

2039 3784 2151 3840 Sed
2184 3788 2339 3844 brevi
2371 3792 2602 3864 requies
2634 3794 2937 3855 intervallo
2970 3801 3079 3857 fuit
3112 3819 3126 3857 :

2039 3874 2287 3933 invicem
2322 3879 2540 3951 quippe
2568 3886 2762 3939 Caesar
2790 3891 2847 3940 et
2876 3887 3148 3945 sultanus

2039 3961 2235 4034 ignem
2270 3966 2540 4025 fovebant
2569 3972 2680 4026 sub
2712 3976 2905 4031 cordis
2936 3977 3254 4049 cineribus,

2038 4052 2302 4109 fomitem
2336 4063 2672 4130 promptum
2707 4063 2994 4120 meditatae
3029 4066 3290 4139 ultionis,

2039 4146 2213 4214 atque
2242 4153 2586 4218 erupturum
2621 4151 2891 4222 protinus
2922 4154 2979 4209 in
3014 4155 3336 4212 ﬂammam.

2042 4230 2291 4304 Uterque
2323 4234 2548 4291 scilicet
2577 4240 2935 4297 accusabant
2963 4243 3208 4300 invicem

2039 4321 2294 4390 querelis
2325 4325 2658 4383 manifestis
2692 4328 2985 4403 minisque
3014 4335 3314 4405 gravibus.

2037 4420 2429 4485 Quamobrem
2462 4424 2654 4481 Caesar
2682 4426 2834 4483 vires
2868 4430 3174 4489 universas

2037 4508 2301 4582 undique
2332 4514 2706 4586 contrahens,
2742 4516 2953 4590 hisque
2982 4520 3392 4592 supplementa

1958 4596 2007 4663 Β
2039 4597 2152 4654 alia
2177 4604 2356 4673 atque
2386 4602 2522 4675 alia,
2556 4609 2621 4659 ut
2650 4623 2755 4677 par
2784 4613 2933 4677 erat,
2966 4609 3189 4667 addens

2044 4703 2112 4743 ex
2142 4688 2302 4746 Italis
2333 4695 2509 4765 atque
2535 4694 2769 4767 Scythis
2802 4698 2871 4753 ad
2905 4698 3121 4755 Istrum
3154 4701 3383 4773 positis,

2045 4785 2509 4853 congregatoque
2537 4783 2849 4843 innumero
2878 4788 3156 4860 exercitu,

2044 4867 2337 4925 Persicam
2368 4871 2561 4944 pergit
2587 4888 2691 4929 ceu
2717 4874 3013 4933 deleturus
3041 4884 3295 4952 gentem,

2046 4956 2428 5031 Iconiumque
2458 4959 2625 5017 humi
2657 4968 3077 5038 prostraturus,

2046 5047 2292 5119 ejusque
2325 5065 2516 5121 regem
2549 5050 2793 5125 insuper
2816 5059 3120 5127 capturus,

2047 5140 2109 5191 ut
2141 5139 2287 5208 pede
2312 5140 2551 5208 collum,
2585 5141 2659 5197 de
2690 5159 2872 5208 more,
2904 5144 3174 5205 calcaret.

2046 5225 2234 5298 Igitur
2263 5227 2476 5299 raptim
2510 5231 2807 5302 profectus
2838 5232 3112 5305 Byzantio

2048 5331 2181 5370 cum
2213 5316 2339 5373 suis
2369 5317 2552 5389 copiis
2583 5319 2898 5393 Phrygiam
2931 5325 3353 5398 pertransiens,

2045 5403 2278 5461 Chonas
2306 5406 2541 5463 devenit
2569 5408 2895 5481 elegantem
2933 5412 3159 5469 urbem.

2050 5492 2217 5549 Illinc
2244 5495 2315 5551 ad
2348 5500 2607 5553 castrum
2638 5500 2934 5569 quoddam
2968 5507 3058 5557 est
3089 5519 3457 5574 progressus,

2046 5583 2140 5639 cui
2173 5601 2388 5642 nomen
2418 5591 2587 5643 vetus
2616 5594 2742 5643 erat
2770 5589 3237 5662 Myriocephalon
3277 5609 3290 5646 :

2046 5672 2202 5729 unde
2235 5673 2491 5745 pervasit
2519 5674 2577 5730 in
2612 5675 2893 5733 ditionem
2928 5678 3221 5735 Persicam

3378 5802 3421 5863 ϐ

3640 362 3745 416 170
