4104 6204
380 318 484 376 175
1599 304 1972 356 sesamum

1599 304 1972 356 ΕΡΗΒΛΕΜΙΙ
2008 301 2573 356 CHRONOGRAPHI

375 459 509 499 cum
540 435 862 496 interfectis
892 431 1071 488 variis
1102 425 1482 494 animalibus,

377 532 547 604 equis
578 546 644 586 ac
677 527 885 594 bobus,
919 521 1126 584 asinis,
1159 515 1458 604 mulabus,

377 603 548 695 quasi
579 619 637 672 in
669 610 970 671 communi
1001 607 1256 666 conditis
1288 603 1579 677 sepulcro.

383 712 504 766 Imo
535 711 661 764 erat
691 701 998 759 hominum
1031 695 1455 761 coemeterium,

380 800 428 855 si
461 800 548 853 fas
575 797 656 850 ita
685 791 868 863 loqui,
902 787 1171 844 admistis
1204 783 1438 841 belluis.

381 884 626 944 Romani
659 899 800 938 sane
832 878 1130 952 perierunt
1163 872 1421 947 plurimi,

377 1001 521 1055 quos
554 983 707 1036 inter
737 980 944 1049 ingens
978 975 1148 1047 regiae
1181 972 1384 1042 stirpis
1412 983 1712 1024 numerus.

376 1076 567 1144 Atque
596 1071 713 1126 [HEC
746 1068 918 1124 talem
951 1064 1286 1120 habuerunt
1315 1059 1561 1116 exitum.

380 1163 709 1234 Imperator
739 1163 934 1214 autem
967 1155 1106 1210 dum
1137 1155 1386 1206 conatur
1414 1145 1650 1218 assequi

379 1251 640 1322 legiones
671 1263 835 1312 suas,
871 1249 932 1300 ut
964 1243 1102 1306 dixi,
1137 1240 1550 1312 pracedentes,

382 1358 414 1394 a
443 1338 652 1394 Turcis
682 1335 988 1392 vetabatur
1021 1330 1267 1385 ulterius
1299 1325 1592 1399 progredi,

385 1445 489 1483 nec
519 1425 800 1483 acervatis
836 1423 1032 1477 minus
1065 1417 1465 1474 cadaveribus.

383 1517 602 1572 Tamen
634 1511 908 1568 difficiles
937 1511 1228 1565 eluctatus
1262 1505 1440 1570 locos,

386 1623 489 1661 nec
523 1606 776 1660 torrente
807 1603 1081 1670 superato
1111 1595 1306 1659 tluvio,

384 1694 497 1749 alio
528 1699 586 1748 et
615 1692 892 1761 adjuncto
922 1688 1318 1741 Romanorum
1352 1679 1545 1751 globo,

383 1784 560 1848 viam,
598 1787 662 1835 ut
693 1780 937 1850 poterat,
971 1772 1309 1829 absolvebat
1341 1767 1650 1839 reliquam.

383 1874 564 1934 Quem
598 1869 1004 1923 transeuntem
1036 1859 1373 1930 conspicata
1399 1855 1654 1928 phalanx

386 1959 644 2015 Arabum
675 1955 940 2028 equitum
974 1949 1280 2024 splendide
1310 1953 1670 2011 ornatorum,

389 2047 504 2105 ruit
533 2047 590 2102 in
624 2046 820 2116 ipsum
851 2041 1102 2098 violento
1133 2055 1310 2094 cursu

389 2142 453 2192 ut
483 2135 653 2208 quasi
685 2134 880 2206 praeda
911 2129 1196 2204 potiretur
1225 2126 1400 2181 illico.

387 2228 442 2281 Is
472 2241 602 2280 vero
635 2223 904 2278 hortatus
935 2219 1166 2275 animos
1197 2230 1438 2271 suorum

384 2312 758 2370 barbaricum
793 2306 1164 2380 manipulum
1196 2305 1334 2359 vicit
1360 2301 1548 2358 facile.

383 2410 675 2467 Paulatim
706 2415 902 2464 autem
933 2405 1208 2476 lenteque
1241 2399 1622 2474 progrediens

383 2499 555 2555 modo
587 2503 830 2554 cruenta
860 2511 1060 2567 pugna
1089 2494 1415 2559 decertans,

379 2590 553 2645 modo
583 2588 758 2644 etiam
792 2587 958 2641 hoste
989 2584 1156 2650 liber,
1190 2583 1260 2637 ad
1293 2585 1620 2635 extremum

381 2694 592 2750 magno
624 2693 757 2733 cum
789 2674 1003 2747 gaudio
1035 2673 1106 2728 ad
1138 2687 1278 2726 suos
1311 2665 1577 2740 pervenit
1609 2681 1622 2718 :

379 2765 480 2838 qui
508 2765 748 2839 quidem
782 2763 929 2819 nihil
960 2760 1196 2834 gravius
1225 2757 1522 2821 dolebant,

381 2873 560 2928 quam
595 2855 731 2927 quia
761 2869 894 2909 cum
927 2849 1075 2924 ipsis
1106 2865 1220 2905 non
1252 2847 1487 2902 adesset
1515 2844 1725 2913 Caesar,

383 2959 737 3016 summoque
768 2946 934 2998 erant
957 2942 1119 2995 metu
1154 2933 1412 2993 solliciti.

379 3036 528 3091 Ante
557 3049 737 3106 quam
768 3035 962 3088 autem
995 3027 1344 3084 misceretur
1371 3022 1498 3080 suis

380 3123 608 3180 Manuel
641 3122 797 3178 rivos
827 3121 1204 3176 decurrentes
1233 3117 1443 3169 nactus

380 3229 536 3284 aqua
563 3211 758 3267 levare
786 3206 1124 3280 depoposcit
1153 3203 1312 3262 sitim
1345 3219 1359 3258 :

377 3315 634 3371 cumque
663 3299 714 3352 ei
746 3297 1041 3369 quispiam
1075 3309 1287 3364 aquam
1321 3289 1653 3358 obtulisset,

384 3387 492 3442 hac
517 3387 771 3444 summis
801 3385 983 3440 labris
1012 3383 1218 3439 leviter
1241 3384 1497 3452 gustata,

381 3476 582 3532 statim
615 3491 684 3530 ex
714 3491 812 3530 ore
843 3472 1126 3542 reliquam
1163 3469 1425 3542 proiecit,

371 3581 476 3621 ceu
511 3564 559 3620 si
595 3568 768 3635 potus
801 3560 897 3617 ille
929 3577 1045 3615 non
1081 3557 1462 3613 descenderet

381 3655 452 3710 ad
485 3655 672 3709 imum
699 3650 1075 3708 stomachum
1111 3647 1399 3702 renitente
1431 3642 1769 3714 msepbago.

377 3743 510 3799 Mox
541 3741 642 3797 ubi
675 3739 913 3814 agnovit
942 3739 1190 3793 tinctam
1223 3751 1433 3805 aquam
1469 3732 1622 3800 tabo,

377 3829 690 3904 ingemuit,
723 3829 835 3885 sibi
867 3827 1022 3882 haud
1059 3824 1350 3898 placuisse
1379 3821 1583 3877 dicens

377 3936 594 3992 aquam
626 3917 954 3975 Christiano
986 3914 1274 3986 sanguine
1307 3911 1604 3966 fmdatam.

375 4019 525 4074 Tum
558 4018 796 4089 quidem
832 4029 1089 4087 praesens
1120 4011 1515 4082 importunus,
1545 4007 1765 4075 audax;

373 4108 691 4180 impudens
722 4105 945 4161 blatero
975 4107 1033 4159 et
1063 4101 1265 4174 lingua
1296 4099 1720 4170 intemperans,

380 4195 574 4252 Semel
606 4195 872 4251 novellus
903 4190 1218 4248 conviciari
1250 4189 1484 4254 solitus,

375 4285 462 4341 sic
494 4283 715 4340 christo
746 4283 976 4338 Domini
1009 4280 1185 4351 coepit
1217 4278 1566 4334 maledicere
1598 4291 1611 4331 :

313 4367 320 4376 ’
374 4374 541 4430 Haud
577 4388 734 4428 nunc
766 4372 1044 4443 primum,
1078 4369 1178 4424 sed
1217 4373 1392 4422 antea
1421 4381 1594 4436 saepe,

370 4461 612 4535 plenum
645 4464 871 4516 cratera
900 4457 1370 4516 Christianorum
1404 4453 1692 4526 sanguine

369 4549 590 4620 bibisti,
623 4547 891 4604 subditos
923 4547 1201 4603 divexaus
1235 4543 1505 4616 populos,

375 4643 648 4694 maturus
680 4635 860 4692 veluti
894 4651 1164 4691 racemus
1193 4630 1631 4704 comprimitur,

371 4743 475 4799 per
503 4727 856 4782 tributorum
884 4724 1151 4797 gravium
1185 4720 1514 4778 exactiones

373 4820 581 4887 potans
613 4814 846 4872 illorum
877 4813 1250 4870 abundanter
1280 4808 1656 4881 sanguinem.

373 4913 534 4970 Tulit
564 4914 853 4986 patienter
881 4912 1073 4967 Cresar
1102 4911 1254 4965 hanc
1281 4905 1603 4973 vesaniam,

371 5017 478 5059 nec
506 5007 710 5059 contra
740 5001 979 5075 quidem
1015 4999 1339 5072 quidquam
1374 4993 1712 5051 mussitavit

375 5090 534 5149 mitis
565 5091 900 5158 monarcha,
934 5105 1040 5146 nec
1081 5085 1406 5144 infrenduit
1436 5083 1732 5140 dentibus.

368 5183 591 5238 Iterum
621 5181 814 5238 Cmsar
843 5181 987 5235 dum
1017 5179 1241 5233 videret
1271 5173 1539 5232 sacculos

365 5269 590 5344 publici
622 5269 848 5326 nummi
883 5267 1160 5324 custodes
1191 5263 1368 5336 diripi

365 5377 400 5416 a
429 5358 908 5433 persequentium
936 5357 1330 5412 Barbarorum
1362 5353 1608 5424 impetu,

365 5453 544 5522 atque
576 5449 647 5505 ad
675 5446 922 5504 tutelam
954 5446 1285 5502 hortaretur
1317 5457 1479 5509 suos,

365 5553 580 5611 nempe
609 5543 674 5594 ut
704 5535 900 5594 aliena
927 5533 1103 5608 pulsa
1131 5533 1189 5588 vi
1221 5533 1522 5588 servarent

365 5626 624 5684 futuram
659 5626 806 5698 ipsis
839 5624 1042 5680 utilem
1074 5621 1382 5695 pecuniam
1418 5635 1433 5675 :

2051 423 2103 488 Α
2137 421 2278 480 4520
2319 419 2420 478 Καὶ
2451 419 2790 492 θνησιμαίιην
2812 416 3171 475 παντοδαπῶν
3205 419 3446 499 ἀλόγων,

2305 513 2542 580 Ἵππων,
2579 509 2746 584 βοῶν,
2779 505 2919 564 ὄνων
2949 529 3007 564 τε
3037 510 3129 565 σὺν
3163 511 3443 582 ἡμιόνοις,

2309 599 2492 676 Τάφον
2519 619 2578 654 τε
2603 599 2786 654 κοινὸν
2813 603 2934 660 τοῖς
2965 596 3124 664 ὅλοις
3155 602 3526 676 χρηματίσαι,

2312 685 2536 742 Μᾶλλον
2573 685 2965 764 πολυάνδριον,
2994 685 3039 742 εἶ
3071 689 3253 764 χρεὼν
3283 689 3467 767 φάναι,

2315 778 2409 831 Ἐκ
2437 781 2681 851 γηγενῶν
2715 777 3034 850 πάμμικτον
3064 775 3278 852 ἀλόγων
3316 780 3364 844 θ’
3393 779 3526 853 ἅμα.

2136 875 2278 930 4525
2315 875 2638 929 Πεπτώκασι
2668 873 2890 936 πλείους
2914 872 2970 928 δὲ
2998 874 3288 948 Ῥωμαίων
3324 876 3477 952 μάχη

2313 962 2417 1019 Καὶ
2445 961 2620 1018 τῶνδε
2647 962 2873 1025 πλείους
2903 967 3000 1018 τοῦ
3036 962 3321 1039 βασιλείου
3350 966 3566 1040 γένους,

2316 1053 2420 1107 Καὶ
2451 1056 2617 1107 ταῦτα
2653 1052 2748 1125 μὲν
2777 1050 3055 1128 πέπρακτο
3080 1049 3238 1107 τόνδε
3267 1052 3359 1108 τὸν
3389 1053 3594 1130 τρόπον
3619 1074 3634 1088 ο

2314 1141 2376 1196 Ὁ
2409 1138 2456 1194 δ’
2485 1138 2860 1216 αὐτοκράτωρ,
2887 1141 2960 1202 ὡς
2993 1136 3150 1218 ἔφην,
3184 1140 3512 1217 άπειγμένος

2315 1225 2494 1290 ’Ίλαις
2525 1227 2796 1292 συνελθεῖν
2828 1232 2948 1290 ταῖς
2984 1229 3496 1304 προηγησαμέναις,

2139 1317 2276 1373 4530
2316 1316 2582 1390 Τοόρκοις
2609 1319 2833 1393 πορείας
2866 1315 3102 1392 εἴργεται
3130 1324 3232 1387 τῆς
3260 1317 3336 1382 εἷς
3369 1319 3583 1394 πρόσω,

2316 1403 2487 1464 Οὐδὲν
2522 1403 2580 1461 δὲ
2613 1411 2767 1479 μεῖον
2796 1407 2886 1460 καὶ
2919 1405 3197 1470 κολωνοῖς
3228 1409 3541 1482 πτωμάτων

2313 1497 2504 1568 Ὅμως
2533 1493 2764 1559 διελθὼν
2795 1492 3098 1570 δυσπόρους
3133 1495 3296 1570 μόλις
3337 1497 3541 1562 τόπους

2314 1585 2416 1642 Καὶ
2448 1585 2538 1640 τὸν
2570 1583 2946 1660 παραρῥεοντα
2971 1584 3281 1662 χειμάρρου
3310 1585 3436 1663 ῥόον

2315 1671 2418 1730 Καὶ
2451 1673 2639 1749 στίφος
2669 1671 2810 1729 ἄλλο
2839 1673 3150 1746 Ῥωμαϊκὸν
3180 1671 3373 1737 ἁλίσας

2058 1791 2106 1856 Β
2137 1765 2279 1820 4535
2314 1768 2400 1856 Ἐς
2428 1765 2565 1839 εἶχε,
2588 1760 2816 1856 Δδιήνυτε
2973 1765 3341 1840 προκειμένην
3377 1783 3392 1797 ⁸

2314 1854 2412 1910 “Ov
2434 1851 2698 1928 παριόντα
2727 1847 3034 1928 βαρϐαρική
3066 1874 3151 1916 τις
3183 1851 3394 1932 φάλαγξ

2313 1945 2532 2006 Ἵπποις
2565 1943 2865 2018 ὁπλισμοῖς
2893 1943 3169 2020 ἐκπρεπὴς
3201 1939 3516 2021 Ἀῥραϐίοις

2319 2029 2530 2102 ἰδοῦσ’,
2560 2031 2642 2087 ἐπ’
2672 2032 2834 2087 αὐτὸν
2867 2032 3125 2106 ἔμμανῶς
3155 2054 3274 2096 πως
3303 2035 3530 2104 συνέθει,

2316 2121 2405 2185 Ὦς
2435 2123 2657 2195 θήραμα
2687 2119 2993 2175 σπεύδουσα
3022 2118 3169 2176 τόνδ’
3196 2119 3342 2177 ἑλεῖν
3373 2123 3540 2199 τάχα.

2139 2211 2280 2266 4540
2316 2211 2377 2267 Ὁ
2409 2207 2456 2264 δ’
2484 2209 2791 2286 ἆρῥενώσας
2817 2215 2925 2264 τῶν
2961 2210 3227 2266 συνόντων
3252 2211 3346 2274 τὰς
3375 2211 3574 2289 φρένας

2315 2295 2640 2362 Ὀδοστάτας
2666 2297 2869 2370 ἥττησε
2900 2299 3065 2376 ῥᾷστα
3094 2295 3431 2376 Βαρϐάρους.

2317 2386 2466 2443 Κατᾶ
2496 2386 2678 2462 βραχὺ
2709 2384 2767 2441 δὲ
2797 2387 3122 2460 συμπροϊὼν
3149 2388 3240 2443 καὶ
3276 2387 3446 2465 βάδην

2315 2480 2426 2533 Νῦν
2463 2476 2558 2549 μὲν
2590 2475 2746 2549 νόμῳ
2781 2476 2968 2550 μάχης
2993 2497 3053 2532 τε
3081 2478 3171 2532 καὶ
3195 2479 3314 2551 μεθ’
3345 2478 3613 2554 αἰμάτων,

2319 2566 2580 2640 Ἐνιαχοῦ
2609 2562 2667 2620 δὲ
2694 2564 2785 2620 καὶ
2821 2565 3011 2641 μάχης
3040 2565 3205 2623 πάλιν
3238 2563 3373 2642 δίχα

2139 2655 2283 2711 4545
2321 2647 2695 2728 Τρισάσμενος
2728 2655 2964 2727 μέμικτο
2993 2659 3110 2718 τοῖς
3139 2657 3522 2731 ποθουμένοις,
3571 2710 3579 2714 .

2317 2742 2394 2800 Οὐ
2429 2743 2643 2817 μᾶλλον
2676 2742 2853 2798 αότῶν
2885 2740 3303 2821 δυσχεραίνουσι
3338 2745 3500 2822 χάριν

2316 2834 2490 2908 Ἥπερ
2523 2829 2592 2886 δι’
2623 2831 2783 2887 αὐτὸν
2821 2834 2897 2904 μὴ
2929 2833 3173 2909 παρόντα
3195 2840 3318 2898 ταῖς
3353 2833 3522 2904 ἴλαις,

2317 2922 2619 2997 Ἀγωνιῶσι
2648 2921 2740 2976 καὶ
2773 2919 3042 2977 δεδοικόσι
3073 2921 3303 3000 σφόδρα.

2317 3011 2504 3081 Μήπω
2536 3007 2594 3064 δὲ
2621 3014 2739 3072 τοῖς
2767 3011 3004 3086 τάγμασι
3034 3011 3304 3085 συμμίξας
3337 3014 3576 3090 κράτωρ,

2139 3109 2283 3165 4550
2318 3105 2479 3164 Ἀλλ’
2505 3105 2558 3162 ἐν
2591 3106 2954 3184 παραρρέοντι
2985 3128 3073 3184 χει
3085 3107 3278 3186 μάῤῥῳ
3308 3109 3492 3166 πέλων

2317 3199 2465 3252 Πιεῖν
2498 3193 2645 3272 ὕδωρ
2674 3197 2846 3270 ’ᾔτησε
2877 3194 3110 3271 διψήσας
3141 3199 3284 3274 μὲγα
3317 3218 3332 3232 ο

2311 3284 2414 3341 Καί
2443 3305 2526 3340 τις
2556 3282 2702 3360 ὕδωρ
2732 3283 2954 3362 ἤνεγκεν
2983 3284 3131 3359 αὐτῷ
3159 3288 3297 3361 πρὸς
3327 3286 3484 3342 πόσιν
3519 3306 3534 3321 ⁸

2314 3374 2535 3436 Σπάσας
2565 3370 2624 3428 δὲ
2645 3370 2807 3428 τοῦδε
2833 3373 2924 3428 καὶ
2956 3373 3292 3450 περικλύσας
3321 3375 3496 3450 στόμα

2310 3463 2386 3520 Τὸ
2418 3462 2613 3519 λοιπὸν
2647 3462 2708 3518 ἐκ
2735 3462 3008 3538 στόματος
3040 3464 3197 3541 ἐκχεῖ
3224 3464 3319 3521 σὺν
3347 3465 3530 3541 τάχει,

2136 3553 2278 3609 4555
2313 3553 2402 3614 Ὠς
2430 3556 2529 3607 τοῦ
2561 3553 2822 3618 ποθέντος
2861 3554 2936 3626 μή
2968 3552 3448 3626 κατωλισθηκότος

2307 3642 2386 3696 Δι’
2419 3639 2714 3719 οἷσοφάγου
2739 3642 2878 3717 πρὸς
2902 3643 2970 3698 τὰ
2999 3643 3148 3698 κάτω
3173 3642 3411 3706 κοιλίας.

2310 3730 2442 3788 Εἶτα
2469 3731 2638 3787 ποτὸν
2664 3731 2826 3808 γνοὺς
2857 3733 3308 3811 συμπεφυρμένον
3337 3730 3524 3810 λύθρῳ

2308 3820 2578 3897 ᾬμωξεν,
2611 3819 2777 3876 εἰπὼν
2811 3820 2873 3877 οὗ
2903 3819 3089 3884 καλῶς
3114 3821 3419 3899 γεγευκέναι

2306 3906 2714 3986 Ὑδατοφύρτων
2749 3915 3085 3987 Χριστιανῶν
3121 3910 3390 3984 αἱμάτων.

2129 3999 2272 4055 4560
2309 3996 2413 4056 Καί
2440 4019 2524 4062 τις
2553 3997 2834 4074 παρεστὼς
2864 3998 3059 4072 ῗταμὸς
3087 3998 3287 4075 Θρασὺς
3315 3999 3457 4071 τότε,

2058 3155 2102 3221 C

2305 4088 2421 4158 Τὴν
2452 4085 2703 4163 γλῶτταν
2736 4087 3062 4158 ἀκόλαστος,
3092 4085 3344 4160 ἀναιδής,
3379 4087 3574 4162 λάλος,
3627 4104 3634 4110 ’

2309 4177 2460 4233 Κατᾶ
2493 4175 2685 4250 Σεμεεὶ
2717 4173 2992 4254 λοιδορεῖν
3027 4176 3356 4251 εἰθισμένος,

2305 4268 2525 4340 Χριστῷ
2555 4265 2758 4340 Κυρίου
2789 4263 3220 4341 λοιδορούμενος
3251 4266 3400 4344 λέγει
3434 4283 3450 4299 ⁸

2306 4355 2416 4410 Οὔκ
2445 4356 2565 4430 ἄρτι
2596 4357 2851 4429 πρώτως,
2883 4354 3029 4410 ἀλλὰ
3057 4353 3356 4426 πολλάκις,
3389 4354 3537 4428 ἄναξ,

2129 4455 2270 4510 4565
2309 4451 2506 4531 Πλήρη
2537 4455 2784 4529 κρατῆρα
2815 4455 3152 4529 Χριστιανῶν
3182 4453 3429 4527 αἱμάτων

2050 4517 2098 4581 D
2307 4517 2585 4613 'rnﬂ'xoov'
2607 4517 2728 4597 πᾶν¹
2743 4517 2981 4616 καλαμώ
2990 4563 3152 4616 μενος
3184 4517 3355 4605 πίνεις
3389 4563 3403 4578 ο

2309 4632 2377 4686 Ἣ
2405 4631 2495 4685 καὶ
2525 4629 2816 4708 πεπείρους
2844 4631 2980 4687 καθα
3005 4626 3312 4696 συνθλίϐων
3347 4631 3541 4708 βότρυς

2309 4719 2632 4795 Είσπράξεσι
2656 4720 2837 4798 φόρων
2867 4740 2927 4775 τε
2945 4719 3036 4775 καὶ
3064 4719 3239 4776 τελῶν
3277 4719 3430 4797 βάρει

2309 4807 2549 4881 Α’ίματος
2577 4809 2757 4864 αὐτῶν
2789 4807 3007 4887 ἐμφορῇ
3039 4809 3380 4885 κατακόρως.

2131 4901 2270 4955 4570
2305 4899 2368 4956 Ὀ
2399 4895 2446 4952 δ’
2475 4899 2701 4974 ἡμέρως
2728 4895 2928 4974 ἤνεγκε
2955 4900 3054 4968 τήν
3083 4899 3392 4974 παροινίαν,

2309 4987 2665 5058 ’Λνεξικάκως
2693 4986 3030 5063 τονθορύσας
3065 4985 3353 5060 μηδόλως,

2305 5073 2450 5147 Μηδ’
2481 5075 2570 5130 ὑπ’
2601 5071 2798 5131 ὀδόντα
2822 5076 3021 5151 γρύξας
3054 5077 3082 5131 ὁ
3112 5074 3287 5151 πραῢς
3320 5073 3470 5148 ἅναξ.

2305 5165 2406 5222 Καὶ
2440 5163 2607 5219 πάλιν
2638 5160 2802 5219 αὐτοῦ
2831 5166 3178 5239 καθορῶντας
3203 5164 3476 5228 θυλάκους

2302 5251 2444 5316 Τοὺς
2465 5256 2562 5308 τοῦ
2593 5257 2800 5328 χρυσοῦ
2830 5252 3077 5331 φύλακας
3108 5251 3546 5330 ἐκρηγνυμένους

2125 5345 2268 5401 4575
2304 5344 2402 5399 Ἐκ
2430 5340 2765 5416 θρασύτητος
2795 5343 2887 5397 καὶ
2923 5341 3045 5418 βίας
3067 5349 3168 5412 τῆς
3208 5337 3535 5418 Βαρϐάρων,

2303 5430 2407 5488 Καὶ
2435 5427 2563 5492 τοὺς
2592 5429 2783 5485 ἑαυτοῦ
2815 5429 3152 5507 ῥωννόοντος
3181 5429 3257 5494 ὠς
3285 5428 3404 5486 δὲον

2302 5520 2672 5576 Ἐπεισπεσεῖν
2699 5519 2758 5573 τέ
2787 5539 2934 5596 σφισι
2965 5519 3054 5575 καὶ
3084 5525 3310 5585 κτᾶσθαι
3344 5517 3474 5576 τάδε

2297 5610 2558 5682 ’Ἀμεινον
2589 5606 2788 5680 αὐτῶν,
2821 5609 3238 5687 συμφερώτερον
3269 5610 3433 5684 πάνυ,

3683 305 3793 360 176
