4104 6204
307 332 429 386 177

492 456 661 518 Αὖθις
690 455 903 519 ἐπιδιάς
936 460 964 514 ὁ
997 459 1194 534 θρασὺς
1231 462 1603 534 μωμοσκόπος

296 545 454 601 4580
491 542 875 620 Ἐλοιδορεῖτο
904 552 986 619 τῷ
1014 550 1300 625 κρατάρχῃ
1329 550 1419 605 καὶ
1444 553 1633 624 πάλιν,

490 635 718 691 Ἀνακτι
751 631 922 691 Δαῦἲδ
956 638 1148 710 Σεμεεὶ
1181 639 1317 693 καθά
1348 640 1539 695 πάλαι⁸

489 724 665 780 Ἐκὼν
694 724 820 799 πρὶν
857 724 1029 801 ἐχρῆν
1061 732 1227 783 ταῦτα
1256 730 1549 802 Ῥωμαίοις
1576 731 1787 805 νέμειν,

490 812 703 870 Οῧκουν
730 836 793 889 γε
817 814 955 887 νυνὶ,
990 812 1262 891 δυσχερὴς
1285 822 1477 884 κτῆσις
1508 819 1617 875 ὅτε·

485 901 549 959 Εἰ
584 898 633 956 δ’
664 902 827 965 αὐτὸς
860 904 998 977 ἆνήρ
1026 906 1318 980 τυγχάνεις
1352 906 1427 962 ὢν
1460 908 1656 982 ἰσχύος

297 991 449 1047 45ὥ
486 992 830 1066 Ἠρπαγμέν’
860 993 1141 1049 ἀνάσωσον
1173 992 1376 1051 Αὕσοσι
1406 995 1596 1052 πάλιν·

482 1080 546 1137 Ὁ
578 1076 625 1134 δ’
652 1077 717 1135 αὖ
746 1086 1040 1154 προσηνῶς
1070 1085 1345 1158 κερτόμου
1369 1088 1519 1162 φέρει
1552 1084 1757 1163 λόγους

480 1170 570 1230 Ὠς
598 1171 784 1246 κωφὸς
815 1170 1151 1246 αὐτόχρημα
1185 1174 1261 1246 μὴ
1294 1172 1476 1230 κλύων
1514 1177 1680 1240 ὅλως.

480 1256 631 1313 Ἐπεὶ
664 1256 721 1313 δὲ
750 1258 909 1314 παύει
940 1260 1029 1330 νὺξ
1060 1260 1362 1326 ἐπελθοῦσα
1396 1264 1606 1339 μάχην,

474 1347 731 1415 Καθῆστο
761 1352 867 1410 πᾶς
898 1344 1196 1427 ἕμφροντις
1235 1350 1541 1426 ἀσχάλλων
1577 1352 1715 1431 μέγα

290 1444 439 1501 4590
472 1445 564 1499 Ἐν
594 1449 674 1518 νῷ
700 1452 993 1523 προαθρῶν
1024 1449 1116 1502 τὸν
1144 1450 1500 1525 προκείμενον
1536 1453 1727 1530 μόρον.

473 1534 538 1591 Ὀ
568 1532 617 1589 δ’
646 1533 998 1610 αὐτοκράτωρ
1029 1544 1131 1607 τῆς
1163 1541 1358 1616 φρενὸς
1390 1539 1478 1596 καί
1510 1546 1608 1598 τοῦ
1655 1546 1889 1620 κράτους

476 1622 720 1693 Ἀναξίαν
744 1619 942 1702 ἔφρασε
974 1625 1183 1701 βουλὴν
1210 1624 1265 1683 ’ἐν
1299 1630 1467 1701 μέσῳ,

476 1713 575 1773 Οἷς
602 1713 719 1787 εἶχε
748 1712 965 1790 θαρῥεῖν
989 1712 1211 1791 ἀνδράσι
1236 1715 1631 1796 βουληφόροις·

472 1801 536 1857 Ἦ
570 1797 619 1856 δ’
646 1803 714 1871 ἧν
744 1800 980 1879 λαθραία
1010 1801 1279 1875 δυσκλεὴς
1312 1809 1456 1885 φυγὴ
1486 1808 1719 1887 νύκτωρ,

289 1891 434 1947 4595
473 1895 683 1967 Ψυχῶν
718 1889 774 1947 δὲ
806 1891 1019 1949 λοιπῶν
1050 1893 1305 1973 ἐπαγωγή
1340 1898 1475 1973 πρὸς
1508 1898 1698 1976 μόρον,

470 1980 618 2053 Πρὸς
648 1980 1035 2057 αἰχμαλωσίαν
1066 2005 1124 2039 τε
1154 1983 1612 2063 δυστυχεστάτην,

466 2071 572 2128 Ἥν
598 2074 705 2134 πᾶς
735 2068 1039 2149 διωλύγιον
1068 2070 1265 2147 ᾧμῶξτ
1293 2075 1502 2145 κλύων,

470 2159 577 2215 Καὶ
610 2158 823 2235 βαρὲως
850 2159 1048 2237 ἤνεγκε
1075 2165 1143 2219 τά
1174 2162 1487 2241 δεδογμένα,

470 2254 959 2327 Παραφρονοῦντος
986 2252 1100 2328 οὐχ
1130 2253 1311 2329 ὑγιοῦς
1340 2252 1603 2312 δεσπότου

283 2349 429 2405 4600
465 2349 537 2402 τὸ
568 2347 787 2423 σκέμμα
815 2350 1001 2425 κρίνας
1031 2353 1120 2406 καὶ
1151 2352 1478 2431 κατακρίνας
1507 2355 1696 2412 πλέον.

464 2437 691 2500 Τούτοις
726 2437 1034 2516 μαλαχθεὶς
1068 2443 1334 2513 Μανουήλ
1362 2446 1462 2515 τήν
1489 2443 1713 2520 καρδίαν

462 2525 564 2581 Καὶ
598 2527 750 2601 σχὼν
779 2525 1047 2602 λογισμὸν
1081 2532 1348 2604 ποιμένος
1378 2535 1466 2588 καὶ
1500 2533 1829 2610 προστάτου,

466 2613 635 2672 Πάντ’
692 2613 843 2672 ὧπτο
890 2617 982 2672 καὶ
1046 2616 1186 2695 δρῶν
1244 2622 1334 2676 καὶ
1382 2620 1560 2698 λέγων
1614 2624 1751 2698 πρὸς
1805 2645 1944 2697 συμ-

1732 2714 1940 2791 [φέρον.

462 2792 594 2855 θεὸς
625 2791 671 2848 δ’
704 2794 732 2848 ὁ
760 2799 933 2850 ποιῶν
965 2795 1139 2853 πάντα
1167 2800 1253 2853 καὶ
1291 2800 1666 2874 μετατρέπων,

278 2883 427 2939 4605
462 2883 527 2940 Ὀ
560 2888 836 2960 μαστιγῶν
865 2906 924 2940 τε
947 2884 1039 2941 καὶ
1070 2887 1379 2964 θεραπεύων
1412 2888 1601 2959 πάλιν,

460 2971 519 3023 '0
552 2975 791 3036 θανατῶν
821 2993 880 3028 τε
912 2974 1003 3029 καὶ
1034 2977 1209 3046 πνοὴν
1239 2978 1391 3040 αὖθις
1423 2979 1628 3053 νέμων,

462 3060 526 3118 Ὀ
554 3055 755 3135 ῥάϐδον
790 3061 943 3140 ἀφεὶς
974 3059 1181 3120 ἀσεϐῶν
1217 3067 1319 3122 οὐκ
1349 3066 1423 3129 εἷς
1452 3067 1611 3131 τέλος

458 3144 665 3223 Κλήρῳ
693 3145 941 3221 δικαίων,
973 3150 1061 3206 καὶ
1094 3152 1256 3229 λάχει
1290 3158 1719 3230 Χριστωνύμων,

456 3236 520 3295 Ὀ
544 3236 674 3312 πρὶν
704 3235 942 3295 λεόντων
972 3242 1267 3316 ἡμερώσας
1296 3244 1358 3299 τὸ
1392 3244 1608 3321 θράσος,

272 3327 418 3382 4610
453 3326 556 3382 Ἵν’
585 3324 777 3397 ἆσινής
797 3327 1013 3402 γένοιτο
1044 3328 1251 3397 δίκαιος
1279 3332 1469 3403 πάλαι,

458 3416 723 3480 Κάκεῖνος
748 3418 912 3482 οὗτος
939 3419 1148 3495 ἡμεροῖ
1174 3426 1271 3477 τοῦ
1301 3419 1586 3499 Βαρϐάρου

452 3504 565 3574 Τὴν
597 3504 847 3580 θηριώδη
878 3508 962 3563 καὶ
996 3515 1245 3587 φονῶσαν
1275 3511 1523 3588 καρδίσν.

462 3589 760 3669 Πρεσόείαν
788 3595 984 3651 οὐκοῦν
1018 3597 1386 3680 ἐκπεπομφὼς
1415 3601 1700 3674 σουλτάνο,

464 3680 712 3746 Σπονδὰς
740 3684 957 3741 ἀπαιτεῖ
982 3690 1221 3764 καθαρὰς
1248 3692 1337 3745 καὶ
1369 3692 1577 3767 φιλίαν·

280 3782 426 3838 4615
462 3780 566 3838 Καὶ
593 3780 875 3838 σπένδεται
907 3782 964 3840 δὲ
997 3784 1252 3861 βασιλεὺς
1290 3795 1370 3863 τῷ
1391 3791 1695 3868 σουλτάνῳ’

461 3870 573 3927 Εἶτ’
601 3872 909 3936 ἀπαναστὰς
938 3878 1045 3929 τῶν
1078 3883 1360 3951 στυγητῶν
1390 3882 1632 3957 χωρίων,

458 3959 539 4013 Δι’
567 3961 635 4028 ἧς
663 3968 902 4035 προῆκεν
927 3963 1175 4035 ἀσμένως
1207 3968 1582 4047 ὑποστρέφων,

456 4048 692 4123 Οἷκτρὸν
729 4049 920 4125 βλέπει
952 4054 1126 4125 θέαμα
1159 4058 1352 4128 μεστὸν
1386 4056 1654 4136 δακρύων,

454 4137 557 4192 Καὶ
587 4139 873 4217 συμφορὰν
903 4140 1174 4198 οἴκτιστον
1205 4145 1355 4215 ἀξίαν
1384 4150 1555 4223 γόων,

274 4227 420 4283 4620
454 4225 778 4302 Τραγῳδίαν
809 4230 859 4283 τ’
892 4228 1130 4306 ἄρῥητον
1163 4233 1308 4307 ὥμοι
1339 4240 1437 4291 τοῦ
1460 4237 1666 4301 πάθους

455 4315 725 4390 Ἱερεμίου
751 4324 856 4387 τῆς
885 4318 1173 4396 φιλοίκτου
1203 4322 1427 4398 καρδίας

453 4401 587 4477 Τῇδ’
620 4404 679 4459 ἃν
714 4404 1133 4483 ἀποχρήσοντος
1168 4412 1244 4467 είς
1286 4413 1594 4489 ορηνιρδιαν

455 4496 551 4556 Ὀς
580 4492 787 4564 igian
821 4495 1042 4553 κάτοιδε
1071 4499 1261 4556 πάθεσι
1291 4503 1473 4579 γόους·

458 4582 698 4669 Ὦρῶντο
722 4585 828 4660 γάρ
861 4587 1157 4663 φάραγγες,
1190 4588 1362 4669 ἄλφη,
1394 4593 1666 4663 κοιλάδες,

276 4670 423 4726 4652
461 4666 647 4742 Πεδία,
678 4673 889 4744 τὲμπη,
922 4676 1012 4730 καὶ
1043 4676 1227 4748 νάπαι,
1260 4666 1345 4737 καὶ
1380 4682 1651 4758 χαράδραι

455 4758 579 4814 Τῶν
610 4760 939 4834 νικριμαίων
972 4764 1239 4837 σωμάτων
1271 4767 1651 4843 πεπλησμέναι

457 4845 549 4909 Ὠς
577 4846 655 4909 είς
683 4845 932 4904 κολωνὸν
967 4852 1490 4929 ὑπερανῳκισμέναι.

458 4932 559 4989 Κάὶ
590 4938 859 5009 κειμένων
888 4944 995 5003 πᾶς
1022 4943 1090 5011 ἧν
1123 4946 1437 5016 σεσειμένος
1464 4944 1620 5023 δέρας

458 5023 540 5079 Τὸ
563 5030 664 5093 τῆς
694 5034 959 5105 κορυφῆς,
991 5031 1081 5085 καὶ
1120 5032 1328 5110 φαλοὺς
1358 5036 1721 5108 τετμημένοςο

271 5122 419 5178 4630
453 5121 544 5182 Ὠς
572 5120 643 5190 ἦν
670 5121 887 5179 ἀκούειν
925 5128 1224 5205 βαρυάροις
1254 5132 1661 5207 πεπραγμένον,

451 5210 545 5273 Ὦς
576 5209 639 5265 ’ἀν
666 5213 732 5267 τὸ
760 5219 924 5269 νικῶν
954 5216 1253 5296 ἀμφίδοξον
1283 5223 1554 5297 τυγχάνῃ,

450 5298 815 5374 ’Βκατὲρωθιν
853 5305 1063 5378 μυρίων
1094 5310 1487 5365 πεπτωκότων·

451 5388 647 5461 Ὀμως
680 5389 937 5465 βασιλεὺς
972 5393 1217 5472 ἰφθακὼς
1248 5398 1435 5463 Χώνας
1464 5399 1652 5471 πόλιν,

454 5476 657 5532 Ἐκεῖσ⁹
683 5479 1010 5550 ἐνηυλίσατο
1042 5484 1137 5539 σὺν
1179 5487 1377 5550 πάσαις
1410 5486 1579 5563 ίλαις,

273 5565 420 5622 4635
458 5565 636 5623 Δύτόν
667 5588 725 5623 τε
755 5573 983 5645 στρατὸν
1016 5574 1303 5631 ἀναπαύων
1336 5576 1395 5632 ἐκ
1423 5578 1627 5634 πόνων⁹

453 5653 572 5711 Εἶτ’
605 5655 683 5720 εἷς
717 5658 1118 5741 Φιλαδελφείαν
1145 5666 1247 5735 ἧκε
1274 5667 1375 5736 τὴν
1401 5665 1588 5737 πόλιν,

1860 348 2054 401 CESA
2065 351 2223 403 RES.

2017 478 2065 541 Α
2101 470 2293 526 denuo
2327 477 2528 528 astans
2561 473 2655 528 ille
2685 477 2875 532 audax
2907 480 3119 537 nebulo

2094 576 2241 616 novo
2273 562 2531 617 convicio
2563 579 2752 635 regem
2788 568 3150 637 verberabat,

2088 648 2248 703 velut
2281 648 2377 704 ille
2406 651 2593 705 Semci
2625 655 2924 723 quondam
2964 659 3234 716 Davidem
3272 681 3285 718 :

2088 746 2306 816 Sponte
2337 748 2641 817 oportebat
2670 749 2826 807 hunc
2861 754 3027 811 nobis
3061 764 3233 814 antea
3264 779 3576 823 nummum

2086 835 2245 901 dare,
2280 851 2393 890 non
2428 853 2583 892 nunc
2617 856 2766 910 aegre
2800 843 3226 914 recipiendum.

2084 922 2244 986 Quod
2278 924 2324 980 si
2362 928 2422 979 tu
2453 925 2685 982 validus
2715 929 2802 983 vir
2832 947 2894 985 es
2924 937 2981 986 et
3011 934 3187 1008 frugi,

2083 1018 2311 1083 raptam
2346 1030 2626 1085 recupera
2656 1018 2825 1074 nobis
2856 1023 3187 1090 pecuniam.

2078 1101 2271 1156 Caesar
2300 1104 2616 1174 tranquille
2648 1108 3072 1167 conviciantem
3107 1118 3368 1189 pertulit,

2078 1191 2471 1262 praeteriitque
2503 1194 2679 1248 verba
2710 1197 2907 1254 surdis
2939 1201 3205 1260 auribus.

2074 1280 2185 1334 Sed
2221 1285 2530 1351 postquam
2564 1301 2821 1355 pugnam
2858 1305 2970 1343 nox
3000 1291 3263 1363 diremit,

2073 1368 2313 1423 sedebat
2344 1372 2753 1445 unusquisque
2783 1377 2949 1432 valde
2983 1396 3261 1453 moerens,

2073 1462 2266 1512 mente
2292 1465 2638 1529 praesentem
2675 1464 2774 1517 fati
2809 1465 2922 1519 vim
2959 1469 3279 1528 revolvens.

2070 1545 2220 1624 Tum
2252 1549 2441 1601 Caesar
2470 1549 2669 1604 animo
2698 1568 2763 1605 ac
2794 1552 3081 1624 dignitate
3113 1575 3221 1614 sua

2068 1618 2375 1705 indignam
2411 1652 2653 1706 prorsus
2688 1618 2929 1711 protulit
2959 1649 3312 1705 sententiam

2066 1721 2223 1777 inter
2248 1723 2551 1779 adstantes
2581 1725 2736 1782 viros
2770 1730 3141 1789 consiliarios
3169 1750 3185 1791 :

1990 1839 2039 1905 Β
2067 1826 2276 1882 nempe
2310 1816 2608 1868 nocturnae
2639 1820 2845 1872 auctor
2874 1825 2998 1874 erat
3027 1821 3202 1893 fugae,

2082 1900 2199 1955 fato
2233 1901 2523 1971 permissa
2554 1904 2778 1977 reliqua
2813 1907 3190 1967 multitudine

2063 1989 2528 2062 miserrimaque
2559 1995 2881 2066 captivitati
2920 2014 2932 2053 :

2061 2103 2241 2159 quam
2273 2089 2526 2161 quisque
2555 2093 2802 2149 audiens
2835 2113 3189 2172 magnopere
3222 2102 3508 2173 ingemuit

2060 2193 2329 2249 aegroque
2359 2178 2495 2233 tulit
2524 2181 2721 2237 animo
2754 2188 3108 2244 sententiam
3137 2208 3150 2258 ;

2057 2263 2238 2337 idque
2268 2268 2580 2326 consilium
2614 2271 2792 2328 veluti
2824 2274 3174 2334 insanientis

2057 2354 2300 2411 Caesaris
2324 2357 2624 2427 judicans,
2660 2360 2813 2418 ultro
2844 2367 3193 2436 reprobavit.

2058 2443 2206 2516 Ergo
2229 2445 2356 2515 jam
2386 2452 2642 2504 mentem
2675 2453 2905 2508 Manuel
2938 2456 3262 2513 immutans

2056 2549 2236 2604 seque
2268 2539 2558 2605 pastorem
2592 2542 2765 2611 atque
2796 2542 3004 2598 ducem
3045 2547 3311 2616 praebens

2055 2622 2185 2676 exin
2219 2623 2396 2679 saluti
2430 2626 2769 2685 consulebat
2801 2631 3066 2703 publicae.

2051 2802 2158 2857 Sed
2189 2802 2345 2859 Deus
2375 2809 2579 2861 auctor
2609 2810 2984 2882 mutatorque
3017 2828 3238 2881 rerum,

2052 2890 2258 2964 plagas
2288 2892 2598 2965 imponens
2627 2896 3012 2970 vicissimque
3043 2917 3280 2974 curans,

2049 2981 2403 3038 mortiﬁcans
2432 2988 2488 3039 et
2517 2984 2697 3040 vitam
2728 3003 2936 3043 rursus
2968 2990 3263 3060 tribuens;

2050 3070 2152 3141 qui
2182 3070 2404 3143 virgam
2440 3073 2603 3143 impii
2632 3091 2744 3129 non
2776 3074 2918 3130 sinit
2948 3082 3291 3148 perpetuam

2048 3164 2252 3216 contra
2269 3161 2563 3229 justorum
2598 3165 2813 3216 sortem
2845 3163 3342 3236 Christianorum;

1963 3221 2007 3289 (ἶ
2044 3249 2182 3306 olim
2216 3221 2450 3305 leonum
2483 3250 2582 3320 qui
2616 3249 2874 3305 inhibuit
2903 3250 3212 3321 impetum,

2042 3345 2107 3395 ut
2129 3339 2331 3412 justus
2362 3337 2459 3394 ille
2491 3343 2753 3394 maneret
2782 3339 3123 3410 incolumis;

2042 3428 2198 3485 idem
2233 3444 2389 3483 nunc
2418 3427 2653 3483 barbari
2685 3428 2929 3483 ferinam
2963 3430 3118 3502 regis

2040 3522 2099 3573 et
2127 3517 2569 3589 sanguinariam
2603 3517 2895 3590 mitigavit
2926 3518 3206 3575 indolem.

2041 3607 2239 3675 Itaque
2272 3605 2471 3662 missis
2500 3605 2773 3662 sultanus
2802 3605 3012 3679 legatis

2043 3695 2333 3751 sincerum
2368 3696 2555 3751 foedus
2584 3696 2855 3752 amicitiae
2886 3696 3122 3753 obtulit.

2044 3795 2139 3851 Sic
2171 3795 2325 3850 inter
2350 3796 2635 3851 Caesarem
2669 3812 2777 3866 pax
2809 3794 3232 3869 sultanumque
3260 3797 3550 3854 convenit.

2047 3882 2188 3937 Inde
2218 3882 2541 3955 digressus,
2573 3900 2672 3953 per
2702 3884 2992 3941 infaustos
3025 3885 3183 3941 locos

2045 3971 2260 4042 quibus
2292 3976 2673 4043 processerat,
2707 3989 2864 4026 nunc
2894 3973 3104 4027 lubens
3136 3974 3444 4029 revertitur

2044 4058 2295 4125 Manuel,
2328 4064 2383 4113 et
2412 4059 2597 4114 cernit
2628 4058 2875 4130 lugubre
2905 4062 3330 4131 spectaculum,

2045 4151 2286 4221 dignam
2317 4147 2565 4203 inﬁnitis
2597 4152 2850 4219 stragem
2882 4148 3176 4220 lacrymis,

2046 4239 2337 4294 malorum
2370 4236 2721 4292 inell‘abilem
2754 4239 3124 4309 tragoediam,

2046 4329 2135 4383 cui
2167 4326 2605 4399 gemebundum
2637 4327 2902 4381 Jercmiae
2937 4333 3138 4397 pectus

2047 4434 2149 4488 pro
2184 4415 2388 4471 merito
2419 4414 2700 4471 deﬂenda:
2730 4432 2878 4486 opus
2915 4418 3081 4485 foret,

2046 4511 2218 4574 atque
2247 4504 2604 4576 exaaquando
2635 4502 2909 4575 lacrymis
2940 4509 3100 4560 tanto
3130 4506 3303 4561 malo.

1967 4579 2012 4643 D
2044 4595 2189 4649 Nam
2221 4593 2415 4649 videre
2444 4598 2569 4648 erat
2600 4594 2810 4662 foveas,
2846 4594 3029 4662 lucos,
3063 4596 3265 4664 valles,

2044 4698 2304 4754 campos,
2337 4682 2547 4749 saltus,
2580 4684 2904 4754 voragines,
2940 4685 3136 4740 fauces
3166 4686 3481 4753 montium,

2045 4770 2367 4828 interfectis
2398 4771 2741 4843 corporibus
2773 4771 3060 4843 oppletas,

2045 4876 2296 4932 quorum
2326 4859 2515 4915 acervi
2540 4860 2761 4931 passim
2794 4863 3248 4934 consurgebant.

2042 4957 2374 5013 Jacentium
2403 4961 2597 5012 autem
2630 4958 2779 5012 cutis
2811 4958 3071 5014 detracta
3102 4965 3228 5015 erat

2045 5046 2361 5117 capitibus,
2393 5051 2452 5101 et
2482 5045 2669 5100 virilia
2710 5063 2944 5118 quoque
2974 5053 3236 5116 exsecta;

2046 5136 2431 5191 barbarorum
2462 5151 2631 5205 opus,
2661 5151 2732 5189 ne
2763 5136 3148 5192 circumcisus
3183 5138 3361 5194 victor

2044 5227 2088 5280 A
2120 5224 2266 5278 victo
2292 5223 2704 5279 incircumciso
2731 5223 2851 5291 jam
2886 5225 3163 5296 differret,

2046 5312 2324 5384 quoniam
2358 5311 2633 5383 utrinque
2663 5311 2958 5367 innumeri
2991 5316 3338 5370 ceciderant.

2047 5402 2306 5472 Denique
2337 5401 2528 5456 Caesar
2556 5401 2786 5457 Cbonas
2815 5403 3016 5458 urbem
3051 5405 3260 5473 tenuit,

2044 5490 2245 5562 ibique
2274 5490 2559 5562 requievit
2587 5507 2719 5545 cum
2752 5492 2910 5546 omni
2939 5493 3215 5562 exercitu,

2046 5588 2227 5637 semel
2256 5585 2312 5635 et
2343 5578 2587 5635 militem
2622 5580 2888 5635 relaxans
2918 5580 3237 5636 laboribus.

2050 5668 2517 5741 Philadelphiam
2550 5672 2751 5740 postea
2781 5685 3150 5740 progressus,

3643 373 3751 428 178
