4104 6204
14 5174 15 5199 l

14 5226 17 5315 ι

14 5552 17 5659 t

14 5694 17 5742 ί

28 592 35 595 μ
57 599 93 621 ν

325 246 430 301 183
1530 248 1901 303 EPHREMII
1938 245 2516 301 CHRONOGRAPHI

319 371 463 427 item
486 371 827 427 Eustathius
860 370 1134 442 Epidauri
1168 372 1402 442 praesul,

324 467 382 516 et
410 460 823 517 Thessalorum
856 459 1100 514 Michael
1134 464 1276 515 tunc
1308 461 1526 532 rhetor,

329 567 394 605 ac
427 548 718 605 Basilaces
747 547 1100 619 sapientium
1136 549 1296 605 Pauli

168 640 620 783 \«i’nterpres
650 636 976 692 litterarum
1000 654 1066 692 ac
1096 637 1289 694 levita.

378 732 469 781 ost
499 742 684 782 annos
714 725 939 783 aliquot
969 726 1125 782 idem
1161 745 1289 783 mon

378 732 469 781 ost
499 742 684 782 annos
714 725 939 797 aliquot
969 726 1125 782 idem
1161 729 1481 784 monarcha

334 815 492 871 aliud
526 815 833 886 proposuit
860 814 1272 887 explicandum
1307 818 1508 874 thema
1543 835 1555 872 :

333 903 614 959 Dominus
646 902 793 958 dixit
822 905 1114 975 passionis
1153 910 1437 978 tempore,

333 991 503 1062 Major
530 1006 616 1047 me
643 995 799 1062 pater
822 998 900 1048 est
933 995 972 1047 ί.
1004 993 1153 1048 Tum
1187 1011 1396 1066 parum
1429 1012 1645 1051 curans

336 1080 530 1135 Caesar
549 1080 675 1149 jam
708 1080 973 1152 cognitas
1007 1081 1242 1136 Patrum
1276 1083 1620 1151 sententias,

341 1170 638 1242 propriam
663 1170 933 1240 procudit
962 1169 1527 1242 interpretationem,

344 1262 403 1312 et
433 1261 837 1329 tempestatem
864 1259 1182 1314 concitavit
1210 1260 1526 1316 maximam

340 1345 613 1402 Ecclesia
639 1344 817 1402 simul
840 1350 897 1401 et
926 1347 1111 1402 doctis
1142 1348 1514 1419 praesulibus,

344 1437 492 1507 Ergo
522 1439 721 1490 coacta
752 1434 1108 1491 delectorum
1141 1438 1362 1509 synodo

342 1523 581 1597 impulit
609 1523 820 1590 Caesar,
851 1525 906 1580 vi
937 1541 1170 1597 quoque
1202 1527 1487 1593 adhibita,

346 1630 553 1670 omnes
587 1613 780 1669 libello
813 1618 877 1668 ut
909 1614 992 1669 ita
1023 1615 1501 1673 subscriberent:

344 1703 651 1759 Assentior
674 1718 780 1773 ego
809 1707 1048 1758 Patrum
1078 1704 1409 1775 sententiis,

347 1809 494 1863 quas
527 1791 798 1863 inspirati
821 1792 890 1846 de
914 1791 1103 1847 Verbo
1136 1793 1522 1865 scripserunt,

346 1879 575 1935 Christo
605 1880 887 1950 majorem
923 1878 1149 1938 scilicet
1176 1899 1305 1938 esse
1327 1887 1579 1955 Patrem,

347 1970 409 2024 Id
436 1972 633 2024 autem
666 1968 757 2023 aio
781 1969 1027 2037 dictum,
1063 1971 1201 2044 quia
1231 1978 1484 2029 creatam
1592 1984 1597 1989 ‘

343 2057 805 2129 passibilemque
833 2075 1068 2115 carnem
1100 2060 1357 2118 Verbum
1391 2064 1667 2135 sumpsit.

342 2147 439 2201 Sic
470 2163 643 2217 porro
670 2148 1038 2218 supponebat
1068 2149 1278 2205 Filium
1315 2152 1466 2207 Patri

348 2239 660 2306 postquam
695 2236 881 2290 nostri
913 2236 1101 2306 gratia
1132 2254 1367 2295 carnem
1400 2246 1755 2313 sumpserat.

349 2326 482 2378 Haec
514 2323 859 2395 consignata
890 2323 1097 2381 litteris
1130 2330 1440 2400 purpureis

350 2411 719 2482 lapideisque
744 2412 965 2468 tabulis
985 2414 1282 2489 insculpta

352 2499 598 2571 pulchro
630 2501 897 2569 artificio,
928 2504 985 2556 in
1014 2505 1237 2575 templo
1268 2507 1500 2579 Sophia:

351 2590 541 2644 instar
568 2588 964 2660 ephigrapbes
995 2595 1312 2661 spectanda
1342 2596 1629 2666 exposuit.

353 2677 543 2732 Aliam
578 2694 786 2733 rursus
812 2682 1267 2736 controversiam
1302 2684 1501 2752 movit,

352 2782 567 2837 nempe
595 2772 660 2820 ut
689 2767 1003 2823 anathema
1032 2769 1421 2827 Mohamethis
1456 2777 1565 2828 Deo

356 2854 711 2913 eximeretur
731 2856 1024 2928 dyptichis
1045 2860 1348 2929 suadebat,

358 2961 431 3000 ne
463 2945 608 3000 forte
629 2946 984 3001 contumelia
1013 2947 1177 3003 ﬁeret
1196 2949 1436 3005 Numini

357 3034 621 3090 omnium
657 3034 900 3090 Domino
932 3040 1108 3107 atque
1139 3040 1455 3106 regnatori.

359 3123 499 3178 Rem
518 3122 907 3193 judicaudam
938 3124 1154 3180 obtulit
1182 3127 1496 3200 episcopis,

362 3210 463 3280 qui
496 3210 825 3280 rejecerunt
855 3228 1060 3270 omnes
1089 3218 1154 3269 ut
1183 3215 1635 3288 blasphemiam,

362 3300 553 3353 Iratus
583 3302 776 3354 Ctesar
806 3305 1043 3356 renovat
1062 3302 1328 3359 libellum

366 3384 524 3440 falsa:
552 3386 949 3444 Mohamethis
981 3390 1266 3446 faventem
1294 3393 1448 3459 fidei,

364 3490 431 3529 ac
463 3474 793 3545 superiores
825 3478 1205 3547 castigantem
1240 3483 1496 3537 Caesares

365 3568 652 3635 tanquam
686 3563 894 3620 inscite
927 3564 1370 3624 maledixissent
1401 3570 1549 3639 Deo;

368 3657 546 3723 atque
578 3651 736 3707 hunc
769 3651 1033 3708 libellum
1068 3655 1251 3711 edidit
1279 3656 1614 3729 legendum.

371 3741 482 3797 Sed
508 3740 844 3812 patriarcha
873 3742 1090 3798 restitit
1122 3746 1421 3814 audacter,

370 3834 428 3885 et
456 3845 591 3884 cum
623 3833 856 3899 pastore
881 3831 1300 3902 conspirarunt
1330 3851 1571 3905 omnes;

369 3916 803 3974 Thessalonica)
842 3920 1053 3991 praesul
1085 3921 1238 3977 inter
1261 3925 1484 3996 primos

367 4007 458 4063 vir
486 4007 815 4064 celebratus
840 4008 1052 4066 virtute
1083 4027 1150 4066 ac
1176 4012 1390 4069 litteris
1414 4034 1429 4084 ;

373 4101 547 4170 atque
578 4103 882 4170 pastorum
915 4100 1101 4172 gloria
1131 4103 1478 4160 Eustathius

372 4185 496 4243 zelo
521 4188 716 4243 divino
754 4188 980 4244 viscera
1011 4197 1286 4260 perustus

376 4292 591 4332 novum
623 4292 688 4332 ac
718 4277 987 4349 spurium
1021 4279 1370 4351 improbavit
1402 4284 1637 4355 dogma,

378 4364 579 4421 dicens
612 4383 625 4421 :
660 4366 965 4422 Enimvero
998 4368 1176 4423 forem
1209 4386 1314 4440 ego
1347 4371 1630 4444 indignus

377 4454 693 4527 episcopali
724 4454 876 4511 stola
906 4460 1082 4527 atque
1113 4457 1284 4528 solio,

378 4558 740 4616 prorsusque
770 4545 1014 4601 insanus
1055 4548 1263 4603 merito
1293 4550 1636 4608 aestimarer.

379 4632 429 4689 si
462 4648 497 4688 a
527 4632 849 4705 pederasta
876 4635 1036 4689 vafro
1064 4636 1322 4693 mulione

384 4720 669 4793 magistro
699 4721 892 4777 omnis
922 4728 1088 4779 actus
1116 4729 1455 4783 exsecrandi

380 4812 439 4866 et
458 4809 860 4865 doctrinarum
884 4811 1265 4870 scelestarum
1300 4822 1513 4888 mysta,

384 4898 484 4970 qui
516 4902 848 4955 monstrum
867 4901 1162 4972 quoddam
1197 4904 1366 4959 ﬁnxit
1392 4905 1791 4979 holosphyron

456 5006 473 5040 ¹
503 5003 672 5060 Joan.
700 5020 817 5073 XIV,
848 5005 944 5063 28.

380 5108 615 5182 tani,_et
662 5110 901 5181 quidem
945 5112 1160 5169 diversi
1211 5132 1243 5169 a
1293 5114 1590 5182 Sotericho
1637 5116 2020 5175 Antiocheno.

379 5180 854 5257 Allatius-tamen
906 5188 1107 5257 contra
1162 5185 1406 5257 Creygh.
1459 5180 1513 5256 p.
1560 5188 1686 5256 526,
1720 5189 1873 5243 offici
1920 5208 2021 5244 no-

381 5268 516 5330 men
549 5252 800 5330 retinet:
858 5256 1165 5330 Antiochiae
1207 5252 1627 5330 hypbpsephius,
1675 5252 1835 5315 sicut
1882 5261 2023 5318 alibi

378 5321 580 5399 ι’ίπατος
609 5325 854 5399 vertitur
878 5327 975 5399 fab
1008 5329 1211 5383 eodem
1245 5321 1523 5399 'izypatiu.
1574 5321 1776 5385 Exstat
1826 5336 2022 5389 autem

380 5396 601 5469 inAcod.
644 5398 777 5469 Vat.
812 5398 988 5469 Δ2146,
1026 5416 1078 5469 p.
1117 5399 1237 5469 124,
1263 5396 1548 5469 scriptum
1582 5400 1861 5457 Demetrii
1912 5404 2026 5461 Ge-

378 5465 716 5547 migléﬂlrwc
745 5466 773 5519 ὁ
804 5465 1120 5547 ὑποψήιέιος
1139 5468 1215 5547 εἷς
1236 5468 1297 5522 τὸ
1330 5465 1484 5547 ῥίγιον
1505 5470 1805 5547 εἰσέρχεται
1838 5478 2020 5547 Βῆμα.

450 5537 566 5608 (59)
594 5538 820 5609 Ergone
850 5541 906 5595 in
927 5537 1085 5597 urbe
1138 5537 1410 5610 Byzantio
1455 5537 1731 5599 cathedra
1780 5537 2023 5603 fuitﬂin-

1994 376 2047 440 Α

2016 1739 2065 1806 Β

2035 3091 2078 3157 C

2058 4446 2102 4510 D

3627 237 3730 293 184

2256 367 2555 427 samem
2587 360 2855 438 πρόεδρος
2885 358 3283 434 Ἐπιδαμνίων,

2258 457 2319 512 Ὀ
2347 460 2457 511 τῶν
2489 452 2775 509 Θετταλῶν
2806 452 3044 527 Μιχαὴλ
3077 450 3262 527 ῥήτωρ
3294 449 3442 519 τότε,

2084 548 2223 603 4750
2260 545 2360 600 Καὶ
2391 542 2706 613 Βασιλάκης
2736 545 2846 596 τῶν
2878 545 3058 617 σοφῶν
3092 538 3315 596 Ηαύλου
3338 538 3518 614 λόγων
3544 542 3663 613 (59)

2262 632 2599 695 Διδάσκαλός
2629 653 2714 693 τις
2749 629 3039 705 τυγχάνων
3071 630 3163 684 καὶ
3197 626 3443 699 λευῖτης.

2262 722 2414 781 Μετά
2444 720 2502 777 δέ
2527 716 2866 782 λυκάϐαντας
2897 720 3055 781 οὗτος
3078 720 3107 773 ὁ
3137 718 3355 794 κράτωρ

2262 812 2454 881 Ῥητὸν
2486 809 2763 885 προτιθεὶς
2794 809 2870 871 εἷς
2910 808 3197 881 ἀνάπνυξιν
3229 807 3421 876 πάλιν,

2262 902 2324 958 Ὀ
2355 899 2630 970 Δεσπότης
2662 895 2848 975 εἴρηκε
2873 902 3050 973 καιρῷ
3078 901 3173 952 τοῦ
3204 898 3433 969 πάθους,

2086 992 2226 1048 4755
2254 987 2474 1059 Μείζων
2505 987 2641 1061 ἐμοῦ
2671 989 2877 1065 πέφυκε
2907 988 3098 1061 Πατήρ
3133 1007 3259 1060 μου,
3291 985 3468 1061 λέγων

2264 1077 2470 1154 Μικρόν
2497 1098 2555 1133 τε
2584 1077 2881 1151 προσσχὼν
2915 1075 3199 1148 ἀναπτύξει
3230 1077 3483 1153 ιιατέρων
3514 1078 3628 1150 (61)

2266 1168 2482 1224 Οἰκείαν
2517 1165 2769 1241 ἐξήγησιν
2801 1164 3229 1243 ἀντεπεισφέρει,

2268 1255 2370 1314 Καὶ
2400 1255 2690 1332 τρικυμίας
2722 1253 3049 1329 ἀναπιμπλᾷ
3077 1254 3166 1310 καὶ
3201 1254 3371 1325 ζάλης

2267 1343 2594 1416 Ἐκκλησίαν
2619 1365 2679 1400 τε
2701 1344 2793 1399 καὶ
2824 1342 3027 1418 σοφοὺς
3053 1342 3374 1419 ἀρχιθύταςο

2091 1437 2231 1492 4760
2270 1435 2577 1509 Ὀμήγυριν
2607 1433 2700 1488 οὗν
2731 1432 2791 1487 ὲκ
2819 1429 3069 1507 λογάδων
3101 1429 3289 1494 ἁλίσας

2271 1524 2490 1598 Ἐνῆγεν
2523 1520 2648 1594 ἄναξ
2678 1521 2987 1597 προστιθείς
3014 1543 3066 1576 τι
3096 1522 3188 1575 καὶ
3222 1521 3345 1597 βίας

2267 1612 2626 1690 ’Υπογράφειν
2650 1608 2876 1667 ἕκαστον
2909 1609 3087 1674 οὕτως
3115 1609 3170 1665 έν
3198 1610 3376 1684 τόμῳ⁶

2273 1705 2463 1776 Στιχῶ
2498 1700 2592 1774 μὶν
2623 1700 2781 1763 αὐτὸς
2813 1700 3000 1777 ῥήσεσι
3025 1700 3115 1754 καὶ
3147 1700 3398 1775 Πατέρων

2272 1792 2369 1852 Ἀς
2394 1790 2546 1845 εἶπον
2576 1788 2636 1844 ἐκ
2660 1789 2973 1862 Πνεύματος
2999 1786 3175 1843 ε’ίνεκα
3204 1787 3384 1865 Αόγου

2095 1882 2201 1936 476
2271 1883 2378 1935 Τοῦ
2411 1878 2613 1952 μείζον’
2645 1879 2774 1934 εἶναι
2804 1882 2906 1933 τοῦ
2932 1881 3174 1953 Χριστοῦ
3204 1878 3296 1933 τὸν
3327 1880 3561 1953 Πατέρα.

2272 1968 2431 2042 Λέγω
2465 1965 2523 2023 δὲ
2547 1971 2714 2022 τοῦτο
2743 1966 2833 2021 καὶ
2860 1965 3123 2041 λελέχθαι
3154 1966 3345 2022 καθότι

2276 2058 2510 2126 Κτιστὴν
2541 2057 2791 2127 παθητὴν
2823 2054 2993 2132 σάρκα
3024 2051 3295 2129 λαμϐάνει
3326 2058 3523 2134 Λόγος.

2272 2146 2427 2201 Ταῦθ’
2448 2146 2630 2224 ὕφεσιν
2660 2146 2809 2223 φέρει
2842 2142 2899 2199 δὲ
2927 2146 3063 2221 πρὸς
3091 2146 3184 2200 τὸν
3209 2147 3419 2221 Πατέρα

2240 2236 2353 2307 Υἱῷ
2384 2229 2609 2289 λαϐόντι
2640 2234 2809 2309 σάρκα
2836 2238 2945 2288 τῶν
2982 2235 3194 2309 βροτῶν
3227 2234 3412 2310 χάριν.

2100 2327 2241 2382 4770
2278 2322 2775 2400 Ἐρυθροσημάντῳ
2806 2320 2863 2378 δέ
2894 2321 3021 2385 δοὺς
3052 2327 3235 2400 γραφῇ
3266 2322 3394 2379 τάδε

2282 2411 2378 2467 Kal
2409 2410 2571 2482 πλαξὶ
2596 2409 2783 2472 καλῶς
2815 2410 3113 2487 ἐγχαράξας
3146 2410 3379 2474 λιθίναις

2282 2500 2406 2558 Ἐπὶ
2432 2498 2633 2577 Σοφίας
2662 2503 2760 2554 τοῦ
2788 2500 2889 2554 νεὼ
2916 2504 3050 2555 Θεοῦ
3082 2499 3260 2575 Λόγου

2281 2591 2595 2666 Ἀνάγραφα
2616 2589 2827 2658 τίθησιν
2857 2588 2933 2652 ὡς
2960 2583 3070 2643 ἔστι
3105 2588 3352 2664 βλέπειν.

2284 2680 2403 2735 Ἔτι
2429 2683 2569 2733 κινεῖ
2596 2679 2818 2749 ζήτημα
2844 2676 2935 2731 καὶ
2965 2676 3129 2731 πάλιν
3156 2675 3303 2731 τάδε’

2108 2770 2249 2825 4775
2288 2767 2542 2839 Ἀνάθιμ’
2574 2765 2657 2836 εἴη
2689 2770 2769 2838 τῷ
2800 2770 2916 2837 Θεῷ
2942 2769 3040 2821 τοῦ
3071 2765 3340 2839 Μωάμεθ,

2286 2853 2415 2912 Τόδ¹
2439 2853 2738 2929 ἀπαλεῖψαι
2772 2854 3011 2910 πυκτίων
3045 2856 3363 2930 παρηγγύα,

2286 2950 2371 3006 Ὠς
2407 2945 2482 3018 μὴ
2514 2938 2921 3018 καθυϐρίζοιτο,
2955 2943 3110 3020 φησὶ,
3141 2948 3251 2999 τῶν
3282 2944 3427 3001 ὅλων

2288 3038 2347 3091 '0
2375 3028 2752 3105 παμϐασιλεὺς
2782 3032 2871 3087 καὶ
2904 3033 3033 3094 Θεὸς
3062 3032 3152 3088 καὶ
3185 3034 3486 3105 Δεσπότης.

2291 3120 2488 3192 Τίθησι
2521 3117 2696 3190 δῆλον
2726 3122 2951 3194 ποιμέσι
2984 3122 3204 3195 σκέμμα
3230 3120 3376 3178 τόδε·

2112 3214 2251 3269 4780
2289 3209 2644 3285 Ἀπαγορεῦει
2668 3215 2771 3271 πᾶς
2803 3208 2985 3265 κλύων
3022 3209 3361 3285 βλαφημίαν.

2292 3298 2490 3361 Μάνεὶς
2523 3299 2550 3353 ὁ
2578 3303 2791 3374 κρατῶν
2823 3306 3131 3355 καινοποιεῖ
3160 3298 3227 3370 δὴ
3256 3300 3426 3374 τόμον

2295 3392 2713 3463 Συνηγοροῦντα
2743 3386 3047 3461 λαοπλάνῳ
3073 3388 3339 3463 Μωάμεθ,

2296 3479 2420 3533 Τῶν
2440 3475 2566 3551 πρὶν
2601 3472 2648 3530 δ’
2677 3475 2918 3531 ἀνάκνων
2945 3477 3369 3551 καθικνούμενον
3405 3478 3553 3553 μάλα

2298 3566 2387 3625 Ὠς
2420 3560 2824 3638 λοιδορούντων
2856 3565 3077 3639 ἀμαθῶς
3110 3571 3226 3638 Θεῷ
3255 3568 3439 3644 Λόγῳ*

2122 3658 2263 3712 4785
2301 3655 2392 3718 Εἷς
2423 3654 2677 3730 ἀκρόάσιν
2703 3652 2957 3711 ἐκδίδωσι
2987 3658 3081 3712 τὸν
3109 3656 3305 3729 τόμον.

2300 3746 2364 3802 Ὀ
2390 3744 2741 3820 πατριάρχης
2770 3740 2962 3816 ἀντέϐη
3000 3743 3338 3821 θαρσαλέως,

2302 3834 2400 3888 Καὶ
2430 3839 2537 3896 πᾶς
2570 3835 2765 3888 συνιὼν
2798 3839 3125 3910 συνομαρτεῖ
3152 3836 3398 3909 ποιμένι,

2303 3921 2408 3978 Καὶ
2446 3920 2657 3994 μᾶλλον
2691 3923 2720 3977 ὁ
2749 3921 3019 3999 πρόεδρος
3049 3921 3449 3995 Θεσσαλονίκης

2307 4006 2641 4087 Περιῦόητος
2668 4010 2863 4085 ἀρετήν
2892 4031 2951 4065 τε
2981 4012 3070 4066 καὶ
3102 4010 3290 4087 λόγον,

2128 4099 2269 4154 4790
2303 4102 2419 4153 Τῶν
2452 4103 2840 4174 ποιμεναρχῶν
2868 4097 3164 4163 Εὖστάθιος
3195 4103 3257 4156 τὸ
3286 4100 3451 4165 κλέος

2306 4186 2471 4261 Ζήλῳ
2501 4193 2665 4260 θεϊκῷ
2694 4186 3091 4266 καταφλεχθεὶς
3121 4188 3347 4265 καρδίαν

2304 4276 2531 4353 ’Ἢλεγξε
2560 4274 2743 4352 δόγμα
2770 4278 3087 4357 καινοφανὶς
3116 4278 3209 4334 καὶ
3237 4281 3422 4337 νόθον.

2314 4364 2451 4435 Εῗην
2479 4370 2542 4420 ἄν
2572 4365 2808 4437 ἀνάξιος,
2842 4365 3031 4439 εἷ’πὼν,
3062 4369 3342 4424 παντάπαν

2310 4460 2424 4523 Τῆς
2451 4458 2843 4529 ποιμεναρχῶν
2873 4456 2966 4510 καὶ
3003 4455 3205 4522 στολῆς
3234 4459 3325 4513 καὶ
3354 4462 3453 4514 τοῦ
3484 4460 3707 4535 θρόνου,

2133 4543 2274 4598 4795
2309 4540 2557 4605 Ἦλίθιος
2587 4538 2645 4596 δὶ
2673 4542 2762 4597 καὶ
2792 4544 3124 4618 νομιζοίμην
3156 4543 3364 4601 πλάνον

2312 4631 2374 4688 El
2399 4627 2763 4703 παιδεραστὴν
2792 4632 2882 4687 καὶ
2911 4632 3225 4706 καμηλώδη
3258 4633 3467 4690 πλάνον

2312 4719 2534 4790 Μόστην
2563 4740 2623 4775 τε
2643 4721 2823 4791 πάσης
2852 4722 3097 4797 πράξεως
3131 4720 3458 4798 βδελυκτέας

2312 4811 2416 4870 Καὶ
2452 4812 2799 4888 μυσταγωγὸν
2835 4807 3038 4868 ἀσεϐῶν
3071 4811 3419 4890 διδαγμάτων

2310 4902 2649 4981 Ὀλόσφυρόν
2678 4924 2731 4958 τι
2760 4903 2850 4958 καὶ
2880 4901 3262 4978 πεπλασμένον
3292 4907 3449 4981 τέρας

2131 5120 2506 5193 terpretando
2562 5121 2742 5193 Baulo
2796 5122 3131 5193 occupata?
3188 5122 3337 5179 Hinc
3368 5122 3637 5179 videlicet
3693 5128 3785 5180 tot

2131 5192 2514 5263 Paulinarum
2571 5192 2962 5263 Epistolarum
3024 5192 3205 5249 Graeci
3250 5195 3661 5251 commentarii
3716 5196 3778 5251 in

2134 5262 2506 5321 bibliothecis
2532 5262 2677 5320 mss.
2706 5265 2877 5322 nobis
2906 5270 3240 5322 occurrunt.

2204 5334 2535 5408 (60)4Hujus
2567 5335 2661 5408 rei
2679 5352 2860 5408 causa
2878 5336 3235 5393 celebratum
3269 5337 3585 5394 concilium
3618 5338 3779 5394 Gre-

2134 5405 2957 5492 cum3"h'actenuslineditum,
2991 5409 3319 5492 ergoprelo
3361 5412 3487 5481 jam
3525 5409 3774 5492 subieci.

2207 5477 2317 5550 (61)
2354 5477 2469 5531 Has
2517 5479 2840 5554 sententias
2883 5477 3096 5551 legesis
3144 5477 3380 5537 interim
3430 5481 3587 5554 apud

2135 5548 2357 5608 niatu'm
2390 5564 2492 5618 vn,
2523 5548 2576 5603 5.

3671 5480 3777 5536 ho-
