4038 6214
253 298 371 354 185

248 424 404 477 4800
437 419 629 491 Ψιλῆς
660 419 904 483 ἐπινοίας
923 442 985 495 γε
1013 420 1104 476 καὶ
1134 421 1427 496 πυγητὲας

443 510 576 565 Θεὸν
608 507 840 580 καλοίην
874 509 1074 584 ἀτρεκῆ
1105 510 1327 581 κτίστην
1361 511 1532 570 ὅλων.

448 600 515 655 Ὁ
549 598 594 654 δ’
624 598 700 663 ὠς
728 599 1016 663 πεπονθὼς
1045 599 1276 676 ἐσχάτην
1313 603 1597 671 παροινίαν

446 688 735 743 Ὀνείδεσιν
766 686 964 743 ἔπλυνε
991 688 1119 752 τοὺς
1147 689 1448 765 ἀρχιθῦτας

439 776 671 851 Κόσμου
698 778 767 831 τὰ
798 779 959 853 μωρᾶ
986 776 1181 833 τούσδε
1209 776 1391 834 καλῶν
1424 778 1643 857 ἀλόγως
1680 799 1693 814 °

261 870 412 925 4805
450 868 600 924 Kcin?
637 864 882 941 μεγάλης
912 862 1232 931 δικάσασθαι
1264 866 1489 924 συνόδου

441 957 588 1031 Πρὸς
618 953 805 1010 τούσδ’
833 954 1074 1011 ἀπειλῶν
1108 955 1362 1031 ἐμμανῶς
1393 958 1667 1035 ἐκεκράγει

443 1044 604 1100 Πάπα
633 1044 901 1120 παρόντος
928 1049 1038 1099 τῶν
1068 1047 1444 1122 προκειμένων
1486 1048 1667 1125 χάριν.

439 1136 636 1207 Ὅμως
667 1135 846 1207 Θυμοῦ
876 1133 1168 1205 λήξαντος,
1200 1138 1228 1190 ὁ
1255 1135 1429 1206 πραῢς
1461 1135 1586 1209 ἅναξ

441 1221 672 1297 Σπουδῇ
704 1221 975 1299 προέδρου
994 1221 1161 1293 τῆσδε
1190 1230 1289 1294 τῆς
1322 1226 1755 1301 Κωνσταντίνου,

258 1316 403 1370 4810
439 1316 534 1385 Τῷ
562 1311 857 1374 Θετταλίας
886 1312 1158 1387 ἀρχιθῦτῃ
1193 1310 1412 1384 συνέϐη,

433 1399 662 1463 Ἑνδοὺς
690 1402 760 1457 τά
784 1402 836 1455 o't
867 1398 1095 1475 δόξαντα
1116 1403 1273 1480 φάναι
1306 1404 1654 1479 προφρόνως.

435 1489 611 1552 Τέλος
643 1488 693 1545 δ’
720 1489 959 1546 ἐπειπὼν
990 1490 1079 1546 καὶ
1107 1490 1361 1567 βασιλεὺς
1388 1492 1572 1550 τοιάδε

434 1585 525 1642 Ὠς
554 1577 639 1635 δεῖ
666 1579 833 1659 σοφόν
858 1600 915 1635 τε
948 1581 1166 1636 συνετὸν
1198 1582 1478 1659 πεφυκότα

442 1667 635 1740 Μηδὲν
667 1671 1002 1747 παρακαίρια
1025 1668 1213 1727 λαλεῖν
1243 1671 1483 1748 θρασέως

264 1761 406 1816 4815
442 1756 605 1829 Μηδὲ
632 1754 971 1833 προϐάλλειν
1001 1758 1205 1836 ῥήματ’
1234 1759 1437 1837 αἶσχρὰ
1463 1760 1730 1837 καθάπαξ,

442 1850 560 1906 Τοῦ
592 1852 792 1921 μηνιᾷν
824 1843 1021 1903 ἔπαυσε
1049 1850 1186 1925 πρὸς
1213 1850 1307 1905 τὸν
1332 1854 1570 1923 ποιμένα
1603 1870 1616 1883 ·

434 1936 599 1994 Οὕτω
628 1937 723 2009 μὶν
758 1935 1013 2008 ἐξήνυστο
1041 1935 1160 1993 τάδ’
1191 1938 1267 2003 ὠς
1296 1936 1354 1993 ἃν
1387 1937 1520 2017 ἔφην
1556 1960 1570 1973 ·

436 2024 521 2080 Τὰ
550 2022 796 2101 δόγματα
828 2022 876 2080 δ’
907 2026 1111 2101 ὥριστο
1135 2024 1268 2101 τῇδε
1299 2025 1506 2101 συνόδῳ

434 2114 527 2177 Ὧς
553 2119 664 2169 τῶν
701 2110 937 2190 βιϐλίων
964 2114 1240 2194 ἆπαλειφῇ
1272 2118 1571 2185 παντάπαν,

254 2202 392 2258 4820
430 2227 458 2253 ιι
492 2203 752 2276 ’Λνάθεμ’
781 2201 866 2273 εἴη
898 2208 981 2277 τῷ
1010 2209 1128 2277 Θεῷ
1154 2210 1251 2260 τοῦ
1283 2206 1526 2279 Μωάμεθ
1560 2225 1574 2241 ⁸
1611 2233 1633 2263 ι

428 2293 805 2369 ’Δντεγγραφῇ
839 2289 907 2362 δ’,
941 2317 970 2344 α
1006 2294 1279 2367 Ἀνάθεμα
1306 2298 1385 2366 τῷ
1415 2296 1658 2369 Μωάμεθ

429 2380 536 2437 Καὶ
664 2378 869 2455 διδαχῇ
900 2378 1064 2437 τοῦδε
1091 2382 1180 2437 καὶ
1203 2385 1349 2458 πάσῃ
1380 2383 1586 2459 πλάνῃ.
1622 2410 1642 2436 ι

420 2471 526 2527 Καὶ
554 2475 718 2527 τοῦτο
748 2474 1091 2540 κυρώσαντες
1120 2475 1172 2528 οἱ
1201 2482 1301 2544 τῆς
1327 2474 1561 2531 συνόδου

422 2565 549 2620 Τῶν
584 2561 822 2619 συνόδων
855 2562 1092 2641 λήγουσι
1123 2566 1213 2621 καὶ
1240 2571 1349 2623 τῶν
1378 2566 1686 2644 συλλόγων.

249 2648 390 2703 4825
428 2651 748 2721 Περιπεσὼν
775 2647 833 2704 δὲ
866 2650 1123 2725 βασιλεὺς
1153 2649 1304 2727 δεινῇ
1333 2653 1479 2727 νόσῳ

429 2740 533 2795 Καὶ
564 2739 731 2814 γνοὺς
762 2740 949 2796 ἑαυτὸν
978 2741 1354 2813 πλησιάζοντα
1378 2746 1556 2821 μόρῳ,

431 2834 699 2900 Σκῆπτρα
729 2828 973 2907 παριδὼν
1000 2833 1092 2888 καὶ
1123 2834 1189 2889 τὰ
1219 2831 1451 2913 λαμπρᾶ
1478 2842 1574 2894 τοῦ
1608 2837 1749 2914 βίου,

420 2917 636 2984 Ἐλθών
662 2941 719 2976 τε
747 2926 925 2977 κακῶν
959 2923 1034 2986 εἰς
1070 2922 1411 2997 συναίσθησιν
1446 2925 1616 2995 ὅλων,

430 3007 511 3063 Τὸ
539 3009 648 3061 τῶν
683 3014 949 3085 μοναχῶν
970 3010 1327 3090 ἀμφιέννυται
1360 3012 1525 3090 ῥάκος
1558 3032 1572 3047 ⁸

246 3094 384 3151 4830
418 3098 535 3151 Εἶτ’
569 3096 860 3154 ἀπολείπει
889 3098 981 3155 τόν
1020 3102 1136 3176 βίον
1168 3104 1256 3159 καὶ
1288 3105 1351 3160 τὸ
1375 3104 1594 3181 κράτος,

421 3186 603 3242 Ὀκτὼ
631 3189 894 3263 κατάρξας
926 3189 1015 3245 καὶ
1044 3194 1333 3263 τριάκοντα
1363 3193 1619 3268 χρόνους,

418 3276 621 3350 Tasci:
654 3280 879 3354 πατρῴᾳ
906 3282 1046 3355 πρὸς
1079 3284 1222 3355 μονῇ
1256 3277 1520 3357 σεϐασμίᾳ

423 3364 638 3437 Κλῆσιν
672 3370 906 3445 φερούσῃ
935 3371 1380 3448 παντοκράτορος
1409 3374 1608 3451 Λόγου,

420 3453 632 3529 Ἥσπερ
662 3452 929 3533 δομήτωρ
967 3457 1222 3534 βασιλεὺς
1256 3459 1535 3532 Ἰωάννης,

243 3541 379 3597 4835
418 3543 642 3598 Γυναικὶ
672 3542 852 3600 λιπὼν
886 3546 979 3600 σὺν
1011 3546 1178 3623 ἀώρῳ
1205 3548 1401 3622 τεκνίῳ

420 3631 775 3705 Κραταρχίαν
805 3652 865 3687 τε
893 3632 985 3687 καὶ
1019 3630 1290 3705 διοίκησιν
1323 3634 1491 3693 ὅλων.

248 3789 808 3876 Αδῖὲεθέτέἷίρὲ.-.9.
854 3794 1247 3876 ῙΞΩΜΝῌΙἿΨΞ
1289 3797 1789 3876 ΞΨῙΑᾼΑΕΞῙῼ-
1813 3801 1898 3876 τῼ

330 3861 441 3937 ΥΙῼ
481 3862 827 3919 ΜΛΝΟΥΗΛ
865 3869 969 3922 ET.
1008 3869 1088 3937 A',
1130 3870 1248 3924 ΚΑΙ
1289 3868 1538 3925 ΜΟΝΟΣ
1578 3870 1691 3926 ET.
1731 3861 1809 3929 'B'.

414 3998 851 4080 Ἐπιϐεβηκότος
882 4003 941 4061 δὲ
966 4010 1067 4072 τῆς
1097 4008 1399 4086 αὖταρχίας

414 4091 621 4179 Παιδὸς
654 4096 918 4167 Μανουήλ
951 4097 1044 4153 σὺν
1075 4098 1304 4175 τεκούσῃ
1337 4100 1574 4179 φιλτάτῃ

413 4177 667 4236 Ἡλικίαν
694 4178 920 4257 ἄγοντος
950 4182 1167 4253 άπαλήν
1210 4182 1312 4255 ἔτι,

242 4270 379 4325 4840
418 4270 716 4342 Ἀκοσμίας
748 4271 1035 4343 πέπληστο
1066 4274 1355 4347 Ῥωμαίων
1383 4277 1590 4354 πράγη,

418 4360 524 4416 Καὶ
556 4361 912 4435 πΑημμελῶς
940 4360 1147 4439 ἔπασχε
1174 4365 1264 4420 καὶ
1292 4363 1480 4444 σφόδρ’
1510 4368 1776 4446 ἀτάκτως,

420 4447 524 4503 Καὶ
552 4453 744 4522 χεῖρον
774 4447 917 4527 ἤπερ
950 4452 1173 4516 Φαέθων
1205 4458 1333 4516 παῖς
1362 4452 1556 4512 Ἡλίου

423 4534 546 4591 Ὀτ’
574 4536 643 4604 ἦν
675 4532 865 4599 ἐπιϐὰς
894 4539 1355 4614 χρυσοκολλήτου
1388 4538 1603 4620 δίφρου,

421 4626 511 4686 Ὧς
541 4629 711 4699 μῦθος
742 4630 905 4704 αἱρεῖ,
936 4631 1025 4686 καὶ
1055 4632 1117 4688 τὸ
1148 4638 1250 4688 πᾶν
1283 4633 1613 4711 ἰφθαρκότος

250 4716 391 4773 4845
428 4714 771 4791 Ἀπαλότητι
800 4722 889 4777 καὶ
921 4721 1090 4780 πλέον
1120 4726 1172 4800 γ’
1201 4725 1442 4799 ἀπειρίᾳ,

424 4808 599 4871 Οὗτος
630 4809 736 4885 γὰρ
769 4809 1011 4883 Ἀλέξιος
1038 4810 1247 4876 ἁπαλὸς
1275 4816 1493 4892 κράτωρ

420 4899 777 4974 Κυνηγεσίοις
805 4904 1190 4973 προστετηκὼς
1212 4902 1478 4968 ἐκτόπως.

420 4988 805 5059 Ἰππηλασίαιδ
837 4992 927 5047 καὶ
964 4993 1154 5067 μίμοις
1184 4993 1274 5049 καὶ
1304 4995 1577 5070 παιγνίοις

416 5081 625 5136 Κοινῶν
664 5080 829 5159 ὀλίγα
860 5083 1163 5160 φροντίδων
1190 5108 1251 5163 γε
1278 5086 1559 5163 προύνόει.

238 5163 374 5219 4850
414 5165 615 5239 Μήτηρ
648 5163 709 5222 δὲ
738 5168 905 5224 πάλιν
939 5171 1029 5224 καὶ
1065 5169 1279 5245 βασιλὶς
1306 5172 1489 5248 Μαρία

415 5248 691 5322 Φροντίδα
719 5258 925 5308 κοινῶν
959 5255 1211 5311 ἀναθεῖσα
1239 5259 1573 5332 πραγμάτων

417 5332 864 5412 Πρωτοσεϐαστῷ
893 5335 1379 5418 πρωτοϐεστιαρίῳ

418 5427 715 5502 Ἀφροντις
747 5427 971 5502 ὶξήνυεν
996 5431 1136 5500 αὐτὴ
1160 5433 1254 5487 τὸν
1290 5432 1430 5509 βίον.

417 5509 604 5569 Τοίνυν
634 5515 1008 5593 ἀπεπνίγοντο
1036 5524 1155 5580 τοῖς
1183 5517 1538 5591 τελουμένοις

243 5602 383 5660 4855
419 5604 483 5663 Οἱ
508 5610 608 5676 τῆς
641 5608 937 5682 γερουσίᾶς
966 5629 1025 5665 τε
1053 5610 1144 5665 καὶ
1174 5613 1281 5665 τῶν
1310 5610 1361 5666 ἰν
1386 5610 1555 5686 τὲλει,

1805 303 2066 362 CESAR
2076 308 2179 361 ES.

1954 429 2008 494 Α
2037 426 2134 515 vili
2168 431 2382 489 mentis
2416 439 2581 506 partu
2618 443 2676 494 et
2706 440 3070 515 detestando,

2034 514 2218 572 Deum
2252 519 2507 577 dicerem
2543 528 2809 584 omnium
2843 514 3187 593 creatorem.

2031 606 2105 659 At
2132 608 2320 663 Caesar
2350 616 2528 667 uestro
2562 616 2821 685 percitus
2854 620 3060 678 insano

2032 694 2329 763 probrosis
2355 700 2549 756 verbis
2581 705 2778 762 obruit
2807 709 3135 784 episcopos,

2032 784 2239 839 mundi
2269 786 2628 861 quisquilias
2659 795 2871 853 stolide
2902 801 3241 873 appellans;

2030 886 2209 942 seque
2241 879 2604 935 mcumenica
2636 883 2974 943 minabatur
3002 894 3225 963 synodo

2031 959 2522 1034 disceptatorum,
2556 969 2773 1027 furiose
2805 959 3158 1049 inclamans,

2033 1063 2196 1119 papae
2230 1051 2574 1125 interposito
2606 1060 2677 1114 de
2712 1060 2801 1117 his
2829 1063 3077 1133 judicio.

2030 1140 2157 1193 Mox
2186 1139 2273 1195 ira
2303 1144 2548 1214 omissa,
2582 1156 2930 1209 mansuetus
2960 1155 3170 1227 Caesar,

2030 1227 2301 1296 praesulis
2331 1248 2509 1302 opera
2539 1238 2868 1308 Byzantina:
2902 1244 3064 1300 urbis

2029 1330 2164 1370 cum
2199 1318 2479 1377 Thessalo
2512 1330 2741 1394 pastore
2772 1345 2973 1400 pacem
3009 1335 3164 1405 fecit,

2028 1403 2118 1458 illi
2152 1409 2480 1466 concedens
2510 1410 2755 1471 liberam
2790 1403 3165 1480 sententiam.

2029 1493 2327 1583 l’ostremo
2358 1499 2414 1554 id
2449 1516 2676 1574 quoque
2708 1506 2855 1563 dixit
2886 1509 3225 1583 imperator,

2028 1580 2182 1653 frugi
2214 1587 2270 1639 et
2301 1588 2651 1657 prudentem
2678 1593 2868 1649 virum
2902 1580 3016 1653 non
3049 1580 3251 1660 decere

2027 1686 2233 1742 aspere
2262 1674 2588 1764 quidquam
2623 1680 3121 1758 inhonestumque
3150 1690 3336 1764 loqui,

2028 1774 2133 1815 nec
2160 1761 2355 1832 turpia
2380 1764 2555 1819 verba
2586 1783 2828 1838 prorsus
2859 1774 3087 1831 etl‘uiire
3123 1794 3136 1831 :

2024 1852 2199 1919 atque
2229 1849 2287 1905 in
2323 1856 2616 1922 pastorem
2651 1857 2841 1914 furere
2874 1861 3104 1919 desivit.

2020 1937 2127 1992 Hic
2159 1938 2271 1994 fuit
2301 1940 2440 1995 dicti
2474 1942 2666 1999 exitus
2699 1948 2937 2019 negotii.

2020 2024 2237 2081 Tamen
2269 2026 2329 2082 in
2363 2031 2584 2101 synodo
2612 2032 2919 2092 definitum
2952 2039 3063 2095 fuit

2020 2118 2086 2168 ut
2113 2130 2144 2169 e
2172 2113 2387 2173 libellis
2417 2134 2659 2189 prorsus
2690 2122 3027 2183 delerentur

2017 2203 2213 2269 verba,
2251 2226 2272 2253 ι
2309 2206 2399 2261 Sit
2429 2209 2744 2267 anathema
2777 2213 3170 2275 Mobamethis
3203 2225 3339 2290 Deo,

2018 2291 2118 2345 sed
2152 2292 2529 2365 scriberetur,
2552 2320 2580 2347 ‹‹
2609 2300 2962 2359 Mohamethi
2997 2308 3314 2366 anathema

2016 2381 2267 2454 ejusque
2298 2387 2641 2458 magisterio
2672 2396 2730 2446 et
2755 2395 2916 2449 omni
2942 2398 3144 2453 errori.
3176 2422 3196 2448 ι

2015 2470 2199 2541 Atque
2232 2471 2340 2528 hoc
2372 2476 2694 2550 perscripto
2725 2480 2957 2539 decreto
2989 2490 3187 2543 Patres

2015 2557 2276 2616 fecerunt
2303 2567 2553 2620 coetuum
2586 2570 2909 2644 synodique
2944 2574 3141 2632 ﬁnem.

2012 2650 2221 2705 Postea
2250 2650 2441 2708 Caesar
2470 2657 2627 2726 gravi
2655 2660 2860 2715 morbo
2892 2662 3216 2735 implicitus

2012 2751 2193 2809 seque
2215 2739 2341 2810 jam
2375 2744 2549 2799 morti
2586 2748 2919 2817 proximum
2953 2768 3337 2825 cognoscens,

2012 2831 2307 2900 sceptrum
2341 2837 2722 2892 contemnens
2752 2839 3247 2913 splendoremque
3279 2844 3484 2899 mundi

2009 2916 2436 2991 praeteritisque
2464 2922 2592 2977 vitae
2616 2924 2742 2993 jam
2774 2928 3087 3000 paenitens,

2011 3019 2328 3075 pauperem
2357 3007 2551 3064 induit
2577 3015 2848 3068 monachi
2872 3015 3227 3083 tuniculam;

2012 3108 2263 3163 moxque
2296 3110 2428 3150 cum
2461 3102 2689 3169 sceptro
2720 3102 2899 3155 vitam
2931 3102 3196 3158 deseruit

1930 3154 1974 3221 θ
2012 3184 2145 3253 post
2168 3154 2359 3237 annos
2391 3154 2713 3255 regni.octo
2734 3154 2801 3241 et
2826 3154 3085 3260 triginta,

2008 3267 2276 3341 sepultus
2305 3286 2473 3328 sacro
2505 3273 2690 3344 patris
2722 3277 3104 3349 monasterio,

2008 3357 2411 3430 omnipotente
2442 3360 2535 3416 cui
2566 3379 2776 3419 nomen
2809 3383 2843 3421 a
2871 3365 3083 3440 Verbo,

2004 3446 2229 3503 Caesare
2260 3453 2496 3506 auctore
2526 3451 2757 3510 mdificii
2784 3454 3029 3513 Joanne.

2007 3535 2264 3609 Reliquit
2292 3542 2490 3595 autem
2517 3540 2749 3599 Manuel
2786 3544 3101 3618 imperium

2005 3624 2173 3681 uxori
2201 3632 2260 3682 et
2289 3628 2391 3683 avi
2418 3629 2603 3686 teneri
2635 3630 2836 3690 ﬁliolo.

2002 4020 2146 4075 Cum
2177 4022 2462 4079 Manuelis
2488 4023 2647 4080 filius
2677 4026 2745 4080 ad
2778 4026 3094 4098 imperium

2003 4124 2137 4164 cum
2168 4126 2276 4166 sua
2305 4111 2517 4168 dilecta
2546 4117 2733 4169 matre
2765 4115 3126 4185 pervenisset

2001 4200 2263 4255 teneram
2294 4200 2487 4255 adhuc
2518 4201 2756 4273 exigens
2789 4206 3039 4273 aetatem,

2003 4285 2268 4343 Romana
2295 4304 2389 4345 res
2420 4306 2524 4345 sus
2553 4290 2742 4363 deque
2773 4292 3111 4364 perturbata

2003 4376 2258 4448 pessime
2286 4376 2539 4434 habebat
2568 4379 2853 4454 valdeque
2884 4382 3299 4456 incomposite,

2004 4463 2194 4537 magis
2223 4481 2399 4538 quam
2434 4484 2566 4523 cum
2592 4470 2892 4527 Phaethon
2925 4471 3067 4528 solis
3100 4472 3257 4530 {ilius

1929 4521 1972 4585 θ
2006 4521 2259 4609 aureum;
2284 4570 2512 4627 regens,
2541 4558 2719 4613 veluti
2751 4564 2841 4615 est
2869 4560 2927 4615 in
2958 4560 3199 4633 fabulis,

2006 4658 2245 4698 currum
2278 4645 2577 4701 mundana
2606 4652 2818 4703 cuncta
2842 4649 3140 4718 exurebat,

2005 4730 2077 4785 ob
2111 4730 2393 4802 puerilem
2427 4750 2595 4790 suam
2630 4735 3011 4809 imperitiam.

2003 4817 2240 4876 Alexius
2272 4820 2367 4877 hic
2398 4827 2563 4879 tener
2589 4824 2907 4897 imperator

2006 4907 2264 4964 assiduis
2293 4926 2507 4966 vacans
2540 4913 2764 4983 perdite
2795 4916 3126 4984 venatibus,

2005 4996 2374 5067 equitationi,
2408 4999 2626 5064 mimis,
2658 5007 2715 5057 et
2742 5002 2875 5059 aliis
2904 5004 3170 5077 ludicris,

2004 5088 2239 5141 tenuem
2274 5087 2606 5160 reipublicae
2638 5106 2841 5147 curam
2872 5094 3132 5164 gerebat.

2005 5173 2189 5230 Maria
2219 5175 2351 5231 item
2386 5177 2634 5248 genitrix
2669 5182 2867 5252 regina

2006 5262 2374 5334 negotiorum
2407 5266 2721 5323 commisso
2754 5270 3036 5339 regimine

2004 5352 2407 5421 protosebasto
2439 5357 2899 5427 protovestiario,

2003 5444 2297 5512 expertem
2331 5443 2489 5498 curis
2519 5443 2694 5499 vitam
2728 5446 3006 5517 agitabat.

2003 5529 2456 5587 Suffocabantur
2486 5532 2717 5588 interim
2752 5534 2992 5593 tributis

2003 5622 2198 5674 cuncti
2230 5622 2541 5693 optimates
2572 5640 2638 5679 ac
2667 5628 3002 5694 senatores;

2136 3796 2593 3856 ANDRONICUS
2632 3802 3025 3862 COMNENUS
3072 3806 3221 3862 CUM
3260 3807 3519 3863 ALEXIO

2040 3865 2417 3926 MANUELIS
2476 3872 2665 3929 FILIO
2717 3875 2834 3930 AN.
2876 3876 2921 3943 Ι,
2964 3876 3050 3932 ΕΤ
3098 3877 3322 3933 SOLUS
3376 3878 3493 3935 AN.
3536 3879 3609 3934 ΙΙ.

3583 335 3691 397 186
