4104 6204
332 321 438 378 ισι
1534 322 1906 376 ΕΡΗΒΕΜΠ
1941 325 1953 372 t

2116 317 2516 375 )NOGRAPHI
3637 315 3737 374 188

332 452 508 522 atque
537 450 874 518 suspectum
907 453 1260 516 magnbpers
1289 437 1586 502 habebant

2001 477 2056 543 Α
2266 435 2722 516 Πρωτοσεϐαστὸν
2757 435 3104 543 ὗφοριίζμενοι
3137 436 3258 494 λίαν

331 537 805 611 protosebastum
835 533 1016 590 veluti
1048 537 1388 606 tyrannum.

2001 526 2056 543 “
2264 532 2353 593 Ὠς
2377 530 2615 606 ἀτεχνῶς
2643 527 2900 605 τύραννον
2929 526 2988 583 ἐκ
3016 531 3122 582 τῶν
3151 529 3510 605 πραγμάτων.

332 640 663 692 Gomnenus
694 638 891 689 autem
925 630 1296 689 Andronicus
1327 629 1604 690 habitans

2261 618 2553 693 Κομνηνὸς
2587 615 2634 675 δ’
2664 615 3013 694 Ἀνδρόνικος
3045 617 3287 688 οίκήσεις
3321 617 3465 696 ἔχων

333 728 509 799 longa
529 727 653 797 jam
685 741 848 780 mora
877 723 936 780 in
971 721 1180 781 (Ean
1206 723 1444 798 oppido,

2262 708 2364 765 Καὶ
2397 701 2676 784 διατριϐὰς
2707 707 2843 762 κατὰ
2873 710 3057 783 χῶρον
3089 705 3332 778 Οίναίου,

331 822 645 891 postquam
678 811 912 872 rescivit
941 815 1012 872 de
1043 813 1376 872 monarchze
1406 809 1592 880 obitu,

2083 812 2223 868 4860
2263 808 2413 868 Ἐπεὶ
2440 809 2669 866 πύθοιτο
2699 813 2794 864 τοῦ
2825 811 3157 886 κρατοῦντος
3187 799 3280 864 τὸν
3318 809 3509 886 μόρον,

330 907 494 962 illinc
524 905 864 978 Byzantium
897 903 1067 977 C(Bpil
1097 903 1392 973 accedere,

2259 902 2491 956 Ἐκεῖθεν
2526 893 2610 973 ᾔει
2638 899 2776 975 πρὸς
2808 897 2970 955 πόλιν
3003 891 3428 971 Κωνσταντίνου,

332 1011 536 1052 omnes
563 995 858 1068 decipiens
888 993 1216 1068 fallensque
1247 996 1640 1064 sermonibus,

2262 993 2437 1047 Πάντα
2467 991 2685 1046 ἀπατῶν
2717 988 2807 1045 καὶ
2841 988 3142 1069 φενακίζων
3173 983 3368 1066 λόγοις

333 1089 650 1166 praesentes
680 1085 893 1153 verbis,
925 1085 1135 1142 litteris
1164 1085 1540 1160 longinquos,

2262 1084 2358 1143 Οἷς
2392 1078 2610 1156 ἒντύχοι
2639 1081 2687 1155 γ’
2720 1075 2802 1149 ἂν,
2833 1084 2964 1166 τοῖς.
2986 1076 3030 1134 δ’
3064 1079 3257 1134 ἀποῦσι
3287 1079 3378 1166 ’καὶ
3417 1083 3662 1162 γράφων,

333 1159 516 1250 seque
547 1193 650 1250 pro
681 1176 922 1232 Caesaris
954 1175 1144 1233 salute
1179 1159 1408 1246 adesse,

2259 1171 2416 1243 Ὑπὲρ
2449 1173 2780 1240 κρατοῦντος
2809 1169 2906 1236 τὴν
2940 1159 3147 1223 ἕλευσιν
3188 1161 3412 1240 τιθέναι,

334 1271 510 1340 atque
539 1271 606 1324 ut
636 1267 963 1340 periculum
991 1265 1183 1324 latens
1214 1268 1492 1341 effugeret

2081 1263 2222 1318 4865
2263 1260 2365 1316 Καὶ
2393 1262 2490 1316 τοῦ
2519 1263 2705 1337 φυγεῖν
2737 1255 2982 1313 κίνδυνον
3012 1255 3247 1334 ’ἐρποντα
3276 1257 3449 1314 θέλειν

335 1373 520 1414 novus
553 1356 869 1414 monarcba
901 1374 1002 1429 per
1032 1374 1206 1414 suum
1243 1356 1526 1414 auxilium
1565 1375 1576 1414 :

2262 1352 2488 1405 Ἀνακτι
2516 1346 2655 1422 τῷδε
2680 1343 2839 1403 τοῦδε
2861 1351 2936 1426 ,τῇ
2970 1341 3260 1424 συμμαχίᾳ
3293 1367 3305 1382 ·

335 1445 589 1519 denique
621 1450 686 1502 ut
719 1447 891 1502 fidem
921 1450 1185 1503 tueretur
1215 1447 1410 1503 datam

2265 1439 2361 1495 Καὶ
2389 1442 2487 1494 τοῦ
2519 1437 2748 1518 φυλάξαι
2787 1431 3008 1513 βιϐλίον
3040 1442 3149 1492 τῶν
3182 1437 3403 1514 ὁρκίων,

335 1527 506 1609 regia
540 1535 760 1604 domui,
795 1540 1162 1592 sacramento
1192 1535 1476 1605 adhibito,

2259 1532 2324 1586 Ὃ
2355 1528 2491 1600 πρὸς
2526 1527 2769 1604 βασιλεῖς
2801 1527 2867 1596 ἧν
2898 1527 3211 1602 ὀμωμοκὼς
3245 1525 3438 1598 πάλαι,

335 1642 471 1683 cum
501 1642 531 1681 θ
561 1624 818 1682 Chaldea
845 1627 1024 1682 redux
1056 1627 1127 1682 ad
1161 1625 1356 1682 aulam
1389 1627 1564 1682 venit.

2258 1623 2382 1673 ’Ὀτε
2413 1615 2721 1692 προσῆλθεν
2755 1614 2934 1672 ἄνακτ’
2964 1615 3022 1672 ἐκ
3051 1624 3149 1687 τῆς
3183 1614 3426 1682 Χαλδίας
3459 1636 3472 1652 °

332 1717 502 1774 Hunc
532 1714 923 1772 Andronicum
957 1715 1108 1771 enim
1146 1715 1245 1787 qui
1277 1717 1437 1772 exsul
1473 1715 1660 1774 fuerat

2085 1711 2224 1765 4870
2263 1713 2452 1763 τοῦτον
2485 1707 2584 1784 γὰρ
2613 1703 2961 1784 Ἀνδρόνικον
2995 1703 3123 1763 ὅντα
3153 1704 3364 1787 φυγάδα

335 1803 675 1876 multasque
704 1805 969 1878 gentium
1007 1806 1174 1862 sedes
1205 1810 1656 1880 permutaverat,

2009 1853 2054 1880 η
2262 1799 2464 1854 Ἐθνῶν
2493 1816 2551 1851 τε
2581 1793 2807 1851 πολλῶν
2840 1793 3198 1872 διαμείψαντα
3225 1793 3447 1880 τόπους,

331 1853 1365 1967 agam;nauigans;
1377 1853 1710 1972 $1312};an

2007 1853 2054 1919 Β
2263 1889 2414 1960 Παρά
2446 1884 2490 1941 δ’
2522 1885 2815 1962 Ἀλτούχῳ
2845 1853 3240 1970 τῇδ’κράτοῦντι
3271 1853 3507 1950 Χαλδίας

331 1989 630 2058 postremo
659 1985 1027 2057 versabatur,
1059 1985 1255 2057 ibique
1285 1987 1521 2044 demum
1594 1971 1597 1972 7

2263 1975 2432 2039 Τέλος
2457 1973 2832 2032 καταλύσαντα
2857 1971 2946 2031 καί
2978 1976 3319 2050 πεπαυμένον

331 2073 509 2130 finem
541 2069 772 2130 molesti
805 2073 1018 2130 erroris
1050 2092 1452 2149 cursuumque
1484 2076 1718 2149 fecerat,

2263 2066 2436 2137 ’Ἀλης
2466 2088 2522 2121 τε
2548 2072 2743 2141 πικρᾶς
2775 2064 2862 2122 καὶ
2895 2070 3113 2142 μακρῶν
3152 2065 3522 2146 περιδρομῶν,

330 2163 560 2220 Manuel
591 2165 911 2237 imperator
939 2166 1250 2235 revocavit,

2089 2168 2229 2223 4875
2266 2163 2664 2246 Μετακαλεῖται
2697 2159 2962 2246 Μανουὴλ
2997 2163 3345 2242 αὐτοκράτωρ

331 2251 620 2324 donisque
650 2257 957 2328 exceptum
997 2253 1442 2328 perhumaniter

2265 2254 2362 2310 Καὶ
2396 2245 2658 2326 δεξιοῦται
2688 2245 2916 2329 δωρεαῖς
2947 2252 3323 2331 φιλοφρόνως,

330 2339 393 2396 in
427 2339 599 2398 (Ense
629 2342 773 2398 urbe
803 2341 1088 2416 hospitari
1115 2345 1319 2418 jussit,

2267 2345 2364 2402 Καὶ
2399 2345 2534 2421 πρὸς
2563 2343 2723 2400 πόλιν
2759 2342 2946 2402 Οἴνεον
2983 2341 3197 2400 στέλλει
3229 2339 3455 2420 διάγειν,

326 2430 594 2500 juratum
625 2434 821 2488 tamen
854 2437 1026 2490 antea
1050 2435 1411 2506 promissum
1444 2435 1682 2509 exigens

2263 2438 2493 2508 Ὅρκους
2527 2434 2660 2509 πρὸς
2695 2432 2860 2488 αὐτοῦ
2889 2433 3013 2507 πρίν
3045 2454 3107 2510 γε
3137 2423 3601 2513 προσδεδεγμένος

332 2517 456 2574 fore
482 2517 543 2574 in
572 2518 764 2576 officio
796 2537 862 2576 ac
894 2523 1006 2578 fide
1038 2539 1516 2594 permansurum.

2268 2526 2464 2599 Ὀρθῆς
2495 2523 2629 2596 πρὸς
2664 2522 2820 2578 αὐτὸν
2855 2521 3065 2596 ἀγάπης
3093 2523 3183 2578 καὶ
3215 2521 3400 2602 φιλίας
3433 2543 3445 2557 ο

337 2615 508 2674 {Eum
538 2617 809 2674 discessit
839 2619 1132 2692 posthinc,
1167 2626 1232 2677 ut
1261 2621 1402 2688 dixi,

1996 2640 2000 2644 ‘
2089 2618 2226 2672 4880
2263 2615 2472 2672 Ἔπειτ’
2497 2611 2726 2687 ἀπῆρεν,
2759 2611 2832 2675 ὡς
2861 2609 3016 2688 ἔφην,
3047 2613 3098 2684 ἐξ
3124 2611 3343 2673 Οίναίου

336 2707 668 2764 Comnenus
698 2709 1068 2766 Andronicus
1097 2710 1354 2785 Sisypbii
1385 2712 1589 2783 moris,

2264 2705 2554 2776 Κομνηνὸς
2585 2699 2935 2778 ’Δνδρόνικος
2965 2701 3204 2781 Σίσυφος
3230 2704 3469 2779 τρόπους

337 2799 514 2869 atque
543 2797 984 2871 Paphlagonum
1017 2801 1316 2874 occupatis
1350 2800 1516 2872 locis,

2263 2795 2454 2868 Χώρας
2489 2792 2706 2854 ἐπιστὰς
2735 2793 2851 2854 τοῖς
2883 2790 3030 2865 ὅροις
3060 2787 3450 2870 Παφλαγόνων,

338 2882 659 2940 multorum
690 2884 802 2940 sibi
839 2887 1140 2960 suppetias
1170 2887 1440 2964 adjunxit

2266 2877 2516 2942 Πολλοὺς
2551 2879 2886 2937 ἐπεσπάσατο
2917 2881 3054 2957 πρὸς
3080 2885 3400 2966 συμμαχίαν

336 2989 574 3046 suaeque
606 2974 1002 3047 improbitatis
1031 2979 1222 3036 socios
1254 2979 1388 3038 fecit
1419 2996 1434 3036 :

2263 2975 2359 3027 Καὶ
2393 2970 2703 3046 συνερίθους
2731 2978 2828 3042 τῆς
2862 2972 3052 3027 ἑαυτοῦ
3080 2972 3271 3036 κακίας
3305 2993 3317 3006 ·

333 3065 552 3137 quibus
583 3065 838 3138 stipatus
866 3071 1076 3126 cuncta
1114 3071 1514 3141 perturbabat,

2087 3066 2225 3120 4885
2265 3063 2397 3126 Μεθ’
2429 3064 2500 3116 ὧν
2535 3060 2701 3116 ἐπιὼν
2734 3051 2908 3116 πάντα
2936 3065 3111 3120 κυκῶν
3147 3055 3413 3139 ἐστρόϐει,

330 3153 432 3211 illa
462 3155 785 3228 praesertim
817 3157 1069 3234 abutens
1097 3159 1321 3228 fraude,

2006 3223 2045 3234 Δ
2266 3153 2362 3208 Καὶ
2396 3145 2614 3226 μᾶλλον
2649 3145 2796 3230 ᾧπερ
2829 3151 3107 3229 προύτίθει
3138 3151 3401 3234 δελητίῳ,

332 3223 489 3315 quod
521 3261 584 3301 se
614 3261 717 3317 pro
750 3246 882 3301 novi
909 3229 1152 3307 Cesaris
1182 3223 1373 3308 salute

2001 3223 2045 3292 Cn
2258 3245 2345 3307 Ὡς
2376 3223 2506 3319 ύπὶρ
2539 3223 2703 3298 αὐτοί»
2731 3223 2827 3299 τοῦ
2857 3223 2980 3298 νέου
3005 3223 3271 3319 βασιλέως

331 3338 541 3390 cuncta
570 3335 829 3407 fingebat
859 3353 1030 3409 agere
1059 3344 1237 3412 atque
1268 3342 1477 3398 dicere.

2257 3337 2506 3390 ’Ἀπαντα
2534 3331 2622 3387 καὶ
2654 3329 2781 3406 δρᾷν
2817 3338 3120 3408 μηχανῷτο
3150 3334 3240 3389 καὶ
3272 3321 3473 3410 λέγειν.

328 3435 481 3489 Sane
511 3435 953 3505 protosebastus
983 3435 1043 3492 in
1075 3437 1208 3493 odio
1239 3442 1364 3495 erat

2259 3417 2714 3497 Ηρωτοσεϐαστὸς
2748 3413 2794 3477 δ’
2824 3423 2890 3493 ἦν
2922 3421 3087 3479 πάλιν
3124 3415 3402 3498 μισητέος,

330 3519 623 3593 vulgoque
649 3522 1017 3582 detestabilis
1045 3525 1118 3580 ob
1150 3529 1316 3582 actus
1345 3543 1507 3595 suos,

2085 3524 2224 3580 4890
2264 3521 2364 3579 Καὶ
2395 3527 2554 3575 πᾶσιν
2588 3522 2927 3597 ἀπόστοργος
2959 3519 3019 3578 ἐκ
3043 3517 3392 3598 δυσπραξίας.

332 3611 612 3684 quoniam
647 3611 924 3668 mortales
955 3617 1202 3673 cunctos
1232 3615 1610 3687 despiciebat,

2259 3613 2348 3673 Ὠς
2381 3615 2485 3665 τῶν
2518 3612 2634 3676 καθ’
2662 3611 2822 3667 αὐτὸν
2859 3609 3170 3684 ὑπερόπτης
3198 3611 3487 3688 τυγχάνων

159 3739 162 3742 .
227 3763 230 3768 _
332 3700 564 3773 sibique
597 3700 699 3756 uni
732 3701 1156 3774 rempublicam
1189 3705 1525 3762 vindicabat
1560 3724 1572 3762 :

2267 3701 2366 3758 Καὶ
2403 3699 2684 3777 βασιλείας
2716 3700 2926 3777 ἀνέχων
2957 3701 3054 3764 τὰς
3085 3699 3374 3779 φροντίδας
3409 3721 3423 3737 ⁸

333 3789 419 3846 nil
446 3789 605 3846 enim
635 3793 759 3847 erat
790 3790 846 3846 in
881 3790 1150 3848 uniVersb
1183 3792 1447 3866 imperio,

2259 3788 2429 3849 Ούδὶν
2462 3791 2562 3867 γάρ
2597 3791 2736 3861 ὓπῆν
2772 3797 2871 3861 τῆς
2903 3789 3044 3862 ὅλης
3071 3791 3409 3868 κρατάρχίᾶς

335 3879 493 3954 quod
526 3875 703 3952 hujus
735 3879 1006 3954 potestati
1040 3897 1154 3938 non
1189 3889 1437 3956 pareret.

2262 3873 2330 3938 ’Ὀ
2363 3880 2438 3953 μή
2474 3870 2785 3953 διεξήνυστο
2815 3878 2975 3936 τοῦδε
3004 3885 3083 3952 τῷ
3114 3879 3299 3954 κράτει
3331 3897 3343 3914 ·

337 3973 526 4038 Quare
557 3976 768 4027 cuncta
803 3971 1140 4044 metropolis
1173 3990 1337 4046 spem
1369 3974 1579 4032 salutis

2088 3970 2229 4026 4895
2265 3974 2352 4041 Τῷ
2380 3971 2622 4044 τοιπρὸς
2656 3966 3002 4038 Ἀνδρόνικον
3037 3969 3216 4024 ἅπασα
3246 3969 3409 4035 πόλις

336 4061 398 4117 in
430 4061 761 4116 Andronico
793 4059 1111 4132 reponebat
1140 4077 1278 4133 uno,

2270 4056 2533 4122 Ἐλπίδας
2566 4055 2792 4113 ἀνέτεινε
2820 4049 2917 4127 τῆς
2947 4059 3245 4135 σωτηρίας,

337 4153 512 4222 atque
541 4148 704 4206 hunc
734 4141 1063 4222 tyrannidis
1094 4151 1430 4224 appellabat
1459 4154 1770 4226 vindicem,

2269 4148 2372 4205 Καὶ
2400 4137 2548 4203 τόνδ’
2577 4141 2757 4204 ἐκάλει
2787 4155 2889 4218 τῆς
2917 4144 3231 4223 τυραννίδος
3261 4135 3456 4225 λύτην,

336 4243 394 4296 et
422 4238 806 4296 clandestinis
837 4238 1124 4296 invitabat
1153 4239 1362 4299 litteris

2273 4238 2366 4292 Καὶ
2402 4237 2696 4314 παρεκάλει
2729 4240 3018 4315 γράμμασι
3048 4235 3354 4313 λαθριδίοις

339 4332 404 4385 ut
433 4328 505 4384 ad
537 4327 793 4401 regalem
824 4329 1138 4386 adventare
1172 4332 1374 4388 urbem

2268 4329 2374 4398 Τὴν
2409 4319 2486 4390 είς
2521 4325 2910 4401 βασιλεύουσαν
2946 4323 3155 4382 εἷ’σοδον
3189 4325 3350 4384 πόλιν

337 4417 493 4476 omni
526 4419 778 4494 seposito
811 4417 1114 4475 festinaret
1147 4423 1340 4491 metu;

2095 4417 2234 4474 4900
2272 4417 2657 4491 Καταταχῆσαι
2689 4413 2898 4489 μηδένα
2929 4413 3235 4486 δεδοικότα,

340 4525 476 4565 nam
510 4525 572 4566 se
603 4509 871 4583 prompto
903 4509 1058 4567 cives
1089 4509 1361 4570 dicebant
1391 4514 1585 4571 studio

2275 4504 2432 4562 Ἀλλ’
2468 4495 2704 4575 ὗπτίαις,
2733 4506 2762 4562 ὅ
2793 4528 2942 4584 φασι,
2976 4507 3166 4584 χερσὶν
3195 4505 3443 4580 ἀσμένως

340 4599 598 4655 urbanas
631 4598 712 4654 illi
745 4603 942 4672 portas
973 4603 1298 4672 aperturos.

2014 4603 2064 4666 ι)
2275 4594 2741 4652 Ἀναπετασόντων
2768 4617 2827 4672 γε
2856 4593 2998 4669 τῷδε
3026 4596 3120 4658 τάς
3151 4593 3351 4659 πύλας.

335 4702 455 4754 Hos
481 4697 579 4755 ille
607 4698 883 4755 audiebat
912 4698 1265 4770 perlibenter
1293 4701 1554 4772 nuntios,

2270 4687 2330 4744 Ὀ
2360 4685 2406 4742 δ’
2438 4684 2686 4759 ἀσμένως
2719 4686 2812 4760 μὲν
2842 4686 2930 4740 καὶ
2959 4682 3076 4742 τάδ’
3107 4675 3173 4756 ἦν
3208 4681 3552 4772 δεδεγμένος,

328 4789 574 4861 jamque
604 4761 1252 4848 ali'ectabatmanifeste
1281 4761 1650 4865 tyrannidem

2274 4776 2387 4832 Ἀεὶ
2421 4773 2466 4832 δ’
2498 4775 2698 4858 ἐχώρει
2732 4775 2870 4852 πρὸς
2901 4781 3041 4853 σαφῆ
3073 4761 3385 4851 τυραννίδα,

337 4877 595 4935 castellis
625 4879 982 4951 occupandis
1013 4897 1079 4936 ac
1112 4863 1448 4953 provinciis.

2093 4869 2234 4925 4905
2272 4866 2490 4941 Χώραις
2520 4864 2686 4921 ἐπιὼν
2722 4863 3005 4942 φρουρίοις
3037 4884 3095 4920 τε
3131 4863 3220 4920 καὶ
3249 4863 3460 4928 τόποις.

337 4967 600 5024 Accessit
629 4947 804 5024 etiam
836 4955 1087 5026 Nicaeam
1113 4947 1430 5043 ‘Bithyniae,

2271 4955 2419 5014 Ἐπεὶ
2449 4953 2495 5011 δ’
2527 4955 2722 5022 ἐπέστη
2754 4947 2843 5010 καί
2878 4951 3119 5038 Βιθυνῶν
3153 4951 3372 5028 Νικαίᾳι

336 5072 586 5130 eamque
618 5056 850 5113 blandis
881 5058 1128 5115 tentavit
1158 5039 1568 5128 sermonibus;

2272 5046 2367 5102 Καὶ
2389 5039 2538 5116 τήνδ’
2571 5043 2709 5102 ἑλεῖν
2744 5039 2994 5130 ἔσπευδεν
3029 5041 3289 5118 αἱμύλοις
3323 5043 3531 5122 λόγοις,

335 5147 438 5205 sed
469 5145 570 5204 illa
599 5147 792 5203 verbis
826 5147 1064 5204 minime
1095 5148 1279 5220 gessit
1309 5164 1554 5218 morem,

2271 5136 2386 5193 Οὐκ
2414 5131 2571 5210 ἔσχεν
2596 5131 2757 5191 αὐτοῦ
2785 5138 2902 5197 τοῖς
2935 5121 3127 5210 λόγοις
3155 5121 3461 5206 παιθηνίαν,

333 5239 582 5308 ejusque
616 5236 921 5292 fraudibus
950 5237 1060 5292 fuit
1091 5237 1532 5309 insuperabilis.

2267 5224 2426 5284 Ἀλλ’
2459 5225 2711 5304 ἐμφανῶς
2743 5223 2808 5293 ἦν
2844 5221 3125 5286 ἀτίνακτος
3154 5221 3406 5286 ἀπάταις.

329 5327 442 5382 Sed
476 5341 609 5382 cum
643 5325 1051 5397 occupavisset
1081 5325 1505 5395 Nicomediam,

2091 5327 2232 5382 4910
2270 5323 2432 5380 Ἀλλ’
2461 5324 2536 5386 ὡς
2567 5317 2858 5394 ἐπιϐέϐηκε
2885 5329 2987 5394 τῆς
3017 5319 3393 5396 Νικομήδους,

335 5431 584 5488 eamque
616 5415 741 5470 suis
763 5417 888 5485 jam
923 5414 1189 5485 partibus
1220 5415 1614 5486 adjunxisset;

2272 5414 2369 5468 Καὶ
2396 5411 2545 5484 τήνδ’
2577 5411 2917 5471 ἐπεσπάσατο
2946 5413 3084 5489 πρὸς
3117 5411 3463 5487 συμμαχίαν,

337 5503 558 5560 missus
585 5507 672 5559 est
703 5519 839 5558 cum
863 5503 1025 5574 justo
1058 5502 1358 5575 cupiarum
1392 5521 1634 5563 numero

1614 5522 1634 5563 )
2269 5504 2400 5566 Μεθ’
2432 5503 2622 5571 ἱκανῆς
2655 5497 2883 5557 ἔσταλτο
2913 5501 3235 5578 ταξιαρχίας

339 5593 457 5647 dux
487 5591 854 5648 Andronicus
887 5595 1271 5664 cognomento
1301 5593 1557 5667 Angelus

2273 5591 2584 5667 Στρατηγὸς
2613 5588 2963 5667 Ἀνδρόνικος
2995 5589 3275 5666 ’Ἄγγελος
3305 5589 3449 5646 θέσιν

341 5686 406 5736 ut
442 5681 592 5736 bello
626 5686 823 5753 aperto
859 5680 1124 5738 hostibus
1155 5683 1452 5740 resisteret
1485 5701 1497 5739 :

2269 5681 2412 5756 Πρὸς
2441 5681 2852 5758 ἀντιπαράταξιν
2888 5681 3002 5754 ἅμα
3021 5680 3110 5735 καὶ
3146 5681 3331 5755 μάχην
3370 5699 3380 5711 ·
