4004 6200
256 352 362 409 189
1803 354 1837 408 C

1803 348 2160 410 CESARES.

251 478 403 535 4915
442 479 540 539 Ὃς
573 472 800 547 ἐκτομίᾳ
830 472 1172 549 συμπλακεὶς
1202 471 1553 552 Ἀνδρονίκου

440 569 537 624 Ἐκ
568 562 941 643 Παφλαγόνων
976 569 1228 642 στρατιᾶς
1260 568 1553 641 ἡγουμένῳ

440 657 544 714 Καὶ
568 653 963 733 γηπονοῦντων
997 651 1177 710 ὰδαῶν
1212 653 1359 721 ὅλως
1392 659 1599 735 μάχηςξ

438 748 682 816 Ἠττητο
713 748 895 806 κακῶς
925 743 1017 799 καὶ
1047 746 1229 823 τρέχει
1262 747 1397 821 πρὸς
1422 748 1521 818 τὴν
1554 745 1741 806 πόλιν.

440 835 783 908 Ἠττημὲνον
814 837 945 909 γοῦν
980 830 1337 914 εἷσδραμόντα
1365 838 1464 908 τὴν
1497 836 1686 909 πόλιν,

257 929 403 984 4920
443 929 567 1002 Χρτς
580 926 705 999 ματ’
738 923 981 998 ἀπῄτουν
1012 923 1330 990 καταθέσθαι
1363 925 1454 985 σὺν
1486 928 1646 1004 τάχει

434 1018 577 1072 ’Ὀσα
609 1013 736 1088 πρὶν
769 1010 1021 1068 ἀνάλωσε
1046 1012 1184 1090 πρὸς
1219 1016 1399 1091 μάχας
1433 1015 1651 1092 φθάσας·

432 1108 595 1170 νοθεν
630 1103 896 1177 λυπηθεὶς
923 1105 1060 1185 πρὸς
1092 1106 1267 1186 φυγὴν
1300 1100 1456 1171 εὖθῦς
1490 1104 1681 1185 βλὲπει

435 1197 569 1260 Μεθ’
602 1196 763 1251 υἷέων
794 1191 847 1268 ’ἐξ
878 1191 1123 1251 ὁπλιτῶν
1153 1194 1478 1272 ῥωμαλέων,

437 1285 547 1341 Καὶ
570 1291 673 1355 τῆς
705 1285 841 1360 πρὸς
872 1281 1222 1360 Ἀνδρονίκου
1254 1281 1474 1342 ἅπτεται
1505 1280 1720 1361 τρίϐου·

260 1386 397 1441 4925
434 1385 538 1445 ’ος
568 1382 766 1459 θάρσος
793 1380 927 1457 ἄρας
960 1382 1220 1459 Ἀγγέλου
1252 1382 1519 1458 παρουσίᾳ

441 1477 671 1549 Πορθεῖν
702 1470 862 1535 ἐάσας
891 1473 981 1527 καὶ
1011 1472 1364 1550 κατατρέχειν
1392 1473 1595 1540 τόπους

432 1562 579 1627 Εὖθίι
612 1565 733 1636 μετ’
763 1561 929 1618 αὐτοῦ
960 1568 1061 1632 τῆς
1092 1561 1502 1618 Κωνσταντίνου
1532 1562 1740 1641 τρὲχευ

431 1647 537 1709 Καὶ
570 1649 639 1721 δὴ
672 1649 961 1729 πενρθακὼς
995 1649 1234 1722 πλησίον
1266 1650 1623 1724 Χαλκηδόνος

434 1743 658 1812 Σκηνήν
690 1739 801 1796 ἐκεῖ
830 1742 1070 1816 πήγνυσι
1102 1738 1191 1796 καὶ
1223 1740 1543 1816 παραμὲνιιο

256 1832 391 1888 4930
429 1825 893 1905 Πρωτοσεϐαστὸς
927 1823 971 1884 δ’
1004 1828 1247 1904 Ἀλὲξιος
1282 1825 1380 1887 οὐκ
1410 1829 1558 1911 ἔχων

434 1924 579 1994 Πεζῇ
614 1916 836 1996 στρατιᾷ
863 1916 1110 1975 καθελεῖν
1150 1918 1485 1994 ἀποστάτην,

432 2004 596 2065 Τόνδ³
627 2008 891 2065 ἀπελᾶσαι
926 2005 1035 2064 δεῖν
1065 2010 1239 2087 κρίνει
1263 2013 1568 2091 ναυμαχίᾳ’

432 2098 705 2160 Ηλείστας
734 2101 977 2174 τριήρεις
1007 2104 1296 2183 τοιγαροῦν
1328 2096 1632 2177 ἐξαρτύσας,

426 2188 526 2243 Καὶ
555 2182 744 2244 ταῖσδε
768 2187 1015 2264 καλύψας
1046 2182 1113 2265 γε
1132 2182 1229 2260 τήν
1263 2187 1628 2266 Προποντίδα,

254 2290 386 2346 4935
425 2288 523 2345 Καὶ
553 2291 646 2345 τὸν
682 2289 939 2365 μέγιστον
970 2291 1403 2368 Κοντοστέφανον
1434 2295 1641 2348 Δοῦκαν

428 2379 615 2450 Δείξας
646 2377 963 2455 στολάρχην
994 2383 1091 2435 τοῦ
1125 2378 1322 2437 στόλου
1353 2381 1442 2437 καὶ
1473 2383 1808 2458 προστάτην,

429 2470 574 2545 Πρὸς
604 2469 703 2539 τήν
760 2470 877 2525 κατ’
931 2468 1134 2549 ἐχθροῦ
1183 2468 1481 2547 δυσμενοῦς
1536 2472 1737 2546 πέμπει
1798 2474 1906 2547 μά·

1676 2565 1832 2643 [κηνν

426 2650 503 2703 Ἦ
531 2648 621 2702 καὶ
654 2644 901 2725 φυλακήν
929 2645 1097 2718 τῆσδε
1126 2651 1223 2719 τῆς
1254 2651 1675 2708 Κωνσταντίνουο

434 2737 584 2793 Μετᾶ
615 2737 796 2814 βραχὺ
828 2735 885 2793 δὶ
914 2732 1148 2812 πρέσϐυς
1180 2737 1237 2794 ἐκ
1270 2738 1541 2816 βασιλέως

262 2828 398 2884 4940
438 2823 672 2887 Σταλεῖς
704 2827 836 2897 πρὸς
868 2824 1211 2907 Ἀνδρόνικον
1245 2829 1272 2883 ὁ
1294 2818 1587 2907 Ξιφιλῖνος

437 2919 532 2980 Εἷς
560 2920 670 2973 τῶν
698 2915 924 2993 ἀρίστων
958 2916 1229 2995 ἰντρόφων
1263 2915 1590 2991 Ἐκκλησίας

434 3002 799 3082 Ἐπαγγελίας
832 3005 1075 3083 ἀφθόνων
1102 3004 1448 3084 ὃωρημάτων

430 3095 593 3167 Αὐτῷ
622 3103 892 3172 προσῆγεν
927 3097 1087 3175 ἀξιῶν
1118 3118 1178 3153 τε
1210 3097 1467 3175 μειζόνων

430 3186 495 3242 ΕΞ
530 3186 730 3261 σκέμμ⁹
763 3183 993 3266 ἀφεικὼς
1021 3187 1082 3249 τὸ
1115 3188 1471 3266 προκείμενον
1502 3187 1673 3271 τάχος

260 3284 394 3342 4945
430 3281 817 3360 Παλίνδρομος
845 3286 1057 3362 γένοιτο
1088 3285 1264 3362 χωρὶς
1294 3286 1565 3359 αἱμάτων.

429 3375 488 3427 Ὀ
521 3370 568 3428 δ’
598 3372 661 3429 οὗ
692 3367 1010 3452 προσέσχεν
1042 3369 1318 3451 ὶμϐριθῶς
1351 3373 1411 3437 δὲ
1442 3376 1634 3450 μηνύει

434 3462 767 3543 Παραιφάσει
797 3460 867 3535 δ’,
899 3462 976 3529 ὥς
1005 3485 1156 3542 φασι,
1185 3465 1280 3521 τοῦ
1308 3464 1621 3543 Ξιφιλίνου,

430 3554 545 3625 Ὡς,
575 3550 647 3609 Εἴ
670 3574 770 3630 περ
803 3551 1154 3628 Ἀνδρόνικον
1187 3555 1417 3630 ἀθρῆσαι
1449 3553 1623 3619 θέλεις

432 3640 608 3696 Πᾶλιν
642 3640 979 3713 ἐπανήκοντα
1007 3641 1101 3697 σὺν
1123 3641 1353 3719 ἠσυχίᾳ,

261 3731 394 3786 L950
434 3726 890 3806 Πρωτοσεϐαστὸν
923 3730 1194 3789 ἀπέλασον
1228 3731 1287 3789 ἐκ
1313 3733 1502 3806 μέσου,

432 3821 533 3876 Καὶ
566 3819 957 3901 πλημμελείας
984 3820 1208 3886 εὐθύνας
1239 3821 1551 3880 ἐκτιννύτω.

434 3910 505 3964 Σὲ
532 3907 578 3969 δ’
609 3912 644 3982 ἡ
674 3914 905 3966 τεκοῦσα
932 3911 1171 3987 βασιλὶς,
1204 3910 1352 3985 ἄναξ,
1383 3912 1550 3969 πάλιν

429 4001 577 4055 Κατὰ
607 3998 888 4076 μοναχοὺς
916 4001 1015 4069 τήν
1044 4000 1210 4077 τρίχα
1238 4003 1559 4077 κειραμένη,

432 4089 558 4146 Βίον
597 4090 800 4163 βιοῦτω
832 4095 947 4161 καθ’
980 4091 1175 4161 ἑαυτὴν
1217 4090 1290 4153 ὡς
1320 4088 1462 4150 δέον.

260 4180 393 4237 4955
431 4179 508 4234 Σίι
539 4178 584 4235 δ’
620 4181 694 4244 ὡς
726 4180 953 4256 πατρῴα
982 4177 1214 4252 διαθήκη
1253 4178 1531 4256 βούλεται,

429 4267 769 4344 Κληροῦχος
799 4268 870 4325 ὢν
898 4269 1092 4327 ἄνασσε
1118 4274 1217 4339 τῆς
1248 4271 1598 4349 κραταρχίας,

430 4356 603 4417 Οὔπω
636 4358 922 4435 παρῆλθον
954 4356 1160 4436 ἡμέραι
1188 4361 1385 4437 τυχναὶ
1417 4362 1579 4431 πάνυ,

428 4448 532 4505 Καὶ
564 4442 897 4522 παραλαϐὼν
930 4446 1024 4515 τὰς
1054 4450 1302 4525 τριήρεις
1337 4447 1463 4522 δοὺξ
1497 4448 1665 4528 μέγας

427 4540 613 4614 Χωρεῖ
642 4537 779 4613 πρὸς
810 4536 1153 4615 Ἀνδρόνικον
1187 4539 1408 4615 ἀπτέρῳ
1446 4541 1625 4615 τάχει·

259 4628 391 4684 4960
428 4630 520 4682 καὶ
551 4630 701 4691 τοῦτ’
733 4625 901 4704 ἐπῆρε
930 4632 1028 4685 τοῦ
1057 4628 1319 4705 τυράννου
1348 4630 1410 4684 τὸ
1442 4632 1659 4706 θράσος,

433 4712 888 4793 Πρωτοσσϐαστὸν
922 4714 969 4774 δ’
999 4720 1228 4797 ἠφάνισε
1255 4718 1517 4789 καθάπαξ.

428 4806 635 4864 Τοίνυν
662 4805 898 4870 ἀποστὰς
928 4805 1076 4863 τοῦδ’
1108 4807 1245 4871 ἅπας
1274 4811 1382 4864 τῶν
1416 4807 1468 4863 ἒν
1500 4807 1659 4871 πόλει

431 4895 625 4952 Βαλών
658 4917 718 4951 τε
746 4901 938 4953 τοῦτον
975 4903 1095 4962 τοῖς
1125 4897 1449 4971 σκώμμασιν
1478 4895 1696 4970 ἀνέδην,

428 4986 790 5061 Προστίθεται
818 4983 885 5059 δὴ
918 4992 1164 5064 φανερῶς
1198 4987 1500 5062 ἀποστάτῃ,

258 5087 389 5142 4965
429 5083 529 5143 Καὶ
557 5081 720 5145 τοῦδε
746 5085 1033 5159 γῆραςκαὶ
1065 5086 1205 5161 φυὴν
1238 5084 1628 5163 ἤνζσεμνόνων.

429 5174 574 5250 Πρὸς
602 5180 721 5236 τοῖς
752 5171 798 5229 δ’
827 5174 1039 5235 ἀνεῖντο
1068 5172 1258 5239 παῖδες
1291 5176 1508 5251 εἱρκτῆς
1542 5176 1616 5239 ὡς
1646 5176 1819 5253 τάχος

426 5266 614 5320 Αὐτοῦ
642 5262 902 5338 τυράννου
931 5265 1021 5327 καὶ
1055 5263 1455 5325 κατακλείστων
1486 5263 1692 5342 στίφος·

424 5354 812 5430 Καθείργνυται
843 5352 923 5422 δὲ,
956 5358 1055 5432 φεῦ
1082 5354 1261 5432 τύχης
1288 5361 1392 5423 τῆς
1421 5353 1652 5411 ἀστάτου
1679 5355 1691 5412 l

421 5438 888 5520 Ιιρωτοσεϐαστὸς
920 5444 971 5499 ἐν
1007 5444 1197 5516 μέσοις
1226 5443 1572 5520 ἀνακτόροις,

249 5536 382 5591 4970
422 5535 522 5590 Καὶ
556 5530 841 5590 σϐέννυται
874 5531 943 5602 δὴ
968 5534 1064 5596 τᾶς
1094 5533 1259 5605 κόρας
1285 5538 1393 5590 τῶν
1426 5533 1719 5608 ὀμμάτων,

422 5622 789 5699 Ἀνδρονίκου
821 5622 1100 5696 κρίναντος
1129 5621 1224 5679 ὧδ’
1254 5623 1583 5693 ἀποστάτου,

420 5717 577 5774 Μετὰ
607 5717 840 5793 φαεινῶν
873 5712 1183 5790 προκρίτων
1214 5713 1513 5791 γερουσίας

1956 480 2011 547 Α
2043 478 2299 551 quicum
2332 480 2605 537 eunucho
2637 481 2952 537 Andronici
2986 497 3336 553 congressus

2029 569 2174 623 duce
2206 568 2505 641 cepiarum
2535 569 3089 642 Paphlagoniarum,

2029 659 2264 714 rudium
2300 660 2567 731 quamvis
2597 659 2735 716 belli
2760 662 3173 734 agricolarum,

2031 748 2277 819 turpiter
2301 749 2645 822 proﬂigatus
2681 751 3021 823 Byzantium
3056 752 3224 826 fugit.

2028 847 2174 917 Ergo
2207 863 2340 901 cum
2375 844 2558 902 victus
2582 847 2828 903 redisset
2857 849 2927 904 ad
2963 849 3189 919 urbem,

2028 934 2101 988 ab
2134 950 2199 989 eo
2231 937 2538 1006 pecuniam
2573 937 2770 992 statim
2804 936 3147 1010 repetebant

2028 1022 2384 1097 cives,quam
2416 1026 2566 1083 bello
2598 1028 2851 1099 gerendo
2885 1026 3286 1103 insumpserat
3318 1046 3332 1086 :

2028 1114 2184 1185 quod
2216 1131 2366 1187 aegre
2399 1116 2589 1172 ferens
2622 1116 2936 1173 maturavit
2970 1118 3164 1191 fugam

2028 1220 2160 1260 eum
2195 1221 2295 1259 sex
2327 1204 2566 1261 armatis
2603 1206 2971 1278 fortibusque
3001 1206 3226 1274 liberis,

2027 1298 2083 1349 et
2113 1298 2300 1349 semet
2332 1298 2488 1351 recta
2519 1295 2587 1349 ad
2614 1295 3015 1352 Andronicum
3048 1296 3294 1354 contulit
3326 1315 3338 1353 :

2028 1381 2128 1454 qui
2161 1383 2469 1438 roboratus
2500 1383 2703 1458 Angeli
2731 1385 3062 1456 praesentia,

2025 1469 2289 1543 aliosque
2320 1472 2599 1528 omittens
2631 1490 2916 1546 occupare
2947 1474 3128 1544 locos,

2024 1576 2156 1616 eum
2189 1561 2413 1633 Angelo
2446 1561 2784 1633 Byzantium
2814 1563 3025 1619 direxit
3057 1566 3165 1621 iter
3197 1583 3210 1623 :

2024 1655 2245 1706 etcum
2278 1649 2663 1705 Chalcedonis
2697 1656 2851 1707 esset
2883 1653 2940 1708 in
2972 1653 3206 1726 vicinia,

2022 1738 2103 1795 ibi
2134 1739 2447 1795 tentorium
2482 1739 2605 1793 fixit
2636 1740 3041 1813 substititque.

1947 1854 1993 1923 Β
2028 1828 2468 1885 Protosebastus
2500 1828 2655 1885 haud
2690 1829 2842 1923 potis
2874 1829 3113 1923 Alexius

2024 1918 2278 1975 exercitu
2311 1918 2564 1990 pedestri
2597 1917 2868 1975 rebellem
2902 1918 3255 1993 opprimere,

2022 2008 2277 2064 nauticis
2308 2005 2490 2081 copiis
2522 2008 2913 2065 resistendum
2949 2009 3196 2065 censuit.

2020 2105 2159 2162 Cum
2190 2123 2327 2179 ergo
2358 2106 2644 2179 plurimas
2670 2107 3045 2164 instruxisset
3074 2107 3344 2167 triremes

2017 2195 2100 2252 ita
2131 2201 2195 2253 ut
2226 2200 2399 2253 totam
2436 2196 2745 2270 implerent
2777 2197 3215 2269 PrOpontidem,

2015 2291 2072 2342 et
2101 2280 2638 2360 Contostepbanum
2672 2287 2993 2343 maximum
3026 2286 3249 2345 Ducam

2014 2374 2417 2432 scholarc‘nam
2450 2376 2763 2435 ereavisset
2789 2393 3204 2451 summumque
3234 2378 3463 2449 ducem,

2004 2557 2189 2629 jussit
2217 2573 2349 2613 eum
2382 2556 2547 2614 hoste
2578 2557 2767 2614 inviso
2801 2559 3047 2629 decerte,

2012 2646 2101 2703 vel
2123 2651 2276 2704 certe
2307 2646 2677 2719 Byzantinam
2710 2648 2889 2705 tutari
2922 2650 3149 2706 urbem.

2017 2738 2191 2796 Paulo
2224 2747 2351 2811 post
2382 2739 2602 2795 missus
2633 2738 2862 2812 legatus
2892 2758 2925 2795 a
2955 2742 3178 2797 Caesare

2016 2830 2085 2884 ad
2120 2827 2515 2885 Andronicum
2550 2826 2651 2883 ivit
2681 2828 2947 2901 Xipbilin
2964 2847 3053 2896 us,

2016 2934 2169 2975 unus
2202 2916 2519 2972 illustrium
2551 2916 2819 2972 Ecclesiae
2852 2915 3248 2986 alumnarum,

2016 3006 2129 3079 ipsi
2161 3006 2468 3061 oblaturus
2500 3004 2817 3076 plurimam
2849 3005 3161 3077 pecuniam

2015 3100 2073 3153 et
2101 3095 2456 3165 dignitatum
2490 3093 2690 3149 titulos
2724 3108 3109 3160 summarum,

2016 3185 2091 3252 si,
2124 3183 2278 3255 quod
2310 3185 2670 3252 susceperat,
2706 3180 2926 3235 omisso
2959 3178 3260 3237 molimine

2016 3272 2217 3332 statim
2250 3272 2593 3327 incruentus
2623 3274 2776 3326 retro
2808 3270 3054 3326 cederet.

2019 3372 2255 3440 Renuit,
2287 3386 2352 3426 ac
2383 3370 2635 3441 superbe
2666 3369 2969 3443 respondit
3000 3367 3120 3441 ille,

2019 3469 2082 3520 ut
2106 3464 2261 3519 fama
2291 3464 2381 3518 est
2408 3459 2678 3516 hortante
2704 3458 3008 3533 Xiphilino
3042 3477 3055 3517 :

2018 3554 2078 3610 Si
2111 3552 2372 3625 quidem,
2403 3553 2613 3619 Caesar,
2643 3549 3044 3606 Andronicum
3076 3565 3233 3607 aves.

2014 3647 2170 3700 retro
2203 3641 2445 3715 pacifico
2479 3641 2779 3696 cedentem
2811 3656 3070 3708 eernere,

2019 3732 2491 3805 protosebastum
2520 3728 2647 3785 loco
2668 3728 2911 3802 depelle,

2017 3820 2450 3891 criminumque
2483 3834 2683 3889 prunas
2717 3819 2789 3873 ab
2820 3834 2885 3873 eo
2910 3831 3171 3890 reposee.

2018 3909 2300 3964 Praeterea
2330 3906 2530 3978 regina
2562 3921 2772 3978 parens
2803 3909 2905 3960 tua

2020 3996 2442 4053 monacharum
2468 3994 2653 4049 instar
2683 3998 2915 4049 attonsa
2946 4009 3198 4048 comam.

2018 4087 2215 4158 vitam,
2248 4090 2311 4141 ut
2342 4102 2444 4157 par
2475 4091 2580 4159 est,
2615 4081 2943 4139 solitariam
2972 4083 3147 4157 degat
3179 4096 3193 4142 :

2020 4182 2083 4233 tu
2112 4192 2268 4243 vero,
2302 4178 2365 4231 ut
2395 4178 2487 4231 est
2514 4173 2572 4228 in
2602 4172 2786 4245 patris
2817 4172 3113 4246 supremis
3144 4171 3383 4247 tabulis,

2018 4271 2203 4326 haeres
2234 4266 2463 4340 imperii
2498 4272 2736 4338 regnate
2767 4264 3088 4337 legitimus.

2018 4360 2227 4417 Paucis
2258 4358 2466 4415 deinde
2494 4354 2710 4428 elapsis
2741 4355 2952 4411 diebus

2020 4451 2138 4506 dux
2160 4463 2411 4521 magnus
2442 4444 2697 4518 sumptis
2731 4462 2932 4503 secum
2958 4445 3298 4503 triremibus

2020 4539 2090 4594 ad
2123 4535 2523 4594 Andronicum
2556 4533 2729 4590 celeri
2763 4551 2939 4590 cursu
2971 4535 3121 4607 fugit
3151 4551 3165 4590 ι

1940 4610 1987 4676 D
2020 4644 2145 4701 quas
2177 4644 2267 4684 res
2300 4624 2533 4699 tyranni
2560 4624 2769 4680 extulit
2800 4625 3133 4691 audaciam,

1956 4718 1961 4721 ⁷
2020 4719 2484 4792 protosebastum
2516 4719 2712 4771 autem
2746 4732 2987 4787 prorsus
3018 4714 3189 4787 fregit
3224 4731 3237 4769 :

2018 4808 2358 4882 passimque
2385 4804 2637 4878 populus
2669 4805 2727 4860 in
2758 4805 2902 4861 urbe
2931 4803 3220 4860 rebellans

2019 4900 2177 4956 hunc
2199 4898 2572 4970 impudenter
2601 4897 2915 4969 appetebat
2938 4895 3237 4966 conviciis,

2019 4991 2413 5063 apostataeque
2445 4986 2714 5057 partibus
2744 4984 3097 5053 adhaerebat,

2018 5080 2147 5151 ejus
2177 5075 2474 5132 demirans
2507 5075 2751 5130 formam
2780 5079 2836 5130 et
2867 5077 3184 5130 senectam.

2018 5178 2266 5249 Insuper
2297 5172 2398 5228 lilii
2433 5172 2758 5228 liberantur
2788 5187 3020 5228 carcere

2014 5264 2243 5340 tyranni
2277 5263 2563 5335 ejusdem,
2589 5260 2807 5332 aliique
2839 5261 3077 5333 plurimi
3113 5277 3126 5316 :

2017 5353 2312 5410 clauditur
2343 5356 2556 5406 autem.
2590 5367 2622 5405 o
2657 5350 2900 5406 fortuna:
2934 5349 3358 5407 inconstantia!

2016 5442 2460 5516 protosebastus
2492 5440 2648 5510 regio
2672 5440 2729 5493 in
2763 5438 3001 5509 palatio,

2015 5534 2183 5604 eique
2219 5531 2415 5584 lumen
2447 5528 2746 5582 oculorum
2782 5528 3194 5597 exstinguitur,

2020 5621 2104 5677 sic
2128 5622 2472 5676 decernente
2495 5616 2823 5677 Andronico
2848 5615 3057 5670 rebello

2028 5728 2158 5769 cum
2182 5709 2623 5782 splendidorum
2658 5722 2959 5778 procerum
2994 5719 3228 5758 corona.

3582 359 3680 414 190
