4104 6204
323 328 421 383 191
1530 331 1905 385 ΕΡΗΒΕΜΙῙ
1942 349 1944 370 ι

2118 328 2514 389 )NOGRAPHI
3633 328 3739 384 192

316 457 466 507 Tum
499 452 626 525 ipse
657 454 725 508 ad
754 453 953 507 urbem
989 450 1321 506 adventavit
1343 449 1588 523 regiam,

321 543 560 615 regique
594 541 814 596 humile
846 538 1061 595 obtulit
1091 538 1463 612 obsequium,

321 630 487 686 humi
522 632 873 701 prostratus,
909 628 1195 696 lacrymas
1221 628 1605 699 profundens.

316 720 465 774 Exin
496 717 780 789 correptis
812 715 1145 787 reipublicae
1179 715 1450 781 habenis,

314 808 489 879 cmpit
519 807 589 861 ad
617 806 928 860 arbitrium
958 809 1168 861 cuncta
1191 822 1365 860 suum
1400 820 1619 878 gerere.

314 897 385 951 Et
406 911 597 966 regem
631 894 866 966 quidem
900 894 1228 966 occupabat
1254 894 1571 950 venatibus

317 988 550 1039 astutus
581 982 755 1040 homo
785 989 841 1038 et
865 983 1095 1039 lusibus
1126 982 1359 1039 idoneis

318 1071 587 1127 custodia
616 1079 847 1143 septum
882 1071 1041 1144 vigili
1074 1076 1129 1127 et
1161 1071 1442 1127 malevola
1474 1088 1488 1127 :

318 1160 447 1234 ipse
480 1161 715 1233 regendi
749 1161 982 1233 imperii
1014 1161 1274 1233 suscepit
1304 1178 1545 1228 curam;

316 1248 653 1305 mortalium
683 1250 811 1305 dira
839 1250 1111 1322 Erinnys,
1145 1255 1427 1305 cruentus
1458 1249 1643 1319 canis,

314 1337 616 1395 maleficus
649 1338 1042 1409 Andronicus,
1080 1339 1224 1410 proh
1260 1338 1603 1394 calamitas!

318 1444 386 1483 ac
419 1427 790 1482 manifestam
821 1426 1036 1483 invasit
1065 1429 1465 1500 tyrannidem.

318 1525 388 1580 Et
417 1523 677 1596 praemiis
709 1524 947 1595 quidem
972 1526 1196 1580 ornavit
1226 1526 1456 1581 eximiis

321 1629 458 1669 cum
481 1611 626 1668 alios
658 1612 875 1668 multos
906 1617 1030 1667 tum
1061 1614 1323 1685 apprime
1354 1613 1760 1686 Paphlagonas

319 1702 419 1773 qui
450 1700 755 1757 rebellanti
789 1700 900 1755 sibi
935 1702 1216 1755 auxilium
1257 1702 1513 1756 tulerant
1547 1718 1558 1755 :

1992 456 2043 520 A

2250 452 2440 512 ’Όστις
2475 450 2651 527 ἀπῆρε
2681 451 2817 525 πρὸς
2844 448 3010 505 πόλιν
3046 448 3305 526 βασιλίδα

2246 542 2340 593 Καὶ
2374 544 2455 612 τῷ
2490 537 2708 615 βασιλεῖ
2738 539 3104 615 προσκύνησιν
3134 542 3428 614 προσνέμει

2073 630 2210 684 4975
2247 633 2495 696 Βαθεῖαν,
2529 627 2604 689 είς
2634 634 2737 702 γῆν
2773 628 3013 689 τανυθεὶς
3046 628 3137 682 καὶ
3169 625 3440 703 δακρύων·

2247 718 2456 770 Κοινῶν
2489 713 2674 770 ἔπειτα
2705 712 3042 789 πραγμάτιον
3077 712 3445 790 δεδραγμένος

2246 806 2491 881 Ἐχρῆτο
2521 801 2704 859 τοῖσδε
2733 802 2871 868 καθά
2897 805 2950 858 οἳ
2982 801 3334 879 δεδογμένον.

2246 893 2604 968 Κυνηγεσίοις
2638 890 2859 969 βασιλεῖ
2887 893 3248 968 προσανέχειν

2248 979 2468 1045 Ἐνδοὺς
2498 982 2525 1036 ὁ
2560 979 2734 1043 δεινὸς
2767 978 3012 1043 παιδιαῖς
3042 1002 3101 1036 τε
3129 979 3468 1057 προσφόροις

2068 1081 2211 1137 4980
2250 1080 2399 1136 Μετᾶ
2429 1078 2684 1156 φυλάκων
2716 1077 2996 1152 δυσμενῶν
3024 1078 3403 1135 κατασκόπων⁸

2245 1169 2450 1225 Ἐπειτ⁹
2481 1166 2787 1237 ἁνεζώσατο
2815 1170 3011 1223 κοινῶν
3039 1165 3299 1247 φροντίδα

2247 1259 2472 1332 Βροτῶν
2504 1257 2712 1333 έριννῦς
2744 1258 2835 1312 καὶ
2866 1255 3197 1335 φιλαίματος
3238 1256 3405 1327 κύων,

2245 1346 2466 1416 Ῥέκτης
2495 1368 2553 1402 τε
2582 1350 2762 1401 κακῶν
2793 1345 3162 1415 Ἀνδρόνικος,
3198 1344 3241 1400 ὦ
3272 1347 3478 1410 πάθους

2246 1436 2343 1490 Καὶ
2377 1440 2620 1512 φανερῶς
2650 1432 2829 1508 ἥψατο
2861 1442 2961 1505 τῆς
2986 1432 3318 1511 τυραννίδος.

2072 1526 2213 1581 4985
2249 1518 2563 1596 Ἀμείϐεται
2599 1525 2693 1596 μὲν
2728 1522 2959 1600 δωρεαῖς
2990 1518 3184 1597 ἁϐραῖς
3216 1523 3355 1578 πάνυ

2245 1611 2494 1675 1Ἄλλους
2523 1634 2581 1668 τε
2609 1610 2858 1674 πολλοὺς
2889 1614 2977 1668 καὶ
3010 1611 3179 1667 πλέον
3212 1612 3575 1690 Παφλαγόνας

2250 1701 2369 1763 Ιοὺς
2410 1699 2553 1773 τῷδε
2582 1701 2992 1777 συμπράξαντας
3016 1700 3369 1756 ἀποστασίανο

210 3352 215 3355 .
313 3312 370 3362 et
400 3308 687 3379 Cotyaaam
720 3325 915 3363 arcem
948 3314 1175 3364 armata
1200 3326 1377 3364 manu
1415 3327 1432 3363 :

318 1808 385 1847 ac
417 1790 733 1861 dignitates
763 1789 1104 1860 splendidas
1136 1790 1428 1845 sublimes

1994 1817 2042 1882 Β
2246 1792 2398 1863 Τιμᾷ
2429 1789 2487 1846 δὲ
2518 1789 2800 1865 λαμπραῖς
2830 1790 2918 1845 καῖ
2956 1789 3220 1864 μεγάλαις
3249 1788 3419 1861 ἀξίαις

318 1878 525 1935 amicis
556 1877 682 1933 suis
714 1878 983 1932 attribuit
1013 1885 1067 1933 et
1100 1894 1260 1932 noxae
1297 1878 1496 1934 sociis.

1994 1877 2035 1882 —
2250 1878 2356 1941 Οὓς
2387 1878 2503 1954 εἶχε
2532 1878 2762 1942 πιστοὺς
2792 1879 2882 1934 καὶ
2916 1878 3200 1955 συνεργοὺς
3232 1877 3440 1939 κακίας·

314 1966 584 2023 Illustres
614 1970 810 2021 autem
843 1966 999 2022 viros
1029 1970 1085 2021 et
1111 1966 1326 2037 stirpes
1361 1965 1605 2024 nobiles.

2071 1969 2214 2024 4990
2251 1964 2485 2044 ’Δνδρῶν
2514 1966 2778 2041 ἐπιτίμων
2809 1964 2866 2023 δὲ
2891 1967 2980 2022 καὶ
3012 1965 3284 2041 λαμπρῶν
3314 1966 3476 2043 γένει,

318 2056 535 2128 partim
567 2055 793 2126 injusto
824 2071 1054 2111 carcere
1087 2054 1402 2123 conclusit,

2249 2057 2317 2113 Οἱ
2351 2058 2445 2129 μὶν
2479 2056 2745 2134 φυλακαῖς
2770 2055 3167 2131 έγκαθείργυντ’
3195 2055 3438 2130 ἀλόγως,

318 2144 533 2216 partim
567 2145 763 2211 domo,
809 2144 1096 2217 cognatis,
1151 2145 1341 2217 patria
1371 2143 1570 2217 procul

2249 2146 2311 2199 Οἱ
2345 2143 2393 2200 δ’
2422 2145 2597 2207 οῗκίας
2624 2166 2683 2201 τε
2708 2150 2976 2223 συγγενῶν
3006 2144 3094 2200 καὶ
3125 2143 3388 2221 πατρίδος

320 2232 544 2289 nullius
575 2232 798 2305 pepulit
827 2233 1089 2288 criminis
1118 2234 1439 2301 convictos,

2252 2233 2474 2309 Μακρᾶν
2505 2233 2888 2305 ἀπηλαύνοντο
2917 2233 3095 2310 χωρὶς
3120 2232 3317 2304 αίτίας,

324 2320 470 2376 alios
501 2321 756 2393 denique
787 2321 972 2377 oculis
1002 2323 1268 2394 privavit.

2248 2320 2452 2381 ’Ἄλλοι
2487 2319 2533 2376 δ’
2564 2316 2955 2378 ἀπεσϐέννυντο
2986 2321 3226 2398 λύχνους
3257 2318 3547 2395 ὀμμάτων,

322 2410 472 2480 Ergo
504 2410 721 2481 ubique
754 2411 1235 2483 miseria,ubique
1266 2412 1450 2483 dolor,

319 2498 575 2569 suspiria
608 2498 847 2569 ubique,
885 2499 1176 2571 lacrymae,
1210 2501 1485 2569 ejulatus.

316 2596 462 2652 Nam
488 2596 837 2667 properabat
866 2597 1234 2652 Andronicus
1264 2598 1534 2654 homines

318 2684 592 2755 (breviter
624 2690 686 2740 ut
714 2685 929 2756 dicam)
962 2685 1165 2741 tollere
1197 2687 1267 2741 de
1300 2687 1489 2742 medio

316 2774 405 2829 vel
437 2789 647 2846 genere
677 2774 1046 2845 conspicuos,
1078 2774 1165 2829 vel
1199 2776 1464 2842 consilio,

317 2861 402 2917 vel
438 2862 566 2919 forti
603 2880 779 2918 manu
814 2863 1089 2934 praeditos
1119 2863 1205 2919 vel
1234 2865 1544 2935 prudentia
1573 2883 1587 2934 ;

321 2950 590 3007 videlicet
621 2955 685 3006 ut
714 2956 858 3017 tute,
894 2960 1113 3007 remoto
1147 2952 1331 3021 obice,

324 3040 546 3113 regium
579 3057 763 3112 genus
796 3041 1060 3097 funditus
1091 3046 1394 3098 extereret.

310 3133 385 3185 At
408 3130 693 3187 Manuelis
725 3131 998 3187 sultanus
1031 3136 1216 3187 morte
1249 3132 1506 3204 cognita,

311 3220 636 3291 Sozopolim
670 3220 970 3291 occupavit
996 3219 1259 3293 aliasque
1292 3222 1488 3288 urbes,

2074 2420 2215 2475 4995
2253 2418 2355 2476 Καὶ
2385 2419 2557 2473 πάντα
2589 2420 2756 2492 μεστὰ
2786 2425 3071 2497 συμφορᾶς
3100 2420 3166 2488 ἦν
3197 2417 3288 2473 καὶ
3319 2420 3525 2481 πάθους

2250 2510 2447 2586 Πλήρη
2483 2509 2730 2587 δακρύων
2762 2512 2851 2567 καὶ
2882 2517 3190 2589 στεναγμῶν
3223 2513 3314 2567 καὶ
3341 2510 3508 2589 γύων·

2248 2597 2513 2657 Ἕσπευδε
2540 2601 2629 2655 καὶ
2658 2600 2763 2675 γὰρ
2797 2598 3142 2672 Ἀνδρόνικος
3173 2598 3233 2656 ἐκ
3265 2601 3453 2674 μέσου,

2248 2690 2334 2751 Ὠς
2366 2686 2604 2743 συνελὼν
2634 2686 2869 2761 εἷ’ποιμι,
2902 2693 3073 2744 θεῖναι
3104 2690 3323 2764 ταχέως

2250 2776 2602 2853 Προῦχοντας
2630 2775 2825 2850 ἄνδρας
2866 2778 3123 2854 εὐγενεῖς,
3159 2775 3571 2856 βουληφόρους,

2067 2868 2212 2923 5000
2246 2866 2437 2941 Ῥώμῃ
2472 2863 2822 2945 διαφέροντας
2842 2865 2878 2936 ἢ
2908 2866 2999 2922 καὶ
3030 2866 3258 2935 συνέσει,

2244 2955 2335 3017 Ὠς
2365 2952 2412 3010 δ’
2443 2952 2614 3017 ἀδεως
2641 2976 2701 3010 τε
2728 2952 3002 3029 κωλύμης
3034 2956 3209 3026 πάσης
3241 2952 3369 3031 δίχα

2246 3040 2453 3118 ’Άρδην
2484 3043 2547 3097 τὸ
2581 3041 2853 3111 βασίλειον
2886 3042 3113 3119 έκτρίψῃ
3144 3043 3321 3120 γένος.

2243 3132 2305 3189 Ὀ
2336 3128 2384 3186 δ’
2412 3132 2476 3186 αὗ
2507 3130 2828 3201 σουλτάνος,
2862 3132 3131 3203 Μανουῆλ
3160 3131 3321 3207 γνοὺς
3345 3133 3436 3188 τὸν
3473 3132 3669 3209 μόρον.

1984 3179 2028 3247 ε
2246 3179 3145 3296 ea};gagg;;,;1;,"a;;:;
3174 3179 3481 3290 ἓιξξάᾷἑέςξ

2064 3312 2210 3366 5005
2248 3309 2348 3365 Καὶ
2376 3310 2438 3365 τὸ
2470 3311 2759 3366 Κοτυάειον
2788 3308 2918 3365 ἄστυ
2946 3313 3015 3385 τῇ
3050 3311 3225 3386 μάχῃ⁶

2242 3400 2528 3473 Ῥωμαϊκὰ
2553 3397 2611 3455 δὲ
2634 3399 2723 3455 καὶ
2754 3402 3027 3476 πρόσοικα
3055 3399 3239 3475 χωρία

2245 3487 2484 3545 ῙΙλεῖστα
2513 3491 2890 3563 παρεστήσατο
2918 3494 2997 3561 τῷ
3032 3488 3219 3564 μάχης
3249 3488 3427 3561 νόμῳ.

2242 3580 2523 3653 Ἐπασχον
2556 3578 2667 3652 ούχ
2696 3578 2862 3647 ἧττον
2895 3575 2953 3633 δὲ
2982 3575 3425 3654 δυστυχεστάτως

2247 3666 2490 3724 Ἀσιαναὶ
2520 3666 2706 3739 κῶμαί
2730 3687 2789 3722 τε
2813 3668 2903 3722 καὶ
2934 3664 3142 3722 πολλαὶ
3171 3664 3385 3735 πόλεις,

314 3392 561 3466 insuper
592 3400 779 3451 terras
810 3397 1208 3451 Romanorum
1243 3396 1538 3467 proximas

317 3484 603 3558 plurimas
632 3485 745 3539 sibi
777 3486 1093 3540 vindicavit
1122 3485 1370 3540 hellans.

315 3575 431 3631 Nec
460 3591 593 3630 vero
621 3575 843 3629 interea
876 3575 1075 3629 minus
1095 3574 1444 3629 laborabant

315 3680 419 3739 per
449 3664 646 3719 Asiam
681 3663 813 3734 pagi
848 3663 1053 3718 rustici
1088 3662 1401 3732 multaeque
1435 3663 1606 3717 urbes

316 3753 468 3811 civili
500 3752 788 3808 seditione
818 3768 951 3806 cum
987 3751 1164 3806 variis
1196 3752 1478 3807 caedibus.

317 3854 390 3907 At
419 3848 576 3907 enim
608 3848 855 3904 callidus
884 3848 1257 3904 Andronicus
1283 3849 1483 3904 volens

322 3938 626 3997 studiosus
660 3937 813 4010 regis
847 3955 912 3993 ac
946 3953 1251 4010 peramans
1281 3937 1485 4008 videri,

318 4046 353 4084 a
384 4027 715 4100 patriarcha
745 4044 877 4083 mox
908 4027 1173 4083 coronari
1195 4026 1378 4098 jussit

319 4117 734 4189 imperatorem
766 4121 1163 4172 Romanorum
1196 4115 1484 4184 Alexium,

321 4222 499 4277 quem
533 4204 658 4278 ipse
686 4205 941 4278 propriis
972 4204 1235 4261 humeris
1269 4210 1331 4259 ut
1353 4219 1545 4277 regem
1580 4204 1791 4260 extulit

317 4293 635 4351 sublimem
667 4294 727 4349 in
760 4299 1105 4366 suggestum
1127 4310 1261 4349 cum
1297 4294 1447 4349 {ictis
1483 4293 1759 4363 lacrymis
1792 4309 1805 4349 :

317 4383 704 4456 quamobrem
731 4382 904 4454 vulgo
936 4394 1022 4438 est
1054 4382 1313 4437 creditus
1349 4386 1510 4455 patre
1543 4382 1770 4451 melior,

1670 4383 1770 4451 ior,
2249 4389 2411 4451 Ὃθεν
2441 4387 2582 4441 τισὶν
2616 4383 2763 4459 ἔδοξε
2794 4389 2998 4464 πατρὸς
3034 4387 3291 4464 βελτίων,

318 4471 591 4543 regisque
620 4470 1007 4527 adolescentis
1038 4474 1319 4542 tanquam
1354 4475 1513 4527 tutor
1546 4488 1559 4528 :

1998 4529 2041 4548 ἢ
2253 4477 2350 4531 Καὶ
2382 4472 2639 4548 κηδεμὼν
2674 4476 2807 4530 εἶναί
2833 4498 2919 4539 τις
2946 4479 3176 4539 ἄνακτος
3207 4477 3349 4531 νέου·

320 4560 421 4617 sed
454 4560 610 4615 enim
643 4559 801 4615 hunc
834 4559 1075 4631 projecit
1105 4575 1239 4615 mox
1264 4560 1321 4614 in
1355 4560 1724 4625 barathrum,

1715 4602 1724 4624 ,
1996 4529 2043 4593 D
2250 4529 2422 4642 ut?“
2440 4529 2689 4619 ’δεὲάνδε
2717 4529 3336 4642 κατέρέαέεν’ὲιξ⁷χάέέ,

323 4653 386 4705 ut
416 4648 593 4705 David
626 4648 708 4704 ait
738 4648 956 4704 alicubi
988 4665 1084 4703 rex
1110 4648 1407 4705 fatidicus.

2068 4656 2211 4712 5020
2247 4657 2343 4715 ’Ὧς
2372 4674 2477 4709 που
2511 4651 2751 4727 μελῳδεῖ
2776 4648 2943 4709 Δαϐὶδ
2974 4656 3001 4710 ὁ
3035 4654 3405 4733 προφητάναξ,

318 4747 452 4802 Jam
485 4751 797 4818 postquam
829 4763 1033 4802 omnes
1065 4747 1310 4803 sustulit
1340 4763 1369 4802 e
1404 4746 1615 4815 medio,

2248 4741 2402 4801 Μετὰ
2428 4739 2486 4797 δὲ
2515 4742 2577 4797 τὸ
2607 4742 2917 4816 ξύμπαντας
2950 4742 3010 4799 ἐκ
3044 4742 3211 4817 μέσου
3242 4741 3454 4819 δρᾶσαι,

322 4840 518 4892 mente
547 4834 808 4908 agitabat
837 4835 1042 4891 sedula
1071 4836 1333 4907 quotidie

2249 4833 2337 4894 Ὧς
2372 4830 2637 4907 κυριεύων
2666 4838 2767 4901 τῆς
2799 4830 2939 4902 ὅλης
2961 4833 3299 4907 κραταρχίας

320 4941 437 4997 quo
468 4929 636 4997 pacto
666 4928 852 4981 totum
887 4930 1116 4997 raperet
1141 4925 1451 4997 imperium

2248 4922 2348 4976 Καὶ
2372 4918 2536 4991 τήνδε
2573 4921 2751 4982 καθὼς
2783 4919 2999 4976 έσκόπει
3034 4917 3314 4997 διεξάγων,

319 5030 544 5088 proque
574 5030 680 5070 suo
712 5019 843 5071 voto
874 5019 1101 5087 gereret
1132 5032 1198 5070 ac
1231 5015 1416 5070 libito.

2249 5007 2568 5064 Ἀναπολῶν
2602 5010 2667 5078 ἦν
2695 5010 2831 5064 κατὰ
2858 5013 2983 5065 νοῦν
3015 5010 3308 5085 ὁσημέραι,

321 5107 385 5161 In
420 5103 624 5175 primis
654 5103 857 5176 igitur,
886 5120 917 5158 ο
950 5104 1136 5159 diram
1184 5104 1533 5159 sententiam
1563 5119 1576 5157 :

2068 3767 2210 3822 5010
2250 3766 2336 3836 Ἐξ
2368 3765 2639 3844 ἐμφυλίου
2671 3768 2904 3829 στάσεως
2937 3761 3314 3845 φθισιϐρότου·

2249 3851 2454 3917 Εὔνους
2490 3854 2705 3931 βασιλεῖ
2733 3856 2821 3910 καὶ
2854 3853 3221 3931 φιλόστοργος
3250 3852 3423 3918 θέλων

2249 3948 2435 3998 Δοκεῖν
2467 3947 2773 4019 πανοῦργος
2804 3941 3153 4019 Ἀνδρόνικος
3184 3944 3501 4020 τυγχάνειν,

2248 4032 2410 4107 Χερσί
2438 4034 2728 4111 στεφθῆναι
2759 4034 3025 4107 ποιμένος
3055 4029 3271 4087 σπεύδει
3301 4032 3446 4108 τάχα

2247 4122 2354 4179 Τὸν
2385 4120 2626 4195 Ἀλέξιον
2660 4120 3013 4198 αὐτοκράτορ’
3037 4120 3312 4190 Αύσόνων,

2072 4214 2215 4270 5015
2249 4212 2455 4269 Ὀντιν⁹
2484 4210 2568 4266 ἐπ’
2598 4207 2766 4285 ὤμων
2800 4212 2875 4273 ὡς
2907 4208 3108 4266 ἄνακτα
3142 4210 3411 4287 βαστάσας

2252 4300 2368 4355 Ἐπ’
2400 4294 2717 4373 ὀκρίϐαντος
2750 4298 2933 4375 ἀνάγει
2959 4297 3302 4375 δακρυχέων⁸

2069 5109 2214 5164 5025
2252 5107 2350 5161 Καὶ
2380 5111 2571 5179 πρῶτα
2604 5107 2723 5179 μὶν,
2757 5111 2854 5185 φεῦ
2882 5109 2980 5177 τῆς
3011 5107 3379 5181 ἀπανθρώπου
3418 5101 3575 5177 δίκης
3605 5107 3617 5163 l

2249 5194 2433 5269 Μόραν
2460 5197 2840 5271 κατακέκρικεν
2873 5193 3059 5250 ἄδικον
3098 5196 3239 5250 πάνυ

2252 5286 2368 5354 Τῆς
2398 5284 2726 5359 βασιλίσσης
2753 5282 2927 5347 αἰτίας
2957 5282 3293 5351 ἀναπλάσας,

2247 5376 2352 5429 Ἠν
2382 5373 2677 5448 ἀπαγαγὼν
2708 5380 2984 5447 πνιγμονῆ
3018 5378 3187 5447 πικρᾷ
3223 5373 3365 5447 βίου,

2255 5468 2366 5531 Σῆς
2396 5461 2630 5536 ἀνοχῆς,
2667 5459 3013 5537 εύσπλαγχνε
3042 5463 3235 5538 Χριστέ
3268 5483 3374 5534 μου
3409 5461 3583 5538 Λόγεί

2073 5552 2217 5609 5030
2254 5549 2485 5623 Ψάμμῳ
2512 5544 2781 5622 κρυϐῆναι
2807 5547 2973 5619 τῆσδε
3000 5550 3192 5625 νεκρὸν
3224 5550 3432 5622 ἀτίμως

2252 5639 2471 5701 Ἀκταῖς
2500 5635 2711 5693 κελεύει
2737 5644 2837 5708 τῆς
2864 5638 3139 5709 Θαλάσσης
3177 5639 3254 5702 ὡς
3281 5637 3448 5713 τύχοι

320 5197 508 5248 morte
538 5193 801 5265 reginam
837 5194 1081 5247 damnat
1111 5192 1503 5262 injustissima

317 5281 670 5337 criminibus
702 5280 989 5350 conﬁctis,
1022 5297 1272 5351 eamque
1295 5280 1502 5352 laqueo

319 5370 540 5425 crudeli
575 5371 943 5434 sulfocatam,
968 5370 1085 5423 vita
1116 5367 1327 5439 spoliat
1360 5385 1373 5423 :

319 5463 515 5530 atque,
544 5476 576 5513 ο
611 5459 975 5530 patientiam,
1008 5457 1236 5512 Christe
1268 5458 1416 5512 bone
1450 5459 1647 5515 tuam!

322 5564 498 5604 arena
515 5548 686 5619 jubet
715 5548 879 5601 obrui
914 5546 1156 5601 cadaver

317 5635 549 5691 marino
580 5636 873 5706 abjectum
909 5633 1101 5690 littore
1123 5636 1250 5690 sine
1278 5635 1518 5694 honore.
