4104 6204
310 247 430 303 193

514 365 744 432 Σπουδῆ
777 362 824 421 δ’
854 361 1042 420 ἔπειτα
1072 363 1333 443 φρατρίας
1366 362 1745 440 Ἀνδρονίκου,

512 451 952 530 Συμϐασιλεύειν
984 450 1331 527 Ἀνδρόνικος
1361 452 1667 528 προύκρίθη

511 548 641 620 Νέῳ
675 540 895 621 βασιλεῖ
926 542 1018 597 καὶ
1049 542 1252 618 κρέίτος
1280 539 1582 599 συνδέπειν.

316 640 472 696 5035
513 637 611 691 Καὶ
646 627 976 689 καταλαϐὼν
1000 632 1091 687 τὸν
1123 635 1257 686 Θεοῦ
1291 630 1455 705 μέγαν
1485 629 1655 704 δόμον

514 725 611 781 Καὶ
641 722 980 793 ταινιωθεὶς,
1011 722 1087 784 ὡς
1120 718 1238 783 ἔθος
1272 721 1659 797 στεωηφόροις,

513 818 710 889 Ἄρτον
736 810 934 881 δεῆσαν
967 809 1217 886 οὐράνιον
1250 805 1538 883 λαμϐάνει*

514 906 615 963 Καὶ
647 902 790 959 κατά
818 904 1059 980 φρικτῶν
1084 899 1274 974 ὀμνύει
1311 898 1626 976 μυστηρίων

516 997 588 1050 Ἥ
624 993 735 1066 μὴν
769 988 1025 1070 φυλάξειν
1051 990 1130 1062 τῷ
1157 990 1261 1062 νέῳ
1291 984 1622 1067 στεφηφόρῳ

328 1086 480 1142 5040
515 1081 706 1137 Βίστιν
739 1078 1032 1155 ἀκραιφνῆ,
1064 1076 1156 1131 καὶ
1187 1080 1373 1150 νεμεῖν
1405 1073 1567 1131 τοῦδε
1597 1074 1781 1151 κράτει

516 1171 615 1239 τὴν
650 1166 886 1237 δυνατήν
917 1166 1195 1240 σύναρσιν,
1228 1165 1303 1227 ὡς
1332 1166 1513 1238 πατὴρ
1545 1162 1729 1239 φίλος.

521 1257 673 1316 Ἐπεὶ
704 1254 755 1311 δ’
782 1250 890 1310 ἔσω
914 1254 1127 1329 γένοιτο
1153 1258 1263 1309 τῶν
1293 1253 1604 1328 ἀνακτόρων

519 1343 929 1422 ’Λναγορευθεὶς
963 1342 1219 1420 βασιλεὺς
1250 1342 1603 1419 αὐτοκράτωρ

520 1438 797 1511 Ἔφορκος
830 1429 1175 1507 Ἀνδρόνικος
1210 1429 1449 1505 αἱμύλος
1479 1430 1657 1506 φύσει,

336 1528 486 1584 5045
521 1525 765 1596 Μνήμην
798 1518 976 1600 φέρων
1008 1520 1235 1577 ἔναυλον
1260 1521 1462 1597 ὁρκίων
1490 1518 1595 1592 ἔτι,

523 1615 612 1674 Ὠς
642 1613 746 1686 θὴρ
776 1611 995 1688 ἐφορμᾷ
1019 1615 1101 1683 τῷ
1129 1611 1233 1682 νὲφ
1265 1610 1616 1688 στεφηφόρφ,

524 1702 631 1758 Καὶ
659 1698 808 1755 τόνδ’
838 1698 1183 1769 ἐθοινησατο,
1210 1702 1309 1775 φεῦ
1341 1697 1562 1775 οἰκτροῦ
1591 1697 1797 1763 πάθους
1835 1700 1849 1756 ί

526 1790 702 1863 Τόξου
730 1789 836 1865 γάρ
866 1787 1026 1842 αὐτὸν
1054 1790 1327 1863 πνιγμονῆ
1348 1790 1540 1861 νευρᾶς
1567 1785 1782 1863 νύκτωρ

526 1878 658 1937 Βίου
688 1877 955 1954 παρόντος
985 1873 1267 1951 δυστυχῶς
1298 1875 1575 1952 ὑπεζάγεί,

347 1972 491 2028 5050
529 1967 997 2025 Ἐπεισπεσόντων
1023 1961 1166 2033 τῷδέ
1189 1985 1353 2021 τινων
1386 1963 1608 2029 ἀδίκως.

528 2058 627 2115 Καὶ
663 2057 824 2130 σῶμα
859 2056 953 2130 μὶν
984 2052 1173 2110 δίδωσι
1208 2053 1483 2127 θαλάττης
1514 2056 1689 2131 βάθει,

527 2147 641 2215 Τὴν
674 2143 722 2200 δ’
756 2142 819 2200 αῦ
848 2142 1092 2223 κεφαλὴν
1127 2145 1383 2219 σώματος
1413 2145 1763 2217 τετμημένην

532 2237 618 2293 Ἐν
650 2229 987 2311 παραϐύστῳ
1017 2233 1394 2303 καταποντίζει
1426 2235 1543 2307 (62)
1572 2229 1749 2307 τόπῳ.

529 2324 715 2387 Οὕτως
751 2324 1009 2394 Ἀλεξίου
1041 2320 1099 2378 δέ
1124 2322 1382 2385 λιπόντος
1419 2323 1534 2398 βίον

351 2417 499 2471 5055
535 2408 880 2490 ’Δνδρόνικος
926 2413 1207 2488 μόναρχος
1237 2407 1395 2490 ὤφθη
1426 2416 1527 2467 τοῦ
1557 2411 1807 2487 κρὸίτους,

535 2501 737 2564 Πολιὸς
770 2501 927 2576 ἀνὴρ,
961 2500 1207 2579 ἀποφρὰς
1236 2506 1415 2556 κακῶν
1446 2500 1664 2577 ῥέκτης,

535 2590 772 2664 Ἀνδρῶν
807 2590 1015 2668 έριννῦς
1040 2591 1130 2646 καὶ
1161 2588 1494 2669 φιλαίματος
1523 2590 1721 2664 κύων,Ῠ

535 2683 755 2756 Δράκων
790 2678 1073 2759 δαφοινὸς,
1099 2680 1361 2756 σκορπίος
1394 2680 1773 2755 βροτοκτόνος,

536 2770 709 2826 Κακόν
740 2792 793 2827 τι
822 2770 1134 2847 τερμέριον,
1163 2764 1300 2841 ᾅδης
1328 2768 1645 2845 παμφάγος,

354 2862 500 2917 5060
542 2859 677 2934 Στὺξ
712 2864 1009 2936 συμφορῶν
1037 2857 1281 2934 γέμουσα
1311 2856 1584 2934 δακρύων,
1621 2858 1788 2935 γόων,

538 2949 729 3021 Φέναξ,
764 2944 1021 3021 σοϐαρὸς,
1048 2948 1339 3024 ἀγέρωχος
1366 2946 1458 3002 τὸν
1489 2944 1713 3023 τρόπον,

536 3038 835 3108 ’Ᾱπατεὼν,
864 3038 1009 3111 θὼψ,
1038 3034 1315 3109 ποικίλος,
1346 3033 1697 3111 χαμαιλέων,

532 3128 653 3183 Τῶν
685 3132 807 3190 καθ’
836 3124 1026 3181 ἑαυτὸν
1066 3121 1437 3201 ὀργιλώτατος
1466 3124 1665 3200 γέρων,

537 3216 643 3272 Καὶ
680 3216 981 3294 μισοιραὴς,
1016 3212 1287 3289 δυσμενής
1324 3213 1615 3287 ὑπηκόοις,

360 3308 503 3363 δοες)
539 3308 753 3379 Δήμιοθ
785 3302 994 3381 ἀνδρῶν
1030 3302 1256 3379 εὐγενῶν
1288 3301 1576 3380 ἀριστέων,

546 3394 649 3450 Καὶ
686 3391 968 3469 βασιλείου
996 3397 1095 3448 τοῦ
1119 3394 1313 3469 γένους
1342 3390 1631 3467 ἀναιρέτης

542 3485 637 3545 ’ος
668 3478 1004 3557 παραλαϐὼν
1035 3484 1135 3551 τήν
1176 3481 1320 3537 ὅλων
1353 3480 1681 3557 αὐταρχίαν,

541 3576 771 3646 Μνηστῇ
803 3572 1048 3650 συνήφθη
1082 3570 1219 3645 πρὸς
1244 3569 1456 3646 γάμους
1479 3569 1728 3640 Ἀλεξίου

550 3663 682 3716 Δίαν
714 3661 965 3735 ἆθέσμως
996 3658 1330 3738 φιλόπορνος
1356 3665 1429 3713 ῶν
1462 3660 1654 3736 γέρων.

366 3753 511 3808 5070
548 3749 873 3824 Ἐκλιπαρεῖ
903 3747 961 3805 δὲ
989 3750 1335 3825 πατριάρχην
1364 3748 1631 3821 ποιμένας

544 3842 656 3897 Τοῦ
686 3838 827 3915 πρὸς
854 3837 1125 3907 Μανουήλ
1158 3838 1345 3912 ὁρκίου
1378 3832 1569 3892 λαϐεῖν
1600 3836 1774 3894 λύσιν·

542 3928 609 3985 Οἱ
641 3924 688 3983 δ’
718 3928 794 3990 ὡς
822 3927 891 3982 τά
919 3928 1089 3982 πάντα
1126 3927 1263 4002 πρὸς
1295 3928 1458 4002 χάριν
1490 3926 1576 3981 καὶ
1614 3924 1798 4004 φιλίαν

542 4022 766 4090 Δεσμεῖν
796 4037 854 4071 τε
886 4014 1034 4071 λύειν
1063 4017 1198 4094 πρὸς
1230 4019 1365 4070 Θεοῦ
1406 4012 1742 4090 δεδεγμένοι,

541 4111 600 4160 Ἀ
611 4104 879 4179 μνηστίαν
911 4103 1130 4178 ἔνειμαν
1158 4102 1558 4178 ἡνομημένων,

361 4196 506 4253 5075
544 4196 640 4250 Καὶ
674 4194 831 4249 λύσιν
862 4194 1037 4269 ὅρκων
1072 4191 1353 4250 δυσλύτων
1384 4197 1465 4265 τῷ
1493 4191 1782 4265 πεμπέλῳ·

544 4284 649 4341 Καὶ
676 4283 883 4359 φαῦλον
918 4282 1082 4358 ἔσχον
1115 4281 1455 4357 ἀντιμισθίαν
1488 4281 1672 4358 γέρας,

546 4377 697 4451 Σφᾶς
730 4369 1084 4446 συνεδρεύειν,
1118 4370 1162 4426 εἷ
1192 4371 1379 4448 τύχοι,
1410 4368 1730 4444 καθημένῳ.

548 4462 759 4520 Τούτου
789 4463 1247 4535 τυραννήσαντος,
1278 4463 1353 4526 ὡς
1382 4460 1480 4540 ἔφη
1516 4458 1702 4538 λόγος,

547 4553 944 4606 ’Λποστατοῦσι
976 4555 1075 4606 τοῦ
1105 4552 1337 4627 κράτους
1365 4554 1474 4605 τῶν
1506 4549 1782 4620 Αὐσόνων,

365 4643 514 4698 5080
551 4638 734 4697 Εῗκειν
764 4638 1011 4713 τυράννῳ
1046 4641 1121 4713 μὴ
1156 4637 1409 4703 θέλουσαι
1442 4639 1575 4715 πρὸς
1603 4637 1749 4715 βίαν,

550 4730 771 4805 Προῦσά
798 4749 856 4783 τε
884 4728 975 4783 καὶ
1006 4726 1201 4782 Νίκαια
1234 4729 1473 4784 Βιθυνῶν
1506 4724 1717 4788 πόλεις.

552 4818 817 4894 Στρατιᾶω
853 4816 1044 4873 οὐκοῦν
1071 4812 1422 4892 Ἀνδρόνικος
1453 4814 1702 4888 ὁπλίσας,

554 4906 698 4964 Εὖθὺ
726 4906 957 4970 Νικαίας
984 4903 1121 4961 ἵεται
1153 4907 1334 4979 θυμοῦ
1363 4903 1557 4977 πνέων,

560 4996 655 5052 Καὶ
688 4993 842 5067 τήνδ’
869 4994 1012 5051 ἑλεῖν
1044 4992 1269 5051 ἔσπευδε
1295 4991 1678 5069 τειχομακίαις

365 5087 517 5143 5085
553 5086 655 5140 Καὶ
690 5088 969 5160 μηχαναῖς
996 5103 1056 5159 γε
1083 5081 1176 5139 καὶ
1212 5081 1417 5159 μάχαις
1447 5078 1842 5157 πολυτρόποις.

556 5170 729 5231 Οὐδὲν
761 5172 935 5229 πλέον
970 5169 1017 5227 δ’
1046 5169 1206 5242 ἤνυεν
1239 5172 1393 5236 ἱστὰς
1419 5171 1518 5241 τὴν
1555 5171 1768 5246 μάχην,

554 5260 715 5320 Ἀλλ’
742 5262 810 5331 ἦν
841 5261 1031 5331 ἀσινὴς
1060 5261 1339 5324 ἆτίνακτος
1367 5263 1402 5330 ἡ
1432 5258 1617 5333 πόλις,

555 5355 693 5415 Ταῖς
729 5355 1007 5426 μηχαναῖς
1033 5370 1093 5405 τε
1119 5351 1211 5405 καὶ
1238 5345 1415 5405 ϐελῶν
1443 5355 1564 5413 ταῖς
1587 5347 1828 5427 νιφάσιν.

412 5569 531 5644 (62)
560 5566 702 5639 Cod,
730 5570 1131 5636 κατακοντιζει.

1858 242 2216 299 ΟΕΒΔΒΒΒ.

2018 375 2066 441 Β
2095 374 2225 427 Mox
2256 373 2574 443 conjurataa
2607 391 2730 431 suae
2759 373 3028 430 factionis
3062 374 3259 430 studio

2098 461 2295 517 socius
2327 462 2560 534 imperii
2593 464 2970 519 Andronicus
3002 463 3245 533 dicitur,

2099 552 2163 603 ut
2183 550 2399 621 juvene
2430 568 2563 607 cum
2597 568 2729 625 rege
2760 569 2883 608 rem
2919 568 3215 607 summam
3248 556 3495 624 gereret.

2097 635 2282 708 Igitur
2310 640 2693 711 progrediens
2724 640 2781 695 in
2814 640 3100 711 templum
3140 639 3488 707 maximum,

2097 741 2257 783 more
2284 727 2554 797 solemni,
2590 728 2923 785 redimittur
2943 731 3278 798 stemmate,

2097 820 2273 887 atque
2296 816 2515 874 cmlesti
2550 818 2658 874 rite
2688 834 2838 890 pane
2868 817 3127 874 vescitur

2096 903 2298 976 ibique
2331 906 2723 961 formidandis
2756 907 2814 961 in
2847 906 3145 978 mysteriis

2094 993 2258 1064 jurat
2288 1009 2350 1049 se
2385 994 2561 1050 fidem
2594 995 2951 1051 adolescenti
2984 995 3102 1065 regi

2100 1081 2408 1139 immotam
2443 1088 2838 1151 servaturum,
2873 1084 3123 1155 ejusque
3153 1082 3401 1156 imperio

2101 1187 2205 1242 pro
2235 1171 2457 1227 viribus
2491 1172 2789 1228 fauturum
2823 1176 2888 1227 ut
2918 1176 3146 1244 patrem
3180 1172 3367 1227 decet.

2102 1258 2319 1315 Deinde
2349 1260 2578 1332 regium
2609 1260 2924 1333 ingressus
2955 1260 3243 1333 palatium

2103 1348 2579 1421 acclamatusque
2609 1365 2707 1405 rex
2735 1355 2793 1405 et
2818 1349 3142 1421 imperator

2102 1437 2344 1510 perﬁdis
2375 1438 2747 1495 Andronicus
2782 1438 3087 1494 blanditiis
3116 1454 3284 1505 usus,
3362 1460 3365 1461 ν

2103 1532 2393 1582 recentem
2426 1527 2780 1583 sacramenti
2813 1528 3159 1583 memoriam
3192 1542 3426 1599 gerens,

2102 1614 2261 1671 illico
2293 1631 2487 1688 regem
2512 1616 2790 1687 juvenem
2822 1616 3180 1688 aggreditur,

2103 1721 2357 1777 eumque
2384 1710 2620 1774 mactat,
2654 1705 2797 1776 proh
2830 1705 3080 1777 lugubre
3107 1705 3372 1760 facinus!

2108 1794 2336 1851 Etenim
2368 1810 2539 1850 arcus
2572 1809 2747 1850 nervo
2779 1798 2954 1849 noctu
2988 1792 3343 1865 strangulat,

2107 1883 2312 1955 sicque
2343 1883 2637 1939 infelicem
2668 1883 2800 1938 vitm
2834 1881 3086 1955 imponit
3103 1882 3305 1950 ﬁnem,

2110 1989 2254 2028 usus
2287 1972 2358 2028 ad
2391 1972 2449 2028 id
2482 1972 2875 2043 quorumdam
2909 1971 3114 2042 iniquo
3145 1969 3357 2025 ofﬁcio.

2110 2061 2180 2116 Et
2212 2077 2429 2133 corpus
2454 2060 2693 2133 quidem
2726 2061 2940 2132 mergit
2969 2058 3261 2131 profundo
3294 2058 3467 2128 mari,

2109 2150 2383 2206 avulsum
2416 2154 2612 2207 autem
2642 2150 2965 2206 cervicibus
2991 2153 3169 2221 caput

2112 2244 2336 2296 secreto
2368 2239 2493 2296 loco
2525 2240 2931 2311 sepeliendum
2964 2244 3151 2294 curat.

2114 2328 2211 2384 Sic
2242 2346 2379 2402 ergo
2410 2329 2609 2385 Alexio
2640 2330 2948 2385 deserente
2979 2328 3181 2396 vitam,

2114 2418 2280 2474 solus
2312 2418 2625 2492 imperium
2658 2418 2851 2474 tenuit
2869 2416 3259 2486 Andronicus,

2112 2506 2200 2563 vir
2228 2524 2433 2578 canus,
2465 2508 2849 2563 detestandus
2880 2511 2939 2561 et
2961 2504 3287 2570 maleficus,

2113 2596 2328 2653 civium
2363 2596 2634 2669 Erinnys,
2666 2596 2925 2667 caedique
2955 2592 3242 2651 anhelans
3272 2591 3455 2657 canis,

2112 2686 2288 2742 draco
2319 2690 2620 2753 cruentus,
2654 2683 3042 2756 scorpiusque
3070 2683 3328 2748 lethifer,

2113 2774 2473 2831 horrendum
2504 2778 2861 2843 monstrum,
2885 2789 3057 2829 orcus
3088 2770 3468 2837 insatiabilis,

2112 2868 2250 2935 Styx
2283 2863 2456 2936 plena
2486 2863 2763 2934 miseriis,
2796 2862 3144 2935 gemitibus,
3174 2858 3472 2930 lacrymis,

2114 2951 2378 3021 dolosus,
2411 2952 2682 3019 tetricus,
2718 2952 2984 3007 moribus
3013 2948 3309 3020 superbis,

2111 3041 2403 3113 deceptor,
2436 3043 2791 3108 assentator,
2820 3036 3165 3109 versipellis,
3199 3035 3420 3101 varius,

2032 3114 2076 3182 C
2114 3145 2291 3185 senex
2321 3144 2562 3184 suorum
2595 3132 2928 3199 temporum
2963 3123 3418 3190 furiosissimus,

2116 3209 2436 3282 lucifugus,
2468 3212 2527 3265 et
2554 3207 2614 3263 in
2646 3206 2919 3263 subditos
2950 3205 3039 3261 ira
3068 3204 3299 3277 plenus,

2119 3303 2388 3356 natorum
2418 3297 2546 3355 loco
2577 3295 2759 3352 nobili
2791 3296 3050 3350 virorum
3088 3292 3371 3359 carnifex,

2120 3387 2374 3461 denique
2404 3387 2575 3459 regia:
2608 3385 2929 3443 exstinctor
2959 3382 3268 3456 prosapiae.

2120 3476 2229 3544 Qui
2262 3493 2498 3533 summo
2528 3492 2723 3531 rerum
2758 3477 3040 3545 occupato
3073 3469 3320 3542 imperio

2118 3565 2302 3622 Alexii
2334 3582 2614 3638 sponsam
2647 3563 2758 3620 sibi
2789 3562 3015 3635 nuptiis
3039 3561 3260 3632 junxit,

2123 3655 2342 3714 scelere
2372 3654 2686 3712 manifesto
2718 3656 3006 3709 scortator
3035 3666 3232 3706 senex.

2121 3745 2273 3809 Quin
2307 3743 2666 3800 sacramenti
2700 3741 2951 3799 Manueli
2985 3739 3231 3813 praestiti

2124 3851 2158 3889 a
2189 3832 2522 3906 patriarcha
2553 3830 2719 3903 petiit
2748 3835 2922 3901 atquc
2954 3826 3246 3901 episcOpis

2123 3919 2553 3977 absolutionem
2591 3935 2602 3972 :
2639 3917 2738 3989 qui
2773 3915 3088 3972 servientes
3118 3912 3318 3985 gratia:

2125 4027 2228 4082 pro
2262 4025 2369 4065 suo
2399 4005 2623 4079 ligandi
2654 4004 3035 4076 solvendique
3066 4001 3307 4058 arbitrio

2126 4098 2412 4155 divinitus
2442 4112 2742 4164 concesso,
2776 4094 3063 4149 dederunt
3092 4090 3345 4158 veniam,

2128 4193 2250 4245 tam
2281 4185 2445 4259 gravi
2478 4192 2848 4242 sacramento
2879 4181 3171 4238 solventes
3202 4194 3400 4235 senem
3435 4195 3448 4233 :

2133 4277 2565 4347 ridiculumque
2597 4274 2926 4330 retulerunt
2956 4270 3285 4345 praemium,

2128 4383 2339 4437 nempe
2369 4371 2435 4421 ut
2463 4382 2598 4422 cum
2632 4363 2762 4435 ipso
2790 4362 3084 4418 interdum
3118 4358 3512 4415 considerent.

2050 4478 2096 4544 Β
2128 4455 2246 4511 Hoc
2275 4458 2600 4520 exercente,
2632 4457 2697 4508 ut
2727 4451 3006 4518 diximus,
3035 4446 3428 4521 tyrannidem,

2130 4561 2165 4599 a
2192 4547 2592 4599 Romanorum
2624 4541 2885 4596 defecere
2914 4535 3186 4608 imperio,

2131 4636 2432 4705 propterea
2464 4630 2619 4702 quod
2652 4634 2900 4701 tyranno
2936 4641 3139 4698 parere
3172 4622 3415 4690 nollent,

2130 4722 2307 4777 urbes
2339 4719 2623 4793 Bythiniae
2657 4718 2839 4773 Prusa
2868 4720 2924 4771 et
2950 4714 3163 4770 Nicaea.

2131 4810 2318 4881 Igitur
2348 4807 2719 4864 Andronicus
2751 4806 3039 4862 instructo
3072 4801 3325 4859 exercitu

2133 4899 2333 4954 statim
2364 4897 2613 4952 Nicream
2648 4896 2834 4968 pergit
2862 4895 3007 4951 iram
3040 4893 3296 4964 spirans,

2136 5003 2314 5060 quam
2356 4987 2654 5042 nitebatur
2683 5000 2885 5057 capere
2918 4983 3128 5038 mmnia
3160 4979 3461 5054 quatiens,

2136 5081 2195 5131 et
2226 5073 2517 5131 machinis
2548 5078 2604 5129 et
2636 5074 2794 5128 vario
2827 5087 3034 5144 pugnae
3067 5085 3296 5142 genere.

2132 5165 2249 5221 Nec
2278 5169 2477 5221 tamen
2511 5163 2657 5219 bene
2688 5161 2878 5219 evenit
2908 5158 3268 5233 oppugnatio

2136 5255 2239 5311 sed
2271 5253 2444 5310 firma
2473 5252 2614 5308 urbs
2646 5251 2947 5324 perstabat
2974 5256 3147 5321 atque
3177 5244 3491 5301 incolumis

2138 5342 2445 5400 machinas
2474 5345 2678 5398 contra
2708 5340 3078 5411 telorumque
3110 5334 3364 5392 nimbos.

3632 249 3738 303 194
