4004 6200
67 43 293 119 F

218 303 333 361 197

412 420 767 494 Καλούμενος
800 416 1070 500 Στέφανος
1099 418 1232 491 ἐξέτι
1262 419 1404 488 νέου,

416 516 529 580 Τῆς
559 505 765 585 ὕϐρεως
799 509 1059 583 στέφανος
1091 508 1358 587 αἰσχύνης
1390 510 1523 583 ἅμα,

217 605 377 662 5150
418 600 743 673 Ἐπώνυμον
782 595 827 652 δ’
860 597 1441 679 ἆγιοχριστοφορίτης,

406 693 480 748 Ἦ
515 688 730 765 μᾶλλον
765 688 938 749 εἰπεῖν
971 687 1547 769 ἀντιχριστοιρορίτης.

411 779 601 854 Τούτῳ
636 776 893 853 βασιλεὺς
926 776 1139 855 ὀργάνῳ
1168 780 1512 853 κεχρημένος

415 869 721 931 Πλείστους
751 866 964 943 ἀνῄρει,
997 863 1303 941 κατέλευεν,
1340 867 1539 944 ᾐδίκει·

422 961 502 1015 Δι’
534 960 597 1013 οὗ
629 980 693 1034 γε
721 956 1040 1013 κατέλευσεν
1071 954 1242 1032 ἀδίκῳ
1275 959 1469 1037 κρίσει,

225 1063 368 1119 5155
408 1060 511 1117 Καὶ
547 1057 755 1114 Δούκαν
787 1054 1139 1131 Ἀνδρόνικον
1172 1058 1263 1114 σὺν
1301 1056 1686 1136 Μακροδοῦκς,

408 1145 650 1225 Ἀνδρας
678 1147 953 1221 ἀρίστους,
988 1147 1221 1223 εὐγενεῖς
1256 1146 1637 1225 στρατηγὲτας⁹

403 1243 623 1316 Τειχῶν
658 1238 763 1314 γὰρ
797 1236 948 1299 ἐκτὸς
980 1235 1036 1292 EA
1072 1236 1375 1313 βασιλείοις
1409 1236 1603 1312 δόμοις

413 1332 683 1393 ΙἈνιιιιιτος
714 1323 869 1393 ὄντος
897 1326 1159 1401 Μαγκάνῃ
1184 1325 1569 1402 κεκλημένοις,

416 1422 634 1495 Ὁρμῆς
707 1415 1099 1492 τε,πλείστης
1174 1415 1484 1494 συνδρομῆς
1560 1419 1763 1482 παντὸς
1813 1417 1901 1493 γὲ-

1685 1511 1829 1582 [νους

246 1601 382 1658 5160
420 1599 635 1656 Ἐκεῖσε
661 1598 1045 1674 προστάγματι
1079 1596 1567 1673 συνηθροισμένοι),

425 1687 707 1765 Ἐξάγεται
739 1684 805 1756 δὴ
835 1690 944 1742 τῶν
977 1685 1091 1743 ἐκεῖ
1119 1707 1223 1743 που
1258 1684 1527 1760 δωμάτων

417 1775 666 1852 Ἀνδρῶν
699 1774 961 1852 λεχθεῖσα
993 1774 1121 1842 δυὰς
1149 1777 1226 1841 ὡς
1254 1778 1584 1851 θανουμένη,

420 1867 522 1925 Kal
555 1867 704 1943 παρὰ
732 1864 949 1924 πάντων
985 1865 1415 1932 λιθολευστεῐται
1445 1870 1645 1943 τάχος,

417 1958 686 2035 Στεφάνον
711 1957 1082 2032 κατάρχοντος
1114 1956 1324 2031 ἀνόμου
1352 1957 1543 2032 φόνου,

252 2059 382 2114 5165
420 2056 527 2114 Καὶ
565 2054 733 2112 πάντα
760 2054 1127 2132 θαρρύνοντος
1158 2055 1234 2119 εἷς
1267 2058 1616 2133 φονουργίαν.

420 2148 555 2203 Εἶτα
584 2146 804 2222 νεκροὺς
835 2150 1006 2223 σφῶν,
1038 2144 1083 2202 ὥ
1111 2146 1497 2224 μισανθρώπου
1528 2148 1735 2223 τρόπου

423 2236 634 2297 Ξόλοις
664 2234 998 2311 ἀπδώρησαν
1030 2235 1219 2299 ἄστεος
1250 2238 1437 2314 πίραν,

422 2324 664 2383 Τοιοῖσδ¹
692 2326 1042 2401 ἕνησμὲνιζεν
1075 2326 1260 2404 ἔργοις
1290 2328 1516 2393 ἀτόποις

428 2422 647 2479 Ποιναῖς
680 2414 1090 2492 ἀπανθρώπως,
1117 2418 1376 2494 πράξεσιν
1402 2416 1672 2495 δσημὲραι

259 2508 388 2562 5170
426 2506 532 2563 Καὶ
560 2507 884 2580 θανασίμοις
909 2528 969 2563 τε
995 2506 1087 2562 καὶ
1118 2509 1437 2583 πυγητὲαις

429 2596 745 2671 Φονουργὸς
762 2594 1129 2670 Ἀνδρόνικος,
1160 2599 1197 2667 ἡ
1229 2596 1411 2674 φαύλη
1444 2596 1603 2675 φύσις

430 2684 641 2743 Τούτου
669 2690 998 2761 κρατοῦντος
1028 2685 1399 2759 Θεσσαλονίκη
1430 2688 1620 2761 πόλις,

428 2774 603 2836 Πόλις
628 2776 971 2851 περιῶνυμος
993 2776 1188 2854 ἀρίστη
1216 2777 1379 2842 κλίος

431 2861 718 2940 Πρόεδρος
744 2867 871 2921 οὖσα
902 2866 1249 2923 Θετταλικῶν
1278 2869 1481 2925 ἀστέων

264 2956 397 3013 51Ἷ5
436 2958 551 3009 Φεῦ
578 2958 679 3032 φεῦ
706 2956 721 3010 .'
747 2954 892 3011 ἑάλω
922 2957 1225 3013 Σικελικῶν
1245 2957 1547 3034 ὁμαιχμίᾳ,

432 3046 531 3103 Καὶ
571 3040 892 3122 βαρϐαρικῷ
917 3046 1304 3120 κατεδουλώθη
1335 3050 1540 3125 κράτειυ

438 3134 683 3206 ’Δλὸειος
712 3138 815 3213 γὰρ
842 3137 903 3194 ἐκ
932 3140 1239 3212 Κομνηνῶν
1265 3160 1349 3201 τις
1377 3140 1569 3214 γάνους

438 3227 705 3289 Κάκιστὸς
728 3226 868 3303 ἀνὴρ
897 3228 990 3283 καὶ
1018 3227 1248 3309 φθορεὺς
1279 3227 1587 3303 Ῥωμαΐδος

432 3320 547 3391 Παρ
580 3313 937 3393 Ἀνδρονίκου
960 3315 1310 3395 φυγαδευθεὶς
1344 3319 1422 3384 είς
1451 3318 1686 3394 Σκύθας,

263 3412 394 3469 5180
430 3415 613 3489 Φυγας
641 3412 858 3489 ἀπαίρει
889 3415 1026 3491 πρὸς
1060 3413 1311 3473 Σικελίαν
1342 3418 1580 3494 τρέχων,

433 3502 533 3559 Kal
563 3508 646 3576 τῷ
669 3504 1053 3580 τυραννεύοντι
1079 3504 1247 3577 τῆσδε
1267 3508 1399 3563 Λατί
1417 3528 1484 3581 up

434 3594 527 3657 Εἷς
556 3589 681 3667 ὄψιν
714 3593 891 3659 ἰλθὼν
924 3595 1000 3658 είς
1031 3594 1261 3669 ὁμιλίαν
1292 3596 1475 3674 λόγων

432 3683 519 3738 Ὠς
552 3684 696 3759 εἶχεν
731 3684 957 3758 ἐξέμηνε
983 3688 1103 3743 κατ’
1134 3684 1507 3763 Ἀνδρονίκουο

429 3772 585 3830 ὐθεν
621 3774 875 3847 στρατιὰν
906 3775 1224 3849 εὐτρεπίσας
1257 3774 1449 3851 μυρίαν

264 3860 394 3918 5185
429 3863 612 3934 Πεζνςν
640 3884 701 3920 τε
729 3866 993 3936 ναυτικήν
1019 3886 1077 3920 τε
1240 3865 1490 3928 Σικελίας

435 3952 557 4009 Ἐπὶ
587 3952 784 4016 πόλεις
814 3954 1071 4032 πέπομφε
1102 3954 1289 4032 χώρας
1317 3957 1366 4011 τ’
1396 3952 1677 4012 Αὖσόνωνυ

432 4044 561 4099 Ἐπί
591 4044 689 4115 μὶν
722 4042 1054 4117 Ἐπίδαμνον
1088 4046 1311 4121 στρατὸν
1344 4045 1579 4118 ίππὲων,

434 4133 544 4189 Τὸν
575 4134 832 4189 ναυτικὸν
859 4131 916 4189 δὲ
945 4134 1082 4190 κατὰ
1110 4133 1523 4206 Θεσσαλονίκης.

434 4223 535 4279 Kal
568 4224 672 4291 τὴν
710 4224 808 4297 μὲν
839 4222 1193 4299 Ἐπίδαμνον,
1226 4226 1299 4287 ὡς
1328 4222 1499 4299 νόμος
1532 4225 1739 4301 μάχης,

264 4319 396 4376 5190
434 4323 682 4398 Στρατὸς
714 4325 971 4399 κατέσχε,
1001 4324 1092 4380 καὶ
1124 4323 1216 4379 σὺν
1248 4324 1386 4400 αὐτῇ
1416 4326 1483 4379 τὰ
1511 4323 1684 4400 πέριξ·

435 4412 541 4468 Καὶ
571 4409 899 4486 διαδραμὼν
929 4414 1019 4469 καὶ
1052 4414 1351 4477 σκυλεύσας
1378 4415 1473 4471 τάν
1505 4415 1675 4488 μέσῳ,

429 4506 566 4563 Ταῖς
600 4508 885 4567 ναυτικαῖς
923 4502 1156 4578 μέμικτο
1186 4504 1557 4581 ταξιαρχίαις,

426 4590 837 4663 Θεσσαλονίκης
866 4592 1302 4669 προσμενοόσαις
1332 4600 1450 4657 τοῖς
1483 4595 1651 4669 ὅροις·

434 4683 538 4737 Kal
573 4680 993 4757 συνδραμούσης
1024 4688 1276 4761 στρατιᾶς
1320 4682 1570 4759 ἑκατέρας

260 4768 394 4825 5195
435 4772 571 4834 Καθ’
604 4771 732 4844 ἅλα,
761 4778 881 4829 κατ’
910 4772 1139 4850 ἤπειρον
1172 4771 1249 4837 εἲς
1276 4772 1608 4849 όμκιχμίαν,

430 4860 537 4918 Καὶ
574 4857 1002 4936 προσϐαλούσης
1030 4866 1098 4937 τῇ
1129 4861 1290 4919 πόλει
1320 4861 1689 4939 πανταχόθεν,

434 4955 547 5007 Φιῦ
580 4954 723 5030 ιρεῦ]
754 4952 901 5009 ἑάλω
932 4952 1302 5026 Θεσσαλονίκη
1335 4950 1523 5023 πόλις,
1684 4940 1687 4945 γ

433 5040 615 5103 Πόλις
646 5040 1052 5114 προεδρεύουσα
1082 5047 1189 5099 τῶν
1210 5041 1564 5114 Μακεδόνων,

434 5133 541 5189 Καὶ
576 5130 837 5196 Σικελοῖς
860 5130 1045 5191 ⁴ἔκλινε
1074 5137 1211 5208 πρδς
1248 5135 1366 5211 βίαν
1396 5133 1585 5213 κοίραν⁸

257 5219 393 5280 5200
433 5222 543 5279 Καὶ
576 5221 781 5278 λοιπὸν
815 5221 933 5287 οἷάς
959 5226 1068 5281 τῶν
1101 5230 1282 5281 κακῶν
1315 5222 1554 5295 ίλιάδας,

433 5314 542 5370 Καὶ
580 5318 879 5390 συμφορῶν
908 5314 1151 5390 πέλαγος
1180 5316 1217 5387 ἢ
1244 5311 1548 5391 τραγῳδίας

434 5400 743 5475 Πέπονθεν,
778 5401 916 5458 εἶδεν
950 5402 1159 5467 ἀθλίως
1190 5403 1325 5475 αὕτη
1359 5403 1544 5477 πόλις,

427 5492 558 5551 Οὐκ
589 5490 1057 5567 ἑκτραγῳδήσειεν
1092 5493 1150 5549 ἂν
1182 5514 1265 5557 τις
1296 5492 1475 5565 ἀξίως.

430 5584 567 5641 Τῶν
606 5580 855 5637 Σικελῶν
882 5584 984 5657 γάρ
1016 5582 1338 5658 είσρυὲντων
1373 5583 1447 5647 εἰς
1479 5581 1665 5652 πόλιν,

249 5669 388 5728 5205
429 5666 699 5741 Ἠὃηδὸνν
728 5670 1060 5746 iocansne
1088 5691 1286 5737 παντες
1311 5673 1389 5746 τῷ
1418 5670 1575 5749 ξίφει·

1766 300 2126 359 CESARES.

1920 428 1977 497 Α
2006 425 2387 497 Stephanum,
2423 427 2477 483 id
2512 435 2596 484 est
2626 430 2932 498 Coronam,
2966 449 2999 487 a
3030 450 3207 505 puero
3239 436 3484 511 dictum,

2004 530 2277 571 coronam
2311 534 2520 590 nempe
2550 518 2800 574 infamia:
2835 525 2890 575 et
2919 525 3326 595 contumeliae;

2005 604 2280 676 martyris
2312 606 2551 676 quidem
2590 624 2802 664 nomen
2836 626 2951 680 pro:
2983 628 3044 667 se
3078 613 3379 685 ferentem,

2003 694 2103 747 sed
2139 694 2483 751 Antichristi
2520 714 2697 769 opera
2727 702 3077 770 patrantem.

2003 781 2121 837 Hoc
2152 784 2523 841 Andronicus
2556 786 2948 845 instrumento
2982 795 3151 869 utens

1968 915 1976 924 .
2004 870 2294 942 plurimos
2326 873 2491 941 laesit,
2529 877 2829 948 mactavit,
2863 877 3162 949 lapidavit.

2006 967 2111 1023 Per
2143 968 2295 1024 hunc
2325 970 2546 1041 injuste
2577 972 2855 1045 lapidavit
2881 975 3056 1033 etiam

2006 1059 2402 1115 Andronicum
2432 1061 2651 1118 Ducam
2684 1080 2817 1120 cum
2850 1065 3218 1137 Macroduca,

2006 1146 2164 1202 viros
2190 1147 2455 1220 egregios
2487 1150 2831 1223 nobilesque
2860 1153 3060 1210 duces.

2005 1235 2153 1292 Nam
2181 1253 2314 1292 cum
2350 1237 2408 1293 in
2443 1240 2604 1311 regia
2636 1246 2798 1296 extra
2831 1259 3034 1299 muros
3064 1244 3239 1301 domo

2006 1326 2295 1399 Mangane
2324 1328 2478 1386 dicta
2518 1330 2838 1402 imperator
2864 1334 3127 1405 degeret,

2009 1420 2185 1487 atque
2215 1416 2356 1473 illuc
2385 1418 2640 1490 plurima
2669 1422 2858 1493 plebis
2890 1422 3134 1481 infinitas

2009 1596 2199 1670 ipsius
2222 1600 2397 1669 jussu
2432 1601 2603 1657 turba
2635 1607 2833 1659 coacta
2864 1610 3041 1675 esset,

2011 1688 2281 1760 producti
2312 1694 2453 1744 sunt
2480 1689 2780 1761 publicum
2811 1708 2881 1747 ex
2912 1694 2982 1749 iis
3012 1695 3287 1755 domibus

1935 1802 1982 1879 Β
2015 1779 2131 1833 duo
2164 1778 2425 1879 praedicti
2453 1778 2559 1839 viri
2593 1780 2665 1835 ad
2697 1780 3077 1879 supplicium,

2014 1884 2235 1941 perque
2265 1870 2530 1926 omnium
2564 1886 2777 1927 manus
2802 1871 3231 1943 suntlapidati,

2013 1958 2189 2013 caedis
2219 1959 2465 2015 faciente
2496 1959 2733 2019 initium
2765 1960 2983 2031 inique
3012 1962 3329 2035 Stephano,

2014 2052 2191 2118 atque
2222 2048 2292 2103 ad
2327 2054 2637 2107 cruentum
2670 2049 2899 2107 facinus
2926 2050 3288 2110 exhortante.

2014 2137 2235 2194 Deinde
2267 2140 2607 2207 exstinctos,
2641 2158 2674 2197 ο
2705 2140 2940 2198 crudele
2970 2142 3234 2199 facinus!

2012 2228 2191 2300 lignis
2222 2232 2655 2301 suspenderunt
2684 2248 2715 2291 θ
2745 2231 2978 2303 regione
3009 2233 3193 2291 urbis.

2016 2326 2114 2381 His
2148 2342 2210 2382 se
2242 2326 2571 2384 oblectabat
2603 2327 2967 2385 immanibus
2999 2330 3302 2401 operibus,

2014 2414 2324 2488 suppliciis
2367 2415 2712 2474 inhumanis
2739 2425 2791 2473 et
2822 2420 3201 2476 exsecrandis

2014 2510 2070 2561 et
2100 2504 2361 2561 exitiosis
2393 2506 2623 2563 actibus
2652 2508 2918 2578 quotidie

2014 2594 2273 2652 crudelis
2299 2596 2613 2652 Andronici
2644 2598 2947 2670 ingenium
2991 2601 3343 2671 pessimum.

2015 2685 2133 2741 Hoc
2165 2685 2493 2758 imperante
2522 2687 2665 2742 urbs
2696 2687 3133 2760 Thessalonica,

2014 2775 2230 2835 nobilis
2255 2775 2379 2847 illa,
2408 2776 2664 2848 gloriosa
2692 2778 2919 2849 civitas,

2012 2863 2486 2921 Thessalicarum
2521 2865 2757 2922 urbium
2792 2865 3017 2938 regina,

2014 2953 2128 3009 heu
2150 2955 2163 3007 l
2186 2954 2516 3011 Siculorum
2547 2958 2718 3025 capta
2747 2958 2836 3009 est
2865 2954 3144 3019 exercitu,

2015 3048 2072 3099 et
2103 3044 2161 3098 in
2194 3044 2566 3101 barbaricum
2600 3042 2777 3098 cessit
2807 3041 3199 3097 dominatum.

2022 3139 2248 3195 Etenim
2281 3140 2523 3211 quidam
2554 3142 2887 3195 Comnenus
2918 3136 3159 3192 Alexius

1930 3225 1986 3249 “‘
2026 3228 2323 3300 pessimus
2354 3228 2533 3284 homo
2563 3225 2886 3299 patriisque
2918 3225 3163 3282 exitium

2022 3322 2095 3379 ab
2124 3317 2453 3376 Andronico
2483 3315 2776 3389 relegatus
2807 3317 2866 3372 in
2899 3315 3217 3390 Scythiam,

2021 3412 2310 3485 profugus
2333 3407 2499 3466 exsul
2530 3407 2691 3463 venit
2718 3407 2779 3463 in
2806 3406 3088 3476 Siciliam,

2020 3505 2197 3573 atque
2229 3499 2503 3555 Latinum
2535 3496 2742 3556 insulse
2772 3502 3091 3571 tyrannum

2022 3590 2395 3659 conveniens,
2426 3593 2603 3661 atque
2634 3588 2931 3645 admissus
2962 3588 3033 3643 ad
3066 3586 3429 3659 colloquium

2022 3681 2179 3737 hunc
2209 3676 2520 3734 Andronici
2551 3680 2714 3734 tanto
2745 3677 3135 3735 inﬂammavit
3163 3676 3316 3749 odio,

2025 3774 2091 3825 ut
2121 3767 2490 3840 congregatis
2521 3767 2710 3840 copiis
2734 3768 3063 3823 innumeris

2023 3858 2275 3915 nauticis
2304 3863 2362 3913 et
2385 3857 2758 3929 pedestribus
2789 3873 2886 3912 rex
2915 3855 3125 3911 Siciliae

2024 3952 2228 4005 contra
2258 3948 2551 4003 Romanas
2590 3946 2887 4018 expediret
2918 3950 3142 4012 terras;

2025 4040 2324 4109 equestres
2355 4036 2595 4107 quidem
2630 4035 2701 4090 ad
2732 4034 3090 4105 Epidaurum
3124 4032 3348 4104 copias,

2026 4125 2297 4183 nauticas
2328 4128 2524 4180 autem
2558 4124 2628 4179 ad
2654 4120 3154 4179 Thessalonicam.

2028 4226 2097 4282 Et
2124 4225 2484 4296 Epidaurum
2518 4220 2755 4294 quidem
2784 4218 3004 4275 virtute
3033 4218 3243 4277 bellica

2027 4316 2181 4388 cepit
2208 4312 2500 4371 terrestris
2533 4310 2701 4366 miles
2733 4326 2866 4366 cum
2895 4308 3146 4380 vicinia;

2030 4403 2466 4478 populatusque
2497 4404 2683 4456 terras
2712 4399 3087 4473 interpositas

2030 4510 2206 4550 cursu
2240 4488 2501 4563 pervenit
2532 4488 2694 4545 illinc
2724 4489 2793 4545 ad
2828 4488 3077 4546 classem
3108 4506 3273 4547 suam

1936 4554 1997 4622 Β
2028 4554 2457 4640 Thessalonice
2486 4578 2545 4634 in
2580 4578 2796 4635 finibus
2829 4584 3279 4652 exspectantem-

2029 4672 2286 4745 Utroque
2316 4670 2498 4743 igitur
2526 4673 2906 4725 concurrente
2938 4670 3191 4726 exercitu

2031 4782 2066 4821 a
2094 4762 2427 4821 continente
2453 4764 2608 4815 terra
2638 4776 2849 4833 nempe
2879 4775 2945 4817 ac
2977 4758 3146 4828 mari,

2030 4860 2087 4912 et
2116 4866 2558 4927 quaquaversus
2587 4849 2793 4905 urbem
2826 4849 3248 4917 circumdante,

2033 4944 2147 5001 heu
2179 4942 2292 4999 heu
2319 4941 2331 4996 ί
2366 4942 2538 5011 capta
2568 4944 2655 4995 est
2682 4940 3101 4997 Thessalonica
3132 4940 3357 5015 civitas,

2032 5034 2156 5104 illa,
2188 5034 2454 5103 inquam,
2490 5028 2876 5085 Macedonum
2911 5030 3273 5103 metropolis,

2035 5128 2093 5182 et
2119 5121 2331 5178 Siculis
2363 5121 2565 5176 coacta
2590 5119 2871 5175 cervicem
2906 5117 3084 5176 ﬂexit.

2036 5214 2318 5282 Deinceps
2351 5211 2602 5281 quantas
2633 5207 2923 5265 malorum
2964 5209 3174 5266 Iliadas

2036 5300 2442 5362 calamitatum
2473 5296 2888 5370 tragoedia-que
2919 5298 3160 5371 pelagus

2038 5404 2317 5467 perpessa
2344 5387 2419 5443 sit
2451 5400 2518 5443 ac
2540 5386 2747 5442 viderit
2777 5387 2979 5444 infelix
3011 5387 3236 5457 civitas,

2040 5498 2211 5541 nemo
2243 5495 2348 5551 pro
2380 5475 2606 5532 meritis
2637 5493 2774 5533 sane
2805 5494 3042 5534 narrare
3074 5482 3268 5549 queat.

2037 5570 2253 5631 Siculis
2284 5566 2441 5624 enim
2474 5564 2531 5620 in
2568 5565 2773 5622 urbem
2808 5567 3297 5637 irrumpentibus,

2041 5663 2292 5738 puberes
2327 5654 2523 5715 cuncti
2554 5656 2930 5713 caedebantur
2950 5653 3167 5726 gladio,

3547 316 3649 371 198
