4004 6200
354 314 455 368 199
1558 310 1927 365 EPHREMII
1966 308 2538 364 CHRONOGRAPHI

349 438 559 511 reliqui
592 438 757 495 bonis
788 437 1163 493 nudabantur
1193 434 1429 503 misere,

352 533 629 583 matrona:
660 526 1033 597 virginesque
1064 523 1608 580 dehonestabantur
1640 540 1655 580 :

360 615 553 670 omnia
585 614 805 687 templa
838 618 895 669 et
925 613 1340 686 parthenopaea

346 704 830 775 despoliabantur
858 702 1116 759 violenta
1144 718 1326 758 manu
1360 720 1373 757 :

352 795 552 863 platea:
574 808 802 861 omnes,
835 792 1200 865 angiportus,
1233 791 1361 857 vim,

347 880 675 939 morticinis
706 881 1058 953 corporibus
1089 879 1275 953 plenas
1306 882 1495 946 erant,

348 972 693 1043 cruentique
717 971 838 1026 tabi
872 971 1010 1026 rivis
1042 969 1475 1025 redundabant.

347 1062 491 1133 Ergo
524 1060 792 1132 lacrymaa
824 1060 1063 1131 ubique,
1089 1058 1310 1125 luctus,
1356 1057 1598 1124 clamor,

353 1151 634 1219 ululatus,
667 1154 723 1205 et
753 1148 1055 1205 horribilis
1089 1146 1374 1220 tragoedia
1407 1163 1420 1200 :

344 1241 423 1296 sic
455 1240 611 1295 enim
646 1239 848 1310 paucis
880 1237 1070 1293 dicere
1100 1253 1223 1293 rem
1254 1235 1448 1292 verbis
1472 1234 1681 1305 juvat;

355 1329 688 1399 mistusque
718 1327 1017 1383 ferebatur
1043 1327 1115 1382 ad
1148 1324 1358 1381 coelum
1388 1325 1626 1381 clamor.

346 1420 537 1488 Atque
567 1416 661 1471 his
684 1415 891 1471 civitas
923 1414 1279 1471 atterebatur
1307 1413 1498 1469 malis.

345 1516 417 1569 At
449 1512 812 1569 Andronicus
844 1511 1130 1567 malitiam
1164 1527 1335 1567 suam
1378 1527 1491 1566 non
1524 1509 1820 1579 desinens,

346 1601 489 1675 quin
521 1603 665 1658 adeo
699 1618 804 1657 ceu
837 1601 1122 1657 furiarum
1146 1600 1386 1671 quidam
1421 1598 1703 1662 famulus,

347 1694 405 1745 et
432 1690 868 1763 lymphatorum
902 1689 1229 1743 daemonum
1275 1686 1562 1754 minister,

344 1778 599 1834 crudelis
631 1793 842 1849 nempe
876 1776 1126 1832 Echetus
1156 1775 1243 1832 vel
1274 1776 1618 1848 Cambyses,

338 1866 426 1921 vel
460 1866 722 1922 Phalaris
754 1867 977 1922 ferinus
1009 1864 1098 1920 vel
1144 1865 1359 1937 Scytha
1388 1864 1677 1920 Tauricus

338 1954 605 2010 subditos
632 1959 874 2011 cunctos
906 1954 1083 2010 miser
1112 1954 1449 2010 devorabat.

338 2043 565 2099 Etenim
602 2044 811 2100 fratres
843 2044 1223 2100 Sebastianos
1254 2045 1401 2099 duos

340 2132 468 2187 diro
500 2149 821 2204 suspensos
839 2133 1132 2187 interfecit
1162 2132 1341 2205 ligno.

341 2220 609 2276 Alexium
645 2220 937 2278 Manuelis
969 2221 1215 2276 nothum
1248 2220 1461 2292 filium,

340 2309 433 2364 cui
469 2310 730 2381 spuriam
764 2310 943 2365 ﬁliam
976 2327 1144 2365 suam
1172 2310 1413 2381 jugarat
1445 2310 1689 2381 nuptiis,

338 2397 523 2453 oculis
555 2415 788 2454 cassum
821 2399 955 2454 fecit
984 2399 1271 2455 sententia
1304 2398 1528 2470 iniqua,

336 2488 583 2558 ejusque
614 2488 870 2559 potiores
899 2488 1157 2543 asseclas
1194 2488 1520 2545 excecavit.

334 2576 599 2631 Scribam
632 2580 827 2631 autem
859 2577 1175 2648 quemdam
1208 2577 1435 2631 dictum
1474 2576 1794 2633 Mamalum

339 2662 598 2720 ﬂammis
628 2664 992 2719 exurendum
1026 2662 1085 2718 in
1119 2664 1309 2720 stadio
1340 2664 1603 2719 tradidit.

341 2763 733 2836 Tripsychum
762 2780 1020 2837 quoque,
1050 2780 1083 2819 o
1109 2764 1339 2834 justum
1372 2764 1471 2820 Dei
1499 2764 1793 2835 judicium
1821 2765 1833 2820 l

337 2848 539 2921 inique
570 2848 770 2905 multis
799 2851 1057 2922 pessima
1085 2851 1184 2922 qui
1217 2851 1454 2920 fecerat,

336 2953 555 2994 crecum
586 2938 848 3011 solisque
880 2940 1062 2997 radiis
1093 2946 1387 2996 carentem
1426 2940 1585 2996 fecit.

335 3032 526 3098 Atque
558 3032 622 3083 ut
651 3029 995 3085 summatim
1025 3030 1398 3102 breviterque
1428 3030 1643 3099 dicam,

336 3115 516 3187 hujus
548 3117 759 3174 novelli
792 3122 1054 3191 tempore
1084 3119 1362 3187 Timonis,

337 3222 540 3276 praue,
573 3207 837 3276 tristitia,
871 3208 1214 3265 calamitum
1242 3208 1515 3265 cumulus

341 3298 587 3348 cunctos
618 3295 913 3365 tenebant,
946 3296 1331 3368 lacrymaeque
1356 3298 1553 3370 juges,

338 3385 397 3435 et
427 3380 716 3435 malorum
750 3382 991 3452 quidam
1020 3389 1246 3441 torrens
1274 3400 1340 3439 ac
1369 3388 1711 3455 tempestas.

336 3481 460 3543 Qua
487 3478 580 3534 die
611 3478 766 3533 enim
799 3480 1017 3535 nemini
1047 3482 1199 3537 male
1230 3483 1462 3552 fecerat,

340 3566 626 3622 nobilium
660 3582 871 3638 nempe
902 3568 1211 3625 hominum
1244 3575 1421 3643 atque
1452 3587 1779 3645 procerum,

338 3655 445 3711 hac
476 3671 539 3711 se
568 3655 777 3713 vixisse
809 3674 924 3712 non
957 3659 1201 3730 putabat
1231 3659 1345 3716 die.

346 3745 598 3801 Feminae
630 3761 762 3814 ergo
794 3751 851 3802 et
876 3747 981 3802 viri
1016 3749 1167 3819 rapti
1198 3749 1473 3806 domibus

332 3833 565 3897 vinclis,
595 3834 764 3903 fame,
799 3836 1111 3905 mortibus,
1142 3839 1568 3895 vexationibus.

338 3913 639 3970 oculorum
672 3915 920 3972 orbitate
950 3921 1008 3973 et
1028 3918 1408 3988 cruciatibus,

340 4002 590 4075 aliisque
620 4005 808 4077 poenis
839 4005 1242 4078 plectebantur
1270 4008 1528 4066 innocui.

333 4092 435 4147 His
467 4108 529 4148 se
559 4093 888 4151 oblectabat
916 4096 1144 4153 actibus
1173 4098 1509 4170 imperator.

330 4180 438 4236 Sed
473 4182 608 4236 boni
643 4184 920 4253 quiddam
952 4186 1219 4258 aequique
1251 4187 1429 4243 simul
1462 4188 1650 4245 inerat
1683 4208 1696 4245 :

334 4286 470 4325 nam
503 4270 807 4327 beneﬁciis
839 4274 1136 4329 recreabat
1166 4275 1439 4345 plurimis

333 4376 623 4432 pauperes
655 4360 924 4417 subditos
957 4370 1294 4435 tenuesque,
1328 4365 1623 4437 siquidem

327 4463 459 4503 vere
490 4447 601 4502 sibi
633 4448 943 4506 benevolos
973 4452 1323 4522 comperiret
1356 4470 1370 4510 :

331 4543 399 4584 ac
429 4529 879 4599 praepotentium
904 4530 1157 4601 injustas
1189 4531 1565 4604 direptiones,

329 4616 764 4689 criminumque
798 4618 1013 4675 fontem
1048 4619 1353 4676 avaritiam

328 4710 539 4761 cuncto
566 4709 820 4761 Romano
854 4708 1210 4764 submovens
1242 4708 1510 4780 imperio,

329 4793 554 4851 meliori
585 4795 907 4851 conditioni
939 4796 1267 4867 provincias
1310 4797 1585 4854 reddidit.

325 4892 487 4947 Tunc
518 4910 812 4967 nusquam
843 4896 1129 4951 exactoris
1154 4896 1423 4953 audisses
1454 4898 1669 4966 minas,

328 4978 429 5049 qui
460 4981 791 5039 tenuiorum
826 4982 1183 5055 patrimonia
1213 4988 1483 5055 quateret

327 5068 655 5140 quamlibet
684 5073 999 5128 ostendens
1032 5072 1267 5128 malitias
1295 5090 1533 5131 causam
1561 5093 1575 5144 ;

328 5174 517 5229 neque
547 5160 778 5216 venatia
808 5163 1070 5232 exposita
1098 5162 1347 5219 vidisses

325 5252 465 5302 tunc
492 5248 801 5322 vectigalia
830 5250 1067 5321 publica
1101 5252 1572 5325 redemptoribus
1606 5272 1619 5311 :

323 5353 522 5393 verum
555 5338 655 5410 qui
682 5339 892 5395 Caesari
924 5355 1046 5395 rem
1081 5341 1341 5397 dedisset
1370 5342 1635 5415 Cesaris,

324 5426 395 5483 de
426 5426 654 5500 reliquo
683 5445 950 5484 securam
982 5429 1193 5501 agebat
1222 5429 1423 5487 vitam.

320 5514 455 5573 Jam
488 5516 585 5588 qui
615 5517 842 5575 tributa
874 5516 1113 5591 publica
1138 5517 1409 5591 exigebat

323 5604 631 5677 stipendiis
663 5605 790 5680 ipse
820 5607 1150 5666 instructus
1180 5607 1241 5665 id
1264 5608 1430 5680 juste
1462 5610 1673 5684 agebat
1705 5631 1719 5671 :

2022 436 2075 503 Α

2019 1798 2067 1863 Β

1999 4533 2047 4598 Ι)

2281 428 2485 490 ’Ἄλλοι
2519 428 2577 485 δέ
2601 428 2766 485 πάλιν
2800 428 3146 485 έσκολεύοντ¹
3176 428 3401 493 ἀθλίως·

2282 525 2539 581 Γυναῖκες
2570 512 2858 594 ὑϐρίζοντο
2888 517 3177 594 παρθένοις
3209 518 3346 591 ἄμά.

2283 608 2381 664 Καὶ
2411 614 2516 671 πᾶς
2556 609 2690 672 νεώς
2716 629 2798 671 τις
2831 608 3109 683 παρθένων
3142 629 3200 662 τε
3230 607 3321 663 καὶ
3354 605 3529 682 δόμος

2283 700 2407 754 Τῶν
2441 694 2593 752 ἔνδον
2616 698 2889 771 ἠρήμωτο
2920 698 3135 752 πάντων
3166 698 3304 774 πρὸς
3340 696 3483 774 βίαν·

2099 795 2245 850 5210
2283 799 2433 850 Πᾶσα
2463 791 2509 849 δ’
2538 794 2704 868 ἀγυιὰ
2730 795 2817 851 καὶ
2853 795 3130 857 στενωπὸς
3156 793 3247 849 καὶ
3274 789 3464 869 τρίϐος

2278 881 2723 959 Δίματοφύρτοις
2752 882 2819 951 ἦν
2850 884 3167 959 κεχραμένη
3212 882 3457 958 λύθροις,

2278 970 2381 1027 Καὶ
2413 970 2746 1047 νεκριμαίων
2778 971 3046 1045 σωμάτων
3077 972 3466 1046 πεπλησμένη·

2280 1060 2627 1135 Πανταχόθεν
2655 1064 2785 1135 γοῦν
2819 1058 3043 1136 δάκρυα,
3076 1062 3299 1137 θρῆνος,
3325 1058 3475 1137 γόος.

2278 1148 2376 1204 Καὶ
2406 1149 2651 1211 κώκυτός
2682 1170 2788 1221 τις,
2818 1150 2909 1204 καὶ
2936 1146 3211 1225 τραγῳδία
3255 1147 3399 1225 ξένῃ,

2097 1240 2242 1295 5215
2276 1240 2391 1293 Ἰνα
2420 1237 2661 1309 καθάπαξ
2694 1236 2931 1293 συνελὼν
2962 1239 3024 1292 τὸ
3053 1242 3156 1292 πᾶν
3188 1239 3398 1315 φράσω,

2276 1325 2374 1381 Καὶ
2406 1328 2693 1402 συμμιγὴς
2726 1329 2893 1400 θροῦς
2918 1328 3245 1401 ἀνεπέμπετ¹
3275 1327 3492 1401 ἀθρόον.

2275 1414 2512 1471 Τοιοῖσδ’
2543 1415 2886 1491 ἐτετρύχωτο
2914 1422 3107 1479 κακοῖς
3134 1419 3170 1487 ἡ
3202 1416 3390 1480 πόλις.

2273 1504 2336 1562 Ὀ
2370 1501 2419 1559 δ’
2446 1502 2796 1579 Ἀνδρόνικος
2824 1510 2931 1561 τῶν
2964 1510 3143 1561 κακῶν
3168 1506 3266 1561 οὐκ
3293 1506 3513 1579 ἡμέλει·

2276 1591 2438 1649 Ἀλλ’
2464 1595 2554 1648 οἷα
2586 1590 2785 1657 δοῦλος
2814 1594 3059 1669 ἀτεχνῶς
3088 1593 3343 1671 ἐριννύων

2095 1684 2236 1739 5220
2273 1684 2344 1738 Ἥ
2372 1681 2641 1757 τελχίνων
2677 1680 2750 1737 ὢν
2780 1681 3057 1756 δαιμόνων
3101 1684 3398 1759 ὑπηρέτης,

2273 1772 2473 1845 Ἢγουν
2505 1773 2722 1843 ἀπηνὴς
2746 1774 2979 1848 Ἔχετος
3011 1775 3045 1844 ἢ
3079 1771 3398 1848 Καμϐύσης,

2276 1862 2344 1914 Ἦ
2376 1859 2623 1936 Φάλαρις
2646 1858 2831 1935 ἄγριος
2861 1863 2896 1933 ἢ
2929 1864 3325 1938 Ταυροσκύθης

2276 1950 2519 2020 ὑπήκοον
2550 1954 2654 2005 πᾶν
2684 1949 3000 2024 ἐκρεανόμει
3030 1951 3224 2017 τάλας·

2272 2037 2613 2113 Ὁμαίμονας
2649 2039 2742 2112 μὶν
2777 2034 3175 2103 Σεϐαστιανοὺς
3207 2037 3304 2096 δύο

2090 2127 2233 2181 5225
2272 2127 2467 2191 Κακῶς
2494 2128 2697 2203 ἀναρτᾷ
2725 2127 2815 2183 καὶ
2847 2134 3076 2193 θανατοῖ
3101 2134 3183 2202 τῷ
3214 2129 3384 2203 ξύλῳ⁶

2268 2214 2505 2287 Ἀλέειον
2540 2213 2597 2271 δὲ
2629 2217 2897 2286 Μανουήλ
2928 2216 3095 2273 παῖδα
3122 2218 3303 2289 νόθον,

2261 2305 2354 2361 ’ον
2387 2306 2508 2379 εἶχε
2534 2300 2782 2381 γαμϐρὸν
2818 2304 2895 2369 εἷς
2930 2307 3195 2383 θυγατέρα
3221 2307 3410 2378 νόθην,

2266 2393 2355 2463 Ἐξ
2386 2391 2652 2467 ὀμμάτων
2684 2394 2897 2465 τίθησιν
2932 2393 3108 2469 ἀδίλῳ
3140 2393 3291 2470 δίκῃ,

2264 2479 2370 2537 Καί
2397 2486 2503 2536 τῶν
2536 2483 2624 2537 ὑπ’
2654 2482 2814 2539 αὐτὸν
2847 2484 3109 2563 έκτυφλοῖ
3134 2484 3262 2548 τοὺς
3303 2484 3558 2562 βελτίους

2085 2572 2228 2627 5230
2266 2571 2400 2627 1Ἐνα
2430 2568 2488 2626 δὲ
2514 2572 2606 2626 τὸν
2636 2571 2906 2645 Μάμαλον
2933 2572 3292 2651 ὑπογραφέων

2264 2660 2402 2734 Πυρὶ
2435 2658 2815 2735 παραδέδωκεν
2852 2661 2902 2716 ἐν
2933 2667 3015 2735 τῷ
3044 2661 3267 2737 σταδίῳ·

2263 2747 2368 2803 Καὶ
2398 2748 2678 2823 Τρίψυχον
2713 2746 2759 2804 δ’
2790 2751 2878 2823 αὖ,
2909 2751 2983 2812 ὡς
3012 2750 3213 2807 έπαινῶ
3244 2751 3312 2825 σ’,
3340 2752 3385 2806 ὧ
3414 2750 3536 2824 δίκη
3563 2756 3575 2811 !

2262 2836 2362 2898 Ὃς
2392 2833 2610 2913 ἔδρασεν
2645 2838 2897 2914 χείριστα
2924 2836 3173 2902 πολλοὺς
3203 2837 3428 2911 ἀδίκως,

2263 2925 2464 2995 Ἔθηκε
2492 2926 2696 3003 τυφλὸν
2734 2928 2810 3000 μὴ
2847 2926 3116 3003 βλέποντα
3145 2928 3453 3008 φωσφόρον.

2081 3024 2225 3081 5335
2261 3025 2350 3088 Ὠς
2379 3023 2431 3079 ἐν
2462 3025 2745 3104 κεφαλαίῳ
2778 3024 2836 3082 δὲ
2862 3029 2951 3083 καί
2990 3029 3190 3105 βραχεῖ
3218 3031 3401 3108 φάναι,

2264 3115 2381 3192 Ἐφ’
2409 3117 2635 3191 ἡμερῶν
2662 3119 2859 3174 τούτου
2886 3140 2946 3196 γε
2975 3121 3237 3194 Τίμωνος
3261 3122 3487 3198 τρόπον,

2266 3201 2489 3279 Θλίψις,
2520 3203 2711 3279 ὀδύνη,
2744 3212 3039 3287 συμφορῶν
3071 3210 3358 3286 μυρμηκία

2263 3294 2474 3357 Πάντας
2504 3302 2751 3372 κατεῖχε,
2782 3299 2991 3374 συνοχῆ
3020 3319 3078 3354 τε
3108 3296 3381 3376 δακρύων,

2264 3381 2365 3439 Καὶ
2400 3381 2659 3458 χαλεπῶν
2688 3384 2914 3461 σύῤῥοια
2941 3388 3032 3441 καὶ
3060 3389 3368 3464 τρικυμίας·

2083 3472 2227 3527 5240
2264 3472 2395 3527 Καθ⁴
2419 3473 2479 3541 ἦν
2511 3473 2613 3548 γὰρ
2644 3474 2747 3529 ούκ
2774 3471 2964 3551 ἔδρασε
2987 3481 3170 3540 κακῶς
3208 3478 3417 3554 ἡμέραν

2260 3561 2381 3617 Τῶν
2412 3580 2534 3615 τινα
2562 3560 2832 3639 λαμπρῶν
2862 3567 3063 3637 τιμίων
3094 3569 3202 3621 τῶν
3237 3566 3290 3621 ἐν
3318 3566 3487 3637 τέλει,

2261 3650 2547 3705 Παντάπαν
2580 3646 2813 3707 ἀϐίωτον
2844 3654 3018 3729 ἡγεῖθ’
3047 3655 3280 3731 ἡμέραν·

2257 3738 2418 3801 Ὂθεν
2446 3746 2717 3815 γυναῖκες,
2750 3738 2940 3817 ἄνδρες
2977 3745 3211 3819 ἠγμένοι
3257 3746 3347 3822 βίᾳ

2258 3829 2481 3901 Φρουρᾷ
2509 3847 2567 3882 τε
2593 3826 2783 3901 λοιμῷ
2811 3828 2901 3883 καὶ
2931 3828 3155 3886 κολάσει
3182 3833 3273 3887 καὶ
3306 3832 3482 3909 μόρῳ,

2077 3914 2224 3969 5245
2264 3914 2442 3969 Ὠπῶν
2471 3909 2651 3970 σϐέσει
2674 3937 2733 3971 τε
2754 3925 3092 3991 σωματικαῖς
3122 3920 3345 3991 αἰκίαις,

2255 4000 2496 4067 ’Ἃλλαις
2522 4024 2581 4058 τε
2612 4011 2826 4069 ποιναῖς
2849 4005 3190 4081 παριδίδοντ’
3219 4006 3439 4074 ἀδίκως.

2252 4088 2490 4146 Τοιαῖσδ⁹
2520 4090 2835 4167 ἐνησμὲνιζε
2863 4096 3105 4168 πράξεων
3140 4093 3287 4168 ἅναξ³

2254 4180 2447 4253 ’Ὁμως
2482 4187 2730 4257 μετεῖχεν
2763 4183 2975 4260 ἀγαθῶν
3007 4186 3096 4239 καὶ
3131 4186 3384 4260 μετρίων·

2252 4267 2495 4324 Ἔθαλπε
2522 4270 2614 4325 καὶ
2644 4271 2744 4347 γάρ
2778 4268 3010 4349 δωρεαῖς
3044 4274 3300 4345 ὑπηκόων

2074 4366 2216 4422 5250
2254 4365 2398 4429 Τοὺς
2428 4364 2623 4431 ἐνδεεῖς
2649 4389 2708 4424 τε
2734 4370 2828 4424 καὶ
2857 4369 3095 4442 πένητας
3123 4369 3427 4435 πλουσίως.

2254 4456 2353 4511 Ἠν
2385 4456 2704 4520 εὐνοοῦντας
2731 4456 2925 4533 ᾔσθετο
2952 4464 3087 4537 σφᾶς
3120 4457 3360 4524 ἀδόλως·

2256 4543 2359 4599 Καὶ
2383 4548 2489 4599 τῶν
2522 4543 2763 4609 δυνατῶς
2796 4548 3038 4625 ἁρπαγάς
3068 4551 3164 4612 τὰς
3194 4547 3414 4613 ἀδίκους

2254 4631 2357 4688 Καὶ
2388 4638 2592 4689 κακιῶν
2621 4632 2820 4691 πίδακα
2848 4636 3181 4709 πλειονεξίαν

2256 4720 2353 4776 Ἐκ
2379 4720 2689 4795 Ῥωμαΐδος
2719 4724 2992 4789 ἀπελάσας
3026 4728 3245 4803 χωρίων

2076 4810 2219 4866 5255
2256 4809 2559 4887 Ἐπαρχίας
2590 4811 2788 4889 ἤγαγεν
2821 4814 2902 4878 εἲς
2932 4812 3224 4881 ἐπιδόσεις·

2255 4897 2370 4955 Οὐκ
2397 4900 2466 4969 ἧν
2498 4900 2730 4972 ἀπειλὴν
2769 4905 3076 4980 πράκτορος
3106 4904 3297 4961 κλύειν
3326 4904 3450 4962 τότε

2256 4987 2361 5043 Καὶ
2390 4989 2458 5043 τά
2486 4992 2733 5061 πενήτων
2764 4993 2937 5047 πάντα
2966 4992 3394 5068 καλαμωμένου,

2254 5075 2341 5132 Ἐν
2370 5082 2451 5150 τῷ
2481 5078 2646 5152 μόνον
2677 5080 2946 5158 πρόφασιν
2980 5080 3152 5156 εὑρεῖν
3183 5082 3392 5153 κακίας,

2256 5163 2333 5220 Οὐ
2365 5162 2647 5238 δημοσίων
2676 5167 2872 5232 ὠνίους
2900 5170 2996 5232 τὰς
3029 5168 3258 5236 έκτίσεις

2076 5262 2221 5318 5260
2258 5262 2417 5335 Ὀρᾷν
2447 5262 2781 5339 τελουμένας
2808 5288 2869 5342 γε
2896 5273 3015 5330 τοῖς
3044 5267 3375 5343 ἡρημένοις,

2257 5349 2418 5408 Ἀλλ’
2451 5350 2690 5417 ἀποδούς
2714 5377 2799 5419 τις
2828 5358 3059 5434 Καίσαρι
3087 5359 3154 5412 τὰ
3183 5358 3469 5434 Καισάρων

2254 5440 2500 5516 ’Υπῆρχε
2528 5440 2726 5499 λοιπὸν
2759 5446 2974 5515 ἀπαθὴς
3003 5450 3183 5502 κακῶν
3217 5441 3318 5502 ἔτι·

2257 5529 2345 5594 Ὠς
2371 5526 2612 5604 δημόσια
2641 5539 2743 5595 πᾶς
2773 5553 2858 5597 τις
2888 5533 3225 5611 εἲσπράττων
3255 5536 3379 5592 τότε

2254 5619 2542 5694 Ὀψωνίοις
2572 5622 2641 5693 ἦν
2673 5620 2789 5679 τάδ’
2818 5622 3060 5680 ἀπαιτῶν
3090 5623 3143 5680 ἐν
3172 5622 3323 5702 δίκῃ.
