4004 6200
238 289 352 345 201

244 419 397 474 5265
436 418 836 491 Ἀρχαιρεσιῶν
870 420 1075 489 προῖκα
1104 418 1540 493 παρεσχημένων

437 510 630 560 Πασῶν
662 501 981 579 ἀριστίνδην
1007 526 1065 560 τε
1086 505 1174 559 καὶ
1204 507 1323 561 κατ’
1352 507 1525 579 ἀξίαν.

440 593 611 653 Οὖόὶν
643 592 701 649 δὲ
725 591 1066 665 πλουτίνδην
1098 616 1161 670 γε
1188 600 1305 659 τοῖς
1334 593 1394 649 ἐκ
1422 592 1673 670 τριόδων.

435 690 508 755 ’ῌ
538 681 703 741 Δαϐἰδ
730 685 923 741 οὐκοῦν
958 684 1218 759 ἐμμελῶς
1251 683 1479 759 ψάλλων
1515 684 1689 760 λέγει,

435 776 819 846 Δικαιοσύνης,
850 775 989 850 πρὸς
1023 773 1080 829 δέ
1106 778 1156 850 γ’
1188 775 1409 847 εἰρήνης
1442 774 1607 850 χάρις

248 868 397 923 5270
436 865 738 936 Συνῆλθον,
767 865 1084 934 ἠσπάσαντο
1117 864 1314 939 φιλίως
1341 863 1486 919 τότε·

434 955 600 1020 ’Ἐθος
630 952 675 1009 δ’
707 953 890 1030 ἐναγὲς
921 954 1012 1008 καὶ
1042 954 1363 1028 παράνομον
1393 952 1515 1008 λίαν

435 1045 541 1102 Καὶ
568 1045 759 1119 πρᾶξιν
788 1044 1151 1118 ἀπάνθρωπον
1179 1041 1523 1113 ἀδικωτάτην

432 1136 557 1192 Τῶν
586 1138 935 1209 ναυαγουσῶν
961 1130 1233 1210 φορτίδων
1260 1134 1399 1188 κατὰ
1426 1130 1628 1193 τόπους

434 1226 535 1282 Ἐκ
561 1224 889 1297 πνευμάτων
926 1222 1044 1297 βίας
1074 1244 1133 1277 τε
1160 1224 1250 1277 καὶ
1282 1218 1597 1296 καταιγίδος

253 1315 395 1370 5275
431 1310 542 1368 Καὶ
576 1304 982 1388 συντριϐεισῶν,
1016 1312 1108 1365 εἶτ’
1138 1310 1325 1374 ἀκταῖς
1354 1309 1696 1386 ἐρριμμένων

433 1401 767 1479 Ἀγωγίμων
799 1400 1105 1471 σκύλευσιν,
1139 1401 1413 1477 ἁρπαγὴν,
1446 1397 1603 1453 λύσιν

433 1494 583 1566 Πρὸς
610 1495 721 1547 τῶν
753 1490 1064 1567 προσοίκων
1093 1485 1301 1552 ἀσεϐῶς
1329 1486 1686 1561 τελουμένας.

432 1588 698 1653 ’Ἐστησεν
732 1581 889 1642 οὗτος
920 1578 1270 1641 ἂντιπνεόσας
1306 1580 1380 1640 ὡς
1411 1579 1625 1653 κράτωρ

438 1668 715 1749 Σιροδραῖς
743 1668 1020 1742 ἀπειλαῖς,
1053 1672 1381 1744 προπαγαῖς
1421 1660 1728 1742 ἑμϐριθέσιν

258 1774 391 1827 5280
424 1771 800 1843 ’Λαυμπαθῶς
833 1769 1055 1832 θάνατον
1087 1764 1219 1840 ’ἑξειν
1257 1764 1480 1839 ζημίαν,

428 1862 616 1918 Πάντα
643 1855 1042 1935 παραϐαίνοντα
1066 1856 1525 1935 προστεταγμένα,

428 1949 845 2026 Παρεγγυώσαις
872 1949 962 2003 καὶ
993 1946 1283 2021 κυροόσαις
1315 1943 1533 2000 εῗσάπαν
1570 1962 1583 1975 ⁸

430 2038 505 2097 Εἴ
527 2061 613 2101 τις
642 2040 768 2115 γάρ,
803 2041 938 2107 εἶπε,
969 2038 1197 2114 χωρίων
1230 2032 1515 2111 παραλίων

426 2130 635 2203 Κύριός
664 2129 809 2184 ἔστιν
837 2129 1099 2203 εὖγενῶκ,
1134 2124 1416 2200 ἐριτίμων,

258 2223 387 2278 5285
424 2221 492 2277 Ἠ
524 2221 651 2293 παρ’
684 2218 821 2291 ἐμοῦ
850 2218 1082 2295 πέφυκεν
1116 2215 1294 2290 ἀρχῆν
1324 2211 1521 2268 διέπων

422 2309 693 2383 Πρώτισθ⁹
725 2306 936 2377 ἑαυτὸν,
972 2305 1068 2369 εἶθ’
1101 2304 1355 2374 ὑπηκόων
1387 2301 1573 2378 στίφος

424 2397 819 2475 Καταρτισάτω
850 2396 989 2473 πρὸς
1021 2398 1154 2450 Θεοῦ
1188 2398 1329 2457 θεῖον
1364 2386 1533 2470 φόϐον

422 2487 762 2557 ’Υποστολήν
792 2507 851 2541 τε
878 2489 977 2555 τῆς
1008 2483 1147 2558 ἐμῆς
1177 2479 1515 2559 κραταρχίας
1551 2498 1563 2511 ·

426 2580 500 2634 Ἠ
533 2575 799 2647 δεσπότης
832 2582 934 2637 na:
964 2576 1247 2647 κτήματος
1274 2568 1548 2644 παραλίου

258 2670 391 2726 5290
428 2666 734 2743 Ἐπαρχίας
765 2663 954 2741 ἅρχων
986 2684 1063 2733 τε,
1095 2661 1191 2717 κᾶν
1223 2661 1259 2733 ᾖ
1290 2658 1511 2733 τιμίων,

423 2758 480 2811 Ὀ
510 2757 662 2832 παρὰ
690 2759 831 2827 νηῶν
868 2755 1207 2830 ναυαγουσῶν
1241 2743 1539 2822 λαμϐάνων

426 2844 764 2921 Ἀγωγίμων
796 2865 845 2898 τι
876 2844 1120 2920 φανερῶς
1152 2837 1467 2914 γινωσκέτω

428 2937 745 3011 Πρόστιμον
771 2931 898 3004 ’ἐξων
928 2933 1019 2987 τὸν
1054 2932 1281 2995 θάνατον
1314 2923 1554 2986 ἐνδίκως.

430 3024 537 3083 Κᾶν
568 3025 605 3100 ᾖ
638 3025 733 3097 μὶν
766 3022 923 3084 αὐτὸς
952 3020 1188 3095 καθαρὸς
1217 3020 1284 3092 τῇ
1316 3012 1530 3089 καρδίᾳ,

292 3126 393 3181 295
428 3124 591 3198 Χερσὶ
624 3122 670 3177 δ’
700 3124 875 3187 ἀθῶος
908 3119 1206 3193 άμέθυκτος
1228 3118 1277 3169 τ’
1307 3113 1554 3186 εἷσάπαν,

430 3215 495 3271 Οἱ
529 3210 577 3268 δ’
610 3212 712 3267 ὑπὸ
742 3216 905 3287 χεῖρα
934 3211 1164 3283 κάτοχοι
1195 3210 1315 3268 ταῖς
1341 3202 1537 3264 αἲτίαις
1570 3220 1582 3233 ·

429 3304 691 3378 ’Ἃρχοντι
723 3301 811 3356 καὶ
842 3301 945 3375 γάρ
977 3297 1277 3370 ἐξισοῦσθαι
1306 3290 1580 3365 προστάτῃ

428 3390 635 3449 Eia:st
671 3391 809 3445 ἅπαν
842 3387 1164 3463 ὑποχείριον
1204 3382 1401 3439 θέλειν.

429 3482 580 3539 Τίσει
616 3478 674 3535 δὲ
705 3479 917 3552 πότμον
952 3476 1189 3531 ἐντολῶν
1219 3466 1561 3549 παραϐάτης,

259 3575 393 3630 5300
430 3571 736 3649 Φρικαλέον
766 3591 826 3625 τε
849 3570 939 3624 καὶ
972 3566 1339 3637 δυσήκουστον
1370 3564 1535 3637 τάχα,

429 3663 622 3719 Παθὼν
653 3662 986 3737 κρεμάθραν,
1020 3653 1266 3711 άνάτασίν
1296 3654 1344 3707 τ’
1375 3650 1588 3718 ἀθλίαν,

426 3755 582 3817 Νεὼς
610 3752 688 3829 ἐφ’
722 3752 875 3805 ἰστοῦ
909 3740 1281 3821 συντριϐείσης
1312 3746 1390 3829 τῶ
1422 3737 1595 3812 σάλῳ.

427 3839 643 3897 Τοιὸνδ’
674 3838 945 3899 έπισείσας
973 3857 1034 3911 γε
1063 3834 1303 3907 σύμπασι
1337 3827 1478 3897 δέος,

427 3931 719 4006 Θεοστυγὶς
745 3930 987 3983 πέπαυκε
1018 3928 1289 3999 κρατῆσαν
1321 3916 1439 3979 ἔθος
1470 3936 1482 3949 ·

258 4032 390 4087 5303
428 4029 534 4086 Καὶ
562 4027 760 4084 λοιπὸν
788 4027 886 4080 οὒκ
912 4024 980 4092 ἦν
1008 4022 1240 4095 καθορᾷν
1269 4018 1363 4079 τὰς
1394 4011 1651 4091 φορτίδας

427 4116 832 4191 Περιπεσοόσας
862 4113 923 4169 ἐκ
953 4110 1124 4166 σάλου
1152 4106 1411 4181 ναυαγίῳ,

428 4207 763 4283 ’Δγωγίμὼν
792 4202 1079 4257 σκόλευσιν
1116 4196 1478 4276 ὑφισταμένας
1510 4210 1524 4223 ·

428 4282 591 4353 Ἀλλ’
618 4298 685 4364 ἦν
718 4292 964 4367 γαλήνην
996 4290 1055 4344 ἐκ
1082 4285 1369 4363 τρικυμίας
1404 4282 1623 4359 βλέπειν

427 4383 777 4459 Διαγελῶσαν
809 4378 1164 4455 ναυαγούσαις
1194 4373 1415 4430 ὁλκάσιν
1452 4386 1469 4401 ⁶

256 4481 389 4536 5310
425 4457 653 4534 Ἥν-καὶ
685 4470 965 4539 κολαστὴς
997 4462 1332 4542 χειροδίκαις
1366 4457 1612 4536 ἀνδράσι,

424 4566 633 4634 Ποινήν
663 4582 725 4617 τε
754 4557 916 4621 τιθεὶς
948 4554 1196 4611 ἀδικοῦσι
1222 4551 1312 4607 καὶ
1342 4548 1523 4620 δίκην,

427 4655 537 4710 Κᾶν
573 4654 642 4721 ἦν
676 4647 875 4704 ἀδικῶν
910 4645 1162 4719 εὐγενῶν,
1193 4641 1464 4713 λαμπρῶν
1488 4638 1656 4712 γένει,

426 4750 516 4806 Ὠς
554 4742 633 4816 μή
665 4740 785 4794 κατ’
815 4734 962 4810 ὄψιν,
994 4731 1140 4788 ἀλλά
1172 4728 1393 4790 δικαίως
1422 4726 1642 4801 κρίνων,

428 4835 525 4888 Καὶ
562 4831 703 4885 κατὰ
734 4826 927 4902 μικρὸν
1025 4842 1150 4900 φασι
1176 4818 1267 4874 καί
1293 4819 1384 4872 τὸν
1419 4816 1606 4891 μέγαν.

256 4934 390 4988 5315
427 4930 531 4986 Καὶ
564 4933 678 4984 τῶν
708 4924 1108 4998 τεσσαράκοντα
1138 4918 1374 4994 Χριστοῦ
1409 4912 1695 4988 μαρτύρων

433 5020 582 5076 Ναὸν
614 5016 963 5091 περιώνυμον
995 5005 1368 5085 ἠγλαϊσμένον

428 5108 632 5185 Χρόνῳ
661 5101 1046 5160 παλαιωθέντα
1074 5097 1163 5154 καὶ
1192 5093 1511 5185 κεκμηκότα

426 5180 681 5254 ’Ᾰνανεοῖ
711 5192 984 5248 κάλλιστα
1013 5187 1298 5248 πλείσταις
1331 5180 1592 5244 δαπάναις
1624 5197 1637 5209 °

426 5287 511 5345 0'5
543 5285 636 5341 καὶ
670 5281 876 5356 δόμους
907 5278 1095 5355 ἤγειρε
1124 5278 1260 5351 πρὸς
1298 5269 1599 5343 κατοικίαν,

259 5379 393 5435 5320
434 5382 648 5445 Δεῆσαν
682 5371 857 5427 ἐλθεῖν
890 5370 1031 5445 πρὸς
1061 5368 1192 5421 νεὼν
1223 5369 1331 5420 τῶν
1370 5358 1657 5435 μαρτύρων

421 5462 764 5523 Πολυτελεῖς
798 5459 888 5515 καὶ
918 5456 1210 5517 ποικίλους
1235 5455 1401 5528 τέχνῃ
1434 5450 1637 5520 ξένους.

426 5554 531 5607 Καὶ
566 5551 802 5625 πατέρας
834 5545 893 5601 δὲ
922 5549 1033 5600 τῶν
1066 5540 1356 5616 λόγωνκαὶ
1386 5537 1513 5599 τοὺς
1549 5536 1753 5612 λόγους

422 5643 604 5701 Οὗτος
639 5635 897 5715 βασιλεὺς
929 5632 1111 5707 ἀξίους
1141 5630 1309 5694 τιθεὶς
1338 5627 1509 5703 λόγου

580 5760 668 5819 ΡΑ
681 5773 853 5819 reos.
904 5755 1016 5817 Gn.
1063 5748 1318 5814 CXLIII.

1789 297 1991 350 CBSA
2000 298 2158 353 RES.

1940 422 1990 489 Α
2027 424 2166 494 quia
2196 424 2379 496 gratis
2412 440 2620 497 nempe
2652 426 2945 483 dabantur
2977 430 3291 503 dignitates

2026 516 2248 568 cunctae
2282 513 2495 586 cuique
2526 514 2746 586 optimo
2778 533 2844 571 ac
2874 520 3140 589 merenti,

2023 602 2243 657 nemini
2279 602 2522 674 indigno
2553 605 2654 676 qui
2688 607 2935 677 pecunia
2966 614 3203 665 emeret.

2023 693 2192 764 Ergo,
2221 696 2287 748 ut
2316 695 2678 750 carminibus
2710 696 2929 768 psaltes
2960 697 3141 755 David
3172 701 3405 774 cecinit,

2014 782 2248 852 justitia
2278 784 2458 840 simul
2490 790 2547 841 et
2574 790 2821 843 venusta
2846 804 2958 859 pax

2022 874 2163 927 tunc
2193 874 2510 944 conjuratae
2541 876 2725 931 amice
2756 876 3198 934 osculabantur.

2024 970 2271 1042 Insuper
2302 988 2523 1028 morem
2558 972 2832 1045 impium,
2863 974 3377 1050 scelestissimum,

2026 1056 2253 1114 facinus
2282 1059 2675 1117 inhumanum
2715 1062 3203 1134 injustissimum,

2021 1163 2230 1219 nempe
2262 1149 2349 1205 uti
2382 1168 2555 1207 naves
2589 1152 2805 1208 alicubi
2838 1154 3137 1226 naufraga:

2018 1242 2324 1294 ventorum
2357 1239 2630 1297 violentia
2661 1246 2717 1296 et
2746 1243 3115 1313 tempestatis

2018 1326 2342 1395 confractae,
2378 1333 2429 1384 et
2464 1346 2598 1385 mox
2628 1330 2698 1385 ad
2732 1329 2931 1386 littora
2961 1332 3230 1403 projectas

2018 1415 2261 1471 sarcinas
2292 1417 2681 1490 direptionem
2711 1436 2777 1474 ac
2810 1420 3130 1490 perniciem

2017 1508 2223 1560 contra
2254 1506 2340 1561 fas
2371 1523 2537 1563 omne
2568 1509 2637 1562 ab
2670 1508 2882 1564 accolis
2914 1513 3277 1581 paterentur,

2017 1593 2261 1648 sustulit
2291 1596 2663 1651 Andronicus
2696 1596 2855 1668 regio
2889 1603 3035 1653 nutu
3070 1614 3083 1652 :

2017 1680 2116 1752 qui
2149 1682 2310 1751 gravi
2332 1683 2510 1753 jussu
2545 1701 2611 1739 ac
2642 1684 2820 1739 minis
2853 1685 3298 1743 vehementibus

2016 1774 2234 1826 certam
2267 1770 2573 1826 constituit
2602 1777 2851 1827 mortem
2883 1790 2948 1828 ac
2982 1773 3340 1844 supplicium

2016 1857 2109 1913 his
2141 1859 2241 1930 qui
2272 1860 2572 1916 decretum
2598 1858 2887 1916 violarent
2915 1877 3116 1930 suum,

2014 1947 2192 2020 idque
2220 1965 2355 2005 cum
2390 1966 2558 2022 poena
2588 1953 2871 2005 aeternum
2904 1953 3220 2021 ratumque
3248 1950 3451 2007 voluit.

2012 2037 2209 2110 Siquis
2239 2037 2524 2107 locorum,
2560 2038 2774 2110 inquit,
2806 2038 3242 2095 maritimorum

2012 2143 2319 2200 possessor
2349 2133 2438 2184 est
2467 2129 2538 2185 de
2566 2144 2777 2200 genere
2808 2127 3209 2200 optimatium,

2011 2233 2111 2273 seu
2144 2217 2559 2289 magistratum
2590 2218 2872 2272 traditum
2904 2234 2938 2271 a
2968 2232 3061 2272 me
3091 2232 3323 2289 gerens,

2012 2306 2201 2377 primo
2229 2323 2291 2363 se
2321 2307 2517 2378 ipsum
2550 2306 2681 2363 dein
2714 2305 3115 2375 subditorum,
3145 2306 3414 2363 ordinem

2012 2396 2084 2450 ad
2111 2395 2509 2465 Deilsanctum
2544 2395 2815 2451 timorem
2847 2395 3142 2461 instituat,

2011 2488 2186 2557 atque
2217 2485 2288 2540 ad
2322 2484 2553 2557 imperii
2586 2483 2770 2541 nostri
2803 2483 3211 2540 reverentiam.

2009 2586 2155 2638 Tum
2187 2582 2390 2654 praedii
2421 2583 2651 2654 siquem
2683 2582 2993 2638 dominum
3026 2582 3311 2639 maritimi

2009 2671 2389 2743 provincimve
2419 2672 2751 2743 praesidem,
2787 2671 3056 2743 quamvis
3088 2671 3367 2741 nobilem,

2010 2761 2079 2816 de
2110 2759 2529 2832 naufragarum
2563 2760 2801 2816 navium
2834 2759 3143 2832 quidpiam
3178 2759 3428 2817 sarcinis

2009 2849 2339 2922 percepisse
2367 2852 2525 2906 certo
2556 2848 2852 2906 constabit
2882 2847 3125 2915 indicio,

2008 2938 2167 2994 hunc
2200 2942 2399 2994 manet
2427 2938 2622 2993 dirum
2656 2938 2863 2993 merito
2895 2934 3254 3006 supplicium
3290 2952 3304 2990 :

2009 3030 2241 3085 etiamsi
2274 3030 2421 3085 forte
2451 3028 2700 3099 ipsemet
2733 3030 2923 3082 mente
2955 3040 3140 3095 purus

1928 3144 1972 3212 ρ
2014 3133 2309 3187 manuque
2339 3132 2577 3187 prorsus
2610 3111 3108 3169 incontaminalus
3141 3109 3335 3174 tuerit,

2012 3205 2062 3261 si
2093 3210 2290 3260 tamen
2322 3203 2452 3273 ejus
2482 3200 2705 3257 subditi
2738 3216 2799 3255 se
2829 3214 2959 3254 reos
2991 3196 3267 3266 fecerint;

2007 3290 2486 3365 quandoquidem
2521 3288 2727 3345 rectori
2761 3285 3216 3360 praesidentique

2008 3380 2230 3439 subditi
2260 3378 2457 3437 cuncti
2489 3375 2845 3435 conformari
2877 3376 3086 3433 solent.

2009 3482 2438 3553 Transgressor
2468 3480 2663 3533 autem
2696 3474 2844 3547 legis
2874 3475 3237 3547 perpetietur

2009 3566 2335 3623 inauditam
2367 3564 2522 3620 illico
2552 3563 2909 3620 horrendam
2943 3566 3216 3629 mortem,

2007 3655 2172 3712 triste
2202 3670 2411 3727 nempe
2442 3652 2835 3725 suspendium
2867 3651 3388 3721 extensionemque

2008 3744 2067 3799 in
2100 3743 2255 3799 malo
2288 3742 2452 3798 navis
2483 3741 2779 3813 naufraga:
2811 3740 3163 3812 experietur.

2006 3833 2152 3888 Cum
2183 3831 2362 3888 talem
2393 3830 2621 3886 cunctis
2651 3827 3001 3885 incussisset
3030 3831 3272 3895 metum,

2006 3920 2313 3977 inveterati
2345 3919 2525 3975 moris
2554 3917 2806 3974 cessavit
2836 3916 3052 3973 scelus.

2006 4009 2147 4064 Exin
2171 4008 2299 4078 jam
2332 4007 2480 4062 nulli
2509 4005 2886 4076 contingebat
2915 4004 3047 4058 navi

2008 4103 2071 4155 ut
2100 4096 2455 4170 spoliaretur
2485 4109 2659 4150 onere
2689 4109 2722 4147 a
2754 4091 3154 4164 praedonibus,

2008 4188 2059 4244 si
2091 4187 2235 4241 forte
2265 4184 2325 4239 in
2359 4183 2506 4238 mari
2539 4184 2755 4237 faceret
2785 4179 3162 4253 naufragium
3197 4196 3213 4235 :

2009 4277 2110 4333 sed
2142 4271 2479 4346 tempestati
2510 4270 2798 4327 serenitas
2830 4273 3198 4326 successerat

2010 4371 2480 4447 periclitantibus
2515 4369 2717 4424 favens
2748 4367 3057 4425 onerariis.

1935 4500 1981 4565 D
2017 4467 2261 4535 Insuper
2290 4458 2655 4517 Andronicus
2686 4457 2939 4528 injustos
2968 4456 3240 4513 homines

2015 4570 2186 4627 poma
2215 4550 2506 4608 afﬁciebat
2535 4546 2848 4619 debitaque
2877 4545 3119 4615 ultione,

2016 4639 2397 4715 quantumvis
2425 4654 2560 4695 reus
2589 4636 2809 4692 nobilis
2839 4633 3150 4707 clarusque
3181 4634 3329 4691 {oret
3360 4651 3376 4693 :

2017 4730 2242 4788 scilicet
2265 4728 2423 4786 haud
2456 4743 2561 4801 pro
2592 4742 2863 4799 persona,
2896 4724 2998 4781 sed
3021 4724 3185 4795 justo
3207 4723 3508 4795 judicans,

2018 4825 2075 4878 et
2103 4825 2337 4877 tenuem
2371 4823 2545 4889 atque
2575 4830 2856 4886 magnum
2888 4812 3132 4886 perinde
3162 4812 3485 4870 aestimans.

2021 4911 2079 4967 Is
2107 4909 2282 4966 etiam
2308 4905 2521 4963 Christi
2552 4903 2944 4977 quadraginta
2984 4906 3312 4976 martyrum

2021 4999 2246 5056 celebre
2273 4996 2442 5053 valde
2472 4992 2759 5066 templum
2789 4996 2846 5047 et
2875 4989 3346 5062 ornatissimum,

2020 5094 2162 5144 tunc
2191 5085 2464 5142 laborans
2495 5081 2779 5154 temporis
2811 5079 3053 5151 injuria,

2023 5174 2377 5232 instauravit
2405 5171 2623 5243 optime
2648 5170 2921 5240 impensa
2950 5166 3206 5240 plurima
3232 5184 3248 5225 :

2024 5266 2224 5335 ibique
2253 5262 2407 5319 mdes
2439 5260 2510 5315 ad
2541 5258 2930 5315 habitandum
2962 5255 3198 5324 struxit,

2028 5354 2318 5427 siquando
2348 5352 2419 5407 ad
2450 5350 2667 5405 dictum
2700 5346 2989 5419 templum
3020 5346 3147 5418 ipse
3177 5345 3533 5411 acccederet,

2025 5444 2188 5499 vario
2220 5439 2462 5497 artiﬁcio
2495 5442 2963 5509 sumptuosoque
2994 5435 3201 5503 miras,

2029 5534 2276 5602 Insuper
2306 5528 2532 5584 litteras
2562 5542 2695 5582 cum
2729 5525 2856 5580 suis
2887 5520 3320 5596 professoribus

2030 5621 2125 5677 hic
2155 5620 2473 5692 imperator
2503 5615 2742 5688 plurimi
2780 5611 3107 5682 mstimavit,

3318 5727 3351 5781 Ἰ

3567 313 3676 367 202
