4004 6200
316 265 424 320 203
1526 255 1899 310 ΕΡΗΚΒΜΙΙ
1935 265 1940 299 4

2013 252 2507 309 [BONOGRAPHI
3469 283 3473 288 -
3629 253 3744 310 204

317 387 621 461 largisque
650 382 791 440 fovit
823 379 994 436 donis
1027 382 1202 450 prout
1233 377 1320 434 fas
1350 382 1495 434 erat.

318 479 447 536 Jam
477 491 612 532 cum
644 472 740 529 hic
771 473 924 527 esset
955 483 1195 539 prorsus
1227 465 1422 523 lanius
1453 465 1786 532 hominum,

322 570 446 624 Imo
474 579 606 621 vero
639 562 815 618 Satan
843 561 990 614 alter
1019 555 1337 624 homicida,

324 655 426 712 ubi
457 651 746 724 concepit,
779 652 846 704 ut
875 647 956 704 ait
988 645 1195 716 David,
1221 644 1506 713 dolorem,

321 742 664 816 iniquitates
696 734 950 812 peperit!
987 735 1157 804 eheu,
1193 739 1460 792 mortem.

324 835 628 890 Decretum
662 829 750 899 ﬁt,
782 826 927 898 proh
960 823 1352 881 inhumanum
1384 823 1646 881 facinus!

326 927 390 978 ut
419 919 609 976 cuncti
642 914 854 973 inclusi
887 930 1118 971 carcere
1147 913 1234 970 vel
1268 913 1499 970 exsules

326 1009 498 1080 mari,
520 1006 609 1064 vel
639 1005 855 1081 gladio,
883 1003 971 1060 vel
1003 1002 1118 1060 alio
1149 1003 1355 1060 mortis
1386 1018 1616 1075 genere,

326 1097 562 1156 nemine
592 1101 848 1167 excepto,
879 1093 1015 1150 vita:
1047 1091 1223 1148 ﬁnem
1250 1096 1512 1160 cernant,

327 1189 439 1261 ipsi
464 1191 522 1244 et
551 1183 850 1258 conjuncti
879 1198 1082 1240 omnes
1107 1184 1242 1254 jure
1271 1181 1523 1254 generis.

328 1278 446 1334 Cur
472 1276 653 1346 enim,
685 1274 786 1342 ait,
821 1290 936 1328 uno
973 1274 1197 1328 resecto
1229 1271 1440 1343 capite,

331 1367 448 1422 alia
477 1366 835 1437 consurgent
865 1363 1036 1434 plura
1065 1364 1121 1417 et
1153 1360 1392 1432 pejora?

331 1457 467 1512 hem
499 1453 870 1520 exsecranda,
903 1448 1205 1506 horribilis
1238 1447 1562 1505 sententia!

331 1545 466 1602 hem
496 1541 875 1600 maledictum
908 1539 1241 1596 satanicum
1273 1537 1596 1605 decretum,

333 1650 368 1689 a
397 1649 512 1704 quo
543 1635 628 1687 tot
654 1629 814 1685 letho
846 1627 1302 1684 destinabantur
1331 1623 1600 1680 homines
1625 1622 1638 1678 !

335 1725 520 1793 Atque
551 1720 661 1776 hoc
690 1716 1043 1788 inscriptum
1070 1712 1285 1770 libellis
1315 1714 1617 1770 decretum

337 1811 408 1866 ab
438 1805 837 1879 iniquissimis
871 1806 1178 1876 acceptum
1200 1801 1508 1875 judicibus

337 1895 707 1956 Andronicus
739 1894 1062 1966 imperator
1092 1889 1462 1949 custodiebat
1493 1907 1507 1946 :

338 1987 513 2058 idque
543 1984 656 2041 heu
691 1982 1040 2056 quantocius
1072 1985 1455 2038 exsecuturus
1486 1986 1632 2051 erat,

340 2075 631 2149 pecudum
662 2073 852 2129 instar
881 2075 966 2128 tot
994 2071 1264 2127 homines
1289 2071 1596 2142 jugulans,

347 2168 637 2237 quotquot
668 2180 771 2236 per
798 2163 1112 2235 imperium
1145 2161 1205 2216 in
1233 2161 1439 2217 vinclis
1471 2165 1637 2217 erant

346 2267 479 2308 cum
512 2250 965 2324 consanguineis
997 2249 1225 2306 cunctis
1256 2253 1313 2305 et
1341 2249 1640 2305 afﬁnibus.

345 2340 460 2397 nisi
491 2342 726 2397 Creator
749 2339 981 2412 generis
1009 2337 1254 2395 humani
1287 2355 1353 2395 ac
1383 2338 1672 2395 Dominus

342 2433 812 2501 prmoccupasset
841 2429 1084 2501 perdere
1111 2428 1536 2498 Andronicum,

340 2517 604 2590 taliaque
630 2517 692 2573 in
723 2533 960 2573 cassum
990 2520 1216 2572 vertere
1245 2515 1514 2572 consilia.

339 2605 586 2663 Interim
615 2604 986 2662 Andronicu
1019 2606 1233 2660 cuncta
1262 2620 1510 2660 cernens

341 2695 585 2752 adversa
614 2692 727 2750 sibi
758 2692 884 2749 ﬁeri
915 2696 972 2748 et
1003 2691 1270 2748 difﬁcilia

339 2787 578 2856 propter
605 2781 853 2838 victores
885 2779 1112 2837 Siculos
1143 2781 1452 2851 exercitus,

340 2873 442 2945 qui
468 2871 951 2928 Thessalonicam
983 2874 1428 2942 occupaverant.

340 2965 515 3035 prout
543 2960 813 3034 superior
842 2957 1102 3016 narravit
1131 2957 1396 3015 historia.

339 3057 398 3110 et
428 3069 587 3109 nunc
607 3051 734 3120 jam
767 3053 969 3108 Serras
999 3047 1386 3123 Bolerumque
1416 3049 1804 3121 advenerant;

337 3144 583 3216 insuper
611 3157 832 3215 gnarus
858 3139 1114 3198 subditis
1145 3156 1206 3197 se
1237 3140 1520 3211 invisum,

337 3233 410 3287 ad
440 3231 824 3287 divinandum
857 3228 1140 3302 temporis
1171 3228 1351 3285 futuri
1384 3244 1557 3285 casus

336 3332 439 3388 per
468 3316 738 3374 homines
769 3315 1027 3373 hariolos
1058 3318 1342 3372 convertit
1373 3316 1637 3372 animum

335 3406 733 3462 abominanda
765 3409 934 3462 utens
965 3404 1399 3477 hydromantia.

333 3494 404 3549 Et
432 3493 716 3550 interesse
745 3492 987 3566 quidem
1014 3508 1149 3548 cum
1181 3489 1423 3547 hariolis

333 3582 526 3639 noluit
555 3582 705 3655 ipse,
737 3580 1094 3637 derisionem
1125 3595 1364 3648 cavens;

331 3687 535 3729 verum
565 3670 688 3727 hac
720 3669 991 3727 ministro
1023 3667 1316 3726 commisit
1339 3667 1632 3742 Stephano

331 3777 500 3818 sacra
529 3763 816 3816 nocturno
847 3761 1112 3830 tempore
1143 3771 1421 3830 peragere
1453 3775 1465 3814 :

332 3850 435 3923 qui
467 3849 539 3905 ad
571 3866 633 3906 se
660 3863 877 3905 vocans
900 3845 1146 3903 Sethum
1179 3845 1496 3920 quemdam
1529 3846 1765 3904 nomine

331 3955 572 4008 caecum,
605 3939 706 3996 sed
737 3941 859 3995 arte
889 3933 1205 4007 hariolum,
1236 3935 1309 3992 ob
1338 3936 1516 4009 idque
1546 3935 1684 3993 olim

322 4029 490 4100 justa
520 4027 814 4085 sententia
844 4025 1031 4084 oculis
1061 4025 1355 4099 privatum

327 4135 364 4175 a
393 4117 665 4176 Manuale
695 4132 966 4190 purpuras
1000 4115 1170 4188 regia;
1204 4114 1478 4185 ﬂosculo;

325 4206 687 4277 interrogare
717 4205 891 4277 cmpit
923 4204 1113 4261 malos
1144 4204 1441 4261 daemonas

321 4313 430 4369 per
459 4295 694 4352 nefarize
726 4295 868 4350 artis
897 4293 1352 4364 incantationes,

322 4384 600 4458 quisnam
633 4387 768 4455 post
794 4383 1194 4439 Andronicum
1227 4387 1418 4440 Caesar
1451 4385 1641 4441 foret?

317 4471 410 4529 vel
440 4473 622 4544 hujus
653 4469 929 4544 quisnam
961 4474 1192 4544 raperet
1224 4471 1578 4542 imperium?

317 4561 558 4618 Daemon
589 4574 658 4616 ex
689 4558 1070 4632 pelviretulit
1095 4559 1393 4632 ambigua,

315 4653 375 4706 et
406 4649 757 4722 perobscure
786 4648 929 4704 dum
960 4664 1064 4721 per
1093 4663 1304 4721 aquam
1333 4647 1600 4718 loquitur

316 4737 631 4795 delineavit
659 4734 871 4794 litteris
902 4737 1235 4804 fallacibus,

313 4827 603 4897 quantum
635 4823 922 4897 conjicere
948 4822 1139 4890 licuit,
1171 4823 1485 4880 Isaacium.

310 4910 426 4970 Nec
454 4929 589 4971 vero
633 4911 891 4970 nominis
921 4915 1135 4968 cuncta
1164 4911 1454 4969 elementa
1482 4913 1740 4987 scripsit,

309 5002 412 5060 sed
446 5000 1030 5075 semiplenw'obtulit
1054 5003 1337 5072 tanquam
1373 5002 1525 5058 Iunis

306 5091 552 5163 ﬁguram
581 5089 975 5163 dimidiatam,
1005 5092 1178 5163 atque
1207 5090 1483 5164 ambigue

303 5185 361 5239 et
389 5179 541 5237 lunas
573 5179 693 5238 iota
717 5178 972 5236 litteram
1003 5179 1345 5253 praeposuit.

1999 379 2052 448 Α
2261 379 2408 452 Σφᾶς
2440 370 2669 448 δωρεαῖς
2699 371 2894 442 ἦδυνεν
2931 369 3122 449 ἁϐραῖς
3155 372 3228 438 ὡς
3264 377 3422 448 θέμις
3455 395 3466 408 ·

2073 468 2215 522 5325
2251 471 2342 519 Ὧν
2377 461 2425 518 δ’
2455 463 2701 540 ἀτεχνῶς
2739 465 2997 542 μάγειρος
3021 464 3324 539 ἀνθρώπων
3357 463 3471 536 ὅδε,

2254 553 2484 613 Μᾶλλον
2516 549 2573 608 δὲ
2607 553 2779 609 Σατᾶν
2813 551 2989 618 ἄλλος
3020 555 3503 630 ἀνθρωποκτόνος,

2255 647 2324 713 ᾝ
2354 665 2484 722 φησι
2518 639 2706 717 Δαϐἰδ,
2739 643 3010 716 ὠδινήσας
3045 642 3112 716 δὴ
3143 644 3336 718 πόνον,

2257 733 2601 808 Παρανομίας
2631 733 2929 807 ἀποτίκτει,
2956 738 3086 812 φεῦί
3126 735 3298 813 μόρον
3335 755 3349 771 ο

2257 825 2478 898 ’Ὠριστο
2507 821 2710 893 τοίνυν,
2738 821 2782 877 ὣ
2807 823 3202 900 μισανθρώπου
3233 826 3467 900 τρόπου,

2078 915 2218 978 5330
2258 912 2693 988 Καθειργμένους
2721 912 3028 988 ξύμπαντας
3061 913 3169 970 εἷετε
3199 913 3437 991 φυγάδας

2259 1000 2465 1077 ’Ἂρδην
2499 1000 2648 1080 βυθῷ
2673 1024 2730 1057 τε
2761 1005 2850 1058 καὶ
2881 1003 3018 1081 ξίφει
3049 1005 3139 1059 καὶ
3173 1006 3386 1078 Θανάτῳ

2263 1089 2673 1168 Ηαραδοθέντας
2700 1092 2792 1147 τὸν
2825 1093 2940 1169 βίον
2974 1095 3383 1171 καταστρέφειν,

2262 1181 2469 1244 Αύτούς
2496 1203 2554 1237 τε
2584 1181 2784 1245 πάντας
2813 1183 2903 1238 καὶ
2929 1185 3306 1258 προσήκοντας
3334 1183 3499 1261 γένει.

2261 1270 2322 1326 Τί
2352 1273 2454 1348 γάῥ
2486 1273 2727 1350 κεφαλῆς
2761 1273 2805 1327 εί
2841 1279 2971 1347 μιᾶς
3001 1275 3350 1349 τετμημένης

2085 1363 2228 1419 5335
2267 1363 2540 1432 Φυήσεται
2571 1363 2783 1437 κάρηνα
2813 1364 2988 1438 χείρω
3017 1364 3108 1418 καὶ
3138 1363 3294 1420 πλέω
3322 1385 3338 1435 ;

2264 1455 2329 1508 Ὦ
2359 1454 2685 1530 παμμιάρου
2716 1454 2804 1510 καὶ
2839 1459 3161 1530 οεοστυγοῢς
3192 1453 3372 1528 δίκης,

2267 1542 2370 1602 Καὶ
2401 1549 2690 1600 σατανικοῦ
2722 1545 3032 1620 σκέμματος
3068 1545 3357 1620 μισητέου,

2267 1637 2690 1712 Κατακρίνοντος
2722 1639 2920 1702 παντὸς
2948 1639 3240 1716 ἀνθρώπου
3273 1640 3475 1716 μόρονί

2275 1724 2504 1780 Σκέιιμα
2532 1727 2774 1780 πονηρὸν
2807 1727 3062 1780 ἐγγραφὲν
3094 1727 3292 1780 τόιιοις
3322 1731 3382 1780 τό

2015 1745 2063 1811 Β
2275 1727 2504 1800 Σκέμμα
2532 1727 2774 1801 πονηρὸν
2807 1727 3062 1806 ἐγγραφὲν
3094 1727 3292 1801 τόμοις
3322 1727 3447 1785 τόδε

2095 1816 2236 1872 5340
2275 1816 2416 1890 Πρὸς
2445 1819 2549 1869 τῶν
2581 1816 2871 1891 κρινόντων
2904 1814 3078 1890 ἄνομα
3109 1813 3511 1892 δικασπόλων,¹]

2275 1904 2514 1982 Εῗληφεν
2547 1903 2891 1983 Ἀνδρόνικος
2924 1905 3209 1984 φυλάττειν
3241 1910 3456 1984 κράτωρ
3491 1929 3505 1942 ·

2273 1996 2338 2051 Ὃ
2368 1996 2495 2070 τάχ’
2525 1992 2585 2049 ἃν
2619 1993 2862 2068 ἰξήνυτο,
2896 1995 3027 2072 (per?!
3064 1998 3194 2074 φεῦί
3227 1998 3365 2073 πρὸς
3391 1998 3586 2074 πέρας,

2278 2084 2375 2138 Καὶ
2405 2082 2598 2146 πάντες
2632 2082 2955 2162 ἐσφάττοντο
2987 2083 3314 2162 θρεμμάτων
3349 2083 3504 2158 δίκην

2273 2173 2339 2232 Οἱ
2369 2177 2658 2249 πανταχοῦ
2686 2181 2788 2248 γῆς
2822 2172 3070 2230 Αὐσόνων
3099 2177 3486 2251 καθειργμένοι

2095 2267 2238 2321 5345
2279 2263 2382 2319 Σὺν
2414 2268 2529 2326 τοῖς
2561 2265 2679 2318 καθ’
2713 2265 2848 2338 αἷμα
2869 2265 2960 2318 καὶ
2990 2266 3330 2339 προσήκουσι
3360 2265 3527 2342 γένει,

2274 2351 2344 2409 Εἴ
2373 2353 2447 2426 μή
2484 2352 2818 2428 βροτουργὸς
2844 2357 2952 2408 τῶν
2987 2352 3131 2408 ὅλων
3163 2355 3251 2409 καὶ
3285 2354 3560 2426 Δεσπότης

2273 2442 2504 2512 ἘΘηκεν
2535 2438 2878 2517 Ἀνδρόνικον
2910 2439 3155 2497 ἐκποδὼν
3185 2441 3407 2521 φθάσας,

2274 2530 2571 2604 Σκέμματα
2601 2525 2648 2584 δ’
2677 2527 2947 2602 ἀπέδειξεν
2979 2528 3149 2606 ἄκυρα
3179 2527 3306 2586 τάδε
3338 2550 3352 2564 '

2273 2619 2445 2681 Οὗτος
2475 2620 2632 2674 στενά
2663 2619 2712 2673 οἱ
2744 2623 2990 2695 καθορῶν
3024 2621 3365 2696 πανταχόθεν

2093 2710 2234 2766 5350
2273 2708 2568 2784 Πράγματα
2596 2702 2961 2782 συμϐαίνοντα
2995 2706 3234 2764 δύσκολα
3257 2711 3396 2765 πάνυ

2271 2797 2364 2853 Ἐκ
2389 2796 2655 2852 Σιλικεῶν
2687 2792 2986 2874 δυσμάχων
3018 2798 3458 2875 στρατευμάτων,

2267 2888 2441 2960 "Amp
2471 2887 2846 2960 παρεστήσατο
2878 2883 3300 2958 Θεσσαλονίκην,

2269 2976 2359 3036 Ὧς
2391 2973 2579 3029 ἀνόπιν
2605 2974 2817 3050 εἴρηκεν
2851 2975 3084 3050 ἱστορεῖν
3119 2976 3344 3054 φθάσαν,

2013 3101 2057 3170 C
2270 3065 2366 3120 Καὶ
2404 3062 2568 3139 μέχρι
2605 3063 2820 3141 Σεῤῥῶν
2843 3066 2932 3121 καὶ
2959 3065 3202 3142 Βολεροῢ
3223 3069 3480 3146 πεφοάκει
3517 3091 3530 3103 ο

2091 3157 2233 3214 5355
2271 3154 2416 3230 Πρὸς
2447 3150 2494 3208 δ’
2524 3151 2589 3208 αὖ
2620 3154 2796 3228 ἰαυτῷ
2827 3153 3121 3230 δυσμενοῦς
3157 3157 3402 3229 ὑπηκόου

2007 3198 2010 3201 .
2091 3177 2233 3214 οοοο
2271 3177 2416 3220 υρος
2447 3177 2474 3208 ο
2524 3177 2589 3208 au
2621 3177 2796 3220 εαυτῳ
2827 3177 3121 3220 ουσμενους
3157 3177 3402 3220 υπηκοου

2271 3178 2416 3230 υρος
2447 3178 2474 3208 Ο
2524 3178 2589 3208 au
2621 3178 2796 3228 ιαυτῳ
2827 3178 3121 3231 ουσμενους
3157 3178 3402 3229 υπηκοου

2268 3242 2483 3302 Ἀπεῖδε
2512 3244 2650 3322 πρὸς
2681 3244 2993 3322 πρόγνωσιν
3027 3247 3100 3301 ὧν
3139 3245 3360 3321 μέλλων
3383 3247 3575 3327 χρόνω

2263 3337 2374 3404 Τὴν
2405 3331 2618 3392 ἔκϐασιν
2652 3333 2872 3391 δίδωσιν
2904 3337 3221 3410 ἠρωτηκόσι

2264 3427 2378 3494 Τὴν
2412 3424 2500 3481 διὰ
2530 3424 2738 3482 πλυνοῦ
2774 3433 3040 3501 μαντικῆς
3068 3449 3125 3483 τε
3159 3429 3432 3506 φευκτέας.

2265 3512 2438 3571 Ἀλλὰ
2466 3521 2712 3590 παρεῖναι
2744 3519 2861 3578 τοῖς
2891 3515 3246 3592 τελουμένοις
3273 3518 3396 3574 τότε

2084 3606 2225 3662 5360
2261 3605 2432 3667 Αὐτὸς
2466 3605 2558 3679 μὶν
2595 3603 2878 3679 ἀπείπατο,
2909 3609 3103 3681 μῶμον
3135 3606 3398 3664 ἐκκλίνων

2260 3695 2526 3768 Ὑπηρέτῃ
2556 3691 2601 3749 δ’
2633 3696 3152 3775 ἀγιοχριστοφορίτῃ

2262 3782 2448 3857 Φέρων
2483 3783 2766 3856 ἀνατίθησι
2790 3784 3174 3861 νυκτεργασίαν
3207 3806 3220 3818 ·

2256 3873 2352 3935 ⁸ος
2382 3866 2716 3949 παραλαϐών
2745 3894 2864 3929 τινα
2895 3873 3010 3942 Σὴθ
3037 3871 3381 3949 κεκλημένον

2257 3963 2440 4036 Πηρὸν
2475 3963 2568 4032 μὲν
2599 3959 2776 4037 ὄψεις,
2811 3963 3074 4037 μαντικὴν
3107 3961 3152 4019 δ’
3181 3965 3518 4039 ἠσκημένον,

2077 4051 2220 4108 5365
2257 4050 2333 4108 Οὗ
2367 4049 2525 4126 χάριν
2548 4050 2847 4128 ,ἐγκέκοπτο
2877 4053 2973 4118 τὰς
2997 4052 3160 4128 κόρας
3191 4050 3357 4108 πάλιν

2256 4141 2399 4213 Πρὸς
2429 4145 2843 4219 πορφυρανθοῦς
2872 4140 3138 4213 Μανουήλ
3171 4140 3302 4216 μάλ’
3333 4139 3563 4210 ἐνδίκως
3597 4167 3612 4180 ο

2253 4229 2580 4286 Πυνθάνεται
2611 4227 2678 4299 δὴ
2709 4234 2815 4285 τῶν
2845 4234 3100 4308 πονηρῶν
3133 4232 3461 4306 πνευμάτων
3526 4296 3532 4300 _

2255 4318 2480 4389 ΦαύΛης
2504 4316 2732 4392 ,ἐπῳδῆς
2759 4324 2992 4396 μαντικῇ
3024 4323 3437 4399 πεπραγμένης,

2253 4408 2440 4470 Ὅστις
2475 4409 2590 4480 μετ’
2619 4405 2966 4486 ’Δνδρόνικον
2999 4408 3172 4484 ἄρξων
3206 4411 3483 4486 τυγχάνει,

1996 4457 2044 4523 D
2073 4495 2215 4552 5370
2252 4496 2319 4550 Ἢ
2348 4457 2675 4572 παράλύσων
2710 4457 3382 4576 τὲζέξὲξςῖξᾶἒαρᾖὲοἶέἶ

2250 4589 2468 4658 Πνεῦμα
2497 4582 2543 4640 δ’
2574 4584 2782 4644 ἀνεῖλεν
2815 4586 2876 4644 ἐκ
2903 4585 3113 4644 πλυνοῦ
3147 4583 3472 4665 βεϐυσμᾶνα,

2249 4671 2482 4731 Μᾶλλον
2518 4671 2565 4729 δ’
2594 4672 2851 4753 ἀμυδρῶς
2881 4677 2956 4741 ὠς
2992 4678 3042 4734 ἐν
3076 4674 3230 4733 ὕδασι
3263 4676 3423 4755 λέγον

2249 4770 2579 4843 Σκιαγραφεῖ
2607 4768 2893 4844 γράμμασι
2923 4766 3370 4842 πεπλανημένοις
3442 4831 3444 4833 μ

2245 4855 2534 4929 Ἰσαάκιον,
2564 4855 2638 4922 ὡς
2667 4857 2790 4928 ἰνῆν
2823 4856 3110 4915 ἀπεικάσαι
3146 4878 3162 4896 ⁸

2063 4944 2205 5002 5375
2243 4942 2319 5002 Οὖ
2348 4944 2600 5016 κλήσεως
2626 4948 2924 5023 γράμματα
2952 4940 3208 5020 συντάξαν
3236 4945 3360 5021 ὅλα,

2239 5036 2440 5111 Ὥσπερ
2473 5037 2708 5108 σελήνης
2741 5034 2788 5092 δ’
2819 5037 3166 5116 ἀμφικύρτου
3198 5036 3467 5116 φαντάσαν

2236 5124 2531 5198 Ἦμίτονον
2565 5125 2758 5202 σχῆμά
2786 5147 2836 5183 τι
2869 5127 2959 5183 καὶ
2980 5126 3386 5202 πεπλασμένον,

2237 5214 2338 5270 Καὶ
2369 5211 2516 5270 τοῦδ’
2550 5214 2682 5271 ἰῶτα
2711 5216 3009 5297 προγράφει
3043 5214 3220 5290 λοξῶς
3251 5215 3420 5274 τύπον
3451 5218 3571 5292 (63)

513 5428 1520 5525 gelliustnsn'tiglfgs_ivppigfﬁci
1541 5434 1827 5525 signantia
1857 5446 1946 5525 est
2054 5462 2178 5525 ram
2229 5445 2250 5502 Ι
2300 5463 2414 5525 non
2464 5448 2856 5525 praepositam,
2911 5452 3013 5509 sed
3066 5453 3447 5525 subjunctam
3497 5453 3702 5514 fuisse

291 5501 1464 5594 94°31PPPPSSiFP.iniisserfesésbet
1491 5501 1944 5594 Maesesses
2053 5501 2128 5574 σι)
2158 5501 3013 5594 insanam$5,351.55:

297 5574 384 5632 IG.
419 5571 653 5633 Verum’
677 5573 908 5631 Nicetes
956 5571 1272 5632 Chohiates
1302 5573 1440 5632 hist.
1476 5593 1538 5649 ιι,
1569 5579 1623 5648 9,
1657 5580 1738 5637 ait
1784 5581 1940 5641 litte-
