4104 6204
274 306 393 361 205

468 429 737 485 ἽΙκουσεν
766 422 1118 501 ’Δνδρόνικος
1148 421 1392 484 πεύσεως
1428 420 1656 497 λόγους,

269 524 425 582 5380
462 518 576 576 Καὶ
608 515 802 591 καιρὸν
832 514 1004 570 εἰπεῖν
1039 515 1183 586 ἀξιοῖ
1205 513 1323 567 καθ’
1353 513 1413 567 ὃν
1440 510 1586 568 τάδε.

468 612 667 670 Πεῦσις
696 604 962 660 τολοιπὸν
996 603 1239 680 γίγνεται
1274 599 1341 671 δὴ
1375 598 1620 677 δευτέρα,

472 699 571 754 Καὶ
600 697 797 768 πνεῦμ’
828 692 1012 749 ἀνεῖλε
1039 689 1109 747 δι’
1139 690 1465 765 ἐπασμάτων
1496 688 1625 746 τάδε
1656 709 1671 725 ·

468 791 557 851 Ὠς
588 787 801 861 ἡμέρας
834 778 1077 838 ἔντοσθεν
1112 781 1333 857 ὑπάρξει
1363 777 1511 851 τάδε,

464 880 597 942 Καθ’
627 878 692 945 ἣν
720 875 785 930 τὸ
814 868 1135 949 τρισόλϐιον
1174 871 1404 944 ὑψοῦται
1437 867 1596 940 ξύλον
1635 888 1646 901 ο

268 973 429 1032 5385
470 967 611 1027 Μίαν
642 964 691 1021 δ’
721 967 750 1020 ὁ
780 957 1157 1035 Σεπτέμόριος
1181 962 1281 1036 ἦγε
1307 961 1444 1037 πρὸς
1475 957 1623 1031 δέκα,

464 1060 629 1114 Ἐπὰν
665 1053 861 1130 ἐδρᾶτο
891 1054 1083 1127 πρᾶξις
1116 1048 1518 1127 άρῥητουργίας

460 1150 532 1205 ⁸Α
559 1146 732 1221 λῆρον
762 1146 1013 1220 ἡγήσατο
1044 1140 1208 1216 γνοὺς
1236 1144 1403 1194 ταῦτα
1432 1137 1647 1214 κράτωρ
1681 1156 1694 1168 ·

452 1241 576 1298 Πῶς
607 1233 665 1290 ἄν
702 1235 827 1289 ποτ’
858 1231 1131 1306 ’ίσχύσειεν
1166 1229 1335 1285 εἰπὼν
1371 1227 1655 1303 Κυπρόθεν

462 1325 710 1387 Πλεύσας
742 1322 1009 1383 ’[σαάκιος
1041 1318 1091 1375 ἐν
1130 1320 1329 1395 βραχεῖ
1360 1317 1546 1393 χρόνῳ

262 1419 414 1474 5390
456 1415 619 1475 Οὕτω
648 1413 1015 1485 καταστρέψαι
1048 1430 1113 1484 με
1141 1413 1241 1475 τῆς
1270 1408 1642 1483 κραταρχίας;

460 1506 571 1564 Τὸν
593 1503 855 1581 Κυπρίων
884 1501 1145 1577 τύραννον
1180 1497 1391 1568 οἰηθεὶς
1422 1497 1611 1552 πέλειν

454 1597 553 1650 Τὸν
586 1596 831 1649 καθεκεῖν
868 1588 1149 1666 μέλλοντα
1176 1585 1329 1644 τόνδε
1355 1590 1453 1643 τοῦ
1483 1588 1737 1661 κράτους,

448 1682 656 1760 ’Ἄνδρα
688 1686 989 1757 Κομνηνῶν
1022 1680 1083 1736 ἐκ
1109 1678 1296 1755 γένους
1327 1677 1694 1752 κατηγμὲνον,

455 1775 803 1844 ’Δποστάτην
837 1770 896 1827 δὲ
922 1774 1021 1826 τοῦ
1050 1769 1283 1845 κράτους
1317 1764 1682 1840 δεδειγμένον,

261 1868 411 1923 5395
450 1866 664 1942 Ἀρχήν
694 1883 754 1919 τε
780 1864 876 1931 τήν
911 1860 1184 1935 ὕπαρχον,
1218 1857 1294 1920 εἷς
1325 1854 1586 1933 ἀναρχίαν

449 1951 755 2031 Τυραννίδα
781 1973 839 2008 τε
870 1949 1149 2024 δυσμενῶς
1178 1948 1477 2019 τεθεικότα,

446 2045 563 2113 Τὴν
595 2044 809 2099 Ἰσάκου
839 2039 1035 2110 κλῆσιν
1071 2036 1130 2093 δὲ
1150 2034 1577 2106 πεπλουτηκότα
1611 2052 1624 2067 ·

447 2132 608 2190 Οὕτω
636 2131 866 2205 νομίσας
898 2125 1247 2202 ’Δνδρόνικος
1276 2124 1367 2181 καὶ
1399 2125 1629 2202 φράσας,

446 2221 541 2283 Είς
573 2221 778 2296 ἀρχικᾶ
808 2217 1035 2291 δώματα
1061 2218 1131 2272 τὰ
1157 2217 1293 2289 πρὸς
1324 2213 1584 2286 Ἀνάπλῳ

254 2313 405 2369 5400
443 2312 589 2385 Πρὸς
617 2303 905 2385 διατριϐὴν
933 2309 1022 2363 καὶ
1058 2304 1308 2381 διάχυσιν
1341 2298 1463 2373 ἔϐη.

442 2402 507 2458 Ὀ
537 2398 585 2455 δ’
616 2399 682 2455 αὖ
709 2402 1016 2473 κακοῦργος
1047 2393 1602 2471 ἀντιχριστοφορίτης

446 2488 677 2566 Τρὲχων
708 2489 903 2565 ἀφῖκτο
936 2485 1031 2541 σὺν
1056 2484 1268 2559 ὀλίγοις
1299 2482 1533 2543 οἰκέταις

446 2580 591 2655 Πρὸς
622 2578 795 2633 οίκίαν
830 2574 1106 2632 εὕκτιστον
1141 2572 1430 2645 Ἰσαακίου,

445 2671 543 2724 Καὶ
573 2666 717 2723 τόνδ’
742 2667 941 2745 ἐφώνει
966 2670 1075 2721 τῶν
1107 2661 1292 2736 δόμων
1324 2660 1564 2718 κατιᾶναι
1599 2678 1617 2696 ο

256 2760 406 2817 5ιὶ05
444 2758 542 2812 Καὶ
576 2753 707 2829 τῷδ’
732 2756 993 2829 ὁμαρτεῖν
1027 2751 1090 2808 οὗ
1123 2749 1273 2807 δοκεῖ
1296 2748 1605 2824 πορευτέον.

444 2848 507 2905 Ὀ
541 2848 636 2920 μὲν
669 2843 864 2908 δεδιὼς
894 2845 993 2913 τὴν
1026 2841 1275 2917 ὁμοκλὴν
1308 2839 1497 2896 αὐτίκα

443 2936 763 2993 Θεοκλυτῶν
800 2935 1019 3010 ὑπῆρχε
1052 2932 1311 3008 ῥυσθῆναι
1342 2930 1514 3004 μόρου
1549 2948 1563 2962 ·

444 3028 507 3085 Ὀ
537 3024 585 3082 δ’
614 3024 789 3103 ἀγρίῳ
822 3023 1105 3100 βλέμματι
1134 3020 1225 3077 καὶ
1261 3021 1367 3096 βοῇ
1395 3016 1563 3074 πάλιν

438 3116 612 3174 Αὑτὸν
642 3113 924 3171 κατελθεῖν
959 3109 1301 3187 ἐγκελεύεται
1331 3110 1526 3183 τάχος.

247 3208 398 3265 5410
440 3204 601 3261 Ἀλλ’
632 3203 707 3267 ὡς
742 3204 887 3279 ἑώρα
916 3198 1253 3277 βραδύνοντα
1280 3198 1372 3253 καὶ
1402 3196 1596 3267 πάλιν,

439 3299 573 3357 Τοῖς
599 3293 833 3355 οἲκὲταις
864 3292 932 3361 ἦν
960 3288 1240 3366 ἐγκραγὼν
1278 3288 1412 3362 μετᾶ
1443 3284 1621 3361 χόλου

440 3384 716 3461 Σύροντας
744 3382 905 3438 αὐτὸν
939 3380 1188 3456 κατάγειν
1222 3377 1540 3451 οἰκημάτων
1578 3394 1593 3409 ·

441 3475 629 3537 Μόλις
660 3473 943 3530 κατελθεῖν
978 3465 1285 3533 Ξκϐιασθείς
1313 3470 1384 3540 τῇ
1419 3466 1511 3542 βίᾳ

438 3569 633 3622 Ἵππον
663 3568 712 3620 τ’
744 3558 947 3626 ἀναϐὰς
978 3559 1404 3637 ηύτρεπισμὲνον
1428 3558 1551 3613 τότε

250 3658 404 3714 5415
567 3654 843 3731 Ἀγγὲλων
875 3655 1087 3714 Ἴσακος
1122 3648 1559 3725 ἀνδρειοφρόνως

444 3744 801 3818 Σπασάμενος
831 3745 1105 3821 φάσγανον
1133 3742 1308 3810 ἠκονη
1321 3738 1497 3812 μίνον,

440 3832 777 3912 Ἐφάλλεται
810 3831 877 3902 δὴ
910 3827 1459 3906 ἀντιχριστοφορίτῃ,

444 3925 541 3980 Καὶ
572 3923 909 4000 κατενεγκὼν
935 3920 1096 3977 τοῦδε
1119 3920 1345 3994 πληγήν
1372 3918 1608 3994 καιρίαν,

446 4021 588 4091 Διχῆ
618 4011 863 4091 κεφαλήν
898 4010 1115 4085 διέκοψε
1137 4012 1209 4083 τῇ
1241 4010 1417 4082 σπάθη
1450 4027 1463 4040 '

254 4108 403 4165 5420
439 4106 531 4159 “Ov
561 4104 653 4159 καὶ
682 4106 1004 4178 προκεῖσθαι
1032 4105 1150 4162 τοῖς
1177 4097 1300 4154 κυσὶ
1333 4096 1510 4154 λιπὼν
1541 4093 1712 4171 ἕλωρ,

442 4198 601 4270 Ὅλῳ
636 4196 832 4272 ῥυτῆρι
861 4194 998 4269 πρὸς
1028 4192 1163 4247 νεὼν
1195 4188 1381 4267 τρέχει
1416 4190 1586 4265 μέγαν

444 4290 525 4343 Δι’
554 4288 761 4363 ἀγορᾶς
788 4304 848 4340 τε
875 4285 963 4339 καὶ
998 4280 1282 4360 λεωφόρου
1317 4281 1486 4354 μέσης
1520 4297 1533 4311 ο

448 4378 546 4433 Καὶ
583 4376 732 4453 χειρὶ
754 4374 965 4451 γυμνὸν
995 4373 1058 4427 τὸ
1089 4371 1239 4450 ξίφος
1268 4370 1445 4448 φέρων
1473 4365 1552 4424 ἔτι

446 4473 613 4523 Πᾶσιν
644 4467 809 4541 τορὸν
840 4465 1091 4540 κέκραγε,
1118 4456 1261 4533 τῷδε
1286 4461 1366 4531 τῷ
1398 4459 1537 4537 ξίφει

263 4562 408 4618 5425
444 4560 644 4631 Τεμεῖν
676 4554 923 4630 κεφαλὴν
956 4548 1528 4626 ἀντιχριστοφορίτου.

448 4647 603 4704 Ἐπεὶ
636 4643 695 4700 δὲ
722 4643 850 4699 ναὸν
883 4638 1174 4717 εἰσέδραμε
1194 4639 1286 4694 τὸν
1320 4636 1504 4713 μέγαν,

447 4737 558 4796 Τὸν
586 4740 695 4791 τῶν
728 4736 1047 4813 φονουργῶν
1078 4728 1238 4803 ἔσχεν
1264 4727 1343 4793 εἲς
1372 4729 1555 4783 στάσιν
1585 4729 1751 4783 τόπον
1788 4730 1921 4802 (64).

446 4826 581 4883 Βῖτα
614 4822 856 4900 συνεῤῥει
886 4820 1026 4877 κατὰ
1054 4817 1375 4895 χιλιοστύας

443 4917 677 4990 Ἀπειρα
705 4910 896 4983 πλήθη
927 4910 1064 4985 πρὸς
1096 4909 1218 4973 θίαν
1253 4906 1541 4975 Ἰσαακίου,

268 5006 407 5065 5430
447 5005 554 5068 Οὓς
582 5005 677 5059 καὶ
704 5002 1049 5066 καθικέτευσε
1075 4996 1209 5071 τῷδ’
1238 4997 1527 5069 ἐπαμύνειν

1826 302 2186 357 ΟΕΒΔΒΕΞ.

1979 430 2033 497 Α
2063 426 2297 483 Oraculi
2328 429 2703 487 Andronicus
2733 432 2927 488 verbis
2960 432 3232 504 cognitis,

2061 519 2299 590 tempus
2330 519 2599 591 poposcit
2627 521 2779 578 scire
2810 537 2924 592 quo
2955 522 3077 579 haec
3104 522 3330 579 ﬁerent.

2062 604 2278 663 Iterum
2311 625 2449 681 ergo
2482 615 2729 684 rogatur
2758 612 3087 668 oraculum.

2060 695 2209 751 Tum
2241 697 2325 753 sic
2357 701 2680 772 composito
2711 704 2973 758 carmine
3004 703 3232 759 daemon
3265 703 3349 761 ait
3383 721 3395 760 :

2058 788 2190 840 Haec
2219 786 2373 843 intra
2403 790 2557 845 diem
2590 792 2814 848 exitum
2847 797 2988 848 sunt
3017 792 3296 850 habitura

2057 890 2171 945 quo
2206 879 2601 934 venerandum
2635 879 2785 936 solet
2814 881 3058 936 exaltari
3089 880 3313 952 lignum
3346 897 3361 937 :

2055 980 2226 1034 porro
2255 969 2613 1039 Septembris
2634 970 2762 1038 jam
2795 975 2922 1026 erat
2949 970 3076 1026 dies
3107 971 3422 1027 undecima

2054 1053 2195 1109 dum
2225 1055 2344 1111 ί]ωο
2371 1074 2582 1113 arcana
2615 1058 2896 1137 divinatio
2928 1060 3111 1116 ﬁeret.

2052 1147 2170 1199 Has
2201 1144 2519 1217 imperator
2549 1164 2739 1220 nugas
2770 1165 2901 1205 esse
2930 1150 3200 1207 credidit.

2051 1234 2352 1297 Quomodo
2385 1237 2566 1305 enim,
2596 1239 2808 1310 inquit,
2842 1240 3027 1311 Cypro
3058 1240 3274 1311 poterit

2049 1325 2163 1380 huc
2194 1325 2468 1397 navigare
2501 1327 2761 1384 Isaacius
2792 1333 2912 1384 tam
2944 1328 3101 1384 brevi
3130 1332 3414 1400 tempore,

2048 1430 2364 1487 meumque
2395 1416 2560 1488 regni
2592 1416 2809 1474 solium
2840 1422 3093 1475 evertere
3116 1418 3143 1473 ?

2045 1504 2432 1560 Existimabat
2462 1506 2621 1562 enim
2652 1511 2971 1578 tyrannum
3004 1508 3283 1579 Cyprium

2044 1598 2101 1649 et
2128 1592 2489 1649 eversionem
2522 1594 2614 1650 sui
2647 1600 2963 1652 venturum
2994 1596 3215 1665 throni,

2044 1682 2235 1738 virum
2267 1684 2564 1740 Comnena
2592 1684 2664 1739 de
2696 1689 2868 1756 gente
2896 1685 3291 1757 progenitum,

1964 1789 2012 1856 Β
2044 1772 2144 1845 qui
2178 1772 2538 1844 perduellem
2571 1777 2757 1829 semet
2782 1773 3030 1845 imperio
3062 1773 3345 1831 exhibens

2042 1862 2249 1919 insulas
2281 1863 2688 1934 praefecturam
2721 1864 2793 1920 ad
2827 1878 2890 1919 se
2921 1868 3217 1935 rapuerat,

2039 1951 2236 2023 ibique
2268 1969 2479 2008 saevam
2505 1953 2812 2008 exercebat
2843 1952 3236 2024 tyrannidem,

2036 2046 2213 2113 atque
2244 2042 2443 2098 Isacus
2476 2042 2714 2098 nomine
2740 2041 3169 2115 appellabatur,

2034 2131 2129 2186 Sic
2157 2132 2530 2188 Andronicus
2555 2132 2759 2188 dicens
2790 2135 2963 2203 atque
2994 2130 3358 2201 existimans,

2034 2220 2105 2275 ad
2138 2220 2327 2291 regias
2356 2221 2509 2277 aedes
2540 2221 2645 2277 ivit
2675 2237 2802 2292 quae
2833 2226 2973 2277 sunt
3004 2221 3063 2276 in
3095 2220 3313 2293 Anaplo

2034 2314 2097 2364 ut
2124 2326 2253 2365 sese
2280 2309 2335 2364 in
2369 2309 2469 2365 illo
2500 2310 2817 2366 oblectaret
2846 2310 3122 2382 hospitio.

2033 2399 2273 2454 Interim
2304 2403 2501 2454 tamen
2534 2398 2835 2455 maleﬁcus
2864 2399 3198 2471 Stephanus
3244 2429 3248 2433 -

2031 2503 2163 2544 cum
2194 2487 2397 2560 paucis
2428 2488 2643 2560 raptim
2667 2489 2828 2545 venit
2857 2488 3244 2546 familiaribus

2032 2577 2104 2632 ad
2135 2577 2416 2649 pulchras
2447 2578 2599 2635 aedes
2630 2578 2841 2635 Isaacii
2870 2579 3096 2649 Angeli,

2031 2681 2288 2738 eumque
2318 2684 2457 2725 voce
2488 2668 2669 2740 jussit
2698 2668 2935 2740 prodire
2964 2669 3161 2738 domo,

2035 2772 2210 2827 seque
2241 2758 2453 2814 ducem
2486 2757 2653 2830 sequi
2684 2774 2971 2829 quorsum
3003 2758 3289 2814 tenderet.

2034 2845 2135 2902 Ille
2168 2846 2386 2903 minaci
2416 2851 2829 2905 consternatus
2860 2863 3020 2919 voce,

2034 2940 2098 2991 ut
2131 2950 2188 2992 se
2219 2936 2394 2993 morti
2424 2938 2782 2994 subduceret
2809 2938 2996 2994 Deum
3030 2937 3296 3009 rogabat.

2030 3025 2363 3098 Stephanus
2394 3028 2578 3083 torvis
2609 3026 2796 3083 oculis
2828 3025 3158 3083 inclamans
3182 3026 3393 3081 iterum

1952 3144 1996 3213 ο
2031 3120 2095 3213 ut
2125 3116 2253 3171 sine
2279 3119 2817 3213 mora-sequeretur
2836 3114 3024 3213 jubet.

2033 3205 2248 3262 Verum
2281 3210 2346 3261 ut
2372 3206 2519 3261 vidit
2546 3206 2951 3262 demorantem
2981 3206 3195 3273 adhuc,

2034 3296 2285 3351 intendit
2312 3311 2510 3352 vocem
2541 3296 2615 3351 ad
2646 3294 2929 3352 satellites
2955 3312 3115 3366 suos,

2034 3388 2098 3440 ut
2124 3400 2258 3441 eum
2289 3389 2622 3456 correptum
2652 3383 2878 3440 aedibus
2910 3385 3336 3456 protraherent.

2030 3474 2178 3529 Tum
2211 3474 2452 3530 demum
2485 3473 2588 3530 tali
2617 3473 2672 3529 vi
2702 3477 2940 3531 coactus
2970 3490 3213 3546 equum,

2033 3564 2131 3635 qui
2165 3564 2312 3620 bene
2342 3564 2672 3620 instructus
2700 3563 2923 3631 aderat,
2956 3566 3297 3622 conscendit

2032 3652 2292 3724 Angelus
2318 3654 2598 3721 Isaacius,
2631 3657 2985 3726 sumptoque
3016 3654 3215 3711 animo

2035 3748 2275 3800 acutum
2307 3742 2571 3815 gladium
2603 3744 2673 3799 de
2697 3744 2909 3815 vagina
2940 3761 3215 3815 promens

2031 3835 2259 3906 impetu
2291 3836 2495 3891 contra
2524 3832 2892 3903 Stephanum
2923 3832 3174 3906 impium
3206 3835 3345 3905 ruit,

2030 3928 2204 3996 atque
2233 3939 2362 3979 eum
2396 3920 2628 3977 mortali
2659 3926 3011 3979 consecutus
3039 3924 3183 3992 ictu,

2030 4016 2207 4085 caput
2236 4011 2507 4067 bifariam
2540 4010 2703 4067 ensis
2732 4010 2854 4067 acie
2884 4012 3098 4081 secuit;

2027 4108 2085 4160 et
2114 4103 2369 4175 praedam
2402 4101 2648 4157 canibus
2677 4100 2977 4157 hominem
3003 4101 3364 4175 relinquens,

2027 4198 2207 4255 etl'uso
2239 4208 2416 4250 cursu
2447 4204 2729 4261 magnum
2761 4190 2834 4246 ad
2864 4190 3151 4262 templum
3180 4195 3342 4251 venit

2028 4304 2132 4361 per
2162 4284 2314 4340 viam
2347 4278 2645 4353 publicam
2676 4294 2895 4351 perque
2925 4281 3117 4337 forum
3150 4283 3435 4353 medium;

2030 4377 2378 4445 nudumque
2407 4369 2602 4427 adhuc
2635 4384 2813 4426 manu
2847 4369 3113 4441 gladium
3149 4387 3358 4443 gerens

2030 4464 2258 4524 cunctis
2288 4458 2664 4530 inclamabat,
2686 4458 2806 4515 Hoc
2836 4475 2942 4532 ego
2974 4460 3167 4532 gladio

2032 4555 2217 4628 capite
2249 4547 2593 4609 obtruncavi
2617 4548 2936 4605 scelestum
2968 4550 3357 4622 Stephanum.

2032 4647 2105 4701 At
2132 4642 2233 4699 ubi
2264 4640 2323 4695 in
2357 4652 2636 4710 magnum
2667 4637 2930 4710 pervenit
2958 4640 3271 4711 templum,

2032 4730 2467 4789 homicidarum
2498 4725 2793 4798 pulpitum
2817 4725 3059 4785 insedit.

2035 4822 2321 4891 Deinceps
2350 4816 2681 4873 confluente
2714 4816 2887 4872 turba
2915 4819 3174 4876 maxima

2036 4912 2471 4978 innumeroque
2499 4903 2713 4977 populo
2745 4906 2818 4962 ad
2851 4907 3158 4975 Isaaoium,

2035 5000 2131 5056 hic
2160 4996 2507 5056 obsecrabat
2536 4998 2601 5051 ut
2629 4994 2742 5051 sibi
2775 4996 3078 5068 suppetias

2039 5092 2257 5146 ferrent
2280 5090 2337 5142 et
2367 5083 2620 5142 validam
2651 5084 3073 5154 defensionem,

3606 312 3714 367 206

449 5095 555 5152 Καὶ
586 5094 685 5163 τὴν
711 5089 941 5160 δυνατὴν
969 5088 1231 5168 εἶσφᾶρειν
1266 5083 1615 5159 συμμαχίαν,

450 5186 606 5241 Ὀντι
636 5183 775 5258 πρὸς
806 5180 992 5241 αὐταῖς
1021 5181 1121 5234 τοῦ
1146 5176 1377 5242 θανάτου
1406 5178 1526 5236 ταῖς
1556 5172 1756 5237 πύλαις
1791 5194 1804 5209 ’
2038 5181 2071 5237 ίι

1604 5172 1756 5237 ύλαις
1791 5194 1804 5209 ’
2038 5181 2098 5237 in
2127 5176 2275 5251 ipsis
2307 5188 2516 5247 nempe
2547 5173 2737 5248 posito
2768 5175 2977 5232 mortis
3000 5176 3225 5246 januis.

341 5383 457 5456 (64)
491 5379 726 5456 liiicetas
758 5379 1074 5456 Choniates
1107 5376 1207 5456 lib.
1241 5389 1302 5444 ιι,
1338 5374 1406 5430 10
1430 5372 1574 5456 εηΐὸν
1626 5375 1768 5456 ρεῖον
1815 5369 1930 5456 εἷσ-

2077 5393 2248 5456 ησινς
2282 5378 2545 5456 templum
2582 5377 2863 5456 ingressas
2912 5391 3034 5432 eam
3075 5375 3256 5456 sedem
3285 5370 3599 5456 conscendit
3629 5374 3690 5456 in

278 5444 371 5539 ἰὼν
421 5444 575 5539 ναὸν,
645 5452 812 5539 ἀνεισι
861 5450 992 5539 cev-
1038 5448 1404 5539 ἀνάσταθμογ,
1460 5444 1541 5539 ὃνι
1608 5445 1661 5532 οἱ
1719 5452 1899 5539 βφονεῖ

2076 5444 2157 5509 tia
2188 5449 2481 5539 Ιιριηὶσξξίκ
2507 5444 2694 5539 cunni.
2714 5449 2938 5531 facinus
2972 5448 3206 5539 'publice
3250 5448 3591 5539 cariﬁte‘n‘tles,
3624 5444 3692 5500 ab

281 5514 665 5601 ἆ-θερχόμενοι,
708 5522 786 5601 ’τὸ
847 5522 1052 5601 οἰκεῖον
1128 5514 1657 5601 ᾁνακεξιαλυμμξνῶς
1714 5514 1902 5595 διάτρα

2076 5522 2480 5601 agr-radiantibus
2517 5514 2924 5577 sanctissimum
2967 5514 3145 5576 locum
3183 5517 3697 5589 egrodicnlz‘busque

274 5586 448 5686 335:3?
487 5586 912 5686 πλημμέλημα,
968 5593 1069 5665 τὴν
1103 5589 1185 5686 ,ἐκ
1240 5593 1347 5645 τῶν
1402 5586 1680 5686 εἰσιόντων
1728 5611 1787 5646 τε
1840 5586 1895 5685 κς

897 5640 912 5663 ,
968 5593 1069 5665 τὴν
1103 5589 1185 5686 ,ἐκ
1240 5593 1347 5645 τῶν
1402 5586 1680 5686 εἰσιόντων
1728 5611 1787 5646 τε
1840 5586 1933 5685 καὶ
2048 5586 2265 5654 veniam
2306 5597 2517 5665 petunt.

280 5667 528 5741 ἱξιόντων
589 5656 669 5723 'x'e'
708 5656 1034 5744 ἱερίἶηατοκί
1065 5660 1286 5737 τέμενος
1366 5656 1636 5722 αῒτοῦντες
1712 5665 1933 5740 συγχώ-
