4004 6200
224 317 347 373 209
1782 332 1805 386 (

2091 331 2138 383 Β.
3562 353 3672 409 210

420 443 515 503 Ὦς
547 442 679 517 ’Ῠθάετ
711 439 843 519 ἔφην
876 443 1144 521 φεύγοντα
1173 451 1309 523 πρὸς
1349 452 1731 529 Ταυροσκύθας
1936 457 1990 523 Α

1979 501 1990 521 ι
2021 452 2163 508 dum
2196 452 2441 524 fugeret,
2476 458 2539 510 ut
2570 456 2847 528 diximus,
2883 462 2953 516 ad
2987 465 3228 535 Scythas
3258 470 3560 547 Tauricos,

421 531 645 588 Ἀνακτι
678 532 1019 602 παρέστησαν
1063 538 1339 612 Ἰσαακίῳ.

224 621 380 677 5495
420 619 521 675 Καὶ
552 616 759 675 λοιπὸν
786 619 928 683 ο⁶ίαις
962 620 1232 699 ὶξέτριψεν
1260 627 1463 691 αῒκίαις

414 709 607 770 Ὀσαις
635 730 695 763 τε
725 715 945 773 ποιναῖς
979 713 1250 778 Ἰσαάκιος
1278 719 1496 793 κράτωρ

414 799 520 855 Τὸν
553 796 745 853 ἄθλιον
787 800 1021 874 γὲροντα
1048 801 1203 859 τόνδε
1230 805 1317 860 καὶ
1363 806 1509 882 βίαις

412 888 531 945 Οὐκ
559 886 619 943 ἄν
653 909 736 951 τις
771 888 1049 964 ἶσχύσειεν
1085 892 1251 948 εἰπεῖν
1286 892 1504 971 ῥᾳδίως·

405 979 601 1049 Ὅμως
630 976 895 1055 φράσαιμ’
924 978 985 1034 ἃν
1021 981 1257 1039 συνελὼν
1286 986 1423 1041 κατά
1446 988 1652 1048 σθένος·

222 1076 370 1131 5500
408 1075 803 1151 Καθείργνυται
835 1081 1027 1152 πρῶτα
1061 1080 1157 1152 μὲν
1195 1083 1351 1145 οὗτος
1380 1082 1456 1143 εἷς
1483 1083 1645 1139 πόλιν

408 1170 646 1237 Δεσμοῖς
678 1160 929 1239 σιδηροῖς
960 1164 1190 1232 ἱνδεθεές
1222 1169 1406 1246 δειρήν
1440 1171 1631 1236 πόδας

408 1253 526 1309 Εἶτ’
558 1253 909 1328 ἐμφανισθεὶς
938 1254 1148 1322 ἀθλίως
1187 1259 1362 1324 οὕτως
1391 1260 1536 1337 ἔχων

403 1348 498 1416 Τῷ
532 1342 770 1418 βασιλεῖ,
806 1343 1103 1418 σκώμμασι
1138 1347 1395 1421 βάλλεται
1432 1348 1604 1415 τάλας

407 1432 516 1489 Καὶ
548 1430 943 1508 λοιδορησμῶν
976 1438 1190 1513 νιφάσιν
1214 1437 1530 1513 ἀπειρίτων,

223 1524 368 1578 55ὣ
404 1520 711 1590 Ῥαπίζεται
746 1519 960 1596 μάστιξι
986 1522 1254 1599 γλουτοὺς
1281 1527 1369 1581 καὶ
1402 1528 1585 1604 ῥάχιν,

404 1610 590 1684 Κάραν
622 1611 880 1682 tineam
914 1616 1024 1666 τῶν
1047 1615 1259 1688 τριχῶν
1289 1617 1377 1669 καὶ
1408 1618 1508 1685 τήν
1536 1618 1713 1693 γὲνυν,

405 1698 506 1755 Καὶ
537 1697 667 1761 τοὺς
694 1695 920 1762 ὀδόντας
950 1699 1272 1777 ἐξεκρούσθη
1304 1706 1440 1778 πρὸς
1475 1705 1617 1781 βίανι

402 1786 713 1845 Ἐκδίόοται
742 1790 998 1865 παίγνιον
1029 1789 1266 1870 ἄθυρμα,
1293 1793 1468 1869 γὲλως

401 1883 667 1934 Μισοῦσιν
700 1880 862 1934 αὐτὸν
894 1881 984 1936 καὶ
1016 1887 1214 1937 κακοῦν
1247 1885 1355 1959 ᾑρη
1370 1885 1574 1958 μὲνοις.

222 1970 363 2024 5510
404 1970 564 2045 Φέρει
598 1968 880 2043 παροινίας
908 1991 986 2043 τε,
1024 1971 1308 2047 μάστιγας,
1343 1970 1546 2050 ὕϐρεις,

396 2058 629 2132 Πυγμᾶς
656 2058 794 2113 κατά
824 2058 1119 2131 στόματος,
1152 2058 1326 2124 ἄλλας
1358 2062 1602 2135 αἰκίσεις,

390 2150 589 2201 Κακῶν
623 2144 831 2202 Ἰλιάδα
863 2168 921 2202 τε
948 2148 1037 2202 καὶ
1067 2148 1401 2225 τραγῳδίαν,

388 2233 498 2290 Καὶ
527 2239 825 2310 συμφορῶν
855 2237 1099 2311 πέλαγος
1131 2238 1191 2293 οὐ
1234 2239 1623 2315 μετρούμενον·

384 2324 483 2377 Καὶ
512 2323 659 2397 πρὸς
683 2328 954 2397 γυναικῶν
985 2324 1396 2401 ἱμπαροινεῖται
1430 2330 1623 2401 πλέον,

207 2420 347 2476 5315
386 2420 529 2493 Πρὸς
557 2418 718 2475 τοῦδε
749 2423 885 2495 φάος
919 2423 1186 2496 ὀμμάτων
1223 2421 1587 2501 ἐσϐεσμὲνων,

380 2511 455 2565 Ἦ
485 2507 577 2563 καὶ
608 2514 896 2574 παθουσῶν
933 2510 1132 2584 ζημίαν
1163 2517 1271 2568 τῶν
1302 2515 1567 2593 συζύγων,

383 2599 572 2673 Τυχὸν
608 2596 666 2653 δὲ
690 2599 779 2653 καὶ
810 2604 955 2677 σφῶν
998 2599 1335 2679 ἐκτύφλωσιν
1367 2605 1654 2679 ὀμμάτων,

384 2688 531 2759 Πρὸς
565 2692 867 2766 μισοφαοῦς
897 2686 1059 2744 τοῦδε
1090 2688 1301 2767 φαύλης
1331 2692 1574 2769 καρδίας,

380 2774 555 2837 Τέλος
587 2778 889 2848 καθεσθεὶς,
923 2776 966 2831 ὦ
998 2778 1160 2848 ξενων
1186 2780 1546 2856 ἀκουσμάτων
1577 2787 1588 2841 l

210 2864 348 2920 5520
386 2863 515 2921 Ἐπῖ
543 2863 809 2937 καμήλου
838 2867 1135 2941 ψωριώσης
1156 2866 1361 2931 ἀθλίως

380 2954 442 3011 Ὀ
473 2953 607 3027 πρὶν
641 2953 894 3028 βασιλεὺς
925 2954 1275 3031 αὐτοκράτωρ
1305 2958 1589 3035 Αὐσόνων,
1678 2998 1681 3003 -

378 3043 440 3100 Ὀ
476 3040 789 3117 βασιλικοῖς
814 3041 1175 3118 ἀναδούμενος
1206 3049 1450 3122 κρότοις,

378 3137 459 3186 Δι’
488 3131 691 3206 ἀγορᾶς
716 3152 773 3187 τε
801 3132 889 3187 καὶ
924 3134 1095 3205 μέσης
1126 3132 1410 3214 λεωφόρου

373 3220 727 3293 Πομπεύεται
758 3222 985 3276 κάκιστα
1016 3243 1107 3277 συν
1117 3222 1378 3298 ελεγμένο
1389 3248 1454 3299 ις,

198 3305 337 3362 5525
377 3312 557 3381 Σῶμα
584 3307 880 3364 καλύπτων
911 3306 1120 3364 εὐτελεῖ
1147 3315 1225 3383 τῷ
1257 3312 1449 3389 ῥακίῳ,

376 3394 687 3473 Ἀκαλυςδές
716 3418 774 3451 τε
806 3394 1068 3452 δεικνύων
1100 3398 1162 3452 τὸ
1191 3402 1436 3475 κρανίον,

377 3484 588 3559 Οἶκτρά
614 3506 697 3546 τις
728 3480 875 3559 ὄψις,
911 3486 1049 3556 ἀκοὴ
1084 3486 1372 3562 φρικαλὲα,

374 3574 568 3647 Πηγάς
602 3571 849 3649 δακρύων
883 3574 1279 3649 ἐκκαλούμεναι
1308 3578 1453 3654 τάχα

371 3664 472 3723 Οἷς
506 3662 739 3737 ἡμέροις
768 3660 983 3737 ὄμμασι
1014 3667 1150 3741 πρὸς
1182 3670 1553 3742 κακουμένους

195 3758 332 3814 5530
373 3762 476 3814 Καὶ
514 3763 772 3836 συγγενὲς
802 3764 1034 3836 πέφυκεν
1067 3764 1245 3840 ἀθρεῖν
1280 3765 1494 3831 ἐνθέως.

372 3850 438 3906 Ὀ
470 3848 789 3925 ξυγκλύδων
817 3846 995 3927 ὄχλος
1030 3849 1087 3907 δὲ
1124 3853 1213 3908 καὶ
1245 3858 1351 3909 τῶν
1394 3859 1679 3935 συρφάκων

369 3936 862 4011 Ἀλλαπδτοπῶλαι,
897 3938 1227 4017 βυρσοδὲψαι
1256 3942 1345 3998 καὶ
1378 3944 1574 4021 ῥάπται

367 4026 493 4081 Παλ
503 4026 832 4102 ιγκαπήλων
864 4028 1152 4106 ἀλόγιστος
1184 4033 1414 4110 φρατρία

358 4120 578 4189 Πομπῇ
607 4118 871 4188 παρόντες
901 4120 999 4173 κπὶ
1033 4117 1287 4195 θριάμϐῳ
1317 4124 1396 4196 τῷ
1424 4125 1568 4195 τότε,

182 4202 316 4259 δῦῗέὃ
355 4205 729 4278 Ἀτιμοποιῷ
753 4209 841 4262 καὶ
873 4207 1164 4283 γελοιώδει
1196 4209 1392 4283 πλέον,

351 4292 534 4350 Οὐδὲν
566 4299 820 4369 παρῆκαν
856 4296 1056 4365 αἰκίας,
1087 4299 1357 4373 τιμωρίας

352 4382 529 4445 Εἶδός
564 4406 612 4439 τι
646 4383 854 4455 λοιπῆς
887 4388 1102 4458 κακίας,
1138 4386 1447 4463 βδελυρίας,

347 4474 419 4529 Ὀ
456 4474 540 4545 μή
574 4477 853 4549 προσῆγον
883 4471 1091 4540 ἀσεϐῶς
1121 4475 1486 4553 Ἀνδρονίκῳί

348 4564 418 4619 Οἱ
460 4563 563 4635 μὲν
598 4565 704 4638 γάρ
738 4563 936 4638 αὐτῶν,
968 4587 1008 4619 π
1040 4574 1300 4641 περιττῆς
1335 4570 1566 4641 μανίαςί

179 4650 310 4706 5540
346 4654 659 4722 Ἔτυπτον,
694 4652 1024 4728 ἐσπάραττον
1058 4654 1221 4711 αὐτοῦ
1247 4657 1462 4733 κρανίον

2021 541 2356 612 imperatori
2384 543 2723 601 obtulerunt
2752 547 2996 605 Isaacio.

2020 629 2266 698 Quantis
2298 630 2507 687 deinde
2538 633 2823 690 attriverit
2852 640 3211 701 cruciatibus

2018 723 2279 790 quotque
2310 719 2618 792 suppliciis
2650 724 2904 781 Isaacius
2939 728 3254 803 imperator

2015 807 2309 863 infelicem
2346 808 2504 864 hunc
2536 826 2736 867 senem
2771 822 3030 889 quotque
3062 824 3271 893 pmnis,

2013 898 2105 951 vix
2135 899 2192 952 et
2220 896 2479 953 humano
2512 899 2741 957 effabile
2774 903 3029 976 eloquio,

2013 989 2271 1041 attamen
2305 986 2492 1041 dicam
2528 988 2780 1045 breviter
2812 1009 2915 1063 pro
2945 998 3187 1055 viribus.

2017 1075 2241 1131 Urbano
2272 1074 2531 1147 primum
2565 1078 2936 1138 concluditur
2965 1103 3216 1164 carcere,

2012 1162 2224 1220 collum
2258 1164 2478 1220 catenis
2508 1165 2739 1223 vinctus
2774 1173 2949 1244 atque
2981 1178 3198 1251 pedes;

2010 1257 2183 1323 atque
2216 1252 2321 1308 hac
2352 1253 2504 1308 tristi
2537 1255 2833 1315 exhibitus
2865 1260 2922 1316 in
2951 1267 3146 1336 specie

2007 1342 2151 1414 regi,
2182 1342 2462 1399 conviciis
2494 1346 2789 1417 appetitur
2820 1351 3000 1408 miser

2007 1431 2456 1504 maledictisque
2485 1435 2755 1493 obruitur
2779 1438 3109 1501 innumeris
3146 1465 3157 1500 :

2004 1528 2342 1585 verberibus
2374 1529 2606 1588 lumbos
2636 1534 2849 1591 teritur
2878 1542 2934 1594 et
2962 1545 3150 1613 nates,

2002 1616 2184 1672 barba
2213 1621 2270 1672 et
2301 1617 2507 1687 capillo
2538 1621 2788 1691 carptim
2822 1626 3082 1684 nudatur
3110 1640 3304 1704 caput,

1998 1707 2378 1763 excutiuntur
2408 1708 2612 1765 dentes
2643 1710 2883 1769 inﬂictis
2915 1716 3154 1787 ictibus,

1916 1818 1963 1884 Β
1996 1796 2353 1867 ludibriique
2383 1795 2566 1867 gratia
2598 1815 2663 1853 ac
2696 1800 2851 1859 risus
2884 1807 3137 1863 traditur

1996 1885 2243 1941 suismet
2272 1884 2531 1941 inimicis
2561 1892 2620 1943 et
2649 1890 3047 1950 carniﬁcibus.

1995 1974 2126 2029 Fert
2160 1974 2537 2046 petulantias,
2573 1981 2989 2050 contumelias,
3023 1986 3283 2057 verbera,

1993 2062 2267 2119 tunditur
2299 2081 2361 2120 os
2391 2066 2600 2138 alapis,
2632 2067 2789 2124 varie
2818 2070 3123 2144 afﬂigitur,

1992 2150 2284 2208 malorum
2316 2153 2556 2211 Iliadem
2589 2157 3055 2231 tragmdiamque
3088 2166 3308 2235 patitur

1992 2245 2048 2295 ct
2079 2240 2448 2299 miseriarum
2480 2243 2779 2301 inﬁnitum
2812 2248 3060 2321 pelagus
3095 2269 3108 2308 :

1993 2329 2316 2400 praesertim
2349 2347 2481 2388 vero
2515 2338 2757 2390 vexatur
2787 2353 2820 2391 a
2851 2337 3107 2412 feminis,

1993 2418 2212 2489 quibus
2243 2419 2549 2476 oculorum
2583 2422 2782 2480 lumen
2814 2425 3132 2499 eripuerat,

1988 2505 2077 2561 vel
2111 2507 2355 2564 maritos
2386 2510 2598 2581 partim
2633 2528 2772 2569 nece
2803 2514 3151 2592 abstulerat,

1990 2594 2203 2667 partim
2233 2596 2465 2654 effossis
2497 2598 2683 2656 oculis
2714 2612 3107 2664 excaecaverat

1986 2701 2088 2756 pro
2122 2701 2231 2741 sua
2260 2686 2484 2743 savitia
2516 2689 2782 2747 mortalis
2812 2691 2907 2750 hic
2939 2698 3259 2767 pessimus.

1988 2777 2288 2831 Postremo
2319 2777 2656 2849 impositus,
2690 2779 2824 2836 hem
2858 2786 3062 2842 auditu
3098 2788 3412 2846 horribile!

1985 2872 2253 2930 scabioso
2283 2874 2598 2933 infeliciter
2625 2880 2869 2949 camelo,

1984 2962 2085 3032 qui
2117 2963 2510 3021 Romanorum
2544 2983 2732 3037 nuper
2756 2968 3093 3043 imperator,

1980 3066 2155 3122 quem
2188 3053 2340 3107 circa
2371 3054 2509 3124 regii
2543 3055 2900 3112 resonabant
2930 3058 3196 3128 plausus,

1897 3176 1940 3239 Ο
1981 3155 2083 3211 per
2113 3140 2302 3194 forum
2335 3141 2574 3195 ducitur
2602 3158 2820 3213 perque
2856 3144 2978 3200 vias
3008 3146 3274 3218 publicas

1977 3227 2346 3299 triumphum
2378 3228 2553 3283 turba
2584 3234 2884 3300 spectante
2914 3233 3347 3306 turpissimum,

1977 3316 2103 3387 ipse
2134 3316 2227 3370 vix
2256 3319 2445 3372 tectus
2477 3316 2577 3371 vili
2609 3318 2876 3376 tunicula

1975 3403 2233 3475 tegmine
2264 3405 2490 3460 nudum
2522 3406 2791 3464 cranium
2824 3414 3160 3484 ostentans;

1973 3493 2221 3565 lugubre
2250 3493 2379 3550 visu
2414 3500 2775 3569 narratuque
2807 3498 3089 3560 horribile

1972 3582 2182 3638 uberes
2213 3582 2502 3655 lacrymas
2534 3584 2662 3641 sine
2693 3586 2871 3644 dubio
2903 3589 3144 3649 eliciens

1972 3670 2216 3727 mitibus
2247 3687 2315 3727 ex
2346 3672 2556 3739 oculis,
2588 3676 2688 3745 qui
2721 3676 2913 3734 solent
2944 3680 3189 3737 miseros

1968 3764 2299 3832 naturaque
2325 3761 2537 3829 socios,
2570 3769 2745 3835 prout
2776 3767 2863 3822 fas
2892 3773 3000 3836 est,
3033 3770 3312 3839 aspicere.

1966 3852 2041 3904 At
2070 3849 2430 3919 plebeiorum
2463 3852 2749 3909 vilissima
2787 3856 3085 3927 colluvies,

1966 3937 2211 3993 fartores
2243 3942 2300 3993 et
2330 3938 2559 3994 coriarii
2592 3957 2657 3995 ac
2688 3947 2937 4013 sutores,

1967 4025 2453 4082 Dardanariorum
2486 4027 2702 4083 stolida
2730 4029 2995 4101 collegia.

1965 4138 2241 4193 pompam
2273 4124 2554 4180 ducentes
2586 4125 3069 4200 triumphumque
3100 4130 3465 4207 hujusmodi,

1961 4210 2047 4265 vel
2078 4212 2273 4282 potius
2304 4212 2359 4266 id
2392 4210 2715 4269 ludibrium
2748 4219 2802 4270 et
2828 4215 3243 4293 deridiculum,

1960 4300 2188 4354 nullum
2224 4302 2748 4372 prwlermittebant
2772 4322 2951 4377 pcenae
2983 4325 3172 4379 genus

1958 4390 2275 4460 opprobrii,
2310 4390 2599 4459 maleﬁcii,
2634 4396 3024 4464 contumelia),

1957 4478 2099 4549 quin
2132 4480 2463 4536 Andronico
2496 4499 2598 4553 per
2628 4485 2790 4539 nefas
2824 4485 3235 4559 impingerent.

1953 4575 2063 4631 Alii
2096 4576 2408 4647 siquidem,
2442 4596 2474 4635 ο
2503 4596 2785 4637 vesanum
2820 4584 3073 4640 furorem
3103 4586 3115 4641 l

1954 4681 2300 4735 percussum
2334 4668 2745 4740 discerpebant
2776 4671 2965 4743 ipsius
2997 4677 3262 4734 cranium

1876 4532 1922 4595 D

346 4741 454 4797 Καὶ
488 4743 619 4795 νῶτ’
653 4740 888 4816 ἀφειδῶς
920 4750 1037 4806 ταῖς
1071 4744 1325 4819 κρούναις
1351 4768 1408 4801 τε
1445 4748 1532 4801 καὶ
1565 4746 1768 4818 ξύλοις·

341 4831 412 4887 Οἱ
482 4826 535 4883 δ’
589 4831 654 4884 αὖ
709 4852 770 4905 γε
824 4831 1063 4906 πλευράς
1127 4833 1214 4888 καῗ
1293 4834 1520 4911 νεφροὺς
1591 4840 1839 4907 πρωκτὸν

1580 4925 1766 4998 [πάλιν

1953 4753 2313 4827 dorsumque
2345 4756 2551 4827 ligneis
2583 4759 2965 4817 inclementer
2994 4763 3171 4820 clavis
3207 4782 3221 4821 :

1952 4841 2049 4898 alii
2083 4844 2259 4911 latus,
2292 4863 2459 4901 renes
2493 4851 2665 4918 atque
2698 4849 2963 4919 podicem

333 5003 637 5083 Ξιφιόίοες
664 5006 879 5085 ἔπειρον
913 5010 946 5078 ἤ
979 5011 1065 5064 καὶ
1100 5010 1338 5088 ῥαφίσιψ

332 5095 551 5153 ’Ἄλλοι
586 5095 637 5152 δ’
664 5097 916 5170 ἐμίνθουν
948 5101 1046 5168 τήν
1083 5100 1204 5175 ῥῖνα
1243 5106 1356 5164 τοῖς
1394 5097 1691 5175 βολϐίτοις,

1950 5023 2345 5079 suffodiebant
2373 5024 2581 5081 cultris
2612 5030 2785 5096 atque
2818 5028 3070 5095 subulis,

1950 5111 2044 5167 alii
2082 5112 2470 5182 iuquinabant
2503 5114 2635 5167 ﬁmo
2669 5132 2838 5171 nares
2872 5117 3116 5189 bubulo,

1949 5199 2046 5255 alii
2077 5199 2393 5270 spurcities
2425 5218 2736 5272 corporum
2772 5204 2829 5257 in
2862 5205 3088 5261 vultum
3122 5210 3252 5278 ejus

1945 5289 2209 5360 Spongiis
2241 5306 2546 5360 expressas
2578 5310 2729 5363 smpe
2762 5294 3150 5364 conﬁciebant
3186 5317 3198 5355 :

1944 5378 2197 5433 audaces
2230 5386 2421 5433 aulem
2458 5379 2696 5449 quidam
2731 5400 2796 5437 ac
2830 5383 3142 5440 ferociores

1940 5466 2240 5538 lapidibus
2271 5469 2644 5539 appetebant,
2680 5470 2939 5525 dicentes
2972 5490 3175 5528 canem

1938 5562 1993 5612 ct
2022 5558 2329 5612 Cerberum
2362 5563 2536 5629 atque
2569 5561 2744 5614 feram
2778 5562 3240 5630 sanguinariam,

1935 5650 2107 5718 atque
2140 5645 2232 5701 bis
2258 5646 2473 5702 similia
2507 5665 2607 5719 per
2636 5666 2935 5703 summum
2972 5650 3244 5705 furorem.

170 5189 296 5249 55ί5
335 5197 471 5252 Τῶν
514 5191 561 5248 δ’
594 5192 772 5269 ὄψεων
806 5195 1027 5271 λύματα
1057 5199 1122 5253 τά
1150 5202 1257 5254 τῶν
1287 5199 1558 5274 γαστέρων

278 5302 285 5309 ’
332 5284 630 5359 Σπόγγρις
660 5282 1056 5355 κατηκὸντιζον
1086 5287 1249 5341 αὐτοῦ
1280 5290 1560 5362 συχνάκιςο

326 5374 398 5429 Οἱ
429 5371 498 5427 δὲ
532 5377 748 5447 θρασεῖς
781 5396 842 5429 τε
873 5376 962 5429 καὶ
994 5375 1157 5429 πλέον
1186 5377 1483 5449 τολμητίαι

322 5460 803 5518 Ἑλιθολεύατουν
836 5464 1239 5526 ἀποκαλοῦντες
1274 5466 1405 5522 κύνα

320 5552 435 5607 Καὶ
471 5548 753 5627 Κέρϐερον
790 5556 937 5625 θῆρά
965 5574 1023 5607 τε
1053 5553 1141 5607 καὶ
1188 5556 1471 5632 μιαιφόνον

160 5635 280 5692 5550
320 5640 431 5696 Καὶ
464 5638 657 5697 τοῖσδε
686 5643 756 5697 τά
789 5642 1082 5716 σύστοιχα,
1116 5647 1211 5719 φεῦ
1242 5651 1338 5712 τῆς
1374 5645 1567 5717 μανίας
1596 5648 1608 5702 !
