4004 6200
357 368 460 426 211
1569 347 1940 406 EPHREMII
1976 341 2544 402 CHBONOGRAPHI

362 495 580 550 Verum
613 495 677 547 ut
705 471 882 545 verba
912 485 982 542 ad
1015 480 1429 554 compendium
1461 476 1781 539 conferam,

368 599 538 642 nemo
569 582 629 637 in
653 579 944 635 immenso
975 573 1075 629 illo
1107 572 1218 628 fuit
1247 566 1599 643 spectaculo,

373 674 518 748 quin
545 666 808 726 molestis
838 663 1051 720 ictibus
1083 665 1137 719 et
1167 661 1442 719 conviciis

371 769 514 819 tunc
544 757 837 815 infelicem
869 769 1066 810 senem
1100 768 1215 809 non
1247 750 1597 807 verberaret.

374 853 644 907 Scortum
676 843 925 916 denique
955 842 1250 915 quoddam
1284 836 1871 912 impudentissimum

374 942 704 1010 correptam
737 935 807 990 de
838 932 1035 989 culina
1063 931 1123 988 in
1153 931 1307 986 viam
1338 928 1604 986 deferens

373 1027 552 1086 ollam
585 1027 838 1082 fervente
870 1022 1189 1079 admodum
1219 1035 1370 1092 aqua
1399 1016 1633 1092 plenam

373 1119 434 1175 in
465 1113 786 1173 Andronici
815 1111 1022 1169 effudit
1047 1110 1264 1167 furiose
1292 1124 1492 1182 genas.

376 1212 565 1280 Atque
594 1205 716 1261 haec
743 1200 1076 1276 perpetiens
1105 1198 1409 1272 multoque
1439 1196 1630 1270 plura,

375 1299 579 1352 contra
608 1296 693 1350 tot
722 1289 878 1347 mala
909 1291 1131 1345 durans
1161 1287 1248 1344 vir
1279 1285 1694 1359 magnanimus

377 1387 446 1440 In
478 1387 564 1441 tot
595 1382 862 1438 dolorum
894 1378 1171 1436 ﬂuetibus
1202 1380 1258 1434 et
1283 1375 1578 1449 procellis,

377 1477 660 1545 tantoque
691 1469 1061 1526 miseriarum
1093 1466 1402 1524 obluctans
1434 1465 1659 1538 pelago,

381 1562 670 1619 malorum
701 1559 944 1631 inquam
981 1556 1180 1613 nimbo
1212 1555 1482 1629 quamvis
1512 1571 1774 1626 pressus,

380 1653 606 1711 fortiter
629 1656 826 1708 tamen
857 1648 1102 1706 Domino
1133 1646 1345 1719 agebat
1371 1646 1613 1718 gratias,

382 1745 752 1798 constantem
781 1739 842 1794 in
877 1735 1185 1810 suppliciis
1216 1737 1475 1791 mentem
1508 1734 1784 1792 retinens.

381 1833 472 1887 Sic
504 1847 641 1904 ergo
671 1831 731 1885 in
764 1829 1016 1886 stadium
1050 1827 1262 1882 ductus
1294 1843 1428 1883 cum
1460 1825 1782 1898 ignominia

379 1933 696 1992 parumper
726 1916 918 1972 adhuc
949 1915 1182 1987 spirans
1214 1915 1286 1970 ad
1319 1911 1662 1970 columellae

379 2010 716 2081 prostantes
749 2005 871 2061 illic
901 2004 1152 2077 pedibus
1181 2006 1272 2059 est
1302 2019 1651 2075 suspensus.

378 2093 659 2149 Furiosus
691 2097 890 2148 tamen
921 2090 1176 2164 populus
1210 2091 1457 2146 necdum
1494 2093 1661 2146 satur

378 2180 655 2237 vorandis
686 2181 812 2250 ejus
839 2179 1142 2249 carnibus,
1175 2179 1452 2251 suspensi
1486 2178 1703 2235 miseri.

381 2268 666 2325 membris
697 2268 876 2324 etiam
907 2265 1265 2340 genitalibus
1298 2267 1622 2337 insultavit,

379 2357 647 2414 tunicula
677 2358 941 2423 reducta,
973 2356 1106 2412 hem
1136 2357 1417 2430 pudorem
1443 2357 1456 2411 l

383 2446 630 2511 Quidam
662 2449 901 2502 acutum
929 2444 1192 2517 gladium
1223 2461 1326 2518 per
1355 2450 1561 2520 guttur
1590 2446 1729 2518 egit,

384 2534 538 2590 alius
565 2534 809 2590 Latinus
842 2534 1107 2606 podicem
1140 2549 1278 2590 ense
1311 2535 1454 2590 fodit
1488 2552 1500 2589 :

386 2623 575 2680 Latini
605 2638 738 2679 vero
770 2623 1220 2678 circumstantes
1251 2622 1462 2695 reliqui

383 2712 598 2786 gladiis
629 2710 930 2768 caedebant
959 2710 1243 2768 miserum
1275 2713 1690 2786 corpusculum

384 2800 762 2875 ingeminatis
789 2799 1152 2856 continenter
1184 2801 1422 2873 ictibus,

383 2891 700 2965 sponsione
729 2890 888 2947 velut
917 2895 1127 2948 mutua
1157 2891 1271 2947 utri
1304 2893 1532 2949 acutius

383 2983 648 3039 acinaces
678 2980 918 3037 ferirent
946 2979 1328 3053 experientes.

380 3073 472 3129 Sic
501 3071 867 3128 Andronicus
899 3071 956 3127 in
989 3071 1298 3144 suppliciis
1328 3072 1558 3130 luctans

379 3164 439 3219 in
467 3165 752 3234 tantoque
777 3161 1143 3218 cruciatuum
1179 3163 1326 3219 mari
1357 3165 1695 3239 naufragus,

384 3252 659 3322 spiritum
692 3250 800 3306 sibi
830 3251 1114 3308 violenter
1145 3257 1381 3324 raptum

386 3341 446 3394 in
477 3338 806 3396 columellis
840 3339 956 3396 illis
986 3341 1190 3397 effudit
1225 3343 1497 3415 turpiter.

386 3430 576 3499 Atque
606 3428 762 3484 hunc
790 3429 1020 3502 imperii
1051 3430 1298 3502 vitaeque
1334 3433 1507 3488 ﬁnem
1543 3434 1747 3491 habuit

387 3517 564 3573 homo
593 3533 982 3589 aerumnosus,
1021 3523 1330 3591 postquam
1365 3519 1750 3594 imperaverat

386 3605 624 3663 biennio
658 3608 775 3663 fere
807 3611 1122 3664 stemmate
1155 3609 1469 3680 revinctus,

390 3713 505 3753 uno
536 3699 817 3770 praeterea
846 3697 1181 3754 dominatus
1212 3717 1366 3755 anno

388 3787 612 3858 absque
643 3803 877 3856 corona,
913 3791 970 3844 et
1001 3805 1276 3861 purpurae
1307 3790 1531 3846 decore.

383 3877 522 3933 Erat
549 3875 608 3932 in
640 3879 874 3951 egregia
901 3879 1087 3934 forma
1119 3879 1400 3951 corporis,

388 3967 734 4038 proceritate
759 3969 1038 4040 praeditus
1069 3967 1320 4040 beroica,

389 4061 641 4129 augusta
673 4057 817 4114 facie
844 4063 901 4114 et
931 4076 1173 4131 prorsus
1205 4061 1561 4132 admirabili,

386 4147 814 4219 prmvalidaque
846 4154 1018 4206 utens
1047 4150 1398 4208 valetudine.

387 4239 526 4291 Post
557 4235 784 4308 aliquot
815 4241 1008 4294 autem
1040 4240 1165 4297 dies
1197 4243 1265 4297 de
1295 4243 1615 4316 suspendio

386 4324 707 4381 detractum
738 4327 864 4397 ejus
896 4327 1141 4383 cadaver
1170 4331 1226 4385 in
1261 4333 1516 4402 quodam
1550 4333 1721 4389 stadii

387 4413 604 4469 fornice
637 4413 764 4470 sine
794 4431 936 4471 cura
965 4418 1290 4489 projectum
1316 4421 1536 4491 jacuit;

389 4504 573 4560 donec
603 4505 676 4560 ad
703 4506 915 4578 Ephori
944 4508 1180 4564 tandem
1216 4510 1638 4566 monasterium

390 4601 848 4666 composuerunt
879 4597 1120 4670 quidam
1153 4598 1212 4653 in
1245 4599 1401 4654 brevi
1433 4598 1654 4668 loculo;

391 4684 490 4740 ubi
522 4685 714 4741 adhuc
743 4703 956 4759 corpus
988 4692 1289 4761 spectatur
1319 4706 1352 4744 ιι
1381 4687 1631 4760 cupidis,

388 4773 785 4846 integritatem
818 4793 986 4832 suam
1021 4795 1261 4849 prorsus
1296 4778 1578 4834 retinens.

387 4863 442 4918 Is
474 4869 669 4920 autem
703 4870 822 4923 toto
856 4868 1153 4938 deperibat
1183 4869 1378 4924 animo

389 4953 637 5024 apostoli
669 4955 898 5013 divinas
928 4956 1090 5013 Pauli
1124 4957 1432 5029 epistolas;

391 5059 424 5098 a
454 5044 692 5115 quibus,
728 5047 1073 5104 admiranda
1103 5049 1259 5104 velut
1287 5050 1547 5105 seatebra

390 5134 449 5189 in
484 5135 776 5193 orationes
809 5155 948 5194 suas
977 5145 1032 5196 et
1061 5140 1278 5212 scripta
1303 5140 1552 5198 ducebat
1578 5141 1818 5214 rivulos,

391 5241 519 5296 qure
550 5227 936 5298 componebat
968 5231 1148 5286 nobili
1180 5231 1446 5287 artificio.

388 5314 536 5380 Quin
570 5333 798 5374 sacram
833 5319 992 5374 Pauli
1026 5320 1338 5393 cmlispicis
1369 5322 1683 5394 imaginem

388 5424 530 5463 auro
564 5415 922 5484 argentoque
955 5412 1244 5485 insignem
1275 5413 1642 5471 Andronicus

387 5498 446 5552 in
480 5500 866 5570 quadraginta
897 5502 1216 5573 Martyrum
1249 5504 1490 5561 delubro

388 5605 420 5642 a
446 5594 628 5646 semet
658 5590 981 5648 dedlcatam
1014 5592 1242 5650 colebat
1271 5596 1611 5652 admodum.

392 5677 520 5735 llaec
551 5684 745 5738 autem
777 5683 1090 5742 Andronici
1126 5684 1381 5742 instante
1415 5685 1528 5743 fato

2040 471 2094 539 Α
2302 467 2390 528 Ὠς
2422 465 2480 520 ἂν
2514 463 2571 520 δὲ
2603 465 2768 542 φαίην
2801 463 2852 520 ἐν
2892 463 3092 538 βραχεῖ
3118 462 3182 518 τὸ
3220 466 3324 517 πᾶν
3355 460 3525 539 λόγῳ,

2293 553 2489 616 Οὐδεὶς
2521 554 2739 629 ὑπῆρχε
2771 550 3186 622 συναλισθείσης
3210 552 3334 615 θέας

2295 647 2389 708 ’⁸ος
2418 642 2479 698 ού
2510 646 2696 704 κακοῖς
2726 636 2927 698 ἔϐαλλε
2961 639 3069 717 βλή
3080 661 3209 714 μασι
3253 639 3455 717 λόγοις

2298 733 2404 790 Τὸν
2439 729 2682 807 δυστυχῆ
2709 730 2938 806 γέροντα
2965 733 3044 803 τῷ
3073 727 3347 800 τηνικάδε.

2119 824 2261 880 5555
2300 821 2411 880 Μία
2440 820 2497 876 δὲ
2525 820 2664 897 γυνὴ
2697 820 2930 897 πορνική
2971 817 3311 894 λαγνιστάτη

2421 909 2707 966 ὀπτανείου
2737 913 2925 971 σκεῦος
2959 906 3242 984 άρπάσασά
3272 929 3323 964 τι

2302 999 2568 1078 Σφοδρῶς
2594 1021 2654 1075 γε
2682 996 3059 1074 καχλάζοντος
3090 995 3286 1061 ὕδατος
3315 999 3482 1055 πλέον

2299 1089 2504 1147 Τούτου
2534 1092 2770 1166 παρειῶν
2803 1087 3066 1162 ἐμμανῶς
3089 1089 3369 1164 καταχέει.

2307 1177 2457 1238 Τόσα
2486 1175 2543 1234 δὲ
2572 1179 2758 1244 παθὼν
2791 1177 2879 1234 καὶ
2909 1176 3055 1233 πολὺ
3076 1177 3285 1234 τούτων
3306 1177 3460 1235 πλέω

2125 1281 2268 1336 5560
2304 1279 2411 1335 Καὶ
2439 1276 2746 1348 τηλικαῦτα
2779 1274 3061 1351 δυσχερῶν
3097 1276 3124 1330 ὁ
3154 1273 3411 1350 γεννάδας

2306 1368 2451 1446 Πρὸς
2477 1369 2770 1446 συμφορῶν
2801 1365 3016 1440 κύματα
3044 1364 3134 1421 καὶ
3164 1363 3486 1442 καταιγίδας

2308 1458 2405 1513 Καὶ
2440 1456 2696 1532 χαλεπῶν
2728 1456 2996 1531 πέλαγος,
3025 1454 3267 1531 ἀντέχων
3297 1457 3450 1530 ὅμως

2308 1548 2406 1602 Καὶ
2436 1543 2662 1624 νιφάδας
2691 1546 2868 1622 φέρων
2897 1564 2956 1600 τε
2984 1547 3162 1600 κακῶν
3197 1544 3480 1620 εὐψύχως,

2309 1638 2396 1694 ’Ev
2428 1641 2586 1691 πᾶσιν
2619 1634 2942 1710 εύχάριστος
2972 1635 3037 1704 ἦν
3071 1634 3208 1709 πρὸς
3238 1635 3537 1705 Δεσπότην,

2130 1730 2272 1785 5565
2308 1726 2653 1802 Ἐρῥωμένον
2687 1727 2944 1803 φρόνημα
2973 1724 3069 1781 κάν
3104 1721 3298 1787 δεινοῖς
3329 1722 3499 1801 ἔχων.

2057 1838 2105 1904 Β
2312 1817 2464 1871 Οὕτω
2496 1814 2541 1871 δ’
2573 1815 2838 1892 ἀπαχθεὶς
2869 1812 3078 1889 ἀτίμως
3111 1814 3161 1870 ἐν
3195 1811 3398 1904 σταδίῳ

2315 1904 2504 1961 Ποδῶν
2536 1905 2833 1980 ἀπῃώρητο
2869 1904 3051 1980 βραχύ
3081 1923 3132 1958 τι
3163 1901 3338 1959 πνέων

2309 2000 2398 2055 Ἐν
2432 1999 2548 2058 τοῖς
2580 1993 2692 2049 ἐκεῖ
2720 2014 2825 2049 που
2855 1991 3274 2069 καθιδρυμένοιε
3307 1991 3548 2056 στύλοις⁸

2309 2081 2458 2142 Μετά
2485 2081 2531 2139 δ’
2561 2081 2903 2159 άπαιώρησιν
2937 2079 3166 2159 ἄφρονες
3195 2079 3360 2137 πάλιν

2131 2186 2273 2240 5570
2311 2185 2399 2245 Ὡς
2435 2183 2511 2256 μὴ
2547 2177 2806 2243 λαϐόντες
2838 2177 2997 2236 τοῦδε
3023 2185 3128 2235 τῶν
3163 2182 3374 2257 σαρκῶν
3406 2179 3592 2256 κόρον,

2308 2270 2460 2330 Αῗδώ
2489 2292 2546 2327 τε
2575 2274 2757 2333 κακῶς
2787 2268 3075 2332 παιδικούς
3104 2291 3163 2325 τε
3194 2266 3456 2342 διδύμους

2311 2362 2510 2418 Χιτῶν⁹
2540 2358 2964 2422 ἀναστέλλοντες
2997 2357 3191 2433 ἔδρων,
3225 2356 3269 2413 ὣ
3301 2360 3505 2421 πάθους
3535 2359 3547 2415 ί

2311 2449 2413 2505 Καὶ
2441 2448 2578 2506 κατὰ
2604 2452 2701 2504 τοῦ
2734 2448 3012 2525 φάρυγγος
3053 2448 3162 2505 ῶσὲ
3188 2468 3272 2513 τις
3299 2447 3469 2526 ξίφος·

2311 2539 2410 2595 Καί
2437 2560 2523 2602 τις
2554 2535 2792 2594 Λατίνων
2825 2539 2944 2594 καθ’
2975 2534 3134 2614 ἕδρας
3167 2534 3448 2610 ἀκινάκην·

2133 2633 2275 2689 5575
2315 2630 2509 2685 Δοιποὶ
2543 2627 2889 2701 περιστάντες
2920 2624 2977 2683 δὲ
3004 2624 3162 2683 τόνδε
3185 2628 3432 2684 Λατίνων

2312 2722 2448 2781 Τοῖς
2481 2715 2680 2796 ξίφεσιν
2711 2713 2900 2772 ἔπαιον
2933 2715 3096 2772 αὐτοῦ
3128 2714 3347 2792 σαρκίον

2315 2807 2503 2882 Συχνᾶ
2530 2805 2921 2884 καταφέροντες
2955 2807 3126 2862 αὐτοῦ
3159 2806 3448 2873 συντόνως,

2313 2900 2512 2971 Πεῖραν
2544 2893 2780 2970 δοκιμὴν
2809 2889 3144 2970 προσλαϐεῖν
3177 2892 3447 2970 ᾑρημένοι

2309 2986 2534 3042 Ὀποῖον
2562 2984 2735 3040 αὐτῶν
2767 2984 3182 3058 τμητικώτερον
3213 2981 3392 3042 πέλει.

2135 3085 2278 3140 5580
2317 3083 2394 3141 o~"
2536 3080 2559 3138 ἐ
2631 3080 2730 3136 o)‘
2811 3081 2825 3102 ν
3028 3080 3043 3101 ι
3326 3080 3338 3100 ’

2370 3103 2507 3147 δτως
2562 3104 2626 3137 να
2685 3104 2776 3136 κων
2807 3103 2859 3137 εν
2882 3102 3170 3144 τοσαυταις
3205 3082 3457 3158 βασάνοις

2060 3193 2104 3263 c
2319 3174 2422 3229 Καὶ
2453 3170 2757 3247 τηλικαύτῃ
2794 3175 3087 3250 συμφορῶν
3119 3169 3380 3247 τρικυμία

2320 3263 2520 3337 Ψυχὴν
2553 3259 2908 3338 έναπὲῥρηξεν
2940 3259 3104 3316 αὐτοῦ
3131 3259 3266 3336 πρὸς
3303 3260 3421 3335 βίαν

2316 3351 2439 3408 Ἐπὶ
2473 3348 2775 3407 στυλίσκων
2810 3349 3019 3424 ἀτίμως
3048 3347 3382 3424 ἤρτημένος³

2315 3442 2550 3498 Τοιοῦτο
2579 3439 2752 3516 τέρμα
2780 3442 2875 3494 τοῦ
2905 3438 3138 3516 κράτους
3169 3436 3260 3493 καὶ
3297 3439 3392 3492 τοῦ
3427 3435 3548 3512 βίου

2137 3539 2282 3596 5585
2321 3536 2609 3600 Πολύτλας
2641 3533 2993 3612 Ἀνδρόνικος
3027 3532 3176 3611 εὗρεν
3212 3532 3263 3590 ἐν
3301 3533 3428 3611 βίῳ,

2315 3626 2552 3701 Χρόνοις
2587 3625 2680 3698 μὲν
2714 3621 2873 3701 ἄρξας
2904 3622 3023 3679 δυσί
3055 3645 3158 3678 που
3185 3621 3552 3701 στειρηφόρος,

2316 3717 2524 3772 Κοινῶν
2552 3713 2597 3770 δ’
2625 3713 2702 3769 ἑνὶ
2733 3712 2920 3790 κύριος
2946 3712 3018 3768 ὢν
3049 3719 3156 3768 τῶν
3185 3714 3521 3789 πραγμάτων

2316 3809 2474 3862 ’Ἄνευ
2503 3800 2794 3880 χλαμύδος
2823 3802 2912 3858 καὶ
2944 3802 3258 3877 ποΛυτίμου
3294 3803 3538 3880 στέφους.

2315 3894 2415 3951 Ἦν
2448 3891 2538 3950 οὖν
2569 3893 2706 3972 φυὴν
2743 3894 2997 3966 σώματος
3030 3893 3231 3971 εὐφυὴς
3263 3892 3424 3965 πάνυ³

2135 3985 2277 4042 5590
2313 3983 2580 4058 Ἠρωϊκόν
2612 3984 2660 4038 τ’
2691 3977 2874 4059 ὄρθιον
2910 3983 2965 4038 εὗ
2998 3981 3174 4062 φέρων
3208 3979 3400 4055 δέμας,

2316 4073 2549 4149 ’Δγητὸς
2580 4069 2720 4134 εἶδος
2750 4072 2840 4127 καὶ
2871 4072 3104 4148 γεγαρὸς
3133 4069 3353 4126 είσάπαν

2316 4166 2490 4234 Σῶμα
2518 4158 2840 4236 προδεικνὺς
2877 4159 3024 4236 ὑγιές
3054 4163 3101 4216 τ’
3135 4157 3468 4236 ἐρρωμένον.

2315 4251 2445 4306 Μεθ’
2476 4249 2686 4324 ἡμέρας
2721 4246 2778 4304 δὲ
2809 4251 3152 4325 κατενεχθεὶς
3187 4247 3379 4324 ὑψόθεν

2312 4340 2374 4396 Ὀ
2402 4338 2560 4395 τοῦδε
2589 4340 2776 4415 νεκρὸς
2809 4337 2860 4395 ἐν
2896 4344 2993 4412 μιᾷ
3022 4344 3129 4393 τῶν
3155 4335 3361 4412 ἀψίδων

2136 4429 2278 4484 5595
2315 4429 2716 4502 ἈτημεΛήτως
2751 4427 2944 4506 ἐρῥίιρη
2978 4432 3072 4483 τοῦ
3104 4424 3343 4482 σταδίου”

2315 4519 2446 4575 Εἶτα
2474 4517 2598 4595 περί
2626 4539 2731 4573 που
2759 4520 2860 4589 τήν
2891 4519 3064 4592 μονὴν
3095 4517 3195 4587 τήν
3231 4516 3463 4594 Ἐφόρου

2061 4590 2108 4656 D
2316 4607 2408 4662 "Ev
2440 4590 2555 4660 τινι⁷
2576 4604 2858 4670 κατέθεντό
2887 4590 3026 4667 τινες
3056 4601 3270 4681 χωρίῳο

2316 4695 2638 4751 Ὀπτὰνεται
2672 4691 2728 4749 δὶ
2758 4697 2918 4767 σῶμα
2945 4693 3093 4749 τοῦδ’
3120 4693 3426 4770 ᾑρημένοις

2319 4784 2658 4862 ’Λκραιφνὲς,
2693 4780 2981 4854 ἀλώόητον
3007 4783 3165 4839 εἰσέτι
3197 4784 3380 4856 μένον.

2138 4881 2280 4938 5600
2321 4882 2519 4956 Ψυχὴν
2555 4879 2611 4936 δὲ
2642 4882 2977 4936 παντάπασιν
3007 4882 3072 4952 ἧν
3101 4879 3482 4953 έκλιμπάνων,

2316 4969 2410 5032 Εἷς
2439 4969 2566 5032 τοὺς
2592 4976 2832 5048 θεαυγεῖς
2860 4974 3098 5044 κήρυκος
3127 4967 3346 5025 Παύλου
3381 4967 3581 5042 λόγους

2319 5061 2440 5134 Ἀφ’
2467 5061 2538 5115 ὧν
2563 5058 2851 5116 ἀπαντλῶν
2886 5060 2944 5116 ἐκ
2975 5057 3199 5122 πίδακος
3233 5059 3306 5122 ὡς
3335 5058 3490 5129 ξένης

2321 5148 2645 5212 Ἐπιστολάς
2676 5146 2899 5224 ἤρδευεν
2934 5150 3099 5204 αὐτοῦ
3128 5149 3214 5204 καὶ
3250 5147 3474 5222 λόγους,

2318 5240 2388 5296 ’Ἄ
2418 5239 2678 5301 συντιθεὶς
2706 5242 2770 5309 ἦν
2805 5241 3014 5316 εὐφυῶς
3047 5237 3135 5293 καὶ
3168 5238 3509 5316 συγγράφων

2145 5331 2287 5386 5605
2324 5328 2397 5383 Οὗ
2427 5330 2517 5383 καὶ
2549 5329 2779 5392 θεόπτου
2811 5325 3034 5383 Παύλου
3066 5329 3265 5396 σεπτῆν
3298 5324 3478 5382 εἰκόνα

2322 5416 2601 5479 Καλλύνας
2635 5414 2985 5492 Ἀνδρόνικος
3019 5417 3071 5473 ἂν
3115 5413 3478 5493 χρυσαργύρῳ

2321 5511 2438 5579 Νεῷ
2465 5507 2864 5582 τεσσαράκοντα
2894 5511 3131 5582 Χριστοῦ
3166 5505 3455 5581 μαρτύρων

2323 5596 2727 5668 ἈνατεΟεικὼς,
2761 5599 3077 5669 προσκυνῶν
3110 5597 3175 5665 ἦν
3206 5597 3294 5650 καὶ
3325 5589 3521 5650 σέϐων.

2321 5690 2476 5750 "Hm;
2508 5683 2900 5742 ἀπεστάλαττεν
2937 5685 3201 5759 ὀμμάτων
3237 5683 3404 5760 δάκρυ

3647 348 3650 350 ⁷
3669 338 3785 397 212
