4104 6204
309 305 418 361 215
1517 305 1891 359 EPHRBMII

1517 305 1891 359 EPHRBMII
1937 299 2508 358 CHBONOGRAPHI

319 435 754 505 unguentorum
787 443 1021 501 semper
1049 429 1224 485 odore
1257 429 1542 502 fragrans,

323 523 759 591 exornatusque
789 521 854 573 ut
881 533 1138 588 sponsus
1168 516 1256 574 vel
1289 522 1352 574 ut
1383 534 1526 590 pavo

321 611 634 684 procedere
659 607 730 664 de
757 605 934 679 regiis
965 605 1190 663 solebat
1216 607 1459 664 aedibus.

323 701 484 756 Idem
516 699 824 770 promptus
854 696 924 750 ad
956 695 1102 752 iram
1133 697 1301 768 eique
1333 695 1669 770 indulgens,

324 784 790 844 misericordiam
821 787 1019 841 tamen
1050 785 1152 841 iras
1186 784 1543 842 admiscens.

323 877 440 932 Nec
468 890 606 930 vero
638 873 951 946 imperium
983 873 1407 930 administrans
1437 874 1674 947 optime,

323 965 424 1021 sed
458 961 835 1020 inconsultus
866 961 1062 1034 potius
1093 968 1334 1019 novator
1362 978 1556 1019 rerum
1591 979 1604 1018 :

325 1060 649 1125 ccenacula.
679 1059 910 1129 balnea,
941 1061 1146 1118 domos
1177 1060 1510 1133 splendidas

325 1147 605 1216 fundans,
637 1147 935 1204 mdiﬁcans
969 1152 1435 1222 sumptuoseque
1465 1148 1838 1217 instaurans;

327 1241 551 1296 statuta
579 1236 851 1294 Ecclesiae
881 1237 1189 1307 innovans,
1219 1240 1607 1312 perturbans;

333 1332 601 1404 pastores
633 1327 779 1384 alios
808 1327 868 1384 in
896 1329 1033 1384 sede
1061 1330 1450 1401 constituens,

332 1418 481 1475 alios
511 1433 614 1490 per
642 1415 835 1474 solum
868 1417 1190 1473 deturbans
1222 1418 1555 1478 arbitrium.

331 1509 418 1565 Ad
449 1507 607 1564 hunc
637 1509 980 1579 regnantem
1006 1513 1404 1564 convenerunt
1434 1508 1693 1580 undique

335 1597 578 1654 fortium
609 1595 870 1652 virorum
900 1595 1222 1652 innumerae
1253 1601 1494 1652 catervae

337 1704 407 1743 ex
436 1685 686 1742 urbibus
717 1684 996 1740 Romanis
1022 1684 1270 1756 aliisque
1300 1685 1471 1742 terris

336 1779 466 1831 tum
495 1771 797 1832 orientalis
831 1771 988 1828 orbis
1021 1776 1148 1828 tum
1181 1772 1410 1830 occidui
1445 1790 1457 1830 :

336 1889 367 1928 e
397 1872 616 1944 quibus
638 1871 871 1942 justum
904 1871 1284 1928 conscribens
1313 1873 1658 1940 exercitum,

333 1959 742 2017 adnumeravit
769 1960 1051 2016 Romanis
1083 1960 1433 2032 legionibus.

333 2048 621 2105 Militibus
650 2048 793 2120 quin
823 2047 1000 2104 etiam
1034 2053 1197 2106 extra
1228 2050 1628 2123 metropolim,

335 2142 402 2194 ut
432 2136 849 2212 propulsandis
878 2136 1152 2194 hostibus
1187 2145 1489 2212 promptos
1523 2141 1751 2210 faceret,

337 2228 553 2284 victum
586 2223 868 2282 submisit
896 2224 1177 2298 lautaque
1207 2228 1524 2299 stipendia,

342 2314 470 2370 auri
503 2313 785 2370 nimirum
814 2330 1114 2371 summam
1147 2316 1319 2388 cujus
1350 2319 1544 2390 pondo

343 2402 437 2476 pol
470 2403 838 2458 centenarias
869 2403 1263 2476 quadraginta
1292 2410 1668 2478 appenderet.

343 2494 474 2546 Jam
504 2505 660 2558 vero,
694 2493 758 2546 ut
786 2494 938 2547 retro
969 2491 1247 2564 diximus,
1279 2495 1449 2551 miles
1477 2495 1710 2552 Siculus

347 2579 642 2635 Romanas
670 2578 846 2634 urbes
875 2580 1120 2635 vexabat
1148 2597 1507 2640 concursans
1540 2601 1554 2640 ἶ

345 2669 549 2729 Serras
577 2679 831 2737 orasque
861 2665 1192 2738 Strymonis
1216 2668 1619 2727 devastaverat
1651 2689 1665 2727 :

347 2755 552 2812 urbem
584 2753 1009 2827 Amphipolim,
1042 2748 1392 2829 expugnatis
1425 2761 1742 2833 mcenibus,

347 2846 580 2916 ceperat
609 2857 797 2915 nuper
824 2859 959 2900 cum
994 2845 1346 2917 propinquis
1375 2847 1550 2916 locis;

347 2933 591 2990 Boleron
622 2937 1007 3005 occupaverat
1031 2949 1165 2989 cum
1200 2934 1566 3009 Mosynopoli
1599 2955 1612 2994 :

347 3032 658 3105 ipsamque
689 3030 895 3087 urbem
928 3047 989 3088 se
1021 3035 1330 3105 capturum
1363 3037 1585 3108 regiam

347 3138 452 3179 ceu
485 3119 689 3177 nidum
720 3119 1062 3177 derelictum
1095 3124 1465 3195 autumabat,

351 3209 534 3283 copiis
566 3209 694 3265 suis
725 3209 942 3265 mcenia
974 3209 1372 3269 eircumdans.

351 3302 598 3370 Jamque
629 3300 806 3355 etiam
838 3300 1042 3356 classis
1069 3301 1266 3358 Sicula
1295 3304 1610 3362 stationem

352 3387 416 3443 in
448 3387 804 3443 suburbanis
834 3387 1050 3444 insulis
1082 3389 1395 3448 insederat.

355 3479 576 3532 Verum
608 3475 855 3531 Romani
888 3477 1098 3532 ductor
1122 3479 1411 3536 exercitus

353 3566 571 3622 Branas
601 3563 691 3619 vir
728 3565 1144 3635 magnanimus
1175 3570 1230 3622 et
1259 3568 1612 3628 consiliosus

355 3652 499 3711 Italo
530 3669 667 3709 cum
701 3652 870 3709 hoste
900 3653 1186 3710 consertis
1218 3655 1518 3730 manibus,

349 3740 630 3798 Numinis
661 3739 863 3813 praelia
892 3739 1239 3799 inclinantis
1270 3760 1399 3816 ope,

354 3845 638 3903 magnum
672 3829 742 3885 de
773 3828 1045 3885 Barbarie
1076 3831 1275 3887 retulit
1302 3834 1659 3907 trophmum,

352 3923 412 3976 et
441 3916 772 3975 Siculorum
803 3917 1121 3990 plurimam
1156 3923 1406 3992 stragem
1439 3924 1644 3982 edidit.

350 4008 526 4065 Vivos
557 4007 701 4081 quin
733 4008 912 4065 etiam
946 4007 1246 4081 legionum
1281 4011 1463 4070 duces

350 4098 666 4155 Ricardum
698 4096 851 4170 cepit
880 4096 1358 4173 Balduinumque
1390 4102 1692 4176 comitem,

353 4203 502 4259 quos
533 4187 590 4242 in
625 4185 997 4258 metropolim
1030 4188 1194 4245 misit
1225 4190 1297 4246 ad
1325 4189 1634 4249 Caesarem.

350 4283 659 4355 Captivum
693 4283 828 4338 fecit
857 4300 988 4339 cum
1023 4286 1312 4356 praedictis
1343 4289 1594 4345 ducibus

351 4373 597 4429 exitium
636 4371 842 4443 patriae
870 4373 1253 4429 Commcnum
1289 4375 1578 4449 Alexium,

352 4460 643 4519 malorum
675 4475 913 4515 causam
947 4465 1006 4515 et
1036 4463 1301 4532 procellae
1335 4465 1610 4536 flabrum,

352 4555 530 4622 atque
560 4547 866 4604 oculorum
899 4548 1123 4605 lumine
1155 4551 1422 4622 privavit.

351 4642 650 4709 Quotquot
679 4641 877 4693 autem
913 4638 1037 4694 Itali
1068 4639 1404 4712 effugerunt
1433 4645 1672 4716 caedem,

353 4725 827 4784 Thessalonicam
863 4732 1242 4798 properantes
1274 4731 1503 4799 urbem,

355 4815 603 4872 navibus
634 4815 905 4871 abierunt
937 4817 993 4870 in
1025 4818 1277 4889 patriam
1310 4837 1503 4878 suam.

355 4905 466 4970 Qui
494 4921 627 4961 vero
657 4903 716 4959 in
747 4902 850 4959 illa
879 4904 1272 4962 substiterunt
1305 4910 1468 4975 urbe,

357 4993 545 5051 malos
577 4992 728 5049 male
751 4993 954 5064 justus
983 4995 1144 5050 ensis
1177 4997 1453 5067 perdidit,

355 5082 803 5155 superveniente
832 5084 1084 5139 exercitu
1118 5084 1398 5144 Romano.

353 5177 503 5244 Ergo
534 5188 739 5228 omnes
771 5171 952 5227 Siculi
982 5173 1252 5245 peribant
1282 5175 1478 5246 gladio

355 5261 870 5335 magnanimorum
903 5263 1108 5318 domiti
1145 5263 1400 5321 virorum
1436 5268 1733 5336 manibus,

355 5351 678 5423 praesertim
713 5351 786 5406 ab
819 5351 1019 5407 Alanis
1052 5355 1188 5408 tunc
1221 5355 1629 5412 auxiliaribus.

356 5439 658 5496 Talionem
691 5438 982 5504 siquidem
1018 5441 1329 5498 reddentes
1361 5443 1602 5512 Latinis,

358 5525 714 5597 saevitiaque
745 5526 1031 5580 memoresi
1064 5529 1317 5584 recentis

361 5612 780 5671 Thessalonica
804 5618 975 5685 capta
1005 5632 1178 5686 quam
1211 5625 1696 5690 exprompserant

1995 427 2051 494 Α
2255 419 2582 498 Ὠσφραίνετ’
2608 417 2694 472 ’ἀεὶ
2724 416 2813 472 καὶ
2851 418 3036 490 μύρων
3069 414 3320 491 εὐωδίας,

2252 511 2351 565 Καὶ
2384 505 2688 587 φιλόκαλος
2717 507 2793 570 ὡς
2822 506 2968 560 ταὼν
2997 505 3088 560 καί
3120 507 3351 584 νυμφίος

2253 598 2364 656 Ἀεὶ
2396 597 2591 672 προῄει
2622 599 2729 650 τῶν
2761 591 3054 671 βασιλείων
3088 593 3295 669 δόμωψ

2076 689 2218 744 5670
2255 685 2509 762 Ὀργίλος
2535 687 2600 755 ἦν
2631 706 2715 747 τις
2744 685 2834 739 καὶ
2864 685 3022 757 θυμῷ
3046 681 3214 740 πλέον
3244 686 3448 759 νέμων·

2257 774 2410 845 ιιλήν
2440 775 2557 851 εἶχε
2577 775 2748 848 θυμὸν
2783 774 3055 847 συμπαθεῖ
3073 773 3429 850 κεκραμὲνον·

2256 864 2332 922 Οὐ
2365 862 2565 920 διέπων
2595 860 2863 919 κάλλιστα
2885 863 2984 931 τήν
3013 862 3376 940 κραταρχίαν·

2257 955 2593 1031 Καινουργὸς
2623 954 2763 1023 ὑπῆν
2794 951 3128 1028 πραγμάτων
3159 951 3516 1029 παραλόγων.

2255 1043 2490 1118 Ᾱουτρᾶ,
2526 1041 2822 1114 διαιτήσεις
2850 1063 2909 1098 τε
2935 1044 3026 1096 καί
3057 1041 3348 1119 λαμπροὺς
3383 1040 3586 1118 δόμους

2079 1144 2224 1200 5675
2263 1140 2640 1215 Δομούμενος,
2672 1140 2869 1208 κτίζων
2899 1160 2956 1195 τι
2985 1139 3238 1209 καινίζων
3273 1140 3456 1213 ξὲνως’

2256 1228 2589 1301 Ἐκκλησίας
2619 1224 2782 1303 ἔθιμα
2807 1233 3175 1304 καινουργῶν,
3208 1229 3414 1305 φύρων,

2261 1321 2358 1377 Ὃν
2396 1320 2493 1393 μὶν
2523 1317 2780 1383 καθιστὰς
2806 1323 3196 1394 ποιμεναρχῶν
3227 1317 3305 1382 εἷς
3336 1319 3556 1393 θρόνον,

2263 1412 2356 1464 "Ov
2390 1406 2436 1463 δ’
2468 1407 2669 1483 ἐξάγων
2702 1405 2767 1461 αὖ
2797 1407 2886 1462 καὶ
2921 1403 3064 1481 μὸνῇ
3095 1410 3428 1484 προαιρέσει.

2259 1497 2446 1570 Τούτῳ
2476 1503 2755 1572 προσῆλθε
2783 1500 2880 1552 τοῦ
2906 1498 3134 1571 κράτους
3163 1497 3440 1572 τετευχότι

2082 1590 2226 1646 5680
2265 1584 2500 1663 ’Δνδρῶν
2535 1585 2931 1662 ἀπειράριθμον
2962 1585 3221 1651 εύσθενῶν
3257 1607 3441 1665 στιφος

2264 1678 2360 1734 Ἐκ
2387 1678 2711 1748 Ῥωμαϊκῶν
2743 1673 2943 1729 ἀστέων
2976 1674 3316 1750 πανταχόθεν

2016 1778 2062 1844 Β
2272 1767 2482 1841 Χώρων
2512 1784 2570 1818 τε
2599 1762 2810 1819 λοιπῶν
2839 1770 2939 1833 τῆς
2965 1761 3037 1819 ἕω
3061 1771 3164 1834 τῆς
3196 1765 3445 1842 ἑσπέρας,

2275 1853 2381 1916 Οὓς
2414 1852 2488 1916 εἷς
2516 1853 2765 1928 στρατιὰν
2798 1851 3063 1923 ἀποτάξας
3090 1853 3166 1915 ὡς
3193 1849 3337 1926 δὲον,

2271 1946 2603 2016 Ῥωμαϊκοῖς
2631 1944 2904 2016 τάγμασιν
2938 1940 3304 2018 ἑγκαταλέγει·

2089 2036 2231 2091 5685
2269 2032 2367 2088 Καὶ
2396 2037 2512 2094 τοῖς
2546 2032 2767 2106 θύραθεν
2796 2051 2914 2085 ουσι
2936 2030 3230 2106 ταγμάτων
3259 2031 3425 2088 πάλιν

2271 2122 2513 2195 Ὀψώνια
2545 2122 2801 2198 πέπομφε
2830 2119 2920 2174 καὶ
2948 2118 3208 2184 πλείστας
3238 2117 3437 2192 δόσεις,

3594 292 3728 347 ’216

2268 2209 2415 2284 Ηρὸς
2443 2210 2540 2277 τὴν
2573 2211 2689 2264 κατ’
2720 2207 2930 2284 ἐχθρῶν
2964 2209 3390 2285 παραθαρρύνων
3427 2211 3637 2286 μάχην,

2274 2299 2607 2372 Κεντηνάρια
2636 2297 2867 2372 χρυσίου
2900 2294 3112 2360 στείλας
3144 2298 3289 2376 σφίσι

2276 2387 2595 2460 Ποσούμενα
2625 2386 2904 2458 ξύμπαντα
2927 2387 3175 2459 τετράκις
3209 2385 3355 2446 δέκα.

2096 2490 2239 2544 5690
2276 2490 2378 2544 "Hv
2408 2485 2475 2559 δ’,
2509 2487 2582 2548 ὡς
2613 2483 2770 2560 ἔφην,
2803 2489 3112 2559 στράτευμα
3141 2492 3383 2543 Σικελῶν
3417 2487 3526 2544 ἅνω

2277 2573 2474 2637 Πόλεις
2507 2573 2655 2629 ὲπιὸν
2675 2574 2988 2647 Ῥωμαϊκὰς
3025 2576 3115 2629 καὶ
3145 2575 3380 2652 τρύχον.

2281 2662 2483 2740 Σέῤῥας
2519 2663 2614 2735 μὲν
2645 2662 2945 2739 ἠμαύρωσε
2976 2666 3337 2740 Στρυμμόνος
3365 2667 3599 2737 τόπους,

2284 2751 2619 2830 Ἀμφίπολιν
2654 2749 2712 2807 δὲ
2739 2753 3081 2828 τειχομαχίᾳ
3109 2752 3271 2809 πόλιν

2279 2839 2419 2913 Ἤδη
2451 2843 2856 2916 παρεστήσαντο
2884 2841 2975 2896 σὺν
3005 2848 3120 2906 τοῖς
3154 2843 3205 2898 ἐν
3236 2845 3447 2919 κύκλῳ.

2103 2934 2246 2988 5695
2282 2929 2448 2989 Εἷλον
2483 2929 2720 3004 Βολερὸν
2754 2930 3140 2988 Μοσυνόπολιν
3173 2932 3336 2988 πόλιν

2281 3022 2379 3075 Καὶ
2410 3021 2511 3088 τήν
2547 3019 2936 3095 βασιλεύουσαν
2968 3023 3212 3097 αἱρήσειν
3242 3022 3403 3078 πόλιν

2026 3133 2072 3203 C
2285 3111 2374 3174 Ὠς
2402 3107 2618 3164 νοσσιὰν
2650 3103 2857 3184 ἔρημον
2891 3107 3050 3182 ᾤοντ’
3080 3111 3292 3182 αὐτίκα,

2285 3196 2488 3271 Κύκλῳ
2516 3200 2934 3273 περιστήσαντες
2957 3200 3134 3254 αὑτῶν
3168 3197 3452 3274 δυνάμεις·

2286 3287 2388 3343 Καὶ
2411 3292 2558 3364 σφῶν
2587 3282 2786 3351 στὸΛος
2815 3285 2873 3342 δὲ
2901 3288 3114 3359 νησίσιν
3149 3290 3517 3367 άμφιρῥύτοις

2107 3388 2248 3443 5700
2287 3384 2657 3459 Ἐλλιμενίζει
2687 3391 2806 3450 ταῖς
2835 3387 2958 3462 περὶ
2988 3385 3151 3442 πόλιν
3185 3390 3410 3464 φθάσας.

2287 3472 2467 3531 Ἀλλὰ
2496 3476 2798 3551 στρατηγὸς
2838 3482 3090 3552 στρατιᾶς
3119 3484 3220 3548 τῆς
3249 3477 3502 3535 Αὐσόνων

2287 3568 2494 3637 Βρανᾶς
2525 3564 2662 3638 ἀνήρ
2689 3585 2776 3626 ’τις
2805 3564 3088 3638 γεννάδας,
3125 3565 3472 3645 βουληφόρος

2287 3654 2545 3728 Ἐχθροῖς
2577 3651 2806 3714 Ἰταλοῖς
2833 3655 3171 3726 συμπλακεὶς
3200 3657 3334 3711 κατά
3365 3658 3550 3734 μάχην

2287 3746 2421 3796 Θεοῦ
2452 3739 2697 3817 συνάρσει
2731 3738 3109 3818 συντρίϐοντος
3133 3744 3227 3806 τὰς
3261 3743 3466 3822 μάχας,

2109 3832 2252 3886 5705
2288 3829 2561 3907 Τρόπαιον
2595 3831 2717 3901 ἱστᾷ
2746 3832 2881 3886 κατά
2904 3827 3191 3908 βαρϐάρων
3223 3835 3385 3909 μέγα,

2289 3920 2388 3977 Καὶ
2419 3918 2677 3976 πλεῖστον
2709 3919 2996 3996 εἰργάσατο
3030 3919 3273 3977 Σικελῶν
3305 3923 3487 3998 φόνονο

2291 4013 2497 4084 Ζωγρεῖ
2523 4029 2581 4063 τε
2605 4007 2694 4063 καὶ
2728 4005 3060 4065 Βαλδουῖνον
3093 4011 3308 4082 κόντον,

2291 4099 2402 4155 Τὸν
2431 4095 2713 4172 Ῥικάρδον
2744 4118 2802 4152 τε
2830 4098 2920 4152 καὶ
2951 4096 3286 4156 Βαλδουῖνον
3319 4100 3526 4170 κόντον,

2291 4183 2398 4248 Οὓς
2434 4185 2652 4262 βασιλεῖ
2680 4187 2937 4263 πέπομφε
2967 4190 3102 4263 πρὸς
3135 4187 3295 4244 πόλιν
3323 4192 3571 4265 κράτους·

2111 4286 2253 4342 5710
2292 4291 2502 4360 Ζωγρεῗ
2527 4282 2584 4340 δὲ
2606 4284 2698 4339 σὺν
2733 4288 2815 4347 οἷς
2850 4284 3039 4362 ἐρρέθη
3074 4288 3466 4363 στρατηγέταις

2289 4375 2574 4446 Κομνηνὸν
2607 4372 2846 4444 Ἀλὲξιον
2876 4373 3134 4450 πατρίδος
3166 4377 3364 4454 φθόρον

2034 4489 2082 4554 D
2288 4462 2511 4532 Ῥἐκτην
2547 4483 2603 4515 τε
2633 4467 2811 4516 κακῶν
2854 4465 3098 4519 κυκεῶνά
3125 4486 3183 4520 τε
3214 4464 3406 4537 ζάλης,

2290 4551 2391 4608 Καὶ
2423 4551 2634 4628 φωντὸς
2661 4551 2943 4626 ἐστέρησεν
2976 4553 3134 4608 αὐτὸν
3172 4553 3461 4628 ὀμμάτων.

2289 4647 2439 4697 Ὀσοι
2473 4639 2521 4696 δ’
2551 4641 2775 4699 Ἰταλῶν
2808 4642 3061 4722 ἐξέφυγον
3092 4646 3183 4700 τὸν
3219 4647 3402 4723 φόνον,

2109 4734 2252 4788 5715
2289 4729 2686 4802 Θεσσαλονίκην
2718 4729 3114 4797 καταλαϐόντες
3143 4735 3328 4807 πόλιν,

2289 4819 2493 4878 Ναυσὶν
2525 4819 2940 4892 ἀπηλλάττοντο
2971 4825 3106 4900 πρὸς
3133 4826 3231 4894 τὴν
3257 4823 3511 4902 πατρίδα·

2289 4914 2446 4969 ’Ὀσοι
2479 4909 2525 4966 δ’
2553 4912 2864 4976 ἐναλύοντες
2894 4916 3029 4984 ἦσαν
3061 4919 3129 4989 τῇ
3157 4916 3315 4972 πόλει

2291 5001 2458 5056 Κακοὶ
2489 5007 2668 5064 κακῶς
2699 5001 2951 5059 ὣλλυντο
2984 5002 3208 5066 δικαίως
3237 5003 3397 5083 ξίφει,

2291 5091 2693 5169 Ἐπιιρθασάσης
2725 5097 2973 5168 στρατιᾶς
3005 5100 3139 5171 σφᾶς
3181 5093 3457 5150 Αὐσόνων·

2111 5181 2254 5236 5720
2292 5183 2492 5242 Ηάντες
2527 5178 2573 5235 δ’
2604 5181 3006 5258 ἀπεσφάττοντο
3041 5183 3261 5239 Σικελοὶ
3297 5186 3494 5260 σπάθῃ,

2287 5266 2519 5331 Ἀλλοις
2543 5291 2601 5324 τε
2630 5269 2866 5334 πολλοῖς
2898 5269 3147 5347 ἀνδράσιν
3181 5271 3511 5350 εὐκαρδίοις,

2291 5364 2415 5421 Τοῖς
2445 5357 2491 5414 δ’
2525 5359 2784 5423 Ἀλανοῖς
2819 5361 3056 5434 μάλιστα
3088 5363 3410 5438 συμμάχοις
3434 5363 3576 5419 τότε·

2290 5446 2614 5522 Ἀντίρροπα
2642 5445 2875 5521 δρῶντες
2904 5450 3007 5525 γάρ
3036 5451 3187 5506 οὗτοι
3222 5453 3484 5516 Λατίνους

2291 5542 2383 5590 Ὧν
2425 5536 2550 5610 πρὶν
2584 5538 2993 5610 καθυπὲστησαν
3021 5540 3362 5616 ἆσπλάγχνῳ
3391 5542 3580 5618 τρόπῳ

2112 5629 2256 5685 5725
2293 5625 2417 5684 Ἐπί
2446 5628 2767 5702 κατασχέσει
2798 5649 2860 5703 γε
2892 5628 3313 5701 Θεσσαλονίκης,
