4004 6200
197 307 310 361 21⁸7

392 431 631 504 Ἐπῆγον
658 426 809 491 εὐθὺς
838 429 901 482 τὸ
934 429 1086 507 ξίφος
1114 432 1248 484 κατὰ
1277 432 1468 504 κάρας,

396 522 510 575 Ποῦ
542 518 820 593 σύγγονος,
854 518 1173 595 φάσκοντες,
1208 518 1241 587 ἢ
1276 518 1660 597 συμφυλέτης;

396 606 505 669 Οὓς
536 607 661 682 πρὶν
694 605 911 661 ἀνεῖλον
948 604 1165 677 δηλαδὴ
1198 609 1334 663 κατά
1363 607 1550 666 πόλιν.

392 695 618 753 Τούτων
650 694 707 749 δὲ
736 699 886 758 ναοῖς
908 698 1386 772 προσπεφευγότας
1414 695 1580 752 πάλιν

398 786 738 863 Σφάττοντες
767 783 1060 860 ἀνέγραζον
1094 784 1145 841 ἐν
1178 785 1472 863 παρρησίᾳ,

211 879 360 935 5730
398 879 535 947 Ποῦ,
563 878 671 929 ποῦ
702 879 883 935 παπᾶς
916 874 1146 951 πέφυκεν
1172 874 1547 950 ἀνῃρημένος

398 966 506 1026 Οὓς
540 962 592 1019 ἐν
625 968 761 1036 νιῷς
792 961 1033 1019 ἔκτειναν
1066 965 1119 1019 οἰ
1153 964 1431 1041 μιαιφόνοι
1454 984 1467 997 ·

400 1054 569 1111 Ἐπᾶν
603 1053 825 1129 ὑπῆρχε
854 1055 1088 1127 καθορᾷν
1111 1074 1163 1107 τι
1194 1054 1284 1108 καὶ
1317 1055 1462 1125 ξενον

403 1142 547 1205 Τοὺς
582 1143 745 1203 κύνας
775 1142 835 1196 οὐ
868 1141 1116 1217 θίγοντας
1148 1144 1322 1198 ἀστῶν
1354 1146 1620 1216 σωμάτων

400 1236 517 1285 Τῶν
550 1231 881 1307 νεκριμαίων
914 1229 1187 1308 ἄμφόδοις
1220 1230 1561 1308 ἒρῥιμμὲνων
1594 1253 1605 1265 ο

223 1325 365 1379 5735
401 1323 535 1382 Τοῖς
569 1317 617 1375 δ’
651 1320 875 1376 Ἰταλῶν
905 1320 1161 1393 πτώμασι
1190 1325 1269 1392 τῷ
1297 1318 1549 1391 τηνικάδε

407 1406 797 1481 Ἐπιμανὲντας
827 1407 1022 1463 ἐσθίειν
1053 1408 1188 1463 κατὰ
1217 1406 1377 1482 κόρον

405 1500 507 1553 Καὶ
536 1493 932 1571 τυμϐορυκτεῖν
969 1498 1014 1551 εἷ
1048 1495 1227 1569 δεήσει
1258 1496 1534 1562 πολλάκις
1567 1519 1578 1530 ·

408 1584 602 1649 Οὕτως
633 1583 889 1656 ἀπηλάθη
916 1586 1011 1657 μὲν
1044 1584 1103 1640 ἐκ
1132 1585 1426 1649 Θεσσαλίας

406 1677 479 1732 Ἡ
510 1672 773 1742 Σικελικὴ
807 1674 1033 1748 στρατιά
1064 1674 1153 1729 σὺν
1188 1673 1419 1749 αἰσχύνῃ
1450 1691 1466 1707 ⁸

236 1768 373 1822 5740
412 1766 485 1820 At
518 1762 577 1819 δὲ
605 1766 846 1839 τριήρεις
875 1764 929 1818 αἱ
960 1765 1098 1818 κατὰ
1129 1761 1450 1833 Βυζαντίδος

413 1853 783 1912 Ἐκπλεύσασι
812 1858 983 1932 σφῶν,
1014 1854 1090 1916 ὡς
1119 1850 1320 1932 ἔφαμεν
1350 1855 1565 1927 ἀνόπιν,

414 1949 615 2005 Κακῶς
644 1947 910 2008 παθοῦσαι
940 1943 1078 2019 πρὸς
1110 1949 1362 2018 στρατιᾶς
1385 1943 1638 2000 Αὐσόνων

414 2032 714 2094 Πλείστους
739 2053 797 2087 τε
821 2036 1029 2087 ναυτῶν
1062 2027 1479 2087 ἀποϐάλλουσαι
1515 2033 1668 2107 μόρῳ

412 2123 585 2181 Οῦσαι
618 2120 742 2196 περί
771 2143 875 2176 που
909 2119 990 2183 δὶς
1023 2121 1208 2176 ἑκατὸν
1242 2121 1332 2176 καὶ
1363 2119 1529 2176 πλέον

248 2215 381 2269 5745
418 2213 650 2290 λᾩχοντ¹
679 2210 932 2286 ἀγεννῶς,
958 2210 1171 2272 ἀκλεῶς
1202 2210 1340 2285 πρὸς
1371 2209 1607 2286 πατρίδα
1636 2231 1647 2245 ·

371 2306 493 2371 Ὧν,
518 2298 673 2377 φασὶ,
703 2297 911 2353 πολλαὶ
942 2296 1234 2353 κατέδυσαν
1262 2297 1337 2360 εἷς
1366 2300 1529 2373 βάθος

416 2390 567 2445 Κατά
595 2408 656 2462 γι
686 2388 777 2442 τὸν
804 2385 980 2441 πλοῦν
1006 2390 1327 2461 πνευμάτων
1360 2390 1631 2463 καταιγίσι

416 2481 814 2553 Περιπεσοῦσαι
843 2476 931 2530 καὶ
961 2474 1204 2532 κλύδωνι
1230 2477 1318 2531 καὶ
1353 2476 1507 2550 σάλῳ
1541 2497 1553 2510 ⁸

408 2568 472 2621 Ὠ
504 2565 801 2629 ἀπολέσθαι
833 2567 969 2620 κατὰ
998 2563 1159 2621 τάσδε
1188 2566 1282 2629 τὰς
1319 2566 1504 2641 μάχας

251 2659 382 2711 5750
422 2652 665 2725 Ἀνδρῶν
701 2653 918 2711 Ἰταλῶν
955 2654 1219 2729 μαχίμων
1245 2657 1380 2727 πρὸς
1408 2655 1662 2713 Αὐσόνων

426 2743 662 2807 Πλείους
690 2741 883 2818 σχεδόν
916 2764 1021 2798 που
1048 2743 1380 2818 χιλιοστόων
1417 2742 1569 2800 δὲκα⁶

418 2835 521 2892 Καὶ
558 2835 886 2908 συσχεθῆναι
913 2833 1049 2887 κατὰ
1080 2830 1281 2902 διπλῆν
1312 2834 1412 2901 τὴν
1448 2835 1635 2909 μάχην

419 2920 652 2997 Ἀνδρας
688 2920 948 2983 Σικελοὺς
977 2922 1231 2997 τέτταρας
1266 2920 1524 2996 χιλιάδας
1560 2942 1572 2954 '

426 3014 492 3070 Οἳ
526 3010 822 3084 δημοσίαις
848 3008 1116 3088 φυλακαῖς
1147 3009 1533 3086 καθειργμένοι

252 3106 389 3160 5755
422 3100 658 3157 Ὦλοντο
690 3100 843 3173 λιμῶ
872 3100 963 3154 καὶ
994 3099 1144 3175 κρύὶι
1175 3099 1264 3153 καὶ
1294 3104 1362 3173 τῇ
1394 3102 1561 3174 νόσῳ,

422 3191 672 3265 Ἥγάγεθ’
706 3189 861 3252 οὗτος
890 3188 979 3243 καὶ
1012 3187 1259 3242 σύνευνον
1301 3186 1572 3264 δευτέραν,

420 3281 652 3355 Ιίρώτης
684 3279 974 3347 θανούσης,
1004 3274 1171 3333 παῖδα
1202 3278 1373 3354 ῥηγὸς
1402 3278 1671 3356 Οὐγγρίας
1704 3301 1716 3314 ·

422 3368 522 3427 Ἥς
555 3367 621 3420 οὐ
656 3363 887 3434 θελήσας
917 3366 1193 3442 νυμιρικὴν
1223 3362 1380 3420 δαῖτα
1409 3367 1621 3442 γάμους

426 3458 515 3512 Ἐκ
537 3454 821 3527 δημοσίων
852 3452 1158 3529 χρημάτων
1190 3453 1455 3525 ἑστιάσαι,

255 3548 392 3601 5760
430 3542 621 3601 Φειδοῖ
650 3564 710 3597 τε
730 3542 939 3598 τούτων
970 3544 1060 3596 καὶ
1089 3541 1416 3619 φιλοχρύσῳ
1446 3545 1632 3622 τρόπῳ

422 3637 517 3690 Ἐκ
545 3638 655 3688 τῶν
690 3634 781 3687 ὑπ’
810 3632 970 3686 αὐτὸν
1005 3632 1207 3686 ἀστέων
1242 3633 1499 3703 ὑπηκόων

420 3726 627 3798 Χωρῶν
653 3742 713 3776 τε
744 3719 954 3776 λοιπῶν
985 3722 1052 3789 ἦν
1082 3718 1200 3775 τάδ’
1225 3723 1584 3799 ἠρανισμὲνος
1616 3742 1631 3757 ⁸

423 3816 517 3867 Ὧν
550 3812 716 3887 χάριν
748 3811 950 3867 Μυσῶν
982 3809 1310 3885 ἐκταραχθὲν
1343 3832 1459 3873 πως
1489 3808 1642 3875 ἔθνος

424 3902 552 3963 Καθ’
580 3902 761 3971 Αἷμον
792 3897 995 3965 οἰκοῦν,
1030 3899 1082 3951 οἳ
1113 3896 1502 3969 κικλήσκονται
1537 3900 1773 3977 Βλάχοι,

253 3992 389 4047 5765
426 3986 826 4058 ’Δπεστάτησεν
859 3985 1115 4042 Αὐσόνων
1146 3988 1501 4064 κραταρχίας,

421 4080 732 4154 Ἀραίρεσιν
764 4080 911 4153 σφῶν
944 4077 1272 4151 θρεμμάτων
1312 4080 1628 4155 εὑρηκότες,

419 4171 537 4237 Τήν
614 4166 968 4243 Ιῐατρόγλους
1052 4168 1169 4239 (65)
1251 4168 1569 4246 τρόφασιιι,
1739 4191 1900 4247 φησιν

1547 4255 1753 4332 [λόγος.

421 4345 517 4400 Καὶ
551 4344 1058 4420 συνεπαλείφουσαν
1089 4343 1285 4406 αὐτοὺς
1312 4347 1448 4419 πρὸς
1478 4344 1603 4400 τόδε

425 4432 582 4489 Δυάδ⁹
614 4430 867 4509 ἀδελφῶν
902 4433 1132 4501 Ἀσάνην
1164 4454 1220 4487 τε
1249 4434 1338 4487 καὶ
1369 4435 1570 4507 Πέτρον
1598 4454 1610 4467 ·

246 4526 387 4579 5770
424 4522 525 4579 Καὶ
554 4518 753 4577 τούσδε
784 4520 999 4583 Μυσοὺς
1027 4523 1114 4575 καὶ
1146 4522 1297 4594 γένος
1328 4522 1415 4577 καὶ
1447 4524 1536 4577 τὸν
1572 4523 1773 4597 τρόπον
1809 4543 1819 4554 ·

427 4613 489 4665 Οἳ
521 4610 648 4683 πρὶν
684 4609 969 4672 ὀκνοῦντας
1006 4605 1311 4685 βαρϐάρους
1343 4610 1686 4689 συμφυλέτας

431 4698 793 4755 Ἀποστασίαν
825 4698 915 4752 καὶ
945 4700 1006 4753 τὸ
1040 4699 1268 4774 ῥαγῆναι
1291 4700 1539 4774 κράτους,

431 4793 577 4863 Σσρᾶς
611 4784 1082 4861 παραθαρῥύνουσι
1115 4784 1540 4861 δραματουργία,

426 4882 491 4931 Ἣ
528 4872 742 4947 μᾶλλον
779 4875 937 4928 sine?»
976 4871 1331 4946 δαιμονιώδει
1364 4873 1559 4948 πλάνῃ,

247 4967 389 5021 5775
428 4968 706 5039 Περιιρανῆ
739 4960 1011 5030 κτίζουσιν
1040 4963 1183 5035 ἱερὸν
1219 4960 1387 5034 δόμον

433 5046 777 5127 Μυροϐλύτῃ
810 5053 921 5124 (66)
956 5052 1188 5126 μάρτυρι
1220 5055 1299 5123 τῷ
1330 5051 1651 5124 Δημητρίῳ,

1748 306 2108 362 CBSARES.

1900 429 1953 497 Α
1984 428 2139 481 recta
2171 423 2463 496 capitibus
2489 438 2657 478 enses
2690 422 3114 495 impingebant,

1986 514 2231 569 fratrum
2259 528 2500 568 suorum
2528 510 2957 583 gentiliumque
2989 512 3244 567 vindices

1988 619 2136 674 quos
2168 601 2253 656 illi
2285 617 2495 672 nempe
2524 616 2627 673 per
2661 600 2865 655 urbem
2899 603 3290 656 mactaverant

1989 692 2151 759 Quod
2184 690 2233 746 si
2265 690 2365 762 qui
2399 690 2466 745 ad
2500 706 2665 745 sacra
2695 689 2857 762 asyla
2885 690 3321 762 confugiebant,

1988 780 2096 836 hos
2121 779 2463 851 jugulantes
2494 778 2823 835 clamabant
2853 779 3139 849 ferociter,

1994 870 2242 925 Ubinam
2277 873 2367 924 est
2393 868 2621 924 occisus
2654 885 2756 940 per
2784 885 2885 924 vos
2918 870 3232 926 sacerdos?

1992 974 2129 1014 nam
2158 962 2214 1013 et
2243 972 2305 1013 se
2336 957 2519 1013 sacris
2548 957 2801 1013 caedibus
2833 956 3241 1029 impiaverant.

1992 1052 2140 1104 Tum
2182 1050 2240 1102 et
2270 1047 2601 1102 mirandum
2630 1046 2911 1117 quiddam
2944 1047 3138 1103 videre
3167 1047 3349 1118 licuit,

1996 1152 2167 1192 canes
2199 1139 2502 1207 parcentes
2535 1134 2744 1189 civium
2777 1134 3139 1206 corporibus,

1995 1224 2045 1281 si
2077 1242 2204 1297 quas
2237 1225 2494 1297 projects
2515 1224 2793 1295 jacebant
2821 1223 2881 1279 in
2912 1224 3084 1292 vicis;

1998 1320 2085 1372 ast
2120 1314 2399 1370 Italorum
2429 1313 2693 1371 certatim
2726 1315 3007 1371 cadavera

1998 1404 2165 1460 avida
2195 1404 2347 1459 fame
2377 1402 2594 1460 ibidem
2626 1405 2995 1474 devorantes,

1999 1492 2138 1563 quin
2170 1496 2227 1548 et
2251 1492 2536 1564 sepulcris
2566 1510 2717 1565 saepe
2745 1494 3175 1566 protrahentes.

1999 1583 2090 1636 Sic
2121 1597 2151 1636 e
2180 1581 2535 1637 Thessalicis
2567 1582 2772 1651 pulsus
2799 1583 2909 1639 fuit
2939 1584 3162 1640 finibus

2002 1686 2136 1727 cum
2165 1668 2491 1741 ignominia
2520 1668 2755 1726 Siculus
2788 1672 3098 1727 exercitus.

1998 1758 2290 1814 Triremes
2320 1761 2539 1825 autem,
2569 1761 2634 1812 ut
2662 1759 2934 1829 superius
2964 1760 3242 1833 diximus,

2000 1848 2318 1919 Byzantina
2349 1847 2491 1903 urbe
2522 1848 2810 1920 fugientes
2848 1849 3072 1920 procul,

2001 1937 2154 1995 male
2183 1955 2217 1993 a
2247 1941 2505 1993 Romano
2539 1937 2725 1993 milite
2757 1943 2897 1994 sunt
2934 1937 3249 2007 mulctatsz,

2000 2034 2177 2099 atque
2206 2027 2531 2084 amiserunt
2560 2026 2879 2099 plurimam
2911 2028 3142 2083 turbam
3176 2027 3475 2083 nauticam
3510 2044 3521 2081 :

1999 2132 2252 2188 cumque
2283 2116 2545 2171 ducenta:
2573 2119 2771 2172 essent
2795 2117 2884 2172 vel
2915 2116 3091 2172 etiam
3122 2117 3343 2189 plures,

1999 2206 2247 2279 turpiter
2274 2204 2434 2261 victa:
2468 2205 2768 2276 fugiebant
2797 2205 2854 2261 in
2891 2205 3141 2278 patriam
3178 2224 3190 2261 :

2000 2309 2249 2365 quarum
2282 2294 2604 2366 permultas
2636 2295 2792 2351 fama
2822 2300 2909 2352 est
2940 2295 2997 2350 in
3030 2311 3206 2353 cursu

1998 2388 2306 2439 ventorum
2337 2384 2454 2439 vim
2485 2401 2793 2456 perpessas
2823 2388 2879 2441 et
2908 2388 3294 2458 tempestatis,

2002 2473 2319 2544 naufragae
2351 2473 2545 2528 medio
2577 2472 2817 2545 periisse
2848 2473 3018 2530 mari.

2000 2562 2190 2625 Quare
2219 2560 2404 2616 in’bis
2436 2560 2652 2633 preliis
2684 2562 2994 2619 bellatores
3020 2565 3149 2621 Itali

2001 2653 2206 2705 contra
2235 2649 2566 2706 Romanum
2606 2652 2969 2710 decertantes
3003 2655 3250 2712 militem

2002 2737 2406 2794 occubuerunt
2438 2741 2637 2796 decem
2671 2740 2853 2799 ferme
2885 2743 3044 2799 mille
3077 2761 3091 2801 :

2002 2827 2383 2899 terrestrique
2412 2829 2590 2885 simul
2620 2836 2676 2886 et
2707 2831 3003 2888 maritimo

2000 2915 2154 2972 bello
2185 2922 2325 2973 sunt
2354 2918 2508 2988 capti
2541 2924 2747 2988 quater
2778 2919 2939 2976 mille
2969 2920 3171 2987 Siculi,

2003 3004 2104 3075 qui
2138 3004 2472 3061 carceribus
2503 3005 2753 3076 publicis
2780 3007 3043 3061 conclusi

2000 3090 2207 3162 frigori
2239 3098 2378 3149 sunt
2409 3094 2595 3148 enecti
2627 3099 2684 3149 et
2713 3095 2917 3150 morbo
2950 3099 3006 3148 et
3035 3096 3210 3149 fame.

1924 3147 1967 3214 ὓ
1999 3147 2260 3235 nam;
2287 3147 2454 3235 duxit
2481 3147 3102 3253 Isaacius‘cvonjiugem.

2001 3272 2234 3324 mortua
2260 3267 2473 3340 priore,
2506 3267 2776 3341 Ungarici
2806 3270 2960 3341 regis
2990 3270 3170 3326 ﬁliam
3201 3287 3213 3324 :

2000 3373 2251 3428 quarum
2282 3358 2622 3429 nuptiarum
2654 3358 3064 3431 sponsalisque
3094 3376 3322 3432 pompae

2003 3446 2208 3503 nolens
2239 3446 2310 3502 de
2341 3446 2480 3503 fisco
2513 3447 2670 3520 regio
2700 3449 3002 3520 impensas
3034 3449 3241 3516 facere,

2001 3537 2143 3591 dum
2177 3536 2312 3592 huic
2342 3537 2525 3608 parcit
2553 3538 2740 3594 victus
2772 3539 3034 3608 avaritia,

2002 3629 2173 3696 coapit
2200 3627 2509 3698 pecuniam
2537 3629 2793 3684 subditis
2824 3646 2892 3686 ex
2923 3630 3171 3686 urbibus

2002 3720 2060 3770 et
2090 3714 2333 3788 reliquis
2364 3716 2623 3774 castellis
2649 3734 2989 3775 coacervare
3015 3736 3029 3774 :

2001 3808 2156 3863 unde
2189 3809 2465 3865 commoti
2497 3809 2698 3880 populi
2730 3809 3067 3880 Moesorum,

2003 3893 2205 3950 incolas
2237 3894 2441 3961 Haemi,
2474 3896 2574 3966 qui
2605 3896 2885 3953 dicuntur
2915 3897 3133 3965 Blacbi,

2002 3982 2177 4038 fidem
2204 3987 2462 4039 Romano
2497 3990 2786 4055 negarunt
2816 3987 3083 4058 imperio,

2002 4080 2323 4144 propterea,
2356 4073 2507 4143 quod
2539 4074 2664 4129 suis
2694 4075 2969 4146 gregibus
2998 4078 3421 4149 spoliabantur,

2003 4160 2285 4217 Patroclis
2317 4163 2561 4231 occasio,
2598 4167 2660 4217 ut
2690 4169 2779 4219 est
2810 4164 2865 4219 in
2900 4168 3223 4236 proverbio.

2001 4340 2083 4393 Ad
2119 4338 2175 4393 id
2210 4344 2484 4410 praeterea
2512 4340 2740 4398 facinus
2771 4350 2906 4400 sunt
2937 4347 3225 4419 compulsi

2003 4445 2037 4482 a
2068 4428 2346 4483 fratribus
2381 4430 2613 4485 duobus
2647 4439 2838 4489 Asanc
2869 4440 2927 4489 et
2958 4440 3124 4492 Petro

1925 4502 1973 4567 D
2006 4516 2201 4573 Moesis
2230 4524 2287 4573 et
2316 4518 2462 4591 ipsis
2492 4535 2702 4591 genere
2732 4528 2790 4577 et
2822 4524 3075 4595 ingenio.

2005 4608 2074 4663 Hi
2106 4607 2414 4680 populares
2443 4627 2603 4680 suos,
2636 4612 2737 4684 qui
2770 4614 3015 4671 deficere

2007 4717 2039 4755 a
2072 4700 2335 4771 partibus
2363 4701 2593 4775 imperii
2624 4705 3044 4775 subtimebanl,

2006 4796 2363 4846 exacuerunt
2388 4792 2596 4850 callido
2625 4796 2892 4860 artificio,

2008 4895 2110 4934 seu
2141 4879 2499 4937 dacmoniaca
2528 4884 2750 4952 fraude,
2782 4891 2848 4940 ut
2877 4886 3095 4943 rectius
3123 4887 3334 4944 dicam.

2009 4968 2394 5038 Splendidum
2423 4972 2514 5027 isti
2548 4973 2939 5029 condiderunt
2972 4977 3173 5034 fanum

2008 5059 2301 5113 Demetrio
2335 5062 2575 5133 martyri
2608 5064 3034 5135 unguenlifluo,

3522 299 3628 354 218

315 5250 429 5318 (65)
457 5249 596 5303 Cod.
632 5245 971 5316 Πάτροκλος.
1007 5248 1087 5302 De
1121 5248 1192 5303 iis
1223 5249 1333 5303 dici
1370 5250 1740 5319 proverbium
1774 5250 1900 5305 Dio-

248 5322 542 5391 genianus
575 5338 674 5387 vn,
708 5322 799 5385 47,
828 5321 931 5386 ait,
957 5321 1214 5389 quicum
1251 5321 1515 5390 proprias
1542 5322 1902 5378 calamitates

239 5392 309 5447 ob
342 5398 566 5447 metum
618 5391 929 5463 deplorare
961 5408 1072 5444 non
1123 5396 1339 5463 ausint,
1374 5393 1484 5447 sub
1531 5392 1721 5448 alieno
1755 5412 1900 5463 prae-

242 5470 403 5517 textu
438 5479 537 5517 eas
569 5463 809 5517 deflent.
836 5462 915 5517 De
949 5462 1210 5517 Patroclo
1242 5463 1648 5519 sordidissimo
1678 5462 1896 5521 Aristo-

244 5536 475 5606 phanes
507 5534 565 5588 in
601 5534 768 5588 Pluto
803 5551 842 5597 Ι,
868 5534 958 5589 28.

312 5607 431 5678 (66)
463 5607 934 5677 Cognomentum
985 5604 1093 5660 hoc
1132 5608 1187 5658 8.
1225 5604 1512 5663 Demetrio
1561 5607 1902 5664 attribuitur

2010 5251 2182 5305 etiam
2214 5251 2271 5305 in
2304 5260 2579 5323 argentea
2602 5256 2813 5311 tabella
2844 5275 2974 5313 cum
3011 5259 3101 5315 his
3155 5259 3362 5317 litteris
3395 5266 3449 5315 in
3484 5259 3647 5315 Chri-

2010 5323 2218 5407 stianis
2252 5324 2748 5415 inscriptionibus.
2776 5328 2916 5419 Αὕτη
2950 5332 2983 5397 ἡ
3042 5331 3277 5401 στάμνος
3337 5332 3481 5419 φέρει
3545 5328 3645 5398 μύ-

2012 5411 2100 5472 ρον
2138 5392 2285 5467 ἅγιον
2401 5388 2497 5472 τοῦ
2530 5399 2753 5472 φρέατος
2796 5388 3210 5471 ἀντλγξσασα,’ὲν
3349 5388 3429 5455 ’τδ
3455 5388 3647 5472 Δσῶμα

2008 5462 2103 5516 τοῦ
2165 5462 2513 5540 μυροῧλύτου
2541 5462 2707 5531 ’ὸείου
2764 5462 3081 5546 Δημητρίου
3115 5462 3299 5527 ⁷τοῦτό
3344 5462 3645 5536 ἀναϐλύξον

2009 5541 2202 5592 κεῖται.
