4104 6204
351 326 466 383 221
1900 329 1972 385 ΟΔ

1900 328 2262 385 ΟΒΘΔΒΕΞ.

548 447 844 507 Θεόσδοτον
876 445 1115 530 δώρημα
1146 451 1328 529 φανεὶς
1359 456 1438 525 τῷ
1467 454 1590 509 τότε

549 545 777 598 Ἄνακτι
806 537 951 613 τῶδε
981 538 1117 595 κατὰ
1147 539 1311 612 τήνδε
1339 542 1439 611 τήν
1473 542 1679 619 μάχην·

546 633 642 693 ’Ὁς
675 650 736 685 εκ
762 628 1007 685 Λατίνων
1044 631 1360 706 συναγείρας
1391 631 1626 695 ἱππότας

551 717 934 793 Ἀρειμανίους
967 715 1049 781 δὶς
1082 720 1272 776 ἑκατὸν
1306 721 1396 775 καὶ
1425 722 1617 793 πλέον,

363 814 512 868 5840
552 808 759 879 Πεζοὺς
788 809 1206 886 καταφράκτους
1239 806 1295 865 δὲ
1316 810 1699 873 πεντακοσίους

549 901 769 975 Ἡγεῖτο
798 895 970 953 τῶνδε
998 898 1090 954 καὶ
1120 904 1382 976 κατορθοῖ
1407 902 1507 970 τὴν
1535 899 1712 972 νίκην·

552 991 738 1064 Παρῆν
766 985 825 1043 δὲ
853 989 1231 1066 κατάφρακτος
1260 988 1456 1054 ὅπλοις
1485 992 1577 1045 καὶ
1605 992 1819 1067 κράτωρ

548 1078 701 1136 Μετὰ
729 1082 1052 1154 στρατηγῶν
1084 1077 1349 1143 εὐσθενῶν
1381 1100 1439 1135 τε
1470 1079 1784 1155 ταγμάτων.

550 1166 683 1223 Επεὶ
717 1165 765 1221 δ’
798 1167 1018 1243 ὁπῖρχε
1047 1167 1376 1241 συμπλοκῆς
1409 1170 1597 1245 καιρὸς
1631 1168 1840 1244 μάχης,

366 1269 510 1324 5845
546 1265 851 1338 Εὐώνυμον
888 1266 982 1339 μὶν
1015 1267 1131 1341 εἶχε
1161 1268 1505 1340 Καμμύτζης
1536 1266 1696 1342 κέρας

548 1355 998 1430 Πρωτοστράτωρ
1028 1353 1127 1427 ὥν,
1157 1354 1406 1431 εὐγεγής,
1445 1353 1817 1435 βουληφόρος⁸

547 1445 619 1498 Τὸ
650 1440 823 1513 δεξιὸν
857 1440 913 1497 δὲ
947 1441 1203 1518 βασιλεὺς
1234 1445 1299 1511 ἦν
1344 1439 1567 1498 διέπων*

553 1532 657 1587 Σὺν
687 1531 921 1595 Ἰταλοῖς
953 1532 1001 1586 δ’
1025 1529 1174 1596 {eave
1217 1530 1492 1608 Κορράδος
1528 1534 1710 1608 μέσον.

548 1620 649 1676 Καὶ
684 1622 883 1697 βρανᾶς
914 1618 961 1676 δ’
992 1620 1244 1692 ἐξήταζεν
1274 1620 1439 1677 αὐτοῦ
1472 1619 1728 1696 δυνάμεις

369 1723 513 1779 5850
550 1720 724 1776 Μέσον
763 1721 859 1792 μὲν
892 1717 1052 1783 αὐτὸς
1080 1719 1330 1795 κατέχων
1363 1725 1469 1775 τῶν
1501 1724 1791 1797 ταγμάτων

548 1811 625 1865 Τά
654 1808 700 1865 δ’
726 1806 791 1863 αὗ
823 1808 1149 1885 ἑκατέρωθεν
1184 1807 1412 1886 ἷλάρχαι
1444 1813 1634 1865 πάλιν·

551 1900 652 1956 Καὶ
684 1896 1040 1975 συρραγείσης
1072 1898 1201 1974 παρ’
1229 1896 1497 1974 ἑκατέρων
1532 1897 1742 1976 μάχης,

548 1989 645 2043 ⁸Ίν⁹
675 1989 751 2049 ὡς
784 1986 913 2051 ἒπος
945 1986 1209 2064 φράσαιμι
1245 1987 1485 2043 συνελὼν
1520 1987 1692 2066 λόγῳ,

550 2078 741 2133 ΙΙίπτει
776 2081 975 2150 Βρανάς
1004 2074 1260 2152 α’ίσχιστα
1292 2075 1572 2154 Κορῤάδου
1604 2078 1763 2156 ξίφει,

367 2170 511 2224 5855
548 2166 647 2221 Καὶ
677 2168 777 2235 τὴν
803 2165 1051 2243 κεφαλὴν
1082 2165 1331 2240 τέμνεται
1361 2170 1687 2241 παραυτίκα,

550 2257 649 2313 Καὶ
684 2256 859 2331 τέρμα
894 2255 1047 2330 μάχη
1079 2255 1169 2311 καὶ
1202 2257 1451 2332 τυραννὶς
1483 2251 1772 2329 λαμϐάνει.

549 2345 700 2403 Ἐπεὶ
732 2343 781 2400 δ’
809 2341 1234 2421 ἐπρεσϐεύσαντο
1266 2344 1401 2421 πρὸς
1448 2343 1675 2421 βασιλέα

555 2436 651 2500 Οἷς
730 2455 829 2509 περ
917 2440 1086 2509 μετῆν
1173 2435 1387 2499 σθένους
1474 2455 1533 2489 τε
1611 2436 1868 2511 Λαμπροῦ
1939 2436 2027 2489 καὶ

1747 2525 1958 2599 [γένους

552 2612 1013 2689 Ἐκλιπαροῦντες
1047 2611 1203 2668 λύσιν
1234 2613 1405 2689 εὐρεῖν
1439 2612 1816 2686 πταισμάτων,

370 2705 514 2761 5860
553 2706 716 2777 *Αναξ
750 2698 1004 2779 βραϐεύει
1035 2708 1164 2758 πᾶσι
1192 2703 1291 2772 τήν
1317 2702 1638 2776 ἀμνηστίαν·

554 2794 651 2851 Καὶ
681 2790 1138 2869 προσδραμόντας
1171 2792 1410 2865 εὐμενῶς
1441 2789 1763 2866 δεδεγμένος

550 2888 683 2937 Πᾶσι
708 2888 1015 2958 κεχρῆσθαι
1046 2879 1258 2953 γνησίῳ
1290 2880 1587 2955 μεταμέλῳ

547 2972 668 3029 Ἐπὶ
699 2965 1003 3048 παραϐάσει
1032 2992 1091 3045 γε
1121 2973 1361 3048 φρικτῶν
1398 2970 1598 3045 ὁρκίων

585 3064 706 3118 Τῶν
735 3061 865 3136 πρὶν
897 3061 1037 3134 πρὸς
1070 3059 1227 3115 αὐτὸν
1262 3060 1498 3114 ὑπετίθει
1534 3057 1625 3113 σὺν
1655 3055 1827 3135 λόγῳ¹

363 3162 509 3217 5865
550 3160 710 3215 Λύσιν
744 3156 789 3214 δ’
820 3157 1158 3232 ἆναϐέματος
1190 3159 1357 3213 αίτεῖν
1391 3154 1455 3212 αὗ
1487 3156 1652 3213 πάλιν

542 3250 679 3325 ΙΙαρ¹
710 3246 1013 3325 ἀρχιθύτου
1042 3246 1207 3314 τῆσδε
1233 3253 1334 3317 τῆς
1367 3247 1807 3317 Κωνσταντίνου,

542 3340 607 3414 ’ῼ
637 3357 769 3413 σφας
795 3331 1171 3391 καθυπέϐαλον
1205 3335 1356 3390 ἀστοὶ
1388 3334 1493 3411 πρὸ
1519 3334 1707 3411 τρίτης

544 3428 806 3490 Ἐστῶτες
837 3424 949 3481 ἄνω
978 3426 1209 3502 τειχέων
1244 3428 1652 3503 πυργωμάτων,

551 3515 652 3573 Καὶ
683 3513 938 3591 δρώμενα
971 3515 1263 3591 βλέποντες
1292 3513 1476 3577 αὐτοῖς
1506 3514 1751 3577 ἀνόμως.

370 3609 512 3663 5870
553 3606 652 3662 Καὶ
677 3604 850 3662 τῶνδε
880 3605 1085 3662 πολλοὶ
1115 3609 1222 3661 τῶν
1263 3610 1445 3661 κακῶν
1476 3606 1805 3680 ᾐσθημένοι,

555 3702 778 3770 Θερμῶς
810 3696 1130 3766 πηοσῆλθον
1156 3701 1237 3768 τῷ
1271 3694 1493 3771 μεγάλῳ
1523 3696 1765 3769 ποιμένι·

546 3792 749 3851 ’Ἄλλοι
781 3792 839 3849 δῖ
871 3792 1023 3865 δόξαν
1059 3792 1321 3869 εἷσδοχῆς
1357 3790 1656 3857 δεδωκότες

548 3888 624 3958 Τῇ
654 3890 755 3953 τῆς
785 3884 1029 3961 κεφαλῆς
1062 3882 1372 3939 κατανεύσει
1406 3883 1492 3940 καὶ
1526 3880 1690 3958 μὸνῃ,

544 3979 631 4037 Ὠς
663 3974 836 4051 λῆρον
868 3976 1147 4051 ἡγήσαντο
1177 3975 1276 4045 τὴν
1308 3970 1666 4049 συμϐουλίανο

368 4066 516 4122 5875
555 4063 701 4121 Κατᾶ
732 4066 934 4120 Μυσῶν
967 4061 1155 4137 ἔξεισιν
1188 4065 1277 4119 καὶ
1309 4063 1475 4119 πάλιΛ
1505 4061 1655 4134 ἄναξ,

554 4153 654 4210 Καὶ
684 4154 781 4215 τὰς
810 4158 928 4208 κατ’
959 4153 1154 4217 αὐτοὺς
1183 4150 1457 4226 ἐκδρομὰς
1483 4150 1577 4214 τὰς
1607 4152 1867 4227 ἀσχέτους

554 4240 698 4295 Πάνυ
730 4262 781 4294 τι
818 4242 1011 4317 μικρὸν
1045 4240 1397 4317 ἀναχαιτίσας
1420 4240 1639 4313 ὅπλοις,

551 4330 656 4398 Τήν
688 4326 975 4405 Ἀδριανοῦ
1005 4324 1415 4403 καταλαμϐάνει
1452 4328 1638 4384 πόλιν.

553 4418 729 4477 Μυσοὶ
762 4417 821 4473 δὲ
851 4420 1043 4492 κώμας
1076 4418 1385 4495 κατέκειρον
1418 4418 1507 4473 καὶ
1549 4417 1713 4474 πάλιν

368 4518 513 4573 5880
550 4517 655 4582 Τὰς
684 4517 821 4593 πρὸς
851 4516 1305 4573 Φιλιππούπολιν
1329 4518 1774 4591 κατοικουμέναςο

555 4606 889 4685 Ἀφιγμένου
924 4604 970 4662 δ’
1001 4604 1225 4669 ἄνακτος
1258 4609 1332 4670 εἰς
1366 4606 1586 4683 πάσχον
1617 4610 1781 4682 μέρος

553 4697 669 4773 Ἀφ’
700 4696 774 4751 ὧν
807 4696 1133 4753 ἀπανίστατο
1167 4696 1388 4772 χωρίων
1420 4695 1567 4768 ἅναξ,

553 4788 749 4844 Ἐκεῖσ’
780 4785 936 4860 ἐπῄει
967 4785 1271 4861 δύστροπον
1303 4789 1504 4844 Μυσῶν
1534 4785 1707 4851 ἔθνος.

554 4875 729 4939 Οὗτος
761 4876 936 4932 θέλων
967 4873 1059 4932 οὖν
1089 4875 1395 4949 ἀμύνασθαι
1445 4870 1751 4951 βαρϐάρους

372 4968 517 5023 5885
555 4963 866 5041 Ἐφίσταται
902 4964 967 5034 δὴ
999 4970 1115 5028 τοῖς
1149 4963 1301 5039 ὅροις
1334 4962 1667 5040 Τριαδίτζης

556 5054 657 5112 Καὶ
692 5052 991 5129 μηδοτιοῧν
1021 5054 1079 5110 ἐκ
1109 5054 1307 5131 κρύους
1337 5051 1609 5124 διανύσας,

557 5143 805 5213 Εὐζωνος
838 5144 998 5205 αὐτὸς
1029 5144 1127 5213 τὴν
1162 5141 1567 5200 Κωνσταντίνου
1590 5143 1793 5219 φθάνει,

558 5232 799 5307 Στρατόν
829 5232 1102 5305 παρεικὼς
1134 5229 1319 5295 αὐτόθι
1351 5230 1702 5306 παραμένειν,

555 5323 764 5379 Ἵππων
797 5319 1063 5393 ἁμίλλαις
1096 5320 1372 5399 ἐντρυφῶν
1403 5321 1493 5375 καὶ
1536 5320 1821 5396 παιγνίοις.

370 5413 517 5469 5890
553 5412 724 5484 Ἥρος
757 5407 805 5464 δ’
834 5408 1052 5483 ἀπαίρει
1084 5414 1183 5477 τῆς
1208 5408 1611 5465 Κωνσταντίνου
1636 5406 1821 5478 πάλιν,

554 5499 657 5556 Καὶ
687 5498 815 5561 τοὺς
844 5497 1067 5559 Μυσοὺς
1100 5499 1360 5571 μέτεισιν,
1394 5499 1545 5562 αὖθις
1574 5502 1693 5559 τοῖς
1725 5495 1948 5560 8πλοις’

557 5590 685 5663 Περὶ
722 5585 779 5643 δὲ
810 5588 1148 5662 παράστασιν
1184 5584 1417 5660 ἱδρώσας
1450 5589 1589 5642 πάνυ

560 5678 727 5739 Τινὸς
762 5673 1032 5745 Λοϐιτζοῦ
1060 5676 1320 5751 φρουρίου
1348 5680 1454 5731 τῶν
1486 5675 1695 5747 αὐτόθι,

2052 453 2105 523 Α
2134 470 2265 509 vere
2297 450 2527 509 caeleste
2558 466 2661 523 per
2693 449 2750 505 id
2784 453 3020 523 tempus
3054 451 3277 508 donum

2141 544 2261 615 regi
2294 557 2641 598 concessum
2674 540 2746 597 ob
2777 540 3097 596 imminens
3128 540 3465 597 discrimen.

2142 631 2361 703 Nempe
2391 630 2487 686 hic
2519 628 2738 686 Latinis
2771 628 3029 686 collectis
3061 629 3360 701 equitibus

2138 724 2378 776 Martem
2412 720 2775 792 spirantibus
2803 718 2973 792 paulo
3005 719 3138 792 plus
3170 719 3463 790 ducentis,

2139 810 2647 883 cataphractisque
2675 808 2973 881 peditibus
3004 806 3365 881 quingentis,

2138 900 2346 955 ducem
2378 915 2441 953 se
2472 896 2722 971 praebuit
2752 896 3176 969 victoriamque
3206 895 3427 954 retulit.

2136 1000 2327 1056 Caesar
2356 998 2499 1070 quin
2530 998 2706 1053 etiam
2738 995 3018 1053 loricatus
3050 997 3242 1053 adfuit

2136 1105 2269 1145 cum
2301 1088 2551 1145 ducibus
2582 1104 2647 1143 ac
2676 1085 2926 1143 fortibus
2957 1085 3288 1143 ordinibus.

2136 1178 2398 1250 Cumque
2420 1178 2548 1250 jam
2580 1175 2733 1233 acies
2760 1179 2956 1232 essent
2984 1174 3044 1230 in
3076 1175 3401 1248 procinctu,

2134 1268 2376 1324 sinistro
2407 1282 2587 1321 cornu
2621 1265 2856 1337 praefuit
2882 1268 3244 1337 Cammytzes

2131 1360 2488 1429 protostator
2517 1359 2574 1411 et
2603 1350 2819 1411 nobilis
2845 1352 3248 1421 consiliarius;

2132 1446 2432 1502 dexterum
2463 1445 2589 1517 ipse
2618 1446 2807 1501 Caesar
2834 1460 3012 1501 cornu
3044 1442 3223 1513 rexit;

2134 1533 2394 1590 medium
2428 1534 2619 1590 tenuit
2643 1533 2936 1589 Corradus
2966 1534 3307 1589 exercitum.

2134 1624 2330 1680 Aciem
2363 1627 2420 1680 et
2449 1628 2670 1679 Branas
2701 1622 2991 1678 ordinavit
3022 1638 3215 1693 suam,

2132 1714 2387 1769 mediam
2420 1713 2548 1784 ipse
2578 1727 2871 1784 occupans
2901 1710 3280 1783 phalangem,

2059 1813 2106 1877 Β
2136 1802 2258 1859 alas
2289 1802 2544 1858 tribunis
2574 1800 2860 1873 regendas
2890 1798 3237 1856 attribuens.

2135 1896 2263 1948 Mox
2292 1890 2777 1948 concurrentibus
2809 1889 3086 1962 utrinque
3117 1890 3374 1959 aciebus,

2138 1995 2203 2047 ut
2234 1990 2435 2062 paucis
2467 1988 2659 2046 verbis
2690 1992 2917 2044 tantam
2948 2004 3071 2044 rem
3103 1987 3475 2059 complectar,

2137 2079 2374 2136 Corradi
2405 2079 2627 2135 Branas
2659 2077 2814 2134 cadit
2842 2092 2980 2134 ense
3009 2077 3258 2149 turpiter

2138 2172 2308 2243 eique
2340 2174 2515 2239 caput
2545 2168 2746 2224 statim
2777 2169 3140 2240 amputatur,

2139 2260 2319 2331 ﬁtque
2350 2258 2527 2314 simul
2559 2262 2769 2331 pugnae
2802 2256 2937 2313 finis
2967 2266 3022 2313 et
3049 2256 3369 2331 tyrannidi,

2140 2348 2356 2406 Deinde
2386 2347 2636 2415 nobiles,
2671 2347 2771 2420 qui
2804 2346 3050 2404 rebelles
3085 2347 3337 2414 fuerant,

2138 2436 2488 2510 legationem
2520 2438 2593 2493 ad
2625 2438 2909 2494 Caesarem
2943 2436 3377 2505 submiserunt,

2138 2618 2408 2675 criminis
2438 2617 2669 2693 veniam
2701 2617 2815 2673 sibi
2847 2618 3249 2688 deposcentes.

2138 2709 2329 2765 Caesar
2357 2723 2421 2764 se
2452 2706 2701 2778 prmbuit
2730 2706 2957 2763 cunctis
2987 2705 3412 2779 indulgentem,

2139 2803 2316 2870 atque
2347 2797 2688 2853 accedentes
2718 2795 2991 2852 benevole
3016 2795 3333 2867 excipiens,

2138 2888 2368 2944 cunctis
2402 2886 2716 2958 prudenter
2745 2900 2941 2940 veram
2977 2884 3377 2957 paenitentiam

2136 2977 2487 3033 violatorum
2520 2974 2804 3030 tmdorum
2838 2974 3124 3029 suadebat
3161 2990 3173 3028 :

2139 3073 2316 3140 atque
2345 3071 2410 3122 ut
2441 3066 2590 3122 sacri
2621 3064 2828 3120 vinclis
2858 3064 3249 3120 anathematis

2057 3174 2099 3242 α
2138 3176 2171 3214 a
2201 3157 2529 3229 patriarcha
2564 3155 2889 3225 Byzantina:
2924 3154 3089 3210 urbis

2136 3249 2399 3319 peterent
2430 3244 2596 3313 solvi,
2625 3245 2840 3316 quibus
2869 3246 3001 3299 ante
3033 3243 3294 3298 triduum

2136 3356 2168 3395 a
2198 3338 2425 3395 civibus
2455 3336 2718 3393 obstricti
2750 3336 2855 3390 rite
2884 3337 3136 3403 fuerant,

2135 3430 2273 3485 dum
2307 3427 2560 3484 summis
2592 3424 2822 3481 mceniis
2856 3427 3080 3481 stantes
3112 3428 3288 3495 atque
3318 3421 3579 3479 turribus

2136 3517 2291 3573 mala
2322 3515 2624 3572 rebellium
2658 3517 2993 3588 spectarent
3025 3513 3304 3569 facinora.

2135 3613 2325 3681 Atque
2353 3608 2413 3664 in
2445 3609 2539 3663 his
2571 3606 2743 3663 multi
2774 3604 2909 3661 tacti
2941 3601 3287 3677 poenitentia

2137 3700 2207 3754 ad
2242 3714 2519 3768 magnum
2554 3695 2859 3769 praesulem
2893 3692 3107 3750 fervide
3139 3691 3495 3748 accedebant
3527 3706 3540 3744 :

2138 3800 2229 3852 ast
2256 3794 2354 3851 alii
2386 3812 2593 3851 vanam
2625 3793 2880 3866 speciem
2915 3807 3240 3848 consensus

2137 3885 2345 3957 capitis
2375 3888 2521 3939 nutu
2555 3888 2727 3939 tenus
2760 3881 3129 3947 simulantes,

2136 3973 2598 4030 exhortationem
2631 3971 2871 4027 Caesaris
2904 3970 3191 4025 ridebant.

2138 4061 2590 4133 Ipse‘profeclus
2623 4060 2833 4114 iterum
2865 4058 2924 4112 in
2951 4055 3208 4111 Moesiam

2136 4154 2390 4210 hostium
2424 4152 2638 4209 effusas
2670 4150 2888 4223 passim
2918 4147 3289 4204 excursiones

2136 4258 2275 4300 sane
2306 4258 2622 4315 parumper
2652 4240 2830 4295 armis
2863 4236 3242 4311 compescuit,

2139 4346 2485 4404 progressus
2516 4346 2703 4402 usque
2735 4329 2805 4383 ad
2842 4329 3049 4384 urbem
3081 4323 3379 4380 Hadriani.

2139 4421 2377 4476 Interim
2404 4418 2565 4475 Μωδί
2594 4418 2979 4474 devastabant
3008 4433 3214 4472 rursus

2062 4535 2108 4599 D
2139 4510 2293 4566 circa
2322 4509 2572 4581 Philippi
2602 4507 2896 4564 civitatem
2931 4522 3131 4579 pagos.

2144 4610 2285 4664 Dum
2320 4607 2607 4663 laboranti
2640 4623 2737 4661 rex
2768 4605 2917 4677 parti
2949 4605 3336 4672 succurreret,

2138 4698 2331 4754 locum
2364 4713 2539 4769 quem
2569 4712 2818 4751 vacuum
2850 4694 3052 4750 abiens
3084 4691 3417 4763 reliquerat,

2142 4792 2457 4843 contumax
2487 4785 2681 4843 statim
2716 4785 2894 4840 Marsa
2926 4800 3070 4856 gens
3099 4782 3353 4838 tenebat.

2144 4877 2428 4932 Barbaros
2457 4891 2594 4947 ergo
2625 4874 2912 4930 debellare
2940 4872 3179 4927 studens

2094 5022 2097 5025 ,
2144 4964 2215 5018 ad
2244 4962 2546 5018 Triaditzze
2580 4960 2826 5017 contulit
2856 4977 2917 5016 se
2949 4960 3094 5015 fines
3129 4975 3145 5013 :

2145 5053 2244 5108 sed
2279 5068 2411 5107 cum
2443 5052 2667 5123 rigente
2698 5050 2885 5106 hieme
2918 5048 2997 5104 nil
3031 5048 3353 5119 proficeret,

2146 5142 2452 5214 expeditus
2483 5141 2609 5212 ipse
2639 5138 2981 5213 Byzantium
3016 5137 3171 5192 venit
3206 5152 3219 5193 :

2148 5231 2408 5301 dumque
2437 5228 2555 5283 illic
2586 5228 2752 5282 miles
2785 5231 2983 5281 manet
3014 5225 3123 5280 sub
3153 5225 3289 5279 Jove
3321 5221 3550 5293 frigido,

2148 5319 2283 5375 circi
2316 5319 2617 5388 spectabat
2644 5315 2867 5370 ludicra
2895 5312 3233 5370 certamina.

2146 5412 2419 5463 Attamen
2452 5422 2628 5461 verno
2661 5409 2919 5476 tempore
2948 5402 3218 5474 Byzantio

2148 5514 2354 5554 rursus
2385 5496 2691 5551 discedens
2724 5497 2929 5548 Marsos
2962 5492 3140 5547 armis
3172 5488 3341 5561 petiit
3372 5503 3386 5543 :

2148 5602 2403 5658 cumque
2434 5586 2505 5640 ob
2538 5583 2884 5655 capiendum
2918 5581 3245 5635 laborasset
3275 5575 3372 5630 diu

2148 5676 2449 5733 Lobitzum
2484 5672 2775 5745 quoddam
2810 5670 3021 5726 Moesiae
3051 5666 3377 5732 castellum,
