  <div class='ocr_page' id='page_1' title='image "/cluster/home/n/w/nwhite01/storage/ocr_20150623/143/hvd.32044073502585/118.png"; bbox 0 0 4104 6204; ppageno 0'>
   <div class='ocr_carea' id='block_1_1' title="bbox 340 297 459 354">
    <p class='ocr_par' dir='ltr' id='par_1_1' title="bbox 340 297 459 354">
     <span class='ocr_line' id='line_1_1' title="bbox 340 297 459 354; baseline 0.017 -1"><span class='ocrx_word' id='word_1_1' title='bbox 340 297 459 354; x_wconf 78' lang='grc'><strong>225</strong></span> 
     </span>
    </p>
   </div>
   <div class='ocr_carea' id='block_1_2' title="bbox 538 420 1845 504">
    <p class='ocr_par' dir='ltr' id='par_1_2' title="bbox 538 420 1845 504">
     <span class='ocr_line' id='line_1_2' title="bbox 538 420 1845 504; baseline 0.007 -30"><span class='ocrx_word' id='word_1_2' title='bbox 538 423 638 475; x_wconf 76' lang='grc' dir='ltr'><strong>Καὶ</strong></span> <span class='ocrx_word' id='word_1_3' title='bbox 666 421 732 489; x_wconf 77' lang='grc' dir='ltr'>δὴ</span> <span class='ocrx_word' id='word_1_4' title='bbox 764 420 899 492; x_wconf 85' lang='grc' dir='ltr'>μετά</span> <span class='ocrx_word' id='word_1_5' title='bbox 930 442 993 497; x_wconf 85' lang='grc' dir='ltr'><strong>γε</strong></span> <span class='ocrx_word' id='word_1_6' title='bbox 1024 422 1118 485; x_wconf 51' lang='grc' dir='ltr'>τὰς</span> <span class='ocrx_word' id='word_1_7' title='bbox 1148 425 1283 498; x_wconf 83' lang='grc' dir='ltr'>πρὸς</span> <span class='ocrx_word' id='word_1_8' title='bbox 1315 426 1600 498; x_wconf 75' lang='grc' dir='ltr'><strong>ἀλλήλους</strong></span> <span class='ocrx_word' id='word_1_9' title='bbox 1633 431 1845 504; x_wconf 68' lang='grc' dir='ltr'>σχέσεις</span> 
     </span>
    </p>
   </div>
   <div class='ocr_carea' id='block_1_3' title="bbox 546 507 1677 592">
    <p class='ocr_par' dir='ltr' id='par_1_3' title="bbox 546 507 1677 592">
     <span class='ocr_line' id='line_1_3' title="bbox 546 507 1677 592; baseline 0.007 -28"><span class='ocrx_word' id='word_1_10' title='bbox 546 509 651 564; x_wconf 82' lang='grc' dir='ltr'>Καὶ</span> <span class='ocrx_word' id='word_1_11' title='bbox 685 507 1035 585; x_wconf 76' lang='grc' dir='ltr'>φιλονείκους</span> <span class='ocrx_word' id='word_1_12' title='bbox 1065 508 1314 583; x_wconf 75' lang='grc' dir='ltr'>διενέξεις</span> <span class='ocrx_word' id='word_1_13' title='bbox 1346 515 1435 569; x_wconf 81' lang='grc' dir='ltr'><strong>καὶ</strong></span> <span class='ocrx_word' id='word_1_14' title='bbox 1473 517 1677 592; x_wconf 88' lang='grc' dir='ltr'>μάχας,</span> 
     </span>
    </p>
   </div>
   <div class='ocr_carea' id='block_1_4' title="bbox 542 597 1624 679">
    <p class='ocr_par' dir='ltr' id='par_1_4' title="bbox 542 597 1624 679">
     <span class='ocr_line' id='line_1_4' title="bbox 542 597 1624 679; baseline 0.006 -26"><span class='ocrx_word' id='word_1_15' title='bbox 542 597 858 653; x_wconf 75' lang='grc' dir='ltr'>Βάσιλικῶν</span> <span class='ocrx_word' id='word_1_16' title='bbox 885 619 943 653; x_wconf 88' lang='grc' dir='ltr'><strong>τε</strong></span> <span class='ocrx_word' id='word_1_17' title='bbox 976 598 1215 675; x_wconf 71' lang='grc' dir='ltr'>ῥηγικῶν</span> <span class='ocrx_word' id='word_1_18' title='bbox 1247 623 1307 657; x_wconf 89' lang='grc' dir='ltr'><strong>τε</strong></span> <span class='ocrx_word' id='word_1_19' title='bbox 1334 606 1624 679; x_wconf 82' lang='grc' dir='ltr'><strong>ταγμάτων</strong></span> 
     </span>
    </p>
   </div>
   <div class='ocr_carea' id='block_1_5' title="bbox 352 689 1703 768">
    <p class='ocr_par' dir='ltr' id='par_1_5' title="bbox 352 689 1703 768">
     <span class='ocr_line' id='line_1_5' title="bbox 352 689 1703 768; baseline 0.004 -25"><span class='ocrx_word' id='word_1_20' title='bbox 352 689 506 745; x_wconf 83' lang='grc'>5955</span> <span class='ocrx_word' id='word_1_21' title='bbox 543 691 870 760; x_wconf 81' lang='grc' dir='ltr'>Ἀκαμανῶν</span> <span class='ocrx_word' id='word_1_22' title='bbox 905 695 1213 764; x_wconf 87' lang='grc' dir='ltr'>στράτευμα</span> <span class='ocrx_word' id='word_1_23' title='bbox 1241 694 1488 768; x_wconf 82' lang='grc' dir='ltr'>πορθμὸν</span> <span class='ocrx_word' id='word_1_24' title='bbox 1524 690 1703 767; x_wconf 76' lang='grc' dir='ltr'>διέϐη,</span> 
     </span>
    </p>
   </div>
   <div class='ocr_carea' id='block_1_6' title="bbox 545 776 1721 857">
    <p class='ocr_par' dir='ltr' id='par_1_6' title="bbox 545 776 1721 857">
     <span class='ocr_line' id='line_1_6' title="bbox 545 776 1721 857; baseline 0.007 -26"><span class='ocrx_word' id='word_1_25' title='bbox 545 778 642 831; x_wconf 78' lang='grc' dir='ltr'>Καὶ</span> <span class='ocrx_word' id='word_1_26' title='bbox 676 776 816 852; x_wconf 72' lang='grc' dir='ltr'>πρῦς</span> <span class='ocrx_word' id='word_1_27' title='bbox 849 776 1251 857; x_wconf 71' lang='grc' dir='ltr'>Φιλαδέλφειαν</span> <span class='ocrx_word' id='word_1_28' title='bbox 1277 784 1376 850; x_wconf 71' lang='grc' dir='ltr'><strong>ἧκε</strong></span> <span class='ocrx_word' id='word_1_29' title='bbox 1404 784 1505 852; x_wconf 80' lang='grc' dir='ltr'><strong>τήν</strong></span> <span class='ocrx_word' id='word_1_30' title='bbox 1536 783 1721 839; x_wconf 85' lang='grc' dir='ltr'>πόλιν·</span> 
     </span>
    </p>
   </div>
   <div class='ocr_carea' id='block_1_7' title="bbox 542 862 1451 942">
    <p class='ocr_par' dir='ltr' id='par_1_7' title="bbox 542 862 1451 942">
     <span class='ocr_line' id='line_1_7' title="bbox 542 862 1451 942; baseline 0.008 -23"><span class='ocrx_word' id='word_1_31' title='bbox 542 868 642 920; x_wconf 71' lang='grc' dir='ltr'>Διὰ</span> <span class='ocrx_word' id='word_1_32' title='bbox 677 862 737 920; x_wconf 77' lang='grc' dir='ltr'>δὶ</span> <span class='ocrx_word' id='word_1_33' title='bbox 764 866 1011 942; x_wconf 79' lang='grc' dir='ltr'><strong>Φρυγίας</strong></span> <span class='ocrx_word' id='word_1_34' title='bbox 1041 888 1101 923; x_wconf 88' lang='grc' dir='ltr'><strong>τε</strong></span> <span class='ocrx_word' id='word_1_35' title='bbox 1128 866 1451 933; x_wconf 82' lang='grc' dir='ltr'><strong>Λαοδικείας</strong></span> 
     </span>
    </p>
   </div>
   <div class='ocr_carea' id='block_1_8' title="bbox 544 954 1486 1033">
    <p class='ocr_par' dir='ltr' id='par_1_8' title="bbox 544 954 1486 1033">
     <span class='ocr_line' id='line_1_8' title="bbox 544 954 1486 1033; baseline 0.002 -20"><span class='ocrx_word' id='word_1_36' title='bbox 544 954 860 1033; x_wconf 75' lang='grc' dir='ltr'>Ἐφίσταται</span> <span class='ocrx_word' id='word_1_37' title='bbox 894 958 1132 1033; x_wconf 80' lang='grc' dir='ltr'>τάχιστα</span> <span class='ocrx_word' id='word_1_38' title='bbox 1162 957 1486 1033; x_wconf 84' lang='grc' dir='ltr'>Φιλομιλίῳ</span> 
     </span>
    </p>
   </div>
   <div class='ocr_carea' id='block_1_9' title="bbox 545 1044 1800 1124">
    <p class='ocr_par' dir='ltr' id='par_1_9' title="bbox 545 1044 1800 1124">
     <span class='ocr_line' id='line_1_9' title="bbox 545 1044 1800 1124; baseline 0.006 -23"><span class='ocrx_word' id='word_1_39' title='bbox 545 1044 633 1101; x_wconf 85' lang='grc' dir='ltr'>Ἐν</span> <span class='ocrx_word' id='word_1_40' title='bbox 663 1044 709 1117; x_wconf 82' lang='grc' dir='ltr'>ᾧ</span> <span class='ocrx_word' id='word_1_41' title='bbox 745 1045 934 1120; x_wconf 89' lang='grc' dir='ltr'>μάχην</span> <span class='ocrx_word' id='word_1_42' title='bbox 970 1044 1149 1118; x_wconf 68' lang='grc' dir='ltr'>ἵστησι</span> <span class='ocrx_word' id='word_1_43' title='bbox 1312 1050 1449 1124; x_wconf 88' lang='grc' dir='ltr'>πρὸς</span> <span class='ocrx_word' id='word_1_44' title='bbox 1482 1050 1800 1107; x_wconf 87' lang='grc' dir='ltr'>σούλτανον·</span> 
     </span>
    </p>
   </div>
   <div class='ocr_carea' id='block_1_10' title="bbox 358 1130 1672 1215">
    <p class='ocr_par' dir='ltr' id='par_1_10' title="bbox 358 1130 1672 1215">
     <span class='ocr_line' id='line_1_10' title="bbox 358 1130 1672 1215; baseline 0.004 -25"><span class='ocrx_word' id='word_1_45' title='bbox 358 1133 507 1190; x_wconf 84' lang='grc'>5960</span> <span class='ocrx_word' id='word_1_46' title='bbox 545 1132 644 1187; x_wconf 79' lang='grc' dir='ltr'>Καὶ</span> <span class='ocrx_word' id='word_1_47' title='bbox 680 1130 835 1189; x_wconf 75' lang='grc' dir='ltr'>τόνδε</span> <span class='ocrx_word' id='word_1_48' title='bbox 864 1139 988 1205; x_wconf 86' lang='grc' dir='ltr'>νικᾷ</span> <span class='ocrx_word' id='word_1_49' title='bbox 1015 1135 1106 1190; x_wconf 83' lang='grc' dir='ltr'><strong>καὶ</strong></span> <span class='ocrx_word' id='word_1_50' title='bbox 1130 1143 1320 1210; x_wconf 82' lang='grc' dir='ltr'>κρατεῖ</span> <span class='ocrx_word' id='word_1_51' title='bbox 1346 1136 1672 1215; x_wconf 78' lang='grc' dir='ltr'><strong>πολιχνίου,</strong></span> 
     </span>
    </p>
   </div>
   <div class='ocr_carea' id='block_1_11' title="bbox 546 1222 1714 1303">
    <p class='ocr_par' dir='ltr' id='par_1_11' title="bbox 546 1222 1714 1303">
     <span class='ocr_line' id='line_1_11' title="bbox 546 1222 1714 1303; baseline 0.009 -27"><span class='ocrx_word' id='word_1_52' title='bbox 546 1224 715 1297; x_wconf 84' lang='grc' dir='ltr'>Ὅπερ</span> <span class='ocrx_word' id='word_1_53' title='bbox 751 1222 1051 1287; x_wconf 79' lang='grc' dir='ltr'><strong>σκυλεύσας</strong></span> <span class='ocrx_word' id='word_1_54' title='bbox 1084 1223 1380 1303; x_wconf 77' lang='grc' dir='ltr'>ἐμπιμπρᾷ</span> <span class='ocrx_word' id='word_1_55' title='bbox 1409 1232 1543 1302; x_wconf 75' lang='grc' dir='ltr'>μετὰ</span> <span class='ocrx_word' id='word_1_56' title='bbox 1569 1228 1714 1287; x_wconf 84' lang='grc' dir='ltr'>τόδε.</span> 
     </span>
    </p>
   </div>
   <div class='ocr_carea' id='block_1_12' title="bbox 544 1312 1518 1390">
    <p class='ocr_par' dir='ltr' id='par_1_12' title="bbox 544 1312 1518 1390">
     <span class='ocr_line' id='line_1_12' title="bbox 544 1312 1518 1390; baseline 0.003 -22"><span class='ocrx_word' id='word_1_57' title='bbox 544 1312 679 1368; x_wconf 76' lang='grc' dir='ltr'>Εἶτα</span> <span class='ocrx_word' id='word_1_58' title='bbox 709 1314 1004 1390; x_wconf 79' lang='grc' dir='ltr'>πεφθακὼς</span> <span class='ocrx_word' id='word_1_59' title='bbox 1024 1314 1296 1371; x_wconf 81' lang='grc' dir='ltr'>Ἰκονιέων</span> <span class='ocrx_word' id='word_1_60' title='bbox 1328 1315 1518 1388; x_wconf 90' lang='grc' dir='ltr'>πόλιν,</span> 
     </span>
    </p>
   </div>
   <div class='ocr_carea' id='block_1_13' title="bbox 542 1398 1860 1483">
    <p class='ocr_par' dir='ltr' id='par_1_13' title="bbox 542 1398 1860 1483">
     <span class='ocr_line' id='line_1_13' title="bbox 542 1398 1860 1483; baseline 0.006 -27"><span class='ocrx_word' id='word_1_61' title='bbox 542 1398 647 1456; x_wconf 72' lang='grc' dir='ltr'><strong>Καὶ</strong></span> <span class='ocrx_word' id='word_1_62' title='bbox 677 1398 831 1470; x_wconf 70' lang='grc' dir='ltr'>τὴνδ’</span> <span class='ocrx_word' id='word_1_63' title='bbox 860 1400 1000 1456; x_wconf 68' lang='grc' dir='ltr'>ἑλὼν</span> <span class='ocrx_word' id='word_1_64' title='bbox 1044 1401 1240 1466; x_wconf 82' lang='grc' dir='ltr'>ὅπλοις</span> <span class='ocrx_word' id='word_1_65' title='bbox 1271 1426 1329 1459; x_wconf 87' lang='grc' dir='ltr'><strong>τε</strong></span> <span class='ocrx_word' id='word_1_66' title='bbox 1357 1405 1447 1461; x_wconf 84' lang='grc' dir='ltr'><strong>καὶ</strong></span> <span class='ocrx_word' id='word_1_67' title='bbox 1484 1406 1671 1482; x_wconf 83' lang='grc' dir='ltr'>μάχης</span> <span class='ocrx_word' id='word_1_68' title='bbox 1701 1407 1860 1483; x_wconf 86' lang='grc' dir='ltr'>νόμῳ</span> 
     </span>
    </p>
   </div>
   <div class='ocr_carea' id='block_1_14' title="bbox 544 1486 1765 1573">
    <p class='ocr_par' dir='ltr' id='par_1_14' title="bbox 544 1486 1765 1573">
     <span class='ocr_line' id='line_1_14' title="bbox 544 1486 1765 1573; baseline 0.007 -30"><span class='ocrx_word' id='word_1_69' title='bbox 544 1486 769 1544; x_wconf 84' lang='grc' dir='ltr'>Ὠδευσε</span> <span class='ocrx_word' id='word_1_70' title='bbox 800 1489 995 1546; x_wconf 81' lang='grc' dir='ltr'>λοιπὸν</span> <span class='ocrx_word' id='word_1_71' title='bbox 1028 1493 1127 1561; x_wconf 79' lang='grc' dir='ltr'>τὴν</span> <span class='ocrx_word' id='word_1_72' title='bbox 1158 1495 1527 1569; x_wconf 73' lang='grc' dir='ltr'><strong>προκειμένην</strong></span> <span class='ocrx_word' id='word_1_73' title='bbox 1558 1493 1765 1573; x_wconf 77' lang='grc' dir='ltr'>τρίϐον·</span> 
     </span>
    </p>
   </div>
   <div class='ocr_carea' id='block_1_15' title="bbox 366 1576 1720 1661">
    <p class='ocr_par' dir='ltr' id='par_1_15' title="bbox 366 1576 1720 1661">
     <span class='ocr_line' id='line_1_15' title="bbox 366 1576 1720 1661; baseline 0.006 -27"><span class='ocrx_word' id='word_1_74' title='bbox 366 1580 512 1635; x_wconf 78' lang='grc'>5955</span> <span class='ocrx_word' id='word_1_75' title='bbox 550 1577 645 1642; x_wconf 77' lang='grc' dir='ltr'><strong>Εἷς</strong></span> <span class='ocrx_word' id='word_1_76' title='bbox 674 1576 719 1632; x_wconf 87' lang='grc' dir='ltr'>δ’</span> <span class='ocrx_word' id='word_1_77' title='bbox 742 1580 1037 1657; x_wconf 82' lang='grc' dir='ltr'>Ἀντιόχου</span> <span class='ocrx_word' id='word_1_78' title='bbox 1064 1583 1164 1651; x_wconf 77' lang='grc' dir='ltr'>τὴν</span> <span class='ocrx_word' id='word_1_79' title='bbox 1196 1582 1359 1639; x_wconf 85' lang='grc' dir='ltr'>πόλιν</span> <span class='ocrx_word' id='word_1_80' title='bbox 1392 1586 1720 1661; x_wconf 73' lang='grc' dir='ltr'>ἠπειγμένος</span> 
     </span>
    </p>
   </div>
   <div class='ocr_carea' id='block_1_16' title="bbox 548 1668 1712 1750">
    <p class='ocr_par' dir='ltr' id='par_1_16' title="bbox 548 1668 1712 1750">
     <span class='ocr_line' id='line_1_16' title="bbox 548 1668 1712 1750; baseline 0.005 -25"><span class='ocrx_word' id='word_1_81' title='bbox 548 1668 937 1743; x_wconf 82' lang='grc' dir='ltr'>Ἐναπεπνίγη,</span> <span class='ocrx_word' id='word_1_82' title='bbox 968 1674 1063 1746; x_wconf 76' lang='grc' dir='ltr'><strong>φεῦ</strong></span> <span class='ocrx_word' id='word_1_83' title='bbox 1094 1676 1227 1727; x_wconf 79' lang='grc' dir='ltr'><strong>Θεοῦ</strong></span> <span class='ocrx_word' id='word_1_84' title='bbox 1256 1678 1362 1728; x_wconf 80' lang='grc' dir='ltr'>τῶν</span> <span class='ocrx_word' id='word_1_85' title='bbox 1394 1675 1712 1750; x_wconf 82' lang='grc' dir='ltr'>κριμάτωνῑ</span> 
     </span>
    </p>
   </div>
   <div class='ocr_carea' id='block_1_17' title="bbox 550 1757 1708 1835">
    <p class='ocr_par' dir='ltr' id='par_1_17' title="bbox 550 1757 1708 1835">
     <span class='ocr_line' id='line_1_17' title="bbox 550 1757 1708 1835; baseline 0.005 -21"><span class='ocrx_word' id='word_1_86' title='bbox 550 1757 989 1835; x_wconf 70' lang='grc' dir='ltr'>Ἐναποληερθεὶς</span> <span class='ocrx_word' id='word_1_87' title='bbox 1012 1765 1130 1823; x_wconf 85' lang='grc' dir='ltr'>ταῖς</span> <span class='ocrx_word' id='word_1_88' title='bbox 1164 1758 1334 1826; x_wconf 87' lang='grc' dir='ltr'>δίναις</span> <span class='ocrx_word' id='word_1_89' title='bbox 1360 1767 1468 1819; x_wconf 80' lang='grc' dir='ltr'>τῶν</span> <span class='ocrx_word' id='word_1_90' title='bbox 1501 1761 1708 1820; x_wconf 77' lang='grc' dir='ltr'>ὑδάτων</span> 
     </span>
    </p>
   </div>
   <div class='ocr_carea' id='block_1_18' title="bbox 552 1844 1662 1929">
    <p class='ocr_par' dir='ltr' id='par_1_18' title="bbox 552 1844 1662 1929">
     <span class='ocr_line' id='line_1_18' title="bbox 552 1844 1662 1929; baseline 0.008 -29"><span class='ocrx_word' id='word_1_91' title='bbox 552 1844 674 1908; x_wconf 79' lang='grc' dir='ltr'><strong>Υἷὸς</strong></span> <span class='ocrx_word' id='word_1_92' title='bbox 716 1844 763 1901; x_wconf 88' lang='grc' dir='ltr'>δ’</span> <span class='ocrx_word' id='word_1_93' title='bbox 796 1846 1001 1903; x_wconf 71' lang='grc' dir='ltr'>ἐκείνου</span> <span class='ocrx_word' id='word_1_94' title='bbox 1029 1850 1092 1903; x_wconf 87' lang='grc' dir='ltr'>τὸ</span> <span class='ocrx_word' id='word_1_95' title='bbox 1113 1851 1313 1926; x_wconf 90' lang='grc' dir='ltr'>κράτος</span> <span class='ocrx_word' id='word_1_96' title='bbox 1343 1849 1662 1929; x_wconf 73' lang='grc' dir='ltr'>δεδεγμένος</span> 
     </span>
    </p>
   </div>
   <div class='ocr_carea' id='block_1_19' title="bbox 550 1935 1697 2017">
    <p class='ocr_par' dir='ltr' id='par_1_19' title="bbox 550 1935 1697 2017">
     <span class='ocr_line' id='line_1_19' title="bbox 550 1935 1697 2017; baseline 0.006 -26"><span class='ocrx_word' id='word_1_97' title='bbox 550 1936 652 1991; x_wconf 79' lang='grc' dir='ltr'><strong>Καὶ</strong></span> <span class='ocrx_word' id='word_1_98' title='bbox 692 1935 891 2011; x_wconf 69' lang='grc' dir='ltr'>μέχρις</span> <span class='ocrx_word' id='word_1_99' title='bbox 920 1937 1089 2008; x_wconf 78' lang='grc' dir='ltr'>αὐτῆς</span> <span class='ocrx_word' id='word_1_100' title='bbox 1121 1940 1465 2016; x_wconf 85' lang='grc' dir='ltr'>Ἀντιοχείας</span> <span class='ocrx_word' id='word_1_101' title='bbox 1490 1944 1697 2017; x_wconf 74' lang='grc' dir='ltr'>φθάνει,</span> 
     </span>
    </p>
   </div>
   <div class='ocr_carea' id='block_1_20' title="bbox 366 2023 1663 2104">
    <p class='ocr_par' dir='ltr' id='par_1_20' title="bbox 366 2023 1663 2104">
     <span class='ocr_line' id='line_1_20' title="bbox 366 2023 1663 2104; baseline 0.006 -25"><span class='ocrx_word' id='word_1_102' title='bbox 366 2026 512 2080; x_wconf 82' lang='grc'>5970</span> <span class='ocrx_word' id='word_1_103' title='bbox 553 2023 802 2089; x_wconf 75' lang='grc' dir='ltr'>Κάκεῖθεν</span> <span class='ocrx_word' id='word_1_104' title='bbox 825 2026 976 2095; x_wconf 76' lang='grc' dir='ltr'>ἥκων</span> <span class='ocrx_word' id='word_1_105' title='bbox 1011 2028 1280 2103; x_wconf 75' lang='grc' dir='ltr'>Συριακᾶς</span> <span class='ocrx_word' id='word_1_106' title='bbox 1306 2030 1442 2104; x_wconf 86' lang='grc' dir='ltr'>πρὸς</span> <span class='ocrx_word' id='word_1_107' title='bbox 1472 2031 1663 2096; x_wconf 82' lang='grc' dir='ltr'>πόλεις</span> 
     </span>
    </p>
   </div>
   <div class='ocr_carea' id='block_1_21' title="bbox 555 2112 1765 2197">
    <p class='ocr_par' dir='ltr' id='par_1_21' title="bbox 555 2112 1765 2197">
     <span class='ocr_line' id='line_1_21' title="bbox 555 2112 1765 2197; baseline 0.008 -30"><span class='ocrx_word' id='word_1_108' title='bbox 555 2112 867 2190; x_wconf 83' lang='grc' dir='ltr'>Ἐλευθεροῖ</span> <span class='ocrx_word' id='word_1_109' title='bbox 893 2115 1089 2181; x_wconf 86' lang='grc' dir='ltr'>ταύτας</span> <span class='ocrx_word' id='word_1_110' title='bbox 1116 2138 1178 2193; x_wconf 85' lang='grc' dir='ltr'><strong>γε</strong></span> <span class='ocrx_word' id='word_1_111' title='bbox 1206 2123 1315 2173; x_wconf 79' lang='grc' dir='ltr'><strong>τῶν</strong></span> <span class='ocrx_word' id='word_1_112' title='bbox 1348 2119 1407 2175; x_wconf 80' lang='grc' dir='ltr'>ἐκ</span> <span class='ocrx_word' id='word_1_113' title='bbox 1437 2127 1533 2190; x_wconf 81' lang='grc' dir='ltr'><strong>τῆς</strong></span> <span class='ocrx_word' id='word_1_114' title='bbox 1572 2122 1765 2197; x_wconf 70' lang='grc' dir='ltr'>Ἅγαρ·</span> 
     </span>
    </p>
   </div>
   <div class='ocr_carea' id='block_1_22' title="bbox 554 2200 1796 2287">
    <p class='ocr_par' dir='ltr' id='par_1_22' title="bbox 554 2200 1796 2287">
     <span class='ocr_line' id='line_1_22' title="bbox 554 2200 1796 2287; baseline 0.007 -30"><span class='ocrx_word' id='word_1_115' title='bbox 554 2200 750 2259; x_wconf 82' lang='grc' dir='ltr'>Πολλά</span> <span class='ocrx_word' id='word_1_116' title='bbox 770 2201 827 2259; x_wconf 67' lang='grc' dir='ltr'>δὲ</span> <span class='ocrx_word' id='word_1_117' title='bbox 856 2208 1044 2279; x_wconf 87' lang='grc' dir='ltr'>καμὼν</span> <span class='ocrx_word' id='word_1_118' title='bbox 1076 2208 1317 2271; x_wconf 75' lang='grc' dir='ltr'>κλέσειυς</span> <span class='ocrx_word' id='word_1_119' title='bbox 1346 2210 1582 2285; x_wconf 78' lang='grc' dir='ltr'>Χριστοῦ</span> <span class='ocrx_word' id='word_1_120' title='bbox 1612 2211 1796 2287; x_wconf 82' lang='grc' dir='ltr'>χάριν,</span> 
     </span>
    </p>
   </div>
   <div class='ocr_carea' id='block_1_23' title="bbox 574 2293 1510 2350">
    <p class='ocr_par' dir='ltr' id='par_1_23' title="bbox 574 2293 1510 2350">
     <span class='ocr_line' id='line_1_23' title="bbox 574 2293 1510 2350; baseline 0.001 -1"><span class='ocrx_word' id='word_1_121' title='bbox 574 2294 706 2349; x_wconf 67' lang='lat' dir='ltr'><strong>Emi</strong></span> <span class='ocrx_word' id='word_1_122' title='bbox 734 2293 1072 2350; x_wconf 70' lang='grc' dir='ltr'>καταλέλυκε</span> <span class='ocrx_word' id='word_1_123' title='bbox 1102 2297 1297 2350; x_wconf 78' lang='grc' dir='ltr'>καύτὸς</span> <span class='ocrx_word' id='word_1_124' title='bbox 1326 2300 1416 2350; x_wconf 87' lang='grc' dir='ltr'><strong>τὸν</strong></span> <span class='ocrx_word' id='word_1_125' title='bbox 1456 2298 1510 2350; x_wconf 67' lang='lat' dir='ltr'><strong>Bt</strong></span> 
     </span>
    </p>
   </div>
   <div class='ocr_carea' id='block_1_24' title="bbox 548 2300 1599 2372">
    <p class='ocr_par' dir='ltr' id='par_1_24' title="bbox 548 2300 1599 2372">
     <span class='ocr_line' id='line_1_24' title="bbox 548 2300 1599 2372; baseline 0.005 -23"><span class='ocrx_word' id='word_1_126' title='bbox 548 2300 705 2358; x_wconf 75' lang='grc' dir='ltr'><strong>,Εκεῖ</strong></span> <span class='ocrx_word' id='word_1_127' title='bbox 734 2300 1072 2350; x_wconf 70' lang='grc' dir='ltr'>καταλέλυκε</span> <span class='ocrx_word' id='word_1_128' title='bbox 1102 2300 1297 2359; x_wconf 83' lang='grc' dir='ltr'>καύτὸς</span> <span class='ocrx_word' id='word_1_129' title='bbox 1326 2300 1416 2352; x_wconf 87' lang='grc' dir='ltr'><strong>τὸν</strong></span> <span class='ocrx_word' id='word_1_130' title='bbox 1456 2300 1599 2372; x_wconf 89' lang='grc' dir='ltr'>βίον.</span> 
     </span>
    </p>
   </div>
   <div class='ocr_carea' id='block_1_25' title="bbox 550 2378 1803 2465">
    <p class='ocr_par' dir='ltr' id='par_1_25' title="bbox 550 2378 1803 2465">
     <span class='ocr_line' id='line_1_25' title="bbox 550 2378 1803 2465; baseline 0.008 -30"><span class='ocrx_word' id='word_1_131' title='bbox 550 2383 613 2435; x_wconf 73' lang='grc' dir='ltr'><strong>Οἱ</strong></span> <span class='ocrx_word' id='word_1_132' title='bbox 645 2378 693 2435; x_wconf 84' lang='grc' dir='ltr'>δ’</span> <span class='ocrx_word' id='word_1_133' title='bbox 716 2380 1017 2457; x_wconf 85' lang='grc' dir='ltr'>Ἀλαμανοὶ</span> <span class='ocrx_word' id='word_1_134' title='bbox 1051 2385 1203 2440; x_wconf 84' lang='grc' dir='ltr'>ναυσὶ</span> <span class='ocrx_word' id='word_1_135' title='bbox 1234 2387 1326 2462; x_wconf 89' lang='grc' dir='ltr'>πρ’</span> <span class='ocrx_word' id='word_1_136' title='bbox 1358 2410 1383 2451; x_wconf 95' lang='grc' dir='ltr'><strong>ς</strong></span> <span class='ocrx_word' id='word_1_137' title='bbox 1409 2389 1508 2458; x_wconf 72' lang='grc' dir='ltr'>τὴν</span> <span class='ocrx_word' id='word_1_138' title='bbox 1551 2388 1803 2465; x_wconf 84' lang='grc' dir='ltr'>πατρίδα·</span> 
     </span>
    </p>
   </div>
   <div class='ocr_carea' id='block_1_26' title="bbox 375 2468 1613 2550">
    <p class='ocr_par' dir='ltr' id='par_1_26' title="bbox 375 2468 1613 2550">
     <span class='ocr_line' id='line_1_26' title="bbox 375 2468 1613 2550; baseline 0.006 -24"><span class='ocrx_word' id='word_1_139' title='bbox 375 2472 521 2526; x_wconf 78' lang='grc'>5975</span> <span class='ocrx_word' id='word_1_140' title='bbox 560 2468 722 2536; x_wconf 73' lang='grc' dir='ltr'>Αὖθις</span> <span class='ocrx_word' id='word_1_141' title='bbox 755 2471 1138 2548; x_wconf 73' lang='grc' dir='ltr'>ἐπανήχθησαν</span> <span class='ocrx_word' id='word_1_142' title='bbox 1174 2474 1229 2530; x_wconf 72' lang='grc' dir='ltr'>εὖ</span> <span class='ocrx_word' id='word_1_143' title='bbox 1261 2478 1613 2550; x_wconf 80' lang='grc' dir='ltr'>σεσωσμένοι·</span> 
     </span>
    </p>
   </div>
   <div class='ocr_carea' id='block_1_27' title="bbox 555 2562 2018 2715">
    <p class='ocr_par' dir='ltr' id='par_1_27' title="bbox 555 2562 2018 2715">
     <span class='ocr_line' id='line_1_27' title="bbox 555 2562 2018 2647; baseline 0.008 -31"><span class='ocrx_word' id='word_1_144' title='bbox 555 2562 661 2616; x_wconf 84' lang='grc' dir='ltr'>Καὶ</span> <span class='ocrx_word' id='word_1_145' title='bbox 716 2562 996 2639; x_wconf 83' lang='grc' dir='ltr'>Φραγγίας</span> <span class='ocrx_word' id='word_1_146' title='bbox 1208 2570 1494 2641; x_wconf 80' lang='grc' dir='ltr'>Γερμανῶν</span> <span class='ocrx_word' id='word_1_147' title='bbox 1550 2570 1676 2642; x_wconf 86' lang='grc'><strong>(67)</strong></span> <span class='ocrx_word' id='word_1_148' title='bbox 1732 2571 1780 2625; x_wconf 86' lang='grc' dir='ltr'>τ’</span> <span class='ocrx_word' id='word_1_149' title='bbox 1832 2568 2018 2647; x_wconf 72' lang='grc' dir='ltr'>ἅρχων</span> 
     </span>
     <span class='ocr_line' id='line_1_28' title="bbox 1663 2658 1850 2715; baseline 0 0"><span class='ocrx_word' id='word_1_150' title='bbox 1663 2658 1850 2715; x_wconf 78' lang='grc' dir='ltr'>[πάλιν</span> 
     </span>
    </p>
   </div>
   <div class='ocr_carea' id='block_1_28' title="bbox 1663 2660 1850 2729">
    <p class='ocr_par' dir='ltr' id='par_1_28' title="bbox 1663 2660 1850 2729">
     <span class='ocr_line' id='line_1_29' title="bbox 1663 2660 1850 2729; baseline 0.011 -16"><span class='ocrx_word' id='word_1_151' title='bbox 1663 2660 1850 2729; x_wconf 85' lang='grc' dir='ltr'>[πάλιν</span> 
     </span>
    </p>
   </div>
   <div class='ocr_carea' id='block_1_29' title="bbox 556 2738 1743 2823">
    <p class='ocr_par' dir='ltr' id='par_1_29' title="bbox 556 2738 1743 2823">
     <span class='ocr_line' id='line_1_30' title="bbox 556 2738 1743 2823; baseline 0.009 -31"><span class='ocrx_word' id='word_1_152' title='bbox 556 2740 761 2793; x_wconf 78' lang='grc' dir='ltr'>Ναυσίν</span> <span class='ocrx_word' id='word_1_153' title='bbox 792 2738 1032 2810; x_wconf 78' lang='grc' dir='ltr'>ἐπῆλθον</span> <span class='ocrx_word' id='word_1_154' title='bbox 1066 2739 1288 2798; x_wconf 81' lang='grc' dir='ltr'>ὁπλῖται</span> <span class='ocrx_word' id='word_1_155' title='bbox 1318 2748 1435 2807; x_wconf 89' lang='grc' dir='ltr'>τοῖς</span> <span class='ocrx_word' id='word_1_156' title='bbox 1465 2744 1517 2818; x_wconf 79' lang='grc' dir='ltr'>ἐξ</span> <span class='ocrx_word' id='word_1_157' title='bbox 1549 2748 1743 2823; x_wconf 79' lang='grc' dir='ltr'>Ἅγαρ·</span> 
     </span>
    </p>
   </div>
   <div class='ocr_carea' id='block_1_30' title="bbox 556 2827 1576 2908">
    <p class='ocr_par' dir='ltr' id='par_1_30' title="bbox 556 2827 1576 2908">
     <span class='ocr_line' id='line_1_31' title="bbox 556 2827 1576 2908; baseline 0.005 -24"><span class='ocrx_word' id='word_1_158' title='bbox 556 2828 672 2884; x_wconf 82' lang='grc' dir='ltr'><strong>Ούκ</strong></span> <span class='ocrx_word' id='word_1_159' title='bbox 702 2827 932 2903; x_wconf 71' lang='grc' dir='ltr'>ἴσχυσαν</span> <span class='ocrx_word' id='word_1_160' title='bbox 966 2829 1121 2904; x_wconf 74' lang='grc' dir='ltr'>ὅμως</span> <span class='ocrx_word' id='word_1_161' title='bbox 1153 2829 1209 2886; x_wconf 80' lang='grc' dir='ltr'>δὲ</span> <span class='ocrx_word' id='word_1_162' title='bbox 1240 2834 1384 2887; x_wconf 85' lang='grc' dir='ltr'>Σιὼν</span> <span class='ocrx_word' id='word_1_163' title='bbox 1418 2833 1576 2908; x_wconf 77' lang='grc' dir='ltr'>ἁγίας</span> 
     </span>
    </p>
   </div>
   <div class='ocr_carea' id='block_1_31' title="bbox 555 2917 1769 2999">
    <p class='ocr_par' dir='ltr' id='par_1_31' title="bbox 555 2917 1769 2999">
     <span class='ocr_line' id='line_1_32' title="bbox 555 2917 1769 2999; baseline 0.008 -29"><span class='ocrx_word' id='word_1_164' title='bbox 555 2922 698 2995; x_wconf 60' lang='grc' dir='ltr'><strong>Σφᾶς</strong></span> <span class='ocrx_word' id='word_1_165' title='bbox 731 2917 977 2988; x_wconf 71' lang='grc' dir='ltr'>ἐξελάσαι</span> <span class='ocrx_word' id='word_1_166' title='bbox 1008 2920 1096 2975; x_wconf 85' lang='grc' dir='ltr'><strong>καὶ</strong></span> <span class='ocrx_word' id='word_1_167' title='bbox 1126 2923 1308 2995; x_wconf 69' lang='grc' dir='ltr'>νέμειν</span> <span class='ocrx_word' id='word_1_168' title='bbox 1345 2923 1769 2999; x_wconf 71' lang='grc' dir='ltr'>χροιτωνύμοις·</span> 
     </span>
    </p>
   </div>
   <div class='ocr_carea' id='block_1_32' title="bbox 370 3005 1721 3089">
    <p class='ocr_par' dir='ltr' id='par_1_32' title="bbox 370 3005 1721 3089">
     <span class='ocr_line' id='line_1_33' title="bbox 370 3005 1721 3089; baseline 0.005 -28"><span class='ocrx_word' id='word_1_169' title='bbox 370 3007 517 3062; x_wconf 83' lang='grc'>5980</span> <span class='ocrx_word' id='word_1_170' title='bbox 556 3007 792 3085; x_wconf 77' lang='grc' dir='ltr'>’ῼχοντο</span> <span class='ocrx_word' id='word_1_171' title='bbox 826 3005 882 3062; x_wconf 74' lang='grc' dir='ltr'>δὲ</span> <span class='ocrx_word' id='word_1_172' title='bbox 913 3006 1039 3081; x_wconf 82' lang='grc' dir='ltr'><strong>πλῷ</strong></span> <span class='ocrx_word' id='word_1_173' title='bbox 1064 3009 1156 3065; x_wconf 86' lang='grc' dir='ltr'><strong>καὶ</strong></span> <span class='ocrx_word' id='word_1_174' title='bbox 1185 3007 1352 3067; x_wconf 88' lang='grc' dir='ltr'>πάλιν</span> <span class='ocrx_word' id='word_1_175' title='bbox 1387 3010 1438 3085; x_wconf 78' lang='grc' dir='ltr'>ἐξ</span> <span class='ocrx_word' id='word_1_176' title='bbox 1469 3012 1721 3089; x_wconf 87' lang='grc' dir='ltr'>πατρίδα.</span> 
     </span>
    </p>
   </div>
   <div class='ocr_carea' id='block_1_33' title="bbox 552 3094 1848 3181">
    <p class='ocr_par' dir='ltr' id='par_1_33' title="bbox 552 3094 1848 3181">
     <span class='ocr_line' id='line_1_34' title="bbox 552 3094 1848 3181; baseline 0.009 -32"><span class='ocrx_word' id='word_1_177' title='bbox 552 3096 611 3152; x_wconf 85' lang='grc' dir='ltr'>Ὁ</span> <span class='ocrx_word' id='word_1_178' title='bbox 641 3094 688 3150; x_wconf 89' lang='grc' dir='ltr'>δ’</span> <span class='ocrx_word' id='word_1_179' title='bbox 721 3094 1000 3173; x_wconf 87' lang='grc' dir='ltr'>Ἰγκλίνων</span> <span class='ocrx_word' id='word_1_180' title='bbox 1157 3102 1391 3176; x_wconf 86' lang='grc' dir='ltr'>κατάρας</span> <span class='ocrx_word' id='word_1_181' title='bbox 1421 3101 1472 3172; x_wconf 77' lang='grc' dir='ltr'><strong>ἐξ</strong></span> <span class='ocrx_word' id='word_1_182' title='bbox 1502 3103 1599 3171; x_wconf 77' lang='grc' dir='ltr'>τὴν</span> <span class='ocrx_word' id='word_1_183' title='bbox 1635 3104 1848 3181; x_wconf 80' lang='grc' dir='ltr'>Κύπρον</span> 
     </span>
    </p>
   </div>
   <div class='ocr_carea' id='block_1_34' title="bbox 553 3184 1856 3268">
    <p class='ocr_par' dir='ltr' id='par_1_34' title="bbox 553 3184 1856 3268">
     <span class='ocr_line' id='line_1_35' title="bbox 553 3184 1856 3268; baseline 0.009 -30"><span class='ocrx_word' id='word_1_184' title='bbox 553 3184 766 3257; x_wconf 82' lang='grc' dir='ltr'>Ταύτης</span> <span class='ocrx_word' id='word_1_185' title='bbox 794 3206 853 3240; x_wconf 86' lang='grc' dir='ltr'><strong>τε</strong></span> <span class='ocrx_word' id='word_1_186' title='bbox 881 3191 1070 3262; x_wconf 88' lang='grc' dir='ltr'>κρατεῖ</span> <span class='ocrx_word' id='word_1_187' title='bbox 1099 3194 1218 3250; x_wconf 77' lang='grc' dir='ltr'>τοῖς</span> <span class='ocrx_word' id='word_1_188' title='bbox 1248 3188 1447 3253; x_wconf 82' lang='grc' dir='ltr'>ὅπλοις</span> <span class='ocrx_word' id='word_1_189' title='bbox 1478 3191 1612 3247; x_wconf 82' lang='grc' dir='ltr'>κατᾶ</span> <span class='ocrx_word' id='word_1_190' title='bbox 1636 3195 1856 3268; x_wconf 85' lang='grc' dir='ltr'>κράτος·</span> 
     </span>
    </p>
   </div>
   <div class='ocr_carea' id='block_1_35' title="bbox 559 3272 1892 3359">
    <p class='ocr_par' dir='ltr' id='par_1_35' title="bbox 559 3272 1892 3359">
     <span class='ocr_line' id='line_1_36' title="bbox 559 3272 1892 3359; baseline 0.01 -32"><span class='ocrx_word' id='word_1_191' title='bbox 559 3280 760 3346; x_wconf 84' lang='grc' dir='ltr'>Δεσμεῖ</span> <span class='ocrx_word' id='word_1_192' title='bbox 788 3272 846 3329; x_wconf 79' lang='grc' dir='ltr'>δὲ</span> <span class='ocrx_word' id='word_1_193' title='bbox 878 3275 1099 3351; x_wconf 87' lang='grc' dir='ltr'>συσχὼν</span> <span class='ocrx_word' id='word_1_194' title='bbox 1126 3277 1216 3331; x_wconf 78' lang='grc' dir='ltr'><strong>καὶ</strong></span> <span class='ocrx_word' id='word_1_195' title='bbox 1247 3277 1505 3353; x_wconf 88' lang='grc' dir='ltr'>τύραννον</span> <span class='ocrx_word' id='word_1_196' title='bbox 1537 3287 1637 3350; x_wconf 78' lang='grc' dir='ltr'><strong>τῆς</strong></span> <span class='ocrx_word' id='word_1_197' title='bbox 1669 3282 1892 3359; x_wconf 87' lang='grc' dir='ltr'>Κύπρου</span> 
     </span>
    </p>
   </div>
   <div class='ocr_carea' id='block_1_36' title="bbox 568 3364 1814 3445">
    <p class='ocr_par' dir='ltr' id='par_1_36' title="bbox 568 3364 1814 3445">
     <span class='ocr_line' id='line_1_37' title="bbox 568 3364 1814 3445; baseline 0.008 -30"><span class='ocrx_word' id='word_1_198' title='bbox 568 3364 851 3435; x_wconf 77' lang='grc' dir='ltr'>Κομνηνὸν</span> <span class='ocrx_word' id='word_1_199' title='bbox 886 3366 1116 3421; x_wconf 84' lang='grc' dir='ltr'>Ἱσάκιον</span> <span class='ocrx_word' id='word_1_200' title='bbox 1149 3368 1261 3439; x_wconf 88' lang='grc'><strong>(68)</strong></span> <span class='ocrx_word' id='word_1_201' title='bbox 1294 3368 1524 3443; x_wconf 81' lang='grc' dir='ltr'>Ἔχετον</span> <span class='ocrx_word' id='word_1_202' title='bbox 1555 3370 1814 3445; x_wconf 84' lang='grc' dir='ltr'>τρόπους·</span> 
     </span>
    </p>
   </div>
   <div class='ocr_carea' id='block_1_37' title="bbox 377 3450 1860 3529">
    <p class='ocr_par' dir='ltr' id='par_1_37' title="bbox 377 3450 1860 3529">
     <span class='ocr_line' id='line_1_38' title="bbox 377 3450 1860 3529; baseline 0.007 -25"><span class='ocrx_word' id='word_1_203' title='bbox 377 3450 522 3505; x_wconf 65' lang='grc'>5935</span> <span class='ocrx_word' id='word_1_204' title='bbox 558 3452 662 3507; x_wconf 72' lang='grc' dir='ltr'><strong>Καὶ</strong></span> <span class='ocrx_word' id='word_1_205' title='bbox 687 3450 1066 3516; x_wconf 84' lang='grc' dir='ltr'>καταπλεύσας</span> <span class='ocrx_word' id='word_1_206' title='bbox 1095 3455 1228 3529; x_wconf 81' lang='grc' dir='ltr'>πρὸς</span> <span class='ocrx_word' id='word_1_207' title='bbox 1261 3455 1627 3528; x_wconf 84' lang='grc' dir='ltr'>Παλαιστίνης</span> <span class='ocrx_word' id='word_1_208' title='bbox 1657 3458 1860 3523; x_wconf 89' lang='grc' dir='ltr'>τόπους</span> 
     </span>
    </p>
   </div>
   <div class='ocr_carea' id='block_1_38' title="bbox 566 3539 1677 3620">
    <p class='ocr_par' dir='ltr' id='par_1_38' title="bbox 566 3539 1677 3620">
     <span class='ocr_line' id='line_1_39' title="bbox 566 3539 1677 3620; baseline 0.005 -26"><span class='ocrx_word' id='word_1_209' title='bbox 566 3539 885 3615; x_wconf 84' lang='grc' dir='ltr'>Στράτευμα</span> <span class='ocrx_word' id='word_1_210' title='bbox 911 3541 1201 3598; x_wconf 72' lang='grc' dir='ltr'>κατέλιπεν</span> <span class='ocrx_word' id='word_1_211' title='bbox 1234 3543 1433 3599; x_wconf 71' lang='grc' dir='ltr'>οἰκεῖον</span> <span class='ocrx_word' id='word_1_212' title='bbox 1468 3544 1677 3620; x_wconf 87' lang='grc' dir='ltr'>Κύπρῳ</span> 
     </span>
    </p>
   </div>
   <div class='ocr_carea' id='block_1_39' title="bbox 566 3630 1775 3711">
    <p class='ocr_par' dir='ltr' id='par_1_39' title="bbox 566 3630 1775 3711">
     <span class='ocr_line' id='line_1_40' title="bbox 566 3630 1775 3711; baseline 0.004 -24"><span class='ocrx_word' id='word_1_213' title='bbox 566 3632 623 3687; x_wconf 83' lang='grc' dir='ltr'>Ὀ</span> <span class='ocrx_word' id='word_1_214' title='bbox 654 3635 943 3706; x_wconf 81' lang='grc' dir='ltr'>Γερμανῶν</span> <span class='ocrx_word' id='word_1_215' title='bbox 1105 3630 1321 3704; x_wconf 84' lang='grc' dir='ltr'>δηλαδή</span> <span class='ocrx_word' id='word_1_216' title='bbox 1352 3639 1459 3689; x_wconf 82' lang='grc' dir='ltr'><strong>τῶν</strong></span> <span class='ocrx_word' id='word_1_217' title='bbox 1494 3635 1775 3711; x_wconf 84' lang='grc' dir='ltr'>ἸγκΑίνων</span> 
     </span>
    </p>
   </div>
   <div class='ocr_carea' id='block_1_40' title="bbox 566 3718 1595 3797">
    <p class='ocr_par' dir='ltr' id='par_1_40' title="bbox 566 3718 1595 3797">
     <span class='ocr_line' id='line_1_41' title="bbox 566 3718 1595 3797; baseline 0.004 -22"><span class='ocrx_word' id='word_1_218' title='bbox 566 3718 669 3775; x_wconf 83' lang='grc' dir='ltr'>Καὶ</span> <span class='ocrx_word' id='word_1_219' title='bbox 698 3718 855 3789; x_wconf 80' lang='grc' dir='ltr'>τῆσδ’</span> <span class='ocrx_word' id='word_1_220' title='bbox 885 3720 1185 3797; x_wconf 72' lang='grc' dir='ltr'>ἐκυρίευσεν</span> <span class='ocrx_word' id='word_1_221' title='bbox 1219 3723 1295 3785; x_wconf 82' lang='grc' dir='ltr'>ὡς</span> <span class='ocrx_word' id='word_1_222' title='bbox 1326 3725 1595 3794; x_wconf 84' lang='grc' dir='ltr'>υπηκόου,</span> 
     </span>
    </p>
   </div>
   <div class='ocr_carea' id='block_1_41' title="bbox 564 3806 1711 3887">
    <p class='ocr_par' dir='ltr' id='par_1_41' title="bbox 564 3806 1711 3887">
     <span class='ocr_line' id='line_1_42' title="bbox 564 3806 1711 3887; baseline 0.009 -25"><span class='ocrx_word' id='word_1_223' title='bbox 564 3814 721 3879; x_wconf 84' lang='grc' dir='ltr'>Ζωῆς</span> <span class='ocrx_word' id='word_1_224' title='bbox 750 3806 793 3862; x_wconf 78' lang='grc' dir='ltr'>δ’</span> <span class='ocrx_word' id='word_1_225' title='bbox 821 3809 1076 3885; x_wconf 78' lang='grc' dir='ltr'>ἀφορμὰς</span> <span class='ocrx_word' id='word_1_226' title='bbox 1105 3810 1327 3867; x_wconf 81' lang='grc' dir='ltr'>αὐτόθεν</span> <span class='ocrx_word' id='word_1_227' title='bbox 1359 3813 1711 3887; x_wconf 75' lang='grc' dir='ltr'>κεκτημένος.</span> 
     </span>
    </p>
   </div>
   <div class='ocr_carea' id='block_1_42' title="bbox 389 3898 1749 3980">
    <p class='ocr_par' dir='ltr' id='par_1_42' title="bbox 389 3898 1749 3980">
     <span class='ocr_line' id='line_1_43' title="bbox 389 3898 1749 3980; baseline 0.005 -27"><span class='ocrx_word' id='word_1_228' title='bbox 389 3900 532 3954; x_wconf 87' lang='grc'>5990</span> <span class='ocrx_word' id='word_1_229' title='bbox 568 3899 658 3955; x_wconf 84' lang='grc' dir='ltr'>Ἐν</span> <span class='ocrx_word' id='word_1_230' title='bbox 686 3903 766 3971; x_wconf 83' lang='grc' dir='ltr'>τῷ</span> <span class='ocrx_word' id='word_1_231' title='bbox 793 3899 1020 3974; x_wconf 82' lang='grc' dir='ltr'>μέλλειν</span> <span class='ocrx_word' id='word_1_232' title='bbox 1050 3898 1106 3955; x_wconf 78' lang='grc' dir='ltr'>δὲ</span> <span class='ocrx_word' id='word_1_233' title='bbox 1136 3903 1273 3977; x_wconf 86' lang='grc' dir='ltr'>πρὸς</span> <span class='ocrx_word' id='word_1_234' title='bbox 1306 3901 1749 3980; x_wconf 79' lang='grc' dir='ltr'>πατρίδ’ἆπιέναι</span> 
     </span>
    </p>
   </div>
   <div class='ocr_carea' id='block_1_43' title="bbox 563 3987 1733 4066">
    <p class='ocr_par' dir='ltr' id='par_1_43' title="bbox 563 3987 1733 4066">
     <span class='ocr_line' id='line_1_44' title="bbox 563 3987 1733 4066; baseline 0.005 -25"><span class='ocrx_word' id='word_1_235' title='bbox 563 3987 714 4065; x_wconf 76' lang='grc' dir='ltr'><strong>Ῥηγῖ</strong></span> <span class='ocrx_word' id='word_1_236' title='bbox 746 3988 959 4064; x_wconf 80' lang='grc' dir='ltr'>Κύπρον</span> <span class='ocrx_word' id='word_1_237' title='bbox 994 3987 1196 4045; x_wconf 82' lang='grc' dir='ltr'>δὲδωκε</span> <span class='ocrx_word' id='word_1_238' title='bbox 1224 3997 1325 4061; x_wconf 80' lang='grc' dir='ltr'><strong>τῆς</strong></span> <span class='ocrx_word' id='word_1_239' title='bbox 1362 3991 1733 4066; x_wconf 83' lang='grc' dir='ltr'>Παλαιστίνης</span> 
     </span>
    </p>
   </div>
   <div class='ocr_carea' id='block_1_44' title="bbox 568 4076 1806 4159">
    <p class='ocr_par' dir='ltr' id='par_1_44' title="bbox 568 4076 1806 4159">
     <span class='ocr_line' id='line_1_45' title="bbox 568 4076 1806 4159; baseline 0.008 -29"><span class='ocrx_word' id='word_1_240' title='bbox 568 4076 744 4133; x_wconf 83' lang='grc' dir='ltr'>Οίκεῖν</span> <span class='ocrx_word' id='word_1_241' title='bbox 775 4099 833 4133; x_wconf 87' lang='grc' dir='ltr'><strong>τε</strong></span> <span class='ocrx_word' id='word_1_242' title='bbox 862 4078 1091 4151; x_wconf 86' lang='grc' dir='ltr'>ταύτην,</span> <span class='ocrx_word' id='word_1_243' title='bbox 1116 4080 1161 4134; x_wconf 85' lang='grc' dir='ltr'><strong>εἰ</strong></span> <span class='ocrx_word' id='word_1_244' title='bbox 1196 4082 1408 4155; x_wconf 73' lang='grc' dir='ltr'>σχολὴν</span> <span class='ocrx_word' id='word_1_245' title='bbox 1445 4079 1560 4159; x_wconf 75' lang='grc' dir='ltr'>ἄγει</span> <span class='ocrx_word' id='word_1_246' title='bbox 1594 4084 1806 4158; x_wconf 81' lang='grc' dir='ltr'>μάχης.</span> 
     </span>
    </p>
   </div>
   <div class='ocr_carea' id='block_1_45' title="bbox 570 4166 1777 4248">
    <p class='ocr_par' dir='ltr' id='par_1_45' title="bbox 570 4166 1777 4248">
     <span class='ocr_line' id='line_1_46' title="bbox 570 4166 1777 4248; baseline 0.006 -28"><span class='ocrx_word' id='word_1_247' title='bbox 570 4166 667 4221; x_wconf 76' lang='grc' dir='ltr'><strong>Καὶ</strong></span> <span class='ocrx_word' id='word_1_248' title='bbox 700 4168 969 4243; x_wconf 86' lang='grc' dir='ltr'>κυριεύειν</span> <span class='ocrx_word' id='word_1_249' title='bbox 993 4168 1082 4223; x_wconf 80' lang='grc' dir='ltr'><strong>καὶ</strong></span> <span class='ocrx_word' id='word_1_250' title='bbox 1113 4175 1330 4245; x_wconf 84' lang='grc' dir='ltr'>κρατεῖν</span> <span class='ocrx_word' id='word_1_251' title='bbox 1359 4177 1459 4245; x_wconf 81' lang='grc' dir='ltr'><strong>τῆς</strong></span> <span class='ocrx_word' id='word_1_252' title='bbox 1494 4170 1777 4248; x_wconf 85' lang='grc' dir='ltr'>Κυπρίων,</span> 
     </span>
    </p>
   </div>
   <div class='ocr_carea' id='block_1_46' title="bbox 570 4256 1706 4335">
    <p class='ocr_par' dir='ltr' id='par_1_46' title="bbox 570 4256 1706 4335">
     <span class='ocr_line' id='line_1_47' title="bbox 570 4256 1706 4335; baseline 0.005 -25"><span class='ocrx_word' id='word_1_253' title='bbox 570 4256 658 4317; x_wconf 78' lang='grc' dir='ltr'>Ὠς</span> <span class='ocrx_word' id='word_1_254' title='bbox 693 4258 781 4311; x_wconf 78' lang='grc' dir='ltr'>ὑπ’</span> <span class='ocrx_word' id='word_1_255' title='bbox 812 4256 1020 4313; x_wconf 78' lang='grc' dir='ltr'>ἐκείνου</span> <span class='ocrx_word' id='word_1_256' title='bbox 1043 4259 1519 4335; x_wconf 84' lang='grc' dir='ltr'>προσνεμηθείσης</span> <span class='ocrx_word' id='word_1_257' title='bbox 1550 4260 1706 4332; x_wconf 88' lang='grc' dir='ltr'><strong>πόοῳ</strong></span> 
     </span>
    </p>
   </div>
   <div class='ocr_carea' id='block_1_47' title="bbox 388 4344 1628 4424">
    <p class='ocr_par' dir='ltr' id='par_1_47' title="bbox 388 4344 1628 4424">
     <span class='ocr_line' id='line_1_48' title="bbox 388 4344 1628 4424; baseline 0.002 -24"><span class='ocrx_word' id='word_1_258' title='bbox 388 4344 535 4400; x_wconf 81' lang='grc'>5995</span> <span class='ocrx_word' id='word_1_259' title='bbox 573 4345 855 4421; x_wconf 75' lang='grc' dir='ltr'>Ζωηφόρῳ</span> <span class='ocrx_word' id='word_1_260' title='bbox 888 4349 1133 4420; x_wconf 74' lang='grc' dir='ltr'>μνήματι</span> <span class='ocrx_word' id='word_1_261' title='bbox 1163 4352 1242 4420; x_wconf 77' lang='grc' dir='ltr'><strong>τῷ</strong></span> <span class='ocrx_word' id='word_1_262' title='bbox 1267 4352 1369 4404; x_wconf 79' lang='grc' dir='ltr'><strong>τοῦ</strong></span> <span class='ocrx_word' id='word_1_263' title='bbox 1403 4348 1628 4424; x_wconf 81' lang='grc' dir='ltr'>Κυρίου,</span> 
     </span>
    </p>
   </div>
   <div class='ocr_carea' id='block_1_48' title="bbox 570 4436 1820 4514">
    <p class='ocr_par' dir='ltr' id='par_1_48' title="bbox 570 4436 1820 4514">
     <span class='ocr_line' id='line_1_49' title="bbox 570 4436 1820 4514; baseline 0.007 -24"><span class='ocrx_word' id='word_1_264' title='bbox 570 4436 673 4490; x_wconf 74' lang='grc' dir='ltr'>Καὶ</span> <span class='ocrx_word' id='word_1_265' title='bbox 707 4437 1062 4514; x_wconf 73' lang='grc' dir='ltr'>συναφθείσης</span> <span class='ocrx_word' id='word_1_266' title='bbox 1093 4443 1211 4500; x_wconf 79' lang='grc' dir='ltr'>τοῖς</span> <span class='ocrx_word' id='word_1_267' title='bbox 1244 4436 1395 4512; x_wconf 78' lang='grc' dir='ltr'>ὅροις</span> <span class='ocrx_word' id='word_1_268' title='bbox 1431 4437 1820 4513; x_wconf 85' lang='grc' dir='ltr'>Παλαιστίνης.</span> 
     </span>
    </p>
   </div>
   <div class='ocr_carea' id='block_1_49' title="bbox 572 4526 1771 4605">
    <p class='ocr_par' dir='ltr' id='par_1_49' title="bbox 572 4526 1771 4605">
     <span class='ocr_line' id='line_1_50' title="bbox 572 4526 1771 4605; baseline 0.007 -28"><span class='ocrx_word' id='word_1_269' title='bbox 572 4528 773 4597; x_wconf 68' lang='lat' dir='ltr'><strong>&quot;Awa.</strong></span> <span class='ocrx_word' id='word_1_270' title='bbox 810 4526 1085 4601; x_wconf 86' lang='grc' dir='ltr'>μετάγων,</span> <span class='ocrx_word' id='word_1_271' title='bbox 1119 4526 1387 4602; x_wconf 73' lang='grc' dir='ltr'>συγχέων,</span> <span class='ocrx_word' id='word_1_272' title='bbox 1423 4529 1771 4605; x_wconf 79' lang='grc' dir='ltr'>μετατρὲπων</span> 
     </span>
    </p>
   </div>
   <div class='ocr_carea' id='block_1_50' title="bbox 572 4612 1716 4697">
    <p class='ocr_par' dir='ltr' id='par_1_50' title="bbox 572 4612 1716 4697">
     <span class='ocr_line' id='line_1_51' title="bbox 572 4612 1716 4697; baseline 0.006 -29"><span class='ocrx_word' id='word_1_273' title='bbox 572 4612 915 4687; x_wconf 84' lang='grc' dir='ltr'>Ἀνθρώπινα</span> <span class='ocrx_word' id='word_1_274' title='bbox 946 4616 1065 4670; x_wconf 82' lang='grc' dir='ltr'>θεῖά</span> <span class='ocrx_word' id='word_1_275' title='bbox 1092 4636 1150 4671; x_wconf 90' lang='grc' dir='ltr'><strong>τε</strong></span> <span class='ocrx_word' id='word_1_276' title='bbox 1180 4615 1470 4692; x_wconf 85' lang='grc' dir='ltr'>πράγματα</span> <span class='ocrx_word' id='word_1_277' title='bbox 1499 4619 1716 4697; x_wconf 84' lang='grc' dir='ltr'>κράτωρ</span> 
     </span>
    </p>
   </div>
   <div class='ocr_carea' id='block_1_51' title="bbox 571 4698 1786 4782">
    <p class='ocr_par' dir='ltr' id='par_1_51' title="bbox 571 4698 1786 4782">
     <span class='ocr_line' id='line_1_52' title="bbox 571 4698 1786 4782; baseline 0.007 -27"><span class='ocrx_word' id='word_1_278' title='bbox 571 4701 667 4755; x_wconf 80' lang='grc' dir='ltr'>Καὶ</span> <span class='ocrx_word' id='word_1_279' title='bbox 700 4698 1155 4780; x_wconf 82' lang='grc' dir='ltr'>δραματουργῶν,</span> <span class='ocrx_word' id='word_1_280' title='bbox 1182 4705 1256 4767; x_wconf 82' lang='grc' dir='ltr'><strong>ὡς</strong></span> <span class='ocrx_word' id='word_1_281' title='bbox 1285 4702 1506 4762; x_wconf 72' lang='grc' dir='ltr'>δέδοκτό</span> <span class='ocrx_word' id='word_1_282' title='bbox 1532 4706 1584 4762; x_wconf 75' lang='grc' dir='ltr'>οἱ</span> <span class='ocrx_word' id='word_1_283' title='bbox 1614 4709 1786 4782; x_wconf 88' lang='grc' dir='ltr'>μόνῳ,</span> 
     </span>
    </p>
   </div>
   <div class='ocr_carea' id='block_1_52' title="bbox 391 4788 1599 4871">
    <p class='ocr_par' dir='ltr' id='par_1_52' title="bbox 391 4788 1599 4871">
     <span class='ocr_line' id='line_1_53' title="bbox 391 4788 1599 4871; baseline 0.006 -27"><span class='ocrx_word' id='word_1_284' title='bbox 391 4790 539 4845; x_wconf 80' lang='grc'>6000</span> <span class='ocrx_word' id='word_1_285' title='bbox 574 4788 957 4867; x_wconf 76' lang='grc' dir='ltr'>Εὐθὺςέρείσας</span> <span class='ocrx_word' id='word_1_286' title='bbox 976 4793 1066 4847; x_wconf 85' lang='grc' dir='ltr'>τὸν</span> <span class='ocrx_word' id='word_1_287' title='bbox 1099 4790 1244 4849; x_wconf 84' lang='grc' dir='ltr'>πόδα</span> <span class='ocrx_word' id='word_1_288' title='bbox 1271 4796 1599 4871; x_wconf 84' lang='grc' dir='ltr'>κραταρχίᾳ,</span> 
     </span>
    </p>
   </div>
   <div class='ocr_carea' id='block_1_53' title="bbox 572 4878 1718 4960">
    <p class='ocr_par' dir='ltr' id='par_1_53' title="bbox 572 4878 1718 4960">
     <span class='ocr_line' id='line_1_54' title="bbox 572 4878 1718 4960; baseline 0.003 -26"><span class='ocrx_word' id='word_1_289' title='bbox 572 4878 676 4934; x_wconf 81' lang='grc' dir='ltr'>Τὸν</span> <span class='ocrx_word' id='word_1_290' title='bbox 717 4880 1068 4957; x_wconf 86' lang='grc' dir='ltr'>πατριάρχην</span> <span class='ocrx_word' id='word_1_291' title='bbox 1088 4885 1184 4937; x_wconf 79' lang='grc' dir='ltr'><strong>τοῦ</strong></span> <span class='ocrx_word' id='word_1_292' title='bbox 1215 4884 1406 4955; x_wconf 86' lang='grc' dir='ltr'>θρόνου</span> <span class='ocrx_word' id='word_1_293' title='bbox 1428 4882 1718 4960; x_wconf 88' lang='grc' dir='ltr'>παραλύει,</span> 
     </span>
    </p>
   </div>
   <div class='ocr_carea' id='block_1_54' title="bbox 571 4969 1610 5047">
    <p class='ocr_par' dir='ltr' id='par_1_54' title="bbox 571 4969 1610 5047">
     <span class='ocr_line' id='line_1_55' title="bbox 571 4969 1610 5047; baseline 0.002 -22"><span class='ocrx_word' id='word_1_294' title='bbox 571 4969 675 5025; x_wconf 85' lang='grc' dir='ltr'><strong>Τὸν</strong></span> <span class='ocrx_word' id='word_1_295' title='bbox 703 4972 1037 5047; x_wconf 82' lang='grc' dir='ltr'>Καματηρὸν</span> <span class='ocrx_word' id='word_1_296' title='bbox 1068 4971 1357 5029; x_wconf 87' lang='grc' dir='ltr'>Βασίλειον</span> <span class='ocrx_word' id='word_1_297' title='bbox 1388 4970 1610 5035; x_wconf 84' lang='grc' dir='ltr'>ἀδίκως·</span> 
     </span>
    </p>
   </div>
   <div class='ocr_carea' id='block_1_55' title="bbox 567 5058 1741 5139">
    <p class='ocr_par' dir='ltr' id='par_1_55' title="bbox 567 5058 1741 5139">
     <span class='ocr_line' id='line_1_56' title="bbox 567 5058 1741 5139; baseline 0.003 -26"><span class='ocrx_word' id='word_1_298' title='bbox 567 5058 670 5113; x_wconf 83' lang='grc' dir='ltr'>Τὸν</span> <span class='ocrx_word' id='word_1_299' title='bbox 700 5060 1027 5133; x_wconf 81' lang='grc' dir='ltr'>Μουντάνην</span> <span class='ocrx_word' id='word_1_300' title='bbox 1061 5058 1119 5116; x_wconf 74' lang='grc' dir='ltr'>δὲ</span> <span class='ocrx_word' id='word_1_301' title='bbox 1147 5062 1388 5132; x_wconf 77' lang='grc' dir='ltr'>Νικήταν</span> <span class='ocrx_word' id='word_1_302' title='bbox 1421 5060 1741 5139; x_wconf 80' lang='grc' dir='ltr'>ἀντεισάγει,</span> 
     </span>
    </p>
   </div>
   <div class='ocr_carea' id='block_1_56' title="bbox 567 5147 1762 5228">
    <p class='ocr_par' dir='ltr' id='par_1_56' title="bbox 567 5147 1762 5228">
     <span class='ocr_line' id='line_1_57' title="bbox 567 5147 1762 5228; baseline 0.003 -24"><span class='ocrx_word' id='word_1_303' title='bbox 567 5147 960 5222; x_wconf 78' lang='grc' dir='ltr'>Τριπέμπελόν</span> <span class='ocrx_word' id='word_1_304' title='bbox 989 5171 1047 5205; x_wconf 72' lang='grc' dir='ltr'><strong>τε</strong></span> <span class='ocrx_word' id='word_1_305' title='bbox 1077 5152 1162 5206; x_wconf 82' lang='grc' dir='ltr'><strong>καὶ</strong></span> <span class='ocrx_word' id='word_1_306' title='bbox 1201 5152 1391 5228; x_wconf 77' lang='grc' dir='ltr'>χρόνῳ</span> <span class='ocrx_word' id='word_1_307' title='bbox 1413 5150 1762 5226; x_wconf 75' lang='grc' dir='ltr'>παρειμένον·</span> 
     </span>
    </p>
   </div>
   <div class='ocr_carea' id='block_1_57' title="bbox 460 5407 2041 5483">
    <p class='ocr_par' dir='ltr' id='par_1_57' title="bbox 460 5407 2041 5483">
     <span class='ocr_line' id='line_1_58' title="bbox 460 5407 2041 5483; baseline 0.008 -23"><span class='ocrx_word' id='word_1_308' title='bbox 460 5407 571 5477; x_wconf 83' lang='grc'><strong>(67)</strong></span> <span class='ocrx_word' id='word_1_309' title='bbox 604 5407 689 5483; x_wconf 64' lang='lat' dir='ltr'><strong>[ta</strong></span> <span class='ocrx_word' id='word_1_310' title='bbox 720 5409 921 5466; x_wconf 85' lang='lat' dir='ltr'><strong>codex.</strong></span> <span class='ocrx_word' id='word_1_311' title='bbox 957 5410 1025 5483; x_wconf 80' lang='lat' dir='ltr'><strong>Et</strong></span> <span class='ocrx_word' id='word_1_312' title='bbox 1056 5411 1292 5483; x_wconf 87' lang='lat' dir='ltr'><strong>quidem</strong></span> <span class='ocrx_word' id='word_1_313' title='bbox 1345 5412 1498 5467; x_wconf 77' lang='lat' dir='ltr'><strong>infra</strong></span> <span class='ocrx_word' id='word_1_314' title='bbox 1547 5411 1912 5483; x_wconf 70' lang='lat' dir='ltr'><strong>prraainius</strong></span> <span class='ocrx_word' id='word_1_315' title='bbox 1942 5417 2041 5473; x_wconf 85' lang='lat' dir='ltr'><strong>de-</strong></span> 
     </span>
    </p>
   </div>
   <div class='ocr_carea' id='block_1_58' title="bbox 387 5476 2040 5567">
    <p class='ocr_par' dir='ltr' id='par_1_58' title="bbox 387 5476 2040 5567">
     <span class='ocr_line' id='line_1_59' title="bbox 387 5476 2040 5567; baseline 0.007 -35"><span class='ocrx_word' id='word_1_316' title='bbox 387 5476 926 5567; x_wconf 43' lang='lat' dir='ltr'><strong>cla.rathermano_s</strong></span> <span class='ocrx_word' id='word_1_317' title='bbox 974 5476 1261 5567; x_wconf 53' lang='lat' dir='ltr'><strong>hoéhloco</strong></span> <span class='ocrx_word' id='word_1_318' title='bbox 1309 5498 1371 5565; x_wconf 76' lang='lat' dir='ltr'><strong>se</strong></span> <span class='ocrx_word' id='word_1_319' title='bbox 1420 5476 1749 5567; x_wconf 59' lang='lat' dir='ltr'><strong>intelligere</strong></span> <span class='ocrx_word' id='word_1_320' title='bbox 1797 5487 2040 5567; x_wconf 59' lang='lat' dir='ltr'><strong>Anglos,</strong></span> 
     </span>
    </p>
   </div>
   <div class='ocr_carea' id='block_1_59' title="bbox 385 5548 2041 5619">
    <p class='ocr_par' dir='ltr' id='par_1_59' title="bbox 385 5548 2041 5619">
     <span class='ocr_line' id='line_1_60' title="bbox 385 5548 2041 5619; baseline 0.008 -16"><span class='ocrx_word' id='word_1_321' title='bbox 385 5549 484 5619; x_wconf 87' lang='lat' dir='ltr'><strong>qui</strong></span> <span class='ocrx_word' id='word_1_322' title='bbox 516 5548 657 5604; x_wconf 90' lang='lat' dir='ltr'><strong>olim</strong></span> <span class='ocrx_word' id='word_1_323' title='bbox 690 5551 919 5609; x_wconf 83' lang='lat' dir='ltr'><strong>scilicet</strong></span> <span class='ocrx_word' id='word_1_324' title='bbox 971 5553 1028 5608; x_wconf 92' lang='lat' dir='ltr'><strong>in</strong></span> <span class='ocrx_word' id='word_1_325' title='bbox 1081 5554 1444 5610; x_wconf 77' lang='lat' dir='ltr'><strong>Britanniam</strong></span> <span class='ocrx_word' id='word_1_326' title='bbox 1476 5572 1506 5610; x_wconf 92' lang='lat' dir='ltr'><strong>e</strong></span> <span class='ocrx_word' id='word_1_327' title='bbox 1536 5548 1850 5614; x_wconf 62' lang='lat' dir='ltr'><strong>Germania</strong></span> <span class='ocrx_word' id='word_1_328' title='bbox 1878 5548 2041 5616; x_wconf 63' lang='grc' dir='ltr'>δοιοί</span> 
     </span>
    </p>
   </div>
   <div class='ocr_carea' id='block_1_60' title="bbox 389 5619 800 5693">
    <p class='ocr_par' dir='ltr' id='par_1_60' title="bbox 389 5619 800 5693">
     <span class='ocr_line' id='line_1_61' title="bbox 389 5619 800 5693; baseline 0.01 -18"><span class='ocrx_word' id='word_1_329' title='bbox 389 5619 800 5693; x_wconf 85' lang='lat' dir='ltr'><strong>migraverant.</strong></span> 
     </span>
    </p>
   </div>
   <div class='ocr_carea' id='block_1_61' title="bbox 1885 308 2244 366">
    <p class='ocr_par' dir='ltr' id='par_1_61' title="bbox 1885 308 2244 366">
     <span class='ocr_line' id='line_1_62' title="bbox 1885 308 2244 366; baseline 0.011 -4"><span class='ocrx_word' id='word_1_330' title='bbox 1885 308 2244 366; x_wconf 72' lang='lat' dir='ltr'><strong>CBSARES.</strong></span> 
     </span>
    </p>
   </div>
   <div class='ocr_carea' id='block_1_62' title="bbox 2036 433 3116 525">
    <p class='ocr_par' dir='ltr' id='par_1_62' title="bbox 2036 433 3116 525">
     <span class='ocr_line' id='line_1_63' title="bbox 2036 433 3116 525; baseline 0.021 -38"><span class='ocrx_word' id='word_1_331' title='bbox 2036 433 2089 499; x_wconf 83' lang='grc' dir='ltr'>Α</span> <span class='ocrx_word' id='word_1_332' title='bbox 2122 435 2264 492; x_wconf 81' lang='lat' dir='ltr'><strong>Exin</strong></span> <span class='ocrx_word' id='word_1_333' title='bbox 2298 438 2667 499; x_wconf 85' lang='lat' dir='ltr'><strong>alternabant</strong></span> <span class='ocrx_word' id='word_1_334' title='bbox 2696 448 2854 503; x_wconf 83' lang='lat' dir='ltr'><strong>vario</strong></span> <span class='ocrx_word' id='word_1_335' title='bbox 2886 452 3116 525; x_wconf 72' lang='lat' dir='ltr'><strong>affectu,</strong></span> 
     </span>
    </p>
   </div>
   <div class='ocr_carea' id='block_1_63' title="bbox 2126 527 3333 622">
    <p class='ocr_par' dir='ltr' id='par_1_63' title="bbox 2126 527 3333 622">
     <span class='ocr_line' id='line_1_64' title="bbox 2126 527 3333 622; baseline 0.022 -40"><span class='ocrx_word' id='word_1_336' title='bbox 2126 527 2368 622; x_wconf 81' lang='lat' dir='ltr'><strong>insuper</strong></span> <span class='ocrx_word' id='word_1_337' title='bbox 2396 538 2828 596; x_wconf 83' lang='lat' dir='ltr'><strong>contendebant</strong></span> <span class='ocrx_word' id='word_1_338' title='bbox 2858 543 3333 622; x_wconf 84' lang='lat' dir='ltr'><strong>dimicabantque</strong></span> 
     </span>
    </p>
   </div>
   <div class='ocr_carea' id='block_1_64' title="bbox 2124 617 3229 709">
    <p class='ocr_par' dir='ltr' id='par_1_64' title="bbox 2124 617 3229 709">
     <span class='ocr_line' id='line_1_65' title="bbox 2124 617 3229 709; baseline 0.023 -40"><span class='ocrx_word' id='word_1_339' title='bbox 2124 617 2280 689; x_wconf 88' lang='lat' dir='ltr'><strong>regis</strong></span> <span class='ocrx_word' id='word_1_340' title='bbox 2310 622 2570 691; x_wconf 73' lang='lat' dir='ltr'><strong>praedicti</strong></span> <span class='ocrx_word' id='word_1_341' title='bbox 2603 629 2960 703; x_wconf 69' lang='lat' dir='ltr'><strong>Caesarisque</strong></span> <span class='ocrx_word' id='word_1_342' title='bbox 2993 635 3229 709; x_wconf 86' lang='lat' dir='ltr'><strong>milites,</strong></span> 
     </span>
    </p>
   </div>
   <div class='ocr_carea' id='block_1_65' title="bbox 2126 706 3519 811">
    <p class='ocr_par' dir='ltr' id='par_1_65' title="bbox 2126 706 3519 811">
     <span class='ocr_line' id='line_1_66' title="bbox 2126 706 3519 811; baseline 0.025 -51"><span class='ocrx_word' id='word_1_343' title='bbox 2126 706 2310 766; x_wconf 91' lang='lat' dir='ltr'><strong>donec</strong></span> <span class='ocrx_word' id='word_1_344' title='bbox 2340 711 2736 773; x_wconf 79' lang='lat' dir='ltr'><strong>Alamannam</strong></span> <span class='ocrx_word' id='word_1_345' title='bbox 2769 737 2977 793; x_wconf 88' lang='lat' dir='ltr'><strong>agmen</strong></span> <span class='ocrx_word' id='word_1_346' title='bbox 3011 706 3225 786; x_wconf 85' lang='lat' dir='ltr'><strong>fretum</strong></span> <span class='ocrx_word' id='word_1_347' title='bbox 3263 738 3519 811; x_wconf 80' lang='lat' dir='ltr'><strong>transiit,</strong></span> 
     </span>
    </p>
   </div>
   <div class='ocr_carea' id='block_1_66' title="bbox 2124 798 3376 881">
    <p class='ocr_par' dir='ltr' id='par_1_66' title="bbox 2124 798 3376 881">
     <span class='ocr_line' id='line_1_67' title="bbox 2124 798 3376 881; baseline 0.024 -31"><span class='ocrx_word' id='word_1_348' title='bbox 2124 800 2181 852; x_wconf 91' lang='lat' dir='ltr'><strong>et</strong></span> <span class='ocrx_word' id='word_1_349' title='bbox 2211 798 2575 875; x_wconf 88' lang='lat' dir='ltr'><strong>Philadelphi</strong></span> <span class='ocrx_word' id='word_1_350' title='bbox 2607 822 2793 879; x_wconf 75' lang='lat' dir='ltr'><strong>usque</strong></span> <span class='ocrx_word' id='word_1_351' title='bbox 2824 813 2895 867; x_wconf 91' lang='lat' dir='ltr'><strong>ad</strong></span> <span class='ocrx_word' id='word_1_352' title='bbox 2936 816 3141 875; x_wconf 86' lang='lat' dir='ltr'><strong>urbem</strong></span> <span class='ocrx_word' id='word_1_353' title='bbox 3172 823 3330 880; x_wconf 85' lang='lat' dir='ltr'><strong>venit</strong></span> <span class='ocrx_word' id='word_1_354' title='bbox 3362 842 3376 881; x_wconf 89' lang='lat'><strong>:</strong></span> 
     </span>
    </p>
   </div>
   <div class='ocr_carea' id='block_1_67' title="bbox 2125 890 3402 987">
    <p class='ocr_par' dir='ltr' id='par_1_67' title="bbox 2125 890 3402 987">
     <span class='ocr_line' id='line_1_68' title="bbox 2125 890 3402 987; baseline 0.025 -47"><span class='ocrx_word' id='word_1_355' title='bbox 2125 890 2582 987; x_wconf 67' lang='lat' dir='ltr'><strong>praeteriensque</strong></span> <span class='ocrx_word' id='word_1_356' title='bbox 2608 898 2921 971; x_wconf 79' lang='lat' dir='ltr'><strong>Phrygiam</strong></span> <span class='ocrx_word' id='word_1_357' title='bbox 2951 910 3009 961; x_wconf 91' lang='lat' dir='ltr'><strong>et</strong></span> <span class='ocrx_word' id='word_1_358' title='bbox 3038 908 3402 987; x_wconf 82' lang='lat' dir='ltr'><strong>Laodiceam,</strong></span> 
     </span>
    </p>
   </div>
   <div class='ocr_carea' id='block_1_68' title="bbox 2125 976 3268 1072">
    <p class='ocr_par' dir='ltr' id='par_1_68' title="bbox 2125 976 3268 1072">
     <span class='ocr_line' id='line_1_69' title="bbox 2125 976 3268 1072; baseline 0.024 -42"><span class='ocrx_word' id='word_1_359' title='bbox 2125 976 2298 1072; x_wconf 75' lang='lat' dir='ltr'><strong>celeri</strong></span> <span class='ocrx_word' id='word_1_360' title='bbox 2329 996 2505 1039; x_wconf 88' lang='lat' dir='ltr'><strong>cursu</strong></span> <span class='ocrx_word' id='word_1_361' title='bbox 2540 989 2800 1066; x_wconf 64' lang='lat' dir='ltr'><strong>pervenit</strong></span> <span class='ocrx_word' id='word_1_362' title='bbox 2836 992 3268 1072; x_wconf 89' lang='lat' dir='ltr'><strong>Philomelium,</strong></span> 
     </span>
    </p>
   </div>
   <div class='ocr_carea' id='block_1_69' title="bbox 2128 1066 3247 1161">
    <p class='ocr_par' dir='ltr' id='par_1_69' title="bbox 2128 1066 3247 1161">
     <span class='ocr_line' id='line_1_70' title="bbox 2128 1066 3247 1161; baseline 0.025 -41"><span class='ocrx_word' id='word_1_363' title='bbox 2128 1066 2228 1122; x_wconf 86' lang='lat' dir='ltr'><strong>ubi</strong></span> <span class='ocrx_word' id='word_1_364' title='bbox 2261 1085 2360 1125; x_wconf 84' lang='lat' dir='ltr'><strong>rex</strong></span> <span class='ocrx_word' id='word_1_365' title='bbox 2391 1088 2651 1145; x_wconf 88' lang='lat' dir='ltr'><strong>pugnam</strong></span> <span class='ocrx_word' id='word_1_366' title='bbox 2681 1095 2815 1136; x_wconf 89' lang='lat' dir='ltr'><strong>cum</strong></span> <span class='ocrx_word' id='word_1_367' title='bbox 2847 1083 3081 1143; x_wconf 88' lang='lat' dir='ltr'><strong>sultano</strong></span> <span class='ocrx_word' id='word_1_368' title='bbox 3112 1089 3247 1161; x_wconf 91' lang='lat' dir='ltr'><strong>ciet,</strong></span> 
     </span>
    </p>
   </div>
   <div class='ocr_carea' id='block_1_70' title="bbox 2127 1160 3095 1248">
    <p class='ocr_par' dir='ltr' id='par_1_70' title="bbox 2127 1160 3095 1248">
     <span class='ocr_line' id='line_1_71' title="bbox 2127 1160 3095 1248; baseline 0.025 -39"><span class='ocrx_word' id='word_1_369' title='bbox 2127 1170 2310 1248; x_wconf 84' lang='lat' dir='ltr'><strong>eoque</strong></span> <span class='ocrx_word' id='word_1_370' title='bbox 2340 1160 2515 1233; x_wconf 86' lang='lat' dir='ltr'><strong>victo,</strong></span> <span class='ocrx_word' id='word_1_371' title='bbox 2544 1167 2764 1237; x_wconf 89' lang='lat' dir='ltr'><strong>potitur</strong></span> <span class='ocrx_word' id='word_1_372' title='bbox 2792 1172 3095 1248; x_wconf 89' lang='lat' dir='ltr'><strong>oppidulo,</strong></span> 
     </span>
    </p>
   </div>
   <div class='ocr_carea' id='block_1_71' title="bbox 2128 1245 3278 1329">
    <p class='ocr_par' dir='ltr' id='par_1_71' title="bbox 2128 1245 3278 1329">
     <span class='ocr_line' id='line_1_72' title="bbox 2128 1245 3278 1329; baseline 0.023 -29"><span class='ocrx_word' id='word_1_373' title='bbox 2128 1245 2304 1320; x_wconf 88' lang='lat' dir='ltr'><strong>idque</strong></span> <span class='ocrx_word' id='word_1_374' title='bbox 2335 1250 2628 1325; x_wconf 90' lang='lat' dir='ltr'><strong>direptum</strong></span> <span class='ocrx_word' id='word_1_375' title='bbox 2661 1264 2957 1319; x_wconf 85' lang='lat' dir='ltr'><strong>consumit</strong></span> <span class='ocrx_word' id='word_1_376' title='bbox 2987 1245 3278 1329; x_wconf 87' lang='lat' dir='ltr'><strong>incendio.</strong></span> 
     </span>
    </p>
   </div>
   <div class='ocr_carea' id='block_1_72' title="bbox 2128 1334 3215 1426">
    <p class='ocr_par' dir='ltr' id='par_1_72' title="bbox 2128 1334 3215 1426">
     <span class='ocr_line' id='line_1_73' title="bbox 2128 1334 3215 1426; baseline 0.025 -37"><span class='ocrx_word' id='word_1_377' title='bbox 2128 1334 2318 1408; x_wconf 86' lang='lat' dir='ltr'><strong>Pergit</strong></span> <span class='ocrx_word' id='word_1_378' title='bbox 2347 1339 2555 1400; x_wconf 89' lang='lat' dir='ltr'><strong>deinde</strong></span> <span class='ocrx_word' id='word_1_379' title='bbox 2586 1347 2656 1401; x_wconf 88' lang='lat' dir='ltr'><strong>ad</strong></span> <span class='ocrx_word' id='word_1_380' title='bbox 2692 1350 2954 1409; x_wconf 89' lang='lat' dir='ltr'><strong>Iconium</strong></span> <span class='ocrx_word' id='word_1_381' title='bbox 2988 1357 3215 1426; x_wconf 88' lang='lat' dir='ltr'><strong>urbem,</strong></span> 
     </span>
    </p>
   </div>
   <div class='ocr_carea' id='block_1_73' title="bbox 2129 1440 3538 1532">
    <p class='ocr_par' dir='ltr' id='par_1_73' title="bbox 2129 1440 3538 1532">
     <span class='ocr_line' id='line_1_74' title="bbox 2129 1440 3538 1532; baseline 0.026 -49"><span class='ocrx_word' id='word_1_382' title='bbox 2129 1444 2305 1499; x_wconf 91' lang='lat' dir='ltr'><strong>quam</strong></span> <span class='ocrx_word' id='word_1_383' title='bbox 2338 1440 2649 1532; x_wconf 73' lang='lat' dir='ltr'><strong>postquam</strong></span> <span class='ocrx_word' id='word_1_384' title='bbox 2685 1447 3040 1517; x_wconf 83' lang='lat' dir='ltr'><strong>expugnavit</strong></span> <span class='ocrx_word' id='word_1_385' title='bbox 3068 1452 3281 1511; x_wconf 87' lang='lat' dir='ltr'><strong>virtute</strong></span> <span class='ocrx_word' id='word_1_386' title='bbox 3312 1457 3538 1532; x_wconf 89' lang='lat' dir='ltr'><strong>bellica,</strong></span> 
     </span>
    </p>
   </div>
   <div class='ocr_carea' id='block_1_74' title="bbox 2130 1523 3317 1608">
    <p class='ocr_par' dir='ltr' id='par_1_74' title="bbox 2130 1523 3317 1608">
     <span class='ocr_line' id='line_1_75' title="bbox 2130 1523 3317 1608; baseline 0.025 -35"><span class='ocrx_word' id='word_1_387' title='bbox 2130 1523 2494 1592; x_wconf 89' lang='lat' dir='ltr'><strong>propositum</strong></span> <span class='ocrx_word' id='word_1_388' title='bbox 2526 1528 2636 1584; x_wconf 89' lang='lat' dir='ltr'><strong>sibi</strong></span> <span class='ocrx_word' id='word_1_389' title='bbox 2668 1538 3133 1608; x_wconf 86' lang='lat' dir='ltr'><strong>prosequebatur</strong></span> <span class='ocrx_word' id='word_1_390' title='bbox 3160 1543 3273 1601; x_wconf 89' lang='lat' dir='ltr'><strong>iter</strong></span> <span class='ocrx_word' id='word_1_391' title='bbox 3302 1565 3317 1605; x_wconf 89' lang='lat'><strong>:</strong></span> 
     </span>
    </p>
   </div>
   <div class='ocr_carea' id='block_1_75' title="bbox 2123 1608 3415 1709">
    <p class='ocr_par' dir='ltr' id='par_1_75' title="bbox 2123 1608 3415 1709">
     <span class='ocr_line' id='line_1_76' title="bbox 2123 1608 3415 1709; baseline 0.026 -47"><span class='ocrx_word' id='word_1_392' title='bbox 2123 1608 2366 1682; x_wconf 84' lang='lat' dir='ltr'><strong>jamque</strong></span> <span class='ocrx_word' id='word_1_393' title='bbox 2398 1616 2468 1670; x_wconf 90' lang='lat' dir='ltr'><strong>ad</strong></span> <span class='ocrx_word' id='word_1_394' title='bbox 2500 1618 2771 1676; x_wconf 88' lang='lat' dir='ltr'><strong>Antiochi</strong></span> <span class='ocrx_word' id='word_1_395' title='bbox 2806 1626 3008 1684; x_wconf 89' lang='lat' dir='ltr'><strong>urbem</strong></span> <span class='ocrx_word' id='word_1_396' title='bbox 3044 1637 3415 1709; x_wconf 86' lang='lat' dir='ltr'><strong>properabat,</strong></span> 
     </span>
    </p>
   </div>
   <div class='ocr_carea' id='block_1_76' title="bbox 2129 1704 3236 1787">
    <p class='ocr_par' dir='ltr' id='par_1_76' title="bbox 2129 1704 3236 1787">
     <span class='ocr_line' id='line_1_77' title="bbox 2129 1704 3236 1787; baseline 0.023 -34"><span class='ocrx_word' id='word_1_397' title='bbox 2129 1715 2259 1756; x_wconf 92' lang='lat' dir='ltr'><strong>cum</strong></span> <span class='ocrx_word' id='word_1_398' title='bbox 2293 1704 2611 1763; x_wconf 76' lang='lat' dir='ltr'><strong>suffocatus</strong></span> <span class='ocrx_word' id='word_1_399' title='bbox 2642 1714 2750 1778; x_wconf 88' lang='lat' dir='ltr'><strong>est,</strong></span> <span class='ocrx_word' id='word_1_400' title='bbox 2785 1729 2816 1767; x_wconf 94' lang='grc' dir='ltr'><strong>ο</strong></span> <span class='ocrx_word' id='word_1_401' title='bbox 2848 1715 2947 1770; x_wconf 90' lang='lat' dir='ltr'><strong>Dei</strong></span> <span class='ocrx_word' id='word_1_402' title='bbox 2972 1718 3236 1787; x_wconf 80' lang='lat' dir='ltr'><strong>judicia!</strong></span> 
     </span>
    </p>
   </div>
   <div class='ocr_carea' id='block_1_77' title="bbox 2050 1787 3180 1878">
    <p class='ocr_par' dir='ltr' id='par_1_77' title="bbox 2050 1787 3180 1878">
     <span class='ocr_line' id='line_1_78' title="bbox 2050 1787 3180 1878; baseline 0.023 -39"><span class='ocrx_word' id='word_1_403' title='bbox 2050 1796 2097 1861; x_wconf 82' lang='grc' dir='ltr'><strong>Β</strong></span> <span class='ocrx_word' id='word_1_404' title='bbox 2130 1787 2349 1878; x_wconf 79' lang='lat' dir='ltr'><strong>rapidis</strong></span> <span class='ocrx_word' id='word_1_405' title='bbox 2382 1794 2559 1851; x_wconf 91' lang='lat' dir='ltr'><strong>undis</strong></span> <span class='ocrx_word' id='word_1_406' title='bbox 2589 1797 2853 1857; x_wconf 82' lang='lat' dir='ltr'><strong>fluminis</strong></span> <span class='ocrx_word' id='word_1_407' title='bbox 2881 1804 3180 1878; x_wconf 84' lang='lat' dir='ltr'><strong>abreptus.</strong></span> 
     </span>
    </p>
   </div>
   <div class='ocr_carea' id='block_1_78' title="bbox 2129 1877 3322 1971">
    <p class='ocr_par' dir='ltr' id='par_1_78' title="bbox 2129 1877 3322 1971">
     <span class='ocr_line' id='line_1_79' title="bbox 2129 1877 3322 1971; baseline 0.024 -41"><span class='ocrx_word' id='word_1_408' title='bbox 2129 1877 2319 1948; x_wconf 88' lang='lat' dir='ltr'><strong>Ipsius</strong></span> <span class='ocrx_word' id='word_1_409' title='bbox 2351 1886 2547 1939; x_wconf 89' lang='lat' dir='ltr'><strong>autem</strong></span> <span class='ocrx_word' id='word_1_410' title='bbox 2581 1886 2739 1945; x_wconf 84' lang='lat' dir='ltr'><strong>filius</strong></span> <span class='ocrx_word' id='word_1_411' title='bbox 2772 1877 3047 1966; x_wconf 88' lang='lat' dir='ltr'><strong>suscepto</strong></span> <span class='ocrx_word' id='word_1_412' title='bbox 3079 1897 3322 1971; x_wconf 91' lang='lat' dir='ltr'><strong>imperio</strong></span> 
     </span>
    </p>
   </div>
   <div class='ocr_carea' id='block_1_79' title="bbox 2126 1972 3412 2054">
    <p class='ocr_par' dir='ltr' id='par_1_79' title="bbox 2126 1972 3412 2054">
     <span class='ocr_line' id='line_1_80' title="bbox 2126 1972 3412 2054; baseline 0.023 -34"><span class='ocrx_word' id='word_1_413' title='bbox 2126 1981 2317 2038; x_wconf 89' lang='lat' dir='ltr'><strong>usque</strong></span> <span class='ocrx_word' id='word_1_414' title='bbox 2346 1972 2417 2026; x_wconf 91' lang='lat' dir='ltr'><strong>ad</strong></span> <span class='ocrx_word' id='word_1_415' title='bbox 2450 1974 2719 2032; x_wconf 87' lang='lat' dir='ltr'><strong>Antiochi</strong></span> <span class='ocrx_word' id='word_1_416' title='bbox 2753 1985 3130 2054; x_wconf 87' lang='lat' dir='ltr'><strong>progreditur</strong></span> <span class='ocrx_word' id='word_1_417' title='bbox 3159 1991 3362 2048; x_wconf 88' lang='lat' dir='ltr'><strong>urbem</strong></span> <span class='ocrx_word' id='word_1_418' title='bbox 3398 2012 3412 2049; x_wconf 94' lang='lat'><strong><em>:</em></strong></span> 
     </span>
    </p>
   </div>
   <div class='ocr_carea' id='block_1_80' title="bbox 2129 2058 3283 2147">
    <p class='ocr_par' dir='ltr' id='par_1_80' title="bbox 2129 2058 3283 2147">
     <span class='ocr_line' id='line_1_81' title="bbox 2129 2058 3283 2147; baseline 0.024 -38"><span class='ocrx_word' id='word_1_419' title='bbox 2129 2058 2282 2113; x_wconf 89' lang='lat' dir='ltr'><strong>unde</strong></span> <span class='ocrx_word' id='word_1_420' title='bbox 2313 2061 2383 2115; x_wconf 86' lang='lat' dir='ltr'><strong>ad</strong></span> <span class='ocrx_word' id='word_1_421' title='bbox 2418 2061 2685 2135; x_wconf 83' lang='lat' dir='ltr'><strong>Syriacas</strong></span> <span class='ocrx_word' id='word_1_422' title='bbox 2718 2085 2966 2143; x_wconf 86' lang='lat' dir='ltr'><strong>pergens</strong></span> <span class='ocrx_word' id='word_1_423' title='bbox 2996 2075 3283 2147; x_wconf 87' lang='lat' dir='ltr'><strong>civitates,</strong></span> 
     </span>
    </p>
   </div>
   <div class='ocr_carea' id='block_1_81' title="bbox 2127 2147 3315 2237">
    <p class='ocr_par' dir='ltr' id='par_1_81' title="bbox 2127 2147 3315 2237">
     <span class='ocr_line' id='line_1_82' title="bbox 2127 2147 3315 2237; baseline 0.024 -40"><span class='ocrx_word' id='word_1_424' title='bbox 2127 2147 2527 2237; x_wconf 58' lang='lat' dir='ltr'><strong>Agerenorum</strong></span> <span class='ocrx_word' id='word_1_425' title='bbox 2552 2154 2767 2228; x_wconf 90' lang='lat' dir='ltr'><strong>jugum</strong></span> <span class='ocrx_word' id='word_1_426' title='bbox 2796 2159 2867 2215; x_wconf 89' lang='lat' dir='ltr'><strong>ab</strong></span> <span class='ocrx_word' id='word_1_427' title='bbox 2898 2160 3014 2220; x_wconf 89' lang='lat' dir='ltr'><strong>illis</strong></span> <span class='ocrx_word' id='word_1_428' title='bbox 3045 2165 3271 2237; x_wconf 87' lang='lat' dir='ltr'><strong>depulit</strong></span> <span class='ocrx_word' id='word_1_429' title='bbox 3301 2187 3315 2226; x_wconf 88' lang='lat'><strong>:</strong></span> 
     </span>
    </p>
   </div>
   <div class='ocr_carea' id='block_1_82' title="bbox 2129 2232 3352 2327">
    <p class='ocr_par' dir='ltr' id='par_1_82' title="bbox 2129 2232 3352 2327">
     <span class='ocr_line' id='line_1_83' title="bbox 2129 2232 3352 2327; baseline 0.024 -40"><span class='ocrx_word' id='word_1_430' title='bbox 2129 2232 2461 2327; x_wconf 61' lang='lat' dir='ltr'><strong>_Christique</strong></span> <span class='ocrx_word' id='word_1_431' title='bbox 2491 2258 2672 2300; x_wconf 87' lang='lat' dir='ltr'><strong>causa</strong></span> <span class='ocrx_word' id='word_1_432' title='bbox 2702 2246 3023 2319; x_wconf 90' lang='lat' dir='ltr'><strong>plurimum</strong></span> <span class='ocrx_word' id='word_1_433' title='bbox 3056 2232 3352 2327; x_wconf 84' lang='lat' dir='ltr'><strong>laborans,</strong></span> 
     </span>
    </p>
   </div>
   <div class='ocr_carea' id='block_1_83' title="bbox 2128 2320 3364 2404">
    <p class='ocr_par' dir='ltr' id='par_1_83' title="bbox 2128 2320 3364 2404">
     <span class='ocr_line' id='line_1_84' title="bbox 2128 2320 3364 2404; baseline 0.023 -29"><span class='ocrx_word' id='word_1_434' title='bbox 2128 2320 2178 2377; x_wconf 90' lang='lat' dir='ltr'><strong>is</strong></span> <span class='ocrx_word' id='word_1_435' title='bbox 2210 2340 2443 2398; x_wconf 88' lang='lat' dir='ltr'><strong>quoque</strong></span> <span class='ocrx_word' id='word_1_436' title='bbox 2474 2330 2603 2386; x_wconf 71' lang='lat' dir='ltr'><strong>vitis</strong></span> <span class='ocrx_word' id='word_1_437' title='bbox 2634 2336 2954 2395; x_wconf 87' lang='lat' dir='ltr'><strong>terminum</strong></span> <span class='ocrx_word' id='word_1_438' title='bbox 2986 2341 3105 2398; x_wconf 89' lang='lat' dir='ltr'><strong>illic</strong></span> <span class='ocrx_word' id='word_1_439' title='bbox 3136 2320 3364 2404; x_wconf 76' lang='lat' dir='ltr'><strong>habuit.</strong></span> 
     </span>
    </p>
   </div>
   <div class='ocr_carea' id='block_1_84' title="bbox 2127 2411 3223 2492">
    <p class='ocr_par' dir='ltr' id='par_1_84' title="bbox 2127 2411 3223 2492">
     <span class='ocr_line' id='line_1_85' title="bbox 2127 2411 3223 2492; baseline 0.024 -26"><span class='ocrx_word' id='word_1_440' title='bbox 2127 2411 2277 2470; x_wconf 89' lang='lat' dir='ltr'><strong>Tum</strong></span> <span class='ocrx_word' id='word_1_441' title='bbox 2308 2417 2621 2477; x_wconf 84' lang='lat' dir='ltr'><strong>Alamanni</strong></span> <span class='ocrx_word' id='word_1_442' title='bbox 2653 2426 2901 2485; x_wconf 88' lang='lat' dir='ltr'><strong>navibus</strong></span> <span class='ocrx_word' id='word_1_443' title='bbox 2931 2430 3223 2492; x_wconf 87' lang='lat' dir='ltr'><strong>inscensis</strong></span> 
     </span>
    </p>
   </div>
   <div class='ocr_carea' id='block_1_85' title="bbox 2130 2504 3266 2584">
    <p class='ocr_par' dir='ltr' id='par_1_85' title="bbox 2130 2504 3266 2584">
     <span class='ocr_line' id='line_1_86' title="bbox 2130 2504 3266 2584; baseline 0.023 -28"><span class='ocrx_word' id='word_1_444' title='bbox 2130 2504 2342 2561; x_wconf 86' lang='lat' dir='ltr'><strong>reversi</strong></span> <span class='ocrx_word' id='word_1_445' title='bbox 2374 2514 2512 2564; x_wconf 90' lang='lat' dir='ltr'><strong>sunt</strong></span> <span class='ocrx_word' id='word_1_446' title='bbox 2544 2510 2599 2566; x_wconf 92' lang='lat' dir='ltr'><strong>in</strong></span> <span class='ocrx_word' id='word_1_447' title='bbox 2636 2514 2884 2584; x_wconf 87' lang='lat' dir='ltr'><strong>patriam</strong></span> <span class='ocrx_word' id='word_1_448' title='bbox 2919 2519 3266 2582; x_wconf 87' lang='lat' dir='ltr'><strong>incolumes.</strong></span> 
     </span>
    </p>
   </div>
   <div class='ocr_carea' id='block_1_86' title="bbox 2134 2776 3484 2858">
    <p class='ocr_par' dir='ltr' id='par_1_86' title="bbox 2134 2776 3484 2858">
     <span class='ocr_line' id='line_1_87' title="bbox 2134 2776 3484 2858; baseline 0.02 -27"><span class='ocrx_word' id='word_1_449' title='bbox 2134 2776 2252 2834; x_wconf 83' lang='lat' dir='ltr'><strong>Rex</strong></span> <span class='ocrx_word' id='word_1_450' title='bbox 2282 2794 2516 2852; x_wconf 92' lang='lat' dir='ltr'><strong>quoque</strong></span> <span class='ocrx_word' id='word_1_451' title='bbox 2546 2784 2743 2841; x_wconf 62' lang='lat' dir='ltr'><strong>Galliae</strong></span> <span class='ocrx_word' id='word_1_452' title='bbox 2775 2791 2831 2843; x_wconf 91' lang='lat' dir='ltr'><strong>et</strong></span> <span class='ocrx_word' id='word_1_453' title='bbox 2861 2790 3174 2849; x_wconf 70' lang='lat' dir='ltr'><strong>Britanniae</strong></span> <span class='ocrx_word' id='word_1_454' title='bbox 3207 2796 3484 2858; x_wconf 90' lang='lat' dir='ltr'><strong>dominus</strong></span> 
     </span>
    </p>
   </div>
   <div class='ocr_carea' id='block_1_87' title="bbox 2134 2866 3385 2954">
    <p class='ocr_par' dir='ltr' id='par_1_87' title="bbox 2134 2866 3385 2954">
     <span class='ocr_line' id='line_1_88' title="bbox 2134 2866 3385 2954; baseline 0.019 -36"><span class='ocrx_word' id='word_1_455' title='bbox 2134 2879 2266 2921; x_wconf 89' lang='lat' dir='ltr'><strong>cum</strong></span> <span class='ocrx_word' id='word_1_456' title='bbox 2298 2866 2589 2927; x_wconf 87' lang='lat' dir='ltr'><strong>classibus</strong></span> <span class='ocrx_word' id='word_1_457' title='bbox 2620 2876 2862 2932; x_wconf 82' lang='lat' dir='ltr'><strong>armatis</strong></span> <span class='ocrx_word' id='word_1_458' title='bbox 2891 2890 3385 2954; x_wconf 89' lang='lat' dir='ltr'><strong>supervenerunt;</strong></span> 
     </span>
    </p>
   </div>
   <div class='ocr_carea' id='block_1_88' title="bbox 2134 2964 3462 3035">
    <p class='ocr_par' dir='ltr' id='par_1_88' title="bbox 2134 2964 3462 3035">
     <span class='ocr_line' id='line_1_89' title="bbox 2134 2964 3462 3035; baseline 0.019 -27"><span class='ocrx_word' id='word_1_459' title='bbox 2134 2971 2386 3029; x_wconf 89' lang='lat' dir='ltr'><strong>cumque</strong></span> <span class='ocrx_word' id='word_1_460' title='bbox 2416 2964 2713 3032; x_wconf 87' lang='lat' dir='ltr'><strong>Agarenos</strong></span> <span class='ocrx_word' id='word_1_461' title='bbox 2743 2965 2958 3035; x_wconf 90' lang='lat' dir='ltr'><strong>pellere</strong></span> <span class='ocrx_word' id='word_1_462' title='bbox 2987 2985 3056 3024; x_wconf 88' lang='lat' dir='ltr'><strong>ex</strong></span> <span class='ocrx_word' id='word_1_463' title='bbox 3086 2972 3228 3029; x_wconf 89' lang='lat' dir='ltr'><strong>urbe</strong></span> <span class='ocrx_word' id='word_1_464' title='bbox 3257 2981 3462 3033; x_wconf 86' lang='lat' dir='ltr'><strong>sancta</strong></span> 
     </span>
    </p>
   </div>
   <div class='ocr_carea' id='block_1_89' title="bbox 2133 3043 3549 3138">
    <p class='ocr_par' dir='ltr' id='par_1_89' title="bbox 2133 3043 3549 3138">
     <span class='ocr_line' id='line_1_90' title="bbox 2133 3043 3549 3138; baseline 0.018 -41"><span class='ocrx_word' id='word_1_465' title='bbox 2133 3043 2350 3102; x_wconf 82' lang='lat' dir='ltr'><strong>frustra</strong></span> <span class='ocrx_word' id='word_1_466' title='bbox 2381 3051 2724 3122; x_wconf 87' lang='lat' dir='ltr'><strong>tentassent,</strong></span> <span class='ocrx_word' id='word_1_467' title='bbox 2760 3058 2823 3109; x_wconf 91' lang='lat' dir='ltr'><strong>ut</strong></span> <span class='ocrx_word' id='word_1_468' title='bbox 2851 3055 3201 3116; x_wconf 86' lang='lat' dir='ltr'><strong>Christianis</strong></span> <span class='ocrx_word' id='word_1_469' title='bbox 3232 3065 3549 3138; x_wconf 85' lang='lat' dir='ltr'><strong>traderent,</strong></span> 
     </span>
    </p>
   </div>
   <div class='ocr_carea' id='block_1_90' title="bbox 2049 3133 3512 3216">
    <p class='ocr_par' dir='ltr' id='par_1_90' title="bbox 2049 3133 3512 3216">
     <span class='ocr_line' id='line_1_91' title="bbox 2049 3133 3512 3216; baseline 0.018 -32"><span class='ocrx_word' id='word_1_470' title='bbox 2049 3150 2095 3216; x_wconf 72' lang='grc' dir='ltr'>ο</span> <span class='ocrx_word' id='word_1_471' title='bbox 2135 3133 2362 3190; x_wconf 88' lang='lat' dir='ltr'><strong>marino</strong></span> <span class='ocrx_word' id='word_1_472' title='bbox 2395 3153 2629 3194; x_wconf 89' lang='lat' dir='ltr'><strong>rursum</strong></span> <span class='ocrx_word' id='word_1_473' title='bbox 2662 3156 2838 3196; x_wconf 90' lang='lat' dir='ltr'><strong>cursu</strong></span> <span class='ocrx_word' id='word_1_474' title='bbox 2872 3142 2928 3198; x_wconf 92' lang='lat' dir='ltr'><strong>in</strong></span> <span class='ocrx_word' id='word_1_475' title='bbox 2962 3146 3213 3215; x_wconf 88' lang='lat' dir='ltr'><strong>patriam</strong></span> <span class='ocrx_word' id='word_1_476' title='bbox 3244 3152 3512 3212; x_wconf 88' lang='lat' dir='ltr'><strong>redeunt.</strong></span> 
     </span>
    </p>
   </div>
   <div class='ocr_carea' id='block_1_91' title="bbox 2135 3225 3339 3301">
    <p class='ocr_par' dir='ltr' id='par_1_91' title="bbox 2135 3225 3339 3301">
     <span class='ocr_line' id='line_1_92' title="bbox 2135 3225 3339 3301; baseline 0.017 -26"><span class='ocrx_word' id='word_1_477' title='bbox 2135 3225 2321 3278; x_wconf 88' lang='lat' dir='ltr'><strong>Antea</strong></span> <span class='ocrx_word' id='word_1_478' title='bbox 2350 3228 2546 3282; x_wconf 88' lang='lat' dir='ltr'><strong>tamen</strong></span> <span class='ocrx_word' id='word_1_479' title='bbox 2579 3227 2637 3282; x_wconf 92' lang='lat' dir='ltr'><strong>in</strong></span> <span class='ocrx_word' id='word_1_480' title='bbox 2670 3232 2925 3301; x_wconf 87' lang='lat' dir='ltr'><strong>Cyprum</strong></span> <span class='ocrx_word' id='word_1_481' title='bbox 2957 3238 3339 3297; x_wconf 84' lang='lat' dir='ltr'><strong>exscenderat</strong></span> 
     </span>
    </p>
   </div>
   <div class='ocr_carea' id='block_1_92' title="bbox 2134 3311 3422 3399">
    <p class='ocr_par' dir='ltr' id='par_1_92' title="bbox 2134 3311 3422 3399">
     <span class='ocr_line' id='line_1_93' title="bbox 2134 3311 3422 3399; baseline 0.019 -35"><span class='ocrx_word' id='word_1_482' title='bbox 2134 3311 2457 3384; x_wconf 85' lang='lat' dir='ltr'><strong>Anglorum</strong></span> <span class='ocrx_word' id='word_1_483' title='bbox 2491 3332 2610 3384; x_wconf 86' lang='lat' dir='ltr'><strong>rex,</strong></span> <span class='ocrx_word' id='word_1_484' title='bbox 2643 3322 2700 3374; x_wconf 89' lang='lat' dir='ltr'><strong>et</strong></span> <span class='ocrx_word' id='word_1_485' title='bbox 2730 3320 2929 3379; x_wconf 90' lang='lat' dir='ltr'><strong>insula</strong></span> <span class='ocrx_word' id='word_1_486' title='bbox 2958 3326 3182 3396; x_wconf 88' lang='lat' dir='ltr'><strong>potitus</strong></span> <span class='ocrx_word' id='word_1_487' title='bbox 3213 3328 3422 3399; x_wconf 81' lang='lat' dir='ltr'><strong>fuerat,</strong></span> 
     </span>
    </p>
   </div>
   <div class='ocr_carea' id='block_1_93' title="bbox 2136 3401 3326 3481">
    <p class='ocr_par' dir='ltr' id='par_1_93' title="bbox 2136 3401 3326 3481">
     <span class='ocr_line' id='line_1_94' title="bbox 2136 3401 3326 3481; baseline 0.016 -25"><span class='ocrx_word' id='word_1_488' title='bbox 2136 3401 2380 3474; x_wconf 85' lang='lat' dir='ltr'><strong>ejusque</strong></span> <span class='ocrx_word' id='word_1_489' title='bbox 2407 3403 2616 3463; x_wconf 90' lang='lat' dir='ltr'><strong>vinelis</strong></span> <span class='ocrx_word' id='word_1_490' title='bbox 2648 3411 2965 3481; x_wconf 82' lang='lat' dir='ltr'><strong>tyrannum</strong></span> <span class='ocrx_word' id='word_1_491' title='bbox 3001 3415 3326 3475; x_wconf 87' lang='lat' dir='ltr'><strong>tradiderat</strong></span> 
     </span>
    </p>
   </div>
   <div class='ocr_carea' id='block_1_94' title="bbox 2136 3492 3504 3568">
    <p class='ocr_par' dir='ltr' id='par_1_94' title="bbox 2136 3492 3504 3568">
     <span class='ocr_line' id='line_1_95' title="bbox 2136 3492 3504 3568; baseline 0.016 -23"><span class='ocrx_word' id='word_1_492' title='bbox 2136 3492 2503 3550; x_wconf 86' lang='lat' dir='ltr'><strong>Comnenum</strong></span> <span class='ocrx_word' id='word_1_493' title='bbox 2534 3496 2843 3568; x_wconf 88' lang='lat' dir='ltr'><strong>Isaacium,</strong></span> <span class='ocrx_word' id='word_1_494' title='bbox 2876 3502 3168 3560; x_wconf 89' lang='lat' dir='ltr'><strong>novellum</strong></span> <span class='ocrx_word' id='word_1_495' title='bbox 3203 3506 3504 3567; x_wconf 91' lang='lat' dir='ltr'><strong>Echetum.</strong></span> 
     </span>
    </p>
   </div>
   <div class='ocr_carea' id='block_1_95' title="bbox 2137 3580 3304 3665">
    <p class='ocr_par' dir='ltr' id='par_1_95' title="bbox 2137 3580 3304 3665">
     <span class='ocr_line' id='line_1_96' title="bbox 2137 3580 3304 3665; baseline 0.015 -30"><span class='ocrx_word' id='word_1_496' title='bbox 2137 3580 2284 3637; x_wconf 89' lang='lat' dir='ltr'><strong>Tum</strong></span> <span class='ocrx_word' id='word_1_497' title='bbox 2316 3583 2643 3643; x_wconf 87' lang='lat' dir='ltr'><strong>Palestinas</strong></span> <span class='ocrx_word' id='word_1_498' title='bbox 2676 3589 2958 3659; x_wconf 82' lang='lat' dir='ltr'><strong>navigans</strong></span> <span class='ocrx_word' id='word_1_499' title='bbox 2992 3594 3063 3648; x_wconf 88' lang='lat' dir='ltr'><strong>ad</strong></span> <span class='ocrx_word' id='word_1_500' title='bbox 3098 3598 3304 3665; x_wconf 89' lang='lat' dir='ltr'><strong>terras,</strong></span> 
     </span>
    </p>
   </div>
   <div class='ocr_carea' id='block_1_96' title="bbox 2138 3671 3347 3755">
    <p class='ocr_par' dir='ltr' id='par_1_96' title="bbox 2138 3671 3347 3755">
     <span class='ocr_line' id='line_1_97' title="bbox 2138 3671 3347 3755; baseline 0.015 -31"><span class='ocrx_word' id='word_1_501' title='bbox 2138 3671 2478 3741; x_wconf 61' lang='lat' dir='ltr'><strong>prasidium</strong></span> <span class='ocrx_word' id='word_1_502' title='bbox 2509 3691 2685 3732; x_wconf 91' lang='lat' dir='ltr'><strong>suum</strong></span> <span class='ocrx_word' id='word_1_503' title='bbox 2719 3676 2777 3732; x_wconf 89' lang='lat' dir='ltr'><strong>in</strong></span> <span class='ocrx_word' id='word_1_504' title='bbox 2809 3678 2995 3751; x_wconf 77' lang='lat' dir='ltr'><strong>Cypro</strong></span> <span class='ocrx_word' id='word_1_505' title='bbox 3027 3681 3347 3755; x_wconf 90' lang='lat' dir='ltr'><strong>reliquerat</strong></span> 
     </span>
    </p>
   </div>
   <div class='ocr_carea' id='block_1_97' title="bbox 2138 3761 3440 3845">
    <p class='ocr_par' dir='ltr' id='par_1_97' title="bbox 2138 3761 3440 3845">
     <span class='ocr_line' id='line_1_98' title="bbox 2138 3761 3440 3845; baseline 0.015 -31"><span class='ocrx_word' id='word_1_506' title='bbox 2138 3761 2642 3831; x_wconf 87' lang='lat' dir='ltr'><strong>Germanicorum,</strong></span> <span class='ocrx_word' id='word_1_507' title='bbox 2670 3766 2939 3839; x_wconf 90' lang='lat' dir='ltr'><strong>inquam,</strong></span> <span class='ocrx_word' id='word_1_508' title='bbox 2971 3786 3071 3827; x_wconf 85' lang='lat' dir='ltr'><strong>rex</strong></span> <span class='ocrx_word' id='word_1_509' title='bbox 3103 3773 3440 3845; x_wconf 79' lang='lat' dir='ltr'><strong>Anglorum,</strong></span> 
     </span>
    </p>
   </div>
   <div class='ocr_carea' id='block_1_98' title="bbox 2141 3850 3351 3930">
    <p class='ocr_par' dir='ltr' id='par_1_98' title="bbox 2141 3850 3351 3930">
     <span class='ocr_line' id='line_1_99' title="bbox 2141 3850 3351 3930; baseline 0.013 -27"><span class='ocrx_word' id='word_1_510' title='bbox 2141 3850 2385 3922; x_wconf 88' lang='lat' dir='ltr'><strong>ejusque</strong></span> <span class='ocrx_word' id='word_1_511' title='bbox 2417 3852 2725 3910; x_wconf 89' lang='lat' dir='ltr'><strong>dominum</strong></span> <span class='ocrx_word' id='word_1_512' title='bbox 2759 3874 2821 3913; x_wconf 89' lang='lat' dir='ltr'><strong>se</strong></span> <span class='ocrx_word' id='word_1_513' title='bbox 2851 3860 3091 3930; x_wconf 87' lang='lat' dir='ltr'><strong>gerebat</strong></span> <span class='ocrx_word' id='word_1_514' title='bbox 3123 3861 3351 3930; x_wconf 68' lang='lat' dir='ltr'><strong>insulae,</strong></span> 
     </span>
    </p>
   </div>
   <div class='ocr_carea' id='block_1_99' title="bbox 2141 3944 3407 4011">
    <p class='ocr_par' dir='ltr' id='par_1_99' title="bbox 2141 3944 3407 4011">
     <span class='ocr_line' id='line_1_100' title="bbox 2141 3944 3407 4011; baseline 0.013 -17"><span class='ocrx_word' id='word_1_515' title='bbox 2141 3944 2199 3995; x_wconf 88' lang='lat' dir='ltr'><strong>et</strong></span> <span class='ocrx_word' id='word_1_516' title='bbox 2228 3946 2621 4000; x_wconf 88' lang='lat' dir='ltr'><strong>commeatum</strong></span> <span class='ocrx_word' id='word_1_517' title='bbox 2656 3945 2826 4003; x_wconf 84' lang='lat' dir='ltr'><strong>militi</strong></span> <span class='ocrx_word' id='word_1_518' title='bbox 2858 3946 2995 4004; x_wconf 87' lang='lat' dir='ltr'><strong>hinc</strong></span> <span class='ocrx_word' id='word_1_519' title='bbox 3027 3951 3407 4011; x_wconf 88' lang='lat' dir='ltr'><strong>subvehebat.</strong></span> 
     </span>
    </p>
   </div>
   <div class='ocr_carea' id='block_1_100' title="bbox 2140 4029 3339 4112">
    <p class='ocr_par' dir='ltr' id='par_1_100' title="bbox 2140 4029 3339 4112">
     <span class='ocr_line' id='line_1_101' title="bbox 2140 4029 3339 4112; baseline 0.013 -29"><span class='ocrx_word' id='word_1_520' title='bbox 2140 4029 2358 4087; x_wconf 88' lang='lat' dir='ltr'><strong>Verum</strong></span> <span class='ocrx_word' id='word_1_521' title='bbox 2390 4033 2449 4089; x_wconf 90' lang='lat' dir='ltr'><strong>in</strong></span> <span class='ocrx_word' id='word_1_522' title='bbox 2481 4034 2727 4105; x_wconf 85' lang='lat' dir='ltr'><strong>patriam</strong></span> <span class='ocrx_word' id='word_1_523' title='bbox 2762 4052 3105 4095; x_wconf 87' lang='lat' dir='ltr'><strong>reversurus</strong></span> <span class='ocrx_word' id='word_1_524' title='bbox 3137 4047 3339 4112; x_wconf 88' lang='lat' dir='ltr'><strong>postea</strong></span> 
     </span>
    </p>
   </div>
   <div class='ocr_carea' id='block_1_101' title="bbox 2141 4121 3193 4202">
    <p class='ocr_par' dir='ltr' id='par_1_101' title="bbox 2141 4121 3193 4202">
     <span class='ocr_line' id='line_1_102' title="bbox 2141 4121 3193 4202; baseline 0.01 -28"><span class='ocrx_word' id='word_1_525' title='bbox 2141 4121 2397 4192; x_wconf 84' lang='lat' dir='ltr'><strong>Cyprum</strong></span> <span class='ocrx_word' id='word_1_526' title='bbox 2431 4123 2668 4179; x_wconf 88' lang='lat' dir='ltr'><strong>donavit</strong></span> <span class='ocrx_word' id='word_1_527' title='bbox 2696 4125 3007 4184; x_wconf 67' lang='lat' dir='ltr'><strong>Palaestino</strong></span> <span class='ocrx_word' id='word_1_528' title='bbox 3040 4128 3193 4202; x_wconf 83' lang='lat' dir='ltr'><strong>regi;</strong></span> 
     </span>
    </p>
   </div>
   <div class='ocr_carea' id='block_1_102' title="bbox 2145 4208 3331 4291">
    <p class='ocr_par' dir='ltr' id='par_1_102' title="bbox 2145 4208 3331 4291">
     <span class='ocr_line' id='line_1_103' title="bbox 2145 4208 3331 4291; baseline 0.012 -28"><span class='ocrx_word' id='word_1_529' title='bbox 2145 4212 2208 4264; x_wconf 91' lang='lat' dir='ltr'><strong>ut</strong></span> <span class='ocrx_word' id='word_1_530' title='bbox 2237 4208 2357 4266; x_wconf 89' lang='lat' dir='ltr'><strong>illic</strong></span> <span class='ocrx_word' id='word_1_531' title='bbox 2388 4211 2549 4283; x_wconf 90' lang='lat' dir='ltr'><strong>pacis</strong></span> <span class='ocrx_word' id='word_1_532' title='bbox 2576 4216 2840 4287; x_wconf 90' lang='lat' dir='ltr'><strong>tempore</strong></span> <span class='ocrx_word' id='word_1_533' title='bbox 2866 4215 3047 4274; x_wconf 88' lang='lat' dir='ltr'><strong>vitam</strong></span> <span class='ocrx_word' id='word_1_534' title='bbox 3083 4224 3331 4291; x_wconf 87' lang='lat' dir='ltr'><strong>gereret,</strong></span> 
     </span>
    </p>
   </div>
   <div class='ocr_carea' id='block_1_103' title="bbox 2145 4299 3328 4383">
    <p class='ocr_par' dir='ltr' id='par_1_103' title="bbox 2145 4299 3328 4383">
     <span class='ocr_line' id='line_1_104' title="bbox 2145 4299 3328 4383; baseline 0.013 -31"><span class='ocrx_word' id='word_1_535' title='bbox 2145 4300 2300 4369; x_wconf 88' lang='lat' dir='ltr'><strong>quod</strong></span> <span class='ocrx_word' id='word_1_536' title='bbox 2333 4299 2447 4373; x_wconf 89' lang='lat' dir='ltr'><strong>ipsi</strong></span> <span class='ocrx_word' id='word_1_537' title='bbox 2476 4318 2725 4376; x_wconf 88' lang='lat' dir='ltr'><strong>regnum</strong></span> <span class='ocrx_word' id='word_1_538' title='bbox 2752 4304 2960 4362; x_wconf 88' lang='lat' dir='ltr'><strong>tribuit</strong></span> <span class='ocrx_word' id='word_1_539' title='bbox 2990 4308 3200 4365; x_wconf 75' lang='lat' dir='ltr'><strong>affectu</strong></span> <span class='ocrx_word' id='word_1_540' title='bbox 3234 4311 3328 4383; x_wconf 90' lang='lat' dir='ltr'><strong>pio</strong></span> 
     </span>
    </p>
   </div>
   <div class='ocr_carea' id='block_1_104' title="bbox 2146 4390 3363 4470">
    <p class='ocr_par' dir='ltr' id='par_1_104' title="bbox 2146 4390 3363 4470">
     <span class='ocr_line' id='line_1_105' title="bbox 2146 4390 3363 4470; baseline 0.012 -28"><span class='ocrx_word' id='word_1_541' title='bbox 2146 4392 2383 4460; x_wconf 87' lang='lat' dir='ltr'><strong>propter</strong></span> <span class='ocrx_word' id='word_1_542' title='bbox 2411 4390 2707 4447; x_wconf 86' lang='lat' dir='ltr'><strong>vivificum</strong></span> <span class='ocrx_word' id='word_1_543' title='bbox 2735 4394 2966 4450; x_wconf 89' lang='lat' dir='ltr'><strong>Domini</strong></span> <span class='ocrx_word' id='word_1_544' title='bbox 3001 4397 3363 4470; x_wconf 88' lang='lat' dir='ltr'><strong>sepulcrum,</strong></span> 
     </span>
    </p>
   </div>
   <div class='ocr_carea' id='block_1_105' title="bbox 2073 4478 3203 4561">
    <p class='ocr_par' dir='ltr' id='par_1_105' title="bbox 2073 4478 3203 4561">
     <span class='ocr_line' id='line_1_106' title="bbox 2073 4478 3203 4561; baseline 0.011 -28"><span class='ocrx_word' id='word_1_545' title='bbox 2073 4496 2116 4561; x_wconf 71' lang='grc' dir='ltr'>θ</span> <span class='ocrx_word' id='word_1_546' title='bbox 2149 4478 2289 4550; x_wconf 86' lang='lat' dir='ltr'><strong>quia</strong></span> <span class='ocrx_word' id='word_1_547' title='bbox 2318 4497 2496 4552; x_wconf 90' lang='lat' dir='ltr'><strong>prope</strong></span> <span class='ocrx_word' id='word_1_548' title='bbox 2526 4481 2848 4540; x_wconf 66' lang='lat' dir='ltr'><strong>Palaestinae</strong></span> <span class='ocrx_word' id='word_1_549' title='bbox 2878 4486 3025 4542; x_wconf 83' lang='lat' dir='ltr'><strong>fines</strong></span> <span class='ocrx_word' id='word_1_550' title='bbox 3056 4493 3203 4545; x_wconf 88' lang='lat' dir='ltr'><strong>erat.</strong></span> 
     </span>
    </p>
   </div>
   <div class='ocr_carea' id='block_1_106' title="bbox 2152 4568 3334 4651">
    <p class='ocr_par' dir='ltr' id='par_1_106' title="bbox 2152 4568 3334 4651">
     <span class='ocr_line' id='line_1_107' title="bbox 2152 4568 3334 4651; baseline 0.01 -28"><span class='ocrx_word' id='word_1_551' title='bbox 2152 4568 2390 4625; x_wconf 87' lang='lat' dir='ltr'><strong>Interim</strong></span> <span class='ocrx_word' id='word_1_552' title='bbox 2422 4569 2742 4643; x_wconf 87' lang='lat' dir='ltr'><strong>imperator</strong></span> <span class='ocrx_word' id='word_1_553' title='bbox 2773 4591 2877 4630; x_wconf 89' lang='lat' dir='ltr'><strong>sus</strong></span> <span class='ocrx_word' id='word_1_554' title='bbox 2902 4576 3094 4648; x_wconf 92' lang='lat' dir='ltr'><strong>deque</strong></span> <span class='ocrx_word' id='word_1_555' title='bbox 3123 4578 3334 4651; x_wconf 88' lang='lat' dir='ltr'><strong>agebat</strong></span> 
     </span>
    </p>
   </div>
   <div class='ocr_carea' id='block_1_107' title="bbox 2148 4660 3494 4743">
    <p class='ocr_par' dir='ltr' id='par_1_107' title="bbox 2148 4660 3494 4743">
     <span class='ocr_line' id='line_1_108' title="bbox 2148 4660 3494 4743; baseline 0.01 -30"><span class='ocrx_word' id='word_1_556' title='bbox 2148 4664 2359 4716; x_wconf 87' lang='lat' dir='ltr'><strong>cuncta</strong></span> <span class='ocrx_word' id='word_1_557' title='bbox 2388 4660 2650 4717; x_wconf 88' lang='lat' dir='ltr'><strong>humana</strong></span> <span class='ocrx_word' id='word_1_558' title='bbox 2679 4667 2736 4718; x_wconf 90' lang='lat' dir='ltr'><strong>et</strong></span> <span class='ocrx_word' id='word_1_559' title='bbox 2766 4662 2963 4721; x_wconf 86' lang='lat' dir='ltr'><strong>divina</strong></span> <span class='ocrx_word' id='word_1_560' title='bbox 2995 4665 3208 4739; x_wconf 84' lang='lat' dir='ltr'><strong>ferens,</strong></span> <span class='ocrx_word' id='word_1_561' title='bbox 3242 4671 3494 4743; x_wconf 81' lang='lat' dir='ltr'><strong>rapiens,</strong></span> 
     </span>
    </p>
   </div>
   <div class='ocr_carea' id='block_1_108' title="bbox 2149 4751 3639 4831">
    <p class='ocr_par' dir='ltr' id='par_1_108' title="bbox 2149 4751 3639 4831">
     <span class='ocr_line' id='line_1_109' title="bbox 2149 4751 3639 4831; baseline 0.011 -28"><span class='ocrx_word' id='word_1_562' title='bbox 2149 4753 2541 4820; x_wconf 89' lang='lat' dir='ltr'><strong>commutans,</strong></span> <span class='ocrx_word' id='word_1_563' title='bbox 2575 4754 2640 4807; x_wconf 89' lang='lat' dir='ltr'><strong>ut</strong></span> <span class='ocrx_word' id='word_1_564' title='bbox 2671 4751 2736 4808; x_wconf 84' lang='lat' dir='ltr'><strong>ﬁt</strong></span> <span class='ocrx_word' id='word_1_565' title='bbox 2766 4753 2825 4808; x_wconf 93' lang='lat' dir='ltr'><strong>in</strong></span> <span class='ocrx_word' id='word_1_566' title='bbox 2857 4754 3069 4824; x_wconf 90' lang='lat' dir='ltr'><strong>scenis,</strong></span> <span class='ocrx_word' id='word_1_567' title='bbox 3103 4773 3206 4829; x_wconf 88' lang='lat' dir='ltr'><strong>pro</strong></span> <span class='ocrx_word' id='word_1_568' title='bbox 3238 4774 3345 4815; x_wconf 89' lang='lat' dir='ltr'><strong>suo</strong></span> <span class='ocrx_word' id='word_1_569' title='bbox 3379 4761 3639 4831; x_wconf 87' lang='lat' dir='ltr'><strong>arbitrio,</strong></span> 
     </span>
    </p>
   </div>
   <div class='ocr_carea' id='block_1_109' title="bbox 2149 4837 3234 4913">
    <p class='ocr_par' dir='ltr' id='par_1_109' title="bbox 2149 4837 3234 4913">
     <span class='ocr_line' id='line_1_110' title="bbox 2149 4837 3234 4913; baseline 0.008 -22"><span class='ocrx_word' id='word_1_570' title='bbox 2149 4852 2385 4893; x_wconf 88' lang='lat' dir='ltr'><strong>summa</strong></span> <span class='ocrx_word' id='word_1_571' title='bbox 2413 4837 2685 4894; x_wconf 88' lang='lat' dir='ltr'><strong>videlicet</strong></span> <span class='ocrx_word' id='word_1_572' title='bbox 2717 4840 2899 4897; x_wconf 89' lang='lat' dir='ltr'><strong>frctus</strong></span> <span class='ocrx_word' id='word_1_573' title='bbox 2929 4846 3234 4913; x_wconf 89' lang='lat' dir='ltr'><strong>potestate.</strong></span> 
     </span>
    </p>
   </div>
   <div class='ocr_carea' id='block_1_110' title="bbox 2149 4925 3106 5000">
    <p class='ocr_par' dir='ltr' id='par_1_110' title="bbox 2149 4925 3106 5000">
     <span class='ocr_line' id='line_1_111' title="bbox 2149 4925 3106 5000; baseline 0.008 -19"><span class='ocrx_word' id='word_1_574' title='bbox 2149 4925 2295 4982; x_wconf 89' lang='lat' dir='ltr'><strong>Sede</strong></span> <span class='ocrx_word' id='word_1_575' title='bbox 2323 4926 2535 4997; x_wconf 88' lang='lat' dir='ltr'><strong>dejecit</strong></span> <span class='ocrx_word' id='word_1_576' title='bbox 2560 4927 2786 5000; x_wconf 88' lang='lat' dir='ltr'><strong>injusta</strong></span> <span class='ocrx_word' id='word_1_577' title='bbox 2814 4931 3106 4989; x_wconf 87' lang='lat' dir='ltr'><strong>sententia</strong></span> 
     </span>
    </p>
   </div>
   <div class='ocr_carea' id='block_1_111' title="bbox 2149 5014 3312 5093">
    <p class='ocr_par' dir='ltr' id='par_1_111' title="bbox 2149 5014 3312 5093">
     <span class='ocr_line' id='line_1_112' title="bbox 2149 5014 3312 5093; baseline 0.008 -23"><span class='ocrx_word' id='word_1_578' title='bbox 2149 5014 2522 5074; x_wconf 87' lang='lat' dir='ltr'><strong>Camaterum</strong></span> <span class='ocrx_word' id='word_1_579' title='bbox 2553 5018 2837 5076; x_wconf 83' lang='lat' dir='ltr'><strong>Basiliam</strong></span> <span class='ocrx_word' id='word_1_580' title='bbox 2867 5021 3262 5093; x_wconf 87' lang='lat' dir='ltr'><strong>patriarcham</strong></span> <span class='ocrx_word' id='word_1_581' title='bbox 3299 5042 3312 5079; x_wconf 90' lang='lat'><strong>:</strong></span> 
     </span>
    </p>
   </div>
   <div class='ocr_carea' id='block_1_112' title="bbox 2151 5104 3240 5179">
    <p class='ocr_par' dir='ltr' id='par_1_112' title="bbox 2151 5104 3240 5179">
     <span class='ocr_line' id='line_1_113' title="bbox 2151 5104 3240 5179; baseline 0.01 -21"><span class='ocrx_word' id='word_1_582' title='bbox 2151 5104 2575 5179; x_wconf 87' lang='lat' dir='ltr'><strong>substituitque</strong></span> <span class='ocrx_word' id='word_1_583' title='bbox 2609 5106 2869 5167; x_wconf 85' lang='lat' dir='ltr'><strong>Nicetam</strong></span> <span class='ocrx_word' id='word_1_584' title='bbox 2895 5114 3240 5169; x_wconf 85' lang='lat' dir='ltr'><strong>Montanum</strong></span> 
     </span>
    </p>
   </div>
   <div class='ocr_carea' id='block_1_113' title="bbox 2150 5193 3504 5276">
    <p class='ocr_par' dir='ltr' id='par_1_113' title="bbox 2150 5193 3504 5276">
     <span class='ocr_line' id='line_1_114' title="bbox 2150 5193 3504 5276; baseline 0.01 -27"><span class='ocrx_word' id='word_1_585' title='bbox 2150 5193 2234 5250; x_wconf 83' lang='lat' dir='ltr'><strong>vel</strong></span> <span class='ocrx_word' id='word_1_586' title='bbox 2266 5195 2459 5267; x_wconf 88' lang='lat' dir='ltr'><strong>potius</strong></span> <span class='ocrx_word' id='word_1_587' title='bbox 2491 5198 2913 5270; x_wconf 89' lang='lat' dir='ltr'><strong>depontanum,</strong></span> <span class='ocrx_word' id='word_1_588' title='bbox 2947 5202 3275 5260; x_wconf 87' lang='lat' dir='ltr'><strong>confectum</strong></span> <span class='ocrx_word' id='word_1_589' title='bbox 3308 5206 3504 5276; x_wconf 86' lang='lat' dir='ltr'><strong>senio;</strong></span> 
     </span>
    </p>
   </div>
   <div class='ocr_carea' id='block_1_114' title="bbox 2219 5418 3795 5500">
    <p class='ocr_par' dir='ltr' id='par_1_114' title="bbox 2219 5418 3795 5500">
     <span class='ocr_line' id='line_1_115' title="bbox 2219 5418 3795 5500; baseline 0.006 -26"><span class='ocrx_word' id='word_1_590' title='bbox 2219 5419 2502 5500; x_wconf 42' lang='grc' dir='ltr'><strong>(βω-βοᾷ.</strong></span> <span class='ocrx_word' id='word_1_591' title='bbox 2537 5418 3157 5500; x_wconf 41' lang='grc' dir='ltr'>’Δλξξιονλιῐιοῐιίΐοειο</span> <span class='ocrx_word' id='word_1_592' title='bbox 3182 5441 3395 5500; x_wconf 86' lang='lat' dir='ltr'><strong>errore,</strong></span> <span class='ocrx_word' id='word_1_593' title='bbox 3430 5444 3603 5500; x_wconf 91' lang='lat' dir='ltr'><strong>quem</strong></span> <span class='ocrx_word' id='word_1_594' title='bbox 3637 5445 3795 5484; x_wconf 80' lang='lat' dir='ltr'><strong>coar-</strong></span> 
     </span>
    </p>
   </div>
   <div class='ocr_carea' id='block_1_115' title="bbox 2149 5492 3509 5569">
    <p class='ocr_par' dir='ltr' id='par_1_115' title="bbox 2149 5492 3509 5569">
     <span class='ocr_line' id='line_1_116' title="bbox 2149 5492 3509 5569; baseline 0.006 -23"><span class='ocrx_word' id='word_1_595' title='bbox 2149 5492 2278 5569; x_wconf 84' lang='lat' dir='ltr'><strong>guit</strong></span> <span class='ocrx_word' id='word_1_596' title='bbox 2320 5492 2592 5569; x_wconf 80' lang='lat' dir='ltr'><strong>_Nic_etas_,</strong></span> <span class='ocrx_word' id='word_1_597' title='bbox 2650 5494 2768 5551; x_wconf 88' lang='lat' dir='ltr'><strong>imo</strong></span> <span class='ocrx_word' id='word_1_598' title='bbox 2817 5496 3066 5566; x_wconf 90' lang='lat' dir='ltr'><strong>ipsemet</strong></span> <span class='ocrx_word' id='word_1_599' title='bbox 3112 5492 3509 5569; x_wconf 64' lang='lat' dir='ltr'><strong>Ephremius,</strong></span> 
     </span>
    </p>
   </div>
   <div class='ocr_carea' id='block_1_116' title="bbox 3614 5500 3792 5557">
    <p class='ocr_par' dir='ltr' id='par_1_116' title="bbox 3614 5500 3792 5557">
     <span class='ocr_line' id='line_1_117' title="bbox 3614 5500 3792 5557; baseline 0.017 -3"><span class='ocrx_word' id='word_1_600' title='bbox 3614 5501 3671 5554; x_wconf 93' lang='lat' dir='ltr'><strong>ui</strong></span> <span class='ocrx_word' id='word_1_601' title='bbox 3722 5500 3792 5557; x_wconf 88' lang='lat' dir='ltr'><strong>de</strong></span> 
     </span>
    </p>
   </div>
   <div class='ocr_carea' id='block_1_117' title="bbox 2153 5562 3793 5640">
    <p class='ocr_par' dir='ltr' id='par_1_117' title="bbox 2153 5562 3793 5640">
     <span class='ocr_line' id='line_1_118' title="bbox 2153 5562 3793 5640; baseline 0.007 -23"><span class='ocrx_word' id='word_1_602' title='bbox 2153 5562 2372 5640; x_wconf 79' lang='lat' dir='ltr'><strong>Isaacio</strong></span> <span class='ocrx_word' id='word_1_603' title='bbox 2417 5564 2586 5637; x_wconf 86' lang='lat' dir='ltr'><strong>Cypri</strong></span> <span class='ocrx_word' id='word_1_604' title='bbox 2635 5562 2881 5639; x_wconf 79' lang='lat' dir='ltr'><strong>tyranno</strong></span> <span class='ocrx_word' id='word_1_605' title='bbox 2930 5569 2986 5622; x_wconf 92' lang='lat' dir='ltr'><strong>in</strong></span> <span class='ocrx_word' id='word_1_606' title='bbox 3039 5562 3439 5640; x_wconf 79' lang='lat' dir='ltr'><strong>superioribus</strong></span> <span class='ocrx_word' id='word_1_607' title='bbox 3486 5562 3661 5627; x_wconf 75' lang='lat' dir='ltr'><strong>verba</strong></span> <span class='ocrx_word' id='word_1_608' title='bbox 3711 5572 3793 5628; x_wconf 85' lang='lat' dir='ltr'><strong>fe-</strong></span> 
     </span>
    </p>
   </div>
   <div class='ocr_carea' id='block_1_118' title="bbox 2152 5633 2249 5689">
    <p class='ocr_par' dir='ltr' id='par_1_118' title="bbox 2152 5633 2249 5689">
     <span class='ocr_line' id='line_1_119' title="bbox 2152 5633 2249 5689; baseline 0 -1"><span class='ocrx_word' id='word_1_609' title='bbox 2152 5633 2249 5689; x_wconf 87' lang='lat' dir='ltr'><strong>cit.</strong></span> 
     </span>
    </p>
   </div>
  </div>
