4104 6204
297 315 402 370 227
931 326 939 330 ·
1513 295 1886 356 EPHMMII
1921 291 2496 349 CHRONOGRAPHI

299 456 476 515 quem
505 454 639 496 mox
668 430 998 504 despiciens
1029 427 1101 482 ob
1133 422 1591 515 ineptitudinem

296 512 621 604 pontificali
651 522 903 580 invitum
935 518 1155 574 honore
1185 512 1364 570 exuit.

295 601 474 677 l’orro
507 614 813 673 Leontium
846 608 1164 682 quemdam
1197 606 1257 661 in
1287 605 1424 661 sede
1455 601 1653 675 qosuit

300 706 658 766 monachum
688 708 747 760 et
775 698 977 757 virtuti
1011 699 1324 754 navantem
1354 709 1614 766 operam,

297 814 473 870 quem
506 795 618 852 sibi
648 792 1122 850 demonstratum
1155 804 1190 842 ιι
1219 789 1422 842 sancta
1448 782 1680 854 Virgine

297 891 494 954 noctu,
529 882 841 941 afﬁrmavit
868 880 928 936 in
961 877 1196 952 publica
1225 873 1504 932 concione
1537 890 1551 930 :

295 977 527 1048 sibique
559 988 795 1038 nomen,
829 971 958 1041 ejus
987 968 1291 1036 virtutem,
1327 965 1576 1022 formam

293 1065 653 1137 descriptam
688 1079 818 1119 esse
849 1058 1077 1117 coalitus
1109 1072 1212 1115 ceu
1243 1055 1301 1110 in
1334 1051 1557 1111 tabula.

293 1157 713 1213 Verumtamen
745 1152 902 1207 hunc
933 1149 1106 1206 etiam
1137 1145 1283 1204 solio
1317 1142 1565 1217 pepulit,

295 1247 462 1319 pensi
496 1261 611 1300 non
643 1243 869 1298 habens
901 1237 1188 1312 quidquid
1219 1239 1352 1292 ante
1381 1233 1626 1288 dixerat.

292 1336 578 1407 Deinceps
609 1349 742 1390 vero
774 1335 1069 1404 pastorem
1103 1325 1416 1384 transferre
1447 1319 1650 1378 maluit
1685 1336 1698 1376 :

295 1425 510 1498 quippe
541 1426 754 1480 sanctze
783 1419 977 1476 Sionis
1009 1412 1486 1489 archipraasulem

296 1515 535 1572 nomine
564 1511 986 1578 Theodosium,
1017 1507 1292 1564 Latinum
1324 1518 1556 1576 genere,

295 1605 410 1661 sibi
442 1603 794 1660 familiarem
827 1603 1004 1670 atque
1035 1593 1267 1666 imperii
1296 1596 1510 1660 vatem,

294 1695 364 1750 ad
399 1691 741 1766 patriarcha:
773 1702 1078 1760 summum
1107 1684 1392 1739 honorem
1421 1675 1744 1737 transtulit.

291 1784 403 1839 Sed
437 1780 582 1836 nihil
613 1779 748 1834 buic
781 1775 1000 1849 profuit
1031 1771 1166 1829 facti
1197 1769 1460 1838 novitas;

289 1877 540 1943 utroque
570 1869 727 1926 enim
758 1865 974 1924 excidit
1004 1861 1352 1928 sacerdotio,

290 1960 483 2018 Sionis
515 1973 724 2032 nempe
755 1974 822 2014 ac
853 1955 1024 2028 regia;
1062 1951 1471 2024 metropoleos,

288 2051 589 2107 admissus
619 2045 970 2112 inconsulte,
1001 2045 1223 2114 ejectus
1254 2039 1522 2112 turpiter.

284 2139 370 2194 Ad
401 2144 726 2195 extremum
759 2135 1042 2207 Georgius
1070 2129 1418 2203 Xiphilinus

283 2227 653 2285 Constantini
689 2229 888 2298 pastor
917 2227 1006 2280 est
1037 2222 1211 2280 datus
1244 2219 1396 2275 urbi.

282 2317 489 2374 Cmsari
518 2321 664 2373 natae
698 2316 930 2372 fuerant
960 2329 1030 2370 ex
1059 2310 1269 2385 primis
1297 2307 1521 2380 nuptiis

278 2407 536 2479 virgines
567 2404 794 2478 pulchri
828 2407 1105 2477 aspectus
1137 2400 1266 2457 ﬁlias
1299 2399 1466 2466 dua;

282 2512 534 2569 quarum
568 2495 811 2568 priorerr.
853 2495 959 2549 rite
991 2507 1191 2548 comas
1221 2495 1452 2547 tensam

279 2584 471 2640 instar
501 2599 664 2656 agna
696 2580 943 2638 Domino
974 2582 1265 2636 sacratam
1297 2575 1508 2632 obtulit
1541 2592 1553 2630 :

280 2679 666 2746 protereaque
695 2671 868 2728 vertit
899 2670 957 2724 in
988 2665 1413 2724 monasterium

276 2762 822 2835 parthenonemque
851 2757 1124 2816 maximis
1155 2754 1441 2828 impensis

277 2852 564 2926 palatium
597 2852 821 2909 dictum
853 2854 1026 2908 antea
1052 2846 1350 2905 Joannizze
1383 2862 1398 2902 :

275 2943 410 3013 hoc,
443 2942 710 3014 inquam,
741 2938 1009 2997 attribuit
1047 2941 1195 2995 nata
1227 2931 1637 2991 diversorium.

273 3032 533 3091 Alteram
563 3036 762 3090 autem
792 3029 1038 3088 tradidit
1066 3030 1313 3101 nuptam
1343 3023 1462 3080 ﬁlio

273 3121 428 3193 regis
457 3121 666 3178 Siciliae
696 3121 933 3178 nomine
961 3116 1267 3176 Tancredi.

271 3213 434 3282 Apud
467 3229 529 3268 se
553 3229 690 3268 vero
722 3210 952 3284 imperii
982 3208 1206 3282 paterni
1233 3205 1524 3263 hieredem

270 3299 462 3355 alebat
490 3299 756 3356 Alexium
791 3300 979 3356 (ilium
1013 3302 1156 3355 natu
1186 3295 1522 3362 minimum,

269 3387 372 3459 qui
403 3388 653 3460 patriam
686 3405 856 3445 suam
888 3387 1184 3460 oppressit
1215 3385 1504 3442 malorum
1537 3380 1796 3440 cumulo.

268 3476 384 3532 Nec
415 3475 523 3532 soli
553 3477 775 3533 Branas
803 3476 1264 3546 Theodorusque
1291 3474 1488 3545 Lydus

267 3566 606 3622 calcaneum
639 3565 974 3622 extulerunt
1002 3567 1207 3622 contra
1234 3562 1545 3628 Gesarem,

262 3669 466 3710 verum
495 3658 630 3727 post
660 3653 795 3710 illos
824 3652 1002 3711 etiam
1034 3652 1198 3710 Alexi
1229 3651 1368 3718 duo,

265 3744 367 3816 qui
399 3760 461 3801 se
485 3743 796 3815 jactabant
824 3743 995 3800 titulo
1026 3743 1228 3799 {ictitio

265 3834 336 3890 de
366 3832 638 3890 Manuale
663 3833 1016 3905 imperatore
1043 3833 1296 3905 genitos.

260 3924 422 3981 Alter
448 3941 516 3982 ex
547 3925 642 3982 his
673 3926 998 3981 instructus
1029 3941 1064 3980 a
1093 3921 1329 3980 sultano

261 4013 520 4071 militum
556 4015 922 4072 Persicorum
954 4013 1176 4086 ingenti
1209 4027 1456 4070 numero

260 4105 518 4176 praedam
551 4105 763 4178 agebat
792 4121 859 4161 ex
895 4103 1173 4162 Romanis
1203 4101 1438 4175 oppidis
1473 4119 1487 4158 :

259 4194 355 4250 cui
387 4198 559 4252 noctu
592 4195 895 4267 consepito
927 4210 1104 4267 prope
1132 4191 1410 4250 Harmala

257 4285 536 4341 sacerdos
565 4284 808 4356 quidam
841 4287 1017 4355 caput
1046 4282 1396 4355 amputavit,

256 4373 608 4446 cesareique
638 4373 932 4430 exercitus
961 4372 1096 4429 duci
1127 4371 1361 4429 obtulit.

253 4461 415 4518 Alter
445 4466 640 4518 autem
673 4462 734 4517 in
768 4461 968 4533 praalio
999 4460 1232 4518 occisus
1264 4461 1374 4517 fuit

254 4569 287 4608 a
317 4551 536 4609 Basilio
570 4551 928 4609 cbartulario
958 4551 1245 4611 Chumno.

262 4643 516 4701 Basilius
546 4644 724 4702 etiam
754 4642 1018 4716 quidam,
1047 4643 1221 4716 vulgo
1251 4641 1518 4709 Chotzas,

265 4752 298 4792 a
328 4734 552 4792 Caesare
581 4735 860 4792 deﬁciens
891 4735 951 4792 in
983 4734 1127 4792 urbe
1154 4733 1357 4792 Tarsia

261 4827 541 4881 Romanis
570 4823 778 4880 ditioni
809 4823 1091 4881 molestus
1117 4827 1245 4880 erat
1276 4839 1291 4880 :

263 4914 366 4972 sed
397 4914 634 4970 demum
668 4920 875 4988 captus
907 4918 1230 4972 excusatur
1258 4913 1459 4981 miser,

258 5005 606 5076 Rursusque
636 5003 809 5072 alius,
840 5008 899 5062 et
927 5002 1201 5076 posthinc
1230 5001 1386 5060 alius
1415 5005 1628 5074 denuo,

255 5092 467 5151 tellure
496 5110 597 5151 ccu
629 5093 900 5168 gigantas
929 5093 1126 5152 educit
1154 5093 1374 5164 fabula,

253 5179 374 5238 imo
404 5179 678 5255 permulti
711 5182 1068 5241 obstiterunt
1096 5183 1318 5241 Isaacio
1349 5198 1364 5238 :

251 5272 352 5328 sed
383 5288 610 5344 omnes,
642 5271 758 5330 Deo
791 5272 1041 5344 volente,
1073 5272 1390 5346 perierunt

247 5360 354 5419 Hic
385 5361 658 5435 princeps
689 5362 829 5434 quia
859 5363 951 5420 sui
984 5362 1232 5418 nimium
1267 5378 1472 5420 amans
1501 5367 1647 5431 erat,

247 5447 594 5522 iracundus,
629 5450 742 5508 levi
773 5451 845 5508 de
873 5469 1054 5509 causa
1081 5452 1382 5526 suspicax,

242 5538 461 5598 invidia
490 5557 726 5614 quoque
757 5542 1011 5613 ﬂagrans
1041 5544 1324 5601 adversus
1355 5543 1645 5602 subditos.

241 5629 463 5686 multos
496 5629 799 5687 mulctavit
830 5631 1115 5688 membris
1147 5633 1456 5702 optimates
1492 5649 1504 5688 :

1977 417 2032 484 Α
2059 415 2202 471 6005
2241 415 2422 486 Οὗπερ
2456 411 2750 488 καταγνοὺς
2775 409 3025 486 ἀφέλειαν
3054 407 3246 465 αὐτίκα

2234 504 2475 557 ’Λκοντα
2504 501 2809 574 κατήγαγεν
2835 499 2986 574 ἱερου
3019 497 3236 572 θρόνουο

2231 593 2330 647 Καὶ
2359 612 2479 648 τινα
2507 589 2794 650 Δεόντινον
2823 586 3186 665 ἐγκαθιδρύει·

2230 678 2437 758 ’Ἄνδρα
2469 681 2766 754 μοναστήν,
2797 679 2992 755 ἀρετῆς
3024 673 3131 733 ὅντ’
3164 677 3418 754 ἐργάτηψ

2227 773 2323 828 Ὃν
2353 768 2496 842 τῷδε
2526 767 2692 840 δεῖξαι
2723 769 2822 839 τήν
2856 765 3216 845 ἀπείρανδρον
3251 768 3436 846 Κόρην

2047 873 2189 929 6010
2227 872 2462 948 Ἔφασκε
2486 869 2679 931 νυκτὸς
2711 866 3001 945 συλλόγων
3025 868 3426 945 ἠθροισμένων,

2224 957 2386 1022 Εἶδος
2416 980 2474 1014 τε
2503 957 2725 1028 κλῆσιν,
2753 958 2974 1035 ἀρετὴν.
3004 955 3156 1014 τοῦδ’
3189 958 3467 1037 εὐστόχως

2226 1046 2393 1106 Μάλα
2432 1045 2806 1124 διαγράψασαν
2837 1041 2912 1110 ὧς
2947 1048 3001 1104 ἐν
3033 1047 3228 1104 εἰκόνιο

2227 1136 2406 1194 Ἀλλά
2432 1158 2496 1214 γε
2519 1143 2610 1194 καὶ
2641 1135 2788 1194 τόνδ’
2819 1137 3110 1194 ἀπελαύνει
3141 1143 3238 1195 τοῦ
3269 1137 3484 1215 θρόνου,

2223 1230 2403 1284 Πάντα
2430 1225 2680 1303 παριδὼν
2709 1229 2777 1282 τὰ
2807 1226 3263 1306 προηγορευμένα

2041 1320 2185 1375 6015
2223 1319 2523 1376 Μετάθεσιν
2557 1315 2615 1373 δὲ
2646 1314 3050 1394 δραματουργεῖ
3077 1318 3363 1392 ποιμένος’

2225 1405 2558 1482 ’Δρχιθύτην
2587 1403 2688 1480 γὰρ
2709 1413 2810 1476 τῆς
2845 1405 2990 1462 Σιὼν
3019 1414 3119 1477 τῆς
3148 1407 3308 1482 ἀγίας

2223 1495 2431 1561 Κλῆσιν
2463 1493 2772 1564 Θεοδόσιον,
2798 1499 2969 1573 φῦντα
2998 1497 3263 1570 Λατίνων,

2220 1582 2419 1650 Ἐθάδα
2445 1583 2588 1657 τῷδε
2616 1585 2707 1640 καὶ
2737 1587 3052 1662 προήγορον
3084 1587 3336 1662 κράτους,

2219 1673 2315 1737 Εἷς
2341 1679 2704 1751 πατριαρχῶν
2737 1674 2917 1748 ἀνάγει
2944 1673 3259 1750 προεδρίαν.

1965 1769 2012 1836 Β
2039 1767 2183 1822 6620
2219 1763 2378 1820 Ἀλλ’
2407 1761 2561 1819 οὐδεν
2593 1763 2848 1819 ἀπώνατο
2871 1771 2974 1835 τῆς
3003 1765 3370 1842 καινουργίας·

2219 1854 2453 1930 Ἀμφοῖν
2485 1853 2589 1929 γάρ
2619 1851 2961 1910 ἒκπὲπτωκεν
2993 1853 3330 1930 ἱεραρχίαιν,

2222 1942 2366 1997 Σιών
2403 1961 2463 1996 τε
2488 1948 2588 2012 τῆς
2619 1942 2747 2018 πρὶν
2779 1943 2870 1997 καὶ
2904 1938 3191 2018 βασίλιδος
3220 1942 3412 2016 πάλιν,

2217 2030 2323 2086 Καὶ
2353 2027 2758 2104 τῶνδ’,ἀτίμως
2792 2031 2820 2084 ὁ
2849 2025 3190 2105 προϐληθεὶς
3215 2027 3476 2108 ἀκρίτως.

2215 2121 2442 2176 Ἔπειτα
2470 2120 2744 2195 Γεώργιος
2775 2119 2802 2173 ὀ
2833 2119 3132 2194 Ξιφιλῖνος

2035 2220 2178 2275 6025
2219 2219 2434 2292 Ποιμήν
2464 2214 2807 2273 ἀναδέδεικτο
2837 2224 2939 2288 τῆς
2971 2219 3402 2277 Κωνσταντίνου.

2215 2308 2306 2364 Ἐκ
2334 2311 2444 2362 τῶν
2473 2306 2602 2384 πρὶν
2636 2309 2779 2382 εἶχεν
2812 2306 3163 2384 αὐτοκράτωρ
3197 2310 3522 2385 σπερμάτων

2213 2391 2418 2458 Παῖδας
2448 2394 2712 2472 φυτεύσας
2741 2394 3214 2473 καλλιπαρθένους
3246 2396 3362 2456 δύο.

2211 2490 2304 2538 Ὧν
2334 2484 2608 2559 ἀποκείρει
2635 2486 2754 2540 κατ’
2783 2483 2901 2549 ἔθος
2930 2481 3294 2562 πρεσϐυτέραν

2212 2574 2554 2646 Καθιερώσας
2585 2575 2660 2637 ὡς
2690 2571 2900 2648 ἀμνάδα
2931 2575 3132 2650 Κυρίῳ*

2031 2666 2176 2722 6030
2211 2658 2652 2732 Μεταϐεϐληκὼς
2685 2660 2730 2718 δ’
2770 2663 2846 2728 εὶς
2879 2667 3050 2737 μονὴν
3092 2665 3444 2740 ἀσκουμένων

2209 2753 2311 2810 Καὶ
2341 2757 2660 2829 παρθενῶνα
2690 2751 2952 2818 δαπάναις
2977 2754 3052 2817 ὡς
3086 2754 3343 2832 ἀφθόνοις

2209 2841 2518 2913 Ἰωαννίτζη
2548 2843 2641 2896 τὸν
2669 2841 3008 2916 κεκλημένον
3037 2841 3228 2919 δόμον,

2209 2931 2453 2996 Ἐνταῦθ’
2483 2929 2722 2987 ἑνασκεῖν
2754 2931 2844 2987 καὶ
2874 2937 3146 2988 κατοικεῖν
3187 2933 3502 3011 προσνέμει.

2203 3019 2403 3094 Ῥηγὸς
2425 3016 2483 3074 δὲ
2514 3020 2815 3092 συνέζευξεν
2843 3021 2946 3094 υὶῷ
2977 3019 3228 3099 δευτέραν

1951 3130 1993 3198 C
2029 3123 2172 3179 6035
2208 3126 2314 3190 Τῆς
2348 3117 2601 3184 Σικελίας
2625 3125 2723 3176 τοῦ
2753 3121 2961 3200 Ταγγρὶ
2989 3123 3352 3198 κεκλημένου.

2198 3207 2526 3288 Κληροῦχον
2561 3210 2742 3284 ἀρχῆς
2769 3219 3040 3286 πατρικῆς
3071 3210 3379 3293 ἀνατρέφων

2194 3300 2300 3358 Τὸν
2333 3298 2448 3353 υὶὸν
2477 3297 2722 3371 Ἀλὲξιον
2753 3297 2977 3355 ὕστατον
3005 3300 3218 3378 χρόνῳ,

2195 3391 2296 3452 υΟς
2328 3392 2610 3465 συμφορᾶς
2635 3385 2829 3466 ἤνεγκε
2860 3387 3078 3466 πατρίδι
3118 3391 3303 3467 βάρος.

2193 3478 2270 3536 Οὐ
2303 3475 2479 3540 Λυδὸς
2510 3475 2816 3554 Θεόδωρος,
2849 3479 2914 3535 οὐ
2940 3483 3144 3551 Βρανᾶς
3177 3483 3338 3556 μόνον

2013 3569 2154 3626 5040
2194 3568 2527 3643 Πτερνισμὸν
2560 3567 2699 3642 ἦραν
2727 3567 2863 3624 κατᾶ
2888 3573 2986 3625 τοῦ
3007 3570 3369 3648 στεφηφόρου,

2193 3656 2368 3716 Ἀλλά
2398 3655 2489 3711 σὺν
2523 3657 2710 3719 αὐτοῖς
2741 3656 2830 3712 καὶ
2862 3654 2990 3722 δυὰς
3019 3657 3299 3733 Ἀλεξίων,

2189 3744 2256 3804 Οἵ
2288 3751 2427 3824 σφᾶσ
2454 3744 2808 3819 ἐπωνόμασαν
2850 3745 3044 3813 αὐτοὺς
3081 3748 3230 3813 υὶὲας

2189 3837 2300 3892 Τοῦ
2330 3835 2744 3912 πορφυρανθοῦς
2773 3839 3038 3908 Μανουὴλ
3078 3836 3370 3913 βασιλεως

2192 3925 2313 4002 ’Δφ’
2335 3924 2409 3978 ὧν
2438 3925 2465 3979 ὁ
2499 3924 2595 3998 μὶν
2627 3945 2688 4001 γε
2717 3919 3048 3998 προσλαϐὼν
3081 3925 3140 3982 ἔκ
3169 3926 3468 3984 σουλτάνου

2011 4013 2154 4069 6045
2193 4012 2559 4090 Συμμαχικόν
2588 4034 2639 4068 τι
2673 4015 2936 4088 Περσικὸν
2969 4013 3224 4072 πλεῖστον
3257 4018 3444 4096 στίφος

2189 4101 2386 4164 Πόλεις
2415 4099 2582 4156 ἐπιὼν
2610 4102 2916 4179 κατὲκειρεν
2945 4103 3219 4160 Αὐσόνωνο

2187 4193 2286 4249 Ὅν
2319 4192 2510 4254 νυκτὸς
2539 4191 2887 4248 ὁποώττοντα
2917 4194 3038 4248 καθ’
3068 4193 3326 4269 Ἀρμαλά
3354 4217 3458 4252 που

2187 4283 2407 4346 Κτείνας
2437 4280 2604 4354 θύτης
2622 4303 2708 4346 τις
2738 4283 2827 4338 καὶ
2857 4285 3038 4358 τεμὼν
3071 4285 3238 4340 αὐτοῦ
3269 4289 3436 4365 κάραν

2186 4373 2436 4448 Ἢνεγκεν
2469 4371 2640 4442 αὐτὴν
2665 4370 2962 4448 ταγμάτων
2994 4373 3355 4451 πρατηγὲτῃ.

1935 4492 1978 4558 D
2007 4462 2150 4518 6050
2190 4461 2289 4518 Καὶ
2317 4462 2515 4558 ἅτερος
2541 4459 2598 4558 δε
2627 4461 3055 4558 κτείνεταιᾳκατά
3088 4466 3277 4541 μάχην

2192 4550 2335 4624 Πρὸς
2363 4546 2650 4606 Βασιλείου
2683 4549 3096 4629 χαρτὸυλαρίου
3119 4554 3415 4629 Χούμνου.

2195 4639 2296 4696 Καὶ
2328 4659 2411 4702 τις
2443 4635 2500 4694 δὲ
2531 4637 2817 4703 Βασίλειος
2845 4641 3054 4712 Χοτζᾶς
3084 4641 3181 4697 τού
3203 4642 3407 4716 πίκλην

2192 4729 2603 4799 Ἀποστατήσας
2633 4730 2769 4784 κατά
2796 4729 3026 4806 Ταρσίαν
3059 4731 3222 4788 πόΛιν

2189 4819 2383 4895 Χώρας
2406 4815 2599 4874 ἐκάκου
2625 4818 2937 4892 Ῥωμαϊκὰς
2965 4821 3052 4875 καὶ
3087 4815 3303 4895 πόλεις,

2009 4918 2151 4976 6055
2185 4917 2283 4980 "Oc
2314 4914 2593 4993 συσχεθεὶς
2617 4914 2841 4992 ὄμματα
2869 4921 3139 4993 πηροῦται
3168 4919 3329 4976 τάλα·

2187 5005 2286 5060 Καὶ
2315 5003 2481 5061 πάλιν
2517 5002 2707 5078 ἄλλος,
2736 5004 2866 5062 κάπὶ
2888 5004 3017 5080 τῷδ’
3047 5005 3220 5072 ἄλλος
3251 5007 3441 5084 πάλιν,

2183 5095 2270 5158 Ὣς
2297 5093 2356 5150 ἐκ
2385 5094 2586 5170 χθονὸς
2616 5093 2871 5173 γίγαντας
2895 5091 3140 5173 αὶρεῖτις
3171 5101 3364 5174 μῦθος,

2183 5185 2286 5241 Καὶ
2322 5181 2537 5250 πλῆθος
2568 5183 2891 5256 ἀντέστησαν
2920 5185 3192 5260 Ἰσαακίῳ·

2183 5273 2286 5331 Καὶ
2326 5272 2519 5337 πάντες
2553 5272 2842 5330 ἀπώλοντο
2872 5279 2942 5342 τῆ
2975 5279 3109 5332 Θεοῦ
3138 5297 3335 5353 κρισει.

2003 5366 2145 5422 6060
2183 5361 2456 5438 Ὀργίλως
2487 5360 2562 5417 ὢν
2589 5361 2852 5440 φίλαυτος
2884 5366 3043 5429 οὗτος
3073 5368 3102 5423 ὁ
3127 5366 3343 5443 κράτωρ

2180 5451 2282 5524 Κὰξ
2319 5449 2577 5513 ὑπονοίας
2609 5450 2697 5506 καὶ
2730 5447 2910 5523 λαϐῆς
2943 5461 3140 5531 μικρᾶς
3172 5453 3366 5529 μόνης,

2180 5540 2278 5597 Καὶ
2319 5538 2643 5611 ζηλοτυπῶν
2675 5541 2765 5596 καὶ
2797 5546 3010 5616 φθονῶν
3042 5543 3330 5616 ὑπηκόοις,

2182 5630 2432 5694 Πολλοὺς
2464 5631 2696 5708 ἀρίστων
2730 5629 3076 5709 παρὲϐλαψεν
3106 5633 3183 5700 εὶς
3213 5632 3399 5711 δέμαςο

3607 291 3725 350 228
