4104 6204
283 276 404 332 229

481 398 667 456 Φάους
703 396 799 468 μὲν
830 393 1083 468 ἐστέρησε
1108 397 1204 448 τοῦ
1234 397 1341 449 τῶν
1376 393 1641 468 ὀμμάτων

285 489 439 544 6065
482 483 772 559 Κομνηνὸν
804 480 1160 556 ’Δνδρόνικον
1192 484 1315 537 ἄνευ
1348 482 1545 553 αἰτίας,

482 575 582 629 Καὶ
615 576 1028 627 Κωνσταντῖνον
1064 570 1350 643 Ἀσπιέτην
1391 571 1716 643 τοῦπίκλην.

479 661 725 725 Ἄλλους
760 659 807 715 δ’
840 660 1152 737 ἐνσπέκειρε
1190 664 1656 740 φροντιστηρίοις.

484 750 918 823 Λεηλατούντων
954 750 1046 805 σὺν
1076 753 1355 825 Κομάνοις
1384 755 1492 807 τῶν
1527 750 1759 825 Βλάχων

485 841 569 900 Τά
594 841 733 897 κατά
764 836 916 894 δόσιν
950 841 1237 913 Ῥωμαϊκᾶ
1267 840 1467 915 χωρία,

296 941 445 997 6070
483 936 673 995 ’Ὁπλα
700 936 819 990 κατ’
847 935 1025 991 αὐτῶν
1059 933 1316 1010 βασιλεὺς
1348 935 1485 1012 α’ίρει
1525 936 1716 993 πάλιν.

487 1024 794 1102 Ἀγχίαλον
828 1025 921 1079 οὖν
953 1026 1304 1100 παραμείψας
1332 1027 1435 1095 τὴν
1464 1025 1628 1081 πόλιν

485 1115 726 1174 Εἴσεισιν
759 1117 934 1187 Αἶμον
966 1115 1066 1183 τὴν
1101 1113 1335 1189 Βλάχων
1371 1116 1660 1190 παροικίαν

481 1207 664 1260 Πάντα
690 1202 749 1258 δὲ
778 1205 933 1259 τάκεῖ
962 1203 1262 1281 φρουρίων,
1295 1202 1610 1282 πολιχνίων

481 1296 674 1368 Εὑρών
705 1292 947 1369 ἐρυμνὴν
982 1292 1139 1368 ἰσχὺν
1173 1291 1521 1368 ένδεδυμένα,

294 1388 445 1445 6075
484 1382 582 1439 Καὶ
611 1383 820 1460 τείχεσι
853 1382 1087 1455 πύργοις
1114 1404 1174 1438 τε
1203 1381 1595 1457 διειλημμένα·

487 1473 716 1536 Μυσοὺς
748 1471 807 1527 δὲ
841 1470 1048 1548 βλέψας
1082 1472 1282 1549 ἀγρίων
1315 1471 1483 1549 αἰγῶν
1519 1470 1676 1544 δίκην

482 1562 627 1626 Τοὺς
658 1563 1050 1638 ἀποκρήμνους
1080 1556 1487 1624 καταλαϐόντας
1515 1563 1715 1625 τόπους

482 1654 573 1716 Ὠς
601 1653 919 1725 Ῥωμαϊκὴν
955 1648 1283 1724 συμπλοκήν
1318 1649 1586 1707 δεδιότας·

487 1743 629 1817 Πρὸς
662 1738 712 1796 δ’
741 1741 805 1795 αὗ
849 1740 1114 1795 Σκυθικὸν
1144 1739 1495 1818 ὑφορώμενος
1530 1742 1723 1819 στίφος

301 1836 449 1891 6080
484 1834 861 1906 Τποστροφῆς
889 1830 1068 1904 ἥψατο
1097 1836 1197 1899 τῆς
1226 1831 1362 1904 πρὸς
1393 1832 1491 1901 τὴν
1524 1830 1707 1887 πόλιν

486 1920 585 1975 Διά
615 1919 673 1975 δὲ
700 1922 925 1992 τεμπῶν
959 1914 1241 1974 δυσϐάτων
1269 1939 1326 1974 τε
1356 1919 1578 1994 χωρίων

481 2010 582 2064 Καὶ
612 2008 919 2082 τρυμαλιᾶς
952 2010 1068 2064 οἷον
1099 2007 1269 2063 εἰπεῖν
1295 2005 1569 2085 δυσπόρου

478 2097 694 2155 Αὐλῶνι
727 2101 914 2175 σαφῶς
948 2097 1121 2152 πάντα
1150 2099 1589 2174 παρεικασμένης

481 2190 597 2257 Τὴν
631 2185 683 2248 ές
715 2186 961 2262 Βεῤῥόην
993 2185 1276 2261 ἐκδρομὴν
1304 2189 1637 2261 τεθειμένος,

298 2288 445 2343 6085
482 2283 766 2341 Ἀπώλεσε
792 2281 1049 2340 πλεῖστόν
1081 2303 1140 2339 τε
1163 2288 1267 2338 τῶν
1301 2283 1739 2359 στρατευμάτων⁹

483 2373 736 2436 Κάκεῖνος
768 2371 831 2429 ἂν
860 2372 1093 2451 ἔφθαρτο
1123 2375 1268 2449 παρά
1313 2373 1492 2449 βραχύ
1522 2395 1599 2447 τι,

484 2463 548 2522 Εἰ
583 2464 658 2538 μὴ
692 2465 901 2538 βοηθοῦ
928 2466 1025 2518 τοῦ
1056 2468 1190 2518 Θεοῦ
1219 2460 1441 2539 τέτευχέ
1469 2485 1611 2527 πως.

483 2554 574 2618 Ὠς
608 2552 706 2628 γὰρ
735 2554 957 2615 ἑαυτοὺς
986 2548 1291 2627 παρέϐυσαν
1328 2551 1403 2615 εἷς
1436 2555 1598 2627 μέσον

485 2643 650 2715 ’Ἁναξ
675 2663 735 2698 τε
763 2642 854 2698 καὶ
886 2644 1193 2719 στράτευμα
1223 2641 1495 2717 δυσπόρου
1523 2642 1718 2718 πόρου,

301 2734 447 2791 6090
483 2732 795 2809 Ἠγοῦμενα
825 2735 920 2805 μὲν
955 2727 1111 2803 διέϐη
1144 2734 1561 2808 στρατευμάτων

484 2827 672 2878 Κακῶν
704 2824 885 2892 ἀπαθῆ
917 2820 1165 2877 κινδύνλυ
1193 2842 1253 2877 τε
1281 2821 1371 2877 καὶ
1405 2824 1612 2897 μάχης’

481 2914 658 2970 Μέσον
690 2909 751 2967 δὲ
776 2917 879 2982 τῆς
910 2910 1191 2989 φάλαγγος
1215 2912 1243 2967 ὁ
1273 2916 1484 2987 κρατῶν
1516 2911 1686 2986 ἔχων,

482 3000 747 3059 Ἐπίθεσιν
780 2999 973 3075 εὕρατο
1002 3002 1139 3075 πρὸς
1171 3005 1278 3056 τῶν
1307 2996 1593 3078 βαρϐάρων

472 3090 695 3154 Οἶστοις
730 3089 1012 3165 βαλόντων
1042 3090 1133 3145 καὶ
1166 3087 1353 3166 δόρασι
1382 3091 1471 3146 καὶ
1506 3090 1679 3155 λίθοις

292 3183 442 3239 6895
480 3181 843 3254 'Exatépwottv
872 3180 1038 3236 αὐτὸν
1070 3179 1325 3241 ὁπλίταις
1358 3178 1492 3253 ἅμα,

475 3274 562 3332 Ὠς
593 3270 938 3346 παραμικρὸν
962 3267 1121 3325 τόνδε
1151 3274 1338 3347 φυγεῖν
1369 3269 1462 3324 τὸν
1513 3268 1705 3342 μόρον,

485 3363 671 3417 Πεπῖν
704 3357 763 3414 δί
791 3358 1041 3422 πολλοὺς
1072 3358 1404 3434 στρατιώτας
1423 3355 1703 3434 γεννάδας.

483 3451 673 3523 Ὅμως
706 3446 921 3512 διεκδὺς
955 3443 1311 3520 δυσστίϐητον
1339 3447 1549 3525 χωρίον

488 3540 589 3595 Καὶ
616 3540 753 3615 πρὸς
784 3538 1027 3615 Βερρόην
1061 3538 1361 3601 ἀποσωθεὶς
1378 3536 1469 3592 σὺν
1506 3536 1599 3613 βίᾳ

305 3638 451 3693 6100
488 3637 821 3713 Ἐμφροντιν
849 3633 968 3710 εὗρε
1000 3637 1251 3711 στρατιὰν
1279 3635 1477 3690 τούτου
1507 3635 1670 3710 χάριν

486 3726 657 3800 Φήμη
690 3722 923 3800 δυσήχῳ
966 3724 1113 3798 μάλα
1136 3726 1332 3801 τεθροη
1344 3726 1511 3798 μένην

483 3817 579 3887 Τῷ
597 3835 682 3871 τοι
720 3814 976 3891 βασιλεὺς
1013 3816 1115 3885 τὴν
1145 3813 1552 3870 Κωνσταντίνου
1584 3813 1760 3890 φοάει,

482 3905 576 3961 Ἐκ
599 3903 761 3961 τοῦδε
791 3906 985 3980 φήμην
1016 3904 1077 3959 οὐ
1108 3903 1283 3973 καλὴν
1314 3904 1646 3979 ἀνατρέπων·

480 3995 691 4067 Μικρὸν
722 3991 771 4048 δ’
804 3992 1007 4071 ὀφρύος
1033 3995 1312 4071 καθυφῆκε
1339 3994 1428 4048 καὶ
1458 3993 1630 4070 τύφου

294 4086 441 4140 6105
478 4080 902 4158 Ἐπαναδραμὼν
934 4082 1011 4146 εἷς
1041 4081 1205 4139 πόλιν
1235 4084 1335 4152 τήν
1375 4087 1470 4138 τοῦ
1500 4083 1751 4158 κράτους,

478 4173 739 4247 Ἀθυμίας
773 4170 993 4249 δόρασιν
1026 4172 1450 4249 ἐμπεπαρμένην

474 4263 591 4339 Ἐφ’
622 4268 704 4325 οῖς
731 4267 912 4326 κακῶς
943 4264 1175 4327 πέπονθε
1202 4263 1301 4331 τὴν
1334 4263 1520 4337 ψυχὴν
1548 4258 1712 4338 ἔχων·

475 4353 589 4427 Πρὸ
611 4349 765 4408 τοῦδ’
793 4353 1044 4408 ἀνασπῶν
1071 4354 1167 4416 τὰς
1196 4349 1364 4431 ὀφρῦς
1395 4350 1719 4426 ἐπηρμένως

474 4440 621 4497 Μετᾶ
649 4437 886 4519 σοϐαρᾶς
912 4440 1003 4497 καὶ
1034 4442 1228 4519 φρενὸς
1256 4442 1347 4497 καί
1378 4438 1625 4516 καρδίας,

296 4533 441 4589 6110
478 4532 895 4607 Ἐπεστράτευσε
922 4530 1059 4586 κατὰ
1089 4533 1283 4589 Μυσῶν
1319 4526 1606 4608 βαρϐάρων

478 4620 687 4698 Ὀμφᾶς
720 4625 1021 4699 προφητῶν
1053 4620 1191 4675 κατὰ
1217 4625 1342 4676 νοῦν
1372 4619 1766 4699 περιστρέφων,

472 4708 563 4771 Ὠς
593 4707 775 4783 ἔξοδον
812 4710 910 4784 μὲν
940 4713 1087 4774 θεῖτο
1118 4709 1211 4765 σὺν
1242 4708 1505 4782 θυμηδίᾳ,

470 4795 765 4854 Ἐπάνοδον
798 4795 855 4853 δὲ
887 4797 1103 4872 μᾶλλον
1135 4795 1481 4872 ἀγαλλιάσει·

471 4886 669 4944 Βουνοί
697 4908 758 4943 τε
787 4886 1173 4963 προσδέξαιντο
1204 4887 1491 4964 χαίροντες
1525 4886 1675 4961 μάλα

290 4989 436 5045 6115
474 4989 578 5044 Καὶ
608 4986 782 5043 πάντα
812 4989 1150 5063 χαρήσαιντυ
1178 4985 1246 5041 τὰ
1267 4983 1479 5062 δρυμοῦ
1506 4983 1660 5057 ξύλα,

467 5080 581 5132 Τοῦ
613 5074 661 5131 δ’
691 5075 953 5147 έξιόντος,
986 5075 1249 5141 εἰσιόντος
1278 5071 1344 5130 αὖ
1373 5073 1562 5132 πόλιν.

466 5163 638 5228 Οὗτός
670 5184 756 5240 γε,
789 5162 970 5236 δόξαις
998 5162 1331 5236 ἀπᾳδοόσαις
1360 5163 1635 5237 ἐμμένων,

463 5253 637 5331 Χάριν
670 5256 867 5310 ἑαυτοῦ
894 5254 1263 5330 γνωματεῶυν
1293 5254 1361 5323 ἦν
1386 5250 1535 5310 τάδε*

465 5344 556 5405 Ὠς
587 5343 650 5399 οὐ
681 5341 754 5399 δι’
783 5341 818 5397 ἃ
847 5343 1129 5419 πέπρακτο
1158 5338 1668 5418 πλημμελημάτων

288 5435 436 5490 6120
472 5436 676 5491 Ἀπασι
707 5435 869 5499 κοινῆ
1000 5434 1134 5488 Θεοῦ
1165 5433 1282 5505 θείᾳ
1308 5432 1480 5507 κρίσει

464 5523 582 5594 Θεῷ
612 5522 770 5594 δίκην
802 5522 1055 5597 τίννυμεν
1088 5523 1524 5598 ἁμαρτημάτων

466 5616 595 5685 Λαῷ
624 5610 1020 5689 παραδοθέντες
1048 5609 1242 5692 ἄφρονι
1271 5610 1405 5675 τέως

1837 275 2199 332 CBSARES.

1986 401 2040 469 Α
2071 398 2373 456 oculorum
2407 403 2645 474 quidem
2679 405 2895 475 eripuit
2925 405 3126 463 lumen

2070 488 2400 545 Andronico
2432 493 2724 548 Comneno
2758 493 3113 564 immerenti,

2070 581 2127 631 et
2156 578 2534 637 Constantino
2567 588 2957 655 cognomento
2990 585 3266 657 Aspietae.

2069 665 2229 722 Alios
2262 668 2485 725 addixit
2513 674 2715 727 tensos
2750 674 3151 731 monasteriis.

2071 753 2215 810 Cum
2250 758 2653 829 przedarentur
2682 762 2877 817 Blachi
2910 780 3039 818 cum
3075 766 3348 823 Comanis

2070 843 2365 902 Romanas
2395 850 2579 903 terras
2611 850 2681 904 ad
2718 851 3077 908 occidentem
3111 859 3356 925 positas,

2070 950 2279 991 rursus
2310 935 2417 992 hos
2449 942 2652 994 contra
2678 939 2832 1010 capit
2861 958 3023 997 arma
3053 944 3260 999 Caesar.

2069 1022 2461 1085 Quamobrem
2496 1025 2636 1081 urbe
2668 1027 2952 1084 Anchiale
2983 1031 3300 1101 praeterita,

2068 1110 2333 1167 Haemum
2368 1114 2693 1185 ingreditur
2723 1115 3075 1176 Blachorum
3108 1121 3307 1177 sedem
3344 1139 3359 1176 :

2068 1200 2168 1255 sed
2197 1217 2329 1257 cum
2360 1202 2600 1260 castella
2632 1205 2851 1262 ibidem
2882 1213 3244 1281 cunctasque
3277 1212 3585 1269 urbeculas

2068 1290 2358 1360 praesidiis
2388 1291 2710 1350 invenisset
2738 1296 2996 1352 munitas
3021 1297 3253 1369 validis,

2069 1378 2361 1435 mcenihus
2392 1385 2568 1453 atque
2602 1383 2866 1440 turribus
2898 1387 3290 1457 convestitas;

2066 1465 2277 1524 Mmsos
2308 1468 2446 1525 item
2480 1477 2764 1541 cerneret,
2792 1477 3077 1546 tanquam
3110 1493 3371 1549 capreas,

2065 1562 2360 1629 praerupta
2390 1563 2564 1630 atque
2595 1561 2901 1619 inaccessa
2929 1568 3194 1622 tenentes
3224 1567 3375 1635 loca,

2066 1661 2136 1699 ne
2168 1661 2297 1701 cum
2333 1647 2612 1704 Romanis
2643 1666 2905 1723 pugnam
2937 1654 3244 1711 statariam
3289 1664 3559 1729 gererent
3592 1678 3605 1716 :

1990 1761 2039 1828 Β
2071 1742 2420 1814 Scytharum
2450 1762 2683 1818 quoque
2713 1746 3019 1805 incursum
3052 1753 3517 1827 pertimesceret;

2069 1832 2324 1888 reditum
2359 1835 2430 1890 ad
2465 1835 2666 1892 urbem
2698 1837 2919 1910 regiam
2953 1838 3242 1898 instruere
3273 1845 3448 1917 cmpit

2068 1926 2350 1993 angustos
2381 1940 2484 1995 per
2512 1925 2813 1983 anfractus
2842 1927 3121 2001 locosque
3150 1930 3465 2004 impervios
3497 1952 3510 1991 :

2068 2009 2349 2066 nimirum
2381 2028 2482 2083 per
2512 2013 2832 2071 convallem
2864 2032 3105 2086 prorsus
3135 2018 3390 2077 similem

2066 2099 2363 2167 foramini,
2396 2104 2461 2156 ut
2490 2102 2571 2157 ita
2602 2102 2814 2174 dicam,
2847 2103 3301 2178 impenetrabili,

2070 2192 2315 2244 Berroen
2345 2205 2551 2248 versus
2582 2191 2833 2249 militum
2869 2194 3079 2251 direxit
3105 2196 3237 2264 iter,

2065 2293 2315 2348 quorum
2347 2279 2548 2336 amisit
2574 2281 2800 2338 scilicet
2829 2286 3056 2354 partem
3089 2285 3405 2342 maximam
3440 2304 3453 2343 :

2064 2370 2239 2438 atque
2270 2368 2397 2440 ipse
2428 2385 2663 2426 summo
2693 2371 2850 2427 haud
2887 2373 3087 2429 aberat
3115 2375 3312 2447 exitio,

2064 2456 2121 2510 ni
2151 2456 2467 2529 sospitator
2494 2458 2650 2516 Deus
2680 2460 2914 2518 tulisset
2942 2478 3134 2534 opem.

2062 2544 2203 2600 Nam
2235 2561 2369 2603 cum
2400 2562 2462 2603 se
2494 2546 2554 2604 in
2586 2549 2810 2605 medias
2841 2552 3228 2621 conlecissent
3256 2554 3454 2613 fauces

2060 2634 2251 2691 Caesar
2280 2636 2688 2709 exercitusque
2717 2642 2839 2696 tam
2874 2641 3062 2697 stricti
3093 2645 3370 2713 tramitis,

2060 2723 2251 2795 prima
2279 2724 2520 2795 quidem
2554 2727 2789 2784 transiit
2819 2729 2980 2786 frons
3010 2734 3297 2789 exercitus

2058 2813 2186 2869 sine
2217 2814 2504 2875 molestiis
2534 2817 2716 2888 praelii
2749 2823 2924 2891 atque
2952 2821 3269 2879 incolumis
3301 2840 3314 2880 :

2057 2912 2158 2968 scd
2191 2914 2385 2970 media
2414 2914 2689 2987 phalanx,
2725 2916 2784 2973 in
2812 2934 2928 2988 qua
2956 2921 3147 2975 Casar
3174 2925 3320 2989 erat,

2055 3001 2362 3059 incursum
2394 3005 2778 3061 barbarorum
2807 3006 2983 3078 erepit
3012 3009 3259 3080 perpeti,

1978 3122 2021 3191 α
2060 3091 2160 3191 qui
2189 3091 2342 3191 telis,
2376 3091 2609 3159 lanceis,
2644 3093 3077 3191 saxisutroque
3105 3112 3173 3151 ex
3200 3095 3382 3153 latere

2061 3182 2256 3251 ipsum
2287 3182 2535 3252 ejusque
2564 3196 2774 3253 agmen
2806 3182 3190 3253 impetehant.

2060 3272 2249 3334 Quare
2278 3270 2369 3325 vix
2398 3269 2449 3327 is
2479 3286 2826 3342 supremum
2856 3272 3063 3329 vitavit
3090 3274 3298 3343 fatum,

2062 3358 2267 3415 multis
2297 3359 2536 3416 amissis
2564 3361 2823 3417 strenuis
2858 3361 3165 3420 militibus.

2059 3448 2173 3504 Sed
2202 3452 2397 3504 tamen
2432 3452 2549 3505 tam
2581 3448 2882 3506 r’ifficilem
2911 3467 3189 3510 emensus
3219 3454 3436 3521 locum.

2061 3562 2272 3620 magno
2303 3551 2553 3620 cognatu
2586 3547 2902 3605 incolumis
2933 3554 3182 3607 Berroen
3212 3554 3389 3623 venit,

2060 3635 2159 3690 ubi
2191 3636 2283 3691 sui
2316 3653 2495 3692 causa
2524 3637 2744 3693 invenit
2772 3639 3012 3695 anxium
3043 3641 3292 3699 militem

2060 3724 2213 3781 tristi
2246 3742 2482 3782 rumore
2510 3726 2679 3783 valde
2710 3729 3115 3799 peturbatum.

2060 3813 2246 3885 Igitur
2275 3815 2594 3887 imperator
2624 3817 2960 3889 Byzantium
2989 3826 3265 3891 properat

2058 3903 2445 3974 expeditionis
2478 3906 2692 3960 famam
2721 3922 2834 3962 non
2867 3907 3176 3979 pulchram
3207 3912 3460 3971 referens
3496 3931 3511 3972 :

2058 3996 2116 4048 et
2146 3992 2227 4048 sic
2256 3992 2500 4048 remisso
2532 3994 2817 4065 superbia;
2848 3997 3183 4068 supercilio,

2057 4081 2360 4153 ingressus
2390 4086 2479 4138 est
2506 4081 2736 4153 imperii
2768 4084 3172 4156 metropolim;

2056 4169 2321 4225 maeroris
2351 4186 2560 4241 nempe
2590 4170 2807 4227 aculeis
2841 4175 3375 4233 transverberatum

2056 4263 2293 4332 propter
2323 4263 2617 4331 acceptam
2651 4259 2878 4317 cladem
2909 4277 3118 4333 gerens
3162 4265 3449 4324 animum.

2054 4348 2313 4405 Antehac
2345 4348 2502 4405 enim
2533 4347 2685 4404 elato
2716 4351 3051 4422 supercilio,

2057 4437 2335 4510 superbia
2364 4437 2605 4494 inﬂatus
2637 4454 2702 4494 ac
2732 4442 2998 4498 tumente
3028 4443 3228 4500 animo

2057 4529 2342 4584 adversus
2374 4532 2584 4583 Mmsos
2616 4528 2900 4587 barbaros
2931 4540 3331 4605 processerat;

2056 4617 2212 4673 dicta
2241 4615 2583 4688 prophetica
2615 4621 2809 4673 mente
2839 4619 3162 4691 revolvens,

2057 4705 2213 4777 quod
2245 4720 2378 4761 cum
2409 4705 2611 4761 laetitia
2642 4706 2867 4763 scilicet
2897 4708 3042 4766 foret
3072 4712 3284 4780 exitus,

2055 4794 2280 4849 reditus
2311 4797 2505 4849 autem
2538 4795 2728 4866 magis
2758 4796 2951 4853 adhuc
2982 4798 3191 4858 laetus:

2054 4884 2331 4955 quodque
2360 4882 2721 4941 exsultantes
2751 4884 2929 4943 colles
2957 4904 3020 4945 se
3049 4889 3393 4963 reciperent,

2054 4981 2311 5053 ipsaeque
2342 4980 2681 5037 laetarentur
2709 4980 2900 5040 saltus
2929 4985 3191 5059 arbores,

2055 5088 2117 5127 se
2145 5071 2499 5142 procedente
2529 5086 2598 5127 ex
2629 5071 2772 5129 urbe
2799 5072 2888 5129 vel
2919 5075 3222 5133 redeunte.

2054 5160 2118 5216 In
2149 5159 2242 5215 his
2273 5175 2336 5215 se
2366 5158 2668 5217 oblectans
2698 5161 2944 5219 canticis
2973 5164 3360 5238 propheticis,

2053 5248 2282 5320 sibique
2311 5247 2621 5305 blandiens
2652 5249 2774 5307 hinc
2804 5266 3006 5310 secum
3037 5257 3346 5328 reputabat
3378 5273 3394 5315 :

2053 5352 2427 5410 nequaquam
2458 5338 2531 5394 ob
2561 5341 2900 5398 communia
2929 5357 3058 5415 qua:
3089 5345 3240 5402 ﬁunt
3270 5350 3509 5418 peccata

2053 5428 2207 5483 inter
2234 5424 2534 5496 mortales,
2568 5427 2724 5484 celso
2755 5429 2853 5487 Dei
2876 5432 3104 5503 Judicio

2052 5516 2380 5589 persolvere
2411 5534 2517 5572 nos
2550 5517 2777 5575 debitas
2810 5520 3049 5578 malitia;
3079 5540 3303 5595 poenas,

2054 5623 2187 5662 cum
2219 5605 2512 5661 tradimur
2541 5607 2842 5667 barbarico
2872 5610 3079 5667 insano
3110 5612 3323 5684 populo

3614 284 3720 364 230
