4004 6200
371 294 443 350 23
451 300 472 350 ί
1583 278 1954 334 EPHREMII
1999 277 2570 338 CHBONOGRAPHI

374 419 446 474 ad
477 415 839 490 punitionem
863 413 1094 484 justam
1127 405 1688 474 correctionemque,

2052 403 2105 468 Α
2315 403 2455 477 Πρὸς
2489 402 2870 481 σωφρονισμὸν
2907 405 3247 479 μαστίγωσιν
3293 405 3535 482 μετρίαν,

374 507 472 580 qui
507 507 607 562 Dei
641 499 1040 560 misericordis
1075 514 1202 553 mos
1234 511 1362 552 esse
1397 492 1575 562 solet;

2307 493 2480 568 ⁷ῌπερ
2512 491 2821 568 φιλοίκτου,
2856 499 3176 567 συμπαθοῦς
3213 500 3348 550 Θεοῦ
3377 495 3565 569 νόμος·

372 579 474 652 sed
506 594 648 667 quia
677 593 879 648 Branae
905 587 1278 662 tyrannidem
1310 587 1550 640 secutus
1583 585 1705 636 erat

2134 581 2277 636 6125
2312 581 2432 637 Ὃτι
2467 579 2513 636 δ’
2548 581 2721 637 ὀπίσω
2751 590 2851 652 τῆς
2879 584 3060 659 Βρανᾶ
3087 583 3370 659 τυραννίος

371 683 741 740 Christianus
774 678 1027 752 populus
1058 675 1304 749 imperio
1337 671 1636 738 deﬁciens,

2309 670 2537 744 Ὑπῆρξε
2567 668 2721 743 λαὸς,
2749 670 2899 728 τοῦδ’
2926 673 3165 734 ἀποστὰς
3183 677 3278 727 τοῦ
3311 673 3565 748 κράτους,

373 772 590 828 idcirco
623 771 715 826 his
745 785 871 824 csse
903 765 1259 838 implicitum
1291 762 1483 818 aiebat
1511 757 1702 815 malis.

2309 755 2564 812 Τοιοῖσδε
2593 765 2782 820 κακοῖς
2812 756 3124 815 ἐκδεδόσθαι
3157 755 3377 832 συνέϐη.

375 861 417 916 Ο
450 877 632 916 scaeva
664 857 896 930 ingenia
928 855 1228 925 stultaque
1258 849 1504 907 consilia

2307 847 2372 898 ’Ὠ
2395 850 2503 901 τῶν
2535 853 2779 922 πονηροῦ
2811 847 3140 922 σκεμμάτων
3183 849 3274 904 καὶ
3307 849 3630 927 σπερμάτων
3661 853 3672 908 !

372 950 420 1006 si
455 949 590 1020 quis
621 948 772 1003 hanc
806 949 1061 1002 mentem
1094 942 1245 1015 gerit
1274 945 1330 997 et
1365 937 1739 1004 sententiam,

1732 978 1739 1002 ,
2309 935 2373 989 Εἰ
2403 939 2571 990 ταῦτά
2598 939 2736 999 τινες
2769 936 2900 992 εἰσιν
2928 936 3313 1016 ὑπειληφότες,

372 1039 606 1110 piorum
641 1053 851 1108 nempe
885 1035 1227 1090 innumeras
1260 1047 1292 1086 a
1321 1035 1437 1086 Deo
1466 1031 1727 1083 catervas

2131 1023 2270 1077 6130
2308 1023 2395 1085 Ὡς
2431 1023 2693 1096 μυριάδας
2727 1021 2960 1080 εὐσεϐῶν
2988 1023 3179 1090 ἐκδοὺς
3211 1024 3328 1102 ἕχει

371 1128 635 1184 barbarae
667 1126 826 1198 genti
859 1124 931 1180 ad
965 1121 1262 1178 interitum
1295 1118 1446 1175 tradi

2307 1112 2435 1173 Θεὸς
2464 1113 2600 1188 πρὸς
2629 1112 2906 1169 ἀπώλειαν
2936 1110 3075 1178 ἔθνει
3110 1110 3389 1190 βαρϐάρῳ,

369 1215 696 1288 quamlibet
726 1217 964 1286 propter
993 1210 1209 1266 erroris
1241 1207 1561 1274 insaniam,

2310 1199 2638 1257 Οὖτινοσοὸν
2667 1203 2967 1276 ἀντίψυχον
2995 1205 3281 1280 παροινίας

369 1322 486 1376 qua
517 1305 690 1360 laesus
729 1304 807 1358 sit
840 1302 1091 1357 fortasse
1124 1297 1389 1355 mortalis
1418 1295 1697 1351 dominus
1725 1292 1738 1346 l

2308 1290 2500 1352 ’Όντος
2532 1293 2651 1355 καθ’
2683 1293 2830 1364 ἡμᾶς
2857 1296 2954 1348 τοῦ
2983 1297 3165 1354 κακῶς
3197 1292 3548 1356 πεπονθότος.

369 1401 520 1469 Quin
551 1401 693 1456 adeo
726 1397 1120 1456 universalem
1155 1393 1563 1452 monarchiam
1597 1390 1710 1448 sibi

2309 1379 2452 1454 Ηρὸς
2482 1377 2667 1434 τοῖσδε
2695 1375 3095 1459 προῦφοίϐαζεν
3129 1382 3204 1445 ὡς
3236 1382 3538 1458 μοναρχίαν

368 1491 701 1546 vaticinans
731 1487 1088 1561 spondebat,
1121 1490 1178 1542 et
1208 1483 1576 1540 Palaestinam

2130 1477 2272 1534 6135
2308 1472 2717 1552 Περιϐαλεῖται,
2749 1479 2839 1532 καὶ
2869 1476 3235 1551 Παλαιστίνην
3263 1479 3425 1535 πάλιν

362 1580 508 1651 jugo
539 1579 903 1635 subtractam
936 1574 1302 1632 redditurum
1331 1589 1394 1628 se
1423 1568 1705 1643 imperio;

2311 1563 2717 1640 Ἐλευθερώσας
2748 1573 3049 1642 προσνεμεῖ
3075 1569 3403 1644 κραταρχίᾳ.

371 1673 430 1725 et
459 1684 521 1724 se
551 1667 641 1724 lac
671 1665 1025 1739 p0pulorum
1061 1663 1444 1730 ebibiturum,

2312 1653 2407 1710 Καὶ
2437 1654 2578 1731 γάλα
2611 1653 2657 1710 δ’
2688 1655 2852 1720 ἐθνῶν
2888 1655 3112 1728 θηλάσει
3139 1659 3274 1712 κατὰ
3311 1659 3493 1732 κόρον,

374 1756 606 1812 divitias
637 1759 1001 1819 voraturum,
1034 1755 1090 1806 et
1120 1750 1538 1823 pinguedinem

2055 1762 2100 1824 Β
2311 1743 2407 1797 Καὶ
2437 1743 2676 1800 πλοῦτον
2701 1745 2876 1800 αὐτῶν
2911 1748 3134 1824 φάγεται
3164 1746 3254 1801 καὶ
3284 1745 3348 1801 τὰ
3377 1747 3528 1822 πάχη

374 1845 651 1902 medullis
683 1843 1128 1907 exhausturum,
1163 1844 1227 1895 ut
1258 1839 1334 1896 ait
1364 1837 1666 1912 propheta.

1617 1854 1666 1892 a.
2311 1833 2598 1906 Ἐκμυελεῖ
2628 1836 2764 1890 κατὰ
2791 1837 2888 1905 τήν
2924 1836 3198 1899 θεοπτίαν.

375 1933 637 1990 Eil‘utivit
667 1933 844 1989 etiam
878 1931 1074 2004 palam
1108 1931 1165 1986 in
1198 1928 1474 1985 concione

2129 1922 2270 1976 6140
2309 1923 2410 1978 Καὶ
2440 1924 2587 1978 τοῦτ’
2617 1924 2840 1998 ἀμαθῶς
2871 1922 3162 2000 συλλόγων
3187 1924 3502 1998 ἡλισμένων

368 2023 612 2079 disertis
639 2021 855 2087 verbis,
888 2034 1130 2076 romano
1163 2015 1558 2074 Andronicum

2305 2012 2537 2088 Ἑφασκε
2570 2017 2859 2086 Λαμπρῶς,
2893 2013 2968 2077 ὡς
2996 2011 3346 2090 ’λνδρόνικος
3375 2015 3587 2090 χρόνων

372 2111 763 2182 praefuturum
796 2109 968 2164 annis
1007 2107 1254 2179 imperio
1287 2120 1525 2171 novem;

2302 2098 2574 2172 ’Ἐμελλεν
2603 2099 2777 2177 ἄρξειν
2811 2100 3000 2158 ὲννάδα
3033 2101 3365 2176 Ῥωμαΐδος·

373 2199 432 2254 ni
467 2198 792 2270 redegisset
821 2198 975 2253 Deus
1007 2198 1079 2252 ad
1111 2195 1454 2258 triennium,

2303 2187 2431 2250 Θεὸς
2465 2185 2520 2242 δὲ
2551 2189 2885 2245 συνέστειλεν
2918 2189 2993 2252 είς
3020 2192 3122 2260 τήν
3151 2188 3370 2265 τριάδα,

375 2303 443 2342 ex
473 2303 586 2358 quo
616 2286 989 2342 Andronicus
1016 2291 1246 2358 sceptro
1279 2281 1441 2338 abuti
1473 2284 1728 2353 coeperat
1758 2298 1771 2336 :

2305 2280 2482 2331 Κακοῦ
2513 2276 2764 2351 φανέντος
2797 2276 3152 2354 Ἀνδρονίκου
3183 2283 3260 2350 τῷ
3290 2281 3496 2356 κράτει.

373 2375 744 2430 subtractum
778 2379 974 2430 autem
1006 2371 1338 2430 Andronico
1371 2369 1738 2426 sexennium.

2124 2375 2266 2431 6Ι45
2302 2375 2363 2430 Ἡ
2390 2371 2435 2428 δ’
2468 2373 2581 2445 ἑξὰς
2612 2374 2746 2446 αὕτη
2778 2380 2887 2431 τῶν
2926 2375 3146 2451 χρόνων
3181 2374 3531 2452 Ἀνδρονίκου

374 2479 476 2518 ceu
510 2479 785 2534 purpura
815 2473 1183 2533 segmentum
1216 2461 1267 2517 vi
1301 2463 1620 2531 direptum,

2299 2464 2386 2525 Ὠς
2417 2463 2674 2538 πορφύρᾳ
2705 2464 2870 2540 ῥάκος
2900 2486 2952 2520 τι
2984 2463 3377 2542 διεῤῥηγμένον

374 2551 446 2605 ad
480 2550 573 2605 sui
605 2551 787 2605 fuisse
814 2549 1110 2619 adjectum
1141 2549 1304 2620 regni
1337 2547 1596 2618 spatium
1631 2563 1644 2602 :

2301 2547 2698 2624 Ἐπιϐἑϐληται
2727 2551 2886 2608 τοῦδε
2915 2557 2985 2627 τῇ
3020 2555 3349 2631 κραταρχίᾳ·

372 2654 551 2711 seque
582 2642 890 2711 propterea
917 2653 1022 2709 per
1047 2637 1106 2692 id
1141 2637 1487 2692 sexennium

2301 2642 2396 2696 Καὶ
2430 2643 2566 2696 κατᾶ
2594 2641 2824 2704 τούτους
2856 2642 2957 2698 οὐκ
2989 2643 3187 2718 ἀγαθὸς
3220 2643 3347 2705 τοὺς
3379 2644 3611 2718 χρόνους

370 2727 622 2783 fortasse
650 2727 1110 2798 haudquaquam
1149 2726 1268 2781 fore
1298 2740 1537 2796 prorsus
1567 2722 1872 2796 optimum.

1797 2740 1872 2779 m-
2300 2732 2504 2785 Γένοιτ’
2535 2731 2595 2786 ἂν
2623 2729 2760 2794 *ίσως
2791 2729 2915 2786 οὐδε
2950 2731 3186 2808 βελτίων
3211 2735 3371 2788 πάνυ.

370 2829 587 2881 Verum
620 2842 692 2881 ne
722 2823 941 2896 elapsis
967 2823 1205 2895 quidem
1240 2821 1529 2896 praedictis
1559 2820 1732 2877 annis

2123 2821 2271 2876 6150
2309 2820 2458 2874 Ἐπεὶ
2491 2816 2548 2874 δι
2575 2818 2917 2896 παρίδραμεν
2952 2821 3068 2894 ἑξὰς
3090 2825 3196 2876 τῶν
3230 2822 3472 2898 χρόνων,

367 2913 530 2969 visus
561 2917 650 2970 est
679 2927 874 2968 mores
906 2928 1046 2968 suos
1073 2912 1335 2968 conferre
1367 2911 1425 2965 in
1461 2909 1693 2966 melius.

2295 2907 2469 2972 Αὐτὸς
2495 2909 2667 2965 πάλιν
2699 2913 2764 2978 ἦν
2794 2911 2904 2985 οὐχ
2935 2911 3126 2965 ἑαυτοῦ
3158 2909 3411 2988 βελτίων.

370 3001 720 3058 Blacborum
751 3017 896 3074 gens
919 3001 1045 3072 jam
1073 3003 1199 3056 erat
1227 2997 1638 3065 intolerabilis,

2291 2996 2527 3073 Βλάχων
2563 2999 2800 3074 ὑπῆρξεν
2843 2999 3221 3056 ἀνυπόστατον
3255 3003 3425 3077 φῦλον

367 3091 647 3147 Romanis
677 3088 882 3162 spoliis
913 3088 1329 3160 manubiisque
1358 3087 1519 3143 dives

2047 3117 2091 3184 α
2303 3084 2552 3184 Ηλησθέν
2596 3086 2852 3184 λαφύρων
2887 3090 3221 3163 Ῥωμαϊκῶν
3250 3089 3338 3146 καὶ
3379 3090 3594 3147 σκύλων

367 3179 710 3252 eximiisque
741 3179 954 3251 Opibus
985 3178 1271 3234 instructa
1303 3177 1373 3232 ad
1406 3175 1626 3233 bellum
1663 3193 1677 3232 :

2307 3174 2409 3230 Καὶ
2441 3173 2687 3231 πλοῦτον
2717 3171 2886 3251 ἀϐρὸν
2922 3175 3140 3243 ἐνδυθὶν
3169 3180 3309 3256 πρὸς
3337 3186 3439 3250 τῆς
3475 3180 3684 3255 μάχης·

372 3282 550 3339 quare
577 3267 901 3323 Romanam
939 3267 1248 3323 incursans
1280 3265 1639 3338 provinciam

2127 3265 2270 3321 6155
2305 3263 2496 3321 Τοίνυν
2530 3263 2684 3338 ἐπῄει
2713 3271 3044 3339 Ῥωμαϊκοῖς
3076 3268 3331 3343 χωρίοις,

371 3355 655 3428 oppidum
684 3359 942 3412 Varnam
975 3357 1129 3427 cepit
1159 3370 1292 3411 cum
1327 3354 1631 3422 Anchiale,

2306 3352 2407 3410 Καὶ
2439 3353 2646 3428 Βάρναν
2680 3356 2796 3411 εἷλε
2830 3355 2922 3410 σὺν
2956 3356 3239 3432 Ἀγχιάλῳ
3269 3355 3461 3420 πόλεις

376 3451 434 3502 et
461 3445 765 3502 Triaditze
797 3460 1033 3516 quoque
1063 3443 1280 3498 invasit
1304 3459 1534 3515 agrum,

2312 3441 2408 3498 Καὶ
2440 3442 2771 3520 Τριαδίτζης
2797 3444 3102 3520 κατέδραμε
3132 3446 3261 3510 τοὺς
3288 3446 3471 3523 ὅρους,

370 3535 650 3591 Naissum
685 3533 902 3590 delevit
933 3532 1184 3603 denique
1213 3548 1346 3586 cum
1377 3531 1666 3602 Stumpio,

2305 3532 2411 3587 Καὶ
2442 3534 2609 3589 Νίσον
2645 3535 2881 3612 ἠφάνισε
2914 3535 3005 3589 σὺν
3035 3539 3114 3608 τῷ
3139 3535 3458 3609 Στουμπίῳ,

371 3624 646 3680 abductis
677 3623 814 3678 inde
847 3620 1178 3677 innumeris
1205 3620 1524 3688 manubiis,

2303 3622 2463 3675 Λείαν
2497 3620 2699 3686 ἐκεῖθεν
2726 3623 3010 3699 ἀπαγαγὸν
3047 3626 3243 3700 μυρίαν

367 3713 510 3769 viris
541 3729 678 3768 cum
711 3709 970 3780 feminis,
1002 3714 1058 3766 et
1089 3709 1370 3781 gregibus
1400 3707 1744 3781 omnigenis.

2124 3721 2266 3776 6160
2305 3715 2569 3794 ’Λνδρῶν,
2599 3726 2898 3796 γυναικῶν,
2927 3720 3290 3778 παντοδαπῶν
3323 3721 3563 3796 ἀλόγων.

370 3808 699 3865 Conclusus
729 3825 866 3881 ergo
899 3822 1347 3880 quaquaversus
1377 3806 1648 3862 hostibus

2301 3805 2694 3882 Κυκλοόμενος
2722 3815 2854 3886 γοῦν
2885 3817 3004 3874 τοῖς
3036 3811 3259 3886 ἐχθροῖς
3291 3813 3659 3887 πανταχόθεν,

369 3913 474 3953 nec
497 3898 625 3969 jam
657 3899 806 3954 tueri
837 3897 1022 3953 victos
1049 3895 1250 3952 valens
1280 3897 1490 3964 Caesar,

2305 3897 2408 3953 Καὶ
2444 3899 2520 3971 μή
2554 3899 2751 3963 σθένων
2783 3901 3085 3975 πάσχουσιν
3116 3901 3338 3974 ἀμύνειν
3383 3901 3526 3972 ἅναξ,

367 3989 686 4044 exercitum
717 3987 993 4045 bifariam
1024 3987 1226 4044 divisit
1254 3986 1526 4054 ducibus,

2299 3984 2392 4048 Εἷς
2419 3985 2546 4048 τοὺς
2577 3990 2912 4064 στρατηγοὺς
2946 3992 3198 4066 στρατιάν
3229 3989 3579 4064 κερματίσας,

369 4077 584 4147 partim
615 4078 687 4132 ad
719 4076 878 4134 locos
901 4079 1125 4148 jubeus
1157 4077 1318 4133 abire
1349 4075 1670 4148 hesperios,

2299 4076 2409 4145 Τήν
2446 4076 2541 4149 μὶν
2578 4079 2734 4152 μέρει
2769 4077 3027 4156 πέπομφε
3056 4079 3194 4154 πρὸς
3224 4079 3472 4154 ἑσπέραν,

369 4166 584 4236 partim
616 4167 687 4222 ad
718 4171 907 4223 terras
937 4184 1159 4239 nupero
1191 4166 1440 4222 afﬂictas
1472 4165 1623 4222 bello
1659 4183 1670 4220 :

2123 4165 2265 4220 6165
2303 4163 2487 4238 Ἀλλ-ῃ
2518 4163 2575 4220 δὲ
2604 4163 2769 4237 τήνδε
2799 4169 2935 4242 πρὸς
2967 4173 3166 4223 πονοῦν
3194 4168 3411 4232 πάντως
3443 4166 3610 4240 μέρος

367 4254 741 4326 Varnamque
771 4255 1120 4310 instauravit
1149 4271 1284 4311 cum
1314 4255 1617 4322 Anchialo,

2301 4255 2404 4311 Καὶ
2435 4255 2647 4329 Βάρναν
2678 4255 2920 4312 ἀνέκτισε
2951 4257 3043 4312 σὺν
3077 4257 3382 4332 Ἀγχιάλῳ,

362 4342 759 4414 idoneumque
791 4343 1076 4415 imposuit
1106 4343 1200 4398 bis
1232 4343 1600 4414 praesidium.

2302 4344 2404 4399 Καὶ
2433 4343 2618 4399 ταῖσδε
2647 4345 2886 4420 φρουράν
2919 4347 3109 4414 ἱκανήν
3143 4345 3443 4420 ὐπεισάγει*

361 4431 492 4502 Ipse
525 4433 820 4503 profectus
852 4431 1040 4488 denuo
1074 4430 1533 4502 Philippopolim

2043 4465 2091 4530 D
2300 4431 2474 4494 Αὐτὸς
2509 4430 2557 4487 δ’
2586 4431 2808 4496 ἐπιστὰς
2835 4437 2902 4508 τῇ
2937 4433 3224 4490 Φιλίππου
3254 4433 3344 4490 καὶ
3375 4433 3544 4490 πάλιν

362 4519 675 4576 Mensorum
708 4536 776 4577 ac
803 4520 1153 4594 Scytharum
1190 4519 1471 4591 repressit
1508 4518 1796 4589 impetum

2043 4518 2086 4530 ”
2296 4525 2493 4576 Μυσῶν
2532 4542 2589 4577 τε
2621 4525 2840 4577 Σκυθῶν
2869 4523 3178 4598 ἆνεχαίτιζε
3208 4523 3397 4598 στίχας

360 4613 418 4665 et
447 4625 557 4665 sua
587 4609 898 4681 praesentia
927 4614 986 4666 et
1015 4607 1270 4664 ducibus
1300 4605 1689 4678 pugnacibus.
2123 4620 2264 4675 6170
2302 4619 2400 4675 Καὶ
2439 4617 2510 4673 δι’
2538 4619 2728 4675 ἑαυτοῦ
2753 4620 2842 4676 καὶ
2870 4626 3188 4697 στρατηγῶν
3216 4620 3488 4677 εὐόπλωνο

363 4708 631 4780 Cumque
659 4708 959 4764 Triballus
991 4707 1264 4780 princeps
1291 4705 1634 4777 Scopiorum
1670 4706 1872 4764 urbem

1846 4725 1872 4764 n
2302 4709 2404 4763 Καὶ
2434 4704 2811 4785 τριϐαλάρχου
2835 4707 3234 4785 καταδῃοῦντος
3264 4710 3427 4766 πόλιν

364 4814 500 4854 cum
533 4797 806 4854 universo
839 4813 978 4869 agro
1018 4795 1420 4868 popularetur,

2302 4795 2407 4850 Σὺν
2435 4803 2553 4860 τοῖς
2583 4799 2735 4874 πέριξ
2766 4800 2932 4855 ἅπασι
2962 4801 3061 4870 τήν
3092 4803 3200 4854 τῶν
3246 4801 3523 4872 Σκοπίων,

356 4886 647 4958 impetum
677 4887 815 4943 fecit
846 4886 1034 4942 Caesar
1064 4901 1198 4940 cum
1231 4885 1487 4942 exercitu

2296 4887 2472 4961 Ὀρμᾷ
2509 4889 2624 4941 κατ’
2647 4886 2810 4943 αὐτοῦ
2844 4886 3103 4964 βασιλεὺς
3127 4887 3220 4942 σὺν
3251 4886 3497 4962 δυνάμει,

357 4973 642 5046 illumque
670 4973 1019 5047 triumphali
1054 4973 1370 5046 prostravit
1400 4973 1619 5046 przelio.

2299 4975 2654 5048 Συμπλακεῖς
2684 4977 2917 5049 ἥττησεν
2950 4978 3111 5034 αὐτὸν
3142 4978 3410 5054 ἐσχάτως.

357 5064 505 5120 Exin
535 5064 877 5136 praeteriens
909 5067 1188 5120 cunctum
1223 5062 1417 5122 Naissi
1450 5079 1680 5136 agrum,

2119 5067 2260 5121 6175
2297 5069 2493 5142 Χῶρον
2525 5064 2879 5142 παραλλάξας
2907 5065 2965 5123 δὲ
2993 5069 3167 5123 πάντα
3195 5071 3290 5122 τοῦ
3324 5066 3487 5122 Νίσου

357 5169 831 5226 progressusque
861 5153 933 5209 ad
966 5151 1147 5224 ampli
1179 5153 1400 5210 ﬂuenta
1429 5153 1583 5219 Savi,

2299 5153 2400 5210 Καὶ
2433 5157 2569 5231 πρὸς
2599 5150 2848 5212 Σάουόον
2882 5157 3170 5234 πεφθακὼς
3207 5153 3500 5232 βαθυδίνην

356 5242 438 5298 ibi
473 5243 532 5298 in
564 5257 947 5313 congressum
977 5241 1138 5298 venit
1167 5258 1301 5298 cum
1333 5251 1468 5298 c‘aro
1499 5257 1721 5313 socero,

1644 5259 1721 5313 ro,
2295 5244 2503 5300 Ἐκεῖσε
2533 5243 2779 5318 συνέμιξε
2811 5242 3049 5317 κηδεστῇ
3079 5244 3225 5322 φίλῳ

353 5332 449 5388 cui
483 5331 630 5388 Beia
661 5347 876 5388 nomen
908 5337 1053 5400 erat,
1087 5331 1350 5400 Ungariis
1383 5347 1548 5403 rege;

2298 5333 2566 5408 Οὐγγρίας
2599 5333 2725 5409 ῥηγί
2757 5339 2838 5406 τῷ
2865 5333 3010 5404 Βελᾷ
3036 5331 3389 5406 κεκλημένῳ,

354 5423 524 5493 cujus
556 5421 848 5492 colloquio
881 5421 1120 5485 fruitus,
1153 5425 1332 5491 atque
1363 5424 1428 5476 ut
1457 5421 1654 5476 docuit

2295 5419 2400 5476 Καί
2431 5422 2482 5474 οἱ
2514 5423 2940 5498 προσαγόρευσιν
2969 5421 3279 5478 ἀποτιννῦει

356 5510 604 5567 invicem
638 5509 959 5582 impertitis
990 5510 1210 5565 amoris
1241 5510 1451 5580 signis,

2115 5511 2257 5568 6180
2296 5507 2396 5566 Καὶ
2424 5510 2522 5579 τήν
2555 5509 2820 5584 πρεπώδη
2853 5509 3094 5583 δεξίωσιν
3127 5510 3216 5566 καὶ
3249 5511 3453 5586 σχέσιν·

357 5599 522 5657 illinc
555 5616 825 5658 reversus
850 5603 959 5668 est,
991 5604 1231 5656 vocante
1261 5600 1472 5670 officio,

2293 5600 2504 5656 Ἔπειτ⁹
2533 5599 2733 5667 ἐκεῖθεν
2761 5600 3064 5678 ἀπαναστὰς
3097 5601 3172 5664 ὡς
3205 5597 3345 5668 δέον,
