4104 6204
314 280 434 338 233

507 406 641 469 Μεθ’
673 405 885 478 ἡμέρας
919 402 1107 458 εἴσεισι
1142 403 1427 459 Φιλίππου
1458 400 1648 473 πόλιν,

505 495 770 557 Κάκεῖθεν
804 493 1074 563 ἀνέζευξεν
1111 492 1187 556 εἰς
1226 493 1660 551 Κωνσταντίνου.

506 584 659 638 Ἐπεὶ
693 580 750 637 δὲ
782 584 986 640 Μυσῶν
1014 583 1101 636 καὶ
1139 587 1359 646 Σκυθῶν
1394 580 1567 637 δεινὸν
1601 579 1773 659 φῦλον

316 675 471 731 6185
511 674 937 746 Ἐπεστράτευσε
966 673 1056 727 καὶ
1083 670 1248 726 πάλιν
1281 668 1572 743 Ῥωμαίδι,

503 764 677 835 Δῃοῦν
712 757 769 815 δέ
800 762 987 837 φθάνει
1022 761 1189 835 μέχρι
1220 766 1318 829 τῆς
1348 759 1662 835 Ἀρκαδίου,

498 850 601 906 Καὶ
632 850 885 924 στρατιὰν
916 852 1151 920 ἥττησεν
1182 848 1426 923 αἰσχρῶς
1458 848 1712 905 Αὐσόνων

501 941 649 1013 Πρὸς
681 939 1099 1015 ἀντιπαράταξιν
1134 938 1555 1013 ἰκτετιγμένην,

500 1033 690 1104 ”Εγνω
722 1027 795 1084 δι’
824 1030 990 1085 αὐτοῦ
1021 1034 1155 1106 σφᾶς
1187 1026 1461 1101 μετελθεῖν
1498 1030 1526 1082 ὁ
1555 1029 1794 1103 κράτωρ,

316 1131 465 1187 6190
503 1129 862 1205 Ἀπογραφήν
891 1126 1006 1198 οὖν,
1040 1126 1320 1203 συλλογὴν
1349 1138 1484 1197 καθη
1500 1128 1664 1202 μέραν

498 1219 660 1291 Ὀρᾷν
696 1218 919 1291 ὑπῆρχε
949 1218 1271 1287 Ῥὧμαῖκῶν
1302 1218 1618 1289 ταγμάτων·

502 1306 644 1380 Πρὸς
676 1303 733 1360 δέ
764 1306 969 1375 ξενικὸν
1004 1306 1356 1379 συμμαχικὸν
1394 1304 1585 1377 μυρίον

501 1396 715 1458 Μισθοῦ
748 1396 932 1449 συνιὸν
962 1392 1013 1464 έξ
1046 1392 1184 1461 ὅλης
1218 1394 1531 1468 ἐθναρχίας.

500 1485 590 1545 Ὧς
622 1481 717 1538 οὖν
748 1483 1144 1557 ἀπειράριθμον
1176 1481 1443 1558 ἡθροίσθη
1474 1483 1678 1558 στίφος,

321 1574 470 1629 6195
505 1572 739 1642 Ἕξεισιν
772 1573 907 1647 ἦρος
935 1578 1035 1639 τῆς
1064 1571 1479 1626 Κωνσταντίνου
1508 1571 1745 1646 κράτωρ,

500 1666 718 1735 Χρυσοῦ
748 1663 1075 1735 κεντηνάρια
1104 1660 1262 1716 πέντε
1291 1661 1425 1735 πρὸς
1456 1657 1601 1732 δέκα,

501 1752 795 1825 Ἀργυρίου
823 1749 871 1804 δ’
902 1748 966 1804 αὗ
998 1749 1239 1823 ἰξήκοντ’
1279 1749 1610 1823 ὲπηγμένος·

500 1842 600 1895 Καὶ
628 1841 766 1916 πρὸς
798 1837 1104 1896 Ῥαιδεστὸν
1134 1841 1232 1907 τὴν
1265 1839 1428 1894 πόλιν
1458 1838 1774 1915 ἀφιγμένος,

502 1932 651 1986 Ἐκεῖ
683 1928 853 2007 φύσας
885 1927 1050 2006 ἔφαγε
1084 1930 1343 2001 μυστικὸν
1376 1930 1592 2003 Πάσχα,

316 2031 462 2085 6200
501 2027 796 2103 Ἐορτάσας
829 2026 1040 2103 ἔγερσιν
1070 2030 1231 2101 ἡμῶν
1262 2030 1535 2083 Δεσπότου

505 2119 733 2193 Πρώτην
767 2120 1142 2191 κυριώνυμον,
1172 2118 1247 2180 ὡς
1272 2122 1487 2179 πιστοῖς
1510 2116 1648 2181 ἔθος.

498 2206 812 2282 Ευγγίνεται
846 2204 893 2260 δ’
926 2205 1152 2270 ἐνταῦθα
1185 2207 1493 2278 Βασιλακίῳ

491 2293 679 2369 Ἀνδρί
714 2296 919 2369 βιοῦντι
957 2296 1070 2370 βίον
1106 2293 1515 2369 ἐξηλλαγμένον

498 2386 598 2441 Καὶ
636 2381 913 2457 διαγωγήν
942 2382 1184 2454 ἀσυνήθη
1215 2389 1332 2445 τοῖς
1365 2382 1539 2443 ὅλοις⁷

310 2475 457 2531 6205
491 2476 679 2536 Ὅστις
706 2475 773 2527 τὰ
803 2473 1036 2545 πρόσθεν
1068 2468 1401 2546 προϐλέπειν
1443 2474 1559 2547 εἶχε
1587 2471 1771 2544 κλέος,

494 2562 589 2624 Εἲς
621 2564 681 2616 δν
710 2562 956 2638 συνέρρει
990 2568 1099 2623 πᾶς
1132 2583 1218 2623 τις
1248 2562 1323 2625 ὡς
1350 2562 1425 2623 εἷς
1460 2560 1683 2633 Λοξίαν.

458 2649 627 2707 Οὐδὲν
662 2648 861 2723 διεξῄει
894 2649 953 2704 δὲ
983 2652 1170 2725 τρανὲς
1201 2650 1468 2718 συνόλως,

491 2737 616 2794 Οὐδ’
659 2740 803 2813 ὑγιες
835 2760 893 2794 τε
922 2740 1011 2793 καὶ
1045 2737 1529 2812 διηυκρινημένον,

495 2826 675 2883 Ἀλλὰ
703 2825 955 2904 γριφώδη
988 2827 1182 2896 πάντα,
1214 2826 1631 2899 πεπλανημένα·

306 2930 455 2985 6210
495 2929 582 2984 Ἐν
616 2923 663 2980 δ’
693 2924 757 2980 αὖ
786 2947 849 3000 γε
878 2926 1114 2988 πολλοῖς
1147 2924 1481 3002 ἀπεφλυάρει
1515 2924 1714 2999 λόγους

488 3015 873 3090 Εὐτραπελίας
903 3015 992 3069 καὶ
1023 3013 1267 3089 γέλωτος
1300 3014 1501 3084 ἀξίους,

490 3103 743 3165 Macrob:
772 3108 1046 3178 γυναικῶν
1078 3101 1353 3180 ἀναδιφῶν
1387 3102 1694 3174 παλάμαις,

486 3196 801 3268 Περιαθρῶν
827 3213 887 3247 τε
915 3194 1007 3247 καὶ
1044 3193 1217 3268 σφυρὰ
1244 3192 1451 3246 τούτων
1483 3191 1673 3259 πάλιν,

480 3284 601 3359 Ἐφ’
635 3284 723 3336 οἶσ
748 3288 955 3355 συνεῖρε
979 3283 1067 3336 καὶ
1107 3282 1313 3355 μακρὰς
1345 3277 1643 3355 ληρωδίας.

308 3373 455 3428 6215
492 3373 688 3443 Ὅμως
722 3368 1084 3425 έπεισπάσατο
1118 3371 1404 3447 συρφάκων
1439 3365 1636 3443 ὄχλον,

491 3458 593 3516 Καὶ
625 3460 676 3513 οἱ
707 3465 1009 3534 προσεῖχον
1044 3462 1134 3512 οἷα
1161 3460 1248 3512 καὶ
1287 3454 1605 3533 προηγόρῳ.

497 3548 771 3602 Συνείπετ’
806 3547 953 3618 αὐτῷ
983 3548 1073 3601 καὶ
1106 3568 1227 3601 τινα
1254 3544 1513 3623 γραῖδίων

489 3635 1052 3711 υἱστρηλατουμένων
1079 3657 1138 3691 τε
1166 3638 1253 3690 γαὶ
1288 3635 1621 3712 παραφόρων

489 3732 568 3780 Ta
597 3723 851 3801 δρώμενά
880 3726 936 3779 οἱ
961 3746 1134 3780 παντα
1162 3726 1249 3780 καὶ
1282 3725 1580 3799 λελεγμένα

310 3818 455 3873 6220
493 3814 932 3890 Διατρανούντων
962 3814 1377 3892 ἀφικνουμένοις
1411 3812 1585 3876 ὅλοις,

490 3906 623 3965 Τοῖς
650 3903 872 3958 πλείοσι
907 3901 950 3957 δ’
983 3900 1130 3974 ἔδοξε
1159 3901 1351 3958 τοῦτον
1382 3902 1603 3959 εἰδότων

492 3992 841 4067 Προφητικός
869 4014 952 4055 τις
980 3994 1064 4047 καὶ
1100 3998 1216 4064 Θεῷ
1246 3992 1605 4068 πεφιλμένος·

493 4084 590 4145 Οἷς
620 4081 832 4145 σύνεσις
861 4080 907 4136 δ’
933 4082 1001 4150 ἦν
1031 4083 1120 4137 καὶ
1152 4082 1336 4159 φρένες
1366 4082 1566 4157 κρίνειν
1593 4078 1735 4152 δέον,

491 4170 715 4233 Γελοῖος
748 4169 1058 4241 ὑπείληπτο
1086 4169 1349 4246 ληρώδης
1373 4171 1569 4246 γέρωνο

310 4262 455 4318 6225
493 4258 684 4330 Ἔδοξε
714 4258 759 4314 δ’
783 4258 978 4322 ἄλλοις
1010 4266 1222 4333 πνεῦμα
1264 4259 1518 4321 Πύθωνος
1550 4258 1751 4334 φέρειν’

493 4350 678 4411 Ὅστις
711 4348 984 4404 έπιστάντι
1016 4370 1077 4425 γε
1104 4355 1184 4421 τῷ
1214 4348 1543 4427 (πεφηφόρῳ

492 4438 596 4494 Καὶ
625 4436 773 4493 τόνδ’
815 4436 1019 4512 ἱλαρῶς
1052 4438 1410 4514 εὐλογήσαντι
1440 4439 1564 4494 τότε

495 4525 666 4585 Οὐδὲν
699 4529 963 4599 κατξίωσε
992 4534 1292 4603 προσσχεῖν
1314 4528 1579 4590 συνόλως⁶

491 4618 643 4671 ’Ἃνω
677 4614 735 4671 δέ
773 4618 921 4671 κάτω
958 4617 1245 4692 βακχικῶς
1274 4638 1392 4679 πως
1424 4616 1669 4692 ἠγμένος

316 4715 468 4771 6230
509 4710 799 4770 Ὀνείδεσιν
833 4708 1035 4768 ἔϐαλλε
1066 4714 1532 4790 συνειλεγμένους,

498 4802 638 4864 Τοὺς
675 4800 722 4856 δ’
752 4802 805 4857 ἐν
836 4802 982 4858 τέλει
1020 4802 1259 4876 μάλιστα
1288 4804 1377 4858 καὶ
1409 4804 1712 4876 γερουσίας

500 4892 602 4947 Καὶ
634 4893 878 4968 κράτορα
913 4890 957 4946 δ’
989 4893 1096 4968 οὐχ
1125 4896 1286 4961 ἧττον
1318 4896 1383 4961 ἦν
1417 4896 1595 4954 κακῶς
1634 4892 1827 4967 λέγων·

502 4982 605 5038 Καὶ
638 4983 691 5036 οἱ
721 4983 919 5057 κρατὸς
954 4979 1001 5036 δ’
1031 4983 1287 5056 ὥρμησεν
1319 4980 1551 5056 ἅρπάσαι
1575 4979 1761 5037 πῖλον.

494 5068 671 5134 Μόλις
701 5068 759 5125 δὲ
798 5070 967 5141 λήξας
998 5069 1266 5127 πωλικῶν
1295 5071 1635 5142 κινημάτων,

321 5161 470 5217 6235
507 5164 582 5234 Τῇ
616 5158 706 5215 διὰ
734 5162 925 5237 χειρὸς
953 5161 1164 5217 εὐτελεῖ
1197 5161 1469 5236 βακτηρίᾳ

501 5251 747 5323 Ὄμματ⁹
768 5252 1008 5325 ἀμαυροῖ
1043 5249 1333 5326 βασιλικῆς
1363 5248 1571 5312 εἰκόνος

511 5340 616 5396 Eni
646 5340 873 5405 πίνακος
895 5341 1078 5405 αὐτόθ’
1111 5339 1571 5417 ἐγγεγραμμένης³

505 5429 614 5484 Τοῦ
646 5427 692 5483 δ’
723 5431 797 5492 ὡς
834 5430 1143 5505 μεμηνότος
1173 5428 1473 5503 καταγυοὺς
1516 5425 1663 5496 ἅναξ.

505 5516 738 5581 ’Δλλαις
761 5521 950 5575 ἑαυτὸν
984 5518 1259 5598 φροντίσιν
1294 5516 1608 5593 ἆνησχόλει.

318 5610 465 5666 6240
506 5608 745 5667 Ἐκεῖθεν
779 5610 853 5673 εἷς
880 5607 1148 5685 Κύψελλα
1175 5605 1432 5685 φρούριον
1466 5606 1693 5685 φθάσας,

608 5728 882 5793 Panos.
931 5728 1043 5794 Gn.
1084 5724 1345 5789 CXLIII.

1861 283 2221 336 CBSARES.

2016 434 2070 500 Α
2103 406 2379 500 brevique
2410 412 2541 479 post
2572 410 2833 500 pervenit
2863 410 3339 485 Philippopolim,

2105 500 2281 567 atque
2312 496 2450 552 hinc
2481 499 2770 554 concessit
2798 499 3383 573 Constantinopolim.

2101 584 2212 639 Sed
2246 585 2519 655 quoniam
2549 589 2710 643 Moesi
2740 593 2797 643 et
2828 589 3051 660 Scythae
3084 595 3286 661 gentes
3319 593 3504 649 efferas

2100 689 2308 729 rursus
2341 674 2605 731 molestis
2635 684 2806 732 erant
2838 678 3118 736 Romanis
3149 682 3321 736 terris

2096 764 2544 836 praedantesque
2572 776 2949 837 pervenerant
2981 771 3434 842 Arcadiopolim.

2095 853 2351 908 exercitu
2382 857 2644 911 Romano
2675 857 2824 912 victo
2856 858 3106 929 turpiter

2094 940 2195 1011 qui
2227 946 2428 999 contra
2457 942 2609 999 exire
2640 943 2698 998 in
2730 946 2914 1000 aciem
2948 964 3130 1002 ausus
3159 949 3381 1018 fuerat;

2092 1027 2309 1085 bellum
2343 1032 2649 1087 constituit
2681 1033 2870 1089 Caesar
2899 1050 3001 1105 per
3023 1051 3085 1092 se
3110 1053 3328 1107 gerere.

2089 1117 2579 1175 Conscribebatur
2604 1122 2803 1193 itaque
2835 1123 3097 1193 quotidie
3127 1127 3433 1194 exercitus,

2091 1211 2457 1286 Romanique
2488 1216 2724 1272 ordines
2756 1218 3246 1275 centuriabantur
3280 1238 3292 1275 :

2087 1302 2381 1372 plurimus
2412 1306 2588 1361 etiam
2631 1308 2856 1362 advena
2892 1313 2949 1363 et
2978 1308 3280 1365 auxiliaris

2086 1392 2522 1449 conducebatur
2552 1395 2719 1450 miles
2752 1396 2811 1451 in
2845 1402 3053 1452 cuneto
3082 1398 3347 1470 imperio.

2083 1478 2329 1550 Jamque
2352 1480 2613 1538 collectis
2645 1484 2829 1556 copiis
2858 1502 3035 1557 prope
3066 1488 3415 1557 innumeris,

2083 1584 2213 1623 vere
2244 1570 2481 1626 ineunte
2513 1572 2705 1628 Czssar
2725 1576 3000 1645 Byzantio
3033 1576 3229 1644 exivit,

2084 1656 2210 1711 auri
2242 1659 2477 1729 quidem
2512 1662 2878 1718 centenarios
2903 1663 3264 1733 quindecim;

2081 1744 2307 1814 argenti
2334 1746 2634 1817 sexaginta
2664 1764 2864 1803 secum
2900 1750 3111 1805 ferens.

2080 1830 2149 1884 Et
2180 1832 2251 1885 ad
2282 1832 2658 1890 haedestum
2693 1852 2879 1906 usque
2912 1853 3261 1909 progressus
3296 1843 3502 1899 urbem

2082 1921 2392 1991 mysticum
2423 1922 2504 1978 ibi
2536 1926 2912 1981 manducavit
2952 1928 3194 1997 pascha,

2080 2013 2569 2069 resurrectionem
2593 2015 2805 2071 Christi
2838 2016 3159 2074 solemnem
3191 2035 3501 2092 peragens,

2080 2100 2332 2171 primam
2366 2119 2574 2175 nempe
2606 2102 2992 2173 Dominicam,
3026 2107 3359 2164 Christiano
3394 2126 3575 2169 more:

2082 2199 2164 2254 Ibi
2190 2200 2248 2255 in
2282 2200 2640 2271 colloquium
2667 2203 2824 2258 venit
2851 2220 2983 2259 cum
3020 2205 3302 2262 Basilacio

2079 2290 2202 2347 viro
2233 2293 2458 2347 vivente
2483 2292 2790 2349 insolitum
2822 2296 2950 2350 vitae
2981 2312 3190 2367 genus,

2078 2378 2225 2433 nulli
2261 2384 2462 2436 suetos
2494 2382 2805 2451 proﬁtente
2836 2400 3048 2449 mores,

2077 2468 2176 2537 qui
2214 2468 2410 2523 futura
2439 2470 2687 2524 canendi
2718 2470 2950 2527 cluebat
2974 2472 3175 2543 gloria,

2076 2558 2304 2614 cunctis
2333 2559 2403 2613 ad
2435 2576 2568 2614 eum
2603 2560 2973 2618 venientibus
3005 2580 3110 2618 ceu
3143 2566 3214 2619 ad
3248 2564 3507 2623 Loxiam.

2077 2645 2190 2702 Nec
2222 2650 2418 2701 tamen
2450 2645 2500 2701 is
2532 2646 2761 2701 dicebat
2804 2650 3111 2721 perspicue
3143 2652 3496 2723 quidquam,

2075 2750 2214 2789 neve
2247 2733 2346 2804 qui
2378 2750 2589 2789 sanum
2623 2735 2919 2807 probeque
2950 2738 3279 2808 definitum,

2072 2839 2272 2877 verum
2308 2822 2542 2879 fallacia
2571 2831 2781 2879 cuncta
2812 2830 2869 2880 et
2898 2828 3271 2896 perobscura.

2072 2910 2332 2967 Profecto
2363 2912 2492 2982 ejus
2522 2928 2825 2968 sermones
2853 2915 3203 2986 plerumque
3228 2923 3391 2973 erant

2069 2998 2396 3055 scurriliter
2425 3000 2593 3054 eﬂ‘usi
2625 3000 2865 3071 risuque
2897 3002 3082 3072 digni.

2069 3087 2322 3159 Papillas
2354 3087 2702 3143 feminarum
2737 3094 3107 3145 contrectans
3140 3092 3417 3149 manibus

1989 3157 2031 3225 C
2071 3157 2509 3248 inspiciensque
2541 3176 2758 3247 pariter
2786 3176 3021 3233 illarum
3053 3180 3225 3248 talos,

2063 3265 2268 3336 longas
2299 3270 2424 3319 tum
2452 3265 2690 3319 demum
2725 3266 2995 3321 nectebat
3026 3268 3369 3323 cantilenas.

2067 3366 2357 3422 Plebeiam
2389 3371 2585 3420 tamen
2619 3367 2853 3421 turbam
2883 3366 2931 3422 is
2965 3367 3231 3423 illexerat

2069 3457 2422 3527 praebentem
2456 3472 2628 3510 aures
2662 3456 2771 3509 sibi
2805 3460 3089 3527 tanquam
3121 3457 3259 3512 vati.

2065 3544 2508 3600 Comitabantur
2538 3542 2706 3598 illum
2742 3548 2799 3598 et
2829 3545 3098 3615 quzsdam
3128 3545 3332 3600 vetulae

2064 3634 2295 3687 vecordi
2328 3637 2503 3687 oestro
2537 3632 2771 3703 percita
2800 3637 2990 3704 atquae
3016 3634 3259 3700 insanae,

2068 3738 2196 3792 quae
2227 3728 2428 3791 gestus
2460 3721 2586 3791 ejus
2621 3721 2839 3790 pariter
2867 3726 2925 3777 et
2953 3723 3110 3778 dicta
3134 3723 3333 3778 omnia

2068 3810 2472 3865 edisserebant
2498 3809 2696 3879 populi
2728 3826 2973 3865 coronas.

2070 3896 2351 3969 Vulgares
2379 3914 2516 3969 ergo
2548 3897 2819 3953 homines
2853 3899 2952 3969 qui
2985 3900 3143 3955 hunc
3177 3906 3482 3969 noverant,

2071 3985 2366 4058 prophetas
2398 3985 2524 4040 loco
2569 3984 2864 4041 habebant
2894 3987 3129 4057 Deoque
3162 3988 3320 4044 chari
3354 4006 3368 4041 :

2071 4092 2271 4132 verum
2306 4075 2529 4131 cordati
2561 4080 2619 4130 et
2649 4092 2792 4129 sano
2817 4075 3040 4145 judicio
3072 4076 3300 4147 praediti

2072 4164 2392 4222 ridiculum
2418 4179 2823 4235 nugacemque
2857 4165 3142 4233 putabant
3163 4181 3363 4221 senem
3393 4182 3405 4219 :

2074 4260 2171 4317 alii
2206 4261 2503 4329 postremo
2531 4253 2912 4325 pythonicum
2943 4255 3279 4313 credebant.

2076 4359 2128 4413 Is
2161 4354 2530 4411 accedentem
2565 4366 2667 4421 per
2697 4349 2754 4404 id
2788 4356 3024 4421 tempus
3058 4350 3383 4422 principem

2075 4452 2132 4503 et
2159 4444 2513 4501 salutantem
2550 4439 2795 4494 comiter
2826 4456 2891 4494 ac
2922 4439 3200 4495 benevole

2006 4525 2054 4590 D
2088 4533 2249 4591 nullo
2281 4531 2553 4601 dignatus
2583 4532 2672 4582 est
2701 4533 2990 4597 respectu,
3016 4528 3222 4583 auditu
3258 4546 3270 4581 :

2084 4624 2202 4677 imo
2234 4620 2342 4674 hac
2374 4616 2508 4671 illac
2537 4616 2848 4670 discurens
2880 4620 3165 4686 tanquam
3200 4615 3426 4671 baccha

2082 4707 2366 4767 conviciis
2398 4706 2852 4761 circumstantes
2883 4704 3189 4768 onerabat,

2084 4799 2387 4871 praafectos
2422 4791 2745 4865 prazsertim
2779 4809 2845 4847 ac
2884 4799 3187 4848 senatores
3220 4813 3234 4860 ;

2086 4906 2190 4947 nec
2222 4888 2420 4943 minus
2452 4885 2564 4956 ipsi
2591 4885 2805 4940 Caesari
2840 4884 3227 4939 maledicebat
3256 4900 3268 4937 :

2086 4980 2230 5051 quin
2262 4981 2317 5031 et
2344 4973 2649 5029 detrahere
2680 4972 2870 5044 capite
2902 4972 3147 5028 tentavit
3179 4972 3427 5043 apicem.

2086 5068 2333 5123 Domum
2363 5062 2658 5118 desistens
2692 5061 2927 5131 equinis
2960 5060 3401 5128 saltationibus,

2086 5156 2184 5212 vili
2216 5169 2391 5227 quem
2419 5153 2567 5206 forte
2608 5165 2787 5203 manu
2824 5150 3061 5221 gerebat
3092 5149 3300 5206 baculo

2087 5244 2287 5302 oculos
2314 5237 2552 5297 violavit
2582 5236 2753 5309 regiae
2788 5237 3066 5310 imaginis

2090 5352 2217 5408 quas
2253 5329 2551 5404 prostabat
2582 5326 2801 5382 ibidem
2835 5328 2990 5400 picta
3019 5328 3079 5382 in
3114 5328 3333 5385 tabula.

2090 5405 2253 5479 'l‘unc
2286 5417 2527 5474 homine
2561 5420 2625 5469 ut
2653 5415 2845 5470 insani
2881 5420 3216 5487 contempto
3251 5405 3490 5472 cerebal

2089 5515 2279 5570 Czssar
2311 5508 2381 5564 ad
2416 5504 2564 5560 alias
2598 5504 2861 5558 animum
2896 5505 3180 5559 convertit
3208 5519 3404 5559 curas.

2092 5602 2260 5659 Illinc
2290 5594 2577 5672 promotis
2611 5593 2681 5649 ad
2713 5592 2978 5665 Cypsella
3023 5592 3250 5660 castris,

3428 5706 3467 5765 8
