4104 6204
351 292 460 347 235
1569 275 1942 334 EPHREMII
1979 271 2548 329 CHRONOGRAPHI

356 414 541 475 animi
573 427 754 470 causa
781 412 1055 466 venatum
1089 409 1179 462 eet
1207 405 1526 478 profectus,

357 502 715 572 invitavique
746 500 982 554 fratrem
1017 499 1082 550 ut
1111 511 1310 552 secum
1337 494 1466 550 iret.

357 595 463 650 Hic
494 595 687 648 autem
719 603 877 644 venae
914 584 1206 642 simulans
1238 583 1553 640 sectionem

359 680 723 740 venatorium
757 690 1070 731 excursum
1102 672 1414 729 declinavit
1447 689 1460 725 :

357 786 538 844 quare
567 769 892 839 imperator
916 764 1079 821 solus
1103 767 1193 818 est
1224 762 1540 834 profectus.

356 862 520 918 Tunc
549 854 841 927 conjurati
862 853 1138 909 idoneum
1171 851 1324 909 nacti
1359 859 1589 920 tempus

357 963 702 1023 germanum
739 947 865 1016 ejus
887 945 1155 1001 Alexium
1189 941 1401 1014 raptim
1435 940 1660 996 ducunt

354 1041 515 1096 intra
545 1038 863 1094 tentorium
895 1035 1124 1108 regium
1155 1035 1483 1103 thronoque
1514 1027 1824 1095 collocant,

359 1133 418 1186 et
448 1130 781 1184 Romanum
815 1124 1077 1182 salutant
1107 1123 1544 1194 imperatorem,

360 1217 693 1292 plausibus,
725 1218 791 1270 ut
820 1214 884 1269 fit
913 1214 1174 1286 regibus,
1208 1210 1648 1280 concrepantes.

359 1307 579 1364 Audita
609 1320 669 1360 re
703 1302 961 1360 Isaacius
993 1307 1177 1358 Deum
1219 1297 1465 1371 rogabat

358 1404 424 1456 ut
455 1415 518 1455 se
548 1395 820 1469 praesenti
851 1391 1187 1452 discrimini
1219 1389 1491 1461 eriperet.

359 1489 510 1543 Tum
545 1486 757 1542 missos
789 1499 1035 1540 cernens
1065 1479 1295 1551 equites
1323 1475 1424 1548 qui
1455 1491 1518 1530 se
1547 1475 1822 1544 caperent

361 1578 535 1636 celeri
568 1594 744 1634 cursu
788 1577 1103 1642 instantes,
1135 1570 1382 1626 habenis
1413 1566 1561 1622 laxis

365 1669 538 1742 cmpit
567 1673 626 1725 et
655 1667 780 1738 ipse
805 1665 866 1720 in
899 1665 1098 1733 fugam
1131 1676 1194 1715 se
1223 1657 1511 1727 conjicere
1543 1671 1556 1710 :

375 1756 752 1830 appositique
783 1751 944 1808 ﬂuvii
974 1749 1225 1805 transtis
1255 1745 1552 1814 ﬂuctibus,

362 1844 689 1901 calcaribus
720 1840 967 1912 urgebat
995 1851 1236 1894 cursum
1269 1832 1425 1904 equi.

358 1935 472 1992 Sed
499 1938 695 1988 tamen
726 1933 935 2002 captus
965 1929 1026 1982 in
1057 1925 1272 1998 oppido
1296 1921 1523 1992 Stagira

357 2023 601 2078 orbatus
631 2024 720 2076 est
750 2017 1056 2075 oculorum
1084 2012 1411 2070 luminibus

357 2114 417 2168 in
438 2111 768 2168 venerando
802 2105 1158 2163 monasterio
1198 2102 1376 2168 Berae,

359 2201 529 2271 cujus
560 2199 838 2255 fundator
868 2196 1059 2252 fuerat
1088 2193 1514 2248 sebaslocrator

358 2288 737 2362 imperatoris
760 2283 1082 2342 Andronici
1114 2282 1362 2355 genitor.

359 2380 452 2434 Sic
484 2377 747 2436 Isaacius
777 2373 1105 2430 luminibus
1135 2386 1342 2426 cassus

359 2465 520 2538 regio
551 2467 612 2520 in
640 2463 853 2536 palatio
883 2460 1179 2517 clauditur
1208 2473 1314 2513 ceu
1337 2469 1589 2522 carcere,

359 2555 458 2611 ubi
491 2557 728 2626 propter
750 2548 974 2606 doloris
1005 2545 1388 2603 acerbitatem

358 2643 589 2701 nullum
623 2657 725 2713 per
757 2637 882 2694 dies
914 2634 1246 2707 complures
1276 2629 1534 2704 gustavit
1564 2628 1779 2683 cibum.

357 2735 506 2792 Exin
539 2733 608 2788 ad
633 2732 782 2786 duas
813 2726 1121 2784 columnas
1152 2723 1258 2792 (sic
1292 2723 1454 2777 locus
1487 2718 1725 2789 dicitur)

359 2824 570 2880 domus
593 2819 706 2891 ipsi
737 2817 1078 2888 assignatur
1106 2813 1167 2868 in
1198 2809 1570 2883 Propontide.

361 2915 676 2982 postquam
712 2907 1043 2962 Romanum
1077 2899 1354 2957 dominus
1385 2895 1696 2968 imperium

363 3005 593 3058 rexerat
622 2996 792 3055 annis
823 3010 1032 3051 novem
1063 3008 1197 3048 cum
1229 2993 1452 3062 septem
1486 2985 1812 3049 mensibus,

493 3111 796 3171 ALEXIUS
830 3107 1154 3168 ANGELUS
1201 3105 1318 3161 AN.
1351 3101 1500 3172 VIII,
1531 3099 1742 3156 MENS.
1775 3097 1870 3153 VI.

361 3219 552 3285 Atque
581 3212 664 3266 ita
694 3209 931 3264 Alexius
959 3207 1204 3278 imperio
1236 3202 1458 3276 potitus

360 3317 679 3370 rerumque
708 3313 1001 3354 summam
1035 3295 1197 3350 solus
1228 3291 1670 3352 administrans,

368 3407 485 3447 non
519 3394 714 3444 tamen
747 3385 1051 3441 festinavit
1081 3381 1423 3452 Byzantium
1457 3376 1681 3443 statim,

367 3478 468 3534 sed
504 3474 766 3531 occiduis
800 3471 1066 3544 partibus
1091 3465 1522 3528 laborantibus,

365 3571 605 3641 propter
635 3564 916 3620 molestos
948 3559 1244 3631 principes
1275 3556 1586 3610 Moesorum

370 3659 627 3713 Asanem
662 3658 838 3724 atque
864 3651 1104 3705 Petrum
1137 3646 1430 3701 infaustos
1462 3643 1692 3709 fratres,

367 3758 538 3816 opem
569 3752 894 3809 curamque
923 3735 1151 3791 censuit
1188 3730 1664 3803 impendendam.

368 3832 731 3905 Significavit
759 3833 958 3884 tamen
991 3822 1228 3895 conjugi
1259 3821 1608 3893 dignitatern
1640 3834 1809 3874 suam

364 3926 721 3992 senatusque
746 3916 895 3990 parti
927 3931 1057 3987 quae
1086 3913 1148 3968 in
1181 3912 1324 3966 urbe
1355 3914 1499 3976 erat,

363 4011 636 4082 cleroque
657 4007 785 4077 toti,
813 4004 1159 4075 civibusque
1191 3999 1389 4056 simul.

362 4103 552 4170 Atque
581 4097 735 4151 hanc
763 4107 1046 4149 novarum
1078 4087 1348 4145 notitiam
1373 4101 1568 4140 rerum

363 4203 535 4242 nemo
569 4201 685 4240 non
718 4183 966 4237 libenter
996 4179 1198 4234 hausit
1227 4175 1493 4230 auribus.

361 4282 513 4332 Dum
547 4279 744 4331 tamen
774 4270 1160 4342 Euphrosyne
1199 4267 1442 4322 ducznna

361 4367 432 4422 ad
467 4379 750 4435 magnum
784 4357 1068 4430 templum
1104 4356 1306 4428 regina
1337 4354 1694 4426 procederet,

357 4453 598 4526 plebeiae
626 4450 814 4506 turbae
844 4447 1179 4518 conspirata
1211 4459 1422 4498 manus

355 4544 548 4598 virum
571 4537 927 4610 cognomine
959 4532 1519 4604 Contostephanum,

355 4631 626 4687 Alexium
660 4631 853 4682 autem
886 4624 1145 4691 nomine,
1177 4622 1473 4678 deducens

353 4721 415 4774 in
449 4733 730 4790 magnum
765 4715 865 4770 Dei
895 4713 1292 4769 venerandum
1324 4708 1634 4780 templum,

356 4810 773 4880 imperatorem
807 4805 1135 4860 Romanum
1169 4799 1464 4857 salutavit.

351 4900 570 4955 Verum
604 4897 654 4953 is
685 4901 892 4967 captus
923 4894 1123 4950 statim
1157 4893 1230 4948 ab
1271 4890 1655 4963 optimatibus

354 4989 626 5044 meritam
658 4985 868 5041 habuit
897 4983 1149 5039 carceris
1179 4979 1530 5037 custodiam.

351 5078 571 5136 Deinde
593 5080 842 5132 cunctus
877 5073 1130 5146 populus
1165 5073 1232 5128 ad
1267 5069 1556 5141 templum
1589 5086 1829 5125 currens

349 5155 784 5242 imperalricem
818 5164 1112 5222 salutabat
1141 5162 1582 5234 Euphrosynen.

2035 398 2090 465 Α
2297 395 2440 468 Πρὸς
2470 396 2640 468 θήραν
2674 391 2956 465 ἐξώρμησε
2983 387 3222 462 τέρψεως
3256 386 3440 464 χάριν·

2286 483 2384 538 Καὶ
2416 480 2696 537 συνεκάλει
2724 479 2813 535 καὶ
2845 477 3105 550 σύναιμον
3137 477 3273 552 πρὸς
3305 473 3455 530 τάδε’

2288 573 2636 645 Σκεψάμενος
2667 567 2723 624 δὲ
2751 570 2849 639 τήν
2884 562 3083 645 φλεϐὸς
3111 565 3302 641 σχάσιν
3336 562 3429 620 ὅδε

2288 665 2396 715 Τοῦ
2423 662 2557 735 πρὸς
2588 659 2906 733 κυνηγέσιον
2941 655 3186 729 ἐκκρούει
3217 651 3448 728 δρόμουο

2111 751 2253 807 6245
2291 749 2492 819 ’Έξεισι
2533 746 2580 803 δ’
2610 748 2782 808 οὕτως
2813 744 3161 819 αὐτοκράτωρ
3192 744 3281 798 καὶ
3319 745 3512 816 μόνος,

2295 840 2613 912 Συνίστορες
2646 835 2703 891 δὲ
2730 829 3138 911 προσλαϐόντες
3168 831 3502 906 σκεμμάτων

2293 928 2562 1002 Σύναιμον
2600 926 2841 996 Ἀλέξιον
2873 923 3059 1000 ἄγουσι
3089 924 3263 998 τάχος

2295 1019 2480 1088 Σκηνὴ
2511 1017 2646 1090 πρὸς
2673 1013 2839 1083 αὐτὴν
2865 1013 2955 1069 καὶ
2991 1012 3268 1088 βασίλειον
3299 1011 3516 1086 θρόνον,

2293 1107 2393 1163 Καὶ
2425 1103 2569 1160 τόνδ’
2601 1106 2817 1160 ἀνεῖπον
2853 1102 3235 1178 αὐτοκράτοφ”
3263 1101 3518 1158 Αὐσόνων

2115 1197 2257 1254 6250
2294 1197 2428 1256 Τοῖς
2465 1191 2772 1270 βασιλικοῖς
2804 1189 3171 1259 ἀλαλάζοντες
3200 1189 3440 1264 κρότοις.

2294 1287 2393 1339 Καὶ
2421 1283 2582 1358 γνοὺς
2607 1283 2871 1342 Ἰσαάκιος
2895 1280 2963 1334 τὰ
2989 1279 3360 1354 πεπραγμένα,

2296 1371 2613 1427 Θεοκλυτῶν
2642 1371 2706 1441 ἧν
2737 1365 2984 1424 κίνδυνον
3014 1367 3358 1443 πεφευγέναι.

2296 1461 2444 1516 Ἐπεὶ
2477 1457 2533 1514 δὲ
2563 1458 2870 1528 συνέξοντας
2899 1455 3058 1510 αὐτὸν
3091 1454 3325 1516 ἱππόταις

2296 1551 2476 1625 Ἐώρα
2505 1547 2897 1623 συντρέχοντας
2928 1544 3150 1619 ὀιπτέρῳ¹
3172 1545 3353 1618 τάχει,

2120 1641 2262 1698 6255
2301 1638 2476 1700 Ἀνεὶς
2503 1637 2701 1714 χακινὰ
2729 1635 2865 1709 πρὸς
2895 1636 3071 1712 φυγὴν
3109 1630 3438 1708 μετετρᾶίπη·

2300 1728 2402 1785 Καὶ
2432 1727 2555 1804 ῥοῦν
2587 1729 2838 1799 ποταμοῦ
2869 1718 3060 1784 διαϐὰς
3090 1721 3479 1797 προκειμένου,

2300 1816 2564 1874 Ἥλαυνεν
2592 1816 2762 1871 ’ίππον
2796 1811 3111 1890 φυγαδεύων
3197 1814 3400 1875 σθένος.

2294 1906 2449 1976 Πλὴν
2483 1905 2765 1980 συσχεθιίς
2791 1925 2853 1979 γε
2882 1904 3018 1957 κατά
3044 1902 3338 1978 Στάγειραν
3360 1901 3556 1974 πόλιν,

2295 1998 2645 2054 Ἐκκόπτεται
2681 1992 2748 2064 δὴ
2779 1995 2874 2056 τὰς
2905 1991 3071 2067 κόρας
3101 1996 3210 2046 τῶν
3242 1991 3555 2066 ὀμμμάτων

2115 2089 2258 2144 6260
2297 2085 2447 2141 Κατὰ
2475 2089 2720 2157 σεμνεῖον
2751 2081 2936 2156 εὐαγὲς
2966 2081 3028 2135 τὸ
3052 2082 3151 2150 τῆς
3185 2081 3386 2154 Βήρας,

2294 2175 2469 2250 Οὗπερ
2502 2171 2764 2247 δομήτωρ
2795 2166 3240 2246 σεϐαστοκράτωρ
3271 2167 3368 2244 ἔφυ

2289 2262 2445 2320 Τοῦδ’
2476 2261 2823 2339 Ἀνδρονίκου
2853 2261 2940 2316 καὶ
2969 2259 3158 2322 τοκεὺς
3191 2260 3560 2340 στεφηφόρου.

2294 2352 2451 2411 Οὕτω
2483 2351 2529 2407 δ’
2561 2351 2823 2414 Ἰσαάκιος
2851 2349 3100 2413 ἐκκοπεὶς
3129 2349 3317 2426 κόρας,

2292 2448 2384 2500 Ἐν
2425 2439 2726 2519 βασιλείοις
2754 2440 3188 2516 ἐγκαθείργνυται
3223 2436 3417 2512 δόμοις

2114 2535 2257 2590 6265
2295 2532 2440 2606 Οὐχὶ
2477 2532 2762 2606 μετασχὼν
2798 2531 3014 2585 οἱασοῦν
3049 2526 3300 2600 έδητύος,

2301 2625 2398 2676 Διά
2421 2621 2484 2676 τὸ
2510 2622 2680 2684 πάθος
2704 2622 2928 2694 ἡμερῶν
2958 2621 3176 2693 συχνῶν
3205 2618 3365 2674 πάνυ.

2205 2704 2217 2715 ’
2294 2712 2503 2768 Ἔπιιτ’
2531 2710 2732 2774 ἐκεῖθεν
2761 2703 2916 2784 ἔσχεν
2951 2707 3109 2763 αὐτὸν
3145 2706 3293 2762 οίκία

2294 2803 2359 2857 Ἢ
2388 2799 2524 2856 κατὰ
2553 2797 2782 2856 διπλοῦν
2813 2798 2966 2853 κίονα
2996 2793 3387 2869 Προποντίδος,

2297 2886 2400 2942 Σὺν
2435 2886 2598 2961 μησὶν
2630 2887 2764 2941 ἔπτὰ
2795 2886 2906 2958 (69)
2937 2881 3275 2946 λυκάϐαντας
3309 2881 3458 2938 έννὲα

2117 2980 2260 3035 6270
2296 2975 2643 3053 Κραταρχίας
2675 2975 2902 3050 ἄρξαντα
2930 2981 3028 3044 τῆς
3057 2977 3166 3029 τῶν
3196 2974 3481 3031 Αὐσόνων.

2039 3126 2082 3192 C
2380 3095 2691 3153 ΑΑΕΞΙΟΣ
2733 3095 2778 3150 Ο
2815 3092 3131 3150 ΑΓΓΕΛΟΣ
3171 3091 3288 3148 ΕΤ.
3328 3090 3416 3159 H',
3447 3091 3536 3154 ς”.

2297 3194 2450 3250 Οὕτω
2483 3191 2529 3248 δ’
2555 3187 2746 3254 ἐπιϐὰς
2778 3190 3018 3262 Ἀλέξιος
3047 3194 3145 3245 τοῦ
3173 3190 3407 3262 κράτους

2297 3285 2399 3342 Καὶ
2429 3287 2535 3338 τῶν
2566 3279 2712 3338 ὅλων
2745 3281 2895 3358 σχὼν
2920 3281 3172 3356 καθαρῶς
3198 3277 3517 3354 αὐταρχίαν,

2296 3373 2406 3429 Οὐκ
2435 3371 2588 3434 εὐθὺς
2619 3368 2903 3447 εἰσέδραμε
2931 3370 3069 3445 πρὸς
3101 3365 3422 3438 Βυζαντίδα,

2297 3461 2471 3519 Ἀλλά
2497 3465 2678 3523 κακῶς
2709 3460 2982 3534 πάσχουσι
3010 3463 3128 3521 τοῖς
3155 3455 3291 3512 κατὰ
3310 3453 3459 3510 δύσιν

2119 3554 2262 3610 6275
2300 3552 2452 3626 Παρὰ
2481 3553 2792 3625 Μυσαρχῶν
2816 3549 3156 3622 κασιγνήτων
3190 3544 3506 3622 δυστρόπων

2299 3640 2456 3697 ’Δσάν
2484 3659 2542 3694 τε
2573 3641 2780 3715 Πέτρου
2809 3644 2915 3706 τῆσ
2941 3639 3112 3701 κακῆς
3146 3633 3446 3710 ξυνωρίδος

2300 3727 2632 3806 Προστρέχει
2661 3729 2941 3804 πράγμασι
2971 3724 3060 3780 καὶ
3089 3721 3275 3779 τοῖσδε
3305 3722 3519 3796 ἀμύνει.

2301 3818 2474 3890 Δηλοῖ
2508 3816 2554 3873 δ’
2585 3816 2667 3872 ἐπ’
2697 3815 2844 3889 αὐτῷ
2863 3817 2927 3872 τὸ
2955 3814 3200 3891 πραχθὲν
3229 3816 3299 3887 τῇ
3335 3810 3572 3888 συζύγῳ.

2298 3907 2586 3984 Γερουσίας
2621 3905 2770 3981 μέρει
2798 3925 2857 3960 τε
2883 3909 2961 3976 τῷ
2989 3904 3124 3959 κατὰ
3152 3899 3340 3972 πόλιν,

2118 4001 2262 4057 6280
2299 3997 2506 4073 Κλήρῳ
2533 4019 2593 4053 τε
2621 3995 2779 4052 παντὶ
2808 3998 2899 4051 καὶ
2929 3994 3188 4066 πολιτείᾳ
3216 3994 3407 4049 πάλινο

2297 4088 2400 4146 Καὶ
2431 4093 2536 4150 πᾶς
2565 4108 2646 4148 τις
2679 4085 2808 4140 ὠσὶν
2839 4085 3007 4154 ἀκοὴν
3037 4081 3437 4161 πεπραγμένων

2295 4180 2464 4252 Ἀγαν
2498 4176 2707 4252 ἱλαρῶς
2735 4172 2911 4244 ἡδέως
2940 4173 3192 4245 ἠκηκόει.

2294 4270 2408 4336 Τῆς
2441 4264 2486 4322 δ’
2517 4264 2869 4342 Εὐφροσύνης
2901 4262 3198 4332 Δουκαίνης
3231 4258 3505 4338 βαςιλίδος

2295 4357 2435 4431 Ηρὸς
2468 4356 2558 4411 τὸν
2591 4356 2841 4431 μέγιστον
2873 4354 2998 4408 ναὸν
3031 4350 3484 4430 ἀφικνουμένηςῆ

2114 4448 2257 4504 6285
2297 4446 2496 4522 Στίφος
2534 4443 2809 4518 βαναύσων
2843 4442 3104 4518 φρατρίαν
3139 4438 3461 4516 δεδρακότε)

2297 4531 2501 4609 Ἀνδρα
2527 4531 2967 4609 Κπντοστέφανόν
2993 4551 3113 4586 τινα
3137 4526 3473 4598 τούπίκλην,

2289 4620 2532 4692 Ἀλέξιον
2563 4620 2756 4691 κλήσει
2791 4619 2871 4689 δὲ,
2905 4618 3290 4693 συνειληφότες

2289 4713 2378 4768 Ἐν
2409 4715 2487 4783 τῷ
2525 4710 2765 4784 μεγίστῳ
2794 4710 2891 4764 τοῦ
2930 4712 3062 4764 Θεοῦ
3093 4707 3223 4780 θείῳ
3255 4704 3414 4780 δόμῳ

2109 4803 2250 4857 6290
2290 4802 2535 4857 Ἀνεῖπον
2568 4800 2644 4861 ὡς
2675 4796 2871 4854 ἄνακτα
2895 4805 2996 4867 τῆς
3025 4792 3358 4868 Ῥωμαΐδος.

2289 4894 2568 4965 Λαμπρων
2603 4886 2648 4942 δ’
2674 4886 2842 4949 ἐνίοις
2875 4885 3158 4962 συσχεθεὶς
3185 4883 3489 4960 παραυτίκα

2291 4979 2541 5055 Φρουρὰν
2575 4978 2776 5046 ὑπέστη
2805 4977 2894 5031 καὶ
2923 4975 3194 5049 κὰθειρξιν
3221 4970 3468 5034 ἐνδίκως.

2287 5069 2386 5123 Καὶ
2425 5067 2618 5123 λοιπὸν
2650 5063 2790 5129 ἅπας
2817 5065 3172 5139 προστρέχων
3207 5063 3335 5134 θείῳ
3367 5057 3526 5134 δόμῳ

2285 5159 2392 5226 Τὴν
2427 5157 2776 5234 Εὐφροσύνην
2809 5153 3032 5228 ἀνύμνει
3069 5148 3348 5228 βασιλίδα.

2036 4490 2085 4554 Β

2111 5323 2362 5385 constat,
2437 5318 2777 5390 praedictam
2849 5314 3375 5390 notamiiberiore
3447 5309 3774 5390 sensuhab

2110 5380 2455 5463 Ephrazmio.
2487 5389 2764 5463 usurpari
2808 5390 2879 5443 ad
2929 5386 3389 5463 significandum
3434 5380 3777 5463 quemlibet

2110 5451 2248 5520 anni
2291 5451 2802 5522 excessum.-Quis
2851 5451 3021 5514 enirri'
3047 5462 3133 5513 tot
3170 5461 3424 5512 Cmsares
3453 5451 3651 5510 'annis
3692 5451 3770 5522 Ν,

2110 5553 2244 5593 cum
2274 5532 2582 5591 mensibus
2612 5521 2977 5588 edamussim
3015 5545 3114 5586 sex
3137 5527 3476 5601 regnavisse
3518 5524 3727 5581 credat
3753 5521 3772 5579 ι

423 5330 533 5402 (69)
566 5328 742 5410 Atqui
771 5324 1139 5410 Ephremius
1171 5324 1231 5377 in
1261 5320 1432 5410 titulo
1465 5319 1783 5410 scripserat
1799 5324 1999 5410 notam

352 5392 440 5468 C”,
467 5392 593 5472 quas
654 5392 713 5454 in
738 5469 753 5472 Α
775 5392 1106 5472 Grmcerum
1161 5393 1396 5463 scriptis
1448 5392 1742 5461 signiﬁcat
1775 5397 1997 5462 partem

347 5464 683 5528 dimidiam.
725 5469 1116 5533 Quamobrem
1173 5471 1228 5520 et
1287 5481 1390 5534 ego
1452 5467 1732 5534 perpetuo
1788 5464 2000 5534 scripsi

343 5561 516 5600 mens.
551 5545 626 5603 Vl,
665 5558 790 5612 quae
823 5540 959 5594 anni
1025 5555 1156 5608 pars
1216 5541 1304 5612 est
1327 5533 1613 5612 dimidia.
1658 5534 1768 5589 Sed
1802 5533 1997 5612 tamen

345 5620 474 5672 tum
505 5631 574 5670 ex
605 5604 713 5668 hoc
770 5611 922 5677 loco,
979 5604 1105 5664 tum
1163 5607 1338 5662 etiam
1375 5604 1612 5661 aliunde
1667 5607 2000 5664 necessario
