4004 6200
116 41 253 119 π

251 342 375 399 23⁸1

256 469 412 525 6295
452 468 585 523 Μεθ’
614 467 823 542 ἡμέρας
859 462 907 519 δ’
937 464 1122 522 εἴσεισι
1153 466 1244 520 καὶ
1274 467 1492 541 κράτωρ
1519 465 1707 538 πόλιν,

453 555 533 615 Οὐ
563 560 725 611 πᾶσιν
752 553 1015 617 ἀσπάσιος
1048 554 1119 608 ὧν
1154 558 1319 631 χάριν
1351 552 1479 631 ἔδρα

450 644 548 707 Εἷς
577 644 836 719 σύγγονον
866 642 1026 720 φίλον
1054 663 1112 697 τε
1140 644 1228 698 καὶ
1267 641 1515 718 βασιλέα,

446 732 516 791 Οἳ
546 732 637 788 καὶ
667 731 1115 810 παρεφθέγγοντο
1158 728 1424 801 δήπουθεν
1456 728 1601 800 τάδε,

448 828 546 880 "Av
581 818 724 877 οἶδεν
753 819 903 897 ὕδωρ
934 821 1063 883 τοὺς
1093 820 1415 882 πεπωκότας
1447 819 1683 894 πνίγειν,

264 915 416 971 6300
451 914 517 970 Τί
549 911 744 967 λοιπὸν
776 908 918 966 ἄλλο
950 911 1038 965 καὶ
1071 912 1209 965 πιὼν
1242 909 1464 981 ζήσαιτό
1490 931 1573 972 τις
1603 928 1618 979 ;

446 1003 505 1057 Εἰ
540 999 587 1055 δ’
618 1001 681 1056 οὔ
710 998 1003 1075 λυτροῦται
1029 1001 1118 1054 τὸν
1152 1000 1411 1073 σύναιμον
1454 997 1709 1054 κινδύνου

442 1094 505 1150 Ὀ
539 1090 699 1169 φίλος
721 1087 1080 1165 αὗτάδελφος,
1113 1088 1324 1166 οἷ’χεται
1358 1089 1535 1167 φύσις.

444 1183 641 1254 ’Ὁμως
670 1178 955 1256 παρελθὼν
983 1178 1061 1241 εἷς
1091 1180 1224 1234 νεὼν
1265 1183 1397 1235 Θεοῦ
1433 1180 1601 1253 μέγαν

446 1270 550 1328 Καὶ
580 1269 890 1331 ταινιωθεῖς
918 1274 1038 1323 ταῖν
1071 1274 1257 1345 χεροῖν
1292 1267 1613 1344 ἀρχιθότου,

256 1362 409 1418 6305
446 1362 677 1433 Ἕξεισιν
714 1356 866 1421 αὖθις
897 1359 971 1419 ὡς
1001 1355 1120 1421 ἔθος
1152 1358 1533 1435 στεφηφόροις·

441 1451 640 1511 Ἵππος
667 1449 963 1522 προσήχθη
997 1451 1198 1521 γαῦρος
1229 1445 1307 1509 εἷς
1340 1445 1601 1501 ἱππασίαν

446 1537 747 1598 Φατνιστὸς
780 1531 1091 1612 Ἀρῤἀϐιος,
1126 1537 1181 1590 εὗ
1208 1537 1544 1608 ἡσκημὲνος’

446 1630 535 1691 Ὡς
567 1624 660 1681 οὖν
694 1624 929 1694 ἐπῆλθεν
960 1624 1305 1698 ἐγκαθιζῆσαι
1340 1622 1543 1703 δίφρῳ,

443 1720 643 1778 Ἵππος
676 1713 1021 1790 φριμάσσων,
1052 1718 1288 1789 γαυριῶν
1319 1713 1385 1781 ἦν
1418 1712 1686 1782 ἐκτόπως,

259 1809 402 1865 6310
436 1804 852 1879 Ἐμπροσθίους
882 1800 927 1857 δ’
960 1800 1160 1866 ἄνωθεν
1192 1802 1409 1875 ἀνυψῶν
1441 1800 1612 1863 πόδας

448 1894 552 1952 Καὶ
587 1893 893 1967 βλοσσυρόν
925 1912 975 1945 τι
1008 1890 1096 1945 καὶ
1128 1888 1391 1963 μανιῶδες
1424 1889 1663 1965 βλέπων.

445 1985 523 2041 Τὸ
555 1980 787 2038 δάπεδον
820 1982 867 2035 δ’
897 1979 1041 2054 ὄνυξι
1066 1982 1284 2035 κόπτων
1314 1981 1593 2055 συχνάκις,

435 2072 545 2130 Τὸν
572 2068 847 2142 ἀναϐάτην
876 2069 1141 2125 ἀπεσείετ’
1171 2069 1398 2145 ἐξόχως·

438 2162 592 2217 Ἐπεὶ
624 2158 683 2215 δὶ
713 2159 895 2223 λαθὼν
926 2154 1223 2233 ἐμϐεϐήκει
1255 2163 1335 2230 τῷ
1366 2156 1542 2236 δίφρῳ

264 2254 400 2311 6315
436 2252 592 2310 Ἡνία
621 2245 805 2306 λαϐὼν
839 2248 891 2303 ἐν
924 2253 1111 2325 χεροῖν
1145 2248 1518 2323 αὐτοκράτωρ,

437 2341 561 2416 Οὐχ
589 2341 757 2410 ἧτνον
780 2336 953 2401 ’ίππος
984 2337 1269 2414 ἀγὲρωχος
1301 2339 1521 2407 ἡτάκτει

445 2427 624 2494 Πόδας
653 2429 867 2501 ἀνιδψῶν
899 2425 989 2481 καὶ
1021 2426 1281 2503 κροαίνων
1311 2426 1512 2501 ἀγρίως

442 2521 571 2575 Μετ’
600 2517 933 2591 ἐξακούστων
964 2520 1397 2591 χρεμμετισμῶν
1430 2515 1519 2569 καὶ
1550 2512 1779 2589 κρότων·

439 2608 539 2663 Καὶ
568 2611 739 2662 ταῦτα
766 2610 941 2660 ποιῶν
976 2605 1078 2659 οὐκ
1107 2602 1266 2677 ἔληξε
1297 2603 1572 2678 παράπαν,

263 2700 399 2756 63Ἆ)
435 2699 581 2760 Ἕως
609 2693 853 2773 κεφαλῆς
881 2697 977 2749 τοῦ
1008 2697 1332 2768 κρατοῦντος
1362 2694 1424 2749 τὸ
1456 2694 1648 2771 στέφος

438 2787 625 2859 Χαμαί
658 2789 838 2839 πεσεῖν
862 2781 1105 2856 δέδρακε,
1136 2784 1224 2838 καὶ
1254 2782 1450 2838 τούτου
1486 2782 1619 2857 μὲρη

436 2875 669 2952 Θραῦσίν
700 2895 759 2929 τε
788 2875 999 2942 παθεῖν,
1034 2870 1267 2928 δυσκλεᾶ
1293 2874 1340 2926 τ’
1370 2872 1661 2945 ἀκοσμίαν,

439 2966 614 3026 Αὐτὸς
649 2961 696 3019 δ’
726 2962 1114 3040 ἀπεσφαίριστο
1146 2964 1259 3035 (70)
1295 2961 1425 3034 μάλ’
1456 2958 1723 3037 ἐφεστρίδι

436 3058 630 3113 Ἵππον
662 3053 706 3109 δ’
738 3048 940 3117 ἀναϐὰς
968 3050 1137 3108 ἄλλον
1172 3053 1199 3106 ὁ
1233 3051 1569 3130 στεφηφόρος

268 3148 409 3205 6325
447 3145 687 3218 Πομπῆν
720 3140 1021 3198 ἐπεισόδιον
1054 3143 1198 3217 εἶχεν
1222 3142 1417 3203 ἀνύσας

437 3236 545 3290 Σὺν
574 3239 655 3306 τῷ
683 3232 901 3288 πεσόντι
934 3232 1023 3286 καὶ
1050 3232 1426 3307 τεθραυσμὲνῳ
1459 3232 1657 3307 στὲφεγ

435 3322 724 3384 Ἀπαίσιος
758 3319 804 3376 δ’
834 3318 1010 3393 ἔδοξεν
1040 3319 1231 3381 οἰωνὸς
1257 3316 1398 3375 τόδε.

436 3416 710 3488 Ύπῆρχεν
741 3411 898 3472 οὗτος
928 3410 1125 3484 ἀγαθὸς
1155 3404 1393 3484 τρόπους
1429 3407 1665 3482 κράτωρ,

437 3501 734 3577 Μείλιχος,
768 3501 1022 3575 ἡσύχιος,
1054 3499 1195 3568 ἠπία
1225 3497 1403 3575 φύσις,

261 3593 399 3649 6330
433 3591 676 3664 ’ἱλαρὰ-θ,
708 3588 1047 3643 εὗὲντευκτον
1078 3588 1211 3656 ἦθος
1242 3588 1296 3641 εὖ
1328 3587 1525 3664 φέρων,

430 3676 809 3739 Μεταδοτικὸς
840 3678 930 3731 καὶ
962 3674 1362 3751 φιλοικτίρμων
1396 3672 1585 3743 πλέον,

437 3774 574 3823 nam
603 3767 889 3841 προσιτὸς,
922 3763 1152 3837 εὐμενὴς
1188 3762 1473 3833 ὑπηκόοις,

432 3854 625 3925 Ἦδυς,
657 3855 895 3930 χαρίεις,
925 3854 1198 3925 εὐπρεπὴς
1232 3848 1353 3925 ὄψιν
1386 3849 1539 3927 ἄγαν,

432 3948 685 4019 Ὀρθιος,
718 3942 909 4013 εὖῆλίξ
939 3962 1017 4014 τε,
1046 3942 1235 4017 Νιρεύς
1263 3962 1348 3998 τις
1377 3942 1517 4007 νὲος,

263 4036 401 4092 6335
437 4030 642 4091 Οὸτινα
676 4030 889 4107 βλάψας
917 4030 993 4091 εἷς
1025 4028 1211 4098 δέμας,
1241 4028 1314 4091 είς
1346 4028 1554 4097 οὐσίαν,

438 4121 569 4180 Οὖτ’
600 4118 666 4174 αὖ
694 4120 1019 4194 νεοχμώσας
1046 4139 1098 4172 τι
1122 4123 1221 4185 τῆς
1255 4116 1579 4186 Ἐκκλησίας

436 4211 518 4268 Οὐ
549 4208 795 4269 καινίσας
824 4208 988 4280 ἔθιμα
1012 4213 1112 4275 τῆς
1147 4205 1499 4281 κραταρχίας·

432 4303 627 4356 Μισῶν
661 4292 957 4358 διαϐόλους
986 4316 1044 4350 τε
1076 4300 1259 4359 θῶπας
1290 4295 1551 4364 καθάπαξ·

434 4388 741 4458 Αἴσθητική
775 4406 860 4447 τις
889 4383 1089 4459 καρδία
1115 4384 1213 4452 σής
1247 4381 1468 4451 ὀστέων,

259 4480 399 4535 6340
435 4484 548 4548 Τῆς
580 4476 659 4537 εἷς
692 4473 928 4548 ἀδελφὸν
961 4471 1149 4528 ἀδίκου
1181 4471 1460 4547 παροινίας

432 4570 526 4625 Ἐν
560 4560 820 4641 συντριϐῇ
849 4562 1157 4637 πνεύματος
1187 4562 1242 4616 εὗ
1272 4561 1580 4635 ᾐσθημένος

434 4656 541 4711 Καὶ
568 4654 848 4723 κατανύξει
876 4650 1101 4727 καρδίας
1132 4648 1470 4724 δακρυχέων·

438 4747 567 4823 Ἐφ’
594 4745 659 4800 οὗ
687 4744 819 4819 γυνή
852 4764 935 4805 τις
966 4741 1065 4796 οὐκ
1094 4738 1261 4817 ἐφάνη
1291 4739 1530 4812 γαμέτου

438 4838 539 4893 Ἐκ
566 4830 727 4889 τοῦδε
756 4836 938 4893 κακῶς
969 4829 1047 4892 εἷς
1081 4827 1246 4901 δέμας
1277 4827 1632 4898 πεπονθότος,

262 4924 400 4980 6345
436 4922 680 4997 Παρειάς
712 4917 1058 4996 ἀμφίδρυφος
1088 4919 1121 4987 ἢ
1146 4916 1237 4971 καὶ
1270 4915 1536 4989 λυσίθριξ,

441 5008 579 5070 Οὐδ’
610 5006 903 5073 ἀπελαθεὶς
935 5006 1086 5062 ὦπτό
1113 5028 1196 5067 τις
1224 5002 1504 5080 πατρίδος·

440 5101 607 5168 Πλὴν
636 5097 889 5173 νωχελῆς
920 5097 988 5165 ἦν
1019 5095 1109 5151 καὶ
1146 5094 1387 5169 μαλακὸς
1414 5095 1512 5163 τήν
1546 5092 1725 5173 φύσιν,

435 5186 577 5246 Οὐδ’
611 5187 671 5242 εὖ
698 5188 953 5264 πεφυκὼς
983 5186 1118 5261 πρὸς
1150 5183 1415 5255 διοίκησιν
1451 5184 1618 5251 ὅλων,

433 5279 536 5335 Ἐκ
567 5283 669 5347 τῆς
702 5295 935 5351 φυσικης
966 5273 1313 5349 νωθρότητος
1337 5273 1638 5349 συντρόφου

261 5369 401 5427 6350
443 5369 549 5422 Kal
583 5369 681 5436 τῆς
706 5366 1024 5442 τρυχοόσης
1049 5362 1175 5425 τοὺς
1208 5360 1376 5425 πόδας
1406 5361 1684 5436 καχεξίας.

440 5457 624 5517 Οὗτος
656 5476 719 5532 τι
742 5455 929 5509 τοίνυν
964 5451 1222 5528 ἀσφαλῶς
1256 5453 1403 5527 σχὼν
1435 5452 1496 5506 τὸ
1527 5450 1746 5524 κράτος,

333 5674 454 5748 (70)
487 5671 636 5729 Cod.
666 5667 1072 5748 ἐπεσφαίριστο.

1802 342 2165 399 ΟΒΒΔΒΕΒ.

1952 470 2006 534 Α
2038 468 2175 525 Post
2205 470 2329 527 dies
2361 472 2588 545 aliquot
2618 475 2807 530 Caesar
2828 490 3059 547 quoque
3091 477 3149 532 in
3185 478 3386 535 urbem

2037 557 2192 614 haud
2228 563 2458 618 cunctis
2487 563 2648 619 venit
2678 564 2749 619 ob
2783 580 2959 619 suum
3007 565 3235 621 facinus

2036 648 2239 699 contra
2270 662 2618 717 germanum
2651 648 2888 703 fratrem
2925 666 3220 721 suumque
3250 652 3573 711 dominum.

2036 734 2217 803 Atque
2240 736 2573 792 convicians
2614 737 2831 810 aliquis
2857 740 2942 795 sic
2974 738 3118 795 forte
3145 739 3337 796 aiebat
3370 759 3382 796 :

2036 823 2095 877 Si
2130 824 2397 883 bibentes
2430 829 2668 898 quidem
2710 830 2985 900 praefocat
3016 847 3189 901 aqua,

2035 913 2171 981 quis
2198 916 2319 985 jam
2347 915 2460 972 alio
2495 922 2630 989 potu
2659 918 2837 973 vitam
2872 919 3123 974 toleret?

2034 1006 2091 1057 et
2120 1002 2167 1057 si
2202 1004 2439 1060 fratrem
2472 1022 2585 1062 non
2620 1007 2912 1062 redimita
2944 1007 3284 1064 discrimine

2033 1107 2350 1163 germanus
2382 1095 2571 1162 frater,
2608 1096 2779 1167 periit
2803 1102 3035 1163 natura,

2032 1185 2303 1238 Attamen
2338 1200 2687 1255 progressus
2720 1186 2789 1241 ad
2824 1186 3114 1257 templum
3151 1202 3453 1259 magnum,

2032 1276 2090 1327 et
2118 1274 2459 1344 patriarchas
2491 1280 2808 1332 coronatus
2840 1276 3138 1341 manibus,

2031 1360 2171 1416 exiit
2197 1363 2270 1417 ad
2306 1379 2580 1435 pompam
2613 1363 2942 1420 Caasaribus
2973 1364 3203 1419 solitam
3237 1380 3251 1418 :

2030 1450 2098 1504 ad
2135 1467 2306 1521 quem
2334 1452 2630 1520 sublimis,
2667 1459 2730 1509 ut
2756 1452 3059 1521 insideret,
3101 1453 3338 1508 ducitur

2030 1555 2217 1610 equus
2248 1542 2434 1597 Arabs
2466 1544 2534 1597 de
2570 1543 2932 1615 praesepibus
2966 1547 3025 1597 et
3058 1544 3204 1598 bene
3239 1544 3531 1602 exercitus
3565 1562 3577 1600 :

2027 1645 2228 1684 verum
2262 1630 2401 1685 dum
2436 1632 2628 1687 Caesar
2660 1632 2719 1685 in
2752 1632 3098 1704 ephippium
3131 1632 3340 1701 insilit,

2027 1719 2371 1776 subsultans
2402 1737 2588 1791 equus
2622 1722 2907 1792 valdeque
2943 1721 3251 1786 ferociens,

1947 1820 1996 1891 Β
2028 1826 2205 1879 seque
2236 1810 2558 1866 anteriores
2604 1811 2865 1880 arrigens
2898 1810 2952 1865 in
2986 1809 3190 1881 pedes,

2025 1899 2206 1955 torvis
2235 1900 2294 1954 in
2328 1900 2633 1956 iracundia
2665 1900 2908 1956 suffusis
2938 1899 3148 1968 oculis,

2026 1991 2084 2042 et
2113 1987 2509 2059 pavimentum
2544 1989 2783 2061 ungulis
2815 2004 2962 2059 saape
2995 1988 3283 2059 quatiens,

2025 2076 2172 2131 miro
2204 2093 2495 2133 sessorem
2529 2077 2837 2133 recusabat
2868 2077 2998 2133 nisu
3039 2092 3051 2131 :

2025 2164 2128 2220 sed
2161 2182 2294 2221 cum
2325 2172 2561 2238 repente
2593 2166 2935 2239 ephippium
2969 2171 3322 2238 occupasset

2024 2254 2553 2327 prehendissetque
2586 2256 2815 2311 frenum
2848 2256 3192 2328 imperator,

2024 2343 2208 2399 nihilo
2240 2348 2437 2399 tamen
2472 2345 2786 2401 ferociebat
2816 2345 3013 2400 minus

2022 2448 2212 2503 equus
2241 2432 2411 2489 elatis
2443 2434 2690 2505 pedibus
2715 2439 3049 2505 terramque
3082 2434 3417 2500 verberans,

2022 2521 2373 2594 sonorisque
2404 2522 2733 2578 hinnitibus
2765 2539 2955 2579 aerem
2991 2522 3331 2595 complens;

2023 2627 2212 2683 neque
2238 2629 2270 2667 a
2304 2613 2496 2668 furore
2526 2612 2869 2683 hujusmodi
2909 2612 3070 2685 prius
3104 2612 3348 2683 destitit,

2024 2717 2202 2771 quam
2235 2701 2425 2773 capite
2458 2718 2734 2758 coronam
2768 2702 3026 2759 excussit
3057 2702 3265 2758 Caesari

2024 2789 2188 2845 humi
2218 2792 2557 2863 projectam,
2592 2794 2760 2862 cujus
2788 2793 2961 2847 etiam
2996 2796 3186 2861 partes

2022 2880 2328 2936 confracta
2356 2887 2495 2937 sunt
2527 2882 2781 2937 inlauste
2814 2885 2987 2950 atque
3018 2879 3289 2933 indecore
3324 2894 3336 2929 :

2023 2984 2220 3024 sessor
2248 2974 2443 3025 autem
2477 2974 2657 3025 strato
2690 2968 2910 3024 corruit
2936 2982 3250 3038 purpureo.

2023 3058 2413 3123 Quamobrem
2447 3057 2560 3112 alio
2588 3057 2860 3111 inscenso
2892 3059 3079 3109 Caesar
3107 3069 3256 3122 equo

1944 3186 1985 3216 η
2026 3144 2517 3216 qualemcumque
2548 3146 2785 3197 demum
2817 3140 3066 3196 absolvit
3096 3155 3371 3210 pompam

2034 3195 2511 3216 ,ἠῴην-Γ,
2773 3195 2830 3196 ,,
2936 3195 2944 3196 ,
3098 3195 3113 3209 ι

1942 3195 1986 3262 c
2025 3249 2158 3288 cum
2191 3236 2499 3288 stemmate
2526 3232 2819 3286 confracto
2854 3234 2909 3285 et
2936 3228 3181 3285 deciduo
3210 3248 3224 3297 ;

2019 3323 2174 3393 quod
2208 3321 2412 3377 lwvum
2445 3336 2617 3377 omen
2648 3319 2837 3375 visum
2871 3322 2959 3375 est
2990 3316 3419 3390 spectantibus.

2020 3413 2155 3467 Erat
2184 3411 2278 3467 hic
2310 3411 2499 3467 Caesar
2529 3408 2724 3465 indole
2758 3409 2913 3465 bona
2943 3407 3248 3481 praeditus,

2019 3502 2224 3573 comis,
2256 3500 2638 3573 tranquillus,
2672 3504 2980 3555 mansueto
3014 3498 3273 3571 ingenio,

2018 3590 2244 3659 hilaris,
2278 3607 2489 3646 accesu
2522 3591 2823 3661 affatuque
2849 3587 3057 3657 facilis,

2018 3678 2304 3734 clemente
2332 3679 2551 3747 animo,
2582 3694 2756 3733 manu
2790 3675 3037 3742 liberali,

2018 3773 2363 3824 cunctorum
2395 3767 2669 3840 precibus
2716 3771 2946 3838 patens,
2979 3769 3037 3820 et
3068 3760 3379 3818 benevolus
3411 3778 3423 3814 :

2019 3857 2295 3925 blandus,
2322 3856 2639 3929 gratiosus,
2672 3857 3083 3924 formosusque
3113 3852 3450 3917 admodum,

2020 3962 2319 4017 procerus,
2351 3946 2572 4001 virente
2604 3948 2792 4013 aetate,
2826 3943 2973 3999 alter
3000 3940 3229 3996 Nireus.

2020 4034 2285 4092 Neminis
2318 4034 2414 4090 hic
2444 4031 2671 4104 corpori
2703 4031 2856 4086 reive
2886 4028 3105 4096 nocuit,

2020 4140 2209 4197 neque
2237 4123 2295 4178 in
2326 4122 2581 4179 Ecclesia
2613 4121 2854 4192 quidam
2889 4118 3205 4187 innovavit,

2020 4229 2125 4268 nec
2156 4210 2459 4283 abrogavit
2488 4212 2627 4265 item
2663 4208 2893 4281 imperii
2924 4206 3153 4276 legibus
3183 4222 3195 4273 ;

2020 4300 2440 4359 assentationis
2480 4316 2641 4372 aeque
2668 4304 2725 4353 et
2755 4296 3064 4354 calumnia:
3096 4311 3246 4351 osor.

2019 4391 2280 4462 Cumque
2311 4393 2470 4446 esset
2499 4393 2698 4444 tenero
2727 4388 2994 4442 imbutus
3023 4386 3221 4441 animo

2020 4480 2241 4537 crimen
2274 4480 2556 4535 adversus
2580 4478 2840 4542 fratrem,
2876 4478 2937 4529 ut
2969 4474 3184 4530 cariem
3218 4473 3468 4538 ossium,

1945 4565 1989 4629 D
2022 4572 2353 4627 exulcerata
2405 4570 2580 4624 fixum
2613 4567 2853 4640 gerebat
2885 4568 3101 4629 mente,

2027 4659 2465 4733 gemitibusque
2495 4663 2552 4713 et
2581 4654 2857 4729 lacrymis
2888 4653 3183 4725 expiabat.

2029 4751 2158 4820 Ipso
2191 4751 2471 4820 regnante
2503 4745 2665 4801 nulla
2698 4759 2957 4815 unquam
3002 4741 3217 4797 mulier

2027 4840 2265 4910 propter
2296 4834 2487 4891 mariti
2522 4833 2853 4889 mutilatum
2896 4848 3109 4903 corpus

2027 4926 2113 4981 vel
2144 4924 2421 4980 laceravit
2450 4940 2631 4995 genas
2660 4922 2746 4978 vel
2782 4921 2952 4978 solvit
2981 4937 3239 4985 comam,

2030 5029 2135 5070 nec
2167 5014 2482 5085 quisquam
2516 5012 2704 5083 patria
2736 5010 2943 5083 pulsus
2976 5008 3035 5063 in
3068 5006 3363 5063 exsilium.

2030 5106 2313 5160 Castorum
2340 5118 2539 5157 socors
2570 5100 2936 5170 remissoque
2971 5097 3229 5169 ingenio,

2032 5208 2221 5263 neque
2252 5192 2323 5246 ad
2355 5189 2781 5261 rempublicam
2818 5187 3133 5257 regendam
3168 5186 3414 5241 idoneus

2032 5285 2268 5353 prapter
2298 5283 2511 5335 natura
2542 5277 2780 5333 insitam
2816 5276 3153 5349 segnitiem,

2031 5374 2090 5427 et
2118 5370 2256 5441 quia
2279 5368 2528 5441 pedibus
2560 5367 2738 5423 etiam
2774 5365 3101 5422 laborabat.

2034 5459 2278 5524 Quietus
2307 5475 2444 5530 ergo
2473 5458 2784 5513 moderans
2814 5453 3064 5525 imperio
