4104 6204
323 329 429 384 239
1038 335 1047 340 ‘
1541 311 1911 368 EPIIRBMII
1947 304 2526 362 CHBONOGRAPHI

324 459 502 527 atque
533 455 592 508 in
625 450 806 523 regali
833 447 1106 503 desidens
1139 439 1353 513 palatio

329 545 614 616 plurimos
645 538 815 596 donis
847 535 1090 607 largiter
1118 531 1342 586 ditabat

329 634 680 702 eximiisque
711 627 964 698 augebat
1001 619 1409 694 dignitatibus.

333 727 398 779 In
430 722 712 778 orientem
746 719 951 788 postea
981 729 1117 769 cum
1151 709 1334 781 copiis
1364 705 1601 763 transiit
1633 720 1646 758 :

335 811 560 868 audivit
589 807 770 876 enim,
804 805 997 860 denuo
1030 799 1306 856 rebellem

335 899 604 955 Alexium
635 896 948 967 quemdam
980 893 1039 946 in
1073 887 1370 961 provincia
1398 885 1662 949 Cilicum,

337 988 520 1061 (illius
543 985 782 1043 nomine
812 983 1040 1040 scilicet
1071 981 1380 1050 assumpto

335 1078 520 1135 Alexii
550 1079 776 1134 Caesare
804 1071 1069 1128 Manuale
1098 1069 1239 1138 nati)

340 1184 522 1241 pagos
554 1168 796 1221 incursu
830 1163 1123 1232 urbesque
1157 1155 1522 1230 perturbare,

342 1259 422 1314 Ad
454 1255 878 1324 Melaugiorum
910 1267 1048 1323 ergo
1079 1245 1351 1320 praesidia
1382 1257 1651 1315 pergens,

339 1352 516 1418 atque
545 1345 665 1402 illic
698 1343 875 1400 etiam
909 1339 1200 1396 salulatus
1232 1333 1511 1391 dominus

339 1451 608 1491 reversus
638 1437 729 1488 est
760 1432 818 1486 in
853 1431 1058 1486 urbem
1078 1427 1418 1497 imperator.

339 1526 622 1582 Obortum
654 1526 744 1578 est
776 1520 984 1577 deinde
1012 1518 1271 1572 Romano
1313 1510 1562 1582 imperio

345 1613 659 1670 molestum
691 1612 1024 1664 monstrum
1055 1610 1228 1673 atque
1258 1597 1726 1668 inexspectatum

344 1708 632 1775 tyrannus
663 1697 760 1753 ille
790 1695 1132 1767 Cypriorum
1162 1688 1421 1775 lsacius;

348 1774 450 1862 qui
477 1789 547 1844 ad
579 1787 883 1843 sultanum
913 1785 1148 1852 repente
1180 1774 1517 1849 profugiens

349 1886 524 1950 atque
546 1876 626 1932 ibi
661 1879 869 1930 nactus
901 1870 1213 1926 auxiliares
1244 1865 1463 1936 copias,

351 1969 648 2023 Romanas
679 1968 863 2020 terras
894 1960 1188 2030 urbesque
1218 1952 1544 2011 divexabat.

349 2059 456 2114 Sed
492 2056 648 2111 enim
673 2053 879 2108 ambos
913 2065 1071 2105 more
1104 2042 1398 2118 oppressit
1428 2041 1688 2095 demum.

350 2145 544 2200 Caesar
572 2146 644 2199 de
678 2141 849 2198 terris
882 2137 1141 2194 occiduis
1175 2132 1467 2190 sollicitus

353 2233 608 2304 peritum
641 2232 852 2286 ducem
890 2226 1278 2298 cognomento
1307 2217 1606 2291 Aspietam

356 2337 486 2376 cum
521 2335 837 2375 numeroso
867 2315 1175 2386 validoque
1206 2309 1458 2366 exercitu

356 2409 644 2466 adversus
677 2407 884 2463 Mmsos
914 2403 1196 2460 barbaros
1227 2399 1426 2454 hostes
1460 2393 1622 2450 misit

353 2514 561 2553 verum
597 2494 817 2551 infelici
849 2492 1166 2549 commisso
1199 2488 1415 2561 prelio,

353 2591 562 2658 captus
594 2588 685 2640 est
709 2580 975 2638 barbaris
1005 2579 1242 2650 Aspieta
1268 2576 1484 2629 Mmsis.

354 2674 682 2730 Plurimum
715 2687 920 2726 rursus
952 2668 1142 2723 Caesar
1171 2679 1379 2734 gerens
1410 2675 1612 2716 curam

354 2763 732 2819 occiduarum
769 2757 1002 2814 urbium
1035 2753 1411 2820 afﬂictarum,

354 2852 630 2917 Isacium,
665 2849 759 2904 cui
791 2846 1109 2902 tradiderat
1139 2841 1320 2897 filiam
1354 2835 1587 2909 nuptui,

357 2940 814 2996 sebastocratem
846 2933 1153 3008 dignitate,
1187 2928 1349 2985 misit

354 3030 548 3085 denuo
581 3043 710 3084 cum
744 3024 1056 3099 praevalido
1086 3023 1323 3092 ingente
1353 3013 1608 3073 exercitu
1644 3029 1657 3066 :

351 3119 450 3176 sed
486 3119 558 3173 ab
589 3120 778 3172 Asane
806 3119 1013 3186 captus
1041 3116 1099 3167 et
1126 3110 1222 3166 hic
1254 3107 1524 3171 barbaro,

352 3206 547 3262 vincla
573 3207 854 3262 diuturna
883 3208 940 3260 et
969 3216 1259 3258 carcerem
1292 3209 1626 3270 perpessus,

354 3295 575 3349 ibidem
605 3293 859 3349 violenta
891 3297 1074 3346 morte
1106 3288 1269 3344 obiit.

357 3382 568 3437 Verum
601 3387 658 3437 et
683 3382 808 3452 ipse
839 3381 1127 3434 barbarus
1160 3383 1315 3430 Asan
1346 3372 1519 3443 periit

357 3488 536 3526 manu
559 3470 873 3540 cujusdam
909 3466 1070 3522 Μωεὶ
1102 3462 1296 3519 Ibanci
1329 3461 1620 3524 domitus;

357 3560 667 3630 Petrtsque
702 3556 960 3612 obtinuit
989 3552 1194 3610 Musiae
1225 3550 1641 3623 principatum.

355 3737 467 3792 Sed
502 3751 635 3790 cum
669 3734 762 3788 hic
789 3730 964 3786 etiam
996 3728 1188 3800 gladio
1223 3725 1430 3780 fuisset
1459 3737 1664 3786 caesus,

347 3825 623 3895 princeps
658 3822 968 3876 Mmsorum
1003 3816 1227 3873 exstitit
1257 3815 1513 3870 Joannes

348 3913 505 3968 Petri
537 3911 870 3982 Asanisque
899 3909 1098 3975 frater,
1135 3905 1368 3976 ingenio
1403 3899 1678 3974 pessimo,

343 4007 400 4056 et
429 4005 828 4057 Romanarum
863 3996 1096 4053 urbium
1131 3993 1439 4067 pernicies.

348 4091 600 4146 Ibancus
634 4094 830 4144 autem
865 4088 933 4141 ad
967 4088 1251 4142 Caesarem
1285 4078 1630 4150 confugiens

348 4185 524 4251 atque
550 4179 767 4234 libente
799 4177 993 4232 animo
1026 4178 1293 4244 receptus

352 4266 631 4323 Romanis
661 4265 930 4338 partibus
961 4263 1161 4318 utilem
1197 4276 1258 4316 se
1291 4257 1556 4332 prmbuil,

352 4357 594 4412 floribus
628 4371 836 4426 nempe
859 4353 1116 4424 juvenis,
1151 4352 1280 4406 forti
1315 4364 1516 4411 manu,

345 4447 447 4501 sed
481 4445 553 4500 ad
586 4444 936 4500 sumendam
971 4443 1115 4496 iram
1151 4437 1583 4512 paratissimus.

343 4534 490 4588 Huic
515 4532 822 4589 collocavit
851 4531 1040 4585 Caesar
1072 4530 1130 4584 in
1164 4525 1607 4583 matrimonium

342 4623 402 4678 in
436 4622 628 4677 aulam
662 4619 993 4678 advenienti
1021 4623 1254 4691 neptem
1287 4631 1476 4671 suam.

339 4717 397 4766 et
427 4711 830 4782 praefecturam
863 4707 1105 4763 tradidit
1134 4702 1627 4777 Philippopoleos.

352 4801 408 4856 Is
430 4805 624 4856 autem
662 4803 864 4854 contra
896 4799 1106 4854 Mmsos
1139 4800 1198 4851 et
1227 4800 1432 4851 contra
1463 4794 1704 4865 Scythas

344 4889 579 4944 ﬁrmum
617 4887 859 4944 Romani
893 4885 1121 4959 imperii
1155 4884 1458 4940 munimen
1489 4885 1629 4936 erat.

335 4979 468 5034 Jam
496 4993 629 5033 cum
660 4977 855 5031 Sicilia
885 4976 957 5031 ab
989 4974 1333 5030 Alamannis
1364 4969 1631 5027 barbaris

335 5067 589 5138 turpiter
618 5072 774 5122 esset
794 5065 1037 5131 domita,
1070 5069 1211 5119 tunc
1241 5063 1298 5117 in
1336 5061 1564 5117 Italiam

333 5157 387 5212 vi
421 5159 722 5228 deportata
753 5160 841 5210 est
871 5171 971 5210 ceu
1008 5154 1200 5224 prazda
1228 5151 1362 5207 belli

338 5245 457 5300 ﬁlia
489 5261 724 5317 quoque
754 5245 997 5300 Caesaris
1024 5242 1229 5298 lsaacii
1257 5262 1269 5308 ;

335 5340 394 5389 et
416 5333 570 5406 regis
591 5333 948 5389 Alamanniae
977 5347 1256 5403 germano
1293 5326 1454 5382 fratri

335 5421 603 5494 Philippo
629 5423 840 5492 juncta
869 5425 960 5476 est
992 5416 1241 5489 nuptiali
1267 5417 1501 5484 fmdere,

405 5634 520 5705 (71)
548 5634 690 5690 Cod.
724 5626 924 5701 λαϐήν.

2003 434 2060 499 Α

2023 1801 2072 1866 Β

2033 3158 2077 3228 C

2021 4521 2067 4586 D

2268 427 2365 481 Καὶ
2401 422 2701 501 βασιλείοις
2728 417 3068 494 ἐπιδιατρίψας
3101 413 3319 488 δόμοις,

2266 515 2370 571 Καὶ
2404 511 2631 588 δωρεαῖς
2660 509 2788 573 τοὺς
2816 506 3109 567 πλείστους
3137 502 3465 564 καταπιάνας

2266 600 2372 657 Καὶ
2405 599 2726 676 φιλοτίμοις
2752 595 2923 670 ἀξίοις
2951 590 3284 664 καθηδύνας,

2087 693 2232 749 6355
2270 691 2420 748 Μετὰ
2451 693 2704 764 στρατιᾶς
2737 686 2936 762 ἐκπερᾷ
2967 683 3104 760 πρὸς
3134 682 3232 750 τὴν
3263 678 3360 736 ἓωο

2266 781 2535 836 Ἤκουστο
2565 779 2653 833 καὶ
2688 777 2789 852 γὰρ
2822 776 2896 838 ὡς
2925 771 3256 842 ἀποστιάτης
3286 770 3451 827 πάλιν

2269 867 2514 939 Ἀλέξιές
2541 889 2622 930 τις
2655 864 2889 921 Κιλίκων
2919 863 3185 938 ἐπαρχίας

2269 959 2646 1034 Προσηγορίαν
2682 952 2882 1015 ὑποδὺς
2910 951 3155 1024 Ἀλεξίου

2271 1047 2450 1121 Οὗπερ
2482 1044 2670 1108 τοκεὺς
2697 1046 2763 1113 ἦν
2789 1041 3053 1111 Μανουήλ
3084 1038 3456 1116 αὐτοκράτωρ,

2094 1138 2236 1192 6360
2275 1137 2474 1208 Κώμας
2507 1134 2672 1190 ἐπιὼν
2708 1132 2907 1188 ἀνέσειε
2934 1131 3029 1194 τὰς
3058 1128 3272 1192 πόλεις.

2274 1225 2469 1282 Τοίνυν
2503 1223 2720 1285 ἐπιστὰς
2754 1223 3036 1300 φρουρίοις
3068 1217 3444 1295 Μελαγγείων,

2279 1315 2380 1371 Καὶ
2405 1319 2524 1376 τοῖς
2554 1311 2726 1368 ἐκεῖσε
2760 1309 3014 1388 βασιλεὺς
3045 1308 3397 1381 αὐτοκράτωρ

2273 1403 2692 1479 Ἀναγορευθεὶς
2722 1401 2857 1476 πρὸς
2891 1398 3054 1455 πόλιν
3085 1399 3428 1474 ὑποστρέφει’

2277 1493 2388 1547 Εἶτ’
2421 1491 2622 1569 ἆνεφύη
2659 1486 2967 1563 Ῥωμαίδος
2996 1492 3075 1560 τῷ
3105 1488 3291 1562 κράτει

2098 1585 2242 1640 6365
2280 1580 2456 1639 Κακόν
2489 1601 2542 1634 τι
2572 1579 2857 1655 τερμέριον
2889 1577 3120 1633 ἄελπτον
3147 1576 3336 1632 πάλιν.

2283 1672 2510 1735 Ἰσάκιος
2535 1670 2794 1745 τύραννος
2827 1668 3054 1746 αἰσχρὸς
3087 1667 3369 1742 Κυπρίων,

2279 1763 2375 1823 Ὃς
2404 1759 2659 1831 ἐξαπίνης
2688 1759 2978 1835 προσρυεὶς
3006 1762 3086 1830 τῷ
3116 1756 3400 1829 σουλτάνῳ

2281 1851 2538 1915 Κάκεῖθεν
2571 1850 2742 1923 εὑρὼν
2773 1848 3127 1923 συμμαχικόν
3155 1868 3206 1902 τι
3235 1846 3420 1924 στίφος

2281 1942 2479 2015 Χώρας
2512 1940 2705 1993 ἐκάκου
2736 1939 2826 1992 καὶ
2858 1936 3048 1998 πόλεις
3079 1932 3406 2009 Ῥωμαίδος.

2101 2031 2244 2088 6370
2281 2026 2553 2084 Ὤλλυντο
2585 2025 2631 2082 δ’
2664 2027 2828 2106 ἄμφω
2859 2026 3337 2103 παραπεμφθέντες
3364 2024 3539 2100 μόρῳ.

2283 2115 2556 2192 Φροντίδα
2584 2119 2755 2181 τιθεὶς
2785 2115 3014 2171 δυτικῶν
3048 2119 3250 2191 χωρῶν
3285 2111 3435 2188 ἄδαξ,

2282 2207 2440 2264 Μετά
2469 2212 2720 2280 στρατιᾶς
2750 2207 2935 2274 ἱκανῆς
2967 2202 3254 2279 εὐκαρδίου

2281 2293 2486 2371 ’Ἄνδρα
2516 2295 2816 2372 στρατηγὸν
2848 2293 3152 2365 τούπίκλην
3183 2294 3473 2363 Ἀσπιέτην

2282 2385 2427 2440 Κατᾶ
2458 2387 2659 2442 Μυσῶν
2693 2387 2977 2462 πέπομφεν
3011 2384 3222 2458 ἐχθρῶν
3263 2377 3574 2458 βαρϐάρωνο

2103 2475 2246 2530 6375
2282 2474 2636 2550 Χρησάμενος
2671 2471 2727 2528 δὲ
2760 2475 2836 2546 μὴ
2871 2472 3100 2534 δεόντως
3129 2476 3197 2545 τῇ
3232 2473 3410 2547 μάχῃ.

2281 2563 2481 2625 Αὐτοῖς
2509 2563 2654 2618 ἑάλω
2691 2558 2986 2637 βαρϐάροις
3021 2563 3375 2637 ἀντιμάχοις,

2286 2651 2627 2726 Ποιούμενος
2657 2651 2819 2727 λόγον
2859 2649 2917 2706 δὲ
2943 2650 3170 2706 πλείονα
3199 2649 3362 2706 πάλιν

2285 2741 2509 2818 Κράτωρ
2542 2739 2774 2796 ὃυτικῶν
2806 2740 3006 2796 ἀστέων
3040 2741 3420 2813 κακουμένων,

2286 2830 2550 2885 Ἰσαάκιον
2585 2825 2831 2905 γαμϐρὸν
2866 2829 2941 2892 εἰς
2975 2830 3242 2904 θυγατέρα

2108 2920 2252 2976 6380
2289 2919 2386 2973 Τὸν
2421 2914 2890 2994 σεϐαστοκράτορα
2915 2920 3116 2992 πέμπει
3151 2915 3412 2994 δευτέρως

2288 3006 2394 3062 Σὺν
2424 3005 2743 3082 ὃυσαρίθμῳ
2775 3011 2995 3083 στρατιᾷ
3027 3007 3311 3083 ρωμαλέᾳ.

2286 3095 2553 3159 Κάκεῖνος
2584 3097 2740 3153 Ἀσᾶν
2775 3097 3057 3171 συσχεθεὶς
3083 3101 3162 3169 τῷ
3196 3091 3456 3174 βαρϐάρῳ

2291 3185 2495 3260 Χρόνια
2525 3183 2697 3260 δεσμά
2724 3186 2814 3241 καὶ
2843 3186 3108 3261 κάθειρξιν
3143 3183 3330 3258 ὑπέδυ,

2293 3277 2379 3331 Ἐν
2411 3278 2492 3338 οἷς
2522 3274 2810 3350 έναπέψυξε
2845 3274 3008 3351 βιαίῳ
3049 3277 3226 3352 μόρῳ.

2110 3366 2250 3421 6385
2291 3363 2443 3433 Πλὴν
2473 3363 2620 3421 ἀλλὰ
2648 3367 2738 3420 καὶ
2775 3361 3051 3440 βάρϐαρος
3078 3367 3238 3423 Ἀσὰν
3270 3364 3474 3442 ἐφθάρη

2288 3451 2501 3523 Κλῆσιν
2535 3449 2767 3530 Ἰϐαγκῳ
2792 3477 2903 3509 τινι
2931 3459 3129 3510 Μυσῶν
3163 3453 3221 3508 ἐκ
3252 3453 3456 3529 γένους·

3635 288 3745 344 240

2284 3543 2384 3598 Καὶ
2444 3545 2649 3619 Πέτρος
2706 3545 2886 3620 ἀρχὴν
2965 3545 3064 3613 τὴν
3141 3545 3340 3602 Μυσῶν
3403 3539 3586 3600 λαϐὼν
3646 3547 3764 3620 (71)

3474 3630 3538 3694 ἔγ
3550 3653 3618 3694 ει.

3474 3654 3498 3688 ε

2281 3721 2379 3776 Καὶ
2404 3719 2564 3776 τοῦδε
2591 3726 2771 3785 κακῶς
2803 3723 3228 3788 ἀποκτανθέντος
3259 3722 3420 3800 ξίφει,
3450 3635 3468 3706 [
3500 3654 3538 3710 χ

2281 3810 2538 3882 Ἰωάννης
2571 3808 2809 3867 δέδεικτο
2844 3815 3292 3888 μυσαρχηγέτης,

2104 3900 2246 3956 6390
2284 3901 2440 3957 Ἀσᾶν
2477 3900 2681 3976 Πέτρου
2711 3901 2997 3975 σύναιμος,
3031 3899 3316 3976 αἴσχιστος
3351 3901 3612 3978 τρόπους,

2281 3993 2395 4044 Τῶν
2428 3991 2750 4064 Ῥωμαϊκῶν
2785 3989 2985 4046 ἀστέων
3017 3992 3360 4066 καθαιρέτης.

2279 4079 2340 4135 Ὁ
2370 4075 2417 4132 δ’
2447 4079 2537 4133 οὗν
2565 4073 2809 4154 Ἰϐαγκὸς
2839 4078 3130 4155 προσρυεὶς
3158 4077 3483 4155 στεφηφόρῳ

2279 4166 2378 4220 Καὶ
2409 4169 2556 4242 παρὰ
2581 4164 2742 4222 τοῦδε
2771 4165 3135 4243 προσδεχθεὶς
3173 4166 3302 4240 μάλ’
3333 4166 3606 4240 ἀσμένως,

2279 4257 2563 4330 Χρήσιμος
2593 4257 2742 4310 ὧπτο
2773 4261 2853 4329 τῷ
2887 4257 3038 4332 μέρει
3067 4261 3174 4312 τῶν
3206 4255 3482 4325 Αὐσόνων,

2097 4345 2239 4401 6395
2274 4347 2542 4417 Ἀκμαῖος
2576 4344 2649 4399 ὥν
2678 4367 2762 4408 τις
2793 4345 2882 4400 καὶ
2917 4347 3085 4422 χέρας
3118 4345 3434 4423 ῥωμαλέος,

2277 4435 2609 4512 Ὀξύρῥοπος
2642 4436 2688 4490 δ’
2718 4438 2809 4491 οὗν
2838 4438 2973 4513 πρὸς
3005 4437 3172 4510 Θυμὸν
3214 4439 3305 4492 καὶ
3351 4435 3567 4510 μανίαν.

2275 4523 2462 4596 Τούτῳ
2487 4525 2833 4599 κατηγγύησε
2862 4528 2998 4602 πρὸς
3027 4526 3298 4581 συνοικίαν

2276 4612 2386 4680 Τὴν
2419 4611 2749 4687 Θυγατριδῆν
2789 4613 3043 4684 βασιλεὺς
3076 4616 3383 4692 ἀφιγμένῳ.

2273 4702 2554 4775 Ὗπαρχον
2586 4701 2765 4776 ἀρχὴν
2791 4709 2891 4772 τῆς
2920 4702 3208 4759 Φιλίππου
3239 4704 3514 4779 χειρίσας,

2096 4789 2238 4844 6400
2275 4791 2369 4850 ⁸ος
2398 4789 2465 4858 ἧν
2499 4789 2856 4866 ἐπιτείχισμα
2883 4795 3094 4855 Μυσοῖς
3126 4793 3216 4848 καὶ
3252 4793 3508 4862 Σκύθαις,

2274 4880 2544 4955 Τειχῆρες
2574 4880 2828 4937 Αὐσόνων
2859 4879 2916 4936 δέ
2944 4883 3165 4957 χωρίων
3206 4885 3380 4957 μέρει.

2274 4969 2406 5028 Τοῖς
2435 4965 2760 5040 Ἀλαμανοῖς
2798 4965 3095 5046 βαρϐάροις
3131 4969 3386 5034 Σικελίας

2274 5055 2534 5131 Αίσχρῶς
2565 5055 2828 5129 ἀλούσης,
2861 5056 2913 5113 ἐν
2947 5057 3152 5130 Ἰταλίᾳ
3177 5059 3301 5114 τότε

2274 5145 2631 5220 Δορυάλωτος
2661 5149 2986 5223 συναπήχθη
3016 5149 3150 5223 πρὸς
3187 5149 3333 5224 βίαν,

2095 5235 2236 5289 6405
2276 5233 2377 5290 Καὶ
2409 5236 2650 5308 Θυγάτηρ
2683 5232 2912 5300 ἄνακτος
2942 5237 3230 5306 Ἰσαακίου,

2274 5323 2370 5376 Καὶ
2404 5326 2715 5398 κασιγνήτῳ
2747 5324 2918 5400 ρηγὸς
2945 5323 3283 5400 Ἀλαμανίας

2275 5408 2542 5483 Φιλιππῳ
2575 5413 2889 5482 συνέζευκτο
2920 5416 3058 5491 πρὸς
3088 5415 3270 5489 γάμου
3301 5415 3513 5492 σχέσιν,
