4004 6200
288 318 401 374 241

482 442 650 497 Πὸσιν
681 442 874 509 ἑαυτῆς
906 435 1267 494 ἀποϐαλοῦσα
1302 442 1460 514 μόρῳ

478 534 595 588 Τοῦ
628 533 877 584 Σικελῶν
908 530 1166 604 ἄρξαντος
1200 530 1317 584 υἱὸν
1350 532 1456 605 πρὸ
1486 529 1702 607 χρόνων
1738 550 1749 563 ·

287 624 437 679 6410
475 622 549 676 ’Ἠ
576 624 827 674 κυκεῶνα
858 619 1079 695 πικρίας
1112 619 1363 693 ἀψινθίου

466 710 744 783 Ποτήριον
780 705 828 761 δ’
861 708 977 784 οὐχ
1006 711 1176 777 ἧττον
1212 708 1381 783 ὀργῆς
1411 709 1611 783 Κυρίου

477 798 761 873 Ὀλέθριον
795 798 1017 871 κίρνησι
1048 802 1115 872 τῇ
1144 795 1447 867 Βυζαντίδι.

474 889 711 962 Πάσχων
743 886 810 941 τὰ
836 892 935 941 τοῦ
968 888 1224 959 σώματος
1253 886 1421 962 ἄρθρα
1448 886 1537 940 καὶ
1575 887 1746 960 βάθρα

476 976 553 1035 Οὐ
586 981 835 1050 συνεχῶς
872 978 967 1049 μὲν
1000 976 1088 1030 καὶ
1122 974 1210 1029 διὰ
1244 975 1366 1051 βίου
1395 976 1632 1051 κράτωρ,

277 1069 431 1124 6415
467 1065 621 1122 Κατά
652 1064 710 1120 δὲ
741 1064 981 1127 κύκλους
1006 1064 1096 1119 καί
1125 1086 1274 1127 τινας
1301 1061 1594 1138 περιόδους

465 1156 569 1213 Ἐκ
593 1176 743 1217 τινος
776 1154 915 1224 ὕλης
950 1156 1208 1227 σώματος
1237 1154 1518 1228 καχεξίας,

466 1243 691 1306 Ὀδύνας
724 1244 842 1317 εἶχε
872 1243 959 1297 καὶ
993 1240 1387 1304 δυσυποίστους
1418 1243 1639 1314 πόνους,

462 1334 876 1407 Ἐπεισρυέντος
904 1336 1001 1387 τοῦ
1032 1336 1200 1387 κακοῦ
1230 1334 1319 1386 καὶ
1349 1331 1443 1386 τοῦ
1466 1330 1693 1401 πάθους,

462 1424 664 1497 ’Ἑαρος
694 1422 891 1476 οὐκοῦν
918 1422 1200 1491 τηνικαῦτ’
1232 1421 1535 1495 ἀφιγμένού

276 1514 427 1570 2420
467 1511 664 1572 Πόνοις
694 1510 939 1581 νικηθεὶς
970 1510 1060 1565 καὶ
1091 1506 1501 1584 περιωδυνίαις,

456 1598 662 1673 Τολμᾷ
688 1610 743 1653 τί
771 1605 1001 1674 πρᾶγμα
1034 1596 1361 1660 κινδυνῶδες
1391 1598 1480 1652 καὶ
1508 1599 1675 1669 ξενον,

452 1688 720 1763 νΟλεθρον
751 1688 898 1759 αὐτῷ
928 1688 1223 1763 προξενοῦν
1255 1682 1590 1760 παραϐόλως
1626 1708 1638 1720 ο

452 1776 686 1851 Σιδήρια
715 1776 817 1851 γὰρ
848 1778 1262 1851 πυρακτωθὲντα
1286 1775 1493 1853 σφόδρα

450 1867 681 1923 Σκελοῖν
711 1866 1015 1937 ἐπιτίθησιν
1048 1867 1251 1942 ἀμφοῖν
1282 1867 1370 1920 καὶ
1406 1867 1645 1941 βάθροιν,

272 1960 412 2013 6425
451 1957 566 2015 Καὶ
604 1957 744 2031 πρὸς
778 1957 941 2031 βάθος
975 1953 1198 2028 δέδρακε
1227 1959 1469 2031 καυτῆρα
1504 1956 1669 2029 μάλα.

444 2046 545 2099 Καὶ
575 2046 713 2120 πρὸς
750 2045 929 2119 βραχὺ
966 2046 1060 2117 μὲν
1095 2044 1394 2119 ῥαϊσάντων
1428 2049 1535 2099 τῶν
1574 2046 1775 2115 πόνων,

439 2137 568 2198 Μεθ’
602 2129 812 2209 ὕϐρεων
847 2134 1077 2195 ἅπαντες
1112 2132 1516 2203 Ἀσκληπιάδαι

438 2225 663 2299 Mancin
693 2222 1077 2292 ἀπηλαύνοντο
1096 2224 1363 2297 κράτορος
1398 2222 1546 2299 λόγῳ
1577 2242 1590 2256 ·

440 2314 588 2368 Μετὰ
618 2310 677 2367 δὲ
703 2310 865 2366 τοῦτο
897 2310 1199 2388 φλεγμοναὶ
1230 2312 1525 2387 καυτηρίας

265 2407 404 2461 6430
443 2402 794 2478 Κατὲτρυχον
821 2406 1124 2475 κρατοῦντα
1153 2401 1242 2455 καὶ
1273 2398 1593 2477 ποδαλγίαι,

443 2493 547 2550 Καὶ
580 2498 687 2554 πᾶς
718 2491 905 2566 ἰατρὸς
936 2490 1257 2561 εἷσκὲκλητο
1287 2489 1379 2544 σὺν
1405 2492 1563 2563 τάχει
1600 2510 1613 2523 ·

450 2584 557 2639 Καὶ
589 2583 793 2642 πάντας
826 2581 1149 2654 ὑπέθραττεν
1182 2583 1244 2635 ού
1277 2579 1483 2649 φαῦλον
1515 2577 1657 2649 δὲος,

447 2673 669 2741 Μήπως
697 2670 979 2744 ὼειρχθέν
1010 2667 1246 2733 καθόδου
1277 2676 1375 2738 τῆς
1405 2671 1542 2744 πρὸς
1569 2668 1740 2731 πόδας

447 2760 667 2823 Εἲωθὸς
698 2762 836 2831 αἷμα
866 2760 956 2812 σὺν
990 2757 1095 2831 ὕλῃ
1129 2757 1464 2833 καταῤῥὲειν,

273 2852 419 2907 6435
457 2851 766 2920 Ἑνσκῆψαν
799 2847 875 2909 εἷς
907 2847 1091 2923 καίρια
1125 2847 1381 2918 σώματος
1421 2846 1561 2919 μέλη

455 2936 612 2994 Οῗσει
644 2936 929 3012 κρατάρχῃ
964 2936 1189 2990 θάνατον
1220 2935 1546 3009 παραυτίκα,

450 3029 849 3085 Μεταπισεῖται
883 3023 927 3079 δ’
958 3023 1213 3099 ἀλλαχοῦ
1242 3024 1565 3100 κραταρχία.

446 3115 674 3172 Τούτων
709 3115 874 3187 λόγος
910 3113 1147 3187 μάλιστα
1279 3111 1541 3188 βασιλίδι,

450 3204 785 3279 Κληροῦχον
817 3205 934 3258 υἱὸν
966 3202 1065 3258 οὐκ
1094 3202 1300 3276 ἐχούσῃ
1325 3208 1424 3257 τοῦ
1455 3202 1703 3277 κράτους,

274 3296 418 3351 6440
456 3290 652 3362 Μάνην
686 3290 953 3367 ξυνωρίδα
982 3289 1041 3346 δὲ
1069 3296 1175 3346 τῶν
1211 3292 1545 3365 θυγατέρων,

459 3385 633 3449 Χῆτιν
694 3382 803 3453 (72)
837 3384 1126 3445 παρουσῶν
1176 3384 1282 3433 τῶν
1334 3384 1598 3434 συνευνῶν
1658 3380 1764 3453 πρὸ
1795 3381 1937 3455 ’χρό-

1684 3473 1811 3541 [νων
1846 3490 1859 3502 θ

454 3562 555 3613 Ὠν
584 3559 797 3631 Εἰρήνη
834 3559 928 3631 μὲν
960 3560 994 3626 ἡ
1030 3557 1218 3632 χρόνῳ
1252 3553 1587 3633 πρεσϐυτέρα

460 3655 719 3717 Συνῆπτο
746 3646 931 3710 καλῶς
961 3648 1099 3720 πρὸς
1124 3648 1305 3720 γάμου
1337 3647 1619 3701 κοινωνίαν

456 3739 909 3815 Κοντοπεφάνων
938 3735 993 3790 ἐκ
1014 3735 1203 3810 γένους
1236 3733 1590 3809 Ἀνδρόνικῳ,

277 3830 417 3885 6445
454 3827 633 3900 Μόρῳ
668 3824 899 3897 μαλακῷ
927 3823 1289 3879 καταλύσαντι
1326 3823 1442 3899 βίον
1475 3844 1487 3857 ο

448 3918 515 3973 ⁸Η
550 3914 773 3988 δευτέρα
800 3912 845 3968 δ’
876 3916 1047 3970 Ἀννα
1065 3935 1125 3989 γε
1158 3914 1384 3984 συνῴκει
1416 3911 1581 3967 πάλιν
1620 3932 1631 3943 ’

453 4005 713 4076 Ἰσαακίῳ
741 4000 1091 4075 Κομνηνιάδῃ
1121 4002 1221 4073 νέῳ

450 4097 655 4151 Μυσῶν
688 4092 953 4166 καθείρξει
979 4094 1070 4145 τὸν
1105 4091 1222 4166 βίον
1257 4090 1564 4160 λελοιπότι,

443 4189 535 4243 Ὡς
568 4185 799 4257 ἱστορῶν
824 4179 1048 4258 ἔφρασεν
1081 4180 1274 4235 ἀνόπιν
1304 4178 1491 4255 λόγος.

268 4278 335 4330 64
376 4279 410 4330 0
450 4276 638 4329 Ταῦτα
673 4272 767 4343 μὲν
803 4270 945 4325 οὕτω
976 4276 1057 4342 τῷ
1091 4268 1307 4345 βασιλεῖ
1338 4264 1559 4339 συνέϐη.

445 4366 640 4433 ’Ὀμως
672 4360 887 4435 ῥαῖσας,
918 4358 1129 4433 ἀπάρας
1162 4356 1509 4428 Βυζαντίδος,

445 4448 770 4525 Ἐφίσταταί
796 4469 856 4520 γε
887 4446 1257 4521 Θεσσαλονίκῃ
1292 4446 1478 4513 πόλει,

447 4539 709 4601 Κάκεῖθεν
745 4537 890 4611 ὁρμᾷ
921 4537 1055 4591 κατᾶ
1085 4535 1302 4610 Χρύσου
1330 4540 1425 4590 τοῦ
1457 4534 1705 4610 Βλάχου,

446 4631 548 4689 Ὀς
578 4621 913 4701 παραλαϐὼν
948 4626 1367 4698 Στρούμμιτζαν
1404 4625 1495 4679 σὺν
1521 4630 1637 4687 τοῖς
1676 4625 1849 4700 πὲριξ,

271 4720 413 4776 6455
456 4717 557 4772 Καί
586 4739 639 4771 τι
670 4717 960 4790 κατασχὼν
994 4716 1068 4777 εἷς
1094 4716 1410 4789 τυραννείου
1442 4713 1606 4789 λόγον

452 4806 771 4883 ’Υπερφ-υές,
801 4811 1084 4878 τειχῆρες,
1117 4804 1356 4857 αἷπεινὸν
1392 4802 1512 4857 λίαν

447 4898 688 4970 Ἔρυμα,
725 4892 924 4964 δεινὸν,
958 4894 1235 4968 Πρόσακον
1269 4890 1630 4964 κεκλημένον,

445 4987 512 5037 Ὃ
544 4982 950 5057 συνδραμοῦσαι
972 4984 1130 5059 φύσις
1162 4983 1274 5055 ἅμα
1304 4982 1393 5036 καὶ
1422 4981 1591 5057 τέχνη

450 5072 845 5147 Ἀπρόσμαχόν
871 5073 915 5126 τ’
946 5073 1165 5145 ἄμαχον
1200 5071 1515 5146 εἷργάσαντό
1545 5092 1685 5143 πως,

267 5166 411 5221 6460
450 5165 557 5219 Ἢν
584 5164 921 5234 Ῥωμαϊκοῖς
945 5162 1335 5235 γειτνιάζουσιν
1370 5162 1520 5233 ὅροις

448 5253 605 5326 Μέγα
633 5271 685 5303 τι
717 5250 881 5303 κακὸν
916 5247 1249 5323 ἀφανίζουσα
1282 5250 1451 5322 λύμῃ.

445 5341 651 5397 Τοίνυν
684 5338 903 5399 ἐπιστὰς
941 5336 1195 5411 βασιλεὺς
1226 5342 1304 5408 τῷ
1336 5338 1608 5410 Προσάκῳ

449 5430 611 5485 Μετὰ
640 5434 897 5503 στρατιᾶς
926 5428 1256 5499 ἀξιαγὰστου
1288 5426 1427 5493 λίαν,

330 5650 447 5719 (72)
486 5648 553 5704 In
585 5646 855 5719 margine
888 5646 1086 5718 glossa
1120 5641 1393 5716 στέρησιν.

1840 318 2198 374 CESARBS.

1986 445 2041 511 Α
2073 444 2349 518 quoniam
2382 446 2635 518 priorem
2669 445 2779 516 ipsi
2815 461 2974 501 mors
3005 448 3329 503 abstulerat

2068 549 2356 605 sponsum
2388 534 2596 591 Siciliae
2630 536 2926 606 quondam
2962 536 3116 606 regis
3150 536 3355 591 filium.

2068 622 2197 678 Haac
2231 624 2449 679 femina
2480 625 2781 679 conditum
2815 641 3013 679 amaro
3045 623 3343 679 absinthio

2065 712 2483 785 Dominicaque
2513 717 2790 785 tanquam
2827 714 2913 767 ira
2936 712 3173 784 plenum

2062 801 2301 857 calicem
2336 802 2664 874 propinavit
2699 804 2897 874 patrias
2930 819 3070 859 suae.

2061 890 2322 946 Pellibus
2352 896 2407 945 et
2438 892 2745 947 arthritide
2775 892 3048 947 laborans
3079 892 3266 948 Caesar

2061 980 2214 1035 baud
2246 981 2483 1051 quidem
2518 980 2644 1036 sine
2679 981 2877 1052 requie
2907 981 2990 1035 vel
3027 982 3355 1049 intervallo,

2058 1070 2156 1125 sed
2193 1071 2558 1141 temporibus
2590 1070 2761 1125 certis
2794 1087 2859 1125 ac
2888 1071 3175 1141 periodis,

2057 1164 2293 1232 propter
2314 1159 2585 1215 vitiosum
2620 1160 2883 1232 corporis
2912 1160 3222 1215 humorem

2053 1249 2283 1305 dolores
2316 1249 2654 1321 patiebatur
2684 1248 3106 1317 intolerabiles,

2052 1340 2191 1394 dum
2220 1356 2282 1394 se
2315 1355 2416 1410 per
2447 1356 2661 1410 corpus
2694 1340 2935 1394 morbus
2967 1339 3411 1410 circumageret.

2052 1428 2234 1498 Igitur
2264 1444 2439 1483 verno
2472 1432 2613 1483 tunc
2644 1429 2902 1483 instante
2934 1433 3217 1498 tempore,

2052 1533 2186 1571 cum
2217 1521 2530 1589 angeretur
2561 1516 2753 1572 solitis
2785 1517 3112 1585 doloribus,

2055 1622 2265 1661 novum
2302 1607 2579 1661 audacter
2611 1606 2853 1660 tentavit
2884 1606 3237 1672 remedium,

2051 1694 2206 1765 quod
2238 1693 2348 1764 ipsi
2384 1710 2684 1748 summum
2715 1692 2913 1747 attulit
2943 1693 3263 1748 discrimen
3302 1709 3313 1745 :

1948 1815 1992 1881 B
2054 1782 2304 1838 fervidae
2336 1782 2491 1837 enim
2527 1782 2845 1835 admodum
2880 1780 3015 1834 ferri
3048 1780 3301 1835 laminas

2030 1874 2283 1943 otrique
2316 1872 2469 1927 cruri
2502 1875 2558 1927 et
2590 1870 2835 1940 pedibus
2866 1869 3182 1939 imponens

2038 1962 2257 2019 inussit
2288 1976 2461 2032 grave
2493 1959 2770 2015 carnibus
2806 1958 3165 2013 cauterium.

2022 2053 2092 2109 Et
2123 2053 2345 2108 sedatis
2377 2050 2616 2122 quidem
2653 2064 2978 2119 parumper
3004 2046 3316 2101 doloribus

2028 2146 2146 2197 non
2180 2144 2307 2196 sine
2334 2138 2613 2195 conviciis
2642 2154 2849 2193 omnes
2879 2136 3257 2206 Asclepiadas

2025 2221 2225 2286 procul
2256 2248 2288 2284 a
2318 2245 2379 2285 se
2411 2230 2719 2284 facessere
2751 2227 2997 2297 jubebat
3027 2229 3217 2280 Caesar
3251 2242 3263 2279 :

2025 2336 2227 2374 verum
2259 2318 2504 2373 cauterii
2540 2316 2849 2389 posthinc
2881 2314 3268 2369 inﬂammatio

2025 2408 2313 2479 dolorque
2340 2407 2555 2479 pedum
2584 2409 2867 2461 Caesarem
2900 2404 3241 2471 cruciabat;

2030 2498 2402 2568 revocatique
2436 2496 2645 2551 medici
2679 2498 2819 2549 sunt
2850 2493 3144 2557 celeriter,

2023 2604 2173 2659 quos
2203 2602 2410 2641 omnes
2443 2586 2599 2640 haud
2632 2601 2818 2639 vanus
2846 2583 3059 2638 invasit
3088 2581 3285 2648 timor,

2026 2692 2098 2731 ne
2130 2675 2465 2748 prohibitus
2497 2674 2817 2746 quominus
2851 2674 2907 2728 in
2942 2673 3119 2743 pedes
3152 2671 3362 2726 flueret

2030 2764 2244 2819 solitus
2274 2762 2491 2817 humor
2518 2761 2826 2832 sanguinis
2859 2765 2917 2815 et
2948 2760 3129 2815 saniei
3150 2802 3163 2824 ,

2029 2852 2088 2906 iu
2117 2852 2377 2922 corporis
2410 2849 2722 2922 pracipuis
2754 2853 3055 2915 stagnaret
3092 2846 3387 2917 partibus,

2032 2956 2374 3012 aegrumque
2404 2939 2716 2994 subitanea
2749 2942 2935 2991 morte
2973 2936 3351 3006 opprimeret,

2029 3034 2204 3099 atque
2235 3030 2304 3082 ad
2333 3032 2641 3082 extraneas
2674 3030 2972 3095 sceptrum
3007 3022 3193 3076 abiret
3222 3036 3455 3074 manus.

2041 3119 2244 3173 Sermo
2275 3115 2366 3169 hic
2398 3116 2573 3169 fiebat
2596 3114 2751 3183 apud
2784 3113 3049 3182 reginam
3084 3109 3362 3173 maxime,

1962 3178 2004 3244 (ἶ
2043 3223 2169 3278 quae
2198 3202 2525 3259 masculum
2553 3178 3033 3255 hae—redemvhaud
3069 3200 3394 3269 pepererat,

2038 3295 2138 3351 sed
2172 3292 2520 3349 feminarum
2552 3294 2783 3345 tantum
2817 3305 2920 3358 par
2952 3287 3231 3351 filiarum,

2039 3398 2290 3455 quarum
2316 3382 2443 3451 jam
2475 3381 2600 3435 erat
2629 3381 2879 3445 utraque
2910 3391 3125 3447 sponso
3156 3374 3355 3429 vidua.

2038 3562 2201 3617 Irene
2232 3563 2374 3615 natu
2404 3560 2821 3630 majorjuucta
2851 3558 3041 3611 fuerat

2036 3649 2363 3721 splendidis
2393 3665 2536 3703 sane
2569 3646 2792 3718 nuptiis
2821 3645 3174 3709 Andronico,

2036 3739 2377 3811 progeniem
2409 3754 2575 3793 suam
2608 3735 2864 3790 trahenti
2896 3735 2965 3789 de
2996 3728 3525 3801 Contostephanis;

2037 3829 2135 3882 sed
2170 3829 2219 3882 is
2246 3826 2483 3897 abrupit
2508 3827 2685 3879 vitam
2719 3825 2792 3879 ob
2824 3839 2994 3879 suam
3019 3819 3343 3875 mollitiem.

2032 3916 2243 3971 Junior
2267 3931 2432 3987 aeque
2459 3924 2642 3985 nupta
2673 3914 2862 3967 fuerat
2894 3915 3061 3965 Anna

2034 4007 2459 4059 Comnenorum
2493 4001 2729 4057 surculo
2764 3999 3004 4064 Isaacio,

2035 4093 2135 4164 qui
2168 4092 2321 4163 apud
2354 4092 2557 4147 Messes
2589 4088 2732 4145 obiit
2760 4089 2817 4142 in
2844 4086 3116 4154 vinculis,

2034 4186 2099 4236 ut
2133 4184 2331 4236 nostra
2360 4178 2603 4234 historia
2634 4179 2887 4247 desuper
2918 4175 3202 4231 narravit.

2031 4272 2217 4341 Atque
2249 4270 2330 4325 ita
2361 4268 2602 4323 Caesaris
2634 4283 2695 4322 se
2723 4281 2815 4320 res
2849 4264 3145 4320 habebant
3182 4279 3195 4315 :

2032 4360 2132 4430 qui
2162 4359 2313 4413 male
2344 4358 2550 4413 firmus
2584 4356 2777 4411 adhuc
2810 4354 3083 4426 Byzantio
3115 4350 3404 4407 excedens

2029 4448 2509 4505 Thessalonicam
2541 4445 2789 4501 contulit
2819 4460 2882 4499 se
2903 4444 2962 4498 in
2996 4444 3200 4497 urbem
3237 4458 3249 4495 :

1952 4549 2001 4610 Ι)
2032 4541 2167 4597 inde
2199 4538 2451 4612 perrexit
2481 4542 2685 4593 contra
2714 4536 3000 4607 Chrysum
3032 4533 3312 4588 Blachum

2038 4629 2138 4703 qui
2169 4629 2549 4683 Strummitza
2579 4635 2858 4696 occupata
2888 4641 3022 4679 cum
3056 4622 3291 4691 vicinia,

2038 4726 2358 4787 teneasque
2389 4717 2707 4787 quoddam,
2741 4714 2920 4769 veluti
2952 4712 3169 4783 regiam
3204 4726 3398 4776 suam,

2039 4808 2444 4881 peridoneum,
2480 4804 2945 4859 munitissimum
2976 4808 3031 4856 et
3061 4801 3311 4856 sublime

2039 4900 2248 4970 ingens
2277 4895 2584 4952 castellum
2618 4895 2709 4949 cui
2745 4908 2955 4948 nomen
2987 4892 3293 4955 Prosacon,

2041 4988 2195 5059 quod
2230 5004 2323 5042 ars
2355 4986 2619 5039 certatim
2655 5000 2786 5037 cum
2818 4987 3030 5035 natura
3060 4980 3332 5034 effecerat

2040 5076 2401 5133 bellantibus
2428 5075 2795 5128 inaccessum
2830 5067 3307 5140 inexpugnabile,

2041 5168 2317 5221 Romanae
2346 5162 2467 5218 illic
2498 5162 2778 5233 proximis
2809 5158 3053 5214 ditionis
3086 5158 3305 5211 ﬁnibus

2038 5270 2214 5325 grave
2247 5252 2595 5307 imminebat
2628 5251 2846 5304 malum
2881 5254 2936 5303 et
2967 5248 3233 5302 exitium.

2039 5342 2336 5397 Accedens
2362 5357 2494 5409 ergo
2522 5340 2810 5394 Prosacon
2843 5336 3163 5406 imperator

2042 5446 2172 5486 cum
2208 5430 2447 5485 florente
2477 5427 2729 5483 exercitu
2762 5431 2817 5480 et
2850 5425 3124 5495 permiro,

3616 322 3721 376 242
