4004 6200
222 276 349 333 245

412 403 494 458 Τὸ
518 405 612 455 νῦν
642 399 775 475 πρὸς
810 398 1044 455 ἑστίασιν
1079 404 1219 474 ἡμῖν
1250 403 1546 479 τυγχάνον·

416 492 487 548 ’Ὁ
516 494 761 566 κρεῖττον
794 490 956 567 ὀφθέν
989 491 1220 554 θανάτου
1258 494 1393 565 μετά
1418 492 1586 558 πάθος

226 584 377 639 6525
416 584 577 649 Ζωῆς
607 582 871 654 κατῆρξεν
902 579 1125 655 ἀφθίτου
1160 583 1373 657 βροτῶν
1416 585 1601 657 χάριν·

418 671 496 727 0'3
514 669 611 724 κᾶν
650 669 821 743 μέροσ
844 690 927 731 τις
954 670 1199 745 τυγχάνῃ
1234 669 1574 746 δεδεγμένος,

416 763 596 817 ’Ἁπαν
634 755 820 815 λαϐὼν
854 758 1037 814 ἄπεισι
1070 765 1229 833 σῶμα
1258 761 1484 835 Κυρίου,

419 848 518 904 Καὶ
548 850 948 922 προσθεουργεῐ
979 847 1107 910 τοὺς
1142 852 1508 924 μετασχόντας
1540 850 1723 923 ξένως.

421 939 486 996 Οἱ
519 935 566 992 δ’
596 936 657 992 lx
687 934 908 1009 μερίδος
938 944 1037 1006 τῆς
1068 936 1308 1000 ἐναντίας
1338 938 1503 994 πάλιν

238 1042 384 1098 6530
422 1041 699 1115 Ἓφασκον
724 1036 855 1091 αὐτὸ
892 1035 1036 1108 μηδὲ
1063 1036 1231 1093 τύπον
1265 1041 1523 1115 παρέχειν

418 1134 635 1197 Σεπτῆς
671 1126 941 1201 μακαρίας
970 1146 1029 1181 τε
1049 1125 1405 1196 παλινζωΐας·

419 1217 773 1289 Τελούμενον
802 1212 860 1269 δὲ
892 1217 1076 1279 θυσίαν
1113 1216 1287 1289 μόνην
1320 1217 1516 1294 φέρειν.

414 1307 706 1369 Κᾶντεῦθεν
741 1306 925 1375 άνουν,
960 1305 1218 1380 φθαρτὸν,
1250 1303 1462 1381 ἄψυχον
1502 1307 1712 1377 πέλειν,

415 1397 517 1453 Καὶ
550 1394 641 1449 τὸν
679 1394 1025 1467 μετασχόντα
1060 1391 1117 1448 δὲ
1156 1389 1453 1467 λαμϐάνειν
1487 1398 1674 1469 μέρος,

237 1487 379 1542 6535
418 1485 547 1559 Οὐχ
578 1484 713 1537 ἅπαν
746 1484 811 1537 τὸ
842 1486 1006 1555 σῶμα
1033 1486 1129 1536 τοῦ
1154 1484 1389 1557 Χριστοῦ
1422 1485 1716 1541 Δεσπότου·

408 1573 474 1630 Εἰ
506 1574 635 1647 γὰρ,
668 1572 845 1649 φασὶν,
880 1569 1150 1649 ἄφθαρτον
1195 1572 1334 1641 ὑπήν
1368 1573 1628 1645 καθόλου,

405 1668 507 1718 Ἠν
538 1661 598 1715 ἂν
626 1661 843 1735 ἀναφὶς,
876 1660 1105 1724 ἀθέατον
1136 1665 1252 1722 τοῖς
1283 1661 1465 1724 ὅλοις.

413 1753 655 1808 Τοιαῦτα
684 1750 1019 1823 συνείροντες
1049 1746 1163 1804 οἶδε
1194 1748 1533 1826 δυστρόπως,

408 1838 845 1914 Ἀπλουστέρους
877 1834 1087 1893 ἔπειθον
1122 1840 1355 1895 ὑπείκειν
1390 1841 1558 1917 σφίσι.

233 1942 371 1997 6540
408 1942 487 2012 Τῇ
517 1938 783 2013 κρείττονι
815 1933 944 2011 δόξῃ
979 1934 1035 1991 δὲ
1062 1939 1378 2010 προστεθεὶς
1410 1938 1534 2010 ἅναξ

402 2026 506 2085 Εἴα
536 2026 807 2104 φθινύθειν
829 2024 1124 2095 τηνάλλως
1154 2024 1281 2087 τοὺς
1313 2028 1556 2103 θατέρας.

404 2118 610 2173 Μυσῶν
641 2116 797 2190 γένος
829 2116 1086 2169 κάκιστον
1118 2115 1195 2177 εἷς
1226 2116 1548 2190 συμμαχίαν

402 2205 601 2282 Στίιρος
635 2206 900 2277 Κομάνων
934 2199 1245 2277 προσλαϐὸν
1276 2205 1607 2279 παριστρίων

394 2296 589 2369 Χώρας
618 2293 777 2367 ἐπῄει
808 2292 1121 2366 Ῥωμαϊκὰς
1156 2290 1404 2371 ἐκτρίϐον

223 2386 363 2442 6545
400 2384 499 2439 Καὶ
533 2384 683 2438 λείαν
718 2382 1001 2455 ἀμύθητον
1038 2382 1425 2457 αἶ’χμαλωσίαν

394 2475 498 2530 Xa?
528 2471 701 2526 σκῦλα
733 2470 966 2526 πλεῖστα
983 2468 1246 2544 κερδάναν
1284 2474 1631 2552 ὑποστρέφει.

393 2562 494 2616 Καὶ
525 2564 673 2616 τοῦτ’
704 2558 761 2615 ἂν
788 2562 931 2637 εἶχεν
966 2561 1132 2616 εἰσαεὶ
1164 2560 1291 2637 δρᾷν
1327 2561 1377 2633 ἐξ
1410 2560 1589 2635 ἔθους,

394 2651 461 2708 Εἴ
495 2651 573 2723 μή
606 2650 668 2705 τὸ
695 2651 1085 2725 Χριστώνυμον
1119 2646 1330 2713 εὐσεϐὲς
1361 2652 1532 2729 φῦλον

398 2744 515 2795 Τῶν
546 2739 683 2801 Ῥὼς
715 2740 930 2814 άπεῖρξέ
962 2760 1095 2817 σφας
1124 2744 1294 2805 κακῆς
1324 2743 1651 2817 προθυμίας·

224 2833 360 2887 6550
396 2832 461 2887 Ὀ
491 2830 595 2905 γὰρ
628 2828 901 2899 Γαλίτζης
934 2829 1156 2905 ἡγεμὼν
1188 2833 1498 2905 παραινέσει

392 2921 513 2975 Τοῦ
545 2916 936 2992 ποιμσνάρχου
967 2919 1233 2987 Ῥωσικῆς
1264 2917 1591 2989 Ἐκκλησίας

391 3007 598 3085 Στίφος
632 3012 883 3083 στρατιᾶς
908 3007 1121 3076 ἦλικὼς
1154 3009 1229 3071 ὡς
1261 3011 1459 3084 μυρίον

398 3094 647 3165 Ἐπῆλθε
677 3100 746 3169 τῇ
776 3103 844 3169 γῆ
876 3100 982 3150 τῶν
1019 3096 1282 3169 Κομάνων
1308 3098 1529 3173 ἀθρόον⁹

392 3187 491 3241 Καὶ
524 3188 721 3261 χώραν
758 3187 1019 3261 ἠφάνισεν
1054 3186 1229 3241 αὐτῶν
1263 3187 1528 3262 ἐσχάτως·

220 3287 355 3343 6555
394 3285 495 3339 Καὶ
528 3289 691 3339 τοῦτο
722 3282 920 3360 δράσας
953 3283 1270 3347 πλειστάκις
1299 3285 1648 3364 φιλοφρόνως

394 3374 493 3435 Εἷς
528 3369 768 3427 εὐσεϐῶν
800 3374 1069 3448 καύχημα
1098 3378 1204 3428 τῶν
1228 3376 1659 3449 Χριστωνύμων,

400 3467 549 3540 Σφᾶς
579 3464 897 3536 συμμάχεῖν
930 3460 1127 3517 ἔπαυσε
1156 3469 1361 3527 Μυσοῖς
1391 3460 1710 3541 βαρϐάροις.

398 3554 496 3606 Καὶ
530 3572 612 3613 τις
649 3556 879 3623 Κομνῶν
911 3550 1124 3629 ἐκφυεὶς
1156 3554 1412 3623 Ἰωάννης

402 3643 569 3717 Ἀνὴρ
601 3639 855 3711 πιθώδης
895 3645 1215 3715 σωματικὴν
1245 3645 1345 3712 τὴν
1377 3644 1575 3699 πλάσιν

231 3733 368 3788 6560
406 3730 743 3805 Προκοίλιός
771 3752 829 3785 τε
856 3731 947 3785 καὶ
979 3730 1288 3805 λιπόκρεως
1322 3734 1443 3786 Alam

406 3819 598 3895 Παχὺς
632 3818 865 3890 ἐπίκλην
896 3819 957 3875 έκ
986 3822 1105 3884 θέας
1133 3821 1462 3898 φερωνύμου

408 3908 670 3985 ’Λντάρας
705 3908 856 3963 ὦπτο
883 3909 1099 3984 βασιλεῖ
1125 3910 1262 3965 κατὰ
1289 3909 1471 3964 πόλιν·

404 3999 554 4052 Narin
588 3998 693 4073 γὰρ
725 3996 901 4059 εἰσδὺς
931 3999 1022 4053 τὸν
1056 4003 1188 4054 Θεοῦ
1219 4000 1359 4053 θεῖον
1388 4001 1550 4075 μέγαν

406 4088 505 4141 Καὶ
534 4092 647 4141 τῶν
677 4085 800 4160 περὶ
826 4088 1094 4163 τράπεζαν
1126 4086 1467 4160 ᾖωρημένιυν

223 4179 361 4233 6565
406 4179 684 4251 Στέφανον
721 4176 891 4240 ἐνθείς
921 4180 989 4245 τῇ
1020 4176 1175 4251 κρατὶ
1208 4179 1558 4250 παρανόμως,

397 4266 737 4341 Στεφανίτης
768 4263 923 4338 ἔξεισι
955 4270 1051 4319 τοῦ
1088 4265 1233 4321 θείου
1276 4263 1474 4339 δόμου·

396 4358 502 4411 Καὶ
538 4354 631 4409 σὺν
666 4357 901 4432 φρατρίᾳ
931 4355 1020 4410 καὶ
1056 4357 1388 4430 συνιστόρων
1421 4358 1600 4431 στίφει

394 4446 608 4501 Ὄντων
638 4444 923 4517 ἐπισήμων
956 4465 1013 4499 τε
1046 4444 1315 4517 λαμπρῶν
1354 4446 1413 4499 ἐκ
1443 4446 1656 4519 γένους,

399 4532 643 4590 Εῗσεισιν
676 4532 830 4594 εὐθὺς
865 4533 943 4595 εἲς
973 4534 1241 4589 παλάτιον
1274 4533 1432 4610 μέγα,

222 4622 355 4677 6570
392 4628 522 4684 Τοῖς
552 4620 863 4697 βασιλικοῖς
893 4621 1266 4695 ἀναδούμενος
1296 4624 1533 4695 κρότοις·

398 4711 504 4767 Καὶ
544 4710 826 4785 βασιλείου
856 4712 1080 4772 καθίσας
1115 4711 1199 4765 ἐπὶ
1235 4711 1431 4783 θρόνου

396 4801 561 4861 Τινᾶς
591 4798 909 4874 ἐδωρήσατο
943 4800 1225 4874 λαμπραῖς
1256 4800 1446 4873 ἀξίαις.

397 4890 460 4946 Ὀ
494 4890 785 4965 συρφάκων
821 4884 997 4963 ὄχλος
1028 4887 1085 4943 δὲ
1115 4889 1203 4943 καὶ
1234 4893 1342 4943 τῶν
1375 4886 1685 4962 ξυγκλύδων

400 4979 532 5033 Ἀνὰ
572 4976 886 5039 στενωποὺς
916 4975 1200 5054 ἀμφόδους
1233 4976 1561 5047 Βυζαντίδος

226 5078 359 5133 ὤ75
396 5078 543 5149 Πρὸς
574 5073 621 5130 δ’
653 5074 719 5129 αὖ
750 5076 943 5150 ἀγυιὰς
973 5075 1348 5151 ἐκτρέχοντες,
1376 5075 1602 5148 λιμένας

398 5167 773 5241 ’Δνηγόρευον
810 5164 1057 5222 Αὐσόνων
1096 5166 1324 5239 βασιλέα

397 5254 706 5329 Ἐλευθέρῳ
742 5256 974 5327 σσόματι
1008 5252 1155 5308 τόνδ’
1189 5256 1470 5324 Ἰωάννην,

392 5342 643 5405 Τιθέντες
679 5344 758 5404 εἷς
796 5345 1055 5418 ἅρπαγμα
1087 5342 1345 5419 λαμπρὰς
1380 5343 1579 5405 οἰκίας.

400 5434 613 5495 Νυκτὸς
642 5430 702 5486 δὲ
734 5430 937 5506 χανδὸν
970 5431 1303 5507 ἐμφορηθεὶς
1335 5433 1568 5505 ἀκράτου

234 5526 367 5579 653)
412 5523 605 5596 Ιιαχῦς
638 5522 837 5597 φρένας
872 5520 1069 5590 κλῆσίν
1097 5541 1153 5575 τε
1183 5522 1439 5595 τύραννος
1472 5521 1612 5592 νέος,

408 5612 587 5675 ’Λνείς
614 5632 671 5667 τε
706 5608 885 5673 πύλας
918 5610 1134 5672 ἀνέτους
1168 5609 1474 5686 ἀνακτόρων

1778 280 2139 335 CBBARBS.

1932 410 1987 476 Α
2017 404 2248 460 Domini
2276 421 2491 478 corpus
2518 422 2761 477 prorsus
2792 420 2920 463 esse
2951 406 3268 478 ejusmodi,

2011 493 2183 565 quale
2214 494 2435 550 devicta
2466 500 2652 549 morte
2686 499 2817 565 post
2847 494 3177 566 passionem

2010 588 2285 638 aeternam
2317 584 2545 655 accepit
2575 584 2753 639 vitam
2788 583 2972 638 nostri
3004 583 3193 654 gratia
3226 600 3237 638 :

2010 688 2197 743 neque
2228 671 2590 742 aliquantam
2626 678 2853 745 partem
2886 690 2993 727 nos
3030 672 3343 743 percipere,

2008 762 2108 816 sed
2143 760 2485 817 universum
2514 763 2726 818 Christi
2764 779 2975 832 corpus
3008 762 3263 829 Domini,

2007 867 2041 905 a
2072 867 2185 921 quo
2218 855 2521 907 sumentes
2554 851 2990 907 sanctificamur
3022 851 3184 906 mire.

2006 938 2222 994 Verum
2256 940 2559 996 contrariae
2591 940 2777 1012 partis
2808 941 3147 996 defensores

2005 1027 2278 1084 dicebant
2300 1029 2496 1100 ipsum
2530 1030 2682 1084 haud
2719 1028 2994 1101 praaferre
3017 1033 3221 1101 typum

2004 1132 2181 1172 sacrm
2217 1134 2283 1173 ac
2313 1118 2491 1174 beatae
2522 1118 2755 1174 Domini
2787 1122 3149 1184 anastaseos,

2003 1206 2103 1259 sed
2137 1207 2492 1262 sacrificium
2527 1207 2697 1262 unice
2730 1206 3007 1279 mysterio
3040 1206 3200 1273 fieri;

2002 1292 2137 1348 hinc
2167 1296 2585 1367 corruptivum,
2622 1297 2748 1353 sine
2781 1312 2977 1366 sensu,
3011 1295 3297 1351 exanime.

2000 1393 2039 1444 A
2074 1393 2239 1447 nobis
2272 1399 2466 1449 autem
2499 1395 2656 1449 sumi
2689 1398 2915 1465 partem
2950 1398 3207 1462 tantum,

2000 1498 2115 1535 non
2145 1482 2483 1539 universum
2517 1500 2732 1554 corpus
2764 1482 2976 1538 Christi
3009 1482 3243 1539 Domini
3270 1502 3280 1537 :

1998 1586 2132 1625 nam
2166 1572 2215 1626 si
2248 1570 2355 1626 hoc
2386 1588 2626 1642 prorsus
2651 1571 3138 1642 incorruptivum,

1995 1676 2099 1715 nec
2128 1660 2423 1731 palpabile
2456 1662 2574 1716 fore
2607 1677 2712 1715 nec
2743 1660 2993 1716 visibile.

1913 1776 1961 1841 Β
1994 1752 2121 1847 ilice
2150 1749 2246 1803 isti
2278 1748 2423 1805 falso
2456 1749 2813 1803 blaterantes
2845 1764 2944 1802 ore

1992 1837 2339 1909 imperitiori
2372 1838 2555 1893 turba:
2588 1838 2878 1893 faciebant
2910 1837 3108 1891 fucum
3145 1853 3157 1891 :

1989 1926 2090 1983 sed
2122 1926 2440 1999 imperator
2467 1928 2797 1997 obsequens
2831 1924 3057 1980 meliori
3090 1922 3353 1995 dogmati

1988 2015 2129 2070 sivit
2158 2016 2485 2071 contrarios
2518 2016 2737 2071 frustra
2765 2014 3052 2069 laborare.

1987 2103 2250 2160 Pessima
2280 2122 2423 2177 gens
2455 2111 2769 2160 Mmsorum
2802 2120 2935 2159 cum
2968 2102 3127 2157 socia
3153 2118 3333 2158 manu

1986 2192 2318 2248 accolarum
2349 2193 2599 2249 Danubii
2630 2197 3023 2249 Comanorum

1986 2286 2150 2337 terra:
2182 2286 2474 2339 Romanas
2506 2283 2848 2338 incursabat
2876 2285 3136 2347 vastans,

1985 2372 2363 2443 praedamque
2388 2372 2598 2443 agebat
2622 2371 2940 2443 plurimam
2974 2374 3031 2425 et
3058 2368 3343 2441 captivos,

1985 2460 2203 2532 quibus
2235 2462 2419 2517 ditata
2450 2462 2508 2516 in
2536 2462 2788 2533 patriam
2822 2478 2885 2517 se
2916 2460 3255 2531 recipiebat.
3306 2496 3314 2503 .

1980 2561 2168 2632 Atque
2194 2560 2247 2615 id
2280 2562 2555 2633 deinceps
2589 2577 2822 2632 semper
2849 2566 3051 2616 actura
3080 2560 3290 2626 fuerat,

1983 2648 2099 2706 nisi
2128 2650 2440 2706 Rossorum
2472 2650 2567 2722 pia
2590 2666 2735 2721 gens
2764 2648 3095 2705 Christiana

1982 2737 2345 2795 cohibuisset
2376 2739 2663 2795 Barbaros
2698 2756 2731 2794 a
2763 2738 3073 2794 maleficio.

1982 2827 2219 2884 Galitza:
2248 2830 2465 2900 quippe
2498 2829 2795 2900 princeps,
2829 2827 3183 2882 adhortante

1982 2916 2253 2973 Ecclesiae
2287 2934 2521 2973 summo
2553 2918 2804 2972 Rossicaa
2834 2920 3089 2986 pastore,

1984 3007 2242 3077 plurima
2274 3006 2515 3061 militari
2549 3011 2750 3061 coacta
2783 3020 2982 3068 manu,

1985 3095 2043 3149 in
2074 3095 2465 3150 Comanorum
2491 3109 2698 3163 agrum
2726 3095 2964 3161 repente
2995 3089 3167 3143 irruit

1984 3200 2236 3253 eumque
2258 3186 2518 3237 extrema
2548 3180 2739 3234 affecit
2768 3178 3039 3232 vastitate
3073 3194 3085 3229 :

1986 3273 2139 3346 quod
2174 3287 2304 3327 cum
2336 3268 2550 3342 egisset
2582 3284 2733 3339 saepe
2764 3266 2949 3321 amico
2982 3265 3179 3321 animo

1988 3364 2056 3419 ad
2091 3361 2367 3417 solatium
2401 3359 2632 3431 piorum
2660 3356 3150 3420 Christianorum,

1985 3450 2364 3509 Comanicum
2394 3446 2675 3503 auxilium
2710 3446 2907 3502 Mmsis
2936 3444 3201 3500 abstulit.

1987 3542 2243 3598 Joannes
2276 3538 2510 3610 quidam
2548 3537 2617 3591 de
2648 3535 2963 3591 Comnenis
2995 3533 3251 3605 genitus,

1988 3628 2249 3701 corporis
2281 3626 2433 3682 mole
2462 3624 2581 3681 doli
2614 3626 2861 3680 formam
2894 3623 3171 3691 referens,

1990 3718 2245 3789 projeoto
2276 3719 2497 3786 ventre,
2529 3714 2805 3770 carnibus
2840 3709 3272 3784 pinguissimis,

1991 3806 2228 3864 nomine
2257 3805 2465 3860 idoneo
2498 3804 2691 3858 dictus
2724 3800 2899 3872 vulgo
2933 3800 3199 3865 Crassus,

1991 3895 2202 3952 Czesari
2235 3911 2296 3949 se
2328 3892 2605 3949 rebellem
2625 3892 2699 3945 -in
2734 3891 2877 3945 urbe
2909 3887 3176 3960 praebuit.

1900 3994 1903 3999 λ
1994 3996 2305 4065 Ingressus
2328 3991 2483 4046 enim
2518 3989 2802 4059 templum
2839 3986 2939 4043 Dei
2976 3985 3320 4052 maximum,

1992 4099 2267 4140 coronam
2298 4097 2366 4136 ex
2396 4080 2467 4135 iis
2500 4095 2625 4150 qua:
2660 4094 2866 4132 mensa
2897 4074 3231 4147 pendebant
3260 4089 3429 4129 sacra

1993 4190 2139 4230 ausu
2172 4170 2417 4227 scelesto
2450 4166 2733 4237 imposuit
2766 4165 2823 4219 in
2856 4168 3033 4235 caput
3064 4179 3260 4228 suum,

1993 4269 2167 4334 atque
2199 4261 2279 4314 ita
2301 4261 2612 4313 coronatus
2646 4254 2864 4325 templo
2897 4252 3016 4307 exit
3048 4268 3060 4306 :

1993 4359 2050 4409 et
2078 4366 2213 4408 cum
2245 4350 2471 4403 favente
2503 4344 2835 4414 conspirato
2867 4342 3038 4413 globo

1994 4440 2301 4496 hominum
2334 4435 2780 4507 splendidorum
2814 4433 2883 4486 de
2915 4431 3104 4485 classe
3135 4428 3340 4497 nobili,

1993 4533 2145 4585 recta
2177 4526 2461 4599 processit
2490 4525 2560 4579 ad
2595 4521 2878 4594 palatium
2908 4535 3214 4591 magnum,

1991 4618 2300 4691 plausibus
2330 4611 2828 4683 concrepantibus
2858 4610 2916 4663 in
2952 4625 3170 4663 morem
3204 4607 3466 4678 regium;

1992 4725 2124 4763 mox
2153 4722 2285 4760 cum
2322 4703 2498 4774 regali
2532 4700 2900 4757 consedisset
2931 4699 3167 4764 throno,

1991 4794 2314 4867 splendidis
2346 4792 2630 4864 quosdam
2665 4789 2899 4843 donavit
2930 4786 3339 4857 dignitatibus.

1994 4883 2253 4941 Miscella
2283 4899 2417 4937 vero
2452 4880 2652 4953 populi
2685 4878 2965 4933 colluvies

1996 4991 2096 5046 per
2126 4973 2491 5043 angiportus,
2524 4970 2648 5025 vias
2680 4969 2957 5037 vicosque
2991 4965 3151 5020 urbis

1997 5077 2213 5134 perque
2242 5059 2465 5131 plateas
2495 5073 2737 5113 currens
2770 5061 2946 5126 atque
2978 5057 3183 5123 portus

1997 5161 2325 5215 Romanum
2360 5155 2741 5228 proclamavit
2768 5154 3184 5223 imperatorem

1997 5249 2182 5303 libera
2212 5246 2413 5317 lingua
2444 5242 2755 5299 clamitans
2789 5241 2943 5296 hunc
2974 5241 3294 5305 Joannem;

2000 5342 2055 5391 et
2086 5334 2263 5389 simul
2292 5335 2600 5405 Opulentas
2632 5330 2923 5401 spoliabat
2952 5329 3181 5383 domos.
3259 5360 3265 5365 -

2002 5429 2215 5480 Verum
2252 5427 2530 5492 sequente
2559 5426 2724 5475 nocte
2758 5434 2917 5473 mero
2949 5432 3266 5487 oppressus

2004 5531 2237 5570 crassus
2270 5511 2364 5566 hic
2401 5514 2590 5564 mente
2622 5514 2677 5563 et
2710 5508 2943 5562 nomine
2976 5511 3285 5574 tyrannus,

2003 5603 2172 5675 regiae
2206 5600 2542 5673 patentibus
2576 5614 2676 5669 per
2708 5593 3036 5651 socordiam
3062 5591 3288 5662 januis,

3556 280 3663 333 246
