4004 6200
321 290 429 362 π
1542 298 1914 354 erasnm:
1950 295 2526 354 CHRONOGBAPHI

320 433 457 487 dum
485 431 604 502 ejes
638 445 737 500 per
767 427 968 482 orbem
1001 428 1157 480 esset
1187 423 1417 496 dilapsa
1448 422 1678 492 cohors,

325 539 358 577 a
381 519 624 582 Cmsaris
659 514 948 571 militibus
980 517 1216 585 repente
1247 517 1457 585 captus

326 610 734 667 calamitosum
769 609 943 676 caput
971 605 1098 660 ensi
1129 605 1359 661 obtulit.

323 699 692 768 Cammytzes
725 711 957 766 quoque
985 699 1392 764 protostrator,
1429 697 1662 749 tantum

323 803 500 859 quem
534 801 714 854 supra
746 783 864 838 dixi
897 785 953 837 in
986 782 1234 839 vinculis
1265 784 1418 854 apud
1451 783 1686 848 Mmsos,

325 876 563 931 ell‘r‘acto
596 873 709 928 sibi
741 873 944 945 Cbrysi
977 888 1155 928 manu
1187 887 1438 938 carcere,

327 981 461 1022 cum
496 965 601 1018 hoc
632 963 977 1034 conspirans
1008 961 1214 1016 defecit
1245 979 1278 1017 a
1309 961 1554 1030 Caesare,

327 1060 385 1110 et
414 1053 785 1124 Pelagoniam
818 1057 1086 1108 cunctam
1119 1051 1428 1123 occupavit
1460 1067 1472 1104 :

329 1149 456 1200 tum
484 1143 661 1198 etiam
695 1143 849 1214 cepit
877 1141 1175 1212 Prilapum
1210 1140 1316 1194 levi
1351 1140 1508 1209 nisu,

329 1239 504 1305 atque
536 1231 852 1288 Thessaliae
886 1230 1193 1285 dominum
1226 1247 1288 1284 se
1319 1229 1542 1301 gessit:

327 1317 490 1379 nullo
517 1321 838 1376 obsistente
869 1319 1104 1374 demum
1137 1318 1449 1373 commovit
1484 1315 1802 1382 Helladem,

325 1408 723 1480 rebellemque
754 1408 887 1464 fecit
915 1407 1406 1478 Peloponnesum.

325 1502 475 1556 Tum
503 1503 560 1554 et
595 1497 830 1554 rebellis
861 1497 1013 1552 alius
1044 1501 1282 1568 repente
1307 1495 1582 1568 apparuit

330 1591 635 1661 (tanquam
671 1586 752 1640 illi
788 1587 1086 1658 quondam
1114 1585 1380 1657 gigantes
1410 1583 1610 1655 sparti)

329 1680 588 1735 Joannes
617 1676 864 1747 Cyprius
896 1674 1065 1745 vulgo
1097 1673 1546 1744 Spyridonaces,

329 1769 440 1822 hoc
472 1767 696 1821 habens
728 1767 1183 1832 cognomentum
1218 1766 1460 1832 paterna
1490 1778 1559 1817 ex
1588 1762 1783 1829 domo,

331 1851 550 1911 fmdum
582 1853 721 1924 quid
751 1853 901 1922 visu,
937 1851 1200 1907 moribus
1232 1855 1287 1907 et
1315 1868 1576 1922 corpore,

330 1944 515 2000 oculis
547 1943 721 1998 homo
753 1942 991 2008 strabis,
1026 1940 1150 1997 arte
1182 1941 1392 2012 opifex,

330 2033 534 2088 humili
567 2036 722 2088 sorte
753 2031 988 2103 genitus
1017 2036 1076 2085 et
1107 2035 1271 2086 terra:
1305 2030 1480 2099 ﬁlius,

327 2121 577 2178 Caesaris
607 2120 744 2177 olim
779 2119 1071 2191 palatinus
1103 2119 1382 2188 famulus,

323 2210 621 2266 interioris
650 2209 774 2266 fisci
805 2208 1082 2264 custodiae
1115 2208 1437 2281 impositus
1473 2225 1485 2263 :

321 2300 453 2357 exin
486 2298 820 2354 Smolenam
855 2297 1262 2370 praefecturam
1297 2303 1529 2362 nactus,

322 2390 720 2461 inexspectata
752 2387 1043 2458 dignitate
1074 2386 1263 2442 elatus

323 2480 394 2534 ad
427 2477 739 2550 apostasim
771 2477 1002 2548 proruit
1031 2477 1353 2531 vesaniam.

323 2567 580 2624 Tertiam
613 2565 868 2620 habebat
898 2565 1088 2619 Caesar
1118 2569 1256 2619 tunc
1287 2565 1606 2631 miseriam,

325 2661 523 2712 suetos
555 2655 669 2711 sibi
704 2656 976 2727 podagrae
1009 2654 1259 2710 dolores.

327 2745 601 2802 Bifariam
635 2744 816 2816 igitur
845 2742 1162 2799 distributo
1190 2743 1468 2814 exercitu,

328 2838 552 2907 partem
585 2833 912 2889 ducendam
945 2837 1146 2887 contra
1170 2831 1606 2904 Spiridonacem

327 2939 540 2995 genero
572 2921 766 2977 Alexio
796 2921 1042 2976 tradidit
1072 2920 1390 2992 Palzeologo
1426 2940 1437 2976 :

327 3013 571 3069 alteram
605 3028 739 3068 vero
771 3011 1049 3067 traditam
1086 3010 1440 3082 OEnopolitzs

327 3103 396 3157 ad
426 3100 834 3156 debellandum
871 3100 1034 3154 misit
1061 3100 1456 3172 Cammytzem
1487 3099 1738 3156 hostem.

325 3189 524 3245 Prcelio
557 3195 826 3244 conserto
860 3193 1177 3259 utrumque
1207 3188 1479 3245 rebellem
1513 3189 1669 3258 vicit,

325 3278 612 3347 ejccitque
644 3277 892 3348 imperio
923 3295 1057 3332 eum
1094 3279 1189 3332 Dei
1223 3296 1369 3348 ope:

323 3373 379 3421 et
407 3366 697 3436 Chrysum
729 3383 966 3436 quoque
994 3367 1220 3435 pepulit
1249 3368 1651 3423 Strummitza.

321 3453 528 3509 Adhuc
563 3453 754 3508 Alexio
788 3453 1072 3506 retinente
1107 3454 1442 3522 imperium,

319 3542 531 3596 Asanis
559 3543 735 3610 atque
767 3539 917 3593 Petri
955 3540 1264 3594 Musorum
1300 3542 1479 3596 frater

322 3631 379 3686 in
415 3628 744 3701 principatu
781 3628 978 3699 patriae
1011 3645 1318 3683 successor

321 3721 578 3775 Joannes
610 3734 777 3773 arma
808 3716 1017 3772 extulit
1046 3723 1247 3773 contra
1282 3717 1594 3789 imperium
1627 3735 1639 3775 :

323 3806 644 3879 statimque
676 3821 988 3880 aggressus
1022 3823 1152 3861 eum
1187 3806 1442 3877 plurimo
1467 3809 1720 3864 exercitu

322 3897 378 3949 in
415 3895 766 3968 Itbodopeiis
789 3896 954 3968 jugis
985 3896 1384 3951 Constantiam
1416 3897 1616 3952 urbem

320 3985 466 4040 bene
497 3987 785 4041 munitam
820 3985 1191 4058 fastigiisque
1226 3985 1564 4058 impositam

318 4071 470 4128 facili
506 4073 698 4142 przslio
733 4073 846 4129 sibi
878 4074 1217 4129 vindicavit.

317 4159 503 4232 Hujus
534 4163 780 4233 dejectio
817 4164 1135 4231 mtenibus,
1169 4165 1455 4220 scelestus
1489 4166 1658 4221 homo

315 4250 568 4306 Varnam
603 4252 857 4322 perrexit
887 4253 1094 4307 urbem
1131 4255 1198 4308 ad
1240 4270 1398 4308 mare
1430 4256 1629 4321 sitam,

315 4355 492 4410 quam
527 4340 894 4396 continenter
930 4341 1124 4396 tribus
1159 4342 1368 4398 diebus
1397 4343 1685 4413 quatiens,

315 4428 572 4500 denique
598 4433 828 4500 captam
858 4431 1175 4501 exaequavit
1207 4431 1355 4495 solo,

263 4551 268 4556 -
317 4519 566 4588 ejusque
597 4517 750 4573 cives
785 4519 837 4572 in
870 4519 1136 4588 subjecta
1169 4520 1326 4574 fossa

316 4605 412 4661 hic
443 4606 670 4660 daemon
699 4606 894 4661 obruit
924 4607 1106 4667 vivos.
1140 4607 1250 4662 heu
1287 4608 1572 4663 dolorem!

318 4695 554 4750 Sabbati
594 4696 790 4768 magni
822 4702 876 4751 et
907 4697 1196 4752 benedicti
1230 4697 1340 4765 die,

313 4783 528 4840 Christi
563 4802 790 4840 sacram
823 4786 1152 4856 passionem
1187 4787 1264 4840 nil
1301 4786 1580 4842 reveritus
1615 4805 1627 4841 :

311 4877 439 4928 tum
472 4874 707 4928 demum
744 4874 798 4928 in
834 4891 1002 4929 suam
1040 4876 1286 4946 patriam
1320 4882 1407 4930 est
1439 4892 1724 4932 reversus.

310 4961 476 5017 Nunc
509 4979 655 5034 opus
690 4965 842 5018 haud
882 4965 1077 5035 inepto
1112 4965 1366 5036 tragmdo
1399 4966 1564 5031 foret,

313 5067 491 5121 quam
525 5069 654 5108 sum
689 5070 815 5124 ego,
853 5058 916 5108 ut
947 5059 1250 5109 caneretur
1276 5055 1450 5125 digne

312 5141 715 5197 calamitatum
744 5141 982 5211 pelagus
1011 5148 1068 5197 et
1096 5145 1366 5214 abyssus,

314 5229 599 5285 malorum
637 5232 875 5302 inquam
917 5232 1050 5286 Ilias
1077 5238 1132 5286 et
1163 5233 1464 5304 tragoedia,

304 5335 429 5387 quae
460 5319 823 5376 Constantini
860 5319 1037 5374 simul
1073 5322 1198 5374 urbi
1231 5320 1520 5390 contigit:

308 5407 425 5462 imo
456 5426 601 5480 opus
635 5409 778 5464 foret
810 5412 1009 5464 contra
1039 5426 1274 5464 summo
1307 5416 1433 5465 vate

1996 421 2047 487 Α
2253 417 2577 485 Ὁπλιτικῆς
2611 417 2894 497 φάλαγγος
2927 415 3325 492 ἐσκεδασμένης

2258 506 2490 572 Ἕλαθεν
2521 507 2687 570 ἀλοὸς
2721 505 2972 569 ὁπλίταις
3006 507 3300 584 βασιλέως,

2258 599 2359 653 Καὶ
2385 599 2485 666 τὴν
2518 596 2759 675 κεφαλὴν
2793 597 3044 660 ἐκκοπεὶς
3074 597 3412 662 παναθλίως·

2080 689 2220 744 6583
2261 687 2362 744 Καὶ
2394 685 2615 760 δέσμιος
2651 685 2707 741 δὲ
2737 689 3178 763 πρωτοστράτωρ
3212 689 3551 763 Καμμῦτζης

2257 776 2352 832 Ὃν
2385 777 2587 851 φθάσας
2615 776 2761 829 εἶπον
2792 780 2909 837 τοῖς
2935 777 3146 840 Μυσοῖς
3166 775 3442 846 ἡλωκέναι

2256 865 2493 939 Εἱρκτῆς
2520 885 2579 919 τε
2610 861 2820 938 δεσμῶν
2853 862 3094 929 ἐκλυθεὶς
3123 867 3269 942 παρά
3298 866 3530 941 Χρύσου,

2259 953 2363 1008 Σὺν
2396 951 2524 1026 τῷδ’
2553 952 2919 1023 ἀπεστάτησεν
2953 955 3213 1010 Αὐσόνων
3244 955 3494 1030 κράτους,

2259 1044 2362 1100 Καὶ
2392 1049 2719 1116 κατακρατεῖ
2748 1043 3077 1120 Πελαγονίας
3105 1043 3262 1115 ὅλης·

2077 1134 2219 1189 6590
2257 1133 2498 1206 Συνέσχε
2526 1133 2613 1187 καὶ
2650 1130 2932 1206 Πρίλαπον
2965 1129 3095 1188 ἄστυ
3128 1131 3352 1209 ῥᾳδίως,

2256 1226 2650 1297 Κατατυραννεῖ
2674 1220 3016 1277 Θετταλικῶν
3048 1223 3296 1297 χωρίων,

2256 1316 2543 1383 Παρακινεῖ
2568 1331 2627 1365 τε
2660 1310 2825 1386 ῥᾷστα
2859 1313 2950 1366 καὶ
2980 1312 3077 1379 τὴν
3107 1309 3371 1378 Ἐλλάδα,

2253 1393 2613 1470 Παλίμϐολον
2643 1399 2825 1470 τίθησι
2862 1398 3119 1461 Πέλοπος
3155 1399 3354 1472 κλίμα.

2257 1488 2398 1563 Πρὸς
2427 1485 2558 1560 τῷδ’
2579 1487 2888 1559 ἀποστάτης
2919 1509 2979 1564 γε
3011 1486 3260 1564 δεύτερος
3298 1488 3489 1558 πάλιν,

2078 1579 2220 1634 6595
2259 1575 2540 1647 Σπαρτοὺς
2571 1578 2708 1631 κατᾶ
2735 1578 3016 1654 γίγαντας,
3051 1576 3246 1656 αἶ’φνης
3270 1579 3432 1655 ἀνέφυ

2258 1666 2512 1736 Ἰωάννης
2545 1666 2781 1742 Κύπριος
2813 1664 3261 1743 Σπυριδωνάκης,

2001 1793 2048 1859 Β
2257 1755 2636 1828 Τούπώνυμον
2666 1759 2814 1830 σχὼν
2849 1755 2908 1812 έκ
2932 1758 3187 1832 πατρῴας
3216 1757 3414 1820 έστίαςο

2256 1845 2498 1921 Αἰσχρός
2528 1867 2609 1907 τις
2642 1845 2783 1908 εἶδος
2823 1844 3045 1915 ἡλικίαν
3078 1847 3168 1902 καὶ
3197 1847 3456 1921 τρόπους,

2254 1937 2640 2006 Χειρωνάκτης
2665 1936 2861 2010 τέχνην
2889 1957 2966 2005 τε,
2995 1936 3092 1999 τὰς
3121 1933 3270 2009 ὄψεις
3302 1933 3572 2012 στράϐων,

2076 2027 2216 2082 6600
2253 2029 2437 2097 Τυχην
2468 2027 2758 2099 χαμερπῆς
2788 2025 2878 2078 καὶ
2909 2024 3134 2100 χθόνιος
3165 2026 3470 2100 παντάπαν,

2253 2118 2560 2188 ,Υπηρετῶν
2595 2111 2778 2168 ἄνακτι
2810 2114 2875 2168 τὰ
2905 2114 3042 2169 κατὰ
3072 2112 3308 2188 δόμους,

2253 2201 2436 2272 Φύλαξ
2465 2201 2702 2274 ταμείων
2737 2206 2844 2257 τῶν
2877 2201 2982 2257 ἔσω
3013 2206 3367 2278 τεταγμένοςο

2252 2292 2384 2348 Εἶτα
2414 2293 2707 2364 Σμολένων
2740 2291 2917 2364 κλίμα
2948 2291 3138 2368 λαχὼν
3177 2291 3400 2349 διέπεινο

2250 2383 2351 2442 "Oc
2375 2381 2729 2457 κατιπαρθεὶς
2760 2381 2931 2453 ἀξίαις
2954 2381 3300 2458 παραλόγοις

2254 2477 2432 2546 "Upon
2463 2471 2598 2544 πρὸς
2630 2470 2885 2525 ἀπόνοιαν
2909 2471 3266 2534 ἀποστασίας.

2073 2563 2215 2618 6605
2251 2561 2415 2629 Ὑπῆν
2451 2559 2665 2634 βασιλεῖ
2693 2560 2783 2615 καὶ
2811 2562 2974 2616 κακὸν
2995 2561 3179 2635 τρίτον
3212 2562 3335 2618 τότε

2254 2649 2460 2713 Είωθός
2493 2650 2542 2703 οἱ
2573 2651 2790 2722 νόσημα
2818 2657 2917 2719 τῆς
2949 2648 3285 2714 ποδαλδίας.

2259 2741 2685 2812 Στρατευμάτων
2715 2739 2896 2794 τοίνυν
2919 2737 3115 2795 διελὼν
3147 2747 3249 2795 πᾶν
3285 2741 3361 2804 είς
3393 2740 3513 2798 δύο.

2257 2827 2334 2885 Td
2366 2829 2459 2902 μὶν
2491 2831 2732 2904 παρέσχε
2759 2830 2897 2884 κατά
2930 2827 3361 2903 Σπυριδωνάκου

2257 2914 2495 2993 Γαμϐρῷ
2526 2916 2892 2993 ῘΙαλαιολόγῳ
2920 2924 3000 2991 τῷ
3029 2917 3281 2993 Ἀλεξίῳ·

2078 3009 2218 3063 6610
2257 3006 2336 3062 Τὸ
2368 3003 2414 3060 δ’
2446 3009 2564 3081 εἶχε
2593 3008 2810 3079 πέμψας
2840 3005 3149 3079 Ἰνοπολίτῃ
3182 3010 3294 3083 (73)
3328 3007 3496 3064 πάλιν

2015 3159 2038 3181 Ἰ
2261 3093 2354 3155 Εἰς
2387 3093 2698 3181 ἀντίμαχοσ
2726 3097 2861 3150 κατὰ
2890 3098 3198 3169 Καμμύτζη
3233 3095 3440 3172 μάχην.

1999 3165 2040 3223 C
2264 3183 2362 3236 Καὶ
2393 3178 2690 3255 συμϐαλὼν
2723 3184 2926 3254 ἥττησε
2952 3186 3080 3248 τοὺς
3104 3185 3407 3248 ἀποστάτας

2259 3271 2368 3327 Καὶ
2399 3270 2634 3348 φυγάδας
2664 3273 2848 3344 τίθησι
2877 3278 2956 3346 τῷ
2987 3279 3120 3330 Θεοῦ
3152 3279 3344 3338 σθένει.

2258 3362 2355 3414 Καὶ
2385 3361 2594 3434 Χρύσον
2628 3362 2876 3432 ἀπήλασε
2907 3368 3095 3438 χώρας
3131 3364 3580 3440 Στρουμμίτζης.

2079 3451 2221 3506 6615
2257 3451 2373 3526 Ἐφ’
2403 3452 2625 3526 ἡμερῶν
2655 3451 2856 3506 τούτου
2885 3473 2946 3528 γε
2973 3459 3074 3521 τῆς
3101 3452 3442 3528 κραταρχίας

2259 3541 2513 3610 Ἰωάννης
2547 3537 2705 3611 ἔξεισι
2742 3541 3167 3616 μυσαρχηγέτης

2259 3629 2530 3704 Σύναιμος
2561 3631 2721 3686 Ἀσάν
2762 3632 2851 3686 καὶ
2886 3633 3090 3708 Πέτρου
3124 3639 3224 3701 τῆς
3261 3633 3476 3694 Μυσίας

2257 3720 2407 3776 Μετὰ
2436 3725 2686 3794 στρατιᾶς
2715 3723 2850 3776 κατά
2880 3721 3166 3794 Ῥωμαίων
3199 3723 3366 3797 ὅρων,

2255 3812 2352 3865 Καὶ
2388 3807 2590 3866 διαϐὼν
2623 3811 2865 3867 ὁπλιτῶν
2893 3811 3121 3868 πολλῶν
3146 3811 3298 3874 Ἕλαις

2076 3901 2218 3956 6620
2256 3900 2404 3956 Κατά
2432 3899 2698 3971 Ῥοδόπην
2729 3903 2830 3970 τὴν
2865 3901 3230 3956 Κωνστάντιαν
3260 3900 3425 3957 πόλιν

2252 3990 2557 4067 ῼκισμένην
2590 3989 2645 4044 εὖ
2676 3990 2765 4045 καὶ
2796 3989 3096 4045 κολώνειαν
3128 3991 3310 4059 πόλιν,

2255 4078 2471 4148 Ταύτην
2499 4081 2872 4154 παρεστήσατο
2906 4080 3070 4155 ῥᾶστα
3099 4083 3167 4154 τῇ
3200 4080 3372 4155 μάχῃ·

2254 4169 2357 4222 Καὶ
2389 4169 2710 4242 κατερείψας
2740 4170 2832 4223 τὸν
2864 4165 3162 4243 περίϐολον
3202 4169 3364 4233 τάλας

2255 4257 2350 4319 Εἰς
2381 4259 2588 4332 Βάρναν
2619 4261 2718 4327 ἧκε
2746 4259 2842 4326 τήν
2873 4257 3142 4330 παράλιον
3176 4260 3365 4329 πόλιν,

2073 4347 2215 4400 6625
2255 4346 2351 4400 Καὶ
2382 4344 2544 4416 τήνδε
2573 4348 2715 4422 τρισὶ
2749 4348 3068 4411 κατασείσας
3097 4351 3329 4422 ἡμεραις

2255 4431 2593 4505 Παραλαϐὼν
2629 4456 2689 4490 κε
2713 4433 3071 4512 κατεδαφίσας
3105 4438 3241 4510 ἅμα,

1997 4517 2042 4581 D
2251 4523 2347 4577 Καὶ
2376 4523 2502 4585 τοὺς
2534 4524 2584 4578 ἐν
2613 4525 2752 4598 αὐτῇ
2785 4527 3109 4600 καταχώσας
3143 4529 3241 4599 φεῦ
3273 4526 3478 4587 πάθους
3515 4526 3529 4580 l

2245 4612 2425 4674 Ζωοῦς
2459 4612 2710 4690 ἀλάστωρ
2744 4614 3116 4688 παρακειμένῃ
3145 4616 3339 4690 τάφρῳ

2242 4703 2390 4756 Κατὰ
2414 4702 2548 4777 μέγα
2573 4697 2853 4757 Σάϐϐατον
2887 4703 3086 4778 εὐλογη
3097 4703 3280 4775 μένον,

2064 4791 2206 4846 6630
2245 4789 2432 4860 Μηδὲν
2462 4786 2738 4855 σεϐασοεῖς
2769 4793 2837 4846 τά
2864 4794 3109 4866 Χριστοῦ
3140 4794 3258 4846 θεῖα
3289 4793 3457 4862 πάθη,

2243 4881 2476 4934 Ἐκεῖθεν
2503 4881 2771 4952 ἀνέζευξεν
2807 4881 2884 4942 εἷς
2916 4884 3014 4950 τήν
3038 4879 3291 4952 πατρίδα.

2244 4967 2462 5024 Φπιῦλον
2491 4969 2758 5047 τραγῳδὸν
2789 4969 2888 5025 οὐκ.
2919 4968 3026 5025 ἔδει
3057 4973 3304 5046 παριέναι

2241 5061 2503 5114 Τοιοῦτον
2534 5063 2650 5120 οἷος
2681 5056 2752 5114 ὤν
2786 5058 2961 5135 ἔγωγε
2990 5060 3273 5134 τυγχάνω,

2241 5147 2330 5208 Εἰς
2365 5153 2654 5221 συμφορῶν
2688 5148 2923 5224 πέλαγος
2945 5149 3022 5212 εἰς
3052 5150 3212 5203 τόσον
3249 5150 3414 5224 βάθος

2061 5236 2202 5290 6635
2241 5233 2596 5309 Τραγῳοδίας
2628 5257 2684 5290 τε
2714 5236 2802 5290 καὶ
2833 5242 3013 5292 κακῶν
3055 5235 3290 5300 Ἰλιάδος

2236 5326 2298 5378 ⁶Α
2336 5327 2508 5378 πάντα
2540 5320 2938 5400 συμϐέϐηκετῇ
2974 5327 3404 5382 Κωνσταντίνου’

2238 5412 2396 5468 Ἀλλ’
2429 5415 2574 5478 ὅστις
2604 5411 2662 5468 ἂν
2695 5413 2938 5487 ἤμελλεν
2970 5417 3028 5472 ἐκ
3059 5415 3355 5491 δίαμέτρου

375 5620 487 5693 (73)
516 5618 918 5689 Οἱνουπολίτης
951 5619 1206 5675 Joannes
1241 5621 1331 5676 hic
1362 5620 1577 5677 dicitur
1605 5639 1638 5678 a
1668 5621 1866 5680 Niceta
1894 5622 1956 5679 lil

1461 5622 1577 5677 itur
1605 5639 1638 5678 a
1668 5621 1866 5680 Niceta
1894 5622 1996 5680 lib.
2031 5641 2114 5693 In,
2147 5626 2202 5695 7,
2236 5643 2445 5700 nempe
2476 5627 2640 5684 urbis
2672 5630 2846 5686 OEnei
2879 5629 3041 5688 civis.

3629 299 3739 356 248
