4104 6204
277 317 402 372 249

462 443 714 498 Ἀπαντα
740 443 895 508 νικᾷν
924 440 1182 514 τραγικὸν
1215 441 1351 514 πρὸς
1381 443 1444 495 τὸ
1476 440 1683 497 κλαίειν

469 531 571 586 Καὶ
611 527 1024 605 δραματουργὸν
1056 534 1354 606 συμφορῶν
1384 530 1766 606 ἀνθρωπίνων,

273 622 427 679 6640
463 620 593 678 Οἴοί
623 640 724 696 περ
759 616 910 682 ὄντες
940 619 1311 694 τυγχάνουσιν
1346 618 1592 682 ἐκτόπως

469 710 797 786 Σοφοκλεῖς,
831 707 1111 782 Αἷσχύλοι
1135 729 1194 762 τε
1215 708 1307 762 σὺν
1339 708 1664 781 Εὐριπίδαις
1701 731 1712 742 ·

469 799 699 860 Πίσυνος
731 795 805 852 ὢν
839 797 993 870 ὅμως
1028 794 1086 851 δὲ
1113 797 1270 872 κάγὼ
1299 802 1378 870 τῷ
1411 798 1602 874 λόγῳ,

469 891 659 945 Αὐτοῦ
690 885 958 959 διδόντος,
991 886 1157 962 ἒξερῶ
1186 909 1237 941 τι
1270 888 1404 962 πρὸς
1438 888 1646 952 σθένος.

465 976 732 1037 Καθεῖλεν
768 977 1013 1049 Ἀλέξιος
1045 977 1334 1050 Κομνηνὸς
1366 977 1582 1054 κράτωρ

281 1082 427 1138 6645
467 1077 742 1150 Σύναιμον
775 1075 1008 1132 Ἰσάκιον
1045 1076 1276 1151 ἀρχικοῦ
1311 1076 1506 1152 θρόνου
1543 1097 1554 1109 ·

465 1168 572 1225 Καὶ
601 1165 730 1241 τάχ’
760 1166 819 1219 ἃν
855 1166 993 1230 ὑπῆν
1028 1165 1304 1241 συμφέρον
1338 1167 1667 1243 κραταρχίᾳ,

465 1257 532 1316 Ei
562 1254 726 1312 τοῦδε
759 1251 931 1328 μηδὲν
961 1253 1215 1332 φυλακῆς
1245 1255 1570 1328 κατημέλει,

468 1345 600 1402 Νυνῖ
629 1344 686 1401 δὲ
718 1341 963 1420 διάγοντι
991 1341 1125 1416 τῷδ’
1155 1343 1371 1417 Ἰσακίῳ

466 1436 617 1496 Κατά
647 1458 710 1510 γε
735 1433 965 1491 διπλοῦν
997 1433 1150 1488 κίονα
1179 1433 1579 1505 Ηροποντίδος,

284 1532 433 1586 6650
470 1527 794 1591 Ἀνεύθυνον
827 1526 1095 1598 ξύμπασιν
1128 1525 1194 1592 ἦν
1229 1523 1514 1599 προσιέναι

467 1618 574 1674 Καὶ
607 1615 954 1689 καθομιλεῖν,
985 1617 1163 1669 πάντα
1192 1635 1252 1669 τε
1289 1611 1416 1689 δρᾷν
1450 1613 1666 1686 ἀνέδην.

469 1702 752 1766 Διακόνοις
785 1703 880 1759 οῦν
911 1700 1147 1764 Ἰταλοῖς
1178 1705 1548 1777 κεχρημένος,

470 1793 718 1871 Ἀνδράσι
749 1792 954 1872 φίλοις,
984 1787 1264 1868 γράμματ’
1293 1792 1557 1867 ἐκπέμπει
1589 1793 1762 1870 λάθρα

465 1885 615 1959 Φίλῃ
647 1883 873 1960 Θυγατρῖ
899 1887 967 1957 τῇ
1003 1882 1238 1955 συνεύνῳ
1269 1881 1554 1938 Φιλίππου

281 1979 430 2034 6655
468 1974 796 2048 Ἀλαμανῶν
830 1971 1099 2048 ἄρχοντος
1133 1971 1376 2048 εὐτυχῶς
1410 1973 1533 2027 τότε

470 2065 682 2138 Δηλοῦν
715 2066 782 2120 τά
812 2065 864 2119 οἱ
897 2064 1175 2137 ξύμπαντα
1207 2057 1594 2136 συμϐεϐηκότα
1629 2084 1640 2095 ”

469 2156 724 2219 Κάκεῖθεν
755 2153 1058 2229 ἀντίγραφα
1087 2150 1577 2228 προσδεδεγμένος,

465 2246 675 2318 Πέμπει
708 2243 847 2319 πρὸς
877 2241 1048 2312 αὐτὴν
1080 2241 1321 2315 Ἀλέξιον
1351 2242 1489 2314 υἱέα,

461 2337 558 2393 Ὀν
590 2332 677 2389 καὶ
712 2330 896 2388 λιπεῖν
924 2330 1127 2402 ἤλπιζε
1152 2329 1472 2408 κληροῦχον
1517 2332 1768 2409 στέφους,

275 2437 426 2492 6660
462 2433 711 2498 Λαθόντα
738 2433 838 2499 τὴν
873 2427 1123 2500 αἶ’σοησιν
1158 2432 1244 2490 οἷς
1269 2429 1469 2484 τούτου
1495 2429 1686 2506 λόγος.

465 2525 652 2583 ’Όπως
684 2518 743 2576 δὲ
775 2519 958 2582 λαθὼν
993 2515 1261 2594 διέδρασε,
1295 2517 1513 2574 λεκτέον
1549 2540 1562 2552 ο

469 2611 643 2675 Οὗτός
674 2633 738 2686 γε
766 2609 1024 2680 συνέξεισι
1053 2613 1133 2680 τῷ
1165 2607 1492 2686 στεφηφόρῳ

470 2699 792 2773 Στράτευμα
822 2700 1108 2769 κινήσαντι
1139 2697 1278 2752 κατὰ
1307 2698 1609 2771 Καμμύτζη
1647 2717 1658 2729 θ

469 2791 565 2854 Εἰς
598 2789 644 2846 δ’
677 2788 767 2845 οὖν
801 2787 1206 2864 Δαμοκράνειαν
1235 2786 1608 2861 έσκηνημένου

280 2885 431 2942 6665
471 2882 743 2956 Ἀπῴχετ’
773 2879 934 2940 αὐτὸς
965 2875 1204 2952 ἀποδρὰς
1234 2879 1369 2953 πρὸς
1402 2877 1660 2952 Ἀθύραν.

469 2965 762 3047 ’ἐφόλκιον
793 2965 851 3022 δὲ
878 2967 1010 3038 νηὸς
1040 2965 1244 3038 εὐρείας
1274 2965 1414 3020 πάνυ

465 3058 639 3128 Ἑλλη
649 3056 932 3118 σποντίαις
963 3060 1168 3129 πηγαῖς
1197 3054 1658 3127 καθωρμισμένης

467 3149 566 3210 Ἥς
595 3148 820 3221 ἡγεμὼν
849 3145 915 3214 ἦν
945 3145 1003 3199 ἐκ
1032 3141 1276 3198 Λατίνων
1311 3145 1566 3205 Πισσαῖος

466 3235 932 3310 Προευτρεπισθὶν
959 3232 1036 3296 εἰς
1068 3230 1243 3307 δοχὴν
1276 3236 1374 3287 τοῦ
1406 3230 1699 3307 δραπέτου,

282 3329 431 3384 6670
472 3328 616 3381 Ἐκεῖ
644 3323 878 3400 κατάραν
905 3319 1213 3395 ἐξεπίτηδες
1239 3321 1382 3390 τότε,

465 3417 742 3488 Ἠρπακός
774 3412 1057 3487 ἐξέπλευσε
1085 3413 1178 3468 τὸν
1209 3412 1447 3483 νεανίαν,

469 3507 573 3562 Καὶ
603 3505 741 3577 πρὸς
776 3503 891 3577 μέγ’
922 3503 1193 3577 ἀπήνεγκε
1222 3500 1417 3557 πλοῖον
1450 3504 1706 3562 Λατίνου.

469 3595 622 3649 Ἐπεὶ
647 3591 704 3648 δὲ
735 3590 976 3668 δρασμὸς
1003 3589 1298 3665 διέγνωστο
1328 3595 1423 3645 τοῦ
1453 3592 1600 3662 νέου,

471 3681 702 3745 Στείλας
735 3682 922 3757 ἐρευνᾷ
955 3679 1209 3756 βασιλεὺς
1241 3679 1438 3735 πλοῖον
1472 3678 1610 3755 μέγα
1643 3700 1655 3712 ·

275 3784 424 3838 6675
463 3778 636 3838 Οὐδὲν
671 3778 728 3835 δὲ
759 3780 850 3835 καὶ
883 3777 1170 3855 δράσαντες
1205 3777 1627 3850 ἀπεσταλμένοι,

465 3865 839 3941 Παλίνδρομοι
868 3865 1128 3942 φθάνουσι
1159 3865 1295 3941 πρὸς
1331 3864 1578 3940 βασιλέα.

467 3959 804 4031 Κειράμενος
835 3955 938 4031 γὰρ
969 3955 1182 4031 εὐφυῶς
1214 3954 1370 4016 οὗτος
1397 3955 1603 4028 κόμην,

464 4044 772 4118 Ἐσθήμασί
801 4065 860 4100 τε
890 4043 1286 4118 σχηματισθεὶς
1315 4045 1588 4113 Λατίνων,

465 4133 803 4207 Εἱλούμενός
833 4135 879 4188 τ’
913 4134 978 4187 αὖ
1011 4132 1207 4205 ἀναμὶξ
1239 4133 1416 4187 αὐτῶν
1450 4129 1634 4210 ὄχλῳ,

282 4226 432 4281 6680
469 4226 781 4300 Ἀγνωστος
814 4225 881 4292 ἦν
916 4225 1084 4278 ἅπασι
1115 4222 1204 4276 καὶ
1233 4228 1352 4286 τοῖς
1381 4220 1605 4282 εἰδόσιν,

463 4313 654 4375 Οὕτως
685 4309 927 4387 ἀποδρὰς
960 4311 1224 4383 Ἀλέξιος,
1259 4312 1333 4373 ὡς
1365 4309 1524 4386 ἔφην,

468 4402 609 4476 Πρὸς
637 4403 973 4474 κασιγνήτην
1002 4400 1054 4455 ἰν
1087 4398 1312 4471 Σικελίᾳ
1340 4398 1522 4469 πλέει,

467 4492 563 4546 Καὶ
593 4488 719 4564 τῇδ’
752 4488 1004 4568 έποφθείς
1037 4486 1370 4564 ἐκτραγῳδεῖ
1398 4490 1465 4544 τὰ
1495 4489 1642 4560 πάθη
1680 4510 1692 4523 ’

463 4582 523 4636 Ἠ
551 4577 598 4635 δ’
629 4579 924 4656 ἐκλιπαρεῖ
953 4580 1044 4634 τὸν
1081 4578 1330 4634 σύνευνον
1363 4579 1563 4652 ἀμῦναι

280 4680 428 4734 6685
465 4678 626 4752 φίλῳ
654 4699 714 4733 τε
743 4678 909 4751 πατρῖ
943 4675 1224 4752 δυστυχῶς
1256 4679 1560 4752 πεπραγότι

469 4746 568 4824 Καὶ
597 4746 864 4843 συγγόνῳ.
879 4746 1346 4841 πλάνητίτγυμνῷ
1369 4746 1423 4820 ’τ’
1451 4746 1688 4842 διστέγῳ.

462 4861 643 4911 Ταῦτα
678 4858 773 4928 μὲν
808 4856 952 4911 οὕτω
983 4856 1272 4930 συνέκυρσε
1301 4860 1379 4925 τῷ
1408 4857 1531 4910 τότε
1567 4874 1578 4886 ·

468 4946 634 5014 Ὑπῆν
666 4943 714 4999 δ’
743 4945 952 5017 ἐριννὺς
978 4945 1245 5021 φθαρτικὴ
1275 4943 1364 4998 καί
1395 4944 1520 5018 πρὶν
1554 4945 1741 5017 πόλει,

462 5033 685 5108 Ἐρίκος
714 5055 798 5096 τις
833 5031 1142 5094 Δάνδουλος
1172 5031 1296 5102 δοὺξ
1327 5032 1596 5103 Βενετίας,

285 5125 430 5180 6690
469 5124 633 5196 Ἀνήρ
663 5123 902 5198 ἀγύρτης
934 5122 1023 5176 καὶ
1053 5121 1290 5183 παλαιὸς
1324 5121 1544 5191 κακίαν,

464 5211 630 5288 ’Ἄδερ
663 5211 977 5287 ἀλιτήριος,
1008 5210 1258 5266 Αὐσόνων
1291 5209 1467 5282 λύμη,

463 5304 556 5362 Ὃς
590 5300 881 5377 ὑποτύφων
910 5301 1160 5373 ζώπυρον
1198 5299 1490 5373 βασκανίας

456 5390 782 5462 Ἐναύσματ’
814 5389 876 5444 αὖ
913 5381 1143 5461 μήνιδος
1173 5386 1386 5451 ἔνδοθεν
1418 5388 1600 5462 φέρων

458 5479 544 5540 Ὦς
577 5479 630 5533 ἐν
660 5476 861 5549 σποδιᾷ
888 5485 987 5548 τῆς
1018 5477 1210 5533 ἑαυτοῦ
1243 5474 1469 5548 καρδίας

282 5569 431 5625 6695
467 5571 579 5637 Τῆς
614 5565 803 5638 δῆθεν,
833 5568 907 5629 ὡς
941 5563 1191 5642 ἔφασκεν,
1226 5565 1301 5627 εἷς
1327 5564 1672 5642 συμφυλέτας

465 5660 598 5734 Παρ’
626 5656 886 5715 Αὐσόνων
914 5656 1040 5732 πρῖν
1079 5656 1279 5730 ζημίας
1310 5656 1610 5732 παροινίας,

1837 318 2085 375 CAESAR
2091 321 2194 376 ES.

1987 445 2040 512 Α
2071 443 2171 514 qui
2205 449 2467 518 quemvis
2499 459 2800 523 superaret
2830 454 3114 526 plorando
3145 457 3429 529 tragicum

2056 534 2583 610 humanarumque
2619 545 2873 598 actorem
2908 545 3322 616 miseriarum;

2063 625 2268 696 quales
2304 627 2537 684 fuerunt
2569 630 2796 688 scilicet
2827 633 2910 688 illi
2939 635 3136 690 eximii

2058 713 2378 786 Sophocles
2413 718 2836 792 jEschylusque
2869 728 3040 794 atque
3069 725 3399 796 Euripides.

2057 803 2272 860 Verum
2305 810 2364 862 et
2398 823 2503 880 ego
2538 809 2722 866 fretus
2755 812 3036 869 facundiae
3068 815 3313 884 viribus,

2055 891 2264 948 harum
2294 911 2400 968 ope
2432 897 2655 970 aliquid
2692 903 2945 958 conabor
2977 903 3107 959 fari.

2057 982 2396 1042 Comnenus
2427 986 2618 1044 Caesar
2647 992 2948 1062 expulerat
2970 992 3204 1049 Alexius

2056 1088 2403 1144 germanum
2441 1077 2727 1134 Isaacium
2749 1082 2930 1153 regali
2963 1083 3213 1151 throno;

2057 1160 2234 1233 idque
2267 1164 2506 1221 fortasse
2537 1167 2725 1223 fuerat
2756 1169 3004 1242 imperio
3037 1172 3202 1242 utile,

2057 1249 2168 1306 nisi
2203 1254 2530 1310 custodiam
2562 1257 2714 1327 pulsi
2751 1260 3123 1332 neglexisset.

2056 1350 2223 1405 Nunc
2256 1367 2389 1407 cum
2415 1354 2673 1412 Isaacius
2708 1358 2952 1413 domum
2987 1359 3276 1415 habitaret

2058 1439 2126 1494 ad
2161 1441 2306 1496 duas
2337 1441 2642 1501 columnas
2677 1447 2852 1503 sitam
2883 1449 2940 1503 in
2972 1449 3343 1520 Propontide,

2057 1532 2181 1584 erat
2201 1529 2411 1601 cuique
2441 1530 2691 1589 liberum
2722 1538 3018 1607 accedere,

2057 1616 2346 1688 colloquia
2375 1623 2548 1691 atque
2580 1624 2813 1694 negotia
2845 1627 3122 1681 audacter
3154 1643 3344 1699 agere.

2055 1706 2204 1779 Ergo
2239 1707 2493 1764 lsaacius
2516 1726 2660 1766 usus
2694 1711 2981 1768 ministris
3014 1713 3178 1770 ltalis

1982 1814 2030 1879 Β
2063 1795 2267 1852 amicis
2299 1797 2411 1852 sibi
2447 1797 2611 1866 viris,
2645 1817 2888 1856 arcanas
2923 1801 3149 1858 litteras

2061 1884 2246 1940 mittit
2275 1887 2347 1942 ad
2379 1887 2562 1943 ﬁliam
2596 1905 2764 1944 suam
2797 1890 3054 1963 Philippi
3085 1909 3326 1948 uxorem

2059 1977 2198 2029 tunc
2231 1973 2576 2032 Alamannis
2608 1977 2951 2049 imperantis
2983 1979 3243 2037 feliciter.

2061 2067 2123 2118 In
2149 2063 2239 2120 bis
2268 2065 2637 2136 signiﬁCubat
2665 2068 2960 2124 fortunam
2987 2086 3156 2124 suam
3193 2089 3205 2126 :

2058 2154 2421 2226 receptisque
2454 2155 2617 2212 illinc
2647 2157 2906 2213 vicissim
2938 2158 3148 2214 litteris

2059 2243 2292 2300 mittere
2321 2245 2589 2301 Alexium
2623 2246 2808 2301 tilium
2841 2249 2910 2302 ad
2949 2249 3136 2318 ipsam
3161 2249 3388 2319 statuit,

2059 2333 2252 2404 (quem
2285 2336 2341 2388 et
2371 2335 2644 2405 sperabat
2675 2336 2836 2407 regni
2867 2336 3155 2392 hzeredem
3188 2336 3476 2408 linquere)

2058 2421 2206 2477 clam
2239 2420 2357 2477 illis
2387 2422 2610 2478 scilicet
2641 2425 2740 2495 qui
2773 2425 3162 2480 observabant
3187 2427 3483 2496 juvenem.

2055 2512 2162 2566 Sed
2196 2514 2260 2566 ut
2289 2510 2525 2567 latuerit
2556 2512 2714 2584 fuga,
2741 2514 2910 2584 juvat
2927 2513 3140 2585 eloqui.

2057 2609 2359 2666 Profectus
2389 2608 2484 2664 hic
2514 2626 2649 2664 cum
2680 2614 2901 2666 Caesare
2934 2629 3125 2684 nuper
3157 2612 3347 2668 fuerat

2056 2697 2275 2754 bellum
2309 2698 2679 2770 Cammytzaz,
2714 2704 2778 2755 ut
2806 2699 3086 2768 diximus,
3118 2701 3426 2758 inferenti:

2058 2805 2192 2844 cum
2225 2792 2419 2844 autem
2443 2787 2842 2844 Damocraniaa
2875 2807 3039 2845 mora
3072 2790 3254 2856 ﬁeret,

2057 2879 2194 2950 fuga
2223 2877 2566 2933 adolescens
2597 2879 2844 2934 contulit
2875 2896 2937 2934 se
2961 2879 3258 2950 Athyram.

2055 2972 2316 3039 Cumque
2346 2965 2604 3022 famulus
2635 2966 2866 3022 lembus
2902 2968 3157 3037 ingentis
3189 2968 3350 3022 navis

2056 3058 2226 3127 cujus
2257 3055 2585 3111 navarcbus
2616 3059 2740 3110 erat
2771 3055 3019 3110 Pisanus
3051 3056 3218 3120 civis,

1973 3172 2014 3238 ρ
2053 3147 2125 3202 ad
2158 3143 2517 3214 Hellesponti
2549 3147 2724 3238 caput
2754 3145 3310 3238 progressus;esset,'

2053 3238 2290 3307 paratus
2315 3248 2522 3302 nempe
2549 3230 2620 3286 ad
2653 3231 3063 3302 excipiendum
3099 3233 3412 3304 profugum
3440 3257 3456 3300 ε

2052 3325 2288 3395 repente
2317 3322 2588 3377 admotus
2620 3321 2841 3392 Athyras
2871 3320 3172 3376 tittoribus

2052 3415 2282 3483 recepto
2314 3409 2682 3466 adolescente
2714 3409 2899 3465 altum
2933 3410 3142 3477 tenuit,

2050 3506 2226 3573 atque
2255 3500 2325 3556 ad
2361 3499 2550 3556 Pisani
2582 3515 2787 3554 navem
2820 3499 3095 3554 eumdem
3119 3500 3444 3555 transtulit.

2050 3592 2163 3647 Sed
2197 3607 2329 3644 mox
2361 3592 2425 3644 ut
2456 3589 2592 3660 fuga
2622 3587 2881 3644 innotuit
2910 3586 3326 3656 adolescentis,

2050 3689 2350 3761 navigium
2384 3705 2663 3757 magnum
2689 3691 2881 3744 Caesar
2913 3687 3163 3742 scrutari
3186 3687 3374 3758 jussit

2051 3778 2354 3834 ministros
2384 3794 2417 3833 a
2445 3791 2506 3831 se
2540 3776 2754 3832 missos
2782 3794 2794 3844 ;
2829 3778 2932 3832 sed
2966 3776 3063 3832 isti
3095 3781 3289 3832 tamen

2050 3869 2120 3922 ad
2153 3883 2287 3923 eum
2312 3865 2527 3921 reversi
2559 3871 2699 3921 sunt
2725 3866 2955 3937 negotio
2982 3866 3217 3920 infecto.

2048 3956 2276 4011 Etenim
2311 3959 2446 4026 apte
2476 3960 2645 4010 tonso
2679 3953 2888 4025 capillo
2910 3955 3147 4024 juvenis

2048 4043 2508 4113 vestimenloque
2540 4042 2829 4098 simulans
2860 4059 2922 4097 se
2957 4042 3247 4108 Latinum,

2049 4151 2182 4189 cum
2212 4149 2274 4189 se
2304 4131 2751 4204 permiscuisset
2780 4131 2966 4186 turbae
2995 4131 3261 4188 nauticas.

2048 4224 2279 4279 cunctis
2302 4222 2386 4278 vel
2421 4219 2809 4277 familiaribus
2841 4220 2950 4276 fuit
2981 4219 3339 4291 incognitus.

2045 4313 2139 4371 Sic
2170 4312 2308 4382 iuga
2339 4310 2596 4382 elapsus,
2631 4313 2695 4364 ut
2727 4309 2950 4364 dictum
2983 4314 3092 4377 est,
3120 4309 3361 4365 Alexius

2048 4404 2118 4457 ad
2152 4415 2410 4457 sororem
2444 4399 2668 4455 confert
2689 4415 2752 4453 se
2782 4397 2841 4452 in
2873 4397 3154 4464 Siciliam,

2051 4495 2227 4561 atque
2256 4489 2412 4560 apud
2445 4487 2606 4543 illam
2639 4504 2810 4543 casus
2843 4487 2941 4542 ﬂet
2971 4486 3326 4541 domesticos
3353 4505 3367 4554 ;

2053 4595 2181 4650 quis
2212 4592 2495 4649 sponsum
2529 4578 2785 4632 exoravit
2815 4581 2875 4631 ut
2901 4575 3108 4630 vindex
3140 4575 3301 4630 ﬁeret

2054 4667 2280 4740 parenti
2309 4683 2416 4723 suo
2442 4671 2561 4722 tam
2584 4665 2861 4738 gravibus
2892 4680 3174 4735 oppresso
3206 4663 3400 4731 malis,

2052 4757 2329 4828 fratrique
2361 4754 2732 4821 nudo,exsuli
2764 4759 2821 4808 et
2853 4753 2977 4808 sine
3009 4751 3253 4808 laribus.

2052 4855 2203 4911 Dum
2223 4854 2342 4909 haec
2376 4853 2824 4923 peragebantur,
2848 4849 3096 4922 Erinnys
3133 4850 3246 4905 alia

2052 4943 2299 4999 exitiosa
2335 4940 2664 5014 Byzantines
2698 4941 2830 4995 urbi

2052 5034 2171 5088 dux
2192 5030 2570 5087 Venetiarum
2603 5033 2728 5084 erat
2757 5030 2962 5086 Ericus
2997 5027 3318 5097 Dandulus,

2017 5183 2021 5194 ι
2051 5123 2138 5178 vir
2172 5119 2598 5186 fraudulentus,
2621 5122 2908 5173 veterator
2939 5118 3254 5188 pessimus,

2051 5215 2202 5282 Aper
2231 5209 2642 5265 exsecrandus.
2678 5207 2905 5277 imperii
2941 5206 3146 5278 pestis,

2053 5302 2152 5372 qui
2178 5314 2449 5355 arcanam
2483 5297 2782 5351 ﬂammam
2810 5296 3078 5352 nutriens
3108 5295 3308 5350 livoris

2052 5396 2225 5460 atque
2253 5386 2365 5444 odii
2390 5385 2894 5455 t'omitemjamdiu
2920 5401 3131 5456 gerens

2049 5485 2332 5550 tanquam
2359 5477 2469 5531 sub
2502 5475 2715 5530 mentis
2741 5474 2934 5529 cinere
2963 5472 3304 5545 repositum,

2049 5571 2122 5625 ob
2155 5569 2278 5622 suis
2304 5565 2486 5630 illata,
2518 5569 2581 5617 ut
2603 5563 2814 5628 aiebat,
2850 5563 3077 5616 civibus

2049 5677 2080 5714 a
2103 5656 2269 5712 nobis
2299 5654 2653 5712 detrimenta
2676 5658 2850 5722 atque
2882 5650 3152 5720 injurias,

1969 4539 2019 4603 D

3615 334 3724 390 250
