  <div class='ocr_page' id='page_1' title='image "/cluster/home/n/w/nwhite01/storage/ocr_20150623/143/hvd.32044073502585/133.png"; bbox 0 0 4004 6200; ppageno 0'>
   <div class='ocr_carea' id='block_1_1' title="bbox 375 333 2573 408">
    <p class='ocr_par' dir='ltr' id='par_1_1' title="bbox 375 333 2573 408">
     <span class='ocr_line' id='line_1_1' title="bbox 375 333 2573 408; baseline -0.01 0"><span class='ocrx_word' id='word_1_1' title='bbox 375 351 486 408; x_wconf 80' lang='grc'>255</span> <span class='ocrx_word' id='word_1_2' title='bbox 1587 341 1960 394; x_wconf 72' lang='lat' dir='ltr'>EPHRBMII</span> <span class='ocrx_word' id='word_1_3' title='bbox 1999 333 2573 392; x_wconf 81' lang='lat' dir='ltr'>CHRONOGRAPHI</span> 
     </span>
    </p>
   </div>
   <div class='ocr_carea' id='block_1_2' title="bbox 378 464 1408 535">
    <p class='ocr_par' dir='ltr' id='par_1_2' title="bbox 378 464 1408 535">
     <span class='ocr_line' id='line_1_2' title="bbox 378 464 1408 535; baseline -0.015 -1"><span class='ocrx_word' id='word_1_4' title='bbox 378 475 597 535; x_wconf 77' lang='lat' dir='ltr'>Latinis</span> <span class='ocrx_word' id='word_1_5' title='bbox 626 473 978 530; x_wconf 72' lang='lat' dir='ltr'>resistebant</span> <span class='ocrx_word' id='word_1_6' title='bbox 1010 467 1143 523; x_wconf 90' lang='lat' dir='ltr'>forti</span> <span class='ocrx_word' id='word_1_7' title='bbox 1173 464 1370 521; x_wconf 88' lang='lat' dir='ltr'>animo</span> <span class='ocrx_word' id='word_1_8' title='bbox 1397 482 1408 519; x_wconf 94' lang='lat'><strong>:</strong></span> 
     </span>
    </p>
   </div>
   <div class='ocr_carea' id='block_1_3' title="bbox 375 552 1620 638">
    <p class='ocr_par' dir='ltr' id='par_1_3' title="bbox 375 552 1620 638">
     <span class='ocr_line' id='line_1_3' title="bbox 375 552 1620 638; baseline -0.014 -16"><span class='ocrx_word' id='word_1_9' title='bbox 375 565 682 638; x_wconf 86' lang='lat' dir='ltr'>portisque</span> <span class='ocrx_word' id='word_1_10' title='bbox 713 576 776 614; x_wconf 83' lang='lat' dir='ltr'>se</span> <span class='ocrx_word' id='word_1_11' title='bbox 799 556 1113 612; x_wconf 72' lang='lat' dir='ltr'>efferebant</span> <span class='ocrx_word' id='word_1_12' title='bbox 1145 559 1208 608; x_wconf 87' lang='lat' dir='ltr'>ut</span> <span class='ocrx_word' id='word_1_13' title='bbox 1238 552 1620 608; x_wconf 77' lang='lat' dir='ltr'>ostenderent</span> 
     </span>
    </p>
   </div>
   <div class='ocr_carea' id='block_1_4' title="bbox 378 641 1540 710">
    <p class='ocr_par' dir='ltr' id='par_1_4' title="bbox 378 641 1540 710">
     <span class='ocr_line' id='line_1_4' title="bbox 378 641 1540 710; baseline -0.015 0"><span class='ocrx_word' id='word_1_14' title='bbox 378 651 608 710; x_wconf 86' lang='lat' dir='ltr'>bellicis</span> <span class='ocrx_word' id='word_1_15' title='bbox 636 648 857 704; x_wconf 87' lang='lat' dir='ltr'>viribus</span> <span class='ocrx_word' id='word_1_16' title='bbox 889 646 1094 700; x_wconf 82' lang='lat' dir='ltr'>urbem</span> <span class='ocrx_word' id='word_1_17' title='bbox 1125 659 1241 698; x_wconf 90' lang='lat' dir='ltr'>non</span> <span class='ocrx_word' id='word_1_18' title='bbox 1274 641 1540 706; x_wconf 80' lang='lat' dir='ltr'>destitui,</span> 
     </span>
    </p>
   </div>
   <div class='ocr_carea' id='block_1_5' title="bbox 381 732 1496 811">
    <p class='ocr_par' dir='ltr' id='par_1_5' title="bbox 381 732 1496 811">
     <span class='ocr_line' id='line_1_5' title="bbox 381 732 1496 811; baseline -0.012 -15"><span class='ocrx_word' id='word_1_19' title='bbox 381 755 572 811; x_wconf 89' lang='lat' dir='ltr'>neque</span> <span class='ocrx_word' id='word_1_20' title='bbox 604 755 667 793; x_wconf 90' lang='lat' dir='ltr'>se</span> <span class='ocrx_word' id='word_1_21' title='bbox 695 736 879 791; x_wconf 89' lang='lat' dir='ltr'>aleam</span> <span class='ocrx_word' id='word_1_22' title='bbox 914 751 1121 806; x_wconf 78' lang='lat' dir='ltr'>pugnae</span> <span class='ocrx_word' id='word_1_23' title='bbox 1154 732 1496 786; x_wconf 77' lang='lat' dir='ltr'>detrectare.</span> 
     </span>
    </p>
   </div>
   <div class='ocr_carea' id='block_1_6' title="bbox 376 818 1722 883">
    <p class='ocr_par' dir='ltr' id='par_1_6' title="bbox 376 818 1722 883">
     <span class='ocr_line' id='line_1_6' title="bbox 376 818 1722 883; baseline -0.009 0"><span class='ocrx_word' id='word_1_24' title='bbox 376 827 640 883; x_wconf 80' lang='lat' dir='ltr'>Profecto</span> <span class='ocrx_word' id='word_1_25' title='bbox 671 830 794 878; x_wconf 90' lang='lat' dir='ltr'>tum</span> <span class='ocrx_word' id='word_1_26' title='bbox 826 824 1118 878; x_wconf 77' lang='lat' dir='ltr'>Romanos</span> <span class='ocrx_word' id='word_1_27' title='bbox 1145 818 1392 874; x_wconf 84' lang='lat' dir='ltr'>vidisses</span> <span class='ocrx_word' id='word_1_28' title='bbox 1427 822 1722 883; x_wconf 81' lang='lat' dir='ltr'>strenuos,</span> 
     </span>
    </p>
   </div>
   <div class='ocr_carea' id='block_1_7' title="bbox 374 908 1531 984">
    <p class='ocr_par' dir='ltr' id='par_1_7' title="bbox 374 908 1531 984">
     <span class='ocr_line' id='line_1_7' title="bbox 374 908 1531 984; baseline -0.01 -13"><span class='ocrx_word' id='word_1_29' title='bbox 374 919 551 984; x_wconf 87' lang='lat' dir='ltr'>atque</span> <span class='ocrx_word' id='word_1_30' title='bbox 581 913 871 968; x_wconf 68' lang='lat' dir='ltr'>Mavortia:</span> <span class='ocrx_word' id='word_1_31' title='bbox 899 924 1187 966; x_wconf 84' lang='lat' dir='ltr'>memores</span> <span class='ocrx_word' id='word_1_32' title='bbox 1237 908 1476 962; x_wconf 88' lang='lat' dir='ltr'>virtutis</span> <span class='ocrx_word' id='word_1_33' title='bbox 1517 926 1531 972; x_wconf 87' lang='lat'><strong>;</strong></span> 
     </span>
    </p>
   </div>
   <div class='ocr_carea' id='block_1_8' title="bbox 381 997 1458 1076">
    <p class='ocr_par' dir='ltr' id='par_1_8' title="bbox 381 997 1458 1076">
     <span class='ocr_line' id='line_1_8' title="bbox 381 997 1458 1076; baseline -0.009 -17"><span class='ocrx_word' id='word_1_34' title='bbox 381 1002 706 1076; x_wconf 65' lang='lat' dir='ltr'>praesrtim</span> <span class='ocrx_word' id='word_1_35' title='bbox 741 1001 838 1056; x_wconf 89' lang='lat' dir='ltr'>ubi</span> <span class='ocrx_word' id='word_1_36' title='bbox 874 997 1245 1070; x_wconf 81' lang='lat' dir='ltr'>imperatoris</span> <span class='ocrx_word' id='word_1_37' title='bbox 1275 1012 1458 1068; x_wconf 87' lang='lat' dir='ltr'>gener</span> 
     </span>
    </p>
   </div>
   <div class='ocr_carea' id='block_1_9' title="bbox 382 1085 1390 1160">
    <p class='ocr_par' dir='ltr' id='par_1_9' title="bbox 382 1085 1390 1160">
     <span class='ocr_line' id='line_1_9' title="bbox 382 1085 1390 1160; baseline -0.01 -11"><span class='ocrx_word' id='word_1_38' title='bbox 382 1093 601 1150; x_wconf 89' lang='lat' dir='ltr'>bellum</span> <span class='ocrx_word' id='word_1_39' title='bbox 633 1092 844 1146; x_wconf 81' lang='lat' dir='ltr'>ducatu</span> <span class='ocrx_word' id='word_1_40' title='bbox 877 1088 1114 1160; x_wconf 87' lang='lat' dir='ltr'>regebat</span> <span class='ocrx_word' id='word_1_41' title='bbox 1144 1085 1390 1140; x_wconf 81' lang='lat' dir='ltr'>miriﬁco</span> 
     </span>
    </p>
   </div>
   <div class='ocr_carea' id='block_1_10' title="bbox 380 1173 1491 1246">
    <p class='ocr_par' dir='ltr' id='par_1_10' title="bbox 380 1173 1491 1246">
     <span class='ocr_line' id='line_1_10' title="bbox 380 1173 1491 1246; baseline -0.009 -10"><span class='ocrx_word' id='word_1_42' title='bbox 380 1181 644 1238; x_wconf 83' lang='lat' dir='ltr'>Lascaris</span> <span class='ocrx_word' id='word_1_43' title='bbox 677 1179 1023 1234; x_wconf 89' lang='lat' dir='ltr'>Theodorus</span> <span class='ocrx_word' id='word_1_44' title='bbox 1053 1177 1112 1230; x_wconf 93' lang='lat' dir='ltr'>in</span> <span class='ocrx_word' id='word_1_45' title='bbox 1137 1175 1350 1246; x_wconf 75' lang='lat' dir='ltr'>praeliis</span> <span class='ocrx_word' id='word_1_46' title='bbox 1384 1173 1491 1229; x_wconf 91' lang='lat' dir='ltr'>leo.</span> 
     </span>
    </p>
   </div>
   <div class='ocr_carea' id='block_1_11' title="bbox 375 1266 1552 1338">
    <p class='ocr_par' dir='ltr' id='par_1_11' title="bbox 375 1266 1552 1338">
     <span class='ocr_line' id='line_1_11' title="bbox 375 1266 1552 1338; baseline -0.008 -13"><span class='ocrx_word' id='word_1_47' title='bbox 375 1271 479 1325; x_wconf 84' lang='lat' dir='ltr'>Hic</span> <span class='ocrx_word' id='word_1_48' title='bbox 510 1269 666 1325; x_wconf 91' lang='lat' dir='ltr'>enim</span> <span class='ocrx_word' id='word_1_49' title='bbox 699 1283 927 1338; x_wconf 89' lang='lat' dir='ltr'>pugnas</span> <span class='ocrx_word' id='word_1_50' title='bbox 959 1266 1184 1321; x_wconf 84' lang='lat' dir='ltr'>fortiter</span> <span class='ocrx_word' id='word_1_51' title='bbox 1206 1267 1552 1318; x_wconf 81' lang='lat' dir='ltr'>sustentans</span> 
     </span>
    </p>
   </div>
   <div class='ocr_carea' id='block_1_12' title="bbox 374 1351 1440 1426">
    <p class='ocr_par' dir='ltr' id='par_1_12' title="bbox 374 1351 1440 1426">
     <span class='ocr_line' id='line_1_12' title="bbox 374 1351 1440 1426; baseline -0.01 -13"><span class='ocrx_word' id='word_1_52' title='bbox 374 1358 654 1426; x_wconf 62' lang='lat' dir='ltr'>cadebat,</span> <span class='ocrx_word' id='word_1_53' title='bbox 686 1354 1030 1411; x_wconf 75' lang='lat' dir='ltr'>concidebat</span> <span class='ocrx_word' id='word_1_54' title='bbox 1057 1351 1440 1407; x_wconf 84' lang='lat' dir='ltr'>adversarios.</span> 
     </span>
    </p>
   </div>
   <div class='ocr_carea' id='block_1_13' title="bbox 371 1448 1466 1521">
    <p class='ocr_par' dir='ltr' id='par_1_13' title="bbox 371 1448 1466 1521">
     <span class='ocr_line' id='line_1_13' title="bbox 371 1448 1466 1521; baseline -0.006 -13"><span class='ocrx_word' id='word_1_55' title='bbox 371 1458 558 1521; x_wconf 85' lang='lat' dir='ltr'>Quare</span> <span class='ocrx_word' id='word_1_56' title='bbox 583 1452 866 1509; x_wconf 88' lang='lat' dir='ltr'>collectus</span> <span class='ocrx_word' id='word_1_57' title='bbox 900 1450 1141 1506; x_wconf 88' lang='lat' dir='ltr'>Latinus</span> <span class='ocrx_word' id='word_1_58' title='bbox 1173 1448 1466 1504; x_wconf 86' lang='lat' dir='ltr'>exercitus</span> 
     </span>
    </p>
   </div>
   <div class='ocr_carea' id='block_1_14' title="bbox 371 1531 1842 1607">
    <p class='ocr_par' dir='ltr' id='par_1_14' title="bbox 371 1531 1842 1607">
     <span class='ocr_line' id='line_1_14' title="bbox 371 1531 1842 1607; baseline -0.01 -8"><span class='ocrx_word' id='word_1_59' title='bbox 371 1544 671 1600; x_wconf 88' lang='lat' dir='ltr'>terrestris</span> <span class='ocrx_word' id='word_1_60' title='bbox 705 1545 761 1596; x_wconf 92' lang='lat' dir='ltr'>et</span> <span class='ocrx_word' id='word_1_61' title='bbox 793 1539 1150 1604; x_wconf 87' lang='lat' dir='ltr'>maritimus,</span> <span class='ocrx_word' id='word_1_62' title='bbox 1183 1536 1327 1607; x_wconf 91' lang='lat' dir='ltr'>prob</span> <span class='ocrx_word' id='word_1_63' title='bbox 1359 1533 1580 1590; x_wconf 86' lang='lat' dir='ltr'>rabiem</span> <span class='ocrx_word' id='word_1_64' title='bbox 1608 1533 1797 1588; x_wconf 87' lang='lat' dir='ltr'>diram</span> <span class='ocrx_word' id='word_1_65' title='bbox 1830 1531 1842 1584; x_wconf 90' lang='lat'>!</span> 
     </span>
    </p>
   </div>
   <div class='ocr_carea' id='block_1_15' title="bbox 374 1627 1447 1704">
    <p class='ocr_par' dir='ltr' id='par_1_15' title="bbox 374 1627 1447 1704">
     <span class='ocr_line' id='line_1_15' title="bbox 374 1627 1447 1704; baseline -0.011 -14"><span class='ocrx_word' id='word_1_66' title='bbox 374 1635 600 1704; x_wconf 88' lang='lat' dir='ltr'>impetu</span> <span class='ocrx_word' id='word_1_67' title='bbox 633 1631 839 1686; x_wconf 88' lang='lat' dir='ltr'>statuit</span> <span class='ocrx_word' id='word_1_68' title='bbox 870 1644 1074 1700; x_wconf 90' lang='lat' dir='ltr'>capere</span> <span class='ocrx_word' id='word_1_69' title='bbox 1107 1627 1447 1698; x_wconf 85' lang='lat' dir='ltr'>Byzantium</span> 
     </span>
    </p>
   </div>
   <div class='ocr_carea' id='block_1_16' title="bbox 375 1713 1626 1792">
    <p class='ocr_par' dir='ltr' id='par_1_16' title="bbox 375 1713 1626 1792">
     <span class='ocr_line' id='line_1_16' title="bbox 375 1713 1626 1792; baseline -0.009 -14"><span class='ocrx_word' id='word_1_70' title='bbox 375 1724 424 1780; x_wconf 90' lang='lat' dir='ltr'>si</span> <span class='ocrx_word' id='word_1_71' title='bbox 458 1727 612 1777; x_wconf 89' lang='lat' dir='ltr'>certe</span> <span class='ocrx_word' id='word_1_72' title='bbox 640 1718 1012 1792; x_wconf 80' lang='lat' dir='ltr'>praevaleret;</span> <span class='ocrx_word' id='word_1_73' title='bbox 1051 1717 1143 1771; x_wconf 90' lang='lat' dir='ltr'>sin</span> <span class='ocrx_word' id='word_1_74' title='bbox 1173 1721 1370 1770; x_wconf 87' lang='lat' dir='ltr'>autem</span> <span class='ocrx_word' id='word_1_75' title='bbox 1405 1713 1626 1780; x_wconf 87' lang='lat' dir='ltr'>minus,</span> 
     </span>
    </p>
   </div>
   <div class='ocr_carea' id='block_1_17' title="bbox 376 1805 1542 1868">
    <p class='ocr_par' dir='ltr' id='par_1_17' title="bbox 376 1805 1542 1868">
     <span class='ocr_line' id='line_1_17' title="bbox 376 1805 1542 1868; baseline -0.008 -1"><span class='ocrx_word' id='word_1_76' title='bbox 376 1812 588 1868; x_wconf 90' lang='lat' dir='ltr'>oblatis</span> <span class='ocrx_word' id='word_1_77' title='bbox 613 1808 1052 1866; x_wconf 90' lang='lat' dir='ltr'>conditionibus</span> <span class='ocrx_word' id='word_1_78' title='bbox 1083 1806 1221 1861; x_wconf 91' lang='lat' dir='ltr'>hinc</span> <span class='ocrx_word' id='word_1_79' title='bbox 1255 1805 1542 1861; x_wconf 88' lang='lat' dir='ltr'>recedere.</span> 
     </span>
    </p>
   </div>
   <div class='ocr_carea' id='block_1_18' title="bbox 375 1894 1593 1970">
    <p class='ocr_par' dir='ltr' id='par_1_18' title="bbox 375 1894 1593 1970">
     <span class='ocr_line' id='line_1_18' title="bbox 375 1894 1593 1970; baseline -0.007 -15"><span class='ocrx_word' id='word_1_80' title='bbox 375 1901 524 1970; x_wconf 85' lang='lat' dir='ltr'>Ergo</span> <span class='ocrx_word' id='word_1_81' title='bbox 555 1898 735 1954; x_wconf 82' lang='lat' dir='ltr'>Latini</span> <span class='ocrx_word' id='word_1_82' title='bbox 770 1899 968 1953; x_wconf 87' lang='lat' dir='ltr'>hostes</span> <span class='ocrx_word' id='word_1_83' title='bbox 997 1896 1057 1950; x_wconf 92' lang='lat' dir='ltr'>in</span> <span class='ocrx_word' id='word_1_84' title='bbox 1084 1895 1268 1950; x_wconf 90' lang='lat' dir='ltr'>aciem</span> <span class='ocrx_word' id='word_1_85' title='bbox 1306 1894 1593 1963; x_wconf 92' lang='lat' dir='ltr'>prodeunt</span> 
     </span>
    </p>
   </div>
   <div class='ocr_carea' id='block_1_19' title="bbox 375 1979 1787 2059">
    <p class='ocr_par' dir='ltr' id='par_1_19' title="bbox 375 1979 1787 2059">
     <span class='ocr_line' id='line_1_19' title="bbox 375 1979 1787 2059; baseline -0.008 -16"><span class='ocrx_word' id='word_1_86' title='bbox 375 1993 554 2059; x_wconf 88' lang='lat' dir='ltr'>atque</span> <span class='ocrx_word' id='word_1_87' title='bbox 584 2002 760 2042; x_wconf 88' lang='lat' dir='ltr'>naves</span> <span class='ocrx_word' id='word_1_88' title='bbox 792 1989 1134 2057; x_wconf 89' lang='lat' dir='ltr'>promovent</span> <span class='ocrx_word' id='word_1_89' title='bbox 1165 1998 1352 2054; x_wconf 85' lang='lat' dir='ltr'>usque</span> <span class='ocrx_word' id='word_1_90' title='bbox 1385 1982 1455 2038; x_wconf 88' lang='lat' dir='ltr'>ad</span> <span class='ocrx_word' id='word_1_91' title='bbox 1491 1979 1747 2036; x_wconf 84' lang='lat' dir='ltr'>Petrium</span> <span class='ocrx_word' id='word_1_92' title='bbox 1773 1999 1787 2047; x_wconf 88' lang='lat'><strong>;</strong></span> 
     </span>
    </p>
   </div>
   <div class='ocr_carea' id='block_1_20' title="bbox 375 2071 1552 2148">
    <p class='ocr_par' dir='ltr' id='par_1_20' title="bbox 375 2071 1552 2148">
     <span class='ocr_line' id='line_1_20' title="bbox 375 2071 1552 2148; baseline -0.003 -18"><span class='ocrx_word' id='word_1_93' title='bbox 375 2077 629 2148; x_wconf 85' lang='lat' dir='ltr'>grandes</span> <span class='ocrx_word' id='word_1_94' title='bbox 663 2076 943 2130; x_wconf 77' lang='lat' dir='ltr'>habentes</span> <span class='ocrx_word' id='word_1_95' title='bbox 973 2075 1034 2128; x_wconf 90' lang='lat' dir='ltr'>in</span> <span class='ocrx_word' id='word_1_96' title='bbox 1057 2071 1329 2128; x_wconf 90' lang='lat' dir='ltr'>antennis</span> <span class='ocrx_word' id='word_1_97' title='bbox 1362 2071 1552 2126; x_wconf 88' lang='lat' dir='ltr'>scalas</span> 
     </span>
    </p>
   </div>
   <div class='ocr_carea' id='block_1_21' title="bbox 376 2163 1278 2233">
    <p class='ocr_par' dir='ltr' id='par_1_21' title="bbox 376 2163 1278 2233">
     <span class='ocr_line' id='line_1_21' title="bbox 376 2163 1278 2233; baseline -0.006 -14"><span class='ocrx_word' id='word_1_98' title='bbox 376 2163 620 2220; x_wconf 85' lang='lat' dir='ltr'>funibus</span> <span class='ocrx_word' id='word_1_99' title='bbox 654 2163 924 2233; x_wconf 87' lang='lat' dir='ltr'>alligatas</span> <span class='ocrx_word' id='word_1_100' title='bbox 957 2167 1079 2216; x_wconf 90' lang='lat' dir='ltr'>arte</span> <span class='ocrx_word' id='word_1_101' title='bbox 1114 2163 1278 2216; x_wconf 86' lang='lat' dir='ltr'>mira.</span> 
     </span>
    </p>
   </div>
   <div class='ocr_carea' id='block_1_22' title="bbox 344 2236 1446 2319">
    <p class='ocr_par' dir='ltr' id='par_1_22' title="bbox 344 2236 1446 2319">
     <span class='ocr_line' id='line_1_22' title="bbox 344 2236 1446 2319; baseline -0.005 -12"><span class='ocrx_word' id='word_1_102' title='bbox 344 2236 350 2244; x_wconf 55' lang='grc'><em>’</em></span> <span class='ocrx_word' id='word_1_103' title='bbox 377 2251 633 2307; x_wconf 82' lang='lat' dir='ltr'>Arietem</span> <span class='ocrx_word' id='word_1_104' title='bbox 659 2251 759 2305; x_wconf 90' lang='lat' dir='ltr'>alii</span> <span class='ocrx_word' id='word_1_105' title='bbox 783 2251 1114 2304; x_wconf 87' lang='lat' dir='ltr'>machinam</span> <span class='ocrx_word' id='word_1_106' title='bbox 1147 2250 1446 2319; x_wconf 88' lang='lat' dir='ltr'>objectant</span> 
     </span>
    </p>
   </div>
   <div class='ocr_carea' id='block_1_23' title="bbox 378 2336 1681 2408">
    <p class='ocr_par' dir='ltr' id='par_1_23' title="bbox 378 2336 1681 2408">
     <span class='ocr_line' id='line_1_23' title="bbox 378 2336 1681 2408; baseline -0.005 -12"><span class='ocrx_word' id='word_1_107' title='bbox 378 2339 616 2396; x_wconf 88' lang='lat' dir='ltr'>solitum</span> <span class='ocrx_word' id='word_1_108' title='bbox 650 2341 1011 2394; x_wconf 88' lang='lat' dir='ltr'>urbanorum</span> <span class='ocrx_word' id='word_1_109' title='bbox 1045 2337 1341 2408; x_wconf 89' lang='lat' dir='ltr'>ﬂagellum</span> <span class='ocrx_word' id='word_1_110' title='bbox 1378 2336 1681 2401; x_wconf 88' lang='lat' dir='ltr'>moenium,</span> 
     </span>
    </p>
   </div>
   <div class='ocr_carea' id='block_1_24' title="bbox 379 2425 1602 2498">
    <p class='ocr_par' dir='ltr' id='par_1_24' title="bbox 379 2425 1602 2498">
     <span class='ocr_line' id='line_1_24' title="bbox 379 2425 1602 2498; baseline -0.004 -14"><span class='ocrx_word' id='word_1_111' title='bbox 379 2431 436 2484; x_wconf 92' lang='lat' dir='ltr'>et</span> <span class='ocrx_word' id='word_1_112' title='bbox 465 2429 922 2498; x_wconf 89' lang='lat' dir='ltr'>circumponunt</span> <span class='ocrx_word' id='word_1_113' title='bbox 954 2425 1222 2481; x_wconf 89' lang='lat' dir='ltr'>homines</span> <span class='ocrx_word' id='word_1_114' title='bbox 1255 2425 1602 2497; x_wconf 85' lang='lat' dir='ltr'>armigeros,</span> 
     </span>
    </p>
   </div>
   <div class='ocr_carea' id='block_1_25' title="bbox 383 2513 1815 2584">
    <p class='ocr_par' dir='ltr' id='par_1_25' title="bbox 383 2513 1815 2584">
     <span class='ocr_line' id='line_1_25' title="bbox 383 2513 1815 2584; baseline -0.003 -14"><span class='ocrx_word' id='word_1_115' title='bbox 383 2515 666 2572; x_wconf 88' lang='lat' dir='ltr'>nimirum</span> <span class='ocrx_word' id='word_1_116' title='bbox 696 2513 1059 2570; x_wconf 88' lang='lat' dir='ltr'>ballistarios</span> <span class='ocrx_word' id='word_1_117' title='bbox 1091 2514 1190 2584; x_wconf 87' lang='lat' dir='ltr'>qui</span> <span class='ocrx_word' id='word_1_118' title='bbox 1227 2513 1457 2569; x_wconf 84' lang='lat' dir='ltr'>hostem</span> <span class='ocrx_word' id='word_1_119' title='bbox 1488 2513 1815 2567; x_wconf 86' lang='lat' dir='ltr'>verberent.</span> 
     </span>
    </p>
   </div>
   <div class='ocr_carea' id='block_1_26' title="bbox 379 2609 1692 2671">
    <p class='ocr_par' dir='ltr' id='par_1_26' title="bbox 379 2609 1692 2671">
     <span class='ocr_line' id='line_1_26' title="bbox 379 2609 1692 2671; baseline -0.005 -1"><span class='ocrx_word' id='word_1_120' title='bbox 379 2615 540 2671; x_wconf 89' lang='lat' dir='ltr'>Tunc</span> <span class='ocrx_word' id='word_1_121' title='bbox 571 2617 738 2667; x_wconf 90' lang='lat' dir='ltr'>atrox</span> <span class='ocrx_word' id='word_1_122' title='bbox 769 2611 1100 2666; x_wconf 81' lang='lat' dir='ltr'>exardescit</span> <span class='ocrx_word' id='word_1_123' title='bbox 1127 2612 1198 2666; x_wconf 92' lang='lat' dir='ltr'>ad</span> <span class='ocrx_word' id='word_1_124' title='bbox 1224 2609 1440 2664; x_wconf 80' lang='lat' dir='ltr'>mcenia</span> <span class='ocrx_word' id='word_1_125' title='bbox 1473 2610 1692 2664; x_wconf 91' lang='lat' dir='ltr'>bellum</span> 
     </span>
    </p>
   </div>
   <div class='ocr_carea' id='block_1_27' title="bbox 384 2697 1536 2771">
    <p class='ocr_par' dir='ltr' id='par_1_27' title="bbox 384 2697 1536 2771">
     <span class='ocr_line' id='line_1_27' title="bbox 384 2697 1536 2771; baseline -0.01 -14"><span class='ocrx_word' id='word_1_126' title='bbox 384 2707 608 2757; x_wconf 88' lang='lat' dir='ltr'>terrore</span> <span class='ocrx_word' id='word_1_127' title='bbox 638 2699 879 2771; x_wconf 89' lang='lat' dir='ltr'>plenum</span> <span class='ocrx_word' id='word_1_128' title='bbox 912 2699 1187 2753; x_wconf 84' lang='lat' dir='ltr'>maximis</span> <span class='ocrx_word' id='word_1_129' title='bbox 1208 2697 1536 2753; x_wconf 88' lang='lat' dir='ltr'>conatibus.</span> 
     </span>
    </p>
   </div>
   <div class='ocr_carea' id='block_1_28' title="bbox 381 2786 1516 2861">
    <p class='ocr_par' dir='ltr' id='par_1_28' title="bbox 381 2786 1516 2861">
     <span class='ocr_line' id='line_1_28' title="bbox 381 2786 1516 2861; baseline -0.005 -15"><span class='ocrx_word' id='word_1_130' title='bbox 381 2790 571 2846; x_wconf 87' lang='lat' dir='ltr'>Ariete</span> <span class='ocrx_word' id='word_1_131' title='bbox 603 2792 1003 2861; x_wconf 85' lang='lat' dir='ltr'>expugnatore</span> <span class='ocrx_word' id='word_1_132' title='bbox 1032 2792 1318 2859; x_wconf 89' lang='lat' dir='ltr'>ruperunt</span> <span class='ocrx_word' id='word_1_133' title='bbox 1347 2786 1516 2842; x_wconf 83' lang='lat' dir='ltr'>facile</span> 
     </span>
    </p>
   </div>
   <div class='ocr_carea' id='block_1_29' title="bbox 385 2874 1751 2947">
    <p class='ocr_par' dir='ltr' id='par_1_29' title="bbox 385 2874 1751 2947">
     <span class='ocr_line' id='line_1_29' title="bbox 385 2874 1751 2947; baseline -0.005 -12"><span class='ocrx_word' id='word_1_134' title='bbox 385 2881 697 2935; x_wconf 87' lang='lat' dir='ltr'>obversum</span> <span class='ocrx_word' id='word_1_135' title='bbox 726 2877 871 2933; x_wconf 89' lang='lat' dir='ltr'>mari</span> <span class='ocrx_word' id='word_1_136' title='bbox 905 2892 1138 2931; x_wconf 89' lang='lat' dir='ltr'>murum</span> <span class='ocrx_word' id='word_1_137' title='bbox 1174 2894 1188 2942; x_wconf 88' lang='lat'><strong>;</strong></span> <span class='ocrx_word' id='word_1_138' title='bbox 1221 2877 1323 2930; x_wconf 89' lang='lat' dir='ltr'>sed</span> <span class='ocrx_word' id='word_1_139' title='bbox 1355 2880 1494 2930; x_wconf 89' lang='lat' dir='ltr'>sunt</span> <span class='ocrx_word' id='word_1_140' title='bbox 1533 2874 1751 2947; x_wconf 86' lang='lat' dir='ltr'>repulsi</span> 
     </span>
    </p>
   </div>
   <div class='ocr_carea' id='block_1_30' title="bbox 387 2964 1694 3037">
    <p class='ocr_par' dir='ltr' id='par_1_30' title="bbox 387 2964 1694 3037">
     <span class='ocr_line' id='line_1_30' title="bbox 387 2964 1694 3037; baseline -0.006 -13"><span class='ocrx_word' id='word_1_141' title='bbox 387 2987 420 3025; x_wconf 91' lang='lat' dir='ltr'>a</span> <span class='ocrx_word' id='word_1_142' title='bbox 450 2968 664 3024; x_wconf 84' lang='lat' dir='ltr'>nostris</span> <span class='ocrx_word' id='word_1_143' title='bbox 695 2965 1080 3022; x_wconf 84' lang='lat' dir='ltr'>auxiliaribus</span> <span class='ocrx_word' id='word_1_144' title='bbox 1112 2964 1213 3037; x_wconf 88' lang='lat' dir='ltr'>qui</span> <span class='ocrx_word' id='word_1_145' title='bbox 1244 2965 1304 3019; x_wconf 90' lang='lat' dir='ltr'>in</span> <span class='ocrx_word' id='word_1_146' title='bbox 1337 2966 1479 3020; x_wconf 88' lang='lat' dir='ltr'>urbe</span> <span class='ocrx_word' id='word_1_147' title='bbox 1509 2969 1694 3020; x_wconf 89' lang='lat' dir='ltr'>erant.</span> 
     </span>
    </p>
   </div>
   <div class='ocr_carea' id='block_1_31' title="bbox 385 3053 1330 3126">
    <p class='ocr_par' dir='ltr' id='par_1_31' title="bbox 385 3053 1330 3126">
     <span class='ocr_line' id='line_1_31' title="bbox 385 3053 1330 3126; baseline -0.005 -13"><span class='ocrx_word' id='word_1_148' title='bbox 385 3058 458 3113; x_wconf 83' lang='lat' dir='ltr'>At</span> <span class='ocrx_word' id='word_1_149' title='bbox 487 3056 776 3114; x_wconf 86' lang='lat' dir='ltr'>classiarii</span> <span class='ocrx_word' id='word_1_150' title='bbox 807 3057 1061 3126; x_wconf 83' lang='lat' dir='ltr'>desuper</span> <span class='ocrx_word' id='word_1_151' title='bbox 1093 3071 1123 3110; x_wconf 93' lang='lat' dir='ltr'>e</span> <span class='ocrx_word' id='word_1_152' title='bbox 1154 3053 1330 3110; x_wconf 87' lang='lat' dir='ltr'>scalis</span> 
     </span>
    </p>
   </div>
   <div class='ocr_carea' id='block_1_32' title="bbox 380 3143 1442 3219">
    <p class='ocr_par' dir='ltr' id='par_1_32' title="bbox 380 3143 1442 3219">
     <span class='ocr_line' id='line_1_32' title="bbox 380 3143 1442 3219; baseline -0.005 -16"><span class='ocrx_word' id='word_1_153' title='bbox 380 3147 677 3219; x_wconf 89' lang='lat' dir='ltr'>lapidibus</span> <span class='ocrx_word' id='word_1_154' title='bbox 708 3146 1010 3214; x_wconf 82' lang='lat' dir='ltr'>feriebant,</span> <span class='ocrx_word' id='word_1_155' title='bbox 1043 3144 1197 3208; x_wconf 90' lang='lat' dir='ltr'>telis,</span> <span class='ocrx_word' id='word_1_156' title='bbox 1231 3143 1442 3216; x_wconf 90' lang='lat' dir='ltr'>gladiis</span> 
     </span>
    </p>
   </div>
   <div class='ocr_carea' id='block_1_33' title="bbox 384 3235 1701 3306">
    <p class='ocr_par' dir='ltr' id='par_1_33' title="bbox 384 3235 1701 3306">
     <span class='ocr_line' id='line_1_33' title="bbox 384 3235 1701 3306; baseline -0.001 -15"><span class='ocrx_word' id='word_1_157' title='bbox 384 3237 640 3292; x_wconf 89' lang='lat' dir='ltr'>turrium</span> <span class='ocrx_word' id='word_1_158' title='bbox 673 3237 949 3291; x_wconf 86' lang='lat' dir='ltr'>custodes</span> <span class='ocrx_word' id='word_1_159' title='bbox 981 3235 1386 3306; x_wconf 85' lang='lat' dir='ltr'>moeniumque</span> <span class='ocrx_word' id='word_1_160' title='bbox 1415 3235 1701 3304; x_wconf 89' lang='lat' dir='ltr'>vindices,</span> 
     </span>
    </p>
   </div>
   <div class='ocr_carea' id='block_1_34' title="bbox 385 3323 1676 3393">
    <p class='ocr_par' dir='ltr' id='par_1_34' title="bbox 385 3323 1676 3393">
     <span class='ocr_line' id='line_1_34' title="bbox 385 3323 1676 3393; baseline -0.002 -15"><span class='ocrx_word' id='word_1_161' title='bbox 385 3323 663 3393; x_wconf 86' lang='lat' dir='ltr'>brevique</span> <span class='ocrx_word' id='word_1_162' title='bbox 693 3325 931 3377; x_wconf 89' lang='lat' dir='ltr'>eosdem</span> <span class='ocrx_word' id='word_1_163' title='bbox 969 3323 1027 3376; x_wconf 90' lang='lat' dir='ltr'>in</span> <span class='ocrx_word' id='word_1_164' title='bbox 1051 3324 1248 3392; x_wconf 81' lang='lat' dir='ltr'>fugam</span> <span class='ocrx_word' id='word_1_165' title='bbox 1281 3324 1676 3392; x_wconf 88' lang='lat' dir='ltr'>conjecerunt.</span> 
     </span>
    </p>
   </div>
   <div class='ocr_carea' id='block_1_35' title="bbox 384 3409 1364 3480">
    <p class='ocr_par' dir='ltr' id='par_1_35' title="bbox 384 3409 1364 3480">
     <span class='ocr_line' id='line_1_35' title="bbox 384 3409 1364 3480; baseline -0.004 -14"><span class='ocrx_word' id='word_1_166' title='bbox 384 3410 608 3466; x_wconf 87' lang='lat' dir='ltr'>Deinde</span> <span class='ocrx_word' id='word_1_167' title='bbox 639 3409 840 3464; x_wconf 90' lang='lat' dir='ltr'>hostes</span> <span class='ocrx_word' id='word_1_168' title='bbox 872 3410 1166 3462; x_wconf 75' lang='lat' dir='ltr'>mmnibus</span> <span class='ocrx_word' id='word_1_169' title='bbox 1198 3411 1364 3480; x_wconf 87' lang='lat' dir='ltr'>potiti</span> 
     </span>
    </p>
   </div>
   <div class='ocr_carea' id='block_1_36' title="bbox 384 3497 1450 3567">
    <p class='ocr_par' dir='ltr' id='par_1_36' title="bbox 384 3497 1450 3567">
     <span class='ocr_line' id='line_1_36' title="bbox 384 3497 1450 3567; baseline -0.001 -14"><span class='ocrx_word' id='word_1_170' title='bbox 384 3498 627 3553; x_wconf 89' lang='lat' dir='ltr'>urbanis</span> <span class='ocrx_word' id='word_1_171' title='bbox 651 3497 848 3567; x_wconf 85' lang='lat' dir='ltr'>ignem</span> <span class='ocrx_word' id='word_1_172' title='bbox 882 3497 1158 3552; x_wconf 90' lang='lat' dir='ltr'>domibus</span> <span class='ocrx_word' id='word_1_173' title='bbox 1178 3497 1450 3567; x_wconf 81' lang='lat' dir='ltr'>injiciunt</span> 
     </span>
    </p>
   </div>
   <div class='ocr_carea' id='block_1_37' title="bbox 382 3584 1612 3655">
    <p class='ocr_par' dir='ltr' id='par_1_37' title="bbox 382 3584 1612 3655">
     <span class='ocr_line' id='line_1_37' title="bbox 382 3584 1612 3655; baseline 0 -14"><span class='ocrx_word' id='word_1_174' title='bbox 382 3587 520 3642; x_wconf 89' lang='lat' dir='ltr'>inde</span> <span class='ocrx_word' id='word_1_175' title='bbox 553 3603 584 3643; x_wconf 91' lang='lat' dir='ltr'>a</span> <span class='ocrx_word' id='word_1_176' title='bbox 617 3584 954 3641; x_wconf 89' lang='lat' dir='ltr'>Blaehernis</span> <span class='ocrx_word' id='word_1_177' title='bbox 976 3585 1047 3640; x_wconf 91' lang='lat' dir='ltr'>ad</span> <span class='ocrx_word' id='word_1_178' title='bbox 1081 3587 1263 3639; x_wconf 76' lang='lat' dir='ltr'>aedem</span> <span class='ocrx_word' id='word_1_179' title='bbox 1297 3586 1612 3655; x_wconf 70' lang='lat' dir='ltr'>Evergetw.</span> 
     </span>
    </p>
   </div>
   <div class='ocr_carea' id='block_1_38' title="bbox 385 3683 1638 3754">
    <p class='ocr_par' dir='ltr' id='par_1_38' title="bbox 385 3683 1638 3754">
     <span class='ocr_line' id='line_1_38' title="bbox 385 3683 1638 3754; baseline -0.002 -13"><span class='ocrx_word' id='word_1_180' title='bbox 385 3687 551 3741; x_wconf 86' lang='lat' dir='ltr'>Tunc</span> <span class='ocrx_word' id='word_1_181' title='bbox 574 3685 768 3742; x_wconf 90' lang='lat' dir='ltr'>dirum</span> <span class='ocrx_word' id='word_1_182' title='bbox 803 3700 1006 3740; x_wconf 89' lang='lat' dir='ltr'>casum</span> <span class='ocrx_word' id='word_1_183' title='bbox 1039 3700 1285 3738; x_wconf 90' lang='lat' dir='ltr'>cernens</span> <span class='ocrx_word' id='word_1_184' title='bbox 1316 3683 1638 3754; x_wconf 88' lang='lat' dir='ltr'>imperator</span> 
     </span>
    </p>
   </div>
   <div class='ocr_carea' id='block_1_39' title="bbox 383 3769 1534 3845">
    <p class='ocr_par' dir='ltr' id='par_1_39' title="bbox 383 3769 1534 3845">
     <span class='ocr_line' id='line_1_39' title="bbox 383 3769 1534 3845; baseline -0.003 -17"><span class='ocrx_word' id='word_1_185' title='bbox 383 3773 837 3845; x_wconf 88' lang='lat' dir='ltr'>trepidationem</span> <span class='ocrx_word' id='word_1_186' title='bbox 868 3771 1274 3844; x_wconf 82' lang='lat' dir='ltr'>lacrymasque</span> <span class='ocrx_word' id='word_1_187' title='bbox 1297 3769 1534 3839; x_wconf 89' lang='lat' dir='ltr'>civium,</span> 
     </span>
    </p>
   </div>
   <div class='ocr_carea' id='block_1_40' title="bbox 385 3861 1711 3935">
    <p class='ocr_par' dir='ltr' id='par_1_40' title="bbox 385 3861 1711 3935">
     <span class='ocr_line' id='line_1_40' title="bbox 385 3861 1711 3935; baseline -0.002 -17"><span class='ocrx_word' id='word_1_188' title='bbox 385 3863 716 3935; x_wconf 90' lang='lat' dir='ltr'>horumque</span> <span class='ocrx_word' id='word_1_189' title='bbox 737 3878 944 3918; x_wconf 90' lang='lat' dir='ltr'>verens</span> <span class='ocrx_word' id='word_1_190' title='bbox 970 3865 1224 3916; x_wconf 86' lang='lat' dir='ltr'>maxime</span> <span class='ocrx_word' id='word_1_191' title='bbox 1255 3861 1711 3932; x_wconf 87' lang='lat' dir='ltr'>querimoniam,</span> 
     </span>
    </p>
   </div>
   <div class='ocr_carea' id='block_1_41' title="bbox 385 3950 1720 4025">
    <p class='ocr_par' dir='ltr' id='par_1_41' title="bbox 385 3950 1720 4025">
     <span class='ocr_line' id='line_1_41' title="bbox 385 3950 1720 4025; baseline 0 -19"><span class='ocrx_word' id='word_1_192' title='bbox 385 3967 536 4025; x_wconf 77' lang='lat' dir='ltr'>aegre</span> <span class='ocrx_word' id='word_1_193' title='bbox 566 3957 624 4008; x_wconf 90' lang='lat' dir='ltr'>et</span> <span class='ocrx_word' id='word_1_194' title='bbox 654 3956 891 4008; x_wconf 89' lang='lat' dir='ltr'>coactus</span> <span class='ocrx_word' id='word_1_195' title='bbox 923 3953 1162 4008; x_wconf 90' lang='lat' dir='ltr'>tandem</span> <span class='ocrx_word' id='word_1_196' title='bbox 1194 3950 1255 4005; x_wconf 91' lang='lat' dir='ltr'>in</span> <span class='ocrx_word' id='word_1_197' title='bbox 1289 3967 1453 4005; x_wconf 89' lang='lat' dir='ltr'>arma</span> <span class='ocrx_word' id='word_1_198' title='bbox 1477 3951 1720 4022; x_wconf 86' lang='lat' dir='ltr'>rapitur,</span> 
     </span>
    </p>
   </div>
   <div class='ocr_carea' id='block_1_42' title="bbox 383 4039 1433 4112">
    <p class='ocr_par' dir='ltr' id='par_1_42' title="bbox 383 4039 1433 4112">
     <span class='ocr_line' id='line_1_42' title="bbox 383 4039 1433 4112; baseline -0.003 -16"><span class='ocrx_word' id='word_1_199' title='bbox 383 4046 440 4096; x_wconf 90' lang='lat' dir='ltr'>et</span> <span class='ocrx_word' id='word_1_200' title='bbox 461 4041 876 4112; x_wconf 90' lang='lat' dir='ltr'>cataphractus</span> <span class='ocrx_word' id='word_1_201' title='bbox 904 4040 1180 4112; x_wconf 88' lang='lat' dir='ltr'>prodiens</span> <span class='ocrx_word' id='word_1_202' title='bbox 1216 4039 1433 4111; x_wconf 88' lang='lat' dir='ltr'>palatio</span> 
     </span>
    </p>
   </div>
   <div class='ocr_carea' id='block_1_43' title="bbox 386 4128 1488 4202">
    <p class='ocr_par' dir='ltr' id='par_1_43' title="bbox 386 4128 1488 4202">
     <span class='ocr_line' id='line_1_43' title="bbox 386 4128 1488 4202; baseline 0 -18"><span class='ocrx_word' id='word_1_203' title='bbox 386 4130 560 4186; x_wconf 83' lang='lat' dir='ltr'>traxit</span> <span class='ocrx_word' id='word_1_204' title='bbox 599 4128 887 4186; x_wconf 88' lang='lat' dir='ltr'>nobilium</span> <span class='ocrx_word' id='word_1_205' title='bbox 911 4132 1176 4202; x_wconf 90' lang='lat' dir='ltr'>equitum</span> <span class='ocrx_word' id='word_1_206' title='bbox 1197 4134 1488 4185; x_wconf 90' lang='lat' dir='ltr'>catervam</span> 
     </span>
    </p>
   </div>
   <div class='ocr_carea' id='block_1_44' title="bbox 388 4218 1605 4288">
    <p class='ocr_par' dir='ltr' id='par_1_44' title="bbox 388 4218 1605 4288">
     <span class='ocr_line' id='line_1_44' title="bbox 388 4218 1605 4288; baseline 0 -16"><span class='ocrx_word' id='word_1_207' title='bbox 388 4219 774 4288; x_wconf 84' lang='lat' dir='ltr'>peditumque</span> <span class='ocrx_word' id='word_1_208' title='bbox 806 4219 1084 4287; x_wconf 80' lang='lat' dir='ltr'>iuvenum</span> <span class='ocrx_word' id='word_1_209' title='bbox 1112 4218 1315 4272; x_wconf 86' lang='lat' dir='ltr'>fortem</span> <span class='ocrx_word' id='word_1_210' title='bbox 1343 4234 1605 4273; x_wconf 89' lang='lat' dir='ltr'>manum.</span> 
     </span>
    </p>
   </div>
   <div class='ocr_carea' id='block_1_45' title="bbox 389 4305 1458 4379">
    <p class='ocr_par' dir='ltr' id='par_1_45' title="bbox 389 4305 1458 4379">
     <span class='ocr_line' id='line_1_45' title="bbox 389 4305 1458 4379; baseline 0 -17"><span class='ocrx_word' id='word_1_211' title='bbox 389 4308 458 4362; x_wconf 87' lang='lat' dir='ltr'>Et</span> <span class='ocrx_word' id='word_1_212' title='bbox 488 4305 737 4362; x_wconf 82' lang='lat' dir='ltr'>fortasse</span> <span class='ocrx_word' id='word_1_213' title='bbox 767 4306 1000 4379; x_wconf 89' lang='lat' dir='ltr'>aliquod</span> <span class='ocrx_word' id='word_1_214' title='bbox 1031 4311 1305 4378; x_wconf 90' lang='lat' dir='ltr'>peractus</span> <span class='ocrx_word' id='word_1_215' title='bbox 1335 4311 1458 4362; x_wconf 88' lang='lat' dir='ltr'>erat</span> 
     </span>
    </p>
   </div>
   <div class='ocr_carea' id='block_1_46' title="bbox 388 4394 1334 4467">
    <p class='ocr_par' dir='ltr' id='par_1_46' title="bbox 388 4394 1334 4467">
     <span class='ocr_line' id='line_1_46' title="bbox 388 4394 1334 4467; baseline 0 -17"><span class='ocrx_word' id='word_1_216' title='bbox 388 4394 534 4450; x_wconf 88' lang='lat' dir='ltr'>utile</span> <span class='ocrx_word' id='word_1_217' title='bbox 566 4394 695 4448; x_wconf 90' lang='lat' dir='ltr'>urbi</span> <span class='ocrx_word' id='word_1_218' title='bbox 729 4394 957 4451; x_wconf 89' lang='lat' dir='ltr'>facinus</span> <span class='ocrx_word' id='word_1_219' title='bbox 981 4399 1036 4451; x_wconf 89' lang='lat' dir='ltr'>et</span> <span class='ocrx_word' id='word_1_220' title='bbox 1068 4395 1334 4467; x_wconf 89' lang='lat' dir='ltr'>imperio,</span> 
     </span>
    </p>
   </div>
   <div class='ocr_carea' id='block_1_47' title="bbox 387 4483 1624 4552">
    <p class='ocr_par' dir='ltr' id='par_1_47' title="bbox 387 4483 1624 4552">
     <span class='ocr_line' id='line_1_47' title="bbox 387 4483 1624 4552; baseline -0.002 -13"><span class='ocrx_word' id='word_1_221' title='bbox 387 4483 434 4539; x_wconf 89' lang='lat' dir='ltr'>si</span> <span class='ocrx_word' id='word_1_222' title='bbox 469 4498 600 4538; x_wconf 90' lang='lat' dir='ltr'>cum</span> <span class='ocrx_word' id='word_1_223' title='bbox 630 4483 903 4539; x_wconf 88' lang='lat' dir='ltr'>hostibus</span> <span class='ocrx_word' id='word_1_224' title='bbox 937 4500 1176 4539; x_wconf 89' lang='lat' dir='ltr'>manum</span> <span class='ocrx_word' id='word_1_225' title='bbox 1210 4483 1624 4552; x_wconf 90' lang='lat' dir='ltr'>conseruisset,</span> 
     </span>
    </p>
   </div>
   <div class='ocr_carea' id='block_1_48' title="bbox 382 4571 1507 4645">
    <p class='ocr_par' dir='ltr' id='par_1_48' title="bbox 382 4571 1507 4645">
     <span class='ocr_line' id='line_1_48' title="bbox 382 4571 1507 4645; baseline 0.002 -20"><span class='ocrx_word' id='word_1_226' title='bbox 382 4571 471 4628; x_wconf 90' lang='lat' dir='ltr'>vel</span> <span class='ocrx_word' id='word_1_227' title='bbox 504 4576 656 4627; x_wconf 91' lang='lat' dir='ltr'>certe</span> <span class='ocrx_word' id='word_1_228' title='bbox 686 4574 920 4628; x_wconf 89' lang='lat' dir='ltr'>Lascari</span> <span class='ocrx_word' id='word_1_229' title='bbox 953 4589 1163 4645; x_wconf 86' lang='lat' dir='ltr'>genero</span> <span class='ocrx_word' id='word_1_230' title='bbox 1187 4571 1507 4627; x_wconf 90' lang='lat' dir='ltr'>fortissimo</span> 
     </span>
    </p>
   </div>
   <div class='ocr_carea' id='block_1_49' title="bbox 386 4659 1627 4733">
    <p class='ocr_par' dir='ltr' id='par_1_49' title="bbox 386 4659 1627 4733">
     <span class='ocr_line' id='line_1_49' title="bbox 386 4659 1627 4733; baseline 0 -18"><span class='ocrx_word' id='word_1_231' title='bbox 386 4660 638 4716; x_wconf 82' lang='lat' dir='ltr'>maxime</span> <span class='ocrx_word' id='word_1_232' title='bbox 663 4662 887 4733; x_wconf 91' lang='lat' dir='ltr'>optanti</span> <span class='ocrx_word' id='word_1_233' title='bbox 926 4677 1184 4732; x_wconf 89' lang='lat' dir='ltr'>pugnam</span> <span class='ocrx_word' id='word_1_234' title='bbox 1219 4659 1587 4731; x_wconf 88' lang='lat' dir='ltr'>permisisset</span> <span class='ocrx_word' id='word_1_235' title='bbox 1615 4679 1627 4714; x_wconf 75' lang='grc' dir='ltr'><strong>ε</strong></span> 
     </span>
    </p>
   </div>
   <div class='ocr_carea' id='block_1_50' title="bbox 385 4747 1752 4822">
    <p class='ocr_par' dir='ltr' id='par_1_50' title="bbox 385 4747 1752 4822">
     <span class='ocr_line' id='line_1_50' title="bbox 385 4747 1752 4822; baseline 0 -18"><span class='ocrx_word' id='word_1_236' title='bbox 385 4765 544 4804; x_wconf 89' lang='lat' dir='ltr'>nunc</span> <span class='ocrx_word' id='word_1_237' title='bbox 576 4750 986 4804; x_wconf 82' lang='lat' dir='ltr'>conservandae</span> <span class='ocrx_word' id='word_1_238' title='bbox 1017 4749 1145 4803; x_wconf 65' lang='lat' dir='ltr'>vitae</span> <span class='ocrx_word' id='word_1_239' title='bbox 1179 4749 1318 4802; x_wconf 91' lang='lat' dir='ltr'>dum</span> <span class='ocrx_word' id='word_1_240' title='bbox 1353 4749 1550 4803; x_wconf 88' lang='lat' dir='ltr'>studet</span> <span class='ocrx_word' id='word_1_241' title='bbox 1582 4747 1752 4822; x_wconf 80' lang='lat' dir='ltr'>miles</span> 
     </span>
    </p>
   </div>
   <div class='ocr_carea' id='block_1_51' title="bbox 387 4837 1605 4893">
    <p class='ocr_par' dir='ltr' id='par_1_51' title="bbox 387 4837 1605 4893">
     <span class='ocr_line' id='line_1_51' title="bbox 387 4837 1605 4893; baseline -0.002 0"><span class='ocrx_word' id='word_1_242' title='bbox 387 4837 732 4893; x_wconf 81' lang='lat' dir='ltr'>acceleravit</span> <span class='ocrx_word' id='word_1_243' title='bbox 762 4837 895 4892; x_wconf 90' lang='lat' dir='ltr'>urbi</span> <span class='ocrx_word' id='word_1_244' title='bbox 929 4837 1243 4893; x_wconf 89' lang='lat' dir='ltr'>discrimen</span> <span class='ocrx_word' id='word_1_245' title='bbox 1279 4853 1605 4892; x_wconf 90' lang='lat' dir='ltr'>summum.</span> 
     </span>
    </p>
   </div>
   <div class='ocr_carea' id='block_1_52' title="bbox 390 4933 1893 5006">
    <p class='ocr_par' dir='ltr' id='par_1_52' title="bbox 390 4933 1893 5006">
     <span class='ocr_line' id='line_1_52' title="bbox 390 4933 1893 5006; baseline 0.002 -17"><span class='ocrx_word' id='word_1_246' title='bbox 390 4935 537 4989; x_wconf 90' lang='lat' dir='ltr'>Nam</span> <span class='ocrx_word' id='word_1_247' title='bbox 567 4936 758 4991; x_wconf 67' lang='lat' dir='ltr'>Caesar</span> <span class='ocrx_word' id='word_1_248' title='bbox 791 4935 973 4990; x_wconf 87' lang='lat' dir='ltr'>armis</span> <span class='ocrx_word' id='word_1_249' title='bbox 1006 4933 1260 5006; x_wconf 88' lang='lat' dir='ltr'>sumptis</span> <span class='ocrx_word' id='word_1_250' title='bbox 1294 4933 1354 4988; x_wconf 92' lang='lat' dir='ltr'>in</span> <span class='ocrx_word' id='word_1_251' title='bbox 1383 4933 1632 5004; x_wconf 87' lang='lat' dir='ltr'>speciem</span> <span class='ocrx_word' id='word_1_252' title='bbox 1666 4941 1893 4992; x_wconf 87' lang='lat' dir='ltr'>tantum</span> 
     </span>
    </p>
   </div>
   <div class='ocr_carea' id='block_1_53' title="bbox 391 5023 1880 5097">
    <p class='ocr_par' dir='ltr' id='par_1_53' title="bbox 391 5023 1880 5097">
     <span class='ocr_line' id='line_1_53' title="bbox 391 5023 1880 5097; baseline 0.001 -17"><span class='ocrx_word' id='word_1_253' title='bbox 391 5029 698 5097; x_wconf 86' lang='lat' dir='ltr'>postquam</span> <span class='ocrx_word' id='word_1_254' title='bbox 732 5041 795 5080; x_wconf 90' lang='lat' dir='ltr'>se</span> <span class='ocrx_word' id='word_1_255' title='bbox 826 5024 986 5080; x_wconf 90' lang='lat' dir='ltr'>brevi</span> <span class='ocrx_word' id='word_1_256' title='bbox 1017 5029 1317 5079; x_wconf 88' lang='lat' dir='ltr'>armatum</span> <span class='ocrx_word' id='word_1_257' title='bbox 1346 5023 1604 5078; x_wconf 90' lang='lat' dir='ltr'>ostendit</span> <span class='ocrx_word' id='word_1_258' title='bbox 1635 5023 1880 5093; x_wconf 87' lang='lat' dir='ltr'>civibus,</span> 
     </span>
    </p>
   </div>
   <div class='ocr_carea' id='block_1_54' title="bbox 395 5111 1589 5184">
    <p class='ocr_par' dir='ltr' id='par_1_54' title="bbox 395 5111 1589 5184">
     <span class='ocr_line' id='line_1_54' title="bbox 395 5111 1589 5184; baseline -0.002 -16"><span class='ocrx_word' id='word_1_259' title='bbox 395 5111 560 5168; x_wconf 88' lang='lat' dir='ltr'>nulla</span> <span class='ocrx_word' id='word_1_260' title='bbox 589 5127 650 5167; x_wconf 90' lang='lat' dir='ltr'>re</span> <span class='ocrx_word' id='word_1_261' title='bbox 682 5114 861 5184; x_wconf 83' lang='lat' dir='ltr'>digna</span> <span class='ocrx_word' id='word_1_262' title='bbox 891 5115 1055 5184; x_wconf 87' lang='lat' dir='ltr'>gesta</span> <span class='ocrx_word' id='word_1_263' title='bbox 1086 5111 1324 5167; x_wconf 89' lang='lat' dir='ltr'>recessit</span> <span class='ocrx_word' id='word_1_264' title='bbox 1346 5111 1589 5182; x_wconf 89' lang='lat' dir='ltr'>statim;</span> 
     </span>
    </p>
   </div>
   <div class='ocr_carea' id='block_1_55' title="bbox 389 5200 1782 5273">
    <p class='ocr_par' dir='ltr' id='par_1_55' title="bbox 389 5200 1782 5273">
     <span class='ocr_line' id='line_1_55' title="bbox 389 5200 1782 5273; baseline 0.001 -16"><span class='ocrx_word' id='word_1_265' title='bbox 389 5207 445 5257; x_wconf 89' lang='lat' dir='ltr'>et</span> <span class='ocrx_word' id='word_1_266' title='bbox 476 5200 575 5272; x_wconf 88' lang='lat' dir='ltr'>qui</span> <span class='ocrx_word' id='word_1_267' title='bbox 599 5202 909 5271; x_wconf 89' lang='lat' dir='ltr'>jucundus</span> <span class='ocrx_word' id='word_1_268' title='bbox 931 5218 1116 5273; x_wconf 91' lang='lat' dir='ltr'>nuper</span> <span class='ocrx_word' id='word_1_269' title='bbox 1139 5201 1194 5255; x_wconf 88' lang='lat' dir='ltr'>in</span> <span class='ocrx_word' id='word_1_270' title='bbox 1233 5200 1495 5272; x_wconf 68' lang='lat' dir='ltr'>prwlium</span> <span class='ocrx_word' id='word_1_271' title='bbox 1527 5207 1782 5272; x_wconf 87' lang='lat' dir='ltr'>venerat,</span> 
     </span>
    </p>
   </div>
   <div class='ocr_carea' id='block_1_56' title="bbox 393 5290 1647 5363">
    <p class='ocr_par' dir='ltr' id='par_1_56' title="bbox 393 5290 1647 5363">
     <span class='ocr_line' id='line_1_56' title="bbox 393 5290 1647 5363; baseline 0 -17"><span class='ocrx_word' id='word_1_272' title='bbox 393 5308 526 5346; x_wconf 84' lang='lat' dir='ltr'>mox</span> <span class='ocrx_word' id='word_1_273' title='bbox 559 5291 888 5363; x_wconf 89' lang='lat' dir='ltr'>ignominia</span> <span class='ocrx_word' id='word_1_274' title='bbox 918 5292 1127 5360; x_wconf 87' lang='lat' dir='ltr'>plenus</span> <span class='ocrx_word' id='word_1_275' title='bbox 1159 5308 1227 5346; x_wconf 85' lang='lat' dir='ltr'>ex</span> <span class='ocrx_word' id='word_1_276' title='bbox 1259 5307 1324 5344; x_wconf 90' lang='lat' dir='ltr'>eo</span> <span class='ocrx_word' id='word_1_277' title='bbox 1351 5290 1647 5358; x_wconf 84' lang='lat' dir='ltr'>disce-sit,</span> 
     </span>
    </p>
   </div>
   <div class='ocr_carea' id='block_1_57' title="bbox 389 5379 1408 5443">
    <p class='ocr_par' dir='ltr' id='par_1_57' title="bbox 389 5379 1408 5443">
     <span class='ocr_line' id='line_1_57' title="bbox 389 5379 1408 5443; baseline -0.003 -7"><span class='ocrx_word' id='word_1_278' title='bbox 389 5385 558 5436; x_wconf 77' lang='lat' dir='ltr'>aucta</span> <span class='ocrx_word' id='word_1_279' title='bbox 587 5380 807 5437; x_wconf 86' lang='lat' dir='ltr'>Latinis</span> <span class='ocrx_word' id='word_1_280' title='bbox 839 5380 1110 5435; x_wconf 89' lang='lat' dir='ltr'>hostibus</span> <span class='ocrx_word' id='word_1_281' title='bbox 1143 5379 1408 5443; x_wconf 89' lang='lat' dir='ltr'>audacia,</span> 
     </span>
    </p>
   </div>
   <div class='ocr_carea' id='block_1_58' title="bbox 395 5467 1530 5542">
    <p class='ocr_par' dir='ltr' id='par_1_58' title="bbox 395 5467 1530 5542">
     <span class='ocr_line' id='line_1_58' title="bbox 395 5467 1530 5542; baseline -0.004 -17"><span class='ocrx_word' id='word_1_282' title='bbox 395 5476 537 5526; x_wconf 72' lang='lat' dir='ltr'>(lum</span> <span class='ocrx_word' id='word_1_283' title='bbox 563 5470 876 5542; x_wconf 88' lang='lat' dir='ltr'>recepisset</span> <span class='ocrx_word' id='word_1_284' title='bbox 906 5485 1042 5541; x_wconf 81' lang='lat' dir='ltr'>ergo</span> <span class='ocrx_word' id='word_1_285' title='bbox 1068 5487 1129 5524; x_wconf 89' lang='lat' dir='ltr'>se</span> <span class='ocrx_word' id='word_1_286' title='bbox 1159 5468 1216 5522; x_wconf 89' lang='lat' dir='ltr'>in</span> <span class='ocrx_word' id='word_1_287' title='bbox 1250 5467 1530 5539; x_wconf 87' lang='lat' dir='ltr'>palatium</span> 
     </span>
    </p>
   </div>
   <div class='ocr_carea' id='block_1_59' title="bbox 401 5555 1562 5628">
    <p class='ocr_par' dir='ltr' id='par_1_59' title="bbox 401 5555 1562 5628">
     <span class='ocr_line' id='line_1_59' title="bbox 401 5555 1562 5628; baseline -0.003 -13"><span class='ocrx_word' id='word_1_288' title='bbox 401 5562 698 5616; x_wconf 71' lang='lat' dir='ltr'>ltomanus</span> <span class='ocrx_word' id='word_1_289' title='bbox 725 5560 917 5614; x_wconf 72' lang='lat' dir='ltr'>Caesar</span> <span class='ocrx_word' id='word_1_290' title='bbox 947 5561 1280 5613; x_wconf 84' lang='lat' dir='ltr'>Comncnus</span> <span class='ocrx_word' id='word_1_291' title='bbox 1305 5555 1562 5628; x_wconf 83' lang='lat' dir='ltr'>Aloxius,</span> 
     </span>
    </p>
   </div>
   <div class='ocr_carea' id='block_1_60' title="bbox 401 5646 1494 5706">
    <p class='ocr_par' dir='ltr' id='par_1_60' title="bbox 401 5646 1494 5706">
     <span class='ocr_line' id='line_1_60' title="bbox 401 5646 1494 5706; baseline -0.002 -4"><span class='ocrx_word' id='word_1_292' title='bbox 401 5649 543 5704; x_wconf 85' lang='lat' dir='ltr'>utile</span> <span class='ocrx_word' id='word_1_293' title='bbox 573 5647 686 5706; x_wconf 87' lang='lat' dir='ltr'>sibi</span> <span class='ocrx_word' id='word_1_294' title='bbox 717 5649 949 5706; x_wconf 83' lang='lat' dir='ltr'>censuit</span> <span class='ocrx_word' id='word_1_295' title='bbox 977 5666 1044 5706; x_wconf 85' lang='lat' dir='ltr'>ac</span> <span class='ocrx_word' id='word_1_296' title='bbox 1076 5646 1494 5704; x_wconf 81' lang='lat' dir='ltr'>necessarium.</span> 
     </span>
    </p>
   </div>
   <div class='ocr_carea' id='block_1_61' title="bbox 2053 448 3362 527">
    <p class='ocr_par' dir='ltr' id='par_1_61' title="bbox 2053 448 3362 527">
     <span class='ocr_line' id='line_1_61' title="bbox 2053 448 3362 527; baseline -0.008 -12"><span class='ocrx_word' id='word_1_297' title='bbox 2053 461 2107 527; x_wconf 80' lang='grc' dir='ltr'><strong>Α</strong></span> <span class='ocrx_word' id='word_1_298' title='bbox 2135 458 2277 514; x_wconf 85' lang='grc'>6810</span> <span class='ocrx_word' id='word_1_299' title='bbox 2317 450 2722 508; x_wconf 82' lang='grc' dir='ltr'>Συνεπλέκοντο</span> <span class='ocrx_word' id='word_1_300' title='bbox 2755 450 3007 513; x_wconf 76' lang='grc' dir='ltr'>Λατίνοις</span> <span class='ocrx_word' id='word_1_301' title='bbox 3042 448 3362 525; x_wconf 74' lang='grc' dir='ltr'>εὐκαρδίως·</span> 
     </span>
    </p>
   </div>
   <div class='ocr_carea' id='block_1_62' title="bbox 2307 536 3447 614">
    <p class='ocr_par' dir='ltr' id='par_1_62' title="bbox 2307 536 3447 614">
     <span class='ocr_line' id='line_1_62' title="bbox 2307 536 3447 614; baseline -0.001 -19"><span class='ocrx_word' id='word_1_302' title='bbox 2307 542 2382 598; x_wconf 87' lang='grc' dir='ltr'>Τὸ</span> <span class='ocrx_word' id='word_1_303' title='bbox 2415 542 2510 613; x_wconf 75' lang='grc' dir='ltr'>μὲν</span> <span class='ocrx_word' id='word_1_304' title='bbox 2542 538 2956 614; x_wconf 87' lang='grc' dir='ltr'>παριστάνοντες</span> <span class='ocrx_word' id='word_1_305' title='bbox 2991 539 3066 601; x_wconf 87' lang='grc' dir='ltr'>ὡς</span> <span class='ocrx_word' id='word_1_306' title='bbox 3098 536 3248 594; x_wconf 73' lang='grc' dir='ltr'>ἔνδον</span> <span class='ocrx_word' id='word_1_307' title='bbox 3281 537 3447 602; x_wconf 85' lang='grc' dir='ltr'>πόλις</span> 
     </span>
    </p>
   </div>
   <div class='ocr_carea' id='block_1_63' title="bbox 2309 627 3428 706">
    <p class='ocr_par' dir='ltr' id='par_1_63' title="bbox 2309 627 3428 706">
     <span class='ocr_line' id='line_1_63' title="bbox 2309 627 3428 706; baseline -0.004 -18"><span class='ocrx_word' id='word_1_308' title='bbox 2309 629 2626 688; x_wconf 85' lang='grc' dir='ltr'>Ὁπλιτικὸν</span> <span class='ocrx_word' id='word_1_309' title='bbox 2665 629 2937 704; x_wconf 84' lang='grc' dir='ltr'>μάχιμον,</span> <span class='ocrx_word' id='word_1_310' title='bbox 2973 627 3216 692; x_wconf 68' lang='grc' dir='ltr'>εὐσθενὲς</span> <span class='ocrx_word' id='word_1_311' title='bbox 3258 629 3428 706; x_wconf 75' lang='grc' dir='ltr'>φέρει,</span> 
     </span>
    </p>
   </div>
   <div class='ocr_carea' id='block_1_64' title="bbox 2308 717 3440 794">
    <p class='ocr_par' dir='ltr' id='par_1_64' title="bbox 2308 717 3440 794">
     <span class='ocr_line' id='line_1_64' title="bbox 2308 717 3440 774; baseline 0 -38"><span class='ocrx_word' id='word_1_312' title='bbox 2308 721 2369 774; x_wconf 71' lang='lat' dir='ltr'>T‘</span> <span class='ocrx_word' id='word_1_313' title='bbox 2416 717 2459 740; x_wconf 61' lang='lat' dir='ltr'><strong>Ny</strong></span> <span class='ocrx_word' id='word_1_314' title='bbox 2519 717 2547 736; x_wconf 67' lang='grc' dir='ltr'><em>Ὗ</em></span> <span class='ocrx_word' id='word_1_315' title='bbox 2714 723 2740 731; x_wconf 66' lang='grc' dir='ltr'>ι·</span> <span class='ocrx_word' id='word_1_316' title='bbox 2819 718 2832 736; x_wconf 66' lang='grc' dir='ltr'><em>Ἴ</em></span> <span class='ocrx_word' id='word_1_317' title='bbox 2961 717 2972 734; x_wconf 68' lang='grc' dir='ltr'><strong><em>Ι</em></strong></span> <span class='ocrx_word' id='word_1_318' title='bbox 3179 718 3192 737; x_wconf 69' lang='grc'>9</span> <span class='ocrx_word' id='word_1_319' title='bbox 3277 717 3299 736; x_wconf 56' lang='grc' dir='ltr'><strong><em>Ν</em></strong></span> <span class='ocrx_word' id='word_1_320' title='bbox 3347 718 3358 736; x_wconf 81' lang='grc' dir='ltr'><strong><em>Ι</em></strong></span> <span class='ocrx_word' id='word_1_321' title='bbox 3428 738 3440 750; x_wconf 60' lang='grc' dir='ltr'><strong>ο</strong></span> 
     </span>
     <span class='ocr_line' id='line_1_65' title="bbox 2351 720 3422 794; baseline -0.002 -20"><span class='ocrx_word' id='word_1_322' title='bbox 2351 741 2378 774; x_wconf 92' lang='grc' dir='ltr'>ο</span> <span class='ocrx_word' id='word_1_323' title='bbox 2412 735 2439 774; x_wconf 90' lang='lat' dir='ltr'>o</span> <span class='ocrx_word' id='word_1_324' title='bbox 2486 740 2550 774; x_wconf 90' lang='grc' dir='ltr'>αυ</span> <span class='ocrx_word' id='word_1_325' title='bbox 2581 720 2781 773; x_wconf 81' lang='grc' dir='ltr'>έαυτων</span> <span class='ocrx_word' id='word_1_326' title='bbox 2816 737 2866 772; x_wconf 86' lang='grc' dir='ltr'>εν</span> <span class='ocrx_word' id='word_1_327' title='bbox 2904 737 3112 793; x_wconf 72' lang='grc' dir='ltr'>μάχαις</span> <span class='ocrx_word' id='word_1_328' title='bbox 3144 731 3422 794; x_wconf 81' lang='grc' dir='ltr'>ευανδριαν</span> 
     </span>
    </p>
   </div>
   <div class='ocr_carea' id='block_1_65' title="bbox 2305 807 3508 882">
    <p class='ocr_par' dir='ltr' id='par_1_65' title="bbox 2305 807 3508 882">
     <span class='ocr_line' id='line_1_66' title="bbox 2305 807 3508 882; baseline 0 -18"><span class='ocrx_word' id='word_1_329' title='bbox 2305 809 2474 866; x_wconf 80' lang='grc' dir='ltr'>¹Ηνίκ’</span> <span class='ocrx_word' id='word_1_330' title='bbox 2507 808 2687 880; x_wconf 78' lang='grc' dir='ltr'>ἀθρεῖν</span> <span class='ocrx_word' id='word_1_331' title='bbox 2720 807 2784 876; x_wconf 77' lang='grc' dir='ltr'>ἦν</span> <span class='ocrx_word' id='word_1_332' title='bbox 2820 807 2919 862; x_wconf 85' lang='grc' dir='ltr'>οὐκ</span> <span class='ocrx_word' id='word_1_333' title='bbox 2951 809 3149 882; x_wconf 82' lang='grc' dir='ltr'>ἀγεννῆ</span> <span class='ocrx_word' id='word_1_334' title='bbox 3181 808 3229 862; x_wconf 88' lang='grc' dir='ltr'>τ’</span> <span class='ocrx_word' id='word_1_335' title='bbox 3258 807 3508 865; x_wconf 78' lang='grc' dir='ltr'>Αὐσόνων</span> 
     </span>
    </p>
   </div>
   <div class='ocr_carea' id='block_1_66' title="bbox 2131 893 3246 972">
    <p class='ocr_par' dir='ltr' id='par_1_66' title="bbox 2131 893 3246 972">
     <span class='ocr_line' id='line_1_67' title="bbox 2131 893 3246 972; baseline -0.007 -15"><span class='ocrx_word' id='word_1_336' title='bbox 2131 901 2274 956; x_wconf 87' lang='grc'>6815</span> <span class='ocrx_word' id='word_1_337' title='bbox 2311 896 2444 955; x_wconf 89' lang='grc' dir='ltr'>Οὐδ’</span> <span class='ocrx_word' id='word_1_338' title='bbox 2469 897 2692 972; x_wconf 85' lang='grc' dir='ltr'>ἀρεϊκῆς</span> <span class='ocrx_word' id='word_1_339' title='bbox 2725 893 3082 972; x_wconf 77' lang='grc' dir='ltr'>ἀνδραγαθίας</span> <span class='ocrx_word' id='word_1_340' title='bbox 3114 895 3246 966; x_wconf 77' lang='grc' dir='ltr'>ξένα·</span> 
     </span>
    </p>
   </div>
   <div class='ocr_carea' id='block_1_67' title="bbox 2311 981 3511 1063">
    <p class='ocr_par' dir='ltr' id='par_1_67' title="bbox 2311 981 3511 1063">
     <span class='ocr_line' id='line_1_68' title="bbox 2311 981 3511 1063; baseline -0.002 -19"><span class='ocrx_word' id='word_1_341' title='bbox 2311 988 2418 1044; x_wconf 82' lang='grc' dir='ltr'>Καὶ</span> <span class='ocrx_word' id='word_1_342' title='bbox 2453 985 2667 1058; x_wconf 80' lang='grc' dir='ltr'>μᾶλλον</span> <span class='ocrx_word' id='word_1_343' title='bbox 2702 982 2826 1040; x_wconf 78' lang='grc' dir='ltr'>ἔνθα</span> <span class='ocrx_word' id='word_1_344' title='bbox 2855 981 3107 1063; x_wconf 74' lang='grc' dir='ltr'>γαμϐρδς</span> <span class='ocrx_word' id='word_1_345' title='bbox 3137 987 3203 1056; x_wconf 75' lang='grc' dir='ltr'>ἧν</span> <span class='ocrx_word' id='word_1_346' title='bbox 3239 984 3511 1062; x_wconf 78' lang='grc' dir='ltr'>βασιλέως</span> 
     </span>
    </p>
   </div>
   <div class='ocr_carea' id='block_1_68' title="bbox 2313 1073 3495 1151">
    <p class='ocr_par' dir='ltr' id='par_1_68' title="bbox 2313 1073 3495 1151">
     <span class='ocr_line' id='line_1_69' title="bbox 2313 1073 3495 1151; baseline 0 -20"><span class='ocrx_word' id='word_1_347' title='bbox 2313 1077 2511 1151; x_wconf 80' lang='grc' dir='ltr'>Μάχας</span> <span class='ocrx_word' id='word_1_348' title='bbox 2541 1073 2856 1151; x_wconf 78' lang='grc' dir='ltr'>στρατηγῶν</span> <span class='ocrx_word' id='word_1_349' title='bbox 2886 1076 2974 1130; x_wconf 83' lang='grc' dir='ltr'>καὶ</span> <span class='ocrx_word' id='word_1_350' title='bbox 3008 1073 3298 1132; x_wconf 78' lang='grc' dir='ltr'>διευθύνων</span> <span class='ocrx_word' id='word_1_351' title='bbox 3331 1078 3495 1149; x_wconf 79' lang='grc' dir='ltr'>ξένως</span> 
     </span>
    </p>
   </div>
   <div class='ocr_carea' id='block_1_69' title="bbox 2311 1163 3419 1241">
    <p class='ocr_par' dir='ltr' id='par_1_69' title="bbox 2311 1163 3419 1241">
     <span class='ocr_line' id='line_1_70' title="bbox 2311 1163 3419 1241; baseline -0.001 -21"><span class='ocrx_word' id='word_1_352' title='bbox 2311 1163 2592 1240; x_wconf 76' lang='grc' dir='ltr'>Θεόδωρος</span> <span class='ocrx_word' id='word_1_353' title='bbox 2628 1164 2895 1240; x_wconf 86' lang='grc' dir='ltr'>Λάσκαρις</span> <span class='ocrx_word' id='word_1_354' title='bbox 2930 1165 2981 1220; x_wconf 89' lang='grc' dir='ltr'>έν</span> <span class='ocrx_word' id='word_1_355' title='bbox 3018 1167 3227 1241; x_wconf 78' lang='grc' dir='ltr'>μάχαις</span> <span class='ocrx_word' id='word_1_356' title='bbox 3259 1165 3419 1224; x_wconf 89' lang='grc' dir='ltr'>λέων.</span> 
     </span>
    </p>
   </div>
   <div class='ocr_carea' id='block_1_70' title="bbox 2312 1251 3402 1329">
    <p class='ocr_par' dir='ltr' id='par_1_70' title="bbox 2312 1251 3402 1329">
     <span class='ocr_line' id='line_1_71' title="bbox 2312 1251 3402 1329; baseline -0.001 -19"><span class='ocrx_word' id='word_1_357' title='bbox 2312 1255 2483 1316; x_wconf 81' lang='grc' dir='ltr'>Οὗτος</span> <span class='ocrx_word' id='word_1_358' title='bbox 2513 1251 2831 1309; x_wconf 83' lang='grc' dir='ltr'>τολυπεύων</span> <span class='ocrx_word' id='word_1_359' title='bbox 2865 1253 2966 1329; x_wconf 75' lang='grc' dir='ltr'>γὰρ</span> <span class='ocrx_word' id='word_1_360' title='bbox 2999 1254 3188 1328; x_wconf 81' lang='grc' dir='ltr'>ἄριστα</span> <span class='ocrx_word' id='word_1_361' title='bbox 3223 1254 3402 1329; x_wconf 80' lang='grc' dir='ltr'>μάχας</span> 
     </span>
    </p>
   </div>
   <div class='ocr_carea' id='block_1_71' title="bbox 2132 1349 3515 1423">
    <p class='ocr_par' dir='ltr' id='par_1_71' title="bbox 2132 1349 3515 1423">
     <span class='ocr_line' id='line_1_72' title="bbox 2132 1349 3515 1423; baseline 0.001 -16"><span class='ocrx_word' id='word_1_362' title='bbox 2132 1355 2274 1410; x_wconf 82' lang='grc'>6820</span> <span class='ocrx_word' id='word_1_363' title='bbox 2312 1352 2612 1423; x_wconf 79' lang='grc' dir='ltr'>Ἔπληττε,</span> <span class='ocrx_word' id='word_1_364' title='bbox 2643 1349 2984 1422; x_wconf 83' lang='grc' dir='ltr'>κατέπληττε</span> <span class='ocrx_word' id='word_1_365' title='bbox 3014 1355 3138 1414; x_wconf 83' lang='grc' dir='ltr'>τοὺς</span> <span class='ocrx_word' id='word_1_366' title='bbox 3167 1353 3515 1416; x_wconf 78' lang='grc' dir='ltr'>ἀντιπάλους·</span> 
     </span>
    </p>
   </div>
   <div class='ocr_carea' id='block_1_72' title="bbox 2314 1441 3518 1516">
    <p class='ocr_par' dir='ltr' id='par_1_72' title="bbox 2314 1441 3518 1516">
     <span class='ocr_line' id='line_1_73' title="bbox 2314 1441 3518 1516; baseline 0 -20"><span class='ocrx_word' id='word_1_367' title='bbox 2314 1441 2678 1514; x_wconf 75' lang='grc' dir='ltr'>Συσπειραθὶν</span> <span class='ocrx_word' id='word_1_368' title='bbox 2713 1443 3021 1516; x_wconf 84' lang='grc' dir='ltr'>στράτευμα</span> <span class='ocrx_word' id='word_1_369' title='bbox 3049 1441 3244 1496; x_wconf 86' lang='grc' dir='ltr'>λοιπὸν</span> <span class='ocrx_word' id='word_1_370' title='bbox 3273 1441 3518 1496; x_wconf 80' lang='grc' dir='ltr'>Λατίνων</span> 
     </span>
    </p>
   </div>
   <div class='ocr_carea' id='block_1_73' title="bbox 2311 1526 3472 1605">
    <p class='ocr_par' dir='ltr' id='par_1_73' title="bbox 2311 1526 3472 1605">
     <span class='ocr_line' id='line_1_74' title="bbox 2311 1526 3472 1605; baseline 0 -21"><span class='ocrx_word' id='word_1_371' title='bbox 2311 1532 2573 1605; x_wconf 85' lang='grc' dir='ltr'>Χερσαῖον</span> <span class='ocrx_word' id='word_1_372' title='bbox 2611 1526 2832 1603; x_wconf 82' lang='grc' dir='ltr'>ὐδραῖόν</span> <span class='ocrx_word' id='word_1_373' title='bbox 2861 1549 2937 1601; x_wconf 77' lang='grc' dir='ltr'>τε,</span> <span class='ocrx_word' id='word_1_374' title='bbox 2970 1533 3067 1604; x_wconf 73' lang='grc' dir='ltr'>φεῦ</span> <span class='ocrx_word' id='word_1_375' title='bbox 3105 1536 3206 1598; x_wconf 81' lang='grc' dir='ltr'>τῆς</span> <span class='ocrx_word' id='word_1_376' title='bbox 3241 1529 3472 1602; x_wconf 78' lang='grc' dir='ltr'>μανίαςί</span> 
     </span>
    </p>
   </div>
   <div class='ocr_carea' id='block_1_74' title="bbox 2310 1614 3545 1694">
    <p class='ocr_par' dir='ltr' id='par_1_74' title="bbox 2310 1614 3545 1694">
     <span class='ocr_line' id='line_1_75' title="bbox 2310 1614 3545 1694; baseline -0.002 -20"><span class='ocrx_word' id='word_1_377' title='bbox 2310 1621 2549 1694; x_wconf 83' lang='grc' dir='ltr'>Ἕγνωκε</span> <span class='ocrx_word' id='word_1_378' title='bbox 2581 1615 2693 1672; x_wconf 83' lang='grc' dir='ltr'>δεῖν</span> <span class='ocrx_word' id='word_1_379' title='bbox 2723 1639 2842 1680; x_wconf 84' lang='grc' dir='ltr'>πως</span> <span class='ocrx_word' id='word_1_380' title='bbox 2871 1614 3204 1691; x_wconf 77' lang='grc' dir='ltr'>προσϐαλεῖν</span> <span class='ocrx_word' id='word_1_381' title='bbox 3237 1617 3545 1687; x_wconf 86' lang='grc' dir='ltr'>Βυζαντίδι·</span> 
     </span>
    </p>
   </div>
   <div class='ocr_carea' id='block_1_75' title="bbox 2307 1703 3487 1781">
    <p class='ocr_par' dir='ltr' id='par_1_75' title="bbox 2307 1703 3487 1781">
     <span class='ocr_line' id='line_1_76' title="bbox 2307 1703 3487 1781; baseline -0.001 -18"><span class='ocrx_word' id='word_1_382' title='bbox 2307 1710 2403 1765; x_wconf 75' lang='grc' dir='ltr'>“Ιν’</span> <span class='ocrx_word' id='word_1_383' title='bbox 2435 1707 2484 1762; x_wconf 79' lang='grc' dir='ltr'>εἷ’</span> <span class='ocrx_word' id='word_1_384' title='bbox 2511 1709 2605 1780; x_wconf 74' lang='grc' dir='ltr'>μὲν</span> <span class='ocrx_word' id='word_1_385' title='bbox 2641 1707 2903 1781; x_wconf 77' lang='grc' dir='ltr'>ἰσχύσειν·</span> <span class='ocrx_word' id='word_1_386' title='bbox 2940 1706 2984 1762; x_wconf 81' lang='grc' dir='ltr'>εί</span> <span class='ocrx_word' id='word_1_387' title='bbox 3018 1705 3063 1762; x_wconf 89' lang='grc' dir='ltr'>δ’</span> <span class='ocrx_word' id='word_1_388' title='bbox 3095 1706 3210 1775; x_wconf 78' lang='grc' dir='ltr'>οὖν,</span> <span class='ocrx_word' id='word_1_389' title='bbox 3240 1703 3487 1771; x_wconf 74' lang='grc' dir='ltr'>συϐάσεις</span> 
     </span>
    </p>
   </div>
   <div class='ocr_carea' id='block_1_76' title="bbox 2133 1795 3392 1872">
    <p class='ocr_par' dir='ltr' id='par_1_76' title="bbox 2133 1795 3392 1872">
     <span class='ocr_line' id='line_1_77' title="bbox 2133 1795 3392 1872; baseline -0.002 -18"><span class='ocrx_word' id='word_1_390' title='bbox 2133 1800 2278 1854; x_wconf 84' lang='grc'>6825</span> <span class='ocrx_word' id='word_1_391' title='bbox 2316 1799 2545 1870; x_wconf 83' lang='grc' dir='ltr'>Δράσαν,</span> <span class='ocrx_word' id='word_1_392' title='bbox 2578 1797 2712 1872; x_wconf 79' lang='grc' dir='ltr'>ἀπίῃ</span> <span class='ocrx_word' id='word_1_393' title='bbox 2745 1797 2880 1870; x_wconf 85' lang='grc' dir='ltr'>πρὸς</span> <span class='ocrx_word' id='word_1_394' title='bbox 2910 1795 3201 1860; x_wconf 74' lang='grc' dir='ltr'>κελεύθους</span> <span class='ocrx_word' id='word_1_395' title='bbox 3231 1795 3392 1859; x_wconf 82' lang='grc' dir='ltr'>ἰδίας·</span> 
     </span>
    </p>
   </div>
   <div class='ocr_carea' id='block_1_77' title="bbox 2315 1883 3431 1960">
    <p class='ocr_par' dir='ltr' id='par_1_77' title="bbox 2315 1883 3431 1960">
     <span class='ocr_line' id='line_1_78' title="bbox 2315 1883 3431 1960; baseline 0 -21"><span class='ocrx_word' id='word_1_396' title='bbox 2315 1888 2381 1944; x_wconf 76' lang='grc' dir='ltr'>Οἱ</span> <span class='ocrx_word' id='word_1_397' title='bbox 2418 1889 2510 1959; x_wconf 77' lang='grc' dir='ltr'>μὲν</span> <span class='ocrx_word' id='word_1_398' title='bbox 2542 1883 2806 1940; x_wconf 81' lang='grc' dir='ltr'>τολοιπὸν</span> <span class='ocrx_word' id='word_1_399' title='bbox 2838 1885 3160 1960; x_wconf 84' lang='grc' dir='ltr'>ἀντιμάχων</span> <span class='ocrx_word' id='word_1_400' title='bbox 3189 1886 3431 1941; x_wconf 81' lang='grc' dir='ltr'>Λατίνων</span> 
     </span>
    </p>
   </div>
   <div class='ocr_carea' id='block_1_78' title="bbox 2315 1972 3419 2051">
    <p class='ocr_par' dir='ltr' id='par_1_78' title="bbox 2315 1972 3419 2051">
     <span class='ocr_line' id='line_1_79' title="bbox 2315 1972 3419 2051; baseline -0.002 -21"><span class='ocrx_word' id='word_1_401' title='bbox 2315 1973 2495 2030; x_wconf 81' lang='grc' dir='ltr'>Πλοῖα</span> <span class='ocrx_word' id='word_1_402' title='bbox 2525 1972 2777 2051; x_wconf 75' lang='grc' dir='ltr'>φέροντες</span> <span class='ocrx_word' id='word_1_403' title='bbox 2806 1975 2983 2028; x_wconf 74' lang='grc' dir='ltr'>ἰστᾶσι</span> <span class='ocrx_word' id='word_1_404' title='bbox 3015 1976 3122 2048; x_wconf 89' lang='grc' dir='ltr'>πρὸ</span> <span class='ocrx_word' id='word_1_405' title='bbox 3155 1975 3419 2051; x_wconf 84' lang='grc' dir='ltr'>Πετρίων,</span> 
     </span>
    </p>
   </div>
   <div class='ocr_carea' id='block_1_79' title="bbox 2315 2062 3388 2139">
    <p class='ocr_par' dir='ltr' id='par_1_79' title="bbox 2315 2062 3388 2139">
     <span class='ocr_line' id='line_1_80' title="bbox 2315 2062 3388 2139; baseline 0.002 -21"><span class='ocrx_word' id='word_1_406' title='bbox 2315 2065 2413 2118; x_wconf 80' lang='grc' dir='ltr'>Διά</span> <span class='ocrx_word' id='word_1_407' title='bbox 2437 2064 2619 2120; x_wconf 88' lang='grc' dir='ltr'>κάλων</span> <span class='ocrx_word' id='word_1_408' title='bbox 2652 2063 2927 2136; x_wconf 84' lang='grc' dir='ltr'>κλίμακας</span> <span class='ocrx_word' id='word_1_409' title='bbox 2964 2062 3185 2139; x_wconf 73' lang='grc' dir='ltr'>ἴσχοντα</span> <span class='ocrx_word' id='word_1_410' title='bbox 3215 2063 3388 2136; x_wconf 83' lang='grc' dir='ltr'>ξένας,</span> 
     </span>
    </p>
   </div>
   <div class='ocr_carea' id='block_1_80' title="bbox 2311 2151 3570 2228">
    <p class='ocr_par' dir='ltr' id='par_1_80' title="bbox 2311 2151 3570 2228">
     <span class='ocr_line' id='line_1_81' title="bbox 2311 2151 3570 2228; baseline -0.002 -19"><span class='ocrx_word' id='word_1_411' title='bbox 2311 2155 2505 2216; x_wconf 72' lang='grc' dir='ltr'>’[στοῖς</span> <span class='ocrx_word' id='word_1_412' title='bbox 2544 2153 2682 2228; x_wconf 89' lang='grc' dir='ltr'>πρὸς</span> <span class='ocrx_word' id='word_1_413' title='bbox 2713 2151 2847 2226; x_wconf 76' lang='grc' dir='ltr'>ὕψος</span> <span class='ocrx_word' id='word_1_414' title='bbox 2880 2152 3152 2228; x_wconf 89' lang='grc' dir='ltr'>εὐτέχνως</span> <span class='ocrx_word' id='word_1_415' title='bbox 3179 2151 3570 2227; x_wconf 73' lang='grc' dir='ltr'>συνδουμέναςο</span> 
     </span>
    </p>
   </div>
   <div class='ocr_carea' id='block_1_81' title="bbox 2139 2241 3354 2317">
    <p class='ocr_par' dir='ltr' id='par_1_81' title="bbox 2139 2241 3354 2317">
     <span class='ocr_line' id='line_1_82' title="bbox 2139 2241 3354 2317; baseline -0.003 -15"><span class='ocrx_word' id='word_1_416' title='bbox 2139 2247 2284 2301; x_wconf 88' lang='grc'>6830</span> <span class='ocrx_word' id='word_1_417' title='bbox 2321 2244 2390 2299; x_wconf 69' lang='grc' dir='ltr'>Οἱ</span> <span class='ocrx_word' id='word_1_418' title='bbox 2423 2241 2479 2297; x_wconf 77' lang='grc' dir='ltr'>δὲ</span> <span class='ocrx_word' id='word_1_419' title='bbox 2509 2243 2662 2317; x_wconf 84' lang='grc' dir='ltr'>κριὸν</span> <span class='ocrx_word' id='word_1_420' title='bbox 2695 2242 2954 2316; x_wconf 73' lang='grc' dir='ltr'>τεόχουσι</span> <span class='ocrx_word' id='word_1_421' title='bbox 2990 2245 3354 2317; x_wconf 79' lang='grc' dir='ltr'>μηχανήματι</span> 
     </span>
    </p>
   </div>
   <div class='ocr_carea' id='block_1_82' title="bbox 2315 2330 3379 2406">
    <p class='ocr_par' dir='ltr' id='par_1_82' title="bbox 2315 2330 3379 2406">
     <span class='ocr_line' id='line_1_83' title="bbox 2315 2330 3379 2406; baseline 0 -20"><span class='ocrx_word' id='word_1_422' title='bbox 2315 2330 2696 2406; x_wconf 82' lang='grc' dir='ltr'>Καθαιρετικὸν</span> <span class='ocrx_word' id='word_1_423' title='bbox 2730 2331 2959 2406; x_wconf 88' lang='grc' dir='ltr'>τειχέων</span> <span class='ocrx_word' id='word_1_424' title='bbox 2991 2330 3379 2404; x_wconf 76' lang='grc' dir='ltr'>πολισμάτων·</span> 
     </span>
    </p>
   </div>
   <div class='ocr_carea' id='block_1_83' title="bbox 2317 2417 3460 2496">
    <p class='ocr_par' dir='ltr' id='par_1_83' title="bbox 2317 2417 3460 2496">
     <span class='ocr_line' id='line_1_84' title="bbox 2317 2417 3460 2496; baseline 0.001 -21"><span class='ocrx_word' id='word_1_425' title='bbox 2317 2419 2515 2492; x_wconf 81' lang='grc' dir='ltr'>Κύκλῳ</span> <span class='ocrx_word' id='word_1_426' title='bbox 2540 2421 2963 2493; x_wconf 76' lang='grc' dir='ltr'>περιστήσαντες</span> <span class='ocrx_word' id='word_1_427' title='bbox 2995 2417 3195 2496; x_wconf 82' lang='grc' dir='ltr'>ἄνδρας</span> <span class='ocrx_word' id='word_1_428' title='bbox 3229 2420 3460 2483; x_wconf 78' lang='grc' dir='ltr'>ὁπλίτας</span> 
     </span>
    </p>
   </div>
   <div class='ocr_carea' id='block_1_84' title="bbox 2317 2509 3470 2586">
    <p class='ocr_par' dir='ltr' id='par_1_84' title="bbox 2317 2509 3470 2586">
     <span class='ocr_line' id='line_1_85' title="bbox 2317 2509 3470 2586; baseline -0.003 -19"><span class='ocrx_word' id='word_1_429' title='bbox 2317 2509 2766 2585; x_wconf 80' lang='grc' dir='ltr'>Τζαγρατοξότας</span> <span class='ocrx_word' id='word_1_430' title='bbox 2796 2509 2872 2573; x_wconf 78' lang='grc' dir='ltr'>εἷς</span> <span class='ocrx_word' id='word_1_431' title='bbox 2907 2511 3093 2586; x_wconf 82' lang='grc' dir='ltr'>μάχην</span> <span class='ocrx_word' id='word_1_432' title='bbox 3127 2511 3470 2586; x_wconf 84' lang='grc' dir='ltr'>ἀντιμάχων·</span> 
     </span>
    </p>
   </div>
   <div class='ocr_carea' id='block_1_85' title="bbox 2318 2599 3486 2674">
    <p class='ocr_par' dir='ltr' id='par_1_85' title="bbox 2318 2599 3486 2674">
     <span class='ocr_line' id='line_1_86' title="bbox 2318 2599 3486 2674; baseline -0.003 -18"><span class='ocrx_word' id='word_1_433' title='bbox 2318 2599 2419 2656; x_wconf 82' lang='grc' dir='ltr'>Καὶ</span> <span class='ocrx_word' id='word_1_434' title='bbox 2450 2599 2744 2668; x_wconf 71' lang='grc' dir='ltr'>τηνικαῦτα</span> <span class='ocrx_word' id='word_1_435' title='bbox 2774 2603 3134 2673; x_wconf 82' lang='grc' dir='ltr'>συγκροτοῦσι</span> <span class='ocrx_word' id='word_1_436' title='bbox 3166 2601 3263 2668; x_wconf 72' lang='grc' dir='ltr'>τὴν</span> <span class='ocrx_word' id='word_1_437' title='bbox 3302 2601 3486 2674; x_wconf 87' lang='grc' dir='ltr'>μάχην</span> 
     </span>
    </p>
   </div>
   <div class='ocr_carea' id='block_1_86' title="bbox 2139 2693 3489 2772">
    <p class='ocr_par' dir='ltr' id='par_1_86' title="bbox 2139 2693 3489 2772">
     <span class='ocr_line' id='line_1_87' title="bbox 2139 2693 3489 2772; baseline 0 -21"><span class='ocrx_word' id='word_1_438' title='bbox 2139 2698 2283 2753; x_wconf 83' lang='grc'>6835</span> <span class='ocrx_word' id='word_1_439' title='bbox 2320 2697 2407 2757; x_wconf 82' lang='grc' dir='ltr'>Ὡς</span> <span class='ocrx_word' id='word_1_440' title='bbox 2439 2693 2697 2770; x_wconf 87' lang='grc' dir='ltr'>κρατεράν</span> <span class='ocrx_word' id='word_1_441' title='bbox 2728 2715 2785 2749; x_wconf 88' lang='grc' dir='ltr'>τε</span> <span class='ocrx_word' id='word_1_442' title='bbox 2813 2694 2903 2748; x_wconf 85' lang='grc' dir='ltr'>καὶ</span> <span class='ocrx_word' id='word_1_443' title='bbox 2935 2693 3142 2772; x_wconf 77' lang='grc' dir='ltr'>σφόδρα</span> <span class='ocrx_word' id='word_1_444' title='bbox 3173 2695 3489 2772; x_wconf 84' lang='grc' dir='ltr'>φρικαλέαν,</span> 
     </span>
    </p>
   </div>
   <div class='ocr_carea' id='block_1_87' title="bbox 2319 2781 3338 2859">
    <p class='ocr_par' dir='ltr' id='par_1_87' title="bbox 2319 2781 3338 2859">
     <span class='ocr_line' id='line_1_88' title="bbox 2319 2781 3338 2859; baseline 0.003 -23"><span class='ocrx_word' id='word_1_445' title='bbox 2319 2785 2375 2836; x_wconf 77' lang='lat'>&#39;0</span> <span class='ocrx_word' id='word_1_446' title='bbox 2404 2782 2840 2858; x_wconf 72' lang='grc' dir='ltr'>τειχεσιπλήτης</span> <span class='ocrx_word' id='word_1_447' title='bbox 2872 2781 2928 2838; x_wconf 74' lang='grc' dir='ltr'>δὲ</span> <span class='ocrx_word' id='word_1_448' title='bbox 2959 2785 3110 2859; x_wconf 89' lang='grc' dir='ltr'>κριὸς</span> <span class='ocrx_word' id='word_1_449' title='bbox 3137 2781 3338 2859; x_wconf 77' lang='grc' dir='ltr'>ῥᾳδίως</span> 
     </span>
    </p>
   </div>
   <div class='ocr_carea' id='block_1_88' title="bbox 2323 2871 3596 2949">
    <p class='ocr_par' dir='ltr' id='par_1_88' title="bbox 2323 2871 3596 2949">
     <span class='ocr_line' id='line_1_89' title="bbox 2323 2871 3596 2949; baseline -0.002 -20"><span class='ocrx_word' id='word_1_450' title='bbox 2323 2872 2559 2949; x_wconf 79' lang='grc' dir='ltr'>Ἕρρηξε</span> <span class='ocrx_word' id='word_1_451' title='bbox 2586 2878 2776 2947; x_wconf 85' lang='grc' dir='ltr'>τεῖχος</span> <span class='ocrx_word' id='word_1_452' title='bbox 2805 2874 2940 2946; x_wconf 87' lang='grc' dir='ltr'>πρὸς</span> <span class='ocrx_word' id='word_1_453' title='bbox 2974 2871 3241 2936; x_wconf 84' lang='grc' dir='ltr'>θάλασσαν</span> <span class='ocrx_word' id='word_1_454' title='bbox 3273 2875 3335 2928; x_wconf 89' lang='grc' dir='ltr'>τὸ</span> <span class='ocrx_word' id='word_1_455' title='bbox 3372 2874 3596 2949; x_wconf 70' lang='grc' dir='ltr'>βλέπον·</span> 
     </span>
    </p>
   </div>
   <div class='ocr_carea' id='block_1_89' title="bbox 2057 1850 2104 1916">
    <p class='ocr_par' dir='ltr' id='par_1_89' title="bbox 2057 1850 2104 1916">
     <span class='ocr_line' id='line_1_90' title="bbox 2057 1850 2104 1916; baseline 0 0"><span class='ocrx_word' id='word_1_456' title='bbox 2057 1850 2104 1916; x_wconf 90' lang='grc' dir='ltr'><strong>Β</strong></span> 
     </span>
    </p>
   </div>
   <div class='ocr_carea' id='block_1_90' title="bbox 2324 2960 3620 3037">
    <p class='ocr_par' dir='ltr' id='par_1_90' title="bbox 2324 2960 3620 3037">
     <span class='ocr_line' id='line_1_91' title="bbox 2324 2960 3620 3037; baseline 0.001 -21"><span class='ocrx_word' id='word_1_457' title='bbox 2324 2962 2430 3016; x_wconf 75' lang='grc' dir='ltr'>Κᾶν</span> <span class='ocrx_word' id='word_1_458' title='bbox 2465 2960 2807 3035; x_wconf 81' lang='grc' dir='ltr'>ἀπεκρούσθη</span> <span class='ocrx_word' id='word_1_459' title='bbox 2841 2961 3163 3037; x_wconf 84' lang='grc' dir='ltr'>συμμάχοις</span> <span class='ocrx_word' id='word_1_460' title='bbox 3187 2968 3305 3025; x_wconf 81' lang='grc' dir='ltr'>τοῖς</span> <span class='ocrx_word' id='word_1_461' title='bbox 3336 2963 3620 3020; x_wconf 80' lang='grc' dir='ltr'>Αὐσόνων·</span> 
     </span>
    </p>
   </div>
   <div class='ocr_carea' id='block_1_91' title="bbox 2326 3048 3502 3126">
    <p class='ocr_par' dir='ltr' id='par_1_91' title="bbox 2326 3048 3502 3126">
     <span class='ocr_line' id='line_1_92' title="bbox 2326 3048 3502 3126; baseline 0.001 -20"><span class='ocrx_word' id='word_1_462' title='bbox 2326 3050 2552 3112; x_wconf 90' lang='grc' dir='ltr'>Πλοίοις</span> <span class='ocrx_word' id='word_1_463' title='bbox 2587 3048 2631 3105; x_wconf 83' lang='grc' dir='ltr'>δ’</span> <span class='ocrx_word' id='word_1_464' title='bbox 2660 3049 2868 3112; x_wconf 74' lang='grc' dir='ltr'>ἐνόντες</span> <span class='ocrx_word' id='word_1_465' title='bbox 2902 3050 2961 3105; x_wconf 82' lang='grc' dir='ltr'>ἐκ</span> <span class='ocrx_word' id='word_1_466' title='bbox 2989 3050 3278 3125; x_wconf 82' lang='grc' dir='ltr'>κλιμάκων</span> <span class='ocrx_word' id='word_1_467' title='bbox 3310 3048 3502 3126; x_wconf 76' lang='grc' dir='ltr'>ὑψόθεν</span> 
     </span>
    </p>
   </div>
   <div class='ocr_carea' id='block_1_92' title="bbox 2144 3138 3419 3219">
    <p class='ocr_par' dir='ltr' id='par_1_92' title="bbox 2144 3138 3419 3219">
     <span class='ocr_line' id='line_1_93' title="bbox 2144 3138 3419 3219; baseline -0.003 -19"><span class='ocrx_word' id='word_1_468' title='bbox 2144 3144 2286 3200; x_wconf 76' lang='grc'>6840</span> <span class='ocrx_word' id='word_1_469' title='bbox 2324 3139 2577 3218; x_wconf 74' lang='grc' dir='ltr'>Ἠφίεσαν</span> <span class='ocrx_word' id='word_1_470' title='bbox 2610 3138 2796 3201; x_wconf 84' lang='grc' dir='ltr'>λίθους</span> <span class='ocrx_word' id='word_1_471' title='bbox 2828 3161 2887 3194; x_wconf 85' lang='grc' dir='ltr'>τε</span> <span class='ocrx_word' id='word_1_472' title='bbox 2915 3140 3143 3203; x_wconf 78' lang='grc' dir='ltr'>κοντοὺς</span> <span class='ocrx_word' id='word_1_473' title='bbox 3173 3143 3260 3196; x_wconf 88' lang='grc' dir='ltr'>καὶ</span> <span class='ocrx_word' id='word_1_474' title='bbox 3293 3143 3419 3219; x_wconf 68' lang='grc' dir='ltr'>ξίφη</span> 
     </span>
    </p>
   </div>
   <div class='ocr_carea' id='block_1_93' title="bbox 2066 3213 3524 3305">
    <p class='ocr_par' dir='ltr' id='par_1_93' title="bbox 2066 3213 3524 3305">
     <span class='ocr_line' id='line_1_94' title="bbox 2066 3213 3524 3305; baseline -0.001 -20"><span class='ocrx_word' id='word_1_475' title='bbox 2066 3213 2108 3279; x_wconf 76' lang='lat' dir='ltr'>C</span> <span class='ocrx_word' id='word_1_476' title='bbox 2325 3213 2538 3285; x_wconf 48' lang='lat' dir='ltr'>(Polam</span> <span class='ocrx_word' id='word_1_477' title='bbox 2570 3228 2788 3305; x_wconf 81' lang='grc' dir='ltr'>πύργων</span> <span class='ocrx_word' id='word_1_478' title='bbox 2817 3231 2903 3283; x_wconf 81' lang='grc' dir='ltr'>καὶ</span> <span class='ocrx_word' id='word_1_479' title='bbox 2935 3230 3252 3305; x_wconf 87' lang='grc' dir='ltr'>προμάχοις</span> <span class='ocrx_word' id='word_1_480' title='bbox 3274 3213 3524 3305; x_wconf 73' lang='grc' dir='ltr'>τειχέων,</span> 
     </span>
    </p>
   </div>
   <div class='ocr_carea' id='block_1_94' title="bbox 2322 3317 3594 3395">
    <p class='ocr_par' dir='ltr' id='par_1_94' title="bbox 2322 3317 3594 3395">
     <span class='ocr_line' id='line_1_95' title="bbox 2322 3317 3594 3395; baseline 0.001 -21"><span class='ocrx_word' id='word_1_481' title='bbox 2322 3320 2423 3374; x_wconf 84' lang='grc' dir='ltr'>Καὶ</span> <span class='ocrx_word' id='word_1_482' title='bbox 2457 3319 2591 3392; x_wconf 89' lang='grc' dir='ltr'>πρὸς</span> <span class='ocrx_word' id='word_1_483' title='bbox 2623 3319 2795 3394; x_wconf 76' lang='grc' dir='ltr'>φυγὴν</span> <span class='ocrx_word' id='word_1_484' title='bbox 2828 3317 3111 3392; x_wconf 85' lang='grc' dir='ltr'>τρέπουσιν</span> <span class='ocrx_word' id='word_1_485' title='bbox 3143 3318 3338 3381; x_wconf 78' lang='grc' dir='ltr'>αὐτοὺς</span> <span class='ocrx_word' id='word_1_486' title='bbox 3369 3317 3594 3395; x_wconf 76' lang='grc' dir='ltr'>ῥᾳδίως.</span> 
     </span>
    </p>
   </div>
   <div class='ocr_carea' id='block_1_95' title="bbox 2325 3407 3512 3483">
    <p class='ocr_par' dir='ltr' id='par_1_95' title="bbox 2325 3407 3512 3483">
     <span class='ocr_line' id='line_1_96' title="bbox 2325 3407 3512 3483; baseline 0 -21"><span class='ocrx_word' id='word_1_487' title='bbox 2325 3408 2526 3462; x_wconf 88' lang='grc' dir='ltr'>Λοιπὸν</span> <span class='ocrx_word' id='word_1_488' title='bbox 2559 3407 2815 3480; x_wconf 71' lang='grc' dir='ltr'>κρατοῦσι</span> <span class='ocrx_word' id='word_1_489' title='bbox 2845 3409 3076 3482; x_wconf 82' lang='grc' dir='ltr'>τειχέων</span> <span class='ocrx_word' id='word_1_490' title='bbox 3105 3410 3512 3483; x_wconf 75' lang='grc' dir='ltr'>πυργωμάτων,</span> 
     </span>
    </p>
   </div>
   <div class='ocr_carea' id='block_1_96' title="bbox 2325 3495 3358 3572">
    <p class='ocr_par' dir='ltr' id='par_1_96' title="bbox 2325 3495 3358 3572">
     <span class='ocr_line' id='line_1_97' title="bbox 2325 3495 3358 3572; baseline -0.002 -18"><span class='ocrx_word' id='word_1_491' title='bbox 2325 3498 2425 3554; x_wconf 86' lang='grc' dir='ltr'>Καὶ</span> <span class='ocrx_word' id='word_1_492' title='bbox 2456 3495 2832 3570; x_wconf 80' lang='grc' dir='ltr'>πυρπολοῦσιν</span> <span class='ocrx_word' id='word_1_493' title='bbox 2862 3497 3035 3559; x_wconf 74' lang='grc' dir='ltr'>οἰκίας</span> <span class='ocrx_word' id='word_1_494' title='bbox 3071 3495 3358 3572; x_wconf 77' lang='grc' dir='ltr'>ἱδρυμένας</span> 
     </span>
    </p>
   </div>
   <div class='ocr_carea' id='block_1_97' title="bbox 2143 3593 3547 3673">
    <p class='ocr_par' dir='ltr' id='par_1_97' title="bbox 2143 3593 3547 3673">
     <span class='ocr_line' id='line_1_98' title="bbox 2143 3593 3547 3673; baseline 0 -20"><span class='ocrx_word' id='word_1_495' title='bbox 2143 3599 2284 3653; x_wconf 77' lang='grc'>6845</span> <span class='ocrx_word' id='word_1_496' title='bbox 2325 3597 2416 3650; x_wconf 87' lang='grc' dir='ltr'>Ἐκ</span> <span class='ocrx_word' id='word_1_497' title='bbox 2444 3595 2550 3649; x_wconf 81' lang='grc' dir='ltr'>τῶν</span> <span class='ocrx_word' id='word_1_498' title='bbox 2582 3593 2909 3670; x_wconf 80' lang='grc' dir='ltr'>Βλαχερνῶν</span> <span class='ocrx_word' id='word_1_499' title='bbox 2943 3593 2996 3658; x_wconf 87' lang='grc' dir='ltr'>ές</span> <span class='ocrx_word' id='word_1_500' title='bbox 3025 3598 3196 3668; x_wconf 73' lang='grc' dir='ltr'>μονήν</span> <span class='ocrx_word' id='word_1_501' title='bbox 3227 3596 3547 3673; x_wconf 81' lang='grc' dir='ltr'>Εὐεργέτου.</span> 
     </span>
    </p>
   </div>
   <div class='ocr_carea' id='block_1_98' title="bbox 2322 3680 3474 3760">
    <p class='ocr_par' dir='ltr' id='par_1_98' title="bbox 2322 3680 3474 3760">
     <span class='ocr_line' id='line_1_99' title="bbox 2322 3680 3474 3760; baseline -0.001 -20"><span class='ocrx_word' id='word_1_502' title='bbox 2322 3681 2472 3741; x_wconf 84' lang='grc' dir='ltr'>Ἰδὼν</span> <span class='ocrx_word' id='word_1_503' title='bbox 2509 3680 2565 3737; x_wconf 75' lang='grc' dir='ltr'>δὲ</span> <span class='ocrx_word' id='word_1_504' title='bbox 2596 3680 2838 3757; x_wconf 81' lang='grc' dir='ltr'>δυστύχῆ</span> <span class='ocrx_word' id='word_1_505' title='bbox 2851 3703 2924 3756; x_wconf 90' lang='grc' dir='ltr'>μα</span> <span class='ocrx_word' id='word_1_506' title='bbox 2949 3685 3094 3739; x_wconf 76' lang='grc' dir='ltr'>τοῦτ’</span> <span class='ocrx_word' id='word_1_507' title='bbox 3124 3683 3474 3760; x_wconf 86' lang='grc' dir='ltr'>αὐτοκράτωρ</span> 
     </span>
    </p>
   </div>
   <div class='ocr_carea' id='block_1_99' title="bbox 2321 3770 3363 3845">
    <p class='ocr_par' dir='ltr' id='par_1_99' title="bbox 2321 3770 3363 3845">
     <span class='ocr_line' id='line_1_100' title="bbox 2321 3770 3363 3845; baseline -0.001 -16"><span class='ocrx_word' id='word_1_508' title='bbox 2321 3774 2421 3829; x_wconf 88' lang='grc' dir='ltr'>Καὶ</span> <span class='ocrx_word' id='word_1_509' title='bbox 2457 3773 2696 3845; x_wconf 81' lang='grc' dir='ltr'>συνοχὴν</span> <span class='ocrx_word' id='word_1_510' title='bbox 2733 3770 2936 3845; x_wconf 88' lang='grc' dir='ltr'>δάκρυα</span> <span class='ocrx_word' id='word_1_511' title='bbox 2965 3777 3073 3826; x_wconf 82' lang='grc' dir='ltr'>τῶν</span> <span class='ocrx_word' id='word_1_512' title='bbox 3108 3773 3363 3844; x_wconf 85' lang='grc' dir='ltr'>ὑπηκόων</span> 
     </span>
    </p>
   </div>
   <div class='ocr_carea' id='block_1_100' title="bbox 2323 3857 3625 3936">
    <p class='ocr_par' dir='ltr' id='par_1_100' title="bbox 2323 3857 3625 3936">
     <span class='ocr_line' id='line_1_101' title="bbox 2323 3857 3625 3936; baseline -0.001 -17"><span class='ocrx_word' id='word_1_513' title='bbox 2323 3863 2573 3936; x_wconf 76' lang='grc' dir='ltr'>Μέμψεις</span> <span class='ocrx_word' id='word_1_514' title='bbox 2607 3859 2664 3915; x_wconf 73' lang='grc' dir='ltr'>δέ</span> <span class='ocrx_word' id='word_1_515' title='bbox 2693 3860 2899 3916; x_wconf 76' lang='grc' dir='ltr'>τούτων</span> <span class='ocrx_word' id='word_1_516' title='bbox 2934 3857 3259 3932; x_wconf 77' lang='grc' dir='ltr'>εὐλαϐηθεὶς</span> <span class='ocrx_word' id='word_1_517' title='bbox 3299 3863 3388 3918; x_wconf 84' lang='grc' dir='ltr'>καὶ</span> <span class='ocrx_word' id='word_1_518' title='bbox 3420 3863 3625 3936; x_wconf 78' lang='grc' dir='ltr'>πλέον,</span> 
     </span>
    </p>
   </div>
   <div class='ocr_carea' id='block_1_101' title="bbox 2320 3950 3384 4026">
    <p class='ocr_par' dir='ltr' id='par_1_101' title="bbox 2320 3950 3384 4026">
     <span class='ocr_line' id='line_1_102' title="bbox 2320 3950 3384 4026; baseline 0.002 -20"><span class='ocrx_word' id='word_1_519' title='bbox 2320 3951 2497 4013; x_wconf 79' lang='grc' dir='ltr'>Μόλις</span> <span class='ocrx_word' id='word_1_520' title='bbox 2529 3950 2764 4021; x_wconf 81' lang='grc' dir='ltr'>ὁπλίτης</span> <span class='ocrx_word' id='word_1_521' title='bbox 2794 3952 2996 4026; x_wconf 88' lang='grc' dir='ltr'>γίνεται</span> <span class='ocrx_word' id='word_1_522' title='bbox 3028 3953 3118 4006; x_wconf 84' lang='grc' dir='ltr'>καὶ</span> <span class='ocrx_word' id='word_1_523' title='bbox 3147 3952 3240 4006; x_wconf 77' lang='grc' dir='ltr'>σὺν</span> <span class='ocrx_word' id='word_1_524' title='bbox 3272 3953 3384 4024; x_wconf 78' lang='grc' dir='ltr'>βίᾳ.</span> 
     </span>
    </p>
   </div>
   <div class='ocr_carea' id='block_1_102' title="bbox 2140 4037 3440 4115">
    <p class='ocr_par' dir='ltr' id='par_1_102' title="bbox 2140 4037 3440 4115">
     <span class='ocr_line' id='line_1_103' title="bbox 2140 4037 3440 4115; baseline -0.003 -15"><span class='ocrx_word' id='word_1_525' title='bbox 2140 4044 2287 4099; x_wconf 89' lang='grc'>6850</span> <span class='ocrx_word' id='word_1_526' title='bbox 2323 4045 2439 4094; x_wconf 83' lang='grc' dir='ltr'>Τῶν</span> <span class='ocrx_word' id='word_1_527' title='bbox 2477 4038 2766 4115; x_wconf 75' lang='grc' dir='ltr'>βασιλείων</span> <span class='ocrx_word' id='word_1_528' title='bbox 2804 4037 2851 4094; x_wconf 90' lang='grc' dir='ltr'>δ’</span> <span class='ocrx_word' id='word_1_529' title='bbox 2881 4039 3033 4112; x_wconf 74' lang='grc' dir='ltr'>ἐξιὼν</span> <span class='ocrx_word' id='word_1_530' title='bbox 3063 4041 3440 4114; x_wconf 78' lang='grc' dir='ltr'>ὡπλισμένος,</span> 
     </span>
    </p>
   </div>
   <div class='ocr_carea' id='block_1_103' title="bbox 2322 4127 3566 4206">
    <p class='ocr_par' dir='ltr' id='par_1_103' title="bbox 2322 4127 3566 4206">
     <span class='ocr_line' id='line_1_104' title="bbox 2322 4127 3566 4206; baseline 0.001 -21"><span class='ocrx_word' id='word_1_531' title='bbox 2322 4129 2617 4190; x_wconf 87' lang='grc' dir='ltr'>Πλείστους</span> <span class='ocrx_word' id='word_1_532' title='bbox 2648 4127 2985 4184; x_wconf 84' lang='grc' dir='ltr'>ἐπεσπάσατο</span> <span class='ocrx_word' id='word_1_533' title='bbox 3019 4128 3309 4206; x_wconf 81' lang='grc' dir='ltr'>λαμπροὺς</span> <span class='ocrx_word' id='word_1_534' title='bbox 3341 4129 3566 4199; x_wconf 77' lang='grc' dir='ltr'>ἱππέας,</span> 
     </span>
    </p>
   </div>
   <div class='ocr_carea' id='block_1_104' title="bbox 2320 4215 3440 4295">
    <p class='ocr_par' dir='ltr' id='par_1_104' title="bbox 2320 4215 3440 4295">
     <span class='ocr_line' id='line_1_105' title="bbox 2320 4215 3440 4295; baseline -0.001 -22"><span class='ocrx_word' id='word_1_535' title='bbox 2320 4217 2422 4274; x_wconf 83' lang='grc' dir='ltr'>Καὶ</span> <span class='ocrx_word' id='word_1_536' title='bbox 2449 4219 2675 4287; x_wconf 73' lang='grc' dir='ltr'>πεζικὴν</span> <span class='ocrx_word' id='word_1_537' title='bbox 2709 4215 2962 4295; x_wconf 77' lang='grc' dir='ltr'>φάλαγγα</span> <span class='ocrx_word' id='word_1_538' title='bbox 2993 4220 3249 4294; x_wconf 87' lang='grc' dir='ltr'>γενναίων</span> <span class='ocrx_word' id='word_1_539' title='bbox 3285 4215 3440 4274; x_wconf 85' lang='grc' dir='ltr'>νὲων·</span> 
     </span>
    </p>
   </div>
   <div class='ocr_carea' id='block_1_105' title="bbox 2323 4305 3497 4383">
    <p class='ocr_par' dir='ltr' id='par_1_105' title="bbox 2323 4305 3497 4383">
     <span class='ocr_line' id='line_1_106' title="bbox 2323 4305 3497 4383; baseline 0.002 -23"><span class='ocrx_word' id='word_1_540' title='bbox 2323 4305 2425 4364; x_wconf 75' lang='grc' dir='ltr'>Καῖ</span> <span class='ocrx_word' id='word_1_541' title='bbox 2447 4309 2574 4382; x_wconf 77' lang='grc' dir='ltr'>τάχ’</span> <span class='ocrx_word' id='word_1_542' title='bbox 2603 4305 2663 4360; x_wconf 76' lang='grc' dir='ltr'>ἂν</span> <span class='ocrx_word' id='word_1_543' title='bbox 2697 4305 2856 4381; x_wconf 79' lang='grc' dir='ltr'>ἔργον</span> <span class='ocrx_word' id='word_1_544' title='bbox 2887 4306 3100 4369; x_wconf 79' lang='grc' dir='ltr'>εὐκλεὲς</span> <span class='ocrx_word' id='word_1_545' title='bbox 3130 4309 3408 4383; x_wconf 88' lang='grc' dir='ltr'>πέπρακτό</span> <span class='ocrx_word' id='word_1_546' title='bbox 3444 4309 3497 4362; x_wconf 82' lang='grc' dir='ltr'>οἱ</span> 
     </span>
    </p>
   </div>
   <div class='ocr_carea' id='block_1_106' title="bbox 2325 4393 3368 4472">
    <p class='ocr_par' dir='ltr' id='par_1_106' title="bbox 2325 4393 3368 4472">
     <span class='ocr_line' id='line_1_107' title="bbox 2325 4393 3368 4472; baseline 0.005 -24"><span class='ocrx_word' id='word_1_547' title='bbox 2325 4397 2609 4470; x_wconf 75' lang='grc' dir='ltr'>Σωτηριον</span> <span class='ocrx_word' id='word_1_548' title='bbox 2643 4393 2804 4450; x_wconf 87' lang='grc' dir='ltr'>πόλει</span> <span class='ocrx_word' id='word_1_549' title='bbox 2836 4417 2893 4450; x_wconf 90' lang='grc' dir='ltr'>τε</span> <span class='ocrx_word' id='word_1_550' title='bbox 2921 4397 3009 4450; x_wconf 82' lang='grc' dir='ltr'>καὶ</span> <span class='ocrx_word' id='word_1_551' title='bbox 3040 4398 3368 4472; x_wconf 83' lang='grc' dir='ltr'>κραταρχίᾳ,</span> 
     </span>
    </p>
   </div>
   <div class='ocr_carea' id='block_1_107' title="bbox 2143 4493 3432 4570">
    <p class='ocr_par' dir='ltr' id='par_1_107' title="bbox 2143 4493 3432 4570">
     <span class='ocr_line' id='line_1_108' title="bbox 2143 4493 3432 4570; baseline 0 -19"><span class='ocrx_word' id='word_1_552' title='bbox 2143 4497 2291 4552; x_wconf 88' lang='grc'>6855</span> <span class='ocrx_word' id='word_1_553' title='bbox 2336 4495 2396 4551; x_wconf 85' lang='grc' dir='ltr'>Εἰ</span> <span class='ocrx_word' id='word_1_554' title='bbox 2429 4493 2740 4563; x_wconf 86' lang='grc' dir='ltr'>συνεπλάκη</span> <span class='ocrx_word' id='word_1_555' title='bbox 2773 4500 2888 4556; x_wconf 83' lang='grc' dir='ltr'>τοῖς</span> <span class='ocrx_word' id='word_1_556' title='bbox 2921 4496 3145 4570; x_wconf 81' lang='grc' dir='ltr'>ἐχθροῖς</span> <span class='ocrx_word' id='word_1_557' title='bbox 3175 4496 3432 4568; x_wconf 80' lang='grc' dir='ltr'>ἐναντίος,</span> 
     </span>
    </p>
   </div>
   <div class='ocr_carea' id='block_1_108' title="bbox 2074 4569 3558 4662">
    <p class='ocr_par' dir='ltr' id='par_1_108' title="bbox 2074 4569 3558 4662">
     <span class='ocr_line' id='line_1_109' title="bbox 2074 4569 3558 4662; baseline 0.005 -28"><span class='ocrx_word' id='word_1_558' title='bbox 2074 4569 2116 4634; x_wconf 78' lang='grc' dir='ltr'>ί)</span> <span class='ocrx_word' id='word_1_559' title='bbox 2327 4585 2399 4640; x_wconf 86' lang='grc' dir='ltr'><strong>Ἤ</strong></span> <span class='ocrx_word' id='word_1_560' title='bbox 2432 4581 2760 4655; x_wconf 79' lang='grc' dir='ltr'>συμπλοκὴν</span> <span class='ocrx_word' id='word_1_561' title='bbox 2794 4569 3034 4656; x_wconf 82' lang='grc' dir='ltr'>Λάσκαρι</span> <span class='ocrx_word' id='word_1_562' title='bbox 3063 4580 3298 4662; x_wconf 79' lang='grc' dir='ltr'>γαμϐρῷ</span> <span class='ocrx_word' id='word_1_563' title='bbox 3328 4585 3558 4662; x_wconf 77' lang='grc' dir='ltr'>γεννάδα</span> 
     </span>
    </p>
   </div>
   <div class='ocr_carea' id='block_1_109' title="bbox 2323 4672 3396 4748">
    <p class='ocr_par' dir='ltr' id='par_1_109' title="bbox 2323 4672 3396 4748">
     <span class='ocr_line' id='line_1_110' title="bbox 2323 4672 3396 4748; baseline 0.002 -19"><span class='ocrx_word' id='word_1_564' title='bbox 2323 4674 2588 4746; x_wconf 81' lang='grc' dir='ltr'>Ὀργῶντι</span> <span class='ocrx_word' id='word_1_565' title='bbox 2625 4672 2774 4743; x_wconf 86' lang='grc' dir='ltr'>μάλα</span> <span class='ocrx_word' id='word_1_566' title='bbox 2805 4676 3221 4748; x_wconf 83' lang='grc' dir='ltr'>συγκεχωρήκει</span> <span class='ocrx_word' id='word_1_567' title='bbox 3252 4677 3396 4731; x_wconf 88' lang='grc' dir='ltr'>τότε·</span> 
     </span>
    </p>
   </div>
   <div class='ocr_carea' id='block_1_110' title="bbox 2323 4758 3440 4838">
    <p class='ocr_par' dir='ltr' id='par_1_110' title="bbox 2323 4758 3440 4838">
     <span class='ocr_line' id='line_1_111' title="bbox 2323 4758 3440 4838; baseline 0.002 -22"><span class='ocrx_word' id='word_1_568' title='bbox 2323 4763 2431 4818; x_wconf 77' lang='grc' dir='ltr'>Νῦν</span> <span class='ocrx_word' id='word_1_569' title='bbox 2467 4758 2512 4815; x_wconf 85' lang='grc' dir='ltr'>δ’</span> <span class='ocrx_word' id='word_1_570' title='bbox 2549 4760 2699 4836; x_wconf 76' lang='grc' dir='ltr'>ὑπὲρ⁹</span> <span class='ocrx_word' id='word_1_571' title='bbox 2729 4762 2879 4815; x_wconf 76' lang='grc' dir='ltr'>αἶσαν</span> <span class='ocrx_word' id='word_1_572' title='bbox 2909 4764 2944 4831; x_wconf 79' lang='grc' dir='ltr'>ἡ</span> <span class='ocrx_word' id='word_1_573' title='bbox 2980 4769 3232 4838; x_wconf 68' lang='grc' dir='ltr'>στρατιᾶς</span> <span class='ocrx_word' id='word_1_574' title='bbox 3263 4761 3440 4819; x_wconf 84' lang='grc' dir='ltr'>δειλία</span> 
     </span>
    </p>
   </div>
   <div class='ocr_carea' id='block_1_111' title="bbox 2326 4847 3440 4925">
    <p class='ocr_par' dir='ltr' id='par_1_111' title="bbox 2326 4847 3440 4925">
     <span class='ocr_line' id='line_1_112' title="bbox 2326 4847 3440 4925; baseline 0.006 -23"><span class='ocrx_word' id='word_1_575' title='bbox 2326 4850 2418 4913; x_wconf 79' lang='grc' dir='ltr'>Εἷς</span> <span class='ocrx_word' id='word_1_576' title='bbox 2448 4847 2677 4925; x_wconf 71' lang='grc' dir='ltr'>ἔσχατον</span> <span class='ocrx_word' id='word_1_577' title='bbox 2705 4847 2952 4906; x_wconf 88' lang='grc' dir='ltr'>κίνδυνον</span> <span class='ocrx_word' id='word_1_578' title='bbox 2983 4851 3091 4906; x_wconf 82' lang='grc' dir='ltr'>ὦσε</span> <span class='ocrx_word' id='word_1_579' title='bbox 3119 4854 3218 4921; x_wconf 81' lang='grc' dir='ltr'>τήν</span> <span class='ocrx_word' id='word_1_580' title='bbox 3252 4851 3440 4909; x_wconf 91' lang='grc' dir='ltr'>πόλιν.</span> 
     </span>
    </p>
   </div>
   <div class='ocr_carea' id='block_1_112' title="bbox 2146 4936 3456 5013">
    <p class='ocr_par' dir='ltr' id='par_1_112' title="bbox 2146 4936 3456 5013">
     <span class='ocr_line' id='line_1_113' title="bbox 2146 4936 3456 5013; baseline -0.001 -16"><span class='ocrx_word' id='word_1_581' title='bbox 2146 4942 2288 4997; x_wconf 83' lang='grc'>6860</span> <span class='ocrx_word' id='word_1_582' title='bbox 2327 4939 2506 4996; x_wconf 84' lang='grc' dir='ltr'>Μόνον</span> <span class='ocrx_word' id='word_1_583' title='bbox 2540 4938 2643 5013; x_wconf 76' lang='grc' dir='ltr'>γὰρ</span> <span class='ocrx_word' id='word_1_584' title='bbox 2677 4938 2751 5000; x_wconf 82' lang='grc' dir='ltr'>εἰς</span> <span class='ocrx_word' id='word_1_585' title='bbox 2783 4936 3000 5010; x_wconf 80' lang='grc' dir='ltr'>ἔνδειξιν</span> <span class='ocrx_word' id='word_1_586' title='bbox 3031 4941 3193 4994; x_wconf 86' lang='grc' dir='ltr'>αὐτὸν</span> <span class='ocrx_word' id='word_1_587' title='bbox 3226 4941 3456 5005; x_wconf 86' lang='grc' dir='ltr'>ὁπλίσας</span> 
     </span>
    </p>
   </div>
   <div class='ocr_carea' id='block_1_113' title="bbox 2326 5027 3534 5104">
    <p class='ocr_par' dir='ltr' id='par_1_113' title="bbox 2326 5027 3534 5104">
     <span class='ocr_line' id='line_1_114' title="bbox 2326 5027 3534 5104; baseline 0.002 -22"><span class='ocrx_word' id='word_1_588' title='bbox 2326 5027 2532 5102; x_wconf 87' lang='grc' dir='ltr'>Μικρόν</span> <span class='ocrx_word' id='word_1_589' title='bbox 2564 5048 2624 5082; x_wconf 89' lang='grc' dir='ltr'>τε</span> <span class='ocrx_word' id='word_1_590' title='bbox 2655 5027 2841 5104; x_wconf 76' lang='grc' dir='ltr'>φανεὶς</span> <span class='ocrx_word' id='word_1_591' title='bbox 2867 5030 2894 5083; x_wconf 85' lang='grc' dir='ltr'>ὁ</span> <span class='ocrx_word' id='word_1_592' title='bbox 2926 5028 3240 5104; x_wconf 76' lang='grc' dir='ltr'>κρατάρχης</span> <span class='ocrx_word' id='word_1_593' title='bbox 3275 5027 3534 5101; x_wconf 79' lang='grc' dir='ltr'>ὁπλίτης,</span> 
     </span>
    </p>
   </div>
   <div class='ocr_carea' id='block_1_114' title="bbox 2328 5115 3421 5193">
    <p class='ocr_par' dir='ltr' id='par_1_114' title="bbox 2328 5115 3421 5193">
     <span class='ocr_line' id='line_1_115' title="bbox 2328 5115 3421 5193; baseline 0.004 -22"><span class='ocrx_word' id='word_1_594' title='bbox 2328 5117 2501 5180; x_wconf 69' lang='grc' dir='ltr'>Εὐθὺς</span> <span class='ocrx_word' id='word_1_595' title='bbox 2530 5118 2879 5191; x_wconf 70' lang='grc' dir='ltr'>ἀπεκρύψατο</span> <span class='ocrx_word' id='word_1_596' title='bbox 2913 5115 3080 5189; x_wconf 86' lang='grc' dir='ltr'>μηδέν</span> <span class='ocrx_word' id='word_1_597' title='bbox 3112 5139 3165 5172; x_wconf 93' lang='grc' dir='ltr'>τι</span> <span class='ocrx_word' id='word_1_598' title='bbox 3197 5115 3421 5193; x_wconf 82' lang='grc' dir='ltr'>δράσας·</span> 
     </span>
    </p>
   </div>
   <div class='ocr_carea' id='block_1_115' title="bbox 2331 5193 3479 5282">
    <p class='ocr_par' dir='ltr' id='par_1_115' title="bbox 2331 5193 3479 5282">
     <span class='ocr_line' id='line_1_116' title="bbox 2331 5193 3479 5282; baseline 0 -20"><span class='ocrx_word' id='word_1_599' title='bbox 2331 5207 2620 5268; x_wconf 82' lang='grc' dir='ltr'>Ἀσπάσιος</span> <span class='ocrx_word' id='word_1_600' title='bbox 2657 5207 2748 5278; x_wconf 77' lang='grc' dir='ltr'>μὲν</span> <span class='ocrx_word' id='word_1_601' title='bbox 2782 5193 2936 5276; x_wconf 80' lang='grc' dir='ltr'>ἐξιὼν</span> <span class='ocrx_word' id='word_1_602' title='bbox 2965 5206 3102 5280; x_wconf 87' lang='grc' dir='ltr'>πρὸς</span> <span class='ocrx_word' id='word_1_603' title='bbox 3129 5208 3229 5276; x_wconf 82' lang='grc' dir='ltr'>τήν</span> <span class='ocrx_word' id='word_1_604' title='bbox 3267 5209 3479 5282; x_wconf 84' lang='grc' dir='ltr'>μάχην,</span> 
     </span>
    </p>
   </div>
   <div class='ocr_carea' id='block_1_116' title="bbox 2327 5292 3492 5372">
    <p class='ocr_par' dir='ltr' id='par_1_116' title="bbox 2327 5292 3492 5372">
     <span class='ocr_line' id='line_1_117' title="bbox 2327 5292 3492 5372; baseline 0.002 -23"><span class='ocrx_word' id='word_1_605' title='bbox 2327 5295 2592 5349; x_wconf 83' lang='grc' dir='ltr'>Ἐπανιὼν</span> <span class='ocrx_word' id='word_1_606' title='bbox 2629 5292 2676 5348; x_wconf 80' lang='grc' dir='ltr'>δ’</span> <span class='ocrx_word' id='word_1_607' title='bbox 2704 5292 2985 5370; x_wconf 70' lang='grc' dir='ltr'>αἴσχιστος</span> <span class='ocrx_word' id='word_1_608' title='bbox 3015 5294 3075 5349; x_wconf 83' lang='grc' dir='ltr'>ἐκ</span> <span class='ocrx_word' id='word_1_609' title='bbox 3107 5296 3296 5369; x_wconf 84' lang='grc' dir='ltr'>μάχης</span> <span class='ocrx_word' id='word_1_610' title='bbox 3325 5298 3492 5372; x_wconf 87' lang='grc' dir='ltr'>τάχα,</span> 
     </span>
    </p>
   </div>
   <div class='ocr_carea' id='block_1_117' title="bbox 2147 5383 3516 5458">
    <p class='ocr_par' dir='ltr' id='par_1_117' title="bbox 2147 5383 3516 5458">
     <span class='ocr_line' id='line_1_118' title="bbox 2147 5383 3516 5458; baseline 0.001 -19"><span class='ocrx_word' id='word_1_611' title='bbox 2147 5384 2290 5439; x_wconf 88' lang='grc'>6865</span> <span class='ocrx_word' id='word_1_612' title='bbox 2327 5383 2695 5456; x_wconf 85' lang='grc' dir='ltr'>Θρασυτέρους</span> <span class='ocrx_word' id='word_1_613' title='bbox 2724 5383 2832 5444; x_wconf 67' lang='lat' dir='ltr'>Osi:</span> <span class='ocrx_word' id='word_1_614' title='bbox 2865 5383 3207 5458; x_wconf 85' lang='grc' dir='ltr'>ἀντιμάχους</span> <span class='ocrx_word' id='word_1_615' title='bbox 3234 5385 3516 5448; x_wconf 83' lang='grc' dir='ltr'>Λατίνους·</span> 
     </span>
    </p>
   </div>
   <div class='ocr_carea' id='block_1_118' title="bbox 2328 5469 3556 5548">
    <p class='ocr_par' dir='ltr' id='par_1_118' title="bbox 2328 5469 3556 5548">
     <span class='ocr_line' id='line_1_119' title="bbox 2328 5469 3556 5548; baseline 0.007 -25"><span class='ocrx_word' id='word_1_616' title='bbox 2328 5473 2520 5543; x_wconf 71' lang='grc' dir='ltr'>’Ὸμως</span> <span class='ocrx_word' id='word_1_617' title='bbox 2559 5469 2807 5533; x_wconf 80' lang='grc' dir='ltr'>ὑπεισδὺς</span> <span class='ocrx_word' id='word_1_618' title='bbox 2837 5472 2962 5534; x_wconf 74' lang='grc' dir='ltr'>τοὺς</span> <span class='ocrx_word' id='word_1_619' title='bbox 3001 5470 3315 5547; x_wconf 84' lang='grc' dir='ltr'>βασιλείους</span> <span class='ocrx_word' id='word_1_620' title='bbox 3347 5471 3556 5548; x_wconf 85' lang='grc' dir='ltr'>δόμους</span> 
     </span>
    </p>
   </div>
   <div class='ocr_carea' id='block_1_119' title="bbox 2335 5559 3380 5638">
    <p class='ocr_par' dir='ltr' id='par_1_119' title="bbox 2335 5559 3380 5638">
     <span class='ocr_line' id='line_1_120' title="bbox 2335 5559 3380 5638; baseline 0 -22"><span class='ocrx_word' id='word_1_621' title='bbox 2335 5562 2618 5632; x_wconf 65' lang='grc' dir='ltr'>Κομνηνός</span> <span class='ocrx_word' id='word_1_622' title='bbox 2653 5559 2892 5630; x_wconf 81' lang='grc' dir='ltr'>Ἀλέξιος</span> <span class='ocrx_word' id='word_1_623' title='bbox 2923 5561 3380 5638; x_wconf 84' lang='grc' dir='ltr'>Αὐσονοκράτωρ,</span> 
     </span>
    </p>
   </div>
   <div class='ocr_carea' id='block_1_120' title="bbox 2332 5647 3504 5728">
    <p class='ocr_par' dir='ltr' id='par_1_120' title="bbox 2332 5647 3504 5728">
     <span class='ocr_line' id='line_1_121' title="bbox 2332 5647 3504 5728; baseline -0.001 -19"><span class='ocrx_word' id='word_1_624' title='bbox 2332 5652 2571 5727; x_wconf 79' lang='grc' dir='ltr'>Ἔγνωκε</span> <span class='ocrx_word' id='word_1_625' title='bbox 2606 5647 2713 5706; x_wconf 84' lang='grc' dir='ltr'>δεῖν</span> <span class='ocrx_word' id='word_1_626' title='bbox 2748 5651 2796 5705; x_wconf 71' lang='grc' dir='ltr'>οἱ</span> <span class='ocrx_word' id='word_1_627' title='bbox 2832 5651 3105 5728; x_wconf 66' lang='grc' dir='ltr'>συμφέρον</span> <span class='ocrx_word' id='word_1_628' title='bbox 3135 5671 3192 5706; x_wconf 86' lang='grc' dir='ltr'>τε</span> <span class='ocrx_word' id='word_1_629' title='bbox 3221 5649 3504 5726; x_wconf 84' lang='grc' dir='ltr'>τυγχάνειν</span> 
     </span>
    </p>
   </div>
   <div class='ocr_carea' id='block_1_121' title="bbox 3683 329 3800 386">
    <p class='ocr_par' dir='ltr' id='par_1_121' title="bbox 3683 329 3800 386">
     <span class='ocr_line' id='line_1_122' title="bbox 3683 329 3800 386; baseline 0.009 -1"><span class='ocrx_word' id='word_1_630' title='bbox 3683 329 3800 386; x_wconf 84' lang='grc'>256</span> 
     </span>
    </p>
   </div>
  </div>
