4004 6200
214 267 329 323 257

402 394 788 471 Ἀντιφερίζειν
825 394 1007 468 μηδήν
1044 400 1190 473 ἀκμῇ
1222 398 1497 459 κινδύνου.

209 484 366 537 6870
404 484 610 555 ’Ἑξεισι
638 486 831 549 νυκτὸς
859 492 1151 561 τοιγαροῦν
1183 488 1527 560 λεληθότως,

404 573 553 643 Πρὸς
582 569 845 629 Δεϐελτὸν
880 573 925 630 δ’
959 574 1137 631 ἄπεισι
1169 579 1427 655 φρούριον
1457 585 1694 656 Θρᾷκης,

406 663 577 724 ’Ἐνθα
608 664 991 736 προητοίμασε
1020 668 1119 735 τὴν
1148 668 1449 737 κατοικίαν,

411 752 587 806 Ὀκτὼ
616 754 908 829 κατασχὼν
938 758 1037 824 τήν
1076 755 1350 829 βασιλείαν
1385 760 1620 834 χρόνους

401 839 511 895 Σὺν
558 842 694 914 μησὶ
724 844 897 917 τρισὶν
933 846 1167 921 ἡμέραις
1200 846 1353 912 αὖθις
1386 846 1532 906 δέκα.

397 960 721 1017 ΑΔΕΞῘΟΣ
764 962 808 1017 Ο
850 962 1011 1019 ΥΙΟΣ
1054 967 1390 1023 ΙΣΑΔΚΙΟΥ
1426 967 1596 1023 ΜΗΝ.
1644 968 1706 1035 ζ’.

210 1056 359 1110 6875
395 1052 569 1118 Αὖθις
604 1053 651 1110 δ’
679 1057 951 1120 Ἰσαάκιος
986 1058 1151 1135 ἄρχοι
1179 1066 1274 1116 τοῦ
1315 1062 1541 1140 στέφους

414 1142 521 1198 Σὺν
552 1144 785 1219 ’Δλεξίῳ
813 1147 1011 1219 τεκνίῳ
1042 1148 1387 1225 πεφιλμὲνῳ·

426 1233 582 1287 Ἐπεὶ
610 1236 712 1309 γὰρ
743 1234 984 1306 Ἀλέξιος
1018 1238 1222 1309 ἀπέστη
1255 1239 1509 1315 κράτους,

404 1323 511 1378 Καὶ
541 1324 678 1397 πρὸς
712 1319 975 1380 Δεϐελτὸν
1009 1325 1329 1404 ἀπέδρασεν,
1353 1332 1426 1392 ὡς
1452 1329 1611 1406 ἔφην,

399 1410 577 1475 Εὐθὺς
605 1412 938 1490 ἆνηγόρευτο
972 1417 1111 1491 πρὸς
1135 1420 1427 1492 γερουσίας

212 1501 366 1560 6880
408 1501 678 1564 Ἰσαάκιος
711 1502 965 1577 βασιλεὺς
996 1508 1173 1581 πηρὸς
1204 1509 1340 1584 φάη,

398 1591 638 1666 Εἶρκτῆς
662 1612 722 1646 τε
752 1590 968 1665 δεσμῶν
1000 1595 1200 1658 ἀνεθεὶς
1232 1596 1586 1673 παραλόγως·

402 1680 789 1756 Καθείργνυται
826 1680 884 1737 δὲ
918 1683 1138 1758 βασιλὶς
1170 1686 1519 1762 Εὗφροσύνη.

396 1771 488 1830 Ὧς
518 1767 567 1824 δ’
598 1769 895 1846 ἐγκατίστη
930 1773 1022 1827 καὶ
1054 1774 1219 1830 πάλιν
1252 1779 1581 1853 κραταρχίᾳ,

400 1859 604 1930 Τίθησι
638 1859 808 1931 δῆλον
840 1867 944 1917 πᾶν
975 1864 1039 1919 τὸ
1072 1860 1278 1938 συμϐὰν
1314 1867 1591 1930 Λατίνοις

213 1950 365 2006 6885
407 1951 473 2003 Οἳ
506 1947 554 2004 δ’
588 1950 705 2005 υὶῦν
737 1949 1108 2025 ἐκπέμπουσιν
1142 1954 1286 2027 αὐτῷ
1318 1955 1409 2010 σὺν
1440 1958 1621 2032 τάχει,

399 2040 492 2102 Ὦς
516 2040 723 2111 ἠξίωτο
749 2048 1018 2115 πατρικῆς
1048 2040 1328 2118 συνεδρίας

408 2131 713 2194 Κοινωνίας
741 2151 798 2185 τε
826 2135 922 2185 τοῦ
956 2131 1239 2207 βασιλείου
1272 2135 1523 2207 κράτους,

399 2219 507 2273 Καὶ
536 2224 641 2280 πᾶς
672 2221 914 2295 προσιὼν
949 2218 1206 2294 δημοτῶν
1239 2227 1346 2277 τῶν
1380 2222 1430 2277 ἐν
1463 2222 1609 2279 τέλει

398 2308 639 2385 ’Δμφοῖν
673 2317 918 2386 προσῆγε
947 2312 1315 2386 προσκύνησιν
1349 2315 1439 2367 καὶ
1464 2309 1642 2376 σέϐας.

210 2397 361 2451 68%
399 2398 551 2451 Μετὰ
580 2398 759 2473 βραχὺ
796 2396 853 2453 δὲ
880 2400 977 2453 καὶ
1009 2396 1297 2476 πρόκριτοι
1338 2402 1583 2457 Αατίνων

393 2488 528 2547 Τοῖς
565 2487 868 2560 βασιλείοις
903 2488 1316 2564 παραϐαλόντες
1346 2488 1541 2564 δόμοις

396 2578 597 2648 Τιμῶν
625 2578 886 2652 τυχόντες
920 2576 1139 2654 δωρεῶν
1169 2582 1216 2634 τ’
1242 2577 1308 2635 αὗ
1333 2579 1577 2658 ἀφθόνων

390 2664 558 2727 Αὖθις
592 2664 1015 2736 ἀπηλλάττόντο
1049 2667 1140 2723 σὺν
1176 2668 1408 2740 εὐταξίᾳ.

388 2753 623 2817 Τούτοις
667 2755 922 2819 βασιλεὺς
958 2754 1206 2831 δαψιλῶς
1237 2757 1550 2834 καθημὲραν

212 2843 363 2899 68%
399 2845 575 2905 '0).ac
606 2842 877 2908 θαλάσσας
913 2847 1216 2921 χρημάτων
1244 2847 1309 2915 ἦν
1343 2848 1622 2922 παρέχων,

392 2932 460 2989 El
490 2933 580 2988 καὶ
611 2935 758 3011 σφίσι
788 2934 1005 3011 κὲκριτο
1038 2934 1187 3011 ῥανίς
1217 2957 1301 2998 τις
1330 2932 1478 2991 τάδε.

393 3025 635 3098 Χρήζων
665 3025 928 3079 τολοιπὸν
957 3024 1225 3081 πλειόνων
1259 3024 1337 3088 εἷς
1369 3023 1609 3096 δαπάνην

392 3114 519 3169 Τῶν
547 3114 713 3185 ἱερῶν
738 3112 939 3187 ἥψατο,
972 3118 1068 3190 φεῦ
1092 3113 1425 3188 κειμηλίων,

392 3206 614 3256 Σκευῶν
644 3222 705 3256 τε
734 3202 890 3266 θείων
916 3207 1011 3257 καῖ
1040 3197 1312 3258 σεϐαστῶν
1342 3202 1562 3258 εἰκόνων
1601 3206 1612 3259 l

206 3290 350 3345 θοοο
391 3292 508 3346 Καὶ
539 3288 714 3345 τῶνδε
740 3291 946 3364 κόσμον
980 3286 1581 3365 ἆθιμίτωςίλαμϐάνων

386 3380 478 3440 Ὧς
510 3380 693 3434 κοινὸν
727 3379 986 3454 ἀργύριον
1015 3380 1050 3449 ἢ
1081 3380 1169 3435 καὶ
1203 3380 1430 3455 χρυσίον

388 3468 663 3543 ΙΙαρεὶχεν
694 3466 913 3543 ἐχθροῖς
944 3470 1177 3531 Ἰταλοῖς
1204 3467 1351 3523 τόνδ’
1377 3470 1646 3548 ἀφθόνως.

386 3557 563 3620 Οὗτος
596 3557 887 3619 Πισσαίους
911 3555 1151 3620 Ἰταλοὺς
1179 3559 1305 3620 τοὺς
1336 3558 1387 3613 ἐν
1416 3558 1577 3614 πόλει

385 3647 696 3720 Διαφόρους
729 3642 885 3710 ὄντας
913 3667 974 3720 γε
1003 3652 1118 3710 τοῖς
1148 3647 1470 3718 Βενετίκοις,

203 3738 348 3792 6905
383 3735 511 3792 Ἐπὶ
539 3739 713 3808 κακῷ,
746 3738 873 3811 φεῦὶ
905 3742 1005 3805 τῆς
1036 3734 1174 3805 ὅλης
1203 3734 1507 3809 Ῥωμαίδος

388 3824 634 3886 Σπεύσας
660 3823 840 3899 φιλιοῖ
868 3826 958 3879 καὶ
987 3825 1350 3881 καταλλάσσει
1379 3826 1520 3883 τότε.

385 3915 457 3971 Ol.
489 3911 535 3968 δ’
567 3913 896 3988 ἀντιμάχοις
925 3913 1281 3989 προσρυέντις
1317 3915 1507 3970 αὐτίκα

382 4002 497 4060 Ἀεὶ
519 4000 711 4077 διῆγον
738 4003 975 4059 σύσσιτοι
1000 4004 1361 4077 συνημμένον

380 4094 540 4150 Ὅθεν
576 4078 911 4168 Φραγγίσκοι
945 4087 1349 4167 προσλαϐόντες
1377 4112 1428 4146 τι
1465 4092 1627 4166 μέρος

199 4184 345 4239 6910
382 4184 512 4239 Ίῶν
546 4183 927 4256 προσρυέντων
961 4182 1234 4237 Πισσαίων
1266 4182 1559 4238 Βενετίκων

382 4275 467 4326 Δι’
496 4272 730 4326 ἀκατίων
762 4269 1268 4347 προσπεπλευκότες
1299 4270 1460 4326 πόλει

381 4361 833 4424 Συνεισπεσόντες
865 4359 1089 4416 ὁπλῖται
1122 4361 1417 4437 ξιφηφόροι

379 4452 467 4521 Τῇ
498 4454 791 4525 συναγωγῇ
822 4450 1067 4527 κρυφίως
1092 4457 1201 4506 τῶν
1234 4449 1284 4503 ἐν
1328 4451 1519 4525 Ἀγαρ,

377 4540 629 4595 Ἀπαντα
659 4538 982 4613 λῃστεύουσι
1010 4535 1199 4593 τᾶνδον
1239 4537 1499 4610 καθάπαξ·

198 4628 347 4685 6915
381 4629 529 4689 Τὲως
560 4625 608 4681 δ’
634 4628 1079 4701 ἆπεκρούσθησαν
1109 4626 1509 4701 Ἰσμαηλίταις,

382 4717 810 4779 Ἀστυπολίταις
844 4718 992 4795 σφίσι
1027 4717 1541 4791 συμμαχουμὲνοις.

384 4806 447 4859 Ol
481 4803 527 4859 δ’
560 4804 878 4877 ἐκμανέντες
908 4810 1014 4881 πῦρ
1047 4805 1218 4860 ἰνιᾶσι
1252 4802 1472 4879 δόμοις.

387 4896 485 4948 Καὶ
520 4893 868 4970 πυρπολοῦσι
892 4900 973 4967 τῷ
1002 4895 1135 4969 πυρὶ
1166 4899 1244 4966 τῷ
1269 4894 1546 4969 παμφάγῳ

381 4986 466 5041 Τὰ
493 4983 727 5039 πλεῖστα
754 4985 844 5039 καὶ
873 4983 1143 5040 κάλλιστα
1172 4990 1272 5053 τῆς
1302 4982 1725 5040 Κωνσταντίνου.

195 5075 343 5130 6920
380 5074 526 5150 ’Λφῆ
564 5074 660 5147 μὲν
696 5073 975 5150 ἀπηρξατο
1005 5073 1179 5149 πυρὸς
1210 5077 1290 5144 τῷ
1316 5073 1439 5127 τότε

380 5164 480 5220 Ἐκ
510 5165 853 5239 συναγωγῆς,
884 5163 958 5224 ὡς
989 5157 1146 5240 ἔφην,
1176 5166 1283 5215 τῶν
1314 5161 1365 5230 ἐξ
1396 5162 1592 5235 Ἄγαρο

377 5254 456 5308 Τὸ
486 5254 576 5306 καὶ
608 5254 850 5310 Μιτάτον
882 5256 1000 5315 τοῖς
1028 5250 1184 5315 ὅλοις
1211 5248 1554 5321 κεκλημένον

378 5343 453 5398 ’Ὀ
483 5343 617 5415 πρὸς
650 5341 926 5405 θάλασσαν
952 5340 1195 5415 Εἰρήνης
1216 5345 1316 5409 τῆς
1349 5336 1505 5414 ἁγίας

377 5428 775 5506 Ἀγχωμᾶλως
804 5428 997 5506 ’ίδρυτο
1030 5433 1141 5501 ναῷ
1170 5429 1365 5501 τιμίῳ,

191 5522 335 5579 ω
380 5519 488 5578 Καὶ
514 5520 690 5577 πάντα
720 5519 945 5598 φλέξαν,
974 5518 1233 5597 ἀφανίσαν
1260 5517 1326 5571 τὰ
1352 5519 1528 5593 πέριξ.

378 5609 590 5686 Δεῤῥύη
622 5612 754 5685 πῦρ³
783 5610 941 5664 παντ’
974 5607 1073 5684 ὲρη
1085 5611 1219 5681 μοῦν
1249 5606 1316 5659 τὰ
1344 5606 1531 5679 κύκλῳ

1768 285 2129 342 ΟΒΒΔΒΕΒ.

1909 415 1957 476 Α
1991 406 2244 465 instanti
2270 413 2395 481 jam
2430 415 2688 485 periculo
2722 433 2835 473 non
2870 419 2970 475 diu
3002 423 3293 481 resistere.

2003 497 2166 553 Clam
2204 500 2386 570 igitur
2416 519 2518 573 per
2548 509 2777 560 noctem
2808 507 3074 579 dilapsus
3101 512 3323 570 aedibus

2004 587 2151 641 abiit
2181 588 2487 646 Debeltum
2523 593 2782 649 Thracize
2813 597 3144 667 castellum,

2003 676 2102 729 ubi
2129 677 2254 746 jam
2284 679 2394 733 sibi
2432 681 2793 738 instruxerat
2818 686 3240 757 diversorium;

2003 770 2311 835 postquam
2344 772 2614 823 tenuerat
2646 788 2892 842 regnum
2924 776 3095 831 annis
3124 782 3273 845 octo,

2000 852 2187 909 tribus
2219 860 2494 926 praeterea
2528 861 2851 928 mensibus,
2886 864 3094 921 diebus
3126 867 3348 922 decem.

2186 971 2494 1027 ALEXIUS
2537 973 2790 1030 ISAACII
2843 978 3073 1034 FILIUS
3116 981 3329 1039 MENS.
3375 988 3475 1042 VI.

2000 1065 2159 1119 Tunc
2195 1067 2403 1123 iterum
2440 1070 2699 1127 Isaacius
2731 1074 2957 1145 potitur
2987 1081 3302 1136 stemmate

2000 1169 2129 1208 cum
2165 1154 2374 1212 dilecto
2402 1175 2508 1213 suo
2544 1160 2726 1215 ﬁliolo
2762 1163 2961 1219 Alexio
2994 1182 3005 1217 :

2000 1258 2132 1297 nam
2168 1249 2477 1317 postquam
2512 1248 2671 1319 prior
2701 1250 2939 1307 Alexius
2974 1256 3151 1310 cessit
3182 1272 3359 1330 regno

1998 1335 2172 1401 atque
2203 1333 2533 1403 Debeltum,
2566 1343 2629 1391 ut
2660 1339 2941 1410 diximus,
2974 1344 3253 1418 profugit,

1997 1436 2029 1474 a
2059 1429 2261 1477 seualu
2296 1425 2563 1494 protinus
2599 1428 2917 1499 imperator

1996 1525 2183 1565 caecus
2216 1511 2474 1569 Isaacius
2506 1520 2595 1570 est
2625 1518 3006 1587 acclamatus,

1994 1613 2220 1653 carcere
2251 1616 2358 1654 suo
2391 1607 2598 1672 praeter
2627 1620 2790 1674 spem
2825 1610 3101 1667 emissus.
3364 1664 3369 1671 .

1990 1685 2201 1741 Contra
2232 1688 2433 1759 regina
2464 1690 2846 1764 Euphrosyne
2877 1698 3154 1753 custodiae
3188 1703 3459 1759 traditur.

1914 1773 1959 1839 B
1989 1774 2090 1830 Ille
2122 1782 2348 1848 recepto
2380 1778 2592 1834 iterum
2626 1780 2873 1852 imperio

1988 1872 2285 1936 peractam
2322 1885 2444 1924 rem
2473 1869 2768 1942 signiﬁcat
2803 1872 3023 1929 Latinis
3055 1894 3073 1929 .-

1986 1956 2083 2025 qui
2116 1956 2317 2011 statim
2351 1957 2462 2029 ipsi
2489 1959 2843 2014 remiserunt
2877 1960 3064 2016 tilium

1985 2048 2050 2099 ut
2078 2046 2410 2101 consideret
2438 2063 2571 2103 cum
2606 2054 2843 2118 parente
2874 2050 3112 2107 domino

1983 2133 2327 2206 sociumque
2362 2135 2636 2191 honorem
2671 2138 2961 2193 obtineret
2992 2141 3176 2212 regni.

1980 2222 2143 2277 Tunc
2173 2223 2485 2280 universus
2516 2224 2769 2297 populus
2799 2243 2931 2282 cum
2965 2230 3415 2302 magistratibus

1981 2311 2213 2383 utrique
2238 2313 2413 2367 simul
2448 2314 2685 2369 domino
2718 2315 3068 2387 obsequium
3102 2320 3335 2378 obtulit.

1982 2400 2157 2455 Paulo
2191 2406 2324 2473 post
2354 2402 2531 2457 etiam
2558 2403 2736 2458 duces
2772 2406 3107 2462 Latinorum

1978 2489 2121 2544 Cum
2157 2491 2224 2545 ad
2262 2490 2485 2562 regales
2514 2492 2665 2547 aedes
2697 2509 2759 2548 se
2789 2495 3197 2566 contulissent,

1979 2576 2302 2636 honoribus
2331 2581 2522 2636 allecti
2552 2581 2839 2654 donisque
2867 2584 3216 2655 innumeris,

1979 2667 2157 2736 quieti
2192 2675 2563 2725 recesserunt
2594 2687 2724 2726 cum
2759 2678 2915 2728 recto
2947 2675 3172 2733 ordine.

1976 2757 2079 2812 His
2108 2756 2430 2829 imperator
2457 2759 2679 2815 affatim
2713 2762 2974 2832 quotidie

1978 2847 2162 2902 maria
2192 2849 2450 2919 pecuniae
2478 2847 2537 2903 in
2569 2849 2766 2904 sinum
2800 2850 3121 2921 ingerebat,

1974 2951 2310 3008 quanquam
2344 2937 2464 2992 haec
2495 2938 2638 3008 ipsis
2669 2938 3018 2993 videbantur
3047 2943 3247 3011 guttas.

1975 3024 2107 3080 Mox
2137 3027 2205 3081 ad
2242 3026 2545 3097 impensas
2576 3026 2813 3095 indigus
2841 3027 3102 3095 pecuniis

1895 3138 1938 3206 α
1977 3113 2149 3185 erepit
2180 3114 2428 3185 diripere
2454 3130 2651 3168 sacros
2678 3114 3010 3180 thesauros,

1975 3216 2115 3255 vasa
2146 3200 2362 3267 divina,
2396 3200 2756 3253 venerandas
2788 3203 3037 3268 statuas,

1973 3290 2190 3361 quibus
2221 3288 2419 3343 illicite
2448 3287 2765 3343 detrahens
2798 3292 3095 3357 ornatum,

1972 3382 2395 3450 argenteosque
2420 3382 2476 3433 et
2506 3394 2713 3433 aureos
2746 3393 3021 3433 nummos
3053 3380 3337 3453 conﬂans,

1971 3467 2243 3523 hostibus
2270 3466 2425 3536 large
2457 3467 2845 3538 profundebat
2874 3466 3058 3523 Italis.

1971 3558 2027 3612 Is
2058 3561 2114 3611 et
2147 3557 2386 3613 Pisanos
2409 3556 2571 3611 urbis
2604 3556 2930 3627 inquilinos

1970 3646 2215 3702 antehac
2241 3663 2274 3701 a
2303 3646 2540 3701 Venetis
2571 3646 2703 3701 odio
2737 3645 3115 3713 dissidentes,

1969 3734 2081 3789 heu
2110 3735 2121 3789 l
2156 3752 2287 3791 cum
2322 3735 2578 3807 pernicie
2613 3735 2870 3790 universi
2902 3735 3135 3806 imperii

1968 3822 2120 3879 inter
2148 3840 2210 3879 se
2240 3824 2467 3879 studuit
2490 3825 2738 3895 jungere
2770 3823 3046 3879 amicitia.

1969 3912 2055 3968 llli
2092 3913 2439 3968 adversariis
2470 3913 2599 3967 exin
2634 3912 2990 3968 reconciliati

1970 4018 2104 4055 cum
2139 4002 2230 4056 his
2262 4002 2549 4056 curabant
2574 4001 2838 4070 quotidie
2869 4000 3152 4056 convivia.

1966 4090 2114 4144 Tum
2145 4090 2318 4145 etiam
2356 4090 2581 4155 Franci,
2616 4089 2771 4144 socia
2800 4089 3037 4144 cohorte

1974 4179 2187 4234 Pisana
2216 4180 2545 4250 Venetaque
2575 4194 2701 4249 qua;
2735 4178 2888 4234 ultro
2920 4180 3188 4249 accessit,

1968 4268 2193 4339 cymbis
2222 4267 2282 4322 in
2316 4268 2520 4323 urbem
2550 4268 2745 4323 subito
2777 4268 2954 4323 delati

1966 4357 2253 4429 impetum
2286 4357 2509 4412 faciunt
2539 4356 2717 4412 simul
2749 4362 2972 4413 armata
3004 4374 3185 4413 manu

1965 4445 2025 4502 in
2052 4462 2408 4519 synagogam
2444 4445 2594 4501 clam
2625 4448 3049 4518 Agarenorum,

1892 4502 1935 4567 Β
1967 4502 2476 4609 ejusqugomnem
2511 4502 2747 4608 rapiuiit
2776 4502 3203 4606 supellectilem
3238 4556 3251 4593 :

1971 4643 2172 4682 verum
2207 4644 2240 4682 a
2264 4626 2467 4682 Turcis
2499 4627 2733 4681 demum
2766 4630 2905 4681 sunt
2936 4626 3181 4697 repulsi,

1973 4731 2141 4787 opem
2176 4715 2500 4771 ferentibus
2530 4715 2787 4787 Byzantii
2820 4715 3068 4770 civibus.

1975 4805 2061 4860 Illi
2092 4804 2308 4860 efferati
2343 4805 2567 4860 faculas
2600 4804 2873 4874 injiciunt

1973 4894 2186 4949 civium
2220 4893 2409 4961 tectis,
2443 4897 2920 4963 consumuntque
2952 4893 3221 4949 incendio

1974 4982 2230 5055 plurima
2259 4986 2315 5037 et
2345 4984 2571 5055 optima
2600 4982 2764 5036 urbis
2788 4982 3056 5036 aediﬁcia.

1974 5072 2165 5144 Magni
2201 5071 2309 5128 fuit
2338 5076 2533 5127 autem
2566 5070 2820 5125 incendii
2856 5070 3089 5125 initium

1974 5178 2007 5216 a
2036 5177 2351 5233 synagoga,
2386 5166 2451 5216 ut
2482 5159 2759 5225 diximus,
2793 5161 3224 5231 Agarenorum,

1973 5252 2073 5323 qui
2106 5251 2265 5306 locus
2290 5250 2464 5320 vulgo
2494 5248 2710 5304 dicitur
2739 5249 3045 5318 Mitatum;

1970 5340 2148 5412 idque
2178 5339 2491 5395 aediﬁcium
2525 5342 2774 5410 pertinet
2804 5339 2874 5393 ad
2911 5355 3071 5393 mare

1971 5430 2071 5485 ubi
2104 5434 2161 5485 et
2192 5429 2388 5485 Irenes
2419 5428 2562 5483 divae
2594 5426 2882 5499 templum
2916 5427 3110 5498 surgit
3143 5444 3155 5481 :

1970 5517 2132 5574 illinc
2164 5517 2545 5591 progrediens
2578 5517 3016 5587 amburensque
3047 5515 3247 5572 omnia

1969 5612 2481 5682 propagatumque
2510 5606 2669 5679 gravi
2701 5622 2835 5661 cum
2866 5605 3042 5661 exitio
