4004 6200
349 301 457 357 263

413 419 712 481 ALEXIUS
755 404 1230 472 MURTZUFLUS
1271 402 1347 458 M.
1391 403 1462 470 II,
1503 397 1654 453 CUM
1693 395 1760 450 D.
1807 391 1925 445 XV.
2022 390 2076 456 Α

351 553 541 607 Ducas
573 539 804 614 imperii
829 537 1076 605 adeptus
1108 531 1454 602 potestatem

356 636 625 695 aerarium
659 641 906 685 cernens
937 636 1186 677 vacuum
1219 615 1486 688 pecunia,

357 748 389 785 a
421 723 793 798 superiorum
826 721 1158 785 temporum
1194 703 1524 779 publicanis

355 819 415 870 in
441 815 543 884 jus
574 806 793 865 vocatis
825 817 1036 859 aurum
1068 797 1258 868 exegit
1290 791 1626 866 plurimum,

354 878 531 975 idque
561 901 633 955 ad
665 893 974 969 gerendam
1011 885 1260 945 contulit
1291 878 1735 952 rempublicam.

354 974 505 1050 Tum
537 988 716 1045 armis
747 982 957 1055 captis,
991 977 1154 1033 Italis
1181 974 1481 1036 resistens,

356 1085 566 1140 horum
598 1089 878 1134 excursus
910 1067 1217 1125 cohibebat
1246 1061 1410 1118 facile
1446 1077 1457 1114 :

353 1171 734 1244 quamobrem
763 1167 964 1235 gratus
997 1156 1318 1214 admodum
1349 1153 1473 1207 erat
1503 1147 1751 1214 civibus,

349 1241 673 1333 praesertim
699 1269 831 1308 vero
860 1249 1114 1305 militum
1147 1241 1506 1299 cohortibus.

348 1331 418 1406 Et
450 1347 591 1420 quia
620 1341 897 1399 Flandriaa
930 1352 1124 1393 comes
1158 1331 1483 1388 Balduinus

354 1438 566 1495 Phileaa
600 1434 894 1506 regionem
928 1425 1113 1482 milite
1143 1420 1430 1484 vastabat,

355 1531 634 1585 adversus
667 1522 833 1576 illum
867 1516 1066 1572 statim
1100 1513 1290 1567 Caesar
1319 1507 1457 1562 exiit
1489 1523 1500 1558 :

355 1617 457 1672 sed
489 1613 644 1670 enim
680 1609 1009 1682 perpetrato
1043 1598 1246 1656 Martis
1277 1610 1472 1666 opere,

355 1713 520 1775 terga
551 1702 854 1756 Romanus
883 1688 1166 1748 convertit
1194 1682 1502 1745 exercitus,

356 1770 684 1864 par—umque
714 1782 903 1840 abfuit
931 1781 1123 1836 Caesar
1154 1775 1225 1831 ab
1256 1770 1498 1827 interitu
1525 1787 1540 1838 ;

348 1886 548 1951 imago
578 1891 712 1933 vero
744 1869 988 1942 virginis
1017 1866 1300 1937 Deiparaa,

359 1986 537 2044 quam
571 1963 758 2022 nostri
789 1975 953 2032 reges
985 1954 1120 2012 belli
1146 1952 1367 2009 sociam
1400 1951 1626 2016 vocant,

367 2039 566 2133 pugna
593 2056 847 2111 fervente
879 2051 1050 2119 capta
1075 2048 1163 2100 est
1189 2042 1262 2098 ab
1295 2039 1582 2095 hostibus.

365 2130 516 2204 Tum
550 2147 710 2217 pacis
742 2136 1121 2196 conciliandae
1148 2130 1368 2187 omissa
1397 2143 1560 2195 cura,

373 2239 443 2292 ad
480 2233 816 2305 capiendam
849 2227 1057 2282 urbem
1083 2219 1598 2292 diripiendamque

373 2343 436 2382 se
466 2319 843 2393 comparabat
871 2314 1160 2372 exercitus
1189 2309 1450 2365 Latinus.

373 2416 520 2486 Ergo
553 2408 802 2466 sublatis
832 2403 1102 2463 anchoris
1137 2399 1388 2471 navigia,

373 2505 432 2558 in
462 2485 680 2573 quibus
710 2501 876 2550 erant
907 2491 1190 2548 machina:
1223 2504 1354 2543 cum
1391 2485 1588 2548 scalis,

371 2593 443 2647 ab
476 2589 762 2655 Evergetae
795 2579 1133 2636 monasterii
1165 2593 1265 2631 ora

377 2693 563 2749 usque
593 2675 666 2731 ad
699 2669 1052 2726 Blachernas
1084 2680 1279 2719 coram
1313 2661 1720 2717 constiterunt.

379 2766 646 2824 Vicissim
684 2767 866 2816 Ducas
899 2753 1205 2812 transtulit
1236 2750 1551 2807 tentorium

377 2852 626 2929 proximi
656 2850 822 2907 collis
851 2852 1121 2904 statuens
1149 2843 1209 2897 in
1239 2839 1503 2912 specula,

377 2944 532 3000 unde
562 2937 877 3010 conspicua
907 2932 1115 2989 classis
1148 2930 1402 2985 hostium
1436 2930 1581 2991 erat,

376 3030 672 3088 mcenibus
699 3029 823 3098 jam
855 3038 986 3079 cum
1021 3020 1205 3075 milite
1235 3014 1732 3088 appropinquans.

375 3123 622 3191 Moxque
651 3111 950 3186 congressi
980 3126 1112 3165 cum
1147 3103 1683 3179 propugnatoribus

378 3209 584 3264 urbani
620 3206 774 3262 muri
807 3209 863 3258 et
891 3200 1143 3256 turrium
1175 3195 1521 3252 custodibus

380 3299 561 3352 Latini
598 3308 860 3365 pugnam
895 3288 1150 3342 validam
1181 3285 1447 3350 ciebant;

379 3386 481 3440 sed
514 3383 816 3437 inferiores
849 3378 949 3431 illa
979 3378 1216 3429 fuerunt
1246 3373 1356 3426 die.

378 3473 582 3527 Postea
612 3474 771 3523 totus
805 3465 980 3519 rediit
1010 3461 1298 3516 exercitus
1335 3475 1346 3510 :

374 3560 608 3630 duoque
641 3554 744 3609 viri
778 3568 880 3624 per
911 3548 1128 3605 scalam
1167 3548 1560 3617 prorepentes,

376 3661 554 3718 quam
579 3643 732 3697 inter
762 3641 1010 3694 ﬁxerant
1039 3636 1111 3690 ad
1145 3633 1360 3700 Petria,

379 3737 437 3790 in
469 3729 899 3805 apprehensam
933 3724 1142 3780 turrim
1175 3721 1561 3789 desiluerunt,

378 3821 838 3898 praesidiumque
871 3812 1087 3888 gladiis
1114 3811 1493 3884 profligantes

376 3915 615 3987 signum
642 3909 853 3967 laetitia:
888 3904 1257 3964 sustulerunt
1287 3901 1409 3957 suis
1446 3919 1458 3955 :

374 4011 517 4060 tunc
551 4001 831 4060 Italorum
864 3995 1058 4054 omnis
1091 3993 1299 4049 cohors
1332 3991 1523 4046 irruit.

375 4095 483 4162 Qui
514 4110 647 4149 vero
679 4092 963 4148 Caesarem
997 4083 1466 4141 circumstabant
1495 4080 1666 4136 aulici

375 4190 550 4256 atque
577 4180 826 4237 Romani
858 4177 1144 4233 exercitus
1181 4179 1436 4228 rectores

378 4277 439 4330 in
471 4274 650 4345 pedes
680 4267 877 4324 cuncti
911 4269 1096 4322 semet
1125 4265 1523 4333 conjecerunt,

380 4368 558 4434 atque
587 4373 772 4413 unum
805 4353 962 4410 mille
995 4352 1185 4407 timidi
1219 4351 1542 4421 fugiebant,

383 4451 482 4523 qui
517 4464 652 4504 cum
685 4446 754 4501 ad
791 4448 1016 4516 portam
1053 4440 1457 4512 pervenissent
1486 4453 1751 4500 auream,

387 4555 532 4596 novo
563 4535 785 4604 dejecto
817 4530 1140 4587 festinatim
1169 4545 1357 4593 muro,

385 4627 596 4683 misere
627 4626 782 4678 foras
815 4624 995 4676 semet
1025 4616 1444 4690 proripiebant.

384 4721 452 4772 At
482 4710 727 4780 inimici,
761 4710 873 4766 heu
907 4708 1216 4778 lugubrem
1249 4700 1624 4774 tragoediam!

385 4802 502 4856 late
535 4798 797 4871 palantes
830 4794 1048 4865 passim
1084 4808 1184 4861 per
1216 4788 1554 4859 Byzantium

387 4888 789 4946 latrocinando
821 4882 1080 4956 spoliant
1110 4878 1397 4933 nobilium
1430 4878 1658 4942 domos,

388 4977 535 5035 nihil
568 4975 886 5032 nefandum
921 4969 1050 5026 urbi
1085 4984 1198 5024 non
1232 4966 1496 5022 efficiunt
1530 4981 1542 5018 :

389 5064 571 5137 regali
601 5079 831 5135 quoque
863 5063 1143 5130 occupato
1176 5055 1414 5127 palatio,

389 5157 652 5214 inclusas
683 5170 822 5225 opes
850 5150 1087 5224 penitus
1118 5147 1427 5219 diripiunt.

390 5250 584 5305 Caesar
613 5246 838 5318 plateas
868 5242 1156 5312 triviaque
1189 5253 1534 5312 percurrens

392 5338 723 5398 centuriare
749 5337 1046 5391 nitebatur
1075 5329 1378 5404 populum,

392 5426 789 5493 suadebatque
820 5427 884 5477 ut
913 5419 1184 5476 hostibus
1214 5417 1557 5473 resisterent
1592 5430 1606 5468 :

395 5523 453 5576 at
484 5516 729 5574 meliora
758 5512 1007 5571 consilia
1036 5526 1208 5566 nemo
1239 5507 1518 5565 audiebat

396 5606 721 5680 quamlibet
746 5602 877 5661 urbi
910 5605 966 5659 et
994 5599 1107 5658 sibi
1140 5599 1448 5672 profutura
1482 5612 1493 5650 :

1558 264 1929 326 EPHREMH
1965 257 2534 318 CHRONOGRAPHI

2194 382 2508 440 ΑΛΕΞΙΟΣ
2548 381 2592 434 Ο
2633 370 3188 431 ΜΟΥΡΤΖΟΥΦΛΟΣ
3228 371 3402 424 MHN.
3444 371 3526 425 B'.
3577 368 3656 432 q".

2284 511 2375 571 Ὠς
2405 506 2497 562 οὖν
2529 505 2762 577 κατέσχε
2788 503 2888 570 τὴν
2919 495 3255 574 κραταρχίαν
3293 494 3529 564 Δοόκας,

2284 600 2577 672 Χρυσῶνας
2610 593 2783 667 εὑρὼν
2815 589 2866 644 ἐν
2896 591 3062 659 στενῷ
3095 585 3426 663 πεφυκότας,

3647 241 3756 298 264

2286 686 2514 761 Συσχὼν
2542 681 2784 741 τελώνας
2820 678 3131 754 πράκτορας
3161 679 3268 728 τῶν
3303 673 3430 748 πρὶν
3467 672 3650 751 φόρων

2285 782 2478 849 ’Όγκον
2511 773 2636 847 παρ’
2669 771 2845 824 αὐτῶν
2880 766 2992 822 εἷλε
3021 765 3327 840 χρημάτων
3359 761 3553 837 μέγαν,

2108 868 2252 922 7045
2291 863 2388 920 Καὶ
2418 859 2589 918 τοῖσδ’
2621 860 2826 934 ἐχρῆτο
2855 854 2992 932 πρὸς
3023 852 3292 923 διοίκησιν
3327 850 3473 908 ὅλων
3509 869 3521 882 ⁸

2289 953 2385 1011 Καί
2414 958 2530 1013 τοῖς
2559 948 2790 1009 Ἰταλοῖς
2821 945 3086 1001 ἀντεπιὼν
3117 941 3371 1013 ὁπλίτης,

2285 1043 2387 1104 Τὰς
2419 1037 2691 1115 ἐκδρομὰς
2724 1040 2871 1114 σφῶν
2903 1032 3164 1088 ἀνέκοπτε
3196 1028 3394 1107 ῥᾳδίως
3420 1049 3433 1062 ·

2287 1133 2447 1189 ’Όθεν
2479 1128 2731 1193 ποθεινὸς
2769 1127 3014 1199 ὑπῆρχεν
3051 1120 3337 1192 ὑπηκόοις,

2287 1218 2602 1294 Ἐξαιρέτως
2636 1214 2692 1271 δὲ
2723 1216 3065 1289 στρατιωτῶν
3099 1216 3219 1272 ταῖς
3248 1206 3395 1272 ἴλαις
3423 1228 3435 1242 ·

2107 1312 2251 1366 7050
2289 1309 2391 1365 Καὶ
2427 1303 2762 1362 Βαλδουΐνου
2791 1305 2888 1356 τοῦ
2919 1301 3163 1372 κόμητος
3193 1304 3292 1367 τῆς
3325 1295 3613 1373 Φλάντρας

2287 1397 2365 1454 Τὰ
2393 1397 2529 1470 πρὸς
2560 1392 2734 1448 Φιλέα
2763 1389 3173 1457 κατακείροντος
3204 1387 3368 1462 μέρη,

2289 1489 2351 1544 Ὀ
2386 1484 2639 1562 βασιλεὺς
2671 1479 2829 1556 ἔξεισι
2855 1481 2972 1537 κατ’
3003 1478 3167 1534 αὑτοῦ
3195 1478 3368 1551 τάχος
3402 1499 3414 1510 ·

2291 1577 2394 1634 Καὶ
2427 1573 2781 1652 συῤῥαγείσης
2810 1571 2861 1642 ἐξ
2894 1571 3157 1644 ἑκατέρων
3196 1567 3405 1643 μάχης,

2280 1668 2347 1724 Ἠ
2378 1663 2664 1737 Ῥωμαϊκὴ
2695 1660 2918 1736 στρατιά
2946 1663 3092 1712 νῶτα
3117 1655 3287 1712 κλίνει
3323 1675 3334 1686 ·

2036 1747 2080 1812 Β
2111 1759 2255 1813 7055
2292 1756 2440 1818 Ἔνθ’
2472 1751 2530 1807 ἃν
2567 1747 2962 1825 παραπόλλυτο
2991 1750 3189 1822 μικροῦ
3219 1746 3307 1800 καὶ
3341 1745 3586 1820 κράτωρ·

2293 1844 2471 1902 Είκών
2503 1863 2562 1897 τε
2593 1841 2761 1908 σεπτή
2787 1845 2888 1907 τῆς
2919 1831 3332 1910 μητρανᾶνδρου
3365 1832 3569 1907 Κόρης,

2287 1936 2384 1992 Ἦν
2415 1934 2466 1988 oi
2499 1929 2717 1991 ἄνακτες
2751 1929 3052 1983 πλουτοῦσι
3084 1925 3459 2000 στρατηγέτιν,

2295 2025 2552 2098 Ἐχθροῖς
2585 2017 2733 2074 ἑάλω
2763 2018 2899 2072 κατὰ
2922 2011 3088 2086 τήνδε
3115 2015 3214 2082 τὴν
3246 2014 3436 2098 μάχην
3479 2029 3491 2044 ·

2297 2096 2549 2186 Ἀτφεῖντο
2583 2106 2651 2180 δ’,
2684 2109 2718 2177 ἠ
2731 2105 2970 2179 μέληντο
3000 2104 3091 2158 καὶ
3118 2096 3477 2175 συμϐιϐάσεις
3505 2117 3517 2131 ⁶

2117 2206 2262 2260 7060
2300 2201 2403 2259 Καὶ
2435 2198 2630 2256 λοιπὸν
2666 2195 2995 2270 ηὐτρέπιστο
3027 2190 3234 2268 φάλαγξ
3265 2190 3505 2246 Λατίνων

2303 2293 2444 2366 Πρὸς
2477 2287 2662 2348 ἄστεος
2687 2285 2955 2357 πόρθησιν
2989 2280 3194 2336 ἅλωσιν
3229 2281 3276 2333 θ’
3307 2281 3422 2354 ἅμα
3454 2299 3464 2311 ·

2299 2379 2526 2436 Ἠϊόνων
2562 2374 2652 2431 οὖν
2684 2371 3107 2429 ἀποπλεόσαντα
3136 2370 3310 2445 σκάφη

2301 2468 2416 2542 Ἐφ’
2449 2467 2522 2520 ὧν
2556 2466 2806 2538 ὑπῆρχον
2838 2459 3104 2533 κλίμακες
3135 2457 3228 2512 σὺν
3262 2456 3543 2532 ὀργάνοις,

2302 2559 2474 2628 Ἀκτῇ
2503 2552 2791 2626 πόοσίσχει
2822 2557 2920 2620 τῆς
2956 2554 3126 2622 μονῆς
3161 2544 3484 2621 Εὐεργέτου,

2121 2647 2264 2703 7065
2299 2647 2445 2705 "Em:
2479 2639 2810 2716 Βλαχερνῶν
2844 2640 3088 2712 συνεχῶς
3119 2630 3389 2710 ἀφιγμένη
3421 2650 3433 2664 ·

2303 2733 2400 2788 Καὶ
2433 2731 2639 2791 Δοὺκας
2667 2729 2816 2792 αὗθις
2848 2725 3080 2799 πηγνὺει
3108 2725 3313 2793 σκηνήν
3347 2721 3546 2799 φέρων,

2301 2821 2426 2879 Ἐπὶ
2457 2817 2708 2876 κολωνοῦ
2740 2815 2976 2886 πλησίον
3009 2813 3412 2880 παντεπόπτου,

2304 2918 2472 2975 Ἔνθα
2503 2909 2664 2964 θεατὰ
2685 2911 2790 2960 τῶν
2821 2904 3033 2979 ἐχθρῶν
3067 2903 3200 2970 ἦσαν
3234 2901 3436 2977 σκάφη,

2301 3003 2372 3057 ⁴“Α
2404 2999 2493 3054 καὶ
2519 2999 2794 3073 προσέσχε
2822 2993 3027 3067 τείχεσι
3062 2990 3153 3044 σὺν
3184 2989 3436 3050 ὁπλίταις
3473 3007 3485 3020 °

2052 3113 2095 3180 ρ
2130 3093 2273 3148 7070
2309 3091 2376 3148 Οἳ
2409 3084 2820 3160 συμπλακέντες
2847 3087 2964 3143 ταῖς
2995 3081 3100 3156 πρὸ
3128 3080 3360 3154 τειχέων
3401 3075 3548 3140 ἴλαις

2311 3181 2415 3236 Καὶ
2443 3184 2562 3240 τοῖς
2593 3177 2683 3231 ἐπὶ
2713 3174 2937 3248 πὺργων
2963 3192 3022 3245 γε
3050 3169 3490 3242 καθισταμένοις,

2307 3269 2446 3344 Πρὸς
2477 3271 2609 3344 σφᾶς
2642 3264 2826 3338 ἀγῶνα
2855 3259 2943 3316 καὶ
2979 3259 3165 3333 μάχην
3199 3257 3550 3332 συνεκρότουν
3583 3275 3597 3288 ο

2305 3361 2504 3414 Ἠττον
2534 3352 2579 3409 δ’
2613 3353 2984 3426 ἀπηνέγκαντο
3015 3349 3112 3418 τὴν
3144 3347 3257 3401 τόθ’
3289 3346 3526 3421 ἡμέραν.

2303 3448 2460 3516 Ἑξῆς
2493 3441 2549 3498 δὲ
2577 3436 2996 3517 προσϐάλλουσι
3027 3432 3251 3490 πανσυδί
3282 3432 3441 3488 πόλει
3473 3451 3489 3467 ·

2127 3538 2270 3593 70τῦ
2307 3535 2406 3589 Καὶ
2439 3531 2533 3587 δὺο
2568 3529 2614 3586 δ’
2646 3527 2836 3604 ἄνδρες
2869 3527 2929 3582 ἐκ
2961 3529 3086 3599 μιᾶς
3114 3528 3221 3578 τῶν
3253 3520 3542 3594 κλιμάκων

2305 3620 2614 3698 Ἰδρυμένης
2646 3619 2878 3694 ἄγχιστα
2907 3615 3096 3689 χώρου
3123 3610 3381 3686 Πετρίων,

2308 3712 2407 3774 Εἷς
2441 3715 2624 3786 χῶρον
2657 3705 2942 3782 ἀφηλαντο
2962 3704 3053 3759 τὸν
3087 3707 3432 3774 συνημμένον
3464 3718 3477 3730 ·

2307 3801 2404 3856 Καὶ
2437 3797 2739 3875 φυλακικὸν
2771 3794 3170 3870 ἐχοροήσαντες
3205 3790 3368 3866 ξίφει,

2307 3874 2599 3960 Σὺσσγημον
2632 3886 2771 3960 ἦραν
2803 3887 3087 3958 χαρμονῆς
3116 3883 3232 3940 τοῖς
3267 3874 3553 3951 φυλέταις,

2128 3981 2276 4038 7080
2312 3978 2410 4034 Καὶ
2440 3982 2540 4033 πᾶν
2575 3975 2797 4031 Ἰταλῶν
2829 3967 3237 4044 συνδεδράμηκε
3266 3964 3478 4042 στίφος.

2311 4067 2441 4143 Περὶ
2477 4062 2704 4140 βασιλέα
2738 4061 2793 4118 δὲ
2813 4062 2958 4116 τοῦτ’
2991 4055 3315 4134 ἠθρηκότες,

2307 4157 2412 4214 Καὶ
2442 4158 2758 4228 Ῥωμαϊκῆς
2793 4155 3045 4225 στρατιᾶς
3075 4144 3327 4220 ἱλαρχία,

2310 4249 2551 4324 ’ῼχοντο
2582 4245 2775 4304 πάντες
2807 4240 3056 4300 ἀπιόντες
3085 4235 3136 4291 έν
3169 4229 3348 4309 φόϐῳ,

2310 4321 2459 4392 Κατὰ
2490 4331 2711 4410 χιλίους
2746 4329 2832 4407 ὑφ’
2859 4328 2975 4388 ένὸς
3006 4321 3328 4403 πεφευγότες
3364 4361 3376 4374 .

2133 4427 2276 4482 7085
2315 4423 2419 4480 Καὶ
2579 4406 2835 4496 χρυσείας
2868 4407 3270 4474 καταλαϐόντες
3298 4406 3476 4470 πύλας

2315 4512 2510 4568 Καινόν
2542 4532 2599 4565 τε
2630 4515 2818 4584 τεῖχος
2853 4507 3018 4582 ῥᾷστα
3047 4498 3443 4576 καθηρηκότες,

2316 4601 2570 4674 Ἐξῄεσαν
2606 4597 2894 4674 τρέχοντες
2922 4592 3135 4654 ἀκλεῶς
3161 4591 3300 4644 πάνυ
3335 4607 3347 4619 ο

2317 4673 2650 4764 Ἀντίμαχοι
2685 4685 2764 4755 δὲ,
2791 4688 2889 4763 φεῦ
2925 4682 3077 4753 ξένης
3107 4673 3414 4754 τραγῳδίας
3443 4676 3455 4729 Ι

2318 4763 2710 4853 Διασπαρέντες
2740 4771 3010 4847 πολλαχῆ
3044 4763 3368 4837 Βυζαντίδος

2139 4873 2282 4928 7090
2324 4873 2542 4924 Συλῶσι
2575 4864 2930 4940 λγιστρεὺουσι
2964 4857 3221 4933 λαμπρὰς
3255 4854 3452 4920 οίκίας,

2063 4475 2106 4539 Ι)

2321 4958 2418 5014 Καὶ
2449 4959 2622 5012 πάντα
2649 4955 2715 5010 τά
2745 4952 2996 5028 χείριστα
3027 4947 3194 5024 δρῶσι
3225 4945 3322 5012 τὴν
3355 4940 3522 4998 πόλιν
3556 4961 3569 4972 ·

2320 5049 2726 5122 Κατακρατοῦσι
2753 5043 2840 5097 καὶ
2881 5036 3170 5115 βασιλείων
3197 5033 3407 5108 δόμων,

2319 5138 2426 5194 Τὸν
2458 5120 2629 5191 τοῖσδ’
2659 5133 2842 5188 ἐνόντα
2870 5129 3112 5185 πλοῦτον
3139 5120 3549 5181 ἐσκυλευκότες.

2324 5225 2490 5296 "Aw/1E
2523 5223 2569 5279 δ’
2599 5224 2794 5299 ἀγυιὰς
2821 5217 3075 5297 τριόδους
3105 5214 3448 5290 περιτρέχων

2145 5319 2288 5374 7005
2323 5311 2588 5372 Ἔσπευδε
2615 5314 2746 5367 Ααὸν
2780 5308 3105 5386 συναγείρειν
3145 5303 3222 5366 εἷς
3254 5299 3400 5372 ἴλας,

2327 5402 2471 5476 Πρὸς
2503 5399 2550 5456 δ’
2579 5399 2993 5475 ἀπιπαράταξιν
3029 5391 3356 5451 ὑπεναντίων
3389 5406 3406 5434 ι·

2326 5475 2394 5549 0i
2425 5489 2471 5546 δ’
2501 5489 2608 5565 οὐχ
2639 5489 2858 5544 ὑπεῖκον
2891 5486 3153 5562 κρείττον’
3187 5475 3552 5560 ὑφηγουμένῳ

2331 5580 2428 5636 Καὶ
2458 5577 2798 5658 συμφέροντα
2827 5577 2914 5633 καὶ
2948 5577 3099 5654 σφίσι
3122 5571 3214 5630 καὶ
3244 5573 3315 5645 τῇ
3349 5565 3537 5636 πόλει,
