4104 6204
309 261 445 315 265
1865 246 2232 300 CESARES.

510 387 629 437 Τῶν
661 379 862 434 οὐσιῶν
894 373 940 430 δ’
964 373 1195 434 ἕκαστος
1226 368 1523 445 ηὗτούργει
1552 368 1727 443 τάχος

306 475 470 530 ’7100
510 466 817 533 Μετάθεσίν
851 487 908 521 τε
938 467 1026 519 καί
1057 461 1372 536 κατάχωσιν
1402 458 1593 515 πλέον.

510 557 665 618 Ἰδὼν
698 556 746 613 δ’
778 558 807 611 ὁ
841 555 1047 617 Δ)ύκας
1077 554 1151 613 ὡς
1184 548 1375 622 ὄνησις
1408 548 1507 603 οὐκ
1536 543 1632 615 ἔνι,

510 652 582 707 Ἢ
614 649 705 704 καὶ
739 643 937 706 δεδιὼς
972 644 1104 717 ὑπὲρ
1137 642 1308 697 αὐτοῦ
1339 634 1611 698 πλειόνως

510 740 600 807 Μὴ
635 735 923 811 συσχεθεὶς
952 732 1149 787 τίσειεν
1186 728 1390 794 ἀθλίως
1425 724 1604 796 δίκας,

509 826 650 888 Τοὺς
697 808 1012 901 βασιλείους
1061 817 1370 894 εἷσδραμὼν
1420 811 1710 889 λαμπροὺς
1768 808 1994 884 δόμους,

318 920 476 975 ’7105
516 917 613 970 Καὶ
647 910 905 990 βασιλίδα
934 903 1271 987 παραλαϐὼν
1306 901 1677 990 Εὐφροσύνην,

442 1006 548 1062 Σὺν
582 989 878 1080 Θυγατράσι
905 1002 952 1056 τ’
984 992 1241 1073 ἐμϐαλὼν
1271 989 1559 1068 λεμϐαδίῳ

506 1094 709 1155 Ἀλοὺς
745 1098 873 1166 μιάς
904 1088 1067 1167 ἔρωτι
1096 1086 1302 1143 τούτων
1336 1083 1604 1152 ἐκτόπως,

512 1186 716 1254 Ἔξεισι
748 1181 967 1259 φεύγων
999 1175 1232 1252 πατρίδα
1260 1168 1560 1243 Βυζαδτίδα
1593 1189 1607 1203 ο

507 1274 672 1349 Ἀνὴρ
705 1272 977 1347 ὑπάρχων
1009 1268 1226 1342 ἀρεϊκὸς
1254 1263 1306 1320 ἐν
1336 1264 1571 1349 μάχαις,

317 1368 471 1423 7110
514 1346 746 1439 Στερτρὸς
775 1359 1064 1437 μαχητὴς,
1097 1351 1371 1432 γεννάδας,
1404 1346 1714 1428 ῥωμαλέος,

515 1450 919 1527 Σοφισματίας,
952 1444 1250 1523 κρυψίνους
1282 1464 1339 1497 τε
1364 1441 1457 1495 τὸν
1488 1438 1715 1514 τρόπον,

515 1540 813 1619 Πεφυκὲναι
842 1538 1123 1613 πράγμασι
1156 1533 1457 1606 κομπάζων
1490 1527 1644 1587 ὅλοις
1678 1543 1692 1557 ’

510 1630 587 1688 Οὐ
606 1618 943 1703 σωματικῆς
973 1623 1029 1679 εὖ
1060 1623 1206 1698 ἔχων
1243 1618 1605 1694 συμμετρίας,

508 1720 704 1794 Αύχῶν
736 1717 833 1779 τὰς
867 1717 1036 1792 ὀφρῦς
1073 1711 1222 1785 μάλα
1253 1707 1713 1779 συνεσπασμὲνας,

317 1814 471 1868 7115
514 1807 616 1866 Καὶ
649 1808 932 1883 βραγχιῶν
965 1804 1234 1881 φάρυγγα,
1268 1796 1513 1872 δύσηχος
1546 1794 1740 1871 λόγον,

513 1898 763 1955 Ἡλικίαν
795 1895 963 1967 μέσος
992 1912 1051 1947 τε
1075 1889 1165 1945 καὶ
1195 1886 1388 1948 κοῖλος
1419 1886 1597 1963 φύσει,

516 1985 736 2047 Ἄδικος
766 1984 956 2053 εύνὴν,
986 1977 1294 2058 φιλογύνης
1325 1976 1414 2031 καὶ
1446 1972 1669 2049 λάγνος,

514 2069 1019 2151 Πρωτοϐεστιάριος
1051 2066 1126 2123 ὢν
1154 2069 1255 2136 τὴν
1286 2064 1457 2136 ἀξίαν,

514 2168 679 2221 ’Ὁταν
710 2164 947 2237 κατῆρξε
974 2163 1071 2214 τοῦ
1105 2154 1386 2233 βασιλείου
1415 2152 1670 2228 κράτους,

329 2260 480 2313 7120
514 2255 605 2324 Ἐξ
636 2248 851 2327 ἡμέρας
886 2248 1015 2305 δέκα
1043 2269 1100 2302 τε
1132 2246 1223 2300 σὺν
1258 2244 1389 2319 μησὶ
1424 2239 1520 2297 δύο

521 2347 633 2413 Τῆς
666 2339 949 2417 βασιλείας
978 2338 1041 2393 τὸ
1070 2337 1268 2413 κράτος
1296 2331 1554 2397 διιθύνας.

602 2484 960 2544 ΘΕΟΔΩΡΟΣ
1000 2485 1044 2538 Ο
1084 2478 1445 2536 ΛΑΣΚΑΡΙΣ
1486 2476 1594 2531 ET.
1637 2471 1738 2529 ΙΘ’.

518 2613 670 2671 Ἐπεὶ
698 2609 743 2666 δ’
775 2611 803 2665 ὁ
834 2611 1045 2685 κρατῶν
1080 2604 1398 2681 ἀπέδρασεν,
1433 2602 1509 2664 ὡς
1537 2593 1696 2676 ἔφην,

524 2700 728 2761 Δούκας
756 2720 816 2753 τε
843 2696 934 2752 καὶ
966 2696 1235 2769 Λάσκαρις
1264 2691 1456 2767 ἤρισαν
1488 2689 1743 2763 κράτους,

524 2782 936 2847 Καταλαόόντες
967 2786 1058 2839 τὸν
1092 2786 1226 2838 Θεοῦ
1259 2779 1427 2855 μέγαν
1461 2776 1654 2851 δόμον,

336 2884 482 2938 7125
519 2883 723 2956 ’Ἄμφω
755 2874 1006 2951 μαχηταὶ
1035 2874 1125 2927 καὶ
1159 2871 1319 2926 καλοὶ
1352 2867 1554 2925 νεανίαι
1588 2886 1602 2898 ⁸

520 2951 732 3040 Κλήρῳ
763 2967 872 3037 (77)
907 2960 965 3017 δὶ
994 2960 1186 3036 λαχὼν
1219 2960 1493 3032 Λάσκαρις
1519 2951 1879 3029 κραταρχίαν,

518 3058 672 3118 Τὲως
706 3054 800 3128 μὶν
834 3052 1101 3108 ἀπείπατο
1134 3042 1388 3122 σύμϐολα
1414 3045 1645 3121 κράτους
1679 3060 1692 3075 ⁶

526 3145 793 3215 Συνεξιὼν
824 3139 883 3198 δὲ
912 3145 1010 3197 τοῦ
1039 3141 1141 3195 νεὼ
1170 3143 1251 3210 τῷ
1281 3136 1508 3210 ποιμένι

525 3234 674 3292 Κατᾶ
701 3232 911 3291 Μίλιον
942 3229 1032 3286 καὶ
1060 3228 1197 3304 μὲρη
1230 3221 1553 3295 Βυζαντίδος

342 3328 494 3383 7130
531 3324 679 3385 Τοὺς
710 3323 994 3383 συνιόντας
1024 3319 1267 3393 εὐμενῶς
1297 3309 1604 3386 ἠντιϐόλει,

526 3412 627 3471 Καὶ
657 3410 954 3487 παρεκάλει
985 3408 1122 3483 πρὸς
1155 3405 1341 3481 μάχην
1372 3400 1707 3470 ἀντιπάλων,

531 3501 788 3559 Μάλιστα
814 3499 1032 3555 πάντων
1062 3496 1191 3558 τοὺς
1222 3493 1347 3570 περὶ
1384 3491 1609 3569 βασιλέα

534 3594 795 3652 Σείοντας
828 3590 997 3662 ὤμων
1026 3587 1199 3663 ἀρείκ’
1230 3586 1362 3639 ἅττα
1391 3583 1516 3660 ξίφη

531 3680 772 3742 Κελτοὺς
804 3681 1075 3754 Αιπαρῶν,
1107 3675 1429 3751 προτρέπων
1462 3672 1562 3726 οὐκ
1591 3669 1748 3725 ἀνίει.

354 3775 500 3831 7135
536 3770 688 3829 Ἐπεὶ
720 3767 777 3824 δὶ
809 3766 1071 3833 θωπεύων
1100 3786 1159 3820 τε
1186 3763 1276 3819 καὶ
1306 3759 1655 3838 παροτρύνων

536 3862 648 3919 Οὐκ
680 3859 798 3935 εἷχὲ
826 3877 951 3913 τινα
976 3857 1067 3911 τὸν
1097 3853 1336 3910 κλύοντα
1370 3848 1656 3925 μηδόλως,

536 3947 678 4020 Ἤδη
715 3945 773 4002 δὲ
802 3946 892 4002 καὶ
924 3944 1135 4024 φάλαγξ
1166 3963 1249 4005 τις
1277 3943 1428 3996 ὧπτο
1462 3937 1725 3993 Λατίνων.

539 4038 871 4103 Μεθίσταται
901 4033 1116 4109 τάχιστ’
1146 4032 1368 4100 ἐκεῖθεν,
1401 4030 1475 4090 ὡς
1508 4026 1653 4095 δέον,

540 4127 643 4186 Καὶ
675 4126 814 4201 πρὸς
847 4124 1025 4201 φυγὴν
1053 4116 1251 4195 ἔϐλεψε
1278 4120 1367 4175 καὶ
1397 4118 1672 4190 σωτηρίαν
1706 4133 1722 4147 ’

353 4221 504 4277 7140
536 4217 863 4291 Ἀντίμαχοι
895 4211 953 4267 δὶ
982 4212 1098 4267 κατ’
1126 4208 1359 4286 ἐρημίαν
1385 4206 1530 4281 τάχα

540 4310 659 4365 Τῶν
691 4303 1056 4361 κωλυσόντων
1089 4298 1359 4376 ἐκδρομὰς
1392 4299 1539 4374 σφῶν
1574 4295 1812 4361 ἀνέτους,

544 4395 813 4469 Ἐπῄεσαν
840 4390 1139 4451 κτείνοντες
1172 4385 1405 4463 ἀφειδῶς
1435 4383 1573 4463 ξίφει

539 4485 641 4539 Τὸν
672 4478 1060 4560 προστυχόντα
1081 4477 1172 4532 καὶ
1203 4473 1556 4535 σκυλεύοντες
1592 4472 1702 4548 βία,

545 4571 982 4642 Λεηλατοῦντες,
1012 4563 1423 4640 πυρπολοῦντες
1452 4564 1551 4631 τὴν
1584 4560 1773 4631 πόλιν,

358 4664 513 4721 7145
550 4660 653 4719 Καὶ
682 4659 860 4714 πάντα
889 4655 1145 4732 δρῶντες,
1178 4650 1223 4707 ὣ
1253 4650 1612 4707 δυσυποίστου
1643 4648 1764 4710 θέας
1792 4649 1805 4703 l

552 4749 774 4823 Κόσμον
806 4746 1080 4806 συλῶντες
1113 4742 1259 4818 ἱερὸν
1291 4740 1445 4805 θείων
1479 4737 1686 4813 δόμων,

557 4837 735 4894 Σεπτά
760 4857 819 4891 τε
846 4833 1116 4908 κείμήλια
1141 4830 1234 4887 καὶ
1264 4831 1441 4894 θείους
1464 4825 1730 4896 πέπλους,

554 4930 801 4985 Ἕκτυπα
828 4926 1089 5000 Χριστοῦ,
1116 4918 1339 4994 Μητρὸς
1370 4916 1534 4971 αὐτοῦ
1564 4912 1836 4989 πανάγνου

558 5015 652 5078 Εἲς
678 5022 781 5092 γῆν
814 5009 1303 5089 καταῤῥάσσοντες,
1334 5004 1522 5061 ἄλλων
1557 5006 1603 5068 θ’
1636 5001 1801 5078 ἁγίων
1833 5022 1846 5035 ο

366 5112 520 5167 ’7150
558 5107 656 5161 Καὶ
685 5105 780 5159 τὸν
802 5104 930 5178 παρ’
956 5101 1141 5162 αὐτοῖς
1166 5098 1373 5171 κόσμον
1404 5095 1463 5150 ἐκ
1494 5093 1875 5169 χρυσαργύρου

558 5199 729 5254 Ὀντα
760 5191 1149 5270 διαρπάζοντες
1180 5190 1233 5245 οἳ
1262 5181 1570 5262 παραϐάται
1606 5204 1620 5218 ·

562 5284 771 5361 Σεμνὰς
802 5287 1066 5359 γυναῖκας
1095 5276 1242 5354 ἱεράς
1271 5298 1331 5333 τε
1359 5275 1657 5350 παρθένους

452 5454 566 5520 (77)
594 5452 805 5507 Sortem
853 5445 1143 5520 intelligo,
1193 5460 1308 5520 non
1361 5445 1600 5500 clerum;
1629 5441 1687 5520 et
1716 5436 1856 5520 falli.
1892 5436 2039 5492 mihi

371 5501 1172 5580 videturvwiolﬁusil‘lic‘etae
1231 5515 1520 5583 interpres
1567 5511 1668 5583 qui
1718 5508 2038 5583 dictionem
2144 5501 2261 5583 non
2295 5501 2475 5583 semel
2513 5518 2549 5572 p

2020 367 2071 432 Α
2104 368 2203 421 scd
2243 366 2647 439 unusquisque
2679 368 2805 423 suis
2840 368 3049 440 raptim
3082 370 3293 440 opibus

2108 457 2381 512 studebat
2412 458 2834 513 transferendis
2866 462 2966 512 aut
2997 457 3375 513 infodiendis.

2106 545 2249 599 Cum
2283 562 2419 617 ergo
2448 552 2637 602 Ducas
2672 546 2854 601 hilum
2886 563 2997 602 non
3035 548 3362 618 proficeret,

2106 633 2338 706 sibique
2368 636 2742 691 vehementer
2765 638 2889 705 jam
2931 637 3181 703 timeret,

2108 739 2178 777 ne
2209 728 2419 795 captus
2449 740 2654 796 graves
2681 741 2881 797 poenas
2915 724 3066 780 hosti
3102 725 3306 789 lueret,

2104 811 2298 883 regias
2330 813 2397 867 ad
2432 815 2583 869 aedes
2616 814 2934 870 festinatim
2970 813 3306 883 convolans,

2104 905 2278 972 atque
2310 900 2471 958 illinc
2498 908 2793 975 sumptam
2827 903 3270 975 Euphrosynem
3306 902 3569 974 reginam

2104 1006 2278 1061 parvo
2306 990 2366 1045 in
2399 991 2638 1062 phaselo
2669 1009 2804 1048 cum
2834 992 3074 1047 filiabus
3103 992 3418 1060 collocans,

2103 1096 2352 1150 quarum
2385 1098 2562 1137 unam
2596 1080 2721 1155 ipse
2749 1081 3010 1137 efflictim
3044 1080 3367 1153 deperibat,

2102 1169 2267 1224 exsul
2300 1169 2558 1242 profugit
2588 1170 2778 1242 patria
2805 1170 3098 1240 Byzantio.

2102 1260 2199 1315 Vir
2227 1259 2353 1315 sine
2385 1260 2561 1315 dubio
2592 1264 2867 1314 strenuus
2900 1260 2956 1314 in
2991 1258 3229 1331 prazliis,

2101 1353 2379 1404 constans
2410 1348 2674 1414 bellator,
2709 1348 3142 1419 magnanimus,
3180 1346 3362 1417 lortis,

2100 1438 2372 1508 callidus,
2406 1443 2463 1494 et
2493 1439 2739 1495 consilia
2768 1438 2955 1494 celare
2986 1439 3217 1507 solitus,

2100 1528 2328 1584 cunctis
2362 1546 2424 1584 se
2447 1530 2683 1599 jactans
2714 1529 2989 1584 idoneum
3023 1526 3276 1599 negotiis
3314 1546 3327 1581 :

2100 1617 2360 1690 corporis
2392 1619 2579 1673 forma
2610 1635 2722 1673 non
2758 1617 2901 1673 satis
2934 1617 3243 1685 concinna,

2018 1735 2068 1800 Β
2100 1708 2409 1762 adductum
2443 1724 2673 1778 semper
2702 1722 2911 1777 gerens
2942 1706 3350 1777 supercilium,

2098 1796 2368 1851 faucibus
2400 1799 2612 1862 raucis,
2647 1813 2854 1867 aspera
2884 1794 3138 1866 loquela,

2100 1890 2327 1941 statura
2359 1884 2550 1941 media
2579 1890 2635 1941 et
2660 1884 2867 1955 valgus
2898 1902 2929 1938 a
2962 1887 3193 1951 natura,

2100 1973 2379 2042 lascivus,
2412 1974 2762 2029 mulierosus
2792 1977 2848 2029 et
2878 1972 3127 2028 adulter.

2101 2062 2156 2116 Is
2187 2062 2472 2133 dignitate
2504 2060 2985 2134 protovestiarius
3021 2062 3146 2114 erat

2101 2168 2235 2206 cum
2269 2167 2562 2207 summam
2597 2155 2944 2222 potestatem
2976 2151 3065 2204 est
3097 2147 3343 2217 adeptus
3378 2163 3392 2199 :

2101 2242 2272 2311 cujus
2302 2240 2528 2312 regales
2560 2240 2749 2296 tenuit
2780 2239 3039 2294 habenas

2103 2329 2314 2385 diebus
2345 2329 2637 2385 sexdecim
2670 2345 2851 2400 supra
2886 2343 3121 2382 menses
3152 2325 3321 2380 duos.

2314 2472 2748 2529 THEODORUS
2789 2470 3136 2527 LASCARIS
3176 2468 3294 2523 AN.
3335 2466 3539 2522 XVIII.

2105 2604 2239 2655 Post
2270 2599 2470 2670 fugam
2510 2598 2777 2664 Caesaris,
2813 2598 2884 2652 de
2911 2595 3195 2668 capiendo
3229 2592 3477 2665 imperio

2110 2688 2369 2745 Lascaris
2397 2693 2455 2744 et
2482 2687 2634 2744 alius
2666 2687 2855 2743 Ducas
2887 2686 3265 2741 decertarunt

2104 2778 2165 2833 in
2197 2778 2298 2833 Dei
2328 2777 2611 2849 templum
2646 2776 2971 2832 maximum
3006 2773 3279 2846 profecti;

2106 2867 2271 2922 fortis
2304 2870 2546 2936 uterque
2576 2865 2962 2938 egregiusque
2985 2861 3253 2934 juvenis;

2104 2972 2304 3011 verum
2336 2972 2464 3011 sors
2492 2954 2726 3010 Lascari
2758 2950 3004 3009 contulit
3032 2949 3371 3020 imperium,

2106 3044 2207 3115 qui
2237 3044 2397 3116 regia
2426 3048 2622 3098 tamen
2655 3058 2771 3097 non
2803 3038 3059 3110 sumpsit
3087 3034 3347 3107 insignia
3381 3050 3393 3087 :

2024 3096 2070 3167 ο
2107 3096 2208 3188 sed
2240 3096 2555 3189 cocinitante
2592 3126 2919 3201 patriarcha
2943 3096 3222 3197 egressus

2108 3223 2179 3279 ad
2212 3221 2435 3277 Milium
2466 3224 2640 3291 atque
2671 3217 2742 3272 ad
2771 3216 2915 3271 alias
2948 3213 3114 3270 urbis
3144 3216 3367 3283 partes,

2108 3309 2310 3384 populi
2339 3314 2564 3365 turmas
2597 3306 2805 3362 blande
2839 3301 3234 3375 compellabat

2109 3402 2180 3457 ad
2213 3398 2609 3456 resistendum
2638 3395 2911 3451 hostibus
2942 3392 3265 3448 adhortans
3298 3406 3311 3444 :

2110 3489 2402 3563 praecipue
2431 3503 2564 3543 vero
2596 3486 2911 3557 stipatores
2944 3480 3159 3552 regios,

2111 3580 2364 3653 grandes
2394 3580 2693 3650 gestantes
2724 3572 2990 3629 humeris
3029 3570 3334 3641 bipennes,

2110 3668 2301 3725 Celtas
2332 3666 2519 3723 enixis
2550 3664 2901 3737 perurgebat
2932 3659 3222 3733 precibus.

2111 3759 2221 3814 Sed
2254 3774 2387 3814 cum
2419 3772 2523 3811 nec
2554 3753 2790 3810 blandis
2822 3749 3095 3807 suadenti
3128 3747 3345 3813 verbis,

2116 3863 2303 3919 neque
2332 3843 2665 3901 adhortanti
2696 3840 2989 3913 quispiam
3022 3836 3402 3903 auscultaret,

2107 3936 2352 4006 jamque
2383 3934 2691 4006 appareret
2720 3930 2929 3985 cohors
2960 3928 3332 3992 Latinorum;

2120 4023 2381 4080 Lascaris
2408 4020 2595 4089 illinc,
2630 4024 2693 4074 ut
2722 4034 2827 4090 par
2852 4021 2997 4083 erat,
3026 4014 3229 4070 abiens

2120 4113 2259 4184 fuga
2287 4110 2464 4167 saluti
2497 4106 2923 4164 consulendum
2956 4102 3207 4159 censuit.

2120 4200 2357 4256 Interim
2390 4198 2609 4265 hostes,
2643 4196 2913 4252 obviante
2938 4192 3173 4247 nemine

2121 4288 2222 4362 qui
2252 4288 2548 4345 cohiberet
2580 4286 2794 4340 liberos
2824 4296 3129 4349 excursus,

2121 4382 2267 4437 Orco
2302 4376 2611 4433 mittebant
2640 4371 3020 4428 inclementer
3049 4369 3279 4424 animas

2047 4468 2093 4533 D
2125 4469 2340 4525 civium
2372 4479 2677 4533 cmsorum,
2713 4478 2852 4534 opes
2883 4458 3247 4527 auferebant,

2125 4560 2261 4631 igne
2291 4553 2731 4624 latrociniisque
2761 4552 3061 4605 vastantes
3093 4546 3321 4601 urbem.

2130 4649 2173 4705 Ο
2205 4645 2641 4703 intolerandum
2673 4640 2921 4712 lugubre
2952 4634 3392 4710 spectaculum!

2132 4752 2297 4793 sacer
2324 4734 2679 4807 templorum
2713 4733 2951 4785 ornatus
2981 4725 3277 4798 diripitur,

2131 4825 2464 4883 veneranda
2495 4820 2726 4878 cimelia
2757 4817 3042 4888 almaque
3070 4817 3284 4883 vestes,

2134 4918 2333 4973 icones
2361 4911 2575 4970 Christi
2606 4908 2928 4978 Matrisque
2958 4902 3372 4966 sanctissimae,

2138 5005 2510 5075 aliorumque
2542 5013 2822 5072 superum
2855 4996 3207 5051 sternuntur
3235 4989 3431 5057 humi;

2140 5099 2314 5166 atque
2343 5093 2440 5148 his
2470 5088 2793 5163 pretiosum
2827 5082 3012 5155 impia
3039 5081 3096 5134 vi
3129 5081 3454 5135 detractum

2142 5180 2446 5240 metallum
2480 5178 2593 5235 sibi
2624 5175 2923 5231 vindicant
2954 5172 3253 5238 apostataa.

2142 5277 2435 5329 Matronas
2464 5265 2828 5326 venerandas
2859 5274 3176 5331 sacrasque
3202 5256 3457 5328 virgines

374 5568 1170 5668 ἑῖἔξέιλήρᾉῐίἑξ”πρῷὲέῖᾉᾲ
1222 5568 1468 5657 εἰληφῖιὸς
1513 5568 1762 5654 explicat
1808 5598 1842 5635 a
1892 5580 2037 5636 clero

2149 5576 2444 5635 volumine
2477 5568 2533 5644 p:
2567 5572 2689 5637 116,
2723 5586 2779 5623 n.
2815 5568 2862 5621 1.

713 5712 979 5772 ΡΑτιιοι..
1028 5709 1139 5767 Gn.
1192 5700 1449 5765 CXLIII.

3446 5674 3482 5728 9

3648 250 3755 304 266

2144 5435 2431 5508 praelatus.
2456 5425 2617 5508 _Alibi
2640 5439 2875 5508 quoque
2902 5421 3058 5508 idem
3091 5411 3793 5508 lii-cetfenipterp'res

2553 5479 2755 5555 eccere
2778 5479 3113 5551 videbatur.
3143 5487 3367 5543 Confer.
3400 5501 3435 5538 v
3464 5483 3563 5537 Gr.
3593 5479 3653 5533 in
3690 5479 3796 5533 hoc
