4004 6200
339 287 450 341 267
1557 273 1932 332 EPHREMII
1976 267 2548 324 CHRONOGRAPHI

2028 393 2082 461 Α

341 415 411 470 ad
448 417 719 484 stuprum
754 408 991 478 rapiunt
1021 403 1272 458 violenta
1306 418 1485 457 manu
1529 419 1541 457 :

344 501 459 557 alia
488 499 736 556 scelesta
764 497 924 568 (nam
959 492 1272 548 dicendum
1309 490 1584 558 breviter)

345 591 604 646 facinora
633 585 1014 643 committunt
1044 582 1134 637 his
1167 580 1406 636 similia.

344 686 496 749 Ergo
527 676 899 747 angiportus,
930 670 1123 741 trivia,
1154 676 1211 726 et
1243 668 1603 734 ambulacra,

346 771 548 822 sancta
579 763 845 828 delubra,
876 766 934 817 et
963 760 1158 831 anguli
1193 757 1497 824 reconditi,

346 859 491 926 fore,
521 854 648 922 viae,
677 852 812 919 vici,
845 849 1119 922 compita,
1155 847 1380 920 plateae,

344 945 530 1014 luctu,
560 941 902 1015 gemitibus,
934 941 1211 1005 clamore,
1245 941 1303 992 et
1334 933 1662 991 ululatibus

343 1034 623 1099 virorum,
656 1031 1032 1096 feminarum,
1067 1027 1299 1098 alioque
1331 1041 1542 1098 genere

342 1121 689 1194 multiplicis
722 1120 1016 1192 tragmdize
1053 1115 1469 1190 personabant.

339 1215 450 1269 Sed
489 1217 800 1284 postquam
832 1207 1041 1281 spoliis
1075 1206 1326 1279 explevit
1357 1203 1697 1276 ingluviem,

342 1306 512 1357 tinem
546 1299 858 1372 praedando
889 1304 1012 1352 tum
1044 1295 1298 1366 denique
1329 1291 1613 1364 imposuit

343 1390 669 1446 crudelium
698 1387 1045 1442 detestanda
1073 1401 1217 1456 gens
1249 1381 1555 1438 Italorum.

341 1480 542 1534 Visum
577 1477 786 1532 deinde
817 1483 904 1530 est
935 1472 1234 1546 primariis
1264 1471 1517 1526 ducibus

344 1583 600 1623 annuere
630 1566 880 1620 liberum
915 1579 981 1617 ex
1012 1561 1156 1617 urbe
1185 1561 1516 1615 discessum

342 1655 649 1727 quibusvis
680 1653 869 1708 solum
905 1656 1128 1706 vertere
1159 1648 1432 1721 placeret.

342 1747 491 1816 Ergo
523 1743 773 1798 millenae
800 1741 1038 1796 exibant
1065 1744 1312 1794 catervae

343 1832 728 1899 miserabiles,
761 1829 958 1886 tristes
989 1834 1046 1883 et
1079 1842 1381 1900 pannosae,

346 1922 636 1993 sanguine
669 1920 888 1991 potius,
921 1923 986 1972 ut
1010 1917 1199 1986 aiunt,
1232 1932 1410 1988 quam
1443 1913 1718 1984 lacrymis

339 2015 686 2084 praesentem
717 2007 1088 2080 deplorantes
1119 2007 1416 2062 fortunam
1450 2021 1636 2061 suam.

341 2101 470 2156 Itali
503 2116 634 2155 vero
665 2098 877 2154 tumidi
909 2096 1210 2172 superbia,

339 2206 445 2245 ceu
480 2189 529 2244 si
561 2187 963 2259 quadriﬁdam
989 2187 1110 2258 jam
1143 2188 1409 2240 tenerent
1438 2184 1663 2256 orbem,

340 2296 626 2355 regesque
656 2295 862 2350 regum
894 2283 1084 2334 semet
1113 2277 1466 2345 effecissent,

339 2373 629 2442 quotquot
657 2368 766 2422 sub
796 2366 998 2421 l'hmbi
1034 2366 1215 2421 radiis
1247 2365 1619 2435 imperitant;

339 2458 491 2512 inter
520 2473 583 2512 se
611 2459 890 2510 cunctum
925 2453 1268 2510 dividebant
1295 2453 1611 2522 mundum,

341 2545 693 2617 provincias,
725 2544 920 2611 urbes,
953 2542 1175 2614 singuli
1207 2543 1542 2608 sortientes,

341 2641 398 2691 et
427 2638 794 2707 potestatum
826 2632 1016 2689 verbis
1043 2634 1416 2702 occupantes.

341 2728 558 2780 Veneto
591 2725 740 2778 duce
769 2723 1054 2779 suadente
1079 2719 1348 2777 Dandulo

341 2813 601 2883 (homine
631 2829 814 2868 caecos
845 2811 1046 2867 oculos
1077 2813 1338 2883 gerente,

341 2903 470 2959 luce
501 2904 601 2959 sed
629 2900 842 2957 mentis
871 2900 980 2956 heu
1015 2899 1194 2955 nimis
1226 2896 1536 2968 instructo)

337 2997 404 3050 ut
428 2994 748 3066 imperator
779 2990 943 3046 ﬁeret
973 2988 1215 3046 Latinus

335 3084 406 3139 de
435 3082 694 3148 Venetis,
729 3077 1096 3147 Lombardis,
1133 3077 1443 3135 Francisve
1475 3075 1719 3144 electus,

342 3179 496 3234 datis
528 3177 824 3250 suffragiis
856 3177 1137 3234 electores
1170 3173 1396 3232 nobiles

339 3268 757 3338 imperatorem
791 3267 1008 3322 faciunt
1040 3265 1330 3336 Byzantii;

348 3354 706 3408 Balduinum
739 3355 1014 3410 comitem
1053 3353 1368 3423 provincias
1397 3351 1706 3420 Flandrize,

342 3441 558 3498 eximia
587 3440 1016 3496 adolescentem
1044 3440 1233 3494 forma
1263 3439 1597 3509 praeditum,

341 3532 527 3604 pium,
561 3535 618 3585 et
644 3530 872 3586 Christo
904 3527 1153 3584 maxime
1183 3529 1480 3593 devotum,

338 3619 610 3685 hilarem,
646 3618 871 3684 mitem,
903 3614 1287 3688 apprimeque
1316 3619 1571 3682 castum,

333 3707 730 3777 eleemosynis
761 3705 934 3762 etiam
964 3703 1391 3776 indulgentem,

336 3797 703 3854 cumulatum
739 3794 943 3851 multis
974 3811 1007 3850 a
1040 3797 1152 3849 Deo
1183 3792 1521 3858 virtutibus,

332 3887 434 3942 sed
469 3885 753 3958 pudicitia
781 3884 843 3941 in
875 3882 1084 3956 primis
1116 3883 1460 3953 acjustitia.

330 3976 433 4032 Hic
467 3993 568 4048 per
600 3991 925 4049 praeconem
956 3973 1048 4029 bis
1080 3974 1138 4029 in
1169 3973 1540 4030 hebdomade

331 4067 589 4122 maxima
616 4081 756 4123 voce
781 4064 1030 4136 jubebat
1060 4063 1210 4119 edici

328 4171 398 4210 ne
429 4154 563 4226 quis
597 4155 654 4208 in
687 4152 848 4225 regia
879 4156 1052 4208 noctu
1085 4151 1398 4219 cubitaret,

327 4243 428 4313 qui
462 4259 576 4298 non
610 4242 964 4311 conjunctus
997 4239 1233 4311 conjugi
1264 4239 1538 4311 legitimae

326 4329 423 4384 sed
460 4327 743 4384 meretrici
780 4332 983 4383 contra
1015 4328 1101 4383 fas
1135 4326 1484 4383 conviveret.

324 4419 459 4473 Erat
491 4421 548 4474 et
577 4415 774 4488 legum
797 4415 1162 4487 justitiazque
1192 4420 1390 4471 custos
1426 4432 1438 4469 :

324 4507 600 4562 feminam
632 4505 904 4577 quamvis
935 4521 1190 4561 renuens
1223 4505 1534 4576 attingere,

318 4613 424 4652 nec
455 4595 744 4652 teneriore
773 4598 1060 4650 contuens
1079 4599 1348 4663 aspectu,

316 4688 558 4758 quandu
595 4686 830 4758 prepria
860 4685 970 4742 tori
1008 4685 1167 4740 socia
1192 4684 1445 4740 abesset.

316 4778 463 4850 Ergo
495 4777 816 4847 imperator
843 4774 1062 4832 electus
1093 4772 1418 4828 Balduinus

315 4867 458 4924 abiit
487 4884 556 4923 ex
587 4867 730 4923 urbe
759 4866 832 4922 ad
865 4870 1063 4936 partes
1095 4863 1392 4931 occiduas,

311 4967 468 5023 haud
498 4970 781 5037 tanquam
810 4963 944 5020 illas
975 4979 1178 5035 pugna
1208 4963 1592 5032 subacturus,

314 5057 414 5112 sed
446 5055 770 5126 imperator
799 5052 999 5108 volens
1029 5051 1277 5108 salutari

313 5143 710 5217 obsequioque
742 5159 775 5197 a
804 5141 1034 5198 cunctis
1064 5141 1174 5198 coli
1206 5141 1477 5198 subditis.

314 5237 503 5302 Quare
536 5251 640 5290 nec
668 5231 883 5290 veteris
914 5231 1147 5304 imperii
1174 5231 1392 5288 milites

316 5327 374 5382 in
401 5341 577 5381 suum
608 5322 791 5378 voluit
821 5321 1120 5377 conscribi
1155 5321 1492 5376 exercitum.

321 5410 758 5486 Adrianopollm
793 5409 1372 5483 Philippopolimque

321 5504 584 5576 aliasque
615 5503 685 5558 ad
720 5501 896 5558 urbes
927 5497 1184 5556 Thracia
1217 5499 1530 5571 profectus.

320 5594 641 5665 Latinoque
674 5590 767 5647 his
797 5589 1075 5662 imposito
1105 5589 1400 5662 presidio,

2022 1767 2070 1834 Β

2288 387 2584 449 Ἕλκοντες
2618 387 2696 450 εἷς
2724 383 2876 464 ὕϐριν
2909 409 2966 442 τε
2994 386 3082 442 καὶ
3112 387 3317 464 φθορὰν
3351 388 3460 463 βίᾳ,

2275 478 2388 534 ’Καὶ
2420 476 2599 534 τᾶλλα
2630 481 2809 532 κακῶν
2846 473 3095 552 δρῶντες,
3129 473 3226 531 ὧδ’
3255 477 3424 532 εἶπεῖν
3458 471 3608 548 ἔπος,

2103 569 2248 624 7155
2292 569 2568 643 Σύστοιχα
2596 567 2809 629 τούτοις
2839 565 3079 638 καθάπαξ
3113 565 3350 622 ἐοικότα.

2285 658 2375 714 Ἐν
2403 654 2493 710 οὖν
2525 662 2846 726 στενωποῖς,
2866 653 3130 731 τριόδοις,
3165 653 3494 732 λεωφόροις,

2285 751 2472 817 Ναοῖς,
2506 745 2798 820 σεμνείοις,
2827 739 3051 821 γωνίαις
3082 743 3442 824 ἀποκρύφοις,

2283 832 2488 902 Ὁδοῖς,
2522 833 2757 910 ἀγυιαῖς,
2787 834 2877 890 καὶ
2909 833 3217 902 πλατείαις,
3249 833 3542 912 ἀμφόδοις,

2284 926 2528 999 Θρήνων,
2561 930 2942 999 στεναγμάτων
2971 946 3052 994 τε,
3076 929 3362 992 κωκυτῶν,
3393 925 3560 1000 γόων,

2105 1015 2248 1069 7160
2285 1011 2482 1075 Εί’δους
2511 1033 2569 1068 τε
2599 1009 2802 1084 λοιπῆς
2833 1011 3135 1090 δυστυχοῦς
3164 1011 3474 1089 τραγῳδίας

2285 1100 2554 1174 Ἀνδρῶν,
2574 1107 2847 1179 γυναικῶν
2876 1103 2943 1173 ἦν
2976 1108 3231 1180 παριοῦσι
3261 1102 3468 1159 κλύειν.

2283 1193 2414 1249 Επεὶ
2452 1189 2501 1246 δ’
2529 1192 2728 1255 ἱκανῶς
2762 1193 2876 1268 εἶχε
2907 1195 3014 1248 τῶν
3049 1191 3460 1267 σκυλευμάτων,

2284 1283 2522 1338 Ἐπαυσε
2553 1279 2701 1343 λείας
2732 1275 2821 1336 καὶ
2854 1281 3279 1360 Λαφυραγωγίας

2279 1373 2573 1446 Ἔχθιστον
2611 1365 2763 1433 ἔθνος
2792 1370 3016 1429 Ἰταλῶν
3055 1373 3383 1449 μιαιφόνων.

2101 1470 2244 1525 7165
2281 1467 2471 1542 Ἔδοξε
2503 1467 2560 1524 δὲ
2585 1475 2734 1548 σφῶν
2768 1467 3090 1548 προκρίτοις
3116 1471 3515 1547 -στρατηγέταις

2284 1560 2402 1629 Ἐᾇν
2437 1557 2685 1636 ἀπαίρειν
2714 1555 2915 1622 πάντας
2947 1559 3006 1614 ἐκ
3038 1557 3364 1629 Βυζαντίδος

2279 1650 2377 1711 Οἷς
2404 1646 2509 1718 ἡδὺ
2539 1635 2625 1703 καὶ
2660 1649 2942 1725 πρόθυμον
2971 1635 3037 1719 ἦν
3072 1641 3289 1720 ἐξιέναι.

2285 1735 2532 1810 Ἐξῄεσαν
2567 1729 2656 1792 οὖν
2688 1731 2825 1793 κατᾶ
2852 1733 3198 1813 χιλιοστύας,

2284 1826 2528 1901 Οίκτροὶ,
2558 1833 2842 1904 κατηφεῖς,
2871 1826 3086 1903 ῥακίοις
3123 1813 3435 1902 είλημὲνοι,

2104 1927 2246 1980 7170
2283 1922 2489 1997 Α’ίμασι
2523 1923 2737 2000 μᾶλλον
2767 1924 2802 1994 ἢ
2837 1923 3117 2001 δάκρυσιν,
3147 1925 3223 1990 ὡς
3255 1918 3446 2002 λόγος,

2282 2011 2578 2075 Κλαίοντες
2606 2015 2756 2069 οὗτοι
2782 2021 2880 2084 τῆς
2909 2013 3208 2084 ἐνεστώσης
3237 2011 3438 2092 τύχης,

2281 2102 2347 2158 Οἱ
2381 2099 2426 2155 δ’
2459 2101 2669 2174 Ιταλοὶ,
2702 2107 2799 2181 φεῦ
2834 2103 3138 2179 ὑπεροψίας
3167 2104 3333 2175 τόσης
3363 2105 3375 2160 l

2281 2192 2370 2253 Ὠς
2402 2181 2455 2245 εἶ’
2477 2213 2538 2264 γε
2566 2191 2934 2267 τιτράκλιμον
2969 2191 3216 2268 ἴσχοντες
3247 2194 3446 2266 κτίσιν,

2277 2282 2343 2336 Ἤ
2373 2280 2463 2335 καὶ
2500 2279 2745 2355 βασιλεῖς
2773 2281 3164 2357 ἰγκαθεστῶτες
3191 2281 3336 2358 τάχα

2099 2369 2243 2423 7175
2282 2365 2558 2424 Βασιλέων
2592 2367 2809 2423 πάντων
2841 2389 2903 2444 γε
2930 2370 3023 2424 τὸν
3057 2368 3142 2425 ἐπὶ
3180 2372 3374 2444 χθόνα,

2283 2457 2478 2517 Αὐτοῖς
2509 2455 2714 2512 διεῖλον
2748 2457 2928 2535 σφίσιν
2955 2459 3055 2528 τὴν
3087 2459 3440 2534 οἰκουμένην,

2279 2547 2494 2621 Χώρας,
2528 2544 2718 2609 πόλεις
2745 2543 2969 2611 ἕκαστος
3003 2549 3079 2611 εἷς
3105 2548 3450 2626 κληρουχίαν

2279 2635 2380 2691 Καὶ
2413 2633 2728 2692 δεσποτείαν
2760 2629 3134 2710 λαμϐάνοντες
3167 2637 3219 2694 ἐν
3255 2637 3468 2714 λόγοις.

2279 2724 2568 2780 Βενετίκων
2599 2722 2751 2802 δόξαν
2786 2723 2845 2780 δὲ
2875 2715 3030 2782 δουκί
3062 2722 3377 2802 ΔανδούΛῳ,

2099 2814 2241 2870 7180
2279 2817 2446 2887 Πηρῴ
2478 2814 2573 2886 μὶν
2605 2809 2758 2888 ἀνδρὶ
2790 2814 2886 2878 τὰς
2916 2816 3081 2888 κόρας
3110 2819 3217 2870 τῶν
3251 2813 3540 2892 ὀμμάτων,

2277 2902 2418 2964 Νοὸς
2451 2901 2644 2978 φρένας
2677 2899 2734 2957 δὲ
2765 2903 2855 2957 καὶ
2888 2901 3006 2958 λίαν
3038 2896 3359 2981 ἐρρωμένῳ,

2276 2991 2458 3068 Ψήφῳ
2485 2992 2800 3068 κρατάρχην
2833 2992 3123 3069 ἐκλεγῆναι
3161 2995 3431 3068 Λατίνων,

2275 3079 2376 3134 Ἐκ
2402 3100 2459 3134 τε
2490 3081 2868 3156 Φραγγίσκων,
2902 3082 3220 3152 Βενετίκων,
3254 3079 3609 3162 Λαμπάρδων

2280 3169 2652 3245 ἘπιΛεγὲντις
2683 3170 2921 3244 εὐγενεῖς
2951 3163 3276 3252 ψηφηφόροι

2099 3267 2243 3322 7185
2281 3263 2374 3328 Εἷς
2405 3264 2604 3323 ἄνακτα
2635 3267 2853 3344 χρίουσι
2882 3274 2981 3336 τῆς
3017 3272 3420 3328 Κωνσταντίνου

2279 3352 2612 3411 Βαλδουῖνον
2647 3356 2864 3430 κόμητα
2889 3360 3076 3436 χώρας
3108 3365 3209 3428 τῆς
3241 3361 3551 3438 Φλάντρας,

2276 3443 2505 3498 Νεανίαν
2533 3443 2854 3511 κάλλιστον,
2885 3447 3087 3523 ὡραῖον
3122 3449 3300 3524 φύσει,

2278 3529 2592 3604 Φιλευσοόῆ
2623 3553 2680 3589 τε
2702 3535 2793 3591 καὶ
2824 3535 3185 3614 φιλόχριστον
3220 3539 3364 3614 λίαν,

2278 3621 2479 3696 Πραὺν,
2513 3621 2727 3698 ἱλαρὸν,
2760 3628 3201 3703 σωφρονέστατον
3240 3629 3390 3702 μάλα

2095 3711 2238 3769 7190
2280 3709 2488 3785 Μερίδα
2517 3712 2607 3766 καὶ
2642 3712 2905 3785 μέλλοντι
2940 3712 3158 3772 διδόντα
3192 3718 3316 3793 βίῳ,

2271 3797 2510 3856 Ηολλῶν
2540 3805 2766 3876 ταμεῖον
2799 3802 3002 3879 ἀρετῶν
3038 3803 3360 3880 θεοσδότων,

2271 3890 2507 3948 Μάλιστ’
2538 3889 2768 3970 ἕραστὴν
2797 3895 3154 3974 σωφροσύνης
3172 3898 3262 3954 καὶ
3289 3896 3464 3972 δίκης,

2269 3981 2359 4043 Ὠς
2394 3982 2510 4059 εἶχε
2539 3981 2624 4045 δὶς
2653 3985 2867 4060 κήρυκα
2892 3993 2992 4055 τῆς
3024 3982 3330 4060 ἑϐδομάδος

2270 4072 2441 4146 Τορὸν
2479 4072 2696 4147 βοῶντα
2728 4075 2804 4147 μὴ
2828 4073 3106 4139 καθεύδειν
3141 4077 3350 4150 μηδένα

2089 4159 2233 4215 7195
2269 4161 2390 4216 Τῶν
2431 4160 2722 4236 βασιλείων
2757 4161 2966 4228 ἔνδοθεν
2998 4166 3114 4220 καθ’
3141 4165 3365 4243 ἑσπέραν

2265 4247 2451 4320 Μηδὶν
2484 4251 2712 4324 νομίμῳ
2740 4253 2953 4328 γυναικὶ
2990 4255 3360 4328 συνημμένον,

2265 4339 2448 4413 Πόρνῃ
2483 4336 2528 4392 δ’
2561 4340 2808 4414 ἀθὲσμως
2840 4338 3106 4416 συμϐιοῦν
3139 4344 3436 4422 ᾑρημένον.

2262 4427 2362 4483 Ἦν
2394 4428 2484 4482 καὶ
2517 4426 2688 4506 φύλαξ
2719 4430 2903 4504 νόμων
2935 4453 2994 4487 τε
3024 4429 3182 4505 δίκης
3211 4436 3262 4489 τ’
3288 4435 3518 4508 ἐννόμου

2267 4517 2486 4571 Γυναικὶ
2517 4525 2816 4593 προσσχεῖν
2850 4520 2910 4575 οὐ
2946 4519 3182 4592 Θελήσας
3216 4521 3461 4587 οὐδόλως

2082 4615 2225 4669 7200
2262 4610 2406 4684 Μηδ¹
2436 4612 2496 4668 ἂν
2532 4616 2698 4690 μέχρι
2727 4616 3049 4692 βλέμματος
3080 4619 3318 4693 ἐμπαθεῖ
3347 4623 3443 4694 θέᾳ

2257 4704 2421 4758 ’Ὀσον
2453 4723 2553 4778 περ
2582 4703 2726 4774 ἀπῆν
2759 4713 2860 4776 τῆς
2894 4708 3150 4764 συνεύνου
3180 4711 3272 4765 τὸν
3304 4711 3530 4786 χρόνον.

2257 4789 2624 4868 Αὐτοκράτωρ
2657 4791 2750 4848 οὖν
2781 4792 3145 4872 ἀναδειχθεὶς,
3180 4800 3254 4860 ὡς
3285 4793 3444 4876 ἔφην,

2260 4879 2491 4950 Ἔξεισιν
2524 4882 2635 4936 εἶτα
2663 4884 2800 4956 πρὸς
2834 4885 2975 4959 μέρη
3003 4892 3104 4956 τῆς
3137 4887 3388 4963 ἑσπέρας.

2257 4967 2381 5044 Οὐχ
2411 4969 2485 5031 ὡς
2515 4973 2800 5045 κρατήσων
2827 4971 3000 5029 τῶνδε
3028 4981 3129 5044 τῆς
3163 4975 3354 5051 μάχης
3380 4979 3558 5051 νόμῳ,

2082 5056 2226 5113 7205
2261 5054 2418 5112 Ἀλλ’
2442 5057 2534 5114 ’ίνα
2561 5065 2779 5136 γνωσθῇ
2815 5061 3072 5138 βασιλεὺς
3104 5064 3479 5143 αὐτοκράτωρ,

2262 5146 2366 5200 Καὶ
2393 5151 2746 5224 προσκυνηθῇ
2774 5155 2903 5205 πᾶσι
2934 5156 3052 5217 τοῖς
3079 5153 3365 5224 ὑπηκόοις.

2258 5237 2414 5290 Ταῦτ’
2445 5237 2548 5312 ἄρα
2568 5240 2750 5315 τάγμα
2777 5245 3126 5315 στρατιωτῶν
3155 5243 3410 5301 Αὐσόνων

2261 5329 2378 5377 Δεῖν
2407 5325 2506 5379 οὐκ
2534 5321 2708 5400 ἔκρινε
2737 5326 3147 5404 προσλαϐέσθαι
3182 5331 3429 5398 συνόλως
3461 5352 3474 5365 ·

2261 5411 2356 5497 Εἲς
2387 5411 2675 5486 Ἀδριανοῦ
2703 5419 2802 5487 τήν
2829 5417 2994 5474 πόλιν
3029 5417 3076 5474 δ’
3105 5421 3428 5497 ἀφιγμᾶνος,

2081 5499 2226 5557 7210
2262 5493 2360 5553 Καὶ
2386 5501 2485 5569 τὴν
2519 5500 2808 5586 φιλίππού
2837 5508 3108 5580 Θρᾴκικάς
3136 5493 3181 5563 τ’
3215 5493 3659 5586 ἀλλᾶς-πόλεις,

2262 5588 2366 5646 Καὶ
2396 5585 2579 5646 ταῖσδε
2611 5591 2848 5670 φρουρὰν
2879 5589 3136 5668 ἐμϐαλῶν
3168 5589 3228 5654 ἐκ
3257 5601 3528 5673 Λατίνων,
