  <div class='ocr_page' id='page_1' title='image "/cluster/home/n/w/nwhite01/storage/ocr_20150623/143/hvd.32044073502585/140.png"; bbox 0 0 4104 6204; ppageno 0'>
   <div class='ocr_carea' id='block_1_1' title="bbox 311 312 432 369">
    <p class='ocr_par' dir='ltr' id='par_1_1' title="bbox 311 312 432 369">
     <span class='ocr_line' id='line_1_1' title="bbox 311 312 432 369; baseline 0 0"><span class='ocrx_word' id='word_1_1' title='bbox 311 312 432 369; x_wconf 81' lang='lat'><strong>269</strong></span> 
     </span>
    </p>
   </div>
   <div class='ocr_carea' id='block_1_2' title="bbox 505 430 1657 509">
    <p class='ocr_par' dir='ltr' id='par_1_2' title="bbox 505 430 1657 509">
     <span class='ocr_line' id='line_1_2' title="bbox 505 430 1657 509; baseline 0.003 -18"><span class='ocrx_word' id='word_1_2' title='bbox 505 433 904 506; x_wconf 67' lang='grc' dir='ltr'><strong>Θεσσαλονίκην</strong></span> <span class='ocrx_word' id='word_1_3' title='bbox 936 430 1336 509; x_wconf 73' lang='grc' dir='ltr'>καταλαμϐάνει</span> <span class='ocrx_word' id='word_1_4' title='bbox 1368 437 1551 493; x_wconf 83' lang='grc' dir='ltr'>πόλιν·</span> <span class='ocrx_word' id='word_1_5' title='bbox 1656 468 1657 471; x_wconf 56' lang='grc' dir='ltr'><strong>π</strong></span> 
     </span>
    </p>
   </div>
   <div class='ocr_carea' id='block_1_3' title="bbox 510 524 1625 600">
    <p class='ocr_par' dir='ltr' id='par_1_3' title="bbox 510 524 1625 600">
     <span class='ocr_line' id='line_1_3' title="bbox 510 524 1625 600; baseline -0.002 -19"><span class='ocrx_word' id='word_1_6' title='bbox 510 525 611 581; x_wconf 80' lang='grc' dir='ltr'><strong>Καὶ</strong></span> <span class='ocrx_word' id='word_1_7' title='bbox 642 525 749 585; x_wconf 78' lang='grc' dir='ltr'>πάς</span> <span class='ocrx_word' id='word_1_8' title='bbox 781 526 809 578; x_wconf 85' lang='grc' dir='ltr'>ὁ</span> <span class='ocrx_word' id='word_1_9' title='bbox 848 524 979 585; x_wconf 85' lang='grc' dir='ltr'>λαὸς</span> <span class='ocrx_word' id='word_1_10' title='bbox 1013 526 1331 600; x_wconf 77' lang='grc' dir='ltr'>ἐκχτθέντες</span> <span class='ocrx_word' id='word_1_11' title='bbox 1356 527 1625 599; x_wconf 71' lang='grc' dir='ltr'>ἀσμένως,</span> 
     </span>
    </p>
   </div>
   <div class='ocr_carea' id='block_1_4' title="bbox 504 613 1648 693">
    <p class='ocr_par' dir='ltr' id='par_1_4' title="bbox 504 613 1648 693">
     <span class='ocr_line' id='line_1_4' title="bbox 504 613 1648 693; baseline 0.002 -25"><span class='ocrx_word' id='word_1_12' title='bbox 504 614 656 669; x_wconf 78' lang='grc' dir='ltr'>Μετὰ</span> <span class='ocrx_word' id='word_1_13' title='bbox 681 613 894 689; x_wconf 86' lang='grc' dir='ltr'>κρότων</span> <span class='ocrx_word' id='word_1_14' title='bbox 929 613 1091 668; x_wconf 74' lang='grc' dir='ltr'>αἰνῶν</span> <span class='ocrx_word' id='word_1_15' title='bbox 1121 636 1201 685; x_wconf 81' lang='grc' dir='ltr'>τε,</span> <span class='ocrx_word' id='word_1_16' title='bbox 1234 621 1429 693; x_wconf 69' lang='grc' dir='ltr'>φωνῶν</span> <span class='ocrx_word' id='word_1_17' title='bbox 1459 616 1648 670; x_wconf 81' lang='grc' dir='ltr'><strong>αἰσίων</strong></span> 
     </span>
    </p>
   </div>
   <div class='ocr_carea' id='block_1_5' title="bbox 318 701 1610 778">
    <p class='ocr_par' dir='ltr' id='par_1_5' title="bbox 318 701 1610 778">
     <span class='ocr_line' id='line_1_5' title="bbox 318 701 1610 778; baseline -0.002 -19"><span class='ocrx_word' id='word_1_18' title='bbox 318 707 470 760; x_wconf 80' lang='grc'>7215</span> <span class='ocrx_word' id='word_1_19' title='bbox 508 703 719 763; x_wconf 71' lang='grc' dir='ltr'><strong>Αὑτοῦς</strong></span> <span class='ocrx_word' id='word_1_20' title='bbox 742 724 802 758; x_wconf 88' lang='grc' dir='ltr'><strong>τε</strong></span> <span class='ocrx_word' id='word_1_21' title='bbox 832 701 1153 778; x_wconf 68' lang='grc' dir='ltr'>παρέδωκαν</span> <span class='ocrx_word' id='word_1_22' title='bbox 1185 706 1298 778; x_wconf 77' lang='grc' dir='ltr'><strong>ἅμα</strong></span> <span class='ocrx_word' id='word_1_23' title='bbox 1327 708 1415 759; x_wconf 78' lang='grc' dir='ltr'><strong>καὶ</strong></span> <span class='ocrx_word' id='word_1_24' title='bbox 1448 704 1610 759; x_wconf 85' lang='grc' dir='ltr'>πόλιν</span> 
     </span>
    </p>
   </div>
   <div class='ocr_carea' id='block_1_6' title="bbox 522 790 1643 870">
    <p class='ocr_par' dir='ltr' id='par_1_6' title="bbox 522 790 1643 870">
     <span class='ocr_line' id='line_1_6' title="bbox 522 790 1643 870; baseline 0 -23"><span class='ocrx_word' id='word_1_25' title='bbox 522 794 743 847; x_wconf 76' lang='grc' dir='ltr'>’Λνακτι</span> <span class='ocrx_word' id='word_1_26' title='bbox 771 790 912 863; x_wconf 79' lang='grc' dir='ltr'>τῷδε</span> <span class='ocrx_word' id='word_1_27' title='bbox 938 792 1263 865; x_wconf 77' lang='grc' dir='ltr'>Βαλδουίνῳ</span> <span class='ocrx_word' id='word_1_28' title='bbox 1293 794 1643 870; x_wconf 74' lang='grc' dir='ltr'><strong>προφρόνως·</strong></span> 
     </span>
    </p>
   </div>
   <div class='ocr_carea' id='block_1_7' title="bbox 510 879 1603 952">
    <p class='ocr_par' dir='ltr' id='par_1_7' title="bbox 510 879 1603 952">
     <span class='ocr_line' id='line_1_7' title="bbox 510 879 1603 952; baseline 0.003 -17"><span class='ocrx_word' id='word_1_29' title='bbox 510 879 574 935; x_wconf 69' lang='grc' dir='ltr'><strong>Οἳ</strong></span> <span class='ocrx_word' id='word_1_30' title='bbox 604 883 690 936; x_wconf 76' lang='grc' dir='ltr'><strong>καὶ</strong></span> <span class='ocrx_word' id='word_1_31' title='bbox 714 881 1095 936; x_wconf 73' lang='grc' dir='ltr'><strong>καθικέτευσαν</strong></span> <span class='ocrx_word' id='word_1_32' title='bbox 1123 882 1281 937; x_wconf 79' lang='grc' dir='ltr'>αὐτὸν</span> <span class='ocrx_word' id='word_1_33' title='bbox 1310 884 1603 952; x_wconf 80' lang='grc' dir='ltr'>συντόνως,</span> 
     </span>
    </p>
   </div>
   <div class='ocr_carea' id='block_1_8' title="bbox 510 969 1646 1049">
    <p class='ocr_par' dir='ltr' id='par_1_8' title="bbox 510 969 1646 1049">
     <span class='ocr_line' id='line_1_8' title="bbox 510 969 1646 1049; baseline -0.001 -22"><span class='ocrx_word' id='word_1_34' title='bbox 510 972 656 1041; x_wconf 75' lang='grc' dir='ltr'><strong>Μήτ’</strong></span> <span class='ocrx_word' id='word_1_35' title='bbox 686 969 845 1026; x_wconf 84' lang='grc' dir='ltr'>αὐτὸν</span> <span class='ocrx_word' id='word_1_36' title='bbox 878 974 1187 1047; x_wconf 85' lang='grc' dir='ltr'>στράτευμα</span> <span class='ocrx_word' id='word_1_37' title='bbox 1217 973 1509 1049; x_wconf 79' lang='grc' dir='ltr'>παρελθεῖν</span> <span class='ocrx_word' id='word_1_38' title='bbox 1541 969 1646 1027; x_wconf 81' lang='grc' dir='ltr'><strong>ἔσω</strong></span> 
     </span>
    </p>
   </div>
   <div class='ocr_carea' id='block_1_9' title="bbox 508 1060 1455 1137">
    <p class='ocr_par' dir='ltr' id='par_1_9' title="bbox 508 1060 1455 1137">
     <span class='ocr_line' id='line_1_9' title="bbox 508 1060 1455 1137; baseline 0.001 -23"><span class='ocrx_word' id='word_1_39' title='bbox 508 1060 916 1131; x_wconf 81' lang='grc' dir='ltr'>Θεσσαλονίκης</span> <span class='ocrx_word' id='word_1_40' title='bbox 944 1062 1171 1132; x_wconf 81' lang='grc' dir='ltr'>ἀξιῶσαι</span> <span class='ocrx_word' id='word_1_41' title='bbox 1200 1081 1455 1137; x_wconf 84' lang='grc' dir='ltr'>τειχεων·</span> 
     </span>
    </p>
   </div>
   <div class='ocr_carea' id='block_1_10' title="bbox 315 1156 1655 1233">
    <p class='ocr_par' dir='ltr' id='par_1_10' title="bbox 315 1156 1655 1233">
     <span class='ocr_line' id='line_1_10' title="bbox 315 1156 1655 1233; baseline 0.001 -22"><span class='ocrx_word' id='word_1_42' title='bbox 315 1161 469 1214; x_wconf 79' lang='grc'><strong>’7220</strong></span> <span class='ocrx_word' id='word_1_43' title='bbox 506 1160 575 1215; x_wconf 67' lang='lat'><strong>&quot;0</strong></span> <span class='ocrx_word' id='word_1_44' title='bbox 602 1159 691 1212; x_wconf 78' lang='grc' dir='ltr'><strong>καὶ</strong></span> <span class='ocrx_word' id='word_1_45' title='bbox 723 1156 999 1233; x_wconf 77' lang='grc' dir='ltr'>δεδρακὼς</span> <span class='ocrx_word' id='word_1_46' title='bbox 1032 1160 1274 1233; x_wconf 78' lang='grc' dir='ltr'>εὐμενῶς</span> <span class='ocrx_word' id='word_1_47' title='bbox 1305 1159 1655 1233; x_wconf 78' lang='grc' dir='ltr'>Βαλδουὶνος,</span> 
     </span>
    </p>
   </div>
   <div class='ocr_carea' id='block_1_11' title="bbox 510 1248 1607 1325">
    <p class='ocr_par' dir='ltr' id='par_1_11' title="bbox 510 1248 1607 1325">
     <span class='ocr_line' id='line_1_11' title="bbox 510 1248 1607 1325; baseline 0.002 -22"><span class='ocrx_word' id='word_1_48' title='bbox 510 1248 675 1313; x_wconf 76' lang='grc' dir='ltr'>Αὖθις</span> <span class='ocrx_word' id='word_1_49' title='bbox 706 1248 1141 1325; x_wconf 72' lang='grc' dir='ltr'>καθυπέστρεψεν</span> <span class='ocrx_word' id='word_1_50' title='bbox 1177 1251 1255 1313; x_wconf 77' lang='grc' dir='ltr'>εἰς</span> <span class='ocrx_word' id='word_1_51' title='bbox 1288 1249 1607 1319; x_wconf 79' lang='grc' dir='ltr'>Βυζαντίδα·</span> 
     </span>
    </p>
   </div>
   <div class='ocr_carea' id='block_1_12' title="bbox 511 1337 1701 1416">
    <p class='ocr_par' dir='ltr' id='par_1_12' title="bbox 511 1337 1701 1416">
     <span class='ocr_line' id='line_1_12' title="bbox 511 1337 1701 1416; baseline -0.001 -21"><span class='ocrx_word' id='word_1_52' title='bbox 511 1339 611 1395; x_wconf 78' lang='grc' dir='ltr'><strong>Καὶ</strong></span> <span class='ocrx_word' id='word_1_53' title='bbox 643 1337 925 1394; x_wconf 70' lang='grc' dir='ltr'>σπένδεταί</span> <span class='ocrx_word' id='word_1_54' title='bbox 954 1361 1015 1416; x_wconf 87' lang='grc' dir='ltr'><strong>γε</strong></span> <span class='ocrx_word' id='word_1_55' title='bbox 1046 1339 1358 1396; x_wconf 77' lang='grc' dir='ltr'>Δανδούλου</span> <span class='ocrx_word' id='word_1_56' title='bbox 1388 1339 1701 1415; x_wconf 71' lang='grc' dir='ltr'>συμϐουλίᾳ</span> 
     </span>
    </p>
   </div>
   <div class='ocr_carea' id='block_1_13' title="bbox 508 1426 1797 1506">
    <p class='ocr_par' dir='ltr' id='par_1_13' title="bbox 508 1426 1797 1506">
     <span class='ocr_line' id='line_1_13' title="bbox 508 1426 1797 1506; baseline 0 -21"><span class='ocrx_word' id='word_1_57' title='bbox 508 1434 601 1501; x_wconf 80' lang='grc' dir='ltr'><strong>Τῷ</strong></span> <span class='ocrx_word' id='word_1_58' title='bbox 631 1431 759 1502; x_wconf 79' lang='grc' dir='ltr'>πρὶν</span> <span class='ocrx_word' id='word_1_59' title='bbox 790 1426 859 1483; x_wconf 82' lang='grc' dir='ltr'>δι’</span> <span class='ocrx_word' id='word_1_60' title='bbox 890 1428 1095 1505; x_wconf 68' lang='grc' dir='ltr'>ἔχθρας</span> <span class='ocrx_word' id='word_1_61' title='bbox 1120 1432 1453 1506; x_wconf 82' lang='grc' dir='ltr'><strong>τυγχάνοντι</strong></span> <span class='ocrx_word' id='word_1_62' title='bbox 1484 1432 1574 1486; x_wconf 74' lang='grc' dir='ltr'><strong>καὶ</strong></span> <span class='ocrx_word' id='word_1_63' title='bbox 1606 1430 1797 1505; x_wconf 82' lang='grc' dir='ltr'>μάχης</span> 
     </span>
    </p>
   </div>
   <div class='ocr_carea' id='block_1_14' title="bbox 510 1513 1458 1595">
    <p class='ocr_par' dir='ltr' id='par_1_14' title="bbox 510 1513 1458 1595">
     <span class='ocr_line' id='line_1_14' title="bbox 510 1513 1458 1595; baseline 0.004 -24"><span class='ocrx_word' id='word_1_64' title='bbox 510 1518 652 1587; x_wconf 82' lang='grc' dir='ltr'><strong>Ἕξω</strong></span> <span class='ocrx_word' id='word_1_65' title='bbox 678 1513 1017 1593; x_wconf 68' lang='grc' dir='ltr'>διατρίϐοντι</span> <span class='ocrx_word' id='word_1_66' title='bbox 1047 1523 1125 1591; x_wconf 79' lang='grc' dir='ltr'>τῷ</span> <span class='ocrx_word' id='word_1_67' title='bbox 1162 1520 1458 1595; x_wconf 82' lang='grc' dir='ltr'>μαρκεσίῳ·</span> 
     </span>
    </p>
   </div>
   <div class='ocr_carea' id='block_1_15' title="bbox 320 1606 1591 1685">
    <p class='ocr_par' dir='ltr' id='par_1_15' title="bbox 320 1606 1591 1685">
     <span class='ocr_line' id='line_1_15' title="bbox 320 1606 1591 1685; baseline 0.002 -26"><span class='ocrx_word' id='word_1_68' title='bbox 320 1608 473 1662; x_wconf 77' lang='grc'><strong>7225</strong></span> <span class='ocrx_word' id='word_1_69' title='bbox 510 1608 701 1670; x_wconf 85' lang='grc' dir='ltr'>’Ὀστις</span> <span class='ocrx_word' id='word_1_70' title='bbox 730 1606 969 1669; x_wconf 74' lang='grc' dir='ltr'>ἀποστὰς</span> <span class='ocrx_word' id='word_1_71' title='bbox 990 1606 1388 1685; x_wconf 79' lang='grc' dir='ltr'>Διδυμοτείχου</span> <span class='ocrx_word' id='word_1_72' title='bbox 1416 1608 1591 1663; x_wconf 71' lang='grc' dir='ltr'>θέλων</span> 
     </span>
    </p>
   </div>
   <div class='ocr_carea' id='block_1_16' title="bbox 510 1695 1508 1772">
    <p class='ocr_par' dir='ltr' id='par_1_16' title="bbox 510 1695 1508 1772">
     <span class='ocr_line' id='line_1_16' title="bbox 510 1695 1508 1772; baseline 0 -21"><span class='ocrx_word' id='word_1_73' title='bbox 510 1695 823 1772; x_wconf 55' lang='grc' dir='ltr'>Ἐρίσταται</span> <span class='ocrx_word' id='word_1_74' title='bbox 854 1696 1088 1770; x_wconf 82' lang='grc' dir='ltr'>τάχιστα</span> <span class='ocrx_word' id='word_1_75' title='bbox 1120 1695 1508 1769; x_wconf 72' lang='grc' dir='ltr'>Θεσσαλονίκῂ,</span> 
     </span>
    </p>
   </div>
   <div class='ocr_carea' id='block_1_17' title="bbox 515 1784 1686 1861">
    <p class='ocr_par' dir='ltr' id='par_1_17' title="bbox 515 1784 1686 1861">
     <span class='ocr_line' id='line_1_17' title="bbox 515 1784 1686 1861; baseline -0.001 -20"><span class='ocrx_word' id='word_1_76' title='bbox 515 1784 617 1841; x_wconf 80' lang='grc' dir='ltr'>Καὶ</span> <span class='ocrx_word' id='word_1_77' title='bbox 651 1786 750 1853; x_wconf 78' lang='grc' dir='ltr'>τήν</span> <span class='ocrx_word' id='word_1_78' title='bbox 784 1785 946 1840; x_wconf 77' lang='grc' dir='ltr'>πόλιν</span> <span class='ocrx_word' id='word_1_79' title='bbox 976 1786 1169 1840; x_wconf 65' lang='grc' dir='ltr'>εἴσεισε</span> <span class='ocrx_word' id='word_1_80' title='bbox 1196 1787 1399 1856; x_wconf 76' lang='grc' dir='ltr'>ταύτην</span> <span class='ocrx_word' id='word_1_81' title='bbox 1428 1787 1686 1861; x_wconf 81' lang='grc' dir='ltr'><strong>ἀμάχως,</strong></span> 
     </span>
    </p>
   </div>
   <div class='ocr_carea' id='block_1_18' title="bbox 513 1873 1655 1947">
    <p class='ocr_par' dir='ltr' id='par_1_18' title="bbox 513 1873 1655 1947">
     <span class='ocr_line' id='line_1_18' title="bbox 513 1873 1655 1947; baseline 0.001 -21"><span class='ocrx_word' id='word_1_82' title='bbox 513 1874 611 1927; x_wconf 70' lang='grc' dir='ltr'><strong>Καὶ</strong></span> <span class='ocrx_word' id='word_1_83' title='bbox 642 1874 933 1947; x_wconf 73' lang='grc' dir='ltr'><strong>ζημιώσας</strong></span> <span class='ocrx_word' id='word_1_84' title='bbox 963 1876 1090 1937; x_wconf 75' lang='grc' dir='ltr'>τοὺς</span> <span class='ocrx_word' id='word_1_85' title='bbox 1122 1875 1353 1937; x_wconf 90' lang='grc' dir='ltr'>πολίτας</span> <span class='ocrx_word' id='word_1_86' title='bbox 1386 1873 1591 1937; x_wconf 80' lang='grc' dir='ltr'>ἀδίκως</span> <span class='ocrx_word' id='word_1_87' title='bbox 1652 1924 1655 1927; x_wconf 90' lang='grc'>.</span> 
     </span>
    </p>
   </div>
   <div class='ocr_carea' id='block_1_19' title="bbox 515 1962 1649 2043">
    <p class='ocr_par' dir='ltr' id='par_1_19' title="bbox 515 1962 1649 2043">
     <span class='ocr_line' id='line_1_19' title="bbox 515 1962 1649 2043; baseline 0.001 -25"><span class='ocrx_word' id='word_1_88' title='bbox 515 1962 607 2020; x_wconf 74' lang='grc' dir='ltr'><strong>Εἲς</strong></span> <span class='ocrx_word' id='word_1_89' title='bbox 636 1965 902 2038; x_wconf 78' lang='grc' dir='ltr'>χρήματά</span> <span class='ocrx_word' id='word_1_90' title='bbox 929 1985 989 2020; x_wconf 86' lang='grc' dir='ltr'><strong>τε</strong></span> <span class='ocrx_word' id='word_1_91' title='bbox 1016 1967 1103 2020; x_wconf 86' lang='grc' dir='ltr'><strong>καὶ</strong></span> <span class='ocrx_word' id='word_1_92' title='bbox 1136 1963 1432 2043; x_wconf 53' lang='grc' dir='ltr'>τινμαλφεῖς</span> <span class='ocrx_word' id='word_1_93' title='bbox 1457 1964 1649 2033; x_wconf 79' lang='grc' dir='ltr'>οίκίας,</span> 
     </span>
    </p>
   </div>
   <div class='ocr_carea' id='block_1_20' title="bbox 326 2054 1541 2133">
    <p class='ocr_par' dir='ltr' id='par_1_20' title="bbox 326 2054 1541 2133">
     <span class='ocr_line' id='line_1_20' title="bbox 326 2054 1541 2133; baseline 0.001 -24"><span class='ocrx_word' id='word_1_94' title='bbox 326 2056 477 2111; x_wconf 78' lang='lat'><strong>7230</strong></span> <span class='ocrx_word' id='word_1_95' title='bbox 515 2054 727 2129; x_wconf 81' lang='grc' dir='ltr'>Μαρίαν</span> <span class='ocrx_word' id='word_1_96' title='bbox 754 2055 908 2133; x_wconf 73' lang='grc' dir='ltr'>ἀφεὶς</span> <span class='ocrx_word' id='word_1_97' title='bbox 938 2057 1036 2126; x_wconf 84' lang='grc' dir='ltr'><strong>τὴν</strong></span> <span class='ocrx_word' id='word_1_98' title='bbox 1072 2058 1320 2112; x_wconf 78' lang='grc' dir='ltr'>σύνευνον</span> <span class='ocrx_word' id='word_1_99' title='bbox 1354 2056 1541 2120; x_wconf 72' lang='grc' dir='ltr'>αὐτόθι</span> 
     </span>
    </p>
   </div>
   <div class='ocr_carea' id='block_1_21' title="bbox 512 2144 1628 2221">
    <p class='ocr_par' dir='ltr' id='par_1_21' title="bbox 512 2144 1628 2221">
     <span class='ocr_line' id='line_1_21' title="bbox 512 2144 1628 2221; baseline 0.004 -26"><span class='ocrx_word' id='word_1_100' title='bbox 512 2144 615 2211; x_wconf 75' lang='grc' dir='ltr'><strong>Τήν</strong></span> <span class='ocrx_word' id='word_1_101' title='bbox 648 2146 910 2219; x_wconf 70' lang='grc' dir='ltr'>κρὲτορος</span> <span class='ocrx_word' id='word_1_102' title='bbox 937 2146 1063 2220; x_wconf 73' lang='grc' dir='ltr'>πρὶν</span> <span class='ocrx_word' id='word_1_103' title='bbox 1096 2147 1336 2221; x_wconf 81' lang='grc' dir='ltr'>γαμετὴν</span> <span class='ocrx_word' id='word_1_104' title='bbox 1368 2145 1628 2215; x_wconf 79' lang='grc' dir='ltr'>Ἰσακίου,</span> 
     </span>
    </p>
   </div>
   <div class='ocr_carea' id='block_1_22' title="bbox 511 2232 1529 2310">
    <p class='ocr_par' dir='ltr' id='par_1_22' title="bbox 511 2232 1529 2310">
     <span class='ocr_line' id='line_1_22' title="bbox 511 2232 1529 2310; baseline 0 -20"><span class='ocrx_word' id='word_1_105' title='bbox 511 2235 747 2297; x_wconf 77' lang='grc' dir='ltr'>Ἐκεῖθεν</span> <span class='ocrx_word' id='word_1_106' title='bbox 778 2232 1068 2308; x_wconf 78' lang='grc' dir='ltr'><strong>ἐξώρμησε</strong></span> <span class='ocrx_word' id='word_1_107' title='bbox 1094 2236 1363 2310; x_wconf 77' lang='grc' dir='ltr'>τάγμασιν</span> <span class='ocrx_word' id='word_1_108' title='bbox 1396 2237 1529 2309; x_wconf 75' lang='grc' dir='ltr'>ἅμα,</span> 
     </span>
    </p>
   </div>
   <div class='ocr_carea' id='block_1_23' title="bbox 514 2322 1800 2399">
    <p class='ocr_par' dir='ltr' id='par_1_23' title="bbox 514 2322 1800 2399">
     <span class='ocr_line' id='line_1_23' title="bbox 514 2322 1800 2399; baseline 0.003 -23"><span class='ocrx_word' id='word_1_109' title='bbox 514 2328 618 2376; x_wconf 83' lang='grc' dir='ltr'><strong>Καῖ</strong></span> <span class='ocrx_word' id='word_1_110' title='bbox 648 2323 738 2382; x_wconf 70' lang='grc' dir='ltr'>τὰς</span> <span class='ocrx_word' id='word_1_111' title='bbox 768 2322 962 2385; x_wconf 83' lang='grc' dir='ltr'>πόλεις</span> <span class='ocrx_word' id='word_1_112' title='bbox 999 2324 1232 2397; x_wconf 79' lang='grc' dir='ltr'>μέτεισιν</span> <span class='ocrx_word' id='word_1_113' title='bbox 1263 2326 1359 2386; x_wconf 72' lang='grc' dir='ltr'><strong>τας</strong></span> <span class='ocrx_word' id='word_1_114' title='bbox 1386 2326 1525 2399; x_wconf 86' lang='grc' dir='ltr'>πρὸς</span> <span class='ocrx_word' id='word_1_115' title='bbox 1555 2323 1800 2399; x_wconf 69' lang='grc' dir='ltr'>ἑσπέραν.</span> 
     </span>
    </p>
   </div>
   <div class='ocr_carea' id='block_1_24' title="bbox 516 2411 1609 2490">
    <p class='ocr_par' dir='ltr' id='par_1_24' title="bbox 516 2411 1609 2490">
     <span class='ocr_line' id='line_1_24' title="bbox 516 2411 1609 2490; baseline 0.004 -27"><span class='ocrx_word' id='word_1_116' title='bbox 516 2411 716 2486; x_wconf 73' lang='grc' dir='ltr'>Σὲῥρας</span> <span class='ocrx_word' id='word_1_117' title='bbox 748 2416 1125 2487; x_wconf 79' lang='grc' dir='ltr'>παρεστήσατο</span> <span class='ocrx_word' id='word_1_118' title='bbox 1154 2414 1251 2482; x_wconf 79' lang='grc' dir='ltr'>σὴν</span> <span class='ocrx_word' id='word_1_119' title='bbox 1283 2417 1351 2487; x_wconf 80' lang='grc' dir='ltr'>τῇ</span> <span class='ocrx_word' id='word_1_120' title='bbox 1376 2412 1609 2490; x_wconf 76' lang='grc' dir='ltr'>Βεῤῥοία</span> 
     </span>
    </p>
   </div>
   <div class='ocr_carea' id='block_1_25' title="bbox 326 2508 1728 2584">
    <p class='ocr_par' dir='ltr' id='par_1_25' title="bbox 326 2508 1728 2584">
     <span class='ocr_line' id='line_1_25' title="bbox 326 2508 1728 2584; baseline 0.001 -21"><span class='ocrx_word' id='word_1_121' title='bbox 326 2511 481 2563; x_wconf 75' lang='grc'><strong>7235</strong></span> <span class='ocrx_word' id='word_1_122' title='bbox 523 2512 717 2582; x_wconf 81' lang='grc' dir='ltr'>Κρατεῖ</span> <span class='ocrx_word' id='word_1_123' title='bbox 746 2510 1021 2584; x_wconf 72' lang='grc' dir='ltr'>Λαρίσσης</span> <span class='ocrx_word' id='word_1_124' title='bbox 1048 2509 1318 2573; x_wconf 78' lang='grc' dir='ltr'>Ἑλλάδος</span> <span class='ocrx_word' id='word_1_125' title='bbox 1347 2533 1407 2566; x_wconf 89' lang='grc' dir='ltr'><strong>τε</strong></span> <span class='ocrx_word' id='word_1_126' title='bbox 1436 2515 1537 2576; x_wconf 79' lang='grc' dir='ltr'>τῆς</span> <span class='ocrx_word' id='word_1_127' title='bbox 1565 2508 1728 2581; x_wconf 79' lang='grc' dir='ltr'>ὅλης,</span> 
     </span>
    </p>
   </div>
   <div class='ocr_carea' id='block_1_26' title="bbox 510 2597 1693 2672">
    <p class='ocr_par' dir='ltr' id='par_1_26' title="bbox 510 2597 1693 2672">
     <span class='ocr_line' id='line_1_26' title="bbox 510 2597 1693 2672; baseline 0.002 -21"><span class='ocrx_word' id='word_1_128' title='bbox 510 2597 661 2672; x_wconf 62' lang='grc' dir='ltr'>Αἱρεῖ</span> <span class='ocrx_word' id='word_1_129' title='bbox 690 2620 748 2652; x_wconf 85' lang='grc' dir='ltr'><strong>τε</strong></span> <span class='ocrx_word' id='word_1_130' title='bbox 776 2601 875 2668; x_wconf 79' lang='grc' dir='ltr'>τήν</span> <span class='ocrx_word' id='word_1_131' title='bbox 910 2599 1195 2669; x_wconf 76' lang='grc' dir='ltr'>Πέλοπος,</span> <span class='ocrx_word' id='word_1_132' title='bbox 1230 2600 1402 2663; x_wconf 67' lang='grc' dir='ltr'>ἄλλας</span> <span class='ocrx_word' id='word_1_133' title='bbox 1431 2602 1495 2655; x_wconf 76' lang='grc' dir='ltr'><strong>αὖ</strong></span> <span class='ocrx_word' id='word_1_134' title='bbox 1527 2600 1693 2654; x_wconf 83' lang='grc' dir='ltr'>πάλιν</span> 
     </span>
    </p>
   </div>
   <div class='ocr_carea' id='block_1_27' title="bbox 506 2688 1727 2765">
    <p class='ocr_par' dir='ltr' id='par_1_27' title="bbox 506 2688 1727 2765">
     <span class='ocr_line' id='line_1_27' title="bbox 506 2688 1727 2765; baseline 0.002 -25"><span class='ocrx_word' id='word_1_135' title='bbox 506 2688 873 2761; x_wconf 70' lang='grc' dir='ltr'>Συγκειμὲνας</span> <span class='ocrx_word' id='word_1_136' title='bbox 906 2688 1143 2765; x_wconf 72' lang='grc' dir='ltr'>ἄγχιστα</span> <span class='ocrx_word' id='word_1_137' title='bbox 1175 2691 1362 2765; x_wconf 82' lang='grc' dir='ltr'>χώρας</span> <span class='ocrx_word' id='word_1_138' title='bbox 1390 2691 1480 2744; x_wconf 77' lang='grc' dir='ltr'><strong>καὶ</strong></span> <span class='ocrx_word' id='word_1_139' title='bbox 1511 2688 1727 2753; x_wconf 86' lang='grc' dir='ltr'>πόλεις·</span> 
     </span>
    </p>
   </div>
   <div class='ocr_carea' id='block_1_28' title="bbox 504 2776 1765 2856">
    <p class='ocr_par' dir='ltr' id='par_1_28' title="bbox 504 2776 1765 2856">
     <span class='ocr_line' id='line_1_28' title="bbox 504 2776 1765 2856; baseline 0.002 -28"><span class='ocrx_word' id='word_1_140' title='bbox 504 2776 599 2829; x_wconf 80' lang='grc' dir='ltr'><strong>Καὶ</strong></span> <span class='ocrx_word' id='word_1_141' title='bbox 630 2783 733 2831; x_wconf 73' lang='grc' dir='ltr'>πᾶν</span> <span class='ocrx_word' id='word_1_142' title='bbox 765 2799 827 2853; x_wconf 82' lang='grc' dir='ltr'><strong>γε</strong></span> <span class='ocrx_word' id='word_1_143' title='bbox 860 2783 1060 2853; x_wconf 73' lang='grc' dir='ltr'>μικροῦ</span> <span class='ocrx_word' id='word_1_144' title='bbox 1087 2780 1150 2834; x_wconf 88' lang='grc' dir='ltr'><strong>τὸ</strong></span> <span class='ocrx_word' id='word_1_145' title='bbox 1171 2781 1307 2856; x_wconf 87' lang='grc' dir='ltr'>πρὸς</span> <span class='ocrx_word' id='word_1_146' title='bbox 1334 2780 1563 2853; x_wconf 69' lang='grc' dir='ltr'>ὲοπὲραν</span> <span class='ocrx_word' id='word_1_147' title='bbox 1587 2776 1765 2851; x_wconf 89' lang='grc' dir='ltr'>κλίμα</span> 
     </span>
    </p>
   </div>
   <div class='ocr_carea' id='block_1_29' title="bbox 505 2864 1637 2942">
    <p class='ocr_par' dir='ltr' id='par_1_29' title="bbox 505 2864 1637 2942">
     <span class='ocr_line' id='line_1_29' title="bbox 505 2864 1637 2942; baseline 0.004 -23"><span class='ocrx_word' id='word_1_148' title='bbox 505 2864 715 2921; x_wconf 75' lang='grc' dir='ltr'>Δοῦλον</span> <span class='ocrx_word' id='word_1_149' title='bbox 744 2871 1123 2942; x_wconf 75' lang='grc' dir='ltr'>παρεστήσατο</span> <span class='ocrx_word' id='word_1_150' title='bbox 1156 2870 1398 2924; x_wconf 75' lang='grc' dir='ltr'>Λατίνιον</span> <span class='ocrx_word' id='word_1_151' title='bbox 1431 2870 1637 2942; x_wconf 78' lang='grc' dir='ltr'>κράτει,</span> 
     </span>
    </p>
   </div>
   <div class='ocr_carea' id='block_1_30' title="bbox 319 2953 1575 3032">
    <p class='ocr_par' dir='ltr' id='par_1_30' title="bbox 319 2953 1575 3032">
     <span class='ocr_line' id='line_1_30' title="bbox 319 2953 1575 3032; baseline 0.004 -25"><span class='ocrx_word' id='word_1_152' title='bbox 319 2954 468 3009; x_wconf 79' lang='grc'><strong>’7240</strong></span> <span class='ocrx_word' id='word_1_153' title='bbox 508 2955 604 3007; x_wconf 74' lang='grc' dir='ltr'><strong>Καὶ</strong></span> <span class='ocrx_word' id='word_1_154' title='bbox 637 2953 973 3019; x_wconf 83' lang='grc' dir='ltr'>Βαλδουῖνος</span> <span class='ocrx_word' id='word_1_155' title='bbox 1005 2956 1056 3012; x_wconf 76' lang='grc' dir='ltr'>ἐν</span> <span class='ocrx_word' id='word_1_156' title='bbox 1088 2957 1249 3012; x_wconf 87' lang='grc' dir='ltr'>πόλει</span> <span class='ocrx_word' id='word_1_157' title='bbox 1282 2954 1575 3032; x_wconf 79' lang='grc' dir='ltr'>διατρίϐων</span> 
     </span>
    </p>
   </div>
   <div class='ocr_carea' id='block_1_31' title="bbox 504 3044 1639 3123">
    <p class='ocr_par' dir='ltr' id='par_1_31' title="bbox 504 3044 1639 3123">
     <span class='ocr_line' id='line_1_31' title="bbox 504 3044 1639 3123; baseline 0.005 -25"><span class='ocrx_word' id='word_1_158' title='bbox 504 3044 791 3123; x_wconf 66' lang='grc' dir='ltr'>[Ιέπομφεν</span> <span class='ocrx_word' id='word_1_159' title='bbox 819 3046 1021 3122; x_wconf 75' lang='grc' dir='ltr'>Ἐῥρῆν</span> <span class='ocrx_word' id='word_1_160' title='bbox 1052 3047 1314 3123; x_wconf 79' lang='grc' dir='ltr'>σύγγονον</span> <span class='ocrx_word' id='word_1_161' title='bbox 1345 3048 1484 3121; x_wconf 85' lang='grc' dir='ltr'>πρὸς</span> <span class='ocrx_word' id='word_1_162' title='bbox 1504 3049 1639 3104; x_wconf 59' lang='lat' dir='ltr'><strong>“Em.</strong></span> 
     </span>
    </p>
   </div>
   <div class='ocr_carea' id='block_1_32' title="bbox 504 3133 1640 3212">
    <p class='ocr_par' dir='ltr' id='par_1_32' title="bbox 504 3133 1640 3212">
     <span class='ocr_line' id='line_1_32' title="bbox 504 3133 1640 3212; baseline 0.004 -26"><span class='ocrx_word' id='word_1_163' title='bbox 504 3133 597 3186; x_wconf 78' lang='grc' dir='ltr'><strong>Καὶ</strong></span> <span class='ocrx_word' id='word_1_164' title='bbox 632 3136 839 3210; x_wconf 67' lang='grc' dir='ltr'>Πέτρου</span> <span class='ocrx_word' id='word_1_165' title='bbox 864 3133 1040 3212; x_wconf 75' lang='grc' dir='ltr'>ἄνδρα</span> <span class='ocrx_word' id='word_1_166' title='bbox 1069 3134 1318 3211; x_wconf 83' lang='grc' dir='ltr'>γεννάδα,</span> <span class='ocrx_word' id='word_1_167' title='bbox 1355 3135 1640 3212; x_wconf 67' lang='grc' dir='ltr'>ῥωμαλέον</span> 
     </span>
    </p>
   </div>
   <div class='ocr_carea' id='block_1_33' title="bbox 498 3221 1601 3301">
    <p class='ocr_par' dir='ltr' id='par_1_33' title="bbox 498 3221 1601 3301">
     <span class='ocr_line' id='line_1_33' title="bbox 498 3221 1601 3301; baseline 0.002 -25"><span class='ocrx_word' id='word_1_168' title='bbox 498 3221 766 3293; x_wconf 75' lang='grc' dir='ltr'>Ἦρωϊκόν</span> <span class='ocrx_word' id='word_1_169' title='bbox 792 3243 854 3277; x_wconf 80' lang='grc' dir='ltr'><strong>τε</strong></span> <span class='ocrx_word' id='word_1_170' title='bbox 878 3223 979 3291; x_wconf 77' lang='grc' dir='ltr'>τὴν</span> <span class='ocrx_word' id='word_1_171' title='bbox 1012 3224 1150 3301; x_wconf 73' lang='grc' dir='ltr'>φυὴν</span> <span class='ocrx_word' id='word_1_172' title='bbox 1182 3224 1273 3278; x_wconf 87' lang='grc' dir='ltr'><strong>καὶ</strong></span> <span class='ocrx_word' id='word_1_173' title='bbox 1300 3224 1365 3277; x_wconf 84' lang='grc' dir='ltr'>τὸ</span> <span class='ocrx_word' id='word_1_174' title='bbox 1397 3222 1601 3287; x_wconf 67' lang='grc' dir='ltr'>σθένος·</span> 
     </span>
    </p>
   </div>
   <div class='ocr_carea' id='block_1_34' title="bbox 499 3306 1805 3389">
    <p class='ocr_par' dir='ltr' id='par_1_34' title="bbox 499 3306 1805 3389">
     <span class='ocr_line' id='line_1_34' title="bbox 499 3306 1805 3389; baseline 0.002 -23"><span class='ocrx_word' id='word_1_175' title='bbox 499 3310 620 3387; x_wconf 73' lang='grc' dir='ltr'><strong>Ἀφ’</strong></span> <span class='ocrx_word' id='word_1_176' title='bbox 643 3312 722 3365; x_wconf 81' lang='grc' dir='ltr'><strong>ὧν</strong></span> <span class='ocrx_word' id='word_1_177' title='bbox 749 3312 954 3389; x_wconf 70' lang='grc' dir='ltr'><strong>Έρῥῆς</strong></span> <span class='ocrx_word' id='word_1_178' title='bbox 987 3314 1082 3386; x_wconf 72' lang='grc' dir='ltr'>μὲν</span> <span class='ocrx_word' id='word_1_179' title='bbox 1117 3308 1451 3388; x_wconf 75' lang='grc' dir='ltr'>προσλαϐὼν</span> <span class='ocrx_word' id='word_1_180' title='bbox 1484 3306 1805 3388; x_wconf 64' lang='grc' dir='ltr'>συμμαχίαν</span> 
     </span>
    </p>
   </div>
   <div class='ocr_carea' id='block_1_35' title="bbox 353 3409 1593 3488">
    <p class='ocr_par' dir='ltr' id='par_1_35' title="bbox 353 3409 1593 3488">
     <span class='ocr_line' id='line_1_35' title="bbox 353 3409 1593 3488; baseline 0.003 -26"><span class='ocrx_word' id='word_1_181' title='bbox 353 3410 463 3463; x_wconf 82' lang='grc'>245</span> <span class='ocrx_word' id='word_1_182' title='bbox 503 3409 588 3478; x_wconf 79' lang='grc' dir='ltr'>Ἐξ</span> <span class='ocrx_word' id='word_1_183' title='bbox 618 3410 925 3485; x_wconf 75' lang='grc' dir='ltr'>Ἀρμενίων</span> <span class='ocrx_word' id='word_1_184' title='bbox 958 3416 1065 3466; x_wconf 90' lang='grc' dir='ltr'><strong>τῶν</strong></span> <span class='ocrx_word' id='word_1_185' title='bbox 1088 3411 1305 3467; x_wconf 77' lang='grc' dir='ltr'>ἐνοίκων</span> <span class='ocrx_word' id='word_1_186' title='bbox 1332 3410 1593 3488; x_wconf 81' lang='grc' dir='ltr'>Τρωάδος</span> 
     </span>
    </p>
   </div>
   <div class='ocr_carea' id='block_1_36' title="bbox 496 3498 1579 3577">
    <p class='ocr_par' dir='ltr' id='par_1_36' title="bbox 496 3498 1579 3577">
     <span class='ocr_line' id='line_1_36' title="bbox 496 3498 1579 3577; baseline 0.002 -24"><span class='ocrx_word' id='word_1_187' title='bbox 496 3499 688 3573; x_wconf 79' lang='grc' dir='ltr'>Χώρας</span> <span class='ocrx_word' id='word_1_188' title='bbox 718 3498 933 3567; x_wconf 68' lang='grc' dir='ltr'>ἐκάκου,</span> <span class='ocrx_word' id='word_1_189' title='bbox 966 3502 1241 3577; x_wconf 70' lang='grc' dir='ltr'>κατὲκειρε</span> <span class='ocrx_word' id='word_1_190' title='bbox 1268 3501 1358 3555; x_wconf 85' lang='grc' dir='ltr'><strong>καὶ</strong></span> <span class='ocrx_word' id='word_1_191' title='bbox 1388 3500 1579 3563; x_wconf 79' lang='grc' dir='ltr'>πόλεις</span> 
     </span>
    </p>
   </div>
   <div class='ocr_carea' id='block_1_37' title="bbox 503 3584 1614 3665">
    <p class='ocr_par' dir='ltr' id='par_1_37' title="bbox 503 3584 1614 3665">
     <span class='ocr_line' id='line_1_37' title="bbox 503 3584 1614 3665; baseline 0.005 -27"><span class='ocrx_word' id='word_1_192' title='bbox 503 3585 573 3639; x_wconf 69' lang='lat' dir='ltr'><strong>Ai</strong></span> <span class='ocrx_word' id='word_1_193' title='bbox 608 3584 776 3657; x_wconf 70' lang='grc' dir='ltr'>μηδὲν</span> <span class='ocrx_word' id='word_1_194' title='bbox 813 3588 1117 3644; x_wconf 77' lang='grc' dir='ltr'>ὗπὲκυπτον</span> <span class='ocrx_word' id='word_1_195' title='bbox 1148 3589 1375 3645; x_wconf 78' lang='grc' dir='ltr'>Ἰταλῶν</span> <span class='ocrx_word' id='word_1_196' title='bbox 1406 3589 1614 3665; x_wconf 85' lang='grc' dir='ltr'>κράτει·</span> 
     </span>
    </p>
   </div>
   <div class='ocr_carea' id='block_1_38' title="bbox 503 3674 1722 3750">
    <p class='ocr_par' dir='ltr' id='par_1_38' title="bbox 503 3674 1722 3750">
     <span class='ocr_line' id='line_1_38' title="bbox 503 3674 1722 3750; baseline 0.002 -22"><span class='ocrx_word' id='word_1_197' title='bbox 503 3675 601 3729; x_wconf 71' lang='grc' dir='ltr'><strong>Διὰ</strong></span> <span class='ocrx_word' id='word_1_198' title='bbox 628 3674 687 3731; x_wconf 77' lang='grc' dir='ltr'>δὲ</span> <span class='ocrx_word' id='word_1_199' title='bbox 709 3682 929 3750; x_wconf 82' lang='grc' dir='ltr'>τεμπῶν</span> <span class='ocrx_word' id='word_1_200' title='bbox 962 3680 1047 3734; x_wconf 80' lang='grc' dir='ltr'><strong>καὶ</strong></span> <span class='ocrx_word' id='word_1_201' title='bbox 1080 3684 1273 3735; x_wconf 87' lang='grc' dir='ltr'>στενῶν</span> <span class='ocrx_word' id='word_1_202' title='bbox 1306 3684 1414 3734; x_wconf 87' lang='grc' dir='ltr'><strong>τῶν</strong></span> <span class='ocrx_word' id='word_1_203' title='bbox 1440 3686 1541 3748; x_wconf 81' lang='grc' dir='ltr'>τῆς</span> <span class='ocrx_word' id='word_1_204' title='bbox 1571 3676 1722 3747; x_wconf 70' lang='grc' dir='ltr'>Ἴδης</span> 
     </span>
    </p>
   </div>
   <div class='ocr_carea' id='block_1_39' title="bbox 497 3766 1542 3846">
    <p class='ocr_par' dir='ltr' id='par_1_39' title="bbox 497 3766 1542 3846">
     <span class='ocr_line' id='line_1_39' title="bbox 497 3766 1542 3846; baseline 0 -25"><span class='ocrx_word' id='word_1_205' title='bbox 497 3766 591 3826; x_wconf 74' lang='grc' dir='ltr'><strong>Εἷς</strong></span> <span class='ocrx_word' id='word_1_206' title='bbox 619 3767 719 3834; x_wconf 76' lang='grc' dir='ltr'>τήν</span> <span class='ocrx_word' id='word_1_207' title='bbox 754 3768 1039 3831; x_wconf 80' lang='grc' dir='ltr'>Ἠετίωνος</span> <span class='ocrx_word' id='word_1_208' title='bbox 1068 3769 1333 3846; x_wconf 65' lang='grc' dir='ltr'>πὲφθακεν</span> <span class='ocrx_word' id='word_1_209' title='bbox 1356 3766 1542 3822; x_wconf 81' lang='grc' dir='ltr'>πόλιν·</span> 
     </span>
    </p>
   </div>
   <div class='ocr_carea' id='block_1_40' title="bbox 322 3855 1599 3934">
    <p class='ocr_par' dir='ltr' id='par_1_40' title="bbox 322 3855 1599 3934">
     <span class='ocr_line' id='line_1_40' title="bbox 322 3855 1599 3934; baseline 0.004 -27"><span class='ocrx_word' id='word_1_210' title='bbox 322 3856 466 3909; x_wconf 80' lang='lat'><strong>72.50</strong></span> <span class='ocrx_word' id='word_1_211' title='bbox 503 3855 589 3924; x_wconf 79' lang='grc' dir='ltr'>Ἐξ</span> <span class='ocrx_word' id='word_1_212' title='bbox 622 3859 808 3917; x_wconf 69' lang='grc' dir='ltr'>ἄστεος</span> <span class='ocrx_word' id='word_1_213' title='bbox 837 3858 1041 3929; x_wconf 65' lang='grc' dir='ltr'>Πετρος</span> <span class='ocrx_word' id='word_1_214' title='bbox 1075 3855 1132 3913; x_wconf 76' lang='grc' dir='ltr'><strong>δὶ</strong></span> <span class='ocrx_word' id='word_1_215' title='bbox 1162 3858 1359 3934; x_wconf 82' lang='grc' dir='ltr'>Πηγῶν</span> <span class='ocrx_word' id='word_1_216' title='bbox 1393 3856 1599 3933; x_wconf 83' lang='grc' dir='ltr'>ἀπάρας</span> 
     </span>
    </p>
   </div>
   <div class='ocr_carea' id='block_1_41' title="bbox 504 3944 1579 4023">
    <p class='ocr_par' dir='ltr' id='par_1_41' title="bbox 504 3944 1579 4023">
     <span class='ocr_line' id='line_1_41' title="bbox 504 3944 1579 4023; baseline 0.004 -27"><span class='ocrx_word' id='word_1_217' title='bbox 504 3945 618 4010; x_wconf 85' lang='grc' dir='ltr'>’ᾘει</span> <span class='ocrx_word' id='word_1_218' title='bbox 646 3945 785 4019; x_wconf 85' lang='grc' dir='ltr'>πρὸς</span> <span class='ocrx_word' id='word_1_219' title='bbox 817 3944 1091 4001; x_wconf 78' lang='grc' dir='ltr'>Λοπάδιον</span> <span class='ocrx_word' id='word_1_220' title='bbox 1122 3946 1361 4023; x_wconf 67' lang='grc' dir='ltr'>εὐχερῶς</span> <span class='ocrx_word' id='word_1_221' title='bbox 1392 3945 1579 4001; x_wconf 79' lang='grc' dir='ltr'>πόλιν·</span> 
     </span>
    </p>
   </div>
   <div class='ocr_carea' id='block_1_42' title="bbox 506 4033 1642 4109">
    <p class='ocr_par' dir='ltr' id='par_1_42' title="bbox 506 4033 1642 4109">
     <span class='ocr_line' id='line_1_42' title="bbox 506 4033 1642 4109; baseline 0.002 -22"><span class='ocrx_word' id='word_1_222' title='bbox 506 4034 573 4109; x_wconf 72' lang='grc' dir='ltr'><strong>’ῼ</strong></span> <span class='ocrx_word' id='word_1_223' title='bbox 603 4033 730 4107; x_wconf 76' lang='grc' dir='ltr'>πρὶν</span> <span class='ocrx_word' id='word_1_224' title='bbox 766 4034 1019 4103; x_wconf 71' lang='grc' dir='ltr'>ἀπήντων</span> <span class='ocrx_word' id='word_1_225' title='bbox 1052 4036 1356 4109; x_wconf 76' lang='grc' dir='ltr'>Ῥωμαϊκαὶ</span> <span class='ocrx_word' id='word_1_226' title='bbox 1387 4033 1642 4109; x_wconf 79' lang='grc' dir='ltr'>δυνάμεις</span> 
     </span>
    </p>
   </div>
   <div class='ocr_carea' id='block_1_43' title="bbox 506 4121 1551 4202">
    <p class='ocr_par' dir='ltr' id='par_1_43' title="bbox 506 4121 1551 4202">
     <span class='ocr_line' id='line_1_43' title="bbox 506 4121 1551 4202; baseline 0.005 -26"><span class='ocrx_word' id='word_1_227' title='bbox 506 4121 788 4199; x_wconf 81' lang='grc' dir='ltr'>Θεοδώρνυ</span> <span class='ocrx_word' id='word_1_228' title='bbox 820 4124 1060 4200; x_wconf 85' lang='grc' dir='ltr'>Λάσκαρι</span> <span class='ocrx_word' id='word_1_229' title='bbox 1090 4126 1404 4202; x_wconf 81' lang='grc' dir='ltr'>κρατάρχου</span> <span class='ocrx_word' id='word_1_230' title='bbox 1427 4125 1551 4181; x_wconf 79' lang='grc' dir='ltr'>τότε</span> 
     </span>
    </p>
   </div>
   <div class='ocr_carea' id='block_1_44' title="bbox 504 4211 1628 4290">
    <p class='ocr_par' dir='ltr' id='par_1_44' title="bbox 504 4211 1628 4290">
     <span class='ocr_line' id='line_1_44' title="bbox 504 4211 1628 4290; baseline 0 -23"><span class='ocrx_word' id='word_1_231' title='bbox 504 4211 599 4275; x_wconf 74' lang='grc' dir='ltr'><strong>Εἷς</strong></span> <span class='ocrx_word' id='word_1_232' title='bbox 615 4212 923 4290; x_wconf 81' lang='grc' dir='ltr'>ἀντίμαχον</span> <span class='ocrx_word' id='word_1_233' title='bbox 959 4214 1014 4269; x_wconf 75' lang='grc' dir='ltr'>εὖ</span> <span class='ocrx_word' id='word_1_234' title='bbox 1049 4216 1235 4290; x_wconf 81' lang='grc' dir='ltr'>μάχην</span> <span class='ocrx_word' id='word_1_235' title='bbox 1264 4216 1628 4287; x_wconf 69' lang='grc' dir='ltr'>ὡπλισμένοι,</span> 
     </span>
    </p>
   </div>
   <div class='ocr_carea' id='block_1_45' title="bbox 325 4302 1567 4381">
    <p class='ocr_par' dir='ltr' id='par_1_45' title="bbox 325 4302 1567 4381">
     <span class='ocr_line' id='line_1_45' title="bbox 325 4302 1567 4381; baseline 0.006 -28"><span class='ocrx_word' id='word_1_236' title='bbox 325 4302 467 4357; x_wconf 83' lang='grc'>7255</span> <span class='ocrx_word' id='word_1_237' title='bbox 504 4302 588 4357; x_wconf 82' lang='grc' dir='ltr'><strong>Ἐν</strong></span> <span class='ocrx_word' id='word_1_238' title='bbox 626 4305 963 4375; x_wconf 84' lang='grc' dir='ltr'>ΙΙοιμανηνῷ</span> <span class='ocrx_word' id='word_1_239' title='bbox 994 4306 1192 4381; x_wconf 78' lang='grc' dir='ltr'>χωρίῳ</span> <span class='ocrx_word' id='word_1_240' title='bbox 1220 4303 1567 4377; x_wconf 71' lang='grc' dir='ltr'>κεκλημένῳ.</span> 
     </span>
    </p>
   </div>
   <div class='ocr_carea' id='block_1_46' title="bbox 499 4391 1585 4467">
    <p class='ocr_par' dir='ltr' id='par_1_46' title="bbox 499 4391 1585 4467">
     <span class='ocr_line' id='line_1_46' title="bbox 499 4391 1585 4467; baseline 0 -20"><span class='ocrx_word' id='word_1_241' title='bbox 499 4391 627 4447; x_wconf 71' lang='grc' dir='ltr'>Εἶτα</span> <span class='ocrx_word' id='word_1_242' title='bbox 658 4391 904 4446; x_wconf 80' lang='grc' dir='ltr'>Λατίνων</span> <span class='ocrx_word' id='word_1_243' title='bbox 935 4392 1033 4447; x_wconf 80' lang='grc' dir='ltr'><strong>οὐκ</strong></span> <span class='ocrx_word' id='word_1_244' title='bbox 1060 4392 1364 4467; x_wconf 76' lang='grc' dir='ltr'>ἒνεγκοῦσαι</span> <span class='ocrx_word' id='word_1_245' title='bbox 1399 4392 1585 4457; x_wconf 70' lang='grc' dir='ltr'>σθένος</span> 
     </span>
    </p>
   </div>
   <div class='ocr_carea' id='block_1_47' title="bbox 504 4481 1688 4561">
    <p class='ocr_par' dir='ltr' id='par_1_47' title="bbox 504 4481 1688 4561">
     <span class='ocr_line' id='line_1_47' title="bbox 504 4481 1688 4561; baseline 0.001 -27"><span class='ocrx_word' id='word_1_246' title='bbox 504 4482 746 4557; x_wconf 71' lang='grc' dir='ltr'>’ᾨχοντο</span> <span class='ocrx_word' id='word_1_247' title='bbox 774 4481 971 4535; x_wconf 84' lang='grc' dir='ltr'>λοιπὸν</span> <span class='ocrx_word' id='word_1_248' title='bbox 1003 4484 1081 4543; x_wconf 86' lang='grc' dir='ltr'>εἷς</span> <span class='ocrx_word' id='word_1_249' title='bbox 1104 4484 1279 4561; x_wconf 78' lang='grc' dir='ltr'>φυγὴν</span> <span class='ocrx_word' id='word_1_250' title='bbox 1300 4481 1688 4560; x_wconf 69' lang='grc' dir='ltr'>τετραμμέναι·</span> 
     </span>
    </p>
   </div>
   <div class='ocr_carea' id='block_1_48' title="bbox 506 4566 1625 4645">
    <p class='ocr_par' dir='ltr' id='par_1_48' title="bbox 506 4566 1625 4645">
     <span class='ocr_line' id='line_1_48' title="bbox 506 4566 1625 4645; baseline 0 -21"><span class='ocrx_word' id='word_1_251' title='bbox 506 4570 704 4643; x_wconf 85' lang='grc' dir='ltr'>Κρατεῖ</span> <span class='ocrx_word' id='word_1_252' title='bbox 737 4566 796 4623; x_wconf 67' lang='grc' dir='ltr'>δὲ</span> <span class='ocrx_word' id='word_1_253' title='bbox 826 4571 1029 4645; x_wconf 81' lang='grc' dir='ltr'>Πὲτρος</span> <span class='ocrx_word' id='word_1_254' title='bbox 1052 4572 1294 4645; x_wconf 73' lang='grc' dir='ltr'>εὐχερῶς</span> <span class='ocrx_word' id='word_1_255' title='bbox 1326 4569 1625 4642; x_wconf 85' lang='grc' dir='ltr'>Λοπαδίου,</span> 
     </span>
    </p>
   </div>
   <div class='ocr_carea' id='block_1_49' title="bbox 508 4658 1698 4733">
    <p class='ocr_par' dir='ltr' id='par_1_49' title="bbox 508 4658 1698 4733">
     <span class='ocr_line' id='line_1_49' title="bbox 508 4658 1698 4733; baseline 0.003 -20"><span class='ocrx_word' id='word_1_256' title='bbox 508 4658 603 4714; x_wconf 85' lang='grc' dir='ltr'>Ἐκ</span> <span class='ocrx_word' id='word_1_257' title='bbox 630 4658 889 4733; x_wconf 80' lang='grc' dir='ltr'>γειτόνων</span> <span class='ocrx_word' id='word_1_258' title='bbox 922 4658 1111 4715; x_wconf 79' lang='grc' dir='ltr'>ἄλλων</span> <span class='ocrx_word' id='word_1_259' title='bbox 1148 4681 1208 4714; x_wconf 88' lang='grc' dir='ltr'><strong>τε</strong></span> <span class='ocrx_word' id='word_1_260' title='bbox 1230 4658 1438 4715; x_wconf 81' lang='grc' dir='ltr'>λοιπῶν</span> <span class='ocrx_word' id='word_1_261' title='bbox 1472 4661 1698 4716; x_wconf 72' lang='grc' dir='ltr'>ἀστέων.</span> 
     </span>
    </p>
   </div>
   <div class='ocr_carea' id='block_1_50' title="bbox 339 4746 1656 4825">
    <p class='ocr_par' dir='ltr' id='par_1_50' title="bbox 339 4746 1656 4825">
     <span class='ocr_line' id='line_1_50' title="bbox 339 4746 1656 4825; baseline 0.002 -25"><span class='ocrx_word' id='word_1_262' title='bbox 339 4749 477 4804; x_wconf 80' lang='grc'><strong>7260</strong></span> <span class='ocrx_word' id='word_1_263' title='bbox 516 4750 665 4803; x_wconf 84' lang='grc' dir='ltr'>Ἐπεὶ</span> <span class='ocrx_word' id='word_1_264' title='bbox 691 4746 750 4803; x_wconf 73' lang='grc' dir='ltr'>δὲ</span> <span class='ocrx_word' id='word_1_265' title='bbox 778 4746 1110 4825; x_wconf 76' lang='grc' dir='ltr'>προσϐάλειε</span> <span class='ocrx_word' id='word_1_266' title='bbox 1134 4750 1223 4804; x_wconf 80' lang='grc' dir='ltr'><strong>καὶ</strong></span> <span class='ocrx_word' id='word_1_267' title='bbox 1254 4749 1467 4825; x_wconf 75' lang='grc' dir='ltr'>Προύσῃ</span> <span class='ocrx_word' id='word_1_268' title='bbox 1496 4749 1656 4805; x_wconf 86' lang='grc' dir='ltr'>πόλει</span> 
     </span>
    </p>
   </div>
   <div class='ocr_carea' id='block_1_51' title="bbox 510 4836 1626 4916">
    <p class='ocr_par' dir='ltr' id='par_1_51' title="bbox 510 4836 1626 4916">
     <span class='ocr_line' id='line_1_51' title="bbox 510 4836 1626 4916; baseline -0.001 -21"><span class='ocrx_word' id='word_1_269' title='bbox 510 4838 828 4908; x_wconf 74' lang='grc' dir='ltr'>Ἀνηνύτοις</span> <span class='ocrx_word' id='word_1_270' title='bbox 862 4836 1087 4916; x_wconf 76' lang='grc' dir='ltr'>ἔγνωκεν</span> <span class='ocrx_word' id='word_1_271' title='bbox 1122 4839 1392 4915; x_wconf 74' lang='grc' dir='ltr'>ἐγχειρεῖν</span> <span class='ocrx_word' id='word_1_272' title='bbox 1430 4840 1626 4911; x_wconf 87' lang='grc' dir='ltr'>μάτην·</span> 
     </span>
    </p>
   </div>
   <div class='ocr_carea' id='block_1_52' title="bbox 511 4925 1701 5003">
    <p class='ocr_par' dir='ltr' id='par_1_52' title="bbox 511 4925 1701 5003">
     <span class='ocr_line' id='line_1_52' title="bbox 511 4925 1701 5003; baseline -0.003 -17"><span class='ocrx_word' id='word_1_273' title='bbox 511 4928 841 4992; x_wconf 82' lang='grc' dir='ltr'>Μεθίσταται</span> <span class='ocrx_word' id='word_1_274' title='bbox 872 4933 1003 5003; x_wconf 76' lang='grc' dir='ltr'>γοῦν</span> <span class='ocrx_word' id='word_1_275' title='bbox 1032 4927 1355 4984; x_wconf 84' lang='grc' dir='ltr'>καταλιπὼν</span> <span class='ocrx_word' id='word_1_276' title='bbox 1382 4929 1482 4997; x_wconf 78' lang='grc' dir='ltr'><strong>τὴν</strong></span> <span class='ocrx_word' id='word_1_277' title='bbox 1512 4925 1701 4983; x_wconf 87' lang='grc' dir='ltr'>πόλιν.</span> 
     </span>
    </p>
   </div>
   <div class='ocr_carea' id='block_1_53' title="bbox 511 5016 1741 5095">
    <p class='ocr_par' dir='ltr' id='par_1_53' title="bbox 511 5016 1741 5095">
     <span class='ocr_line' id='line_1_53' title="bbox 511 5016 1741 5095; baseline -0.004 -21"><span class='ocrx_word' id='word_1_278' title='bbox 511 5018 840 5092; x_wconf 82' lang='grc' dir='ltr'>Προυσαίοις</span> <span class='ocrx_word' id='word_1_279' title='bbox 868 5016 917 5073; x_wconf 82' lang='grc' dir='ltr'>δ’</span> <span class='ocrx_word' id='word_1_280' title='bbox 946 5018 1033 5073; x_wconf 73' lang='grc' dir='ltr'>ἴσα</span> <span class='ocrx_word' id='word_1_281' title='bbox 1062 5019 1153 5074; x_wconf 88' lang='grc' dir='ltr'><strong>καὶ</strong></span> <span class='ocrx_word' id='word_1_282' title='bbox 1190 5016 1544 5095; x_wconf 64' lang='grc' dir='ltr'>Φιλαδέλφου</span> <span class='ocrx_word' id='word_1_283' title='bbox 1573 5016 1741 5077; x_wconf 86' lang='grc' dir='ltr'>πόλις</span> 
     </span>
    </p>
   </div>
   <div class='ocr_carea' id='block_1_54' title="bbox 515 5104 1533 5180">
    <p class='ocr_par' dir='ltr' id='par_1_54' title="bbox 515 5104 1533 5180">
     <span class='ocr_line' id='line_1_54' title="bbox 515 5104 1533 5180; baseline -0.001 -20"><span class='ocrx_word' id='word_1_284' title='bbox 515 5106 778 5171; x_wconf 80' lang='grc' dir='ltr'>Δουλείας</span> <span class='ocrx_word' id='word_1_285' title='bbox 799 5107 1081 5171; x_wconf 78' lang='grc' dir='ltr'>ἀνάλωτος</span> <span class='ocrx_word' id='word_1_286' title='bbox 1109 5105 1332 5165; x_wconf 82' lang='grc' dir='ltr'>Ἰταλῶν</span> <span class='ocrx_word' id='word_1_287' title='bbox 1370 5104 1533 5180; x_wconf 70' lang='grc' dir='ltr'>μένει·</span> 
     </span>
    </p>
   </div>
   <div class='ocr_carea' id='block_1_55' title="bbox 346 5202 1702 5287">
    <p class='ocr_par' dir='ltr' id='par_1_55' title="bbox 346 5202 1702 5287">
     <span class='ocr_line' id='line_1_55' title="bbox 346 5202 1702 5287; baseline -0.005 -23"><span class='ocrx_word' id='word_1_288' title='bbox 346 5207 480 5264; x_wconf 79' lang='grc'><strong>7265</strong></span> <span class='ocrx_word' id='word_1_289' title='bbox 516 5206 796 5279; x_wconf 81' lang='grc' dir='ltr'>Θεόδωρος</span> <span class='ocrx_word' id='word_1_290' title='bbox 826 5209 929 5285; x_wconf 71' lang='grc' dir='ltr'><strong>γὰρ</strong></span> <span class='ocrx_word' id='word_1_291' title='bbox 960 5213 1257 5287; x_wconf 77' lang='grc' dir='ltr'>Μαγκαφᾶς</span> <span class='ocrx_word' id='word_1_292' title='bbox 1287 5229 1370 5270; x_wconf 85' lang='grc' dir='ltr'><strong>τις</strong></span> <span class='ocrx_word' id='word_1_293' title='bbox 1399 5202 1702 5275; x_wconf 81' lang='grc' dir='ltr'>τούπίκλην</span> 
     </span>
    </p>
   </div>
   <div class='ocr_carea' id='block_1_56' title="bbox 516 5292 1576 5373">
    <p class='ocr_par' dir='ltr' id='par_1_56' title="bbox 516 5292 1576 5373">
     <span class='ocr_line' id='line_1_56' title="bbox 516 5292 1576 5373; baseline -0.001 -23"><span class='ocrx_word' id='word_1_294' title='bbox 516 5298 759 5361; x_wconf 84' lang='grc' dir='ltr'>’Λνωθεν</span> <span class='ocrx_word' id='word_1_295' title='bbox 788 5297 978 5373; x_wconf 74' lang='grc' dir='ltr'>αὐχῶν</span> <span class='ocrx_word' id='word_1_296' title='bbox 1007 5297 1138 5352; x_wconf 78' lang='grc' dir='ltr'>ἄστυ</span> <span class='ocrx_word' id='word_1_297' title='bbox 1168 5294 1404 5373; x_wconf 86' lang='grc' dir='ltr'>πατρίδα</span> <span class='ocrx_word' id='word_1_298' title='bbox 1430 5292 1576 5363; x_wconf 84' lang='grc' dir='ltr'>τόδε,</span> 
     </span>
    </p>
   </div>
   <div class='ocr_carea' id='block_1_57' title="bbox 519 5386 1651 5463">
    <p class='ocr_par' dir='ltr' id='par_1_57' title="bbox 519 5386 1651 5463">
     <span class='ocr_line' id='line_1_57' title="bbox 519 5386 1651 5463; baseline -0.003 -21"><span class='ocrx_word' id='word_1_299' title='bbox 717 5386 956 5462; x_wconf 67' lang='grc' dir='ltr'>συνάψας</span> <span class='ocrx_word' id='word_1_300' title='bbox 989 5396 1236 5444; x_wconf 84' lang='grc' dir='ltr'>Λατινων</span> <span class='ocrx_word' id='word_1_301' title='bbox 1264 5388 1425 5463; x_wconf 77' lang='grc' dir='ltr'>ἀρχῷ</span> <span class='ocrx_word' id='word_1_302' title='bbox 1463 5386 1651 5461; x_wconf 83' lang='grc' dir='ltr'>μάχην</span> 
     </span>
    </p>
   </div>
   <div class='ocr_carea' id='block_1_58' title="bbox 514 5474 1658 5553">
    <p class='ocr_par' dir='ltr' id='par_1_58' title="bbox 514 5474 1658 5553">
     <span class='ocr_line' id='line_1_58' title="bbox 514 5474 1658 5553; baseline -0.003 -23"><span class='ocrx_word' id='word_1_303' title='bbox 514 5476 607 5530; x_wconf 81' lang='grc' dir='ltr'>Ἕν</span> <span class='ocrx_word' id='word_1_304' title='bbox 638 5497 745 5530; x_wconf 87' lang='grc' dir='ltr'>τινι</span> <span class='ocrx_word' id='word_1_305' title='bbox 777 5478 952 5553; x_wconf 84' lang='grc' dir='ltr'>χώρῳ</span> <span class='ocrx_word' id='word_1_306' title='bbox 974 5482 1055 5550; x_wconf 74' lang='grc' dir='ltr'>τῷ</span> <span class='ocrx_word' id='word_1_307' title='bbox 1085 5478 1219 5553; x_wconf 88' lang='grc' dir='ltr'>πρὸς</span> <span class='ocrx_word' id='word_1_308' title='bbox 1252 5474 1658 5551; x_wconf 82' lang='grc' dir='ltr'>’Δτραμυττίῳ,</span> 
     </span>
    </p>
   </div>
   <div class='ocr_carea' id='block_1_59' title="bbox 517 5564 1726 5645">
    <p class='ocr_par' dir='ltr' id='par_1_59' title="bbox 517 5564 1726 5645">
     <span class='ocr_line' id='line_1_59' title="bbox 517 5564 1726 5645; baseline -0.001 -27"><span class='ocrx_word' id='word_1_309' title='bbox 517 5564 690 5627; x_wconf 76' lang='grc' dir='ltr'>Αὐτὸς</span> <span class='ocrx_word' id='word_1_310' title='bbox 727 5566 895 5639; x_wconf 83' lang='grc' dir='ltr'>μόρον</span> <span class='ocrx_word' id='word_1_311' title='bbox 926 5569 1162 5645; x_wconf 67' lang='grc' dir='ltr'>πέφευγε</span> <span class='ocrx_word' id='word_1_312' title='bbox 1190 5566 1284 5620; x_wconf 81' lang='grc' dir='ltr'><strong>τὸν</strong></span> <span class='ocrx_word' id='word_1_313' title='bbox 1315 5564 1375 5619; x_wconf 76' lang='grc' dir='ltr'>ἐκ</span> <span class='ocrx_word' id='word_1_314' title='bbox 1400 5569 1495 5619; x_wconf 77' lang='grc' dir='ltr'>τοῦ</span> <span class='ocrx_word' id='word_1_315' title='bbox 1518 5564 1726 5640; x_wconf 76' lang='grc' dir='ltr'>ξίφους,</span> 
     </span>
    </p>
   </div>
   <div class='ocr_carea' id='block_1_60' title="bbox 346 5651 1536 5730">
    <p class='ocr_par' dir='ltr' id='par_1_60' title="bbox 346 5651 1536 5730">
     <span class='ocr_line' id='line_1_60' title="bbox 346 5651 1536 5730; baseline 0.002 -24"><span class='ocrx_word' id='word_1_316' title='bbox 346 5652 490 5708; x_wconf 79' lang='lat'><strong>7270</strong></span> <span class='ocrx_word' id='word_1_317' title='bbox 525 5651 690 5711; x_wconf 71' lang='grc' dir='ltr'>Οΰδὶν</span> <span class='ocrx_word' id='word_1_318' title='bbox 720 5651 779 5710; x_wconf 71' lang='lat' dir='ltr'><strong>8‘s</strong></span> <span class='ocrx_word' id='word_1_319' title='bbox 804 5661 955 5730; x_wconf 71' lang='grc' dir='ltr'>μεῖον</span> <span class='ocrx_word' id='word_1_320' title='bbox 986 5656 1078 5717; x_wconf 81' lang='grc' dir='ltr'><strong>καὶ</strong></span> <span class='ocrx_word' id='word_1_321' title='bbox 1105 5655 1268 5717; x_wconf 82' lang='grc' dir='ltr'>πόλις</span> <span class='ocrx_word' id='word_1_322' title='bbox 1297 5654 1536 5725; x_wconf 76' lang='grc' dir='ltr'>ἀνωτὲρα</span> 
     </span>
    </p>
   </div>
   <div class='ocr_carea' id='block_1_61' title="bbox 1848 313 2211 372">
    <p class='ocr_par' dir='ltr' id='par_1_61' title="bbox 1848 313 2211 372">
     <span class='ocr_line' id='line_1_61' title="bbox 1848 313 2211 372; baseline -0.011 0"><span class='ocrx_word' id='word_1_323' title='bbox 1848 313 2211 372; x_wconf 71' lang='grc' dir='ltr'><strong>ΟΒΒΑΒΕΒ.</strong></span> 
     </span>
    </p>
   </div>
   <div class='ocr_carea' id='block_1_62' title="bbox 2012 437 3171 520">
    <p class='ocr_par' dir='ltr' id='par_1_62' title="bbox 2012 437 3171 520">
     <span class='ocr_line' id='line_1_62' title="bbox 2012 437 3171 520; baseline 0 -27"><span class='ocrx_word' id='word_1_324' title='bbox 2012 456 2067 520; x_wconf 67' lang='grc' dir='ltr'>Α</span> <span class='ocrx_word' id='word_1_325' title='bbox 2098 437 2571 493; x_wconf 81' lang='lat' dir='ltr'><strong>Thessalonicam</strong></span> <span class='ocrx_word' id='word_1_326' title='bbox 2606 442 2807 509; x_wconf 88' lang='lat' dir='ltr'><strong>postea</strong></span> <span class='ocrx_word' id='word_1_327' title='bbox 2837 439 3128 493; x_wconf 85' lang='lat' dir='ltr'><strong>concessit</strong></span> <span class='ocrx_word' id='word_1_328' title='bbox 3158 455 3171 493; x_wconf 89' lang='lat'>:</span> 
     </span>
    </p>
   </div>
   <div class='ocr_carea' id='block_1_63' title="bbox 2094 528 3339 599">
    <p class='ocr_par' dir='ltr' id='par_1_63' title="bbox 2094 528 3339 599">
     <span class='ocr_line' id='line_1_63' title="bbox 2094 528 3339 599; baseline 0 -18"><span class='ocrx_word' id='word_1_329' title='bbox 2094 528 2266 597; x_wconf 87' lang='lat' dir='ltr'><strong>cujus</strong></span> <span class='ocrx_word' id='word_1_330' title='bbox 2299 528 2490 581; x_wconf 91' lang='lat' dir='ltr'><strong>omnis</strong></span> <span class='ocrx_word' id='word_1_331' title='bbox 2523 528 2753 583; x_wconf 79' lang='lat' dir='ltr'><strong>obviam</strong></span> <span class='ocrx_word' id='word_1_332' title='bbox 2787 528 3041 599; x_wconf 90' lang='lat' dir='ltr'><strong>populus</strong></span> <span class='ocrx_word' id='word_1_333' title='bbox 3076 528 3339 583; x_wconf 79' lang='lat' dir='ltr'><strong>hilariter</strong></span> 
     </span>
    </p>
   </div>
   <div class='ocr_carea' id='block_1_64' title="bbox 2096 616 3479 688">
    <p class='ocr_par' dir='ltr' id='par_1_64' title="bbox 2096 616 3479 688">
     <span class='ocr_line' id='line_1_64' title="bbox 2096 616 3479 688; baseline 0.004 -19"><span class='ocrx_word' id='word_1_334' title='bbox 2096 632 2225 670; x_wconf 92' lang='lat' dir='ltr'><strong>cum</strong></span> <span class='ocrx_word' id='word_1_335' title='bbox 2261 616 2569 687; x_wconf 78' lang='lat' dir='ltr'><strong>plausibus</strong></span> <span class='ocrx_word' id='word_1_336' title='bbox 2603 618 2889 688; x_wconf 83' lang='lat' dir='ltr'><strong>processit</strong></span> <span class='ocrx_word' id='word_1_337' title='bbox 2916 622 2975 672; x_wconf 91' lang='lat' dir='ltr'><strong>et</strong></span> <span class='ocrx_word' id='word_1_338' title='bbox 3004 617 3479 685; x_wconf 77' lang='lat' dir='ltr'><strong>laudationibus;</strong></span> 
     </span>
    </p>
   </div>
   <div class='ocr_carea' id='block_1_65' title="bbox 2096 703 3017 776">
    <p class='ocr_par' dir='ltr' id='par_1_65' title="bbox 2096 703 3017 776">
     <span class='ocr_line' id='line_1_65' title="bbox 2096 703 3017 776; baseline 0.001 -18"><span class='ocrx_word' id='word_1_339' title='bbox 2096 720 2276 775; x_wconf 85' lang='lat' dir='ltr'><strong>seque</strong></span> <span class='ocrx_word' id='word_1_340' title='bbox 2307 703 2557 760; x_wconf 76' lang='lat' dir='ltr'><strong>libenter</strong></span> <span class='ocrx_word' id='word_1_341' title='bbox 2587 706 2865 761; x_wconf 85' lang='lat' dir='ltr'><strong>Balduino</strong></span> <span class='ocrx_word' id='word_1_342' title='bbox 2896 707 3017 776; x_wconf 84' lang='lat' dir='ltr'><strong>regi</strong></span> 
     </span>
    </p>
   </div>
   <div class='ocr_carea' id='block_1_66' title="bbox 2096 792 3189 865">
    <p class='ocr_par' dir='ltr' id='par_1_66' title="bbox 2096 792 3189 865">
     <span class='ocr_line' id='line_1_66' title="bbox 2096 792 3189 865; baseline 0.004 -19"><span class='ocrx_word' id='word_1_343' title='bbox 2096 808 2227 846; x_wconf 92' lang='lat' dir='ltr'><strong>cum</strong></span> <span class='ocrx_word' id='word_1_344' title='bbox 2263 792 2495 849; x_wconf 88' lang='lat' dir='ltr'><strong>civitate</strong></span> <span class='ocrx_word' id='word_1_345' title='bbox 2526 794 2865 851; x_wconf 87' lang='lat' dir='ltr'><strong>obtulerunt</strong></span> <span class='ocrx_word' id='word_1_346' title='bbox 2897 796 3189 865; x_wconf 87' lang='lat' dir='ltr'><strong>subditos,</strong></span> 
     </span>
    </p>
   </div>
   <div class='ocr_carea' id='block_1_67' title="bbox 2096 883 3143 955">
    <p class='ocr_par' dir='ltr' id='par_1_67' title="bbox 2096 883 3143 955">
     <span class='ocr_line' id='line_1_67' title="bbox 2096 883 3143 955; baseline 0.004 -21"><span class='ocrx_word' id='word_1_347' title='bbox 2096 885 2293 936; x_wconf 89' lang='lat' dir='ltr'><strong>tamen</strong></span> <span class='ocrx_word' id='word_1_348' title='bbox 2327 883 2515 937; x_wconf 84' lang='lat' dir='ltr'><strong>enixis</strong></span> <span class='ocrx_word' id='word_1_349' title='bbox 2555 884 2827 954; x_wconf 81' lang='lat' dir='ltr'><strong>precibus</strong></span> <span class='ocrx_word' id='word_1_350' title='bbox 2862 889 3143 955; x_wconf 81' lang='lat' dir='ltr'><strong>rogarunt</strong></span> 
     </span>
    </p>
   </div>
   <div class='ocr_carea' id='block_1_68' title="bbox 2096 969 3159 1043">
    <p class='ocr_par' dir='ltr' id='par_1_68' title="bbox 2096 969 3159 1043">
     <span class='ocr_line' id='line_1_68' title="bbox 2096 969 3159 1043; baseline 0.004 -20"><span class='ocrx_word' id='word_1_351' title='bbox 2096 974 2163 1024; x_wconf 91' lang='lat' dir='ltr'><strong>ut</strong></span> <span class='ocrx_word' id='word_1_352' title='bbox 2190 969 2316 1040; x_wconf 89' lang='lat' dir='ltr'><strong>ipse</strong></span> <span class='ocrx_word' id='word_1_353' title='bbox 2349 974 2566 1041; x_wconf 88' lang='lat' dir='ltr'><strong>pariter</strong></span> <span class='ocrx_word' id='word_1_354' title='bbox 2595 974 2843 1043; x_wconf 82' lang='lat' dir='ltr'><strong>ejusque</strong></span> <span class='ocrx_word' id='word_1_355' title='bbox 2868 973 3159 1027; x_wconf 86' lang='lat' dir='ltr'><strong>exercitus</strong></span> 
     </span>
    </p>
   </div>
   <div class='ocr_carea' id='block_1_69' title="bbox 2096 1066 3153 1126">
    <p class='ocr_par' dir='ltr' id='par_1_69' title="bbox 2096 1066 3153 1126">
     <span class='ocr_line' id='line_1_69' title="bbox 2096 1066 3153 1126; baseline 0.006 -6"><span class='ocrx_word' id='word_1_356' title='bbox 2096 1066 2258 1121; x_wconf 86' lang='lat' dir='ltr'><strong>urbis</strong></span> <span class='ocrx_word' id='word_1_357' title='bbox 2294 1068 2534 1123; x_wconf 86' lang='lat' dir='ltr'><strong>introitu</strong></span> <span class='ocrx_word' id='word_1_358' title='bbox 2571 1068 2786 1123; x_wconf 85' lang='lat' dir='ltr'><strong>vellent</strong></span> <span class='ocrx_word' id='word_1_359' title='bbox 2814 1070 3107 1126; x_wconf 88' lang='lat' dir='ltr'><strong>abstinere</strong></span> <span class='ocrx_word' id='word_1_360' title='bbox 3140 1088 3153 1126; x_wconf 88' lang='lat'><strong>:</strong></span> 
     </span>
    </p>
   </div>
   <div class='ocr_carea' id='block_1_70' title="bbox 2096 1154 3313 1227">
    <p class='ocr_par' dir='ltr' id='par_1_70' title="bbox 2096 1154 3313 1227">
     <span class='ocr_line' id='line_1_70' title="bbox 2096 1154 3313 1227; baseline 0.005 -20"><span class='ocrx_word' id='word_1_361' title='bbox 2096 1154 2153 1207; x_wconf 92' lang='lat' dir='ltr'><strong>id</strong></span> <span class='ocrx_word' id='word_1_362' title='bbox 2188 1157 2343 1225; x_wconf 93' lang='lat' dir='ltr'><strong>quod</strong></span> <span class='ocrx_word' id='word_1_363' title='bbox 2377 1155 2698 1212; x_wconf 82' lang='lat' dir='ltr'><strong>clementer</strong></span> <span class='ocrx_word' id='word_1_364' title='bbox 2729 1158 3051 1215; x_wconf 85' lang='lat' dir='ltr'><strong>Balduinus</strong></span> <span class='ocrx_word' id='word_1_365' title='bbox 3084 1160 3313 1227; x_wconf 85' lang='lat' dir='ltr'><strong>annuit,</strong></span> 
     </span>
    </p>
   </div>
   <div class='ocr_carea' id='block_1_71' title="bbox 2097 1247 3325 1319">
    <p class='ocr_par' dir='ltr' id='par_1_71' title="bbox 2097 1247 3325 1319">
     <span class='ocr_line' id='line_1_71' title="bbox 2097 1247 3325 1319; baseline 0.006 -23"><span class='ocrx_word' id='word_1_366' title='bbox 2097 1259 2347 1315; x_wconf 86' lang='lat' dir='ltr'><strong>moxque</strong></span> <span class='ocrx_word' id='word_1_367' title='bbox 2380 1262 2440 1299; x_wconf 89' lang='lat' dir='ltr'><strong>se</strong></span> <span class='ocrx_word' id='word_1_368' title='bbox 2474 1248 2654 1301; x_wconf 85' lang='lat' dir='ltr'><strong>redux</strong></span> <span class='ocrx_word' id='word_1_369' title='bbox 2686 1247 2935 1302; x_wconf 81' lang='lat' dir='ltr'><strong>contulit</strong></span> <span class='ocrx_word' id='word_1_370' title='bbox 2964 1248 3325 1319; x_wconf 82' lang='lat' dir='ltr'><strong>Byzantium.</strong></span> 
     </span>
    </p>
   </div>
   <div class='ocr_carea' id='block_1_72' title="bbox 2094 1340 3261 1414">
    <p class='ocr_par' dir='ltr' id='par_1_72' title="bbox 2094 1340 3261 1414">
     <span class='ocr_line' id='line_1_72' title="bbox 2094 1340 3261 1414; baseline 0.007 -21"><span class='ocrx_word' id='word_1_371' title='bbox 2094 1340 2237 1394; x_wconf 85' lang='lat' dir='ltr'><strong>Exin</strong></span> <span class='ocrx_word' id='word_1_372' title='bbox 2272 1343 2684 1414; x_wconf 82' lang='lat' dir='ltr'><strong>obtemperans</strong></span> <span class='ocrx_word' id='word_1_373' title='bbox 2718 1344 2968 1400; x_wconf 88' lang='lat' dir='ltr'><strong>Danduli</strong></span> <span class='ocrx_word' id='word_1_374' title='bbox 3000 1346 3261 1401; x_wconf 87' lang='lat' dir='ltr'><strong>consiliis</strong></span> 
     </span>
    </p>
   </div>
   <div class='ocr_carea' id='block_1_73' title="bbox 2094 1431 3032 1489">
    <p class='ocr_par' dir='ltr' id='par_1_73' title="bbox 2094 1431 3032 1489">
     <span class='ocr_line' id='line_1_73' title="bbox 2094 1431 3032 1489; baseline 0.005 -5"><span class='ocrx_word' id='word_1_375' title='bbox 2094 1431 2505 1488; x_wconf 84' lang='lat' dir='ltr'><strong>reconciliatur</strong></span> <span class='ocrx_word' id='word_1_376' title='bbox 2534 1434 2852 1489; x_wconf 86' lang='lat' dir='ltr'><strong>Marchioni</strong></span> <span class='ocrx_word' id='word_1_377' title='bbox 2887 1436 3032 1489; x_wconf 82' lang='lat' dir='ltr'><strong>irato</strong></span> 
     </span>
    </p>
   </div>
   <div class='ocr_carea' id='block_1_74' title="bbox 2094 1519 3261 1594">
    <p class='ocr_par' dir='ltr' id='par_1_74' title="bbox 2094 1519 3261 1594">
     <span class='ocr_line' id='line_1_74' title="bbox 2094 1519 3261 1594; baseline 0.009 -24"><span class='ocrx_word' id='word_1_378' title='bbox 2094 1519 2213 1573; x_wconf 91' lang='lat' dir='ltr'><strong>imo</strong></span> <span class='ocrx_word' id='word_1_379' title='bbox 2246 1536 2373 1574; x_wconf 88' lang='lat' dir='ltr'><strong>cum</strong></span> <span class='ocrx_word' id='word_1_380' title='bbox 2407 1522 2588 1576; x_wconf 87' lang='lat' dir='ltr'><strong>armis</strong></span> <span class='ocrx_word' id='word_1_381' title='bbox 2623 1523 2824 1594; x_wconf 90' lang='lat' dir='ltr'><strong>procul</strong></span> <span class='ocrx_word' id='word_1_382' title='bbox 2858 1525 3003 1579; x_wconf 89' lang='lat' dir='ltr'><strong>urbe</strong></span> <span class='ocrx_word' id='word_1_383' title='bbox 3029 1525 3211 1579; x_wconf 87' lang='lat' dir='ltr'><strong>stanti</strong></span> <span class='ocrx_word' id='word_1_384' title='bbox 3248 1541 3261 1580; x_wconf 91' lang='lat'><strong>:</strong></span> 
     </span>
    </p>
   </div>
   <div class='ocr_carea' id='block_1_75' title="bbox 2095 1607 3353 1683">
    <p class='ocr_par' dir='ltr' id='par_1_75' title="bbox 2095 1607 3353 1683">
     <span class='ocr_line' id='line_1_75' title="bbox 2095 1607 3353 1683; baseline 0.008 -22"><span class='ocrx_word' id='word_1_385' title='bbox 2095 1607 2192 1678; x_wconf 87' lang='lat' dir='ltr'><strong>qui</strong></span> <span class='ocrx_word' id='word_1_386' title='bbox 2228 1610 2424 1664; x_wconf 86' lang='lat' dir='ltr'><strong>statim</strong></span> <span class='ocrx_word' id='word_1_387' title='bbox 2459 1610 2647 1666; x_wconf 88' lang='lat' dir='ltr'><strong>libens</strong></span> <span class='ocrx_word' id='word_1_388' title='bbox 2682 1613 3084 1683; x_wconf 85' lang='lat' dir='ltr'><strong>Didymoticho</strong></span> <span class='ocrx_word' id='word_1_389' title='bbox 3116 1614 3353 1671; x_wconf 89' lang='lat' dir='ltr'><strong>veniens</strong></span> 
     </span>
    </p>
   </div>
   <div class='ocr_carea' id='block_1_76' title="bbox 2094 1696 3269 1758">
    <p class='ocr_par' dir='ltr' id='par_1_76' title="bbox 2094 1696 3269 1758">
     <span class='ocr_line' id='line_1_76' title="bbox 2094 1696 3269 1758; baseline 0.007 -8"><span class='ocrx_word' id='word_1_390' title='bbox 2094 1696 2571 1754; x_wconf 85' lang='lat' dir='ltr'><strong>Thessalonicam</strong></span> <span class='ocrx_word' id='word_1_391' title='bbox 2602 1700 2849 1755; x_wconf 88' lang='lat' dir='ltr'><strong>contulit</strong></span> <span class='ocrx_word' id='word_1_392' title='bbox 2880 1718 2941 1756; x_wconf 86' lang='lat' dir='ltr'><strong>se</strong></span> <span class='ocrx_word' id='word_1_393' title='bbox 2975 1701 3031 1756; x_wconf 92' lang='lat' dir='ltr'><strong>in</strong></span> <span class='ocrx_word' id='word_1_394' title='bbox 3062 1704 3269 1758; x_wconf 83' lang='lat' dir='ltr'><strong>urbem</strong></span> 
     </span>
    </p>
   </div>
   <div class='ocr_carea' id='block_1_77' title="bbox 2093 1788 3205 1858">
    <p class='ocr_par' dir='ltr' id='par_1_77' title="bbox 2093 1788 3205 1858">
     <span class='ocr_line' id='line_1_77' title="bbox 2093 1788 3205 1858; baseline 0.004 -17"><span class='ocrx_word' id='word_1_395' title='bbox 2093 1801 2341 1858; x_wconf 86' lang='lat' dir='ltr'><strong>eamque</strong></span> <span class='ocrx_word' id='word_1_396' title='bbox 2372 1788 2534 1843; x_wconf 90' lang='lat' dir='ltr'><strong>nullo</strong></span> <span class='ocrx_word' id='word_1_397' title='bbox 2566 1789 2875 1844; x_wconf 84' lang='lat' dir='ltr'><strong>resistente</strong></span> <span class='ocrx_word' id='word_1_398' title='bbox 2905 1790 3159 1845; x_wconf 89' lang='lat' dir='ltr'><strong>obtinuit</strong></span> <span class='ocrx_word' id='word_1_399' title='bbox 3193 1809 3205 1845; x_wconf 92' lang='lat'>:</span> 
     </span>
    </p>
   </div>
   <div class='ocr_carea' id='block_1_78' title="bbox 2098 1876 3160 1947">
    <p class='ocr_par' dir='ltr' id='par_1_78' title="bbox 2098 1876 3160 1947">
     <span class='ocr_line' id='line_1_78' title="bbox 2098 1876 3160 1947; baseline 0.003 -17"><span class='ocrx_word' id='word_1_400' title='bbox 2098 1876 2269 1947; x_wconf 84' lang='lat' dir='ltr'><strong>cujus</strong></span> <span class='ocrx_word' id='word_1_401' title='bbox 2300 1876 2521 1947; x_wconf 79' lang='lat' dir='ltr'><strong>injuste</strong></span> <span class='ocrx_word' id='word_1_402' title='bbox 2548 1878 2733 1933; x_wconf 87' lang='lat' dir='ltr'><strong>multa</strong></span> <span class='ocrx_word' id='word_1_403' title='bbox 2764 1878 2957 1934; x_wconf 77' lang='lat' dir='ltr'><strong>aﬂ&#39;ecit</strong></span> <span class='ocrx_word' id='word_1_404' title='bbox 2986 1880 3160 1935; x_wconf 89' lang='lat' dir='ltr'><strong>cives.</strong></span> 
     </span>
    </p>
   </div>
   <div class='ocr_carea' id='block_1_79' title="bbox 2096 1966 3349 2041">
    <p class='ocr_par' dir='ltr' id='par_1_79' title="bbox 2096 1966 3349 2041">
     <span class='ocr_line' id='line_1_79' title="bbox 2096 1966 3349 2041; baseline 0.002 -21"><span class='ocrx_word' id='word_1_405' title='bbox 2096 1966 2345 2036; x_wconf 90' lang='lat' dir='ltr'><strong>pecunia</strong></span> <span class='ocrx_word' id='word_1_406' title='bbox 2375 1970 2431 2021; x_wconf 88' lang='lat' dir='ltr'><strong>et</strong></span> <span class='ocrx_word' id='word_1_407' title='bbox 2462 1968 2736 2023; x_wconf 88' lang='lat' dir='ltr'><strong>domibus</strong></span> <span class='ocrx_word' id='word_1_408' title='bbox 2764 1984 2986 2023; x_wconf 86' lang='lat' dir='ltr'><strong>exuens</strong></span> <span class='ocrx_word' id='word_1_409' title='bbox 3021 1969 3349 2041; x_wconf 69' lang='lat' dir='ltr'><strong>praecipuis.</strong></span> 
     </span>
    </p>
   </div>
   <div class='ocr_carea' id='block_1_80' title="bbox 2096 2053 2927 2127">
    <p class='ocr_par' dir='ltr' id='par_1_80' title="bbox 2096 2053 2927 2127">
     <span class='ocr_line' id='line_1_80' title="bbox 2096 2053 2927 2127; baseline 0.006 -20"><span class='ocrx_word' id='word_1_410' title='bbox 2096 2053 2180 2109; x_wconf 90' lang='lat' dir='ltr'><strong>Ibi</strong></span> <span class='ocrx_word' id='word_1_411' title='bbox 2214 2054 2417 2110; x_wconf 91' lang='lat' dir='ltr'><strong>relicta</strong></span> <span class='ocrx_word' id='word_1_412' title='bbox 2446 2058 2695 2127; x_wconf 85' lang='lat' dir='ltr'><strong>conjuge</strong></span> <span class='ocrx_word' id='word_1_413' title='bbox 2727 2056 2927 2123; x_wconf 84' lang='lat' dir='ltr'><strong>Maria,</strong></span> 
     </span>
    </p>
   </div>
   <div class='ocr_carea' id='block_1_81' title="bbox 2096 2145 3269 2217">
    <p class='ocr_par' dir='ltr' id='par_1_81' title="bbox 2096 2145 3269 2217">
     <span class='ocr_line' id='line_1_81' title="bbox 2096 2145 3269 2217; baseline 0.003 -19"><span class='ocrx_word' id='word_1_414' title='bbox 2096 2160 2227 2215; x_wconf 71' lang='lat' dir='ltr'><strong>quae</strong></span> <span class='ocrx_word' id='word_1_415' title='bbox 2256 2145 2499 2201; x_wconf 65' lang='lat' dir='ltr'><strong>Cassaris</strong></span> <span class='ocrx_word' id='word_1_416' title='bbox 2530 2146 2699 2201; x_wconf 82' lang='lat' dir='ltr'><strong>lsacii</strong></span> <span class='ocrx_word' id='word_1_417' title='bbox 2725 2147 2851 2217; x_wconf 87' lang='lat' dir='ltr'><strong>jam</strong></span> <span class='ocrx_word' id='word_1_418' title='bbox 2884 2163 3027 2201; x_wconf 79' lang='lat' dir='ltr'><strong>uxor</strong></span> <span class='ocrx_word' id='word_1_419' title='bbox 3060 2148 3269 2214; x_wconf 78' lang='lat' dir='ltr'><strong>fuerat,</strong></span> 
     </span>
    </p>
   </div>
   <div class='ocr_carea' id='block_1_82' title="bbox 2095 2234 3192 2304">
    <p class='ocr_par' dir='ltr' id='par_1_82' title="bbox 2095 2234 3192 2304">
     <span class='ocr_line' id='line_1_82' title="bbox 2095 2234 3192 2304; baseline 0.004 -17"><span class='ocrx_word' id='word_1_420' title='bbox 2095 2234 2229 2290; x_wconf 92' lang='lat' dir='ltr'><strong>inde</strong></span> <span class='ocrx_word' id='word_1_421' title='bbox 2263 2236 2537 2291; x_wconf 88' lang='lat' dir='ltr'><strong>discessit</strong></span> <span class='ocrx_word' id='word_1_422' title='bbox 2568 2237 2882 2293; x_wconf 86' lang='lat' dir='ltr'><strong>comitante</strong></span> <span class='ocrx_word' id='word_1_423' title='bbox 2914 2237 3192 2304; x_wconf 79' lang='lat' dir='ltr'><strong>exercitu,</strong></span> 
     </span>
    </p>
   </div>
   <div class='ocr_carea' id='block_1_83' title="bbox 2093 2336 3447 2409">
    <p class='ocr_par' dir='ltr' id='par_1_83' title="bbox 2093 2336 3447 2409">
     <span class='ocr_line' id='line_1_83' title="bbox 2093 2336 3447 2409; baseline 0.002 -22"><span class='ocrx_word' id='word_1_424' title='bbox 2093 2337 2284 2389; x_wconf 89' lang='lat' dir='ltr'><strong>terras</strong></span> <span class='ocrx_word' id='word_1_425' title='bbox 2317 2352 2663 2405; x_wconf 88' lang='lat' dir='ltr'><strong>percurrens</strong></span> <span class='ocrx_word' id='word_1_426' title='bbox 2694 2338 2765 2391; x_wconf 92' lang='lat' dir='ltr'><strong>ad</strong></span> <span class='ocrx_word' id='word_1_427' title='bbox 2800 2336 3171 2392; x_wconf 82' lang='lat' dir='ltr'><strong>Occidentem</strong></span> <span class='ocrx_word' id='word_1_428' title='bbox 3205 2336 3447 2409; x_wconf 84' lang='lat' dir='ltr'><strong>positas.</strong></span> 
     </span>
    </p>
   </div>
   <div class='ocr_carea' id='block_1_84' title="bbox 2092 2424 3279 2495">
    <p class='ocr_par' dir='ltr' id='par_1_84' title="bbox 2092 2424 3279 2495">
     <span class='ocr_line' id='line_1_84' title="bbox 2092 2424 3279 2495; baseline 0.002 -17"><span class='ocrx_word' id='word_1_429' title='bbox 2092 2424 2275 2479; x_wconf 88' lang='lat' dir='ltr'><strong>Serris</strong></span> <span class='ocrx_word' id='word_1_430' title='bbox 2311 2425 2530 2495; x_wconf 86' lang='lat' dir='ltr'><strong>potitus</strong></span> <span class='ocrx_word' id='word_1_431' title='bbox 2560 2429 2665 2491; x_wconf 87' lang='lat' dir='ltr'><strong>est,</strong></span> <span class='ocrx_word' id='word_1_432' title='bbox 2704 2443 2806 2481; x_wconf 90' lang='lat' dir='ltr'><strong>nec</strong></span> <span class='ocrx_word' id='word_1_433' title='bbox 2840 2444 2955 2481; x_wconf 90' lang='lat' dir='ltr'><strong>non</strong></span> <span class='ocrx_word' id='word_1_434' title='bbox 2987 2427 3279 2481; x_wconf 73' lang='lat' dir='ltr'><strong>Berrhma.</strong></span> 
     </span>
    </p>
   </div>
   <div class='ocr_carea' id='block_1_85' title="bbox 2096 2513 3420 2587">
    <p class='ocr_par' dir='ltr' id='par_1_85' title="bbox 2096 2513 3420 2587">
     <span class='ocr_line' id='line_1_85' title="bbox 2096 2513 3420 2587; baseline 0.004 -21"><span class='ocrx_word' id='word_1_435' title='bbox 2096 2513 2379 2568; x_wconf 78' lang='lat' dir='ltr'><strong>Larissam</strong></span> <span class='ocrx_word' id='word_1_436' title='bbox 2413 2515 2736 2585; x_wconf 85' lang='lat' dir='ltr'><strong>occupavit.</strong></span> <span class='ocrx_word' id='word_1_437' title='bbox 2770 2519 3075 2587; x_wconf 87' lang='lat' dir='ltr'><strong>totamque</strong></span> <span class='ocrx_word' id='word_1_438' title='bbox 3106 2516 3420 2585; x_wconf 84' lang='lat' dir='ltr'><strong>Helladem,</strong></span> 
     </span>
    </p>
   </div>
   <div class='ocr_carea' id='block_1_86' title="bbox 2090 2602 3252 2673">
    <p class='ocr_par' dir='ltr' id='par_1_86' title="bbox 2090 2602 3252 2673">
     <span class='ocr_line' id='line_1_86' title="bbox 2090 2602 3252 2673; baseline 0.003 -17"><span class='ocrx_word' id='word_1_439' title='bbox 2090 2602 2228 2657; x_wconf 88' lang='lat' dir='ltr'><strong>item</strong></span> <span class='ocrx_word' id='word_1_440' title='bbox 2266 2602 2750 2673; x_wconf 89' lang='lat' dir='ltr'><strong>Peloponnesum,</strong></span> <span class='ocrx_word' id='word_1_441' title='bbox 2781 2610 2837 2658; x_wconf 89' lang='lat' dir='ltr'><strong>et</strong></span> <span class='ocrx_word' id='word_1_442' title='bbox 2870 2603 3014 2659; x_wconf 87' lang='lat' dir='ltr'><strong>alias</strong></span> <span class='ocrx_word' id='word_1_443' title='bbox 3046 2622 3252 2659; x_wconf 89' lang='lat' dir='ltr'><strong>rursus</strong></span> 
     </span>
    </p>
   </div>
   <div class='ocr_carea' id='block_1_87' title="bbox 2092 2690 3251 2764">
    <p class='ocr_par' dir='ltr' id='par_1_87' title="bbox 2092 2690 3251 2764">
     <span class='ocr_line' id='line_1_87' title="bbox 2092 2690 3251 2764; baseline 0.003 -19"><span class='ocrx_word' id='word_1_444' title='bbox 2092 2690 2250 2746; x_wconf 88' lang='lat' dir='ltr'><strong>hisce</strong></span> <span class='ocrx_word' id='word_1_445' title='bbox 2280 2692 2540 2748; x_wconf 81' lang='lat' dir='ltr'><strong>confines</strong></span> <span class='ocrx_word' id='word_1_446' title='bbox 2574 2692 2749 2747; x_wconf 90' lang='lat' dir='ltr'><strong>urbes</strong></span> <span class='ocrx_word' id='word_1_447' title='bbox 2779 2696 2836 2747; x_wconf 90' lang='lat' dir='ltr'><strong>et</strong></span> <span class='ocrx_word' id='word_1_448' title='bbox 2868 2693 3201 2764; x_wconf 84' lang='lat' dir='ltr'><strong>provincias</strong></span> <span class='ocrx_word' id='word_1_449' title='bbox 3238 2710 3251 2749; x_wconf 88' lang='lat'><strong>:</strong></span> 
     </span>
    </p>
   </div>
   <div class='ocr_carea' id='block_1_88' title="bbox 2089 2781 3321 2852">
    <p class='ocr_par' dir='ltr' id='par_1_88' title="bbox 2089 2781 3321 2852">
     <span class='ocr_line' id='line_1_88' title="bbox 2089 2781 3321 2852; baseline 0.002 -19"><span class='ocrx_word' id='word_1_450' title='bbox 2089 2784 2482 2851; x_wconf 85' lang='lat' dir='ltr'><strong>cunctamque</strong></span> <span class='ocrx_word' id='word_1_451' title='bbox 2516 2797 2661 2852; x_wconf 90' lang='lat' dir='ltr'><strong>pene</strong></span> <span class='ocrx_word' id='word_1_452' title='bbox 2694 2781 2986 2852; x_wconf 87' lang='lat' dir='ltr'><strong>regionem</strong></span> <span class='ocrx_word' id='word_1_453' title='bbox 3020 2783 3321 2836; x_wconf 86' lang='lat' dir='ltr'><strong>occiduam</strong></span> 
     </span>
    </p>
   </div>
   <div class='ocr_carea' id='block_1_89' title="bbox 2090 2868 3226 2941">
    <p class='ocr_par' dir='ltr' id='par_1_89' title="bbox 2090 2868 3226 2941">
     <span class='ocr_line' id='line_1_89' title="bbox 2090 2868 3226 2941; baseline 0.001 -18"><span class='ocrx_word' id='word_1_454' title='bbox 2090 2868 2388 2923; x_wconf 87' lang='lat' dir='ltr'><strong>subditam</strong></span> <span class='ocrx_word' id='word_1_455' title='bbox 2423 2869 2558 2923; x_wconf 79' lang='lat' dir='ltr'><strong>fecit</strong></span> <span class='ocrx_word' id='word_1_456' title='bbox 2589 2870 2928 2925; x_wconf 88' lang='lat' dir='ltr'><strong>Latinorum</strong></span> <span class='ocrx_word' id='word_1_457' title='bbox 2959 2871 3226 2941; x_wconf 89' lang='lat' dir='ltr'><strong>imperio.</strong></span> 
     </span>
    </p>
   </div>
   <div class='ocr_carea' id='block_1_90' title="bbox 2088 2956 3250 3013">
    <p class='ocr_par' dir='ltr' id='par_1_90' title="bbox 2088 2956 3250 3013">
     <span class='ocr_line' id='line_1_90' title="bbox 2088 2956 3250 3013; baseline 0 -2"><span class='ocrx_word' id='word_1_458' title='bbox 2088 2956 2326 3011; x_wconf 90' lang='lat' dir='ltr'><strong>Interim</strong></span> <span class='ocrx_word' id='word_1_459' title='bbox 2363 2956 2685 3012; x_wconf 86' lang='lat' dir='ltr'><strong>Balduinus</strong></span> <span class='ocrx_word' id='word_1_460' title='bbox 2717 2958 2775 3012; x_wconf 90' lang='lat' dir='ltr'><strong>in</strong></span> <span class='ocrx_word' id='word_1_461' title='bbox 2810 2959 2952 3013; x_wconf 86' lang='lat' dir='ltr'><strong>urbe</strong></span> <span class='ocrx_word' id='word_1_462' title='bbox 2985 2959 3250 3013; x_wconf 90' lang='lat' dir='ltr'><strong>residens</strong></span> 
     </span>
    </p>
   </div>
   <div class='ocr_carea' id='block_1_91' title="bbox 2086 3045 3244 3101">
    <p class='ocr_par' dir='ltr' id='par_1_91' title="bbox 2086 3045 3244 3101">
     <span class='ocr_line' id='line_1_91' title="bbox 2086 3045 3244 3101; baseline 0.001 -2"><span class='ocrx_word' id='word_1_463' title='bbox 2086 3045 2325 3099; x_wconf 84' lang='lat' dir='ltr'><strong>fratrem</strong></span> <span class='ocrx_word' id='word_1_464' title='bbox 2357 3045 2623 3100; x_wconf 90' lang='lat' dir='ltr'><strong>Erricum</strong></span> <span class='ocrx_word' id='word_1_465' title='bbox 2655 3046 2726 3100; x_wconf 85' lang='lat' dir='ltr'><strong>ad</strong></span> <span class='ocrx_word' id='word_1_466' title='bbox 2756 3046 3043 3101; x_wconf 88' lang='lat' dir='ltr'><strong>Orientem</strong></span> <span class='ocrx_word' id='word_1_467' title='bbox 3082 3046 3244 3100; x_wconf 90' lang='lat' dir='ltr'><strong>misit</strong></span> 
     </span>
    </p>
   </div>
   <div class='ocr_carea' id='block_1_92' title="bbox 2088 3134 3194 3205">
    <p class='ocr_par' dir='ltr' id='par_1_92' title="bbox 2088 3134 3194 3205">
     <span class='ocr_line' id='line_1_92' title="bbox 2088 3134 3194 3205; baseline -0.001 -17"><span class='ocrx_word' id='word_1_468' title='bbox 2088 3149 2221 3188; x_wconf 89' lang='lat' dir='ltr'><strong>cum</strong></span> <span class='ocrx_word' id='word_1_469' title='bbox 2254 3138 2419 3189; x_wconf 79' lang='lat' dir='ltr'><strong>Petro</strong></span> <span class='ocrx_word' id='word_1_470' title='bbox 2453 3134 2606 3201; x_wconf 81' lang='lat' dir='ltr'><strong>forti,</strong></span> <span class='ocrx_word' id='word_1_471' title='bbox 2640 3134 3017 3205; x_wconf 87' lang='lat' dir='ltr'><strong>magnanimo</strong></span> <span class='ocrx_word' id='word_1_472' title='bbox 3048 3134 3194 3203; x_wconf 88' lang='lat' dir='ltr'><strong>viro,</strong></span> 
     </span>
    </p>
   </div>
   <div class='ocr_carea' id='block_1_93' title="bbox 1994 3186 3235 3293">
    <p class='ocr_par' dir='ltr' id='par_1_93' title="bbox 1994 3186 3235 3293">
     <span class='ocr_line' id='line_1_93' title="bbox 1994 3186 3235 3293; baseline 0.001 -17"><span class='ocrx_word' id='word_1_473' title='bbox 1994 3186 2045 3251; x_wconf 56' lang='grc' dir='ltr'><strong>θ</strong></span> <span class='ocrx_word' id='word_1_474' title='bbox 2086 3221 2335 3276; x_wconf 90' lang='lat' dir='ltr'><strong>heroicis</strong></span> <span class='ocrx_word' id='word_1_475' title='bbox 2370 3186 2614 3293; x_wconf 78' lang='lat' dir='ltr'><strong>praedito</strong></span> <span class='ocrx_word' id='word_1_476' title='bbox 2647 3186 2870 3277; x_wconf 61' lang='lat' dir='ltr'><strong>viriobus</strong></span> <span class='ocrx_word' id='word_1_477' title='bbox 2902 3227 2960 3277; x_wconf 93' lang='lat' dir='ltr'><strong>et</strong></span> <span class='ocrx_word' id='word_1_478' title='bbox 2990 3186 3235 3277; x_wconf 71' lang='lat' dir='ltr'><strong>statura.</strong></span> 
     </span>
    </p>
   </div>
   <div class='ocr_carea' id='block_1_94' title="bbox 2077 3310 3167 3381">
    <p class='ocr_par' dir='ltr' id='par_1_94' title="bbox 2077 3310 3167 3381">
     <span class='ocr_line' id='line_1_94' title="bbox 2077 3310 3167 3381; baseline -0.001 -15"><span class='ocrx_word' id='word_1_479' title='bbox 2077 3310 2312 3366; x_wconf 89' lang='lat' dir='ltr'><strong>Erricus</strong></span> <span class='ocrx_word' id='word_1_480' title='bbox 2342 3310 2573 3381; x_wconf 85' lang='lat' dir='ltr'><strong>quidem</strong></span> <span class='ocrx_word' id='word_1_481' title='bbox 2607 3312 2916 3366; x_wconf 88' lang='lat' dir='ltr'><strong>roboratus</strong></span> <span class='ocrx_word' id='word_1_482' title='bbox 2949 3310 3167 3365; x_wconf 85' lang='lat' dir='ltr'><strong>auxilio</strong></span> 
     </span>
    </p>
   </div>
   <div class='ocr_carea' id='block_1_95' title="bbox 2078 3399 3136 3465">
    <p class='ocr_par' dir='ltr' id='par_1_95' title="bbox 2078 3399 3136 3465">
     <span class='ocr_line' id='line_1_95' title="bbox 2078 3399 3136 3465; baseline 0 -11"><span class='ocrx_word' id='word_1_483' title='bbox 2078 3400 2479 3455; x_wconf 83' lang='lat' dir='ltr'><strong>Armeniorum</strong></span> <span class='ocrx_word' id='word_1_484' title='bbox 2506 3399 2754 3455; x_wconf 76' lang='lat' dir='ltr'><strong>Troadis</strong></span> <span class='ocrx_word' id='word_1_485' title='bbox 2780 3399 3136 3465; x_wconf 87' lang='lat' dir='ltr'><strong>incolarum,</strong></span> 
     </span>
    </p>
   </div>
   <div class='ocr_carea' id='block_1_96' title="bbox 2078 3488 3163 3560">
    <p class='ocr_par' dir='ltr' id='par_1_96' title="bbox 2078 3488 3163 3560">
     <span class='ocr_line' id='line_1_96' title="bbox 2078 3488 3163 3560; baseline 0 -16"><span class='ocrx_word' id='word_1_486' title='bbox 2078 3493 2265 3544; x_wconf 90' lang='lat' dir='ltr'><strong>terras</strong></span> <span class='ocrx_word' id='word_1_487' title='bbox 2296 3490 2585 3553; x_wconf 88' lang='lat' dir='ltr'><strong>vastabat,</strong></span> <span class='ocrx_word' id='word_1_488' title='bbox 2621 3490 2796 3543; x_wconf 89' lang='lat' dir='ltr'><strong>urbes</strong></span> <span class='ocrx_word' id='word_1_489' title='bbox 2825 3488 3163 3560; x_wconf 86' lang='lat' dir='ltr'><strong>diripiebat,</strong></span> 
     </span>
    </p>
   </div>
   <div class='ocr_carea' id='block_1_97' title="bbox 2079 3577 3358 3650">
    <p class='ocr_par' dir='ltr' id='par_1_97' title="bbox 2079 3577 3358 3650">
     <span class='ocr_line' id='line_1_97' title="bbox 2079 3577 3358 3650; baseline 0.001 -18"><span class='ocrx_word' id='word_1_490' title='bbox 2079 3593 2442 3650; x_wconf 74' lang='lat' dir='ltr'><strong>quascunque</strong></span> <span class='ocrx_word' id='word_1_491' title='bbox 2476 3577 2632 3633; x_wconf 85' lang='lat' dir='ltr'><strong>[talis</strong></span> <span class='ocrx_word' id='word_1_492' title='bbox 2666 3578 2957 3648; x_wconf 86' lang='lat' dir='ltr'><strong>negabant</strong></span> <span class='ocrx_word' id='word_1_493' title='bbox 2988 3578 3358 3649; x_wconf 86' lang='lat' dir='ltr'><strong>obsequium.</strong></span> 
     </span>
    </p>
   </div>
   <div class='ocr_carea' id='block_1_98' title="bbox 2080 3676 3297 3747">
    <p class='ocr_par' dir='ltr' id='par_1_98' title="bbox 2080 3676 3297 3747">
     <span class='ocr_line' id='line_1_98' title="bbox 2080 3676 3297 3747; baseline 0 -16"><span class='ocrx_word' id='word_1_494' title='bbox 2080 3676 2224 3731; x_wconf 89' lang='lat' dir='ltr'><strong>Dein</strong></span> <span class='ocrx_word' id='word_1_495' title='bbox 2256 3692 2359 3747; x_wconf 89' lang='lat' dir='ltr'><strong>per</strong></span> <span class='ocrx_word' id='word_1_496' title='bbox 2390 3676 2501 3731; x_wconf 65' lang='lat' dir='ltr'><strong>Idae</strong></span> <span class='ocrx_word' id='word_1_497' title='bbox 2534 3676 2755 3730; x_wconf 90' lang='lat' dir='ltr'><strong>montis</strong></span> <span class='ocrx_word' id='word_1_498' title='bbox 2786 3680 3066 3746; x_wconf 88' lang='lat' dir='ltr'><strong>angustas</strong></span> <span class='ocrx_word' id='word_1_499' title='bbox 3096 3678 3297 3731; x_wconf 83' lang='lat' dir='ltr'><strong>fauces</strong></span> 
     </span>
    </p>
   </div>
   <div class='ocr_carea' id='block_1_99' title="bbox 2081 3766 3188 3836">
    <p class='ocr_par' dir='ltr' id='par_1_99' title="bbox 2081 3766 3188 3836">
     <span class='ocr_line' id='line_1_99' title="bbox 2081 3766 3188 3836; baseline 0.001 -16"><span class='ocrx_word' id='word_1_500' title='bbox 2081 3766 2153 3820; x_wconf 88' lang='lat' dir='ltr'><strong>ad</strong></span> <span class='ocrx_word' id='word_1_501' title='bbox 2184 3766 2430 3820; x_wconf 66' lang='lat' dir='ltr'><strong>[Etionis</strong></span> <span class='ocrx_word' id='word_1_502' title='bbox 2460 3766 2664 3820; x_wconf 90' lang='lat' dir='ltr'><strong>urbem</strong></span> <span class='ocrx_word' id='word_1_503' title='bbox 2700 3770 2788 3820; x_wconf 91' lang='lat' dir='ltr'><strong>est</strong></span> <span class='ocrx_word' id='word_1_504' title='bbox 2822 3781 3188 3836; x_wconf 83' lang='lat' dir='ltr'><strong>progressus.</strong></span> 
     </span>
    </p>
   </div>
   <div class='ocr_carea' id='block_1_100' title="bbox 2081 3853 3342 3924">
    <p class='ocr_par' dir='ltr' id='par_1_100' title="bbox 2081 3853 3342 3924">
     <span class='ocr_line' id='line_1_100' title="bbox 2081 3853 3342 3924; baseline 0 -17"><span class='ocrx_word' id='word_1_505' title='bbox 2081 3853 2161 3907; x_wconf 92' lang='lat' dir='ltr'><strong>De</strong></span> <span class='ocrx_word' id='word_1_506' title='bbox 2196 3853 2360 3923; x_wconf 92' lang='lat' dir='ltr'><strong>Pegis</strong></span> <span class='ocrx_word' id='word_1_507' title='bbox 2396 3859 2587 3907; x_wconf 87' lang='lat' dir='ltr'><strong>autem</strong></span> <span class='ocrx_word' id='word_1_508' title='bbox 2616 3854 2761 3907; x_wconf 86' lang='lat' dir='ltr'><strong>urbe</strong></span> <span class='ocrx_word' id='word_1_509' title='bbox 2792 3856 3110 3924; x_wconf 74' lang='lat' dir='ltr'><strong>procedens</strong></span> <span class='ocrx_word' id='word_1_510' title='bbox 3142 3854 3342 3908; x_wconf 79' lang='lat' dir='ltr'><strong>Petrus</strong></span> 
     </span>
    </p>
   </div>
   <div class='ocr_carea' id='block_1_101' title="bbox 2082 3942 3155 4013">
    <p class='ocr_par' dir='ltr' id='par_1_101' title="bbox 2082 3942 3155 4013">
     <span class='ocr_line' id='line_1_101' title="bbox 2082 3942 3155 4013; baseline 0 -18"><span class='ocrx_word' id='word_1_511' title='bbox 2082 3942 2287 3996; x_wconf 90' lang='lat' dir='ltr'><strong>itinere</strong></span> <span class='ocrx_word' id='word_1_512' title='bbox 2320 3943 2594 4013; x_wconf 85' lang='lat' dir='ltr'><strong>pergebat</strong></span> <span class='ocrx_word' id='word_1_513' title='bbox 2624 3943 2941 4012; x_wconf 88' lang='lat' dir='ltr'><strong>Lopadium</strong></span> <span class='ocrx_word' id='word_1_514' title='bbox 2980 3943 3155 4009; x_wconf 78' lang='lat' dir='ltr'><strong>facili,</strong></span> 
     </span>
    </p>
   </div>
   <div class='ocr_carea' id='block_1_102' title="bbox 2084 4030 3252 4100">
    <p class='ocr_par' dir='ltr' id='par_1_102' title="bbox 2084 4030 3252 4100">
     <span class='ocr_line' id='line_1_102' title="bbox 2084 4030 3252 4100; baseline -0.001 -15"><span class='ocrx_word' id='word_1_515' title='bbox 2084 4031 2185 4085; x_wconf 93' lang='lat' dir='ltr'><strong>ubi</strong></span> <span class='ocrx_word' id='word_1_516' title='bbox 2218 4031 2510 4085; x_wconf 82' lang='lat' dir='ltr'><strong>Romanas</strong></span> <span class='ocrx_word' id='word_1_517' title='bbox 2544 4032 2799 4100; x_wconf 90' lang='lat' dir='ltr'><strong>primum</strong></span> <span class='ocrx_word' id='word_1_518' title='bbox 2835 4030 3076 4085; x_wconf 76' lang='lat' dir='ltr'><strong>offendit</strong></span> <span class='ocrx_word' id='word_1_519' title='bbox 3102 4031 3252 4084; x_wconf 90' lang='lat' dir='ltr'><strong>vires</strong></span> 
     </span>
    </p>
   </div>
   <div class='ocr_carea' id='block_1_103' title="bbox 2086 4118 3126 4189">
    <p class='ocr_par' dir='ltr' id='par_1_103' title="bbox 2086 4118 3126 4189">
     <span class='ocr_line' id='line_1_103' title="bbox 2086 4118 3126 4189; baseline -0.003 -14"><span class='ocrx_word' id='word_1_520' title='bbox 2086 4121 2195 4175; x_wconf 90' lang='lat' dir='ltr'><strong>sub</strong></span> <span class='ocrx_word' id='word_1_521' title='bbox 2225 4118 2525 4174; x_wconf 89' lang='lat' dir='ltr'><strong>Theodoro</strong></span> <span class='ocrx_word' id='word_1_522' title='bbox 2556 4118 2817 4189; x_wconf 88' lang='lat' dir='ltr'><strong>principe</strong></span> <span class='ocrx_word' id='word_1_523' title='bbox 2846 4123 3126 4173; x_wconf 83' lang='lat' dir='ltr'><strong>Lascareo</strong></span> 
     </span>
    </p>
   </div>
   <div class='ocr_carea' id='block_1_104' title="bbox 2086 4207 3225 4280">
    <p class='ocr_par' dir='ltr' id='par_1_104' title="bbox 2086 4207 3225 4280">
     <span class='ocr_line' id='line_1_104' title="bbox 2086 4207 3225 4280; baseline -0.002 -16"><span class='ocrx_word' id='word_1_524' title='bbox 2086 4211 2157 4264; x_wconf 88' lang='lat' dir='ltr'><strong>ad</strong></span> <span class='ocrx_word' id='word_1_525' title='bbox 2189 4208 2611 4264; x_wconf 88' lang='lat' dir='ltr'><strong>decertandum</strong></span> <span class='ocrx_word' id='word_1_526' title='bbox 2648 4208 2964 4262; x_wconf 88' lang='lat' dir='ltr'><strong>instructas</strong></span> <span class='ocrx_word' id='word_1_527' title='bbox 2995 4207 3225 4280; x_wconf 88' lang='lat' dir='ltr'><strong>egregie</strong></span> 
     </span>
    </p>
   </div>
   <div class='ocr_carea' id='block_1_105' title="bbox 2088 4296 3321 4367">
    <p class='ocr_par' dir='ltr' id='par_1_105' title="bbox 2088 4296 3321 4367">
     <span class='ocr_line' id='line_1_105' title="bbox 2088 4296 3321 4367; baseline 0 -14"><span class='ocrx_word' id='word_1_528' title='bbox 2088 4299 2245 4353; x_wconf 91' lang='lat' dir='ltr'><strong>haud</strong></span> <span class='ocrx_word' id='word_1_529' title='bbox 2281 4296 2483 4367; x_wconf 91' lang='lat' dir='ltr'><strong>procul</strong></span> <span class='ocrx_word' id='word_1_530' title='bbox 2516 4296 2729 4367; x_wconf 89' lang='lat' dir='ltr'><strong>oppido</strong></span> <span class='ocrx_word' id='word_1_531' title='bbox 2760 4297 3111 4351; x_wconf 67' lang='lat' dir='ltr'><strong>l’oamaneno</strong></span> <span class='ocrx_word' id='word_1_532' title='bbox 3144 4298 3321 4353; x_wconf 89' lang='lat' dir='ltr'><strong>dicto.</strong></span> 
     </span>
    </p>
   </div>
   <div class='ocr_carea' id='block_1_106' title="bbox 2087 4385 3292 4457">
    <p class='ocr_par' dir='ltr' id='par_1_106' title="bbox 2087 4385 3292 4457">
     <span class='ocr_line' id='line_1_106' title="bbox 2087 4385 3292 4457; baseline -0.002 -15"><span class='ocrx_word' id='word_1_533' title='bbox 2087 4388 2183 4442; x_wconf 63' lang='lat' dir='ltr'><strong>Has</strong></span> <span class='ocrx_word' id='word_1_534' title='bbox 2213 4393 2409 4441; x_wconf 88' lang='lat' dir='ltr'><strong>tamen</strong></span> <span class='ocrx_word' id='word_1_535' title='bbox 2441 4385 2635 4440; x_wconf 80' lang='lat' dir='ltr'><strong>robori</strong></span> <span class='ocrx_word' id='word_1_536' title='bbox 2668 4386 3003 4439; x_wconf 85' lang='lat' dir='ltr'><strong>Latinorum</strong></span> <span class='ocrx_word' id='word_1_537' title='bbox 3035 4386 3292 4457; x_wconf 89' lang='lat' dir='ltr'><strong>impares</strong></span> 
     </span>
    </p>
   </div>
   <div class='ocr_carea' id='block_1_107' title="bbox 2090 4474 3294 4545">
    <p class='ocr_par' dir='ltr' id='par_1_107' title="bbox 2090 4474 3294 4545">
     <span class='ocr_line' id='line_1_107' title="bbox 2090 4474 3294 4545; baseline -0.002 -12"><span class='ocrx_word' id='word_1_538' title='bbox 2090 4476 2299 4533; x_wconf 88' lang='lat' dir='ltr'><strong>castris</strong></span> <span class='ocrx_word' id='word_1_539' title='bbox 2329 4479 2512 4529; x_wconf 57' lang='lat' dir='ltr'><strong>exutas</strong></span> <span class='ocrx_word' id='word_1_540' title='bbox 2538 4474 2597 4527; x_wconf 78' lang='lat' dir='ltr'><strong>in</strong></span> <span class='ocrx_word' id='word_1_541' title='bbox 2634 4474 2830 4545; x_wconf 82' lang='lat' dir='ltr'><strong>fugam</strong></span> <span class='ocrx_word' id='word_1_542' title='bbox 2865 4491 2927 4529; x_wconf 92' lang='lat' dir='ltr'><strong>se</strong></span> <span class='ocrx_word' id='word_1_543' title='bbox 2958 4475 3247 4529; x_wconf 89' lang='lat' dir='ltr'><strong>dederunt</strong></span> <span class='ocrx_word' id='word_1_544' title='bbox 3282 4490 3294 4530; x_wconf 93' lang='lat'>:</span> 
     </span>
    </p>
   </div>
   <div class='ocr_carea' id='block_1_108' title="bbox 2014 4556 3175 4637">
    <p class='ocr_par' dir='ltr' id='par_1_108' title="bbox 2014 4556 3175 4637">
     <span class='ocr_line' id='line_1_108' title="bbox 2014 4556 3175 4637; baseline -0.001 -18"><span class='ocrx_word' id='word_1_545' title='bbox 2014 4556 2059 4619; x_wconf 89' lang='lat' dir='ltr'><strong>D</strong></span> <span class='ocrx_word' id='word_1_546' title='bbox 2096 4568 2419 4637; x_wconf 87' lang='lat' dir='ltr'><strong>Petrusque</strong></span> <span class='ocrx_word' id='word_1_547' title='bbox 2452 4564 2617 4619; x_wconf 80' lang='lat' dir='ltr'><strong>facile</strong></span> <span class='ocrx_word' id='word_1_548' title='bbox 2649 4564 2870 4635; x_wconf 90' lang='lat' dir='ltr'><strong>potitur</strong></span> <span class='ocrx_word' id='word_1_549' title='bbox 2900 4563 3175 4635; x_wconf 88' lang='lat' dir='ltr'><strong>Lopadio,</strong></span> 
     </span>
    </p>
   </div>
   <div class='ocr_carea' id='block_1_109' title="bbox 2097 4652 3307 4727">
    <p class='ocr_par' dir='ltr' id='par_1_109' title="bbox 2097 4652 3307 4727">
     <span class='ocr_line' id='line_1_109' title="bbox 2097 4652 3307 4727; baseline -0.006 -16"><span class='ocrx_word' id='word_1_550' title='bbox 2097 4661 2271 4727; x_wconf 90' lang='lat' dir='ltr'><strong>atque</strong></span> <span class='ocrx_word' id='word_1_551' title='bbox 2302 4654 2441 4709; x_wconf 87' lang='lat' dir='ltr'><strong>huic</strong></span> <span class='ocrx_word' id='word_1_552' title='bbox 2472 4652 2756 4725; x_wconf 84' lang='lat' dir='ltr'><strong>proximis</strong></span> <span class='ocrx_word' id='word_1_553' title='bbox 2788 4652 2920 4708; x_wconf 90' lang='lat' dir='ltr'><strong>aliis</strong></span> <span class='ocrx_word' id='word_1_554' title='bbox 2950 4653 3307 4708; x_wconf 83' lang='lat' dir='ltr'><strong>civitatibus.</strong></span> 
     </span>
    </p>
   </div>
   <div class='ocr_carea' id='block_1_110' title="bbox 2096 4752 3604 4824">
    <p class='ocr_par' dir='ltr' id='par_1_110' title="bbox 2096 4752 3604 4824">
     <span class='ocr_line' id='line_1_110' title="bbox 2096 4752 3604 4824; baseline -0.003 -14"><span class='ocrx_word' id='word_1_555' title='bbox 2096 4756 2205 4810; x_wconf 90' lang='lat' dir='ltr'><strong>Sed</strong></span> <span class='ocrx_word' id='word_1_556' title='bbox 2235 4770 2369 4808; x_wconf 88' lang='lat' dir='ltr'><strong>cum</strong></span> <span class='ocrx_word' id='word_1_557' title='bbox 2404 4752 2752 4806; x_wconf 88' lang='lat' dir='ltr'><strong>Prusensem</strong></span> <span class='ocrx_word' id='word_1_558' title='bbox 2789 4767 3022 4822; x_wconf 89' lang='lat' dir='ltr'><strong>quoque</strong></span> <span class='ocrx_word' id='word_1_559' title='bbox 3060 4755 3347 4807; x_wconf 86' lang='lat' dir='ltr'><strong>tentasset</strong></span> <span class='ocrx_word' id='word_1_560' title='bbox 3377 4752 3604 4824; x_wconf 83' lang='lat' dir='ltr'><strong>urbem,</strong></span> 
     </span>
    </p>
   </div>
   <div class='ocr_carea' id='block_1_111' title="bbox 2098 4840 3143 4909">
    <p class='ocr_par' dir='ltr' id='par_1_111' title="bbox 2098 4840 3143 4909">
     <span class='ocr_line' id='line_1_111' title="bbox 2098 4840 3143 4909; baseline -0.004 -11"><span class='ocrx_word' id='word_1_561' title='bbox 2098 4844 2321 4898; x_wconf 81' lang='lat' dir='ltr'><strong>irritam</strong></span> <span class='ocrx_word' id='word_1_562' title='bbox 2358 4841 2518 4897; x_wconf 90' lang='lat' dir='ltr'><strong>novit</strong></span> <span class='ocrx_word' id='word_1_563' title='bbox 2548 4840 2747 4894; x_wconf 90' lang='lat' dir='ltr'><strong>ludere</strong></span> <span class='ocrx_word' id='word_1_564' title='bbox 2778 4856 2840 4895; x_wconf 92' lang='lat' dir='ltr'><strong>se</strong></span> <span class='ocrx_word' id='word_1_565' title='bbox 2871 4855 3143 4909; x_wconf 89' lang='lat' dir='ltr'><strong>operam;</strong></span> 
     </span>
    </p>
   </div>
   <div class='ocr_carea' id='block_1_112' title="bbox 2100 4928 3093 4986">
    <p class='ocr_par' dir='ltr' id='par_1_112' title="bbox 2100 4928 3093 4986">
     <span class='ocr_line' id='line_1_112' title="bbox 2100 4928 3093 4986; baseline -0.002 0"><span class='ocrx_word' id='word_1_566' title='bbox 2100 4931 2230 4986; x_wconf 90' lang='lat' dir='ltr'><strong>urbi</strong></span> <span class='ocrx_word' id='word_1_567' title='bbox 2263 4929 2543 4986; x_wconf 88' lang='lat' dir='ltr'><strong>molestus</strong></span> <span class='ocrx_word' id='word_1_568' title='bbox 2576 4945 2681 4983; x_wconf 90' lang='lat' dir='ltr'><strong>nec</strong></span> <span class='ocrx_word' id='word_1_569' title='bbox 2710 4929 2821 4983; x_wconf 85' lang='lat' dir='ltr'><strong>fuit</strong></span> <span class='ocrx_word' id='word_1_570' title='bbox 2849 4928 3093 4984; x_wconf 91' lang='lat' dir='ltr'><strong>diutius.</strong></span> 
     </span>
    </p>
   </div>
   <div class='ocr_carea' id='block_1_113' title="bbox 2100 5016 3193 5089">
    <p class='ocr_par' dir='ltr' id='par_1_113' title="bbox 2100 5016 3193 5089">
     <span class='ocr_line' id='line_1_113' title="bbox 2100 5016 3193 5089; baseline -0.004 -12"><span class='ocrx_word' id='word_1_571' title='bbox 2100 5020 2331 5077; x_wconf 64' lang='lat' dir='ltr'><strong>[Emula</strong></span> <span class='ocrx_word' id='word_1_572' title='bbox 2361 5019 2555 5074; x_wconf 59' lang='lat' dir='ltr'><strong>Prusae</strong></span> <span class='ocrx_word' id='word_1_573' title='bbox 2588 5016 2955 5089; x_wconf 90' lang='lat' dir='ltr'><strong>Philadelphi</strong></span> <span class='ocrx_word' id='word_1_574' title='bbox 2987 5018 3193 5073; x_wconf 80' lang='lat' dir='ltr'><strong>civitas</strong></span> 
     </span>
    </p>
   </div>
   <div class='ocr_carea' id='block_1_114' title="bbox 2104 5106 3153 5177">
    <p class='ocr_par' dir='ltr' id='par_1_114' title="bbox 2104 5106 3153 5177">
     <span class='ocr_line' id='line_1_114' title="bbox 2104 5106 3153 5177; baseline -0.005 -12"><span class='ocrx_word' id='word_1_575' title='bbox 2104 5109 2315 5165; x_wconf 68' lang='lat' dir='ltr'><strong>Latinas</strong></span> <span class='ocrx_word' id='word_1_576' title='bbox 2347 5106 2609 5162; x_wconf 88' lang='lat' dir='ltr'><strong>servituti</strong></span> <span class='ocrx_word' id='word_1_577' title='bbox 2644 5106 2800 5161; x_wconf 86' lang='lat' dir='ltr'><strong>haud</strong></span> <span class='ocrx_word' id='word_1_578' title='bbox 2836 5107 3153 5177; x_wconf 75' lang='lat' dir='ltr'><strong>subjacuit.</strong></span> 
     </span>
    </p>
   </div>
   <div class='ocr_carea' id='block_1_115' title="bbox 2102 5195 3387 5268">
    <p class='ocr_par' dir='ltr' id='par_1_115' title="bbox 2102 5195 3387 5268">
     <span class='ocr_line' id='line_1_115' title="bbox 2102 5195 3387 5268; baseline -0.002 -14"><span class='ocrx_word' id='word_1_579' title='bbox 2102 5200 2241 5254; x_wconf 90' lang='lat' dir='ltr'><strong>Eam</strong></span> <span class='ocrx_word' id='word_1_580' title='bbox 2275 5197 2620 5252; x_wconf 90' lang='lat' dir='ltr'><strong>Theodorus</strong></span> <span class='ocrx_word' id='word_1_581' title='bbox 2653 5195 3009 5268; x_wconf 87' lang='lat' dir='ltr'><strong>Mancaphas</strong></span> <span class='ocrx_word' id='word_1_582' title='bbox 3041 5196 3387 5267; x_wconf 88' lang='lat' dir='ltr'><strong>cognomine</strong></span> 
     </span>
    </p>
   </div>
   <div class='ocr_carea' id='block_1_116' title="bbox 2104 5285 3331 5362">
    <p class='ocr_par' dir='ltr' id='par_1_116' title="bbox 2104 5285 3331 5362">
     <span class='ocr_line' id='line_1_116' title="bbox 2104 5285 3331 5362; baseline -0.004 -18"><span class='ocrx_word' id='word_1_583' title='bbox 2104 5287 2335 5362; x_wconf 89' lang='lat' dir='ltr'><strong>generis</strong></span> <span class='ocrx_word' id='word_1_584' title='bbox 2366 5286 2606 5357; x_wconf 87' lang='lat' dir='ltr'><strong>stirpem</strong></span> <span class='ocrx_word' id='word_1_585' title='bbox 2640 5286 2711 5340; x_wconf 89' lang='lat' dir='ltr'><strong>ab</strong></span> <span class='ocrx_word' id='word_1_586' title='bbox 2743 5285 2853 5340; x_wconf 88' lang='lat' dir='ltr'><strong>hac</strong></span> <span class='ocrx_word' id='word_1_587' title='bbox 2886 5285 3028 5341; x_wconf 91' lang='lat' dir='ltr'><strong>urbe</strong></span> <span class='ocrx_word' id='word_1_588' title='bbox 3060 5290 3331 5357; x_wconf 88' lang='lat' dir='ltr'><strong>repetens</strong></span> 
     </span>
    </p>
   </div>
   <div class='ocr_carea' id='block_1_117' title="bbox 2106 5373 3228 5450">
    <p class='ocr_par' dir='ltr' id='par_1_117' title="bbox 2106 5373 3228 5450">
     <span class='ocr_line' id='line_1_117' title="bbox 2106 5373 3228 5450; baseline -0.004 -18"><span class='ocrx_word' id='word_1_589' title='bbox 2106 5393 2304 5450; x_wconf 89' lang='lat' dir='ltr'><strong>pugna</strong></span> <span class='ocrx_word' id='word_1_590' title='bbox 2328 5378 2597 5430; x_wconf 87' lang='lat' dir='ltr'><strong>conserta</strong></span> <span class='ocrx_word' id='word_1_591' title='bbox 2626 5390 2761 5429; x_wconf 90' lang='lat' dir='ltr'><strong>cum</strong></span> <span class='ocrx_word' id='word_1_592' title='bbox 2795 5373 3000 5430; x_wconf 89' lang='lat' dir='ltr'><strong>Latino</strong></span> <span class='ocrx_word' id='word_1_593' title='bbox 3032 5374 3228 5429; x_wconf 88' lang='lat' dir='ltr'><strong>Errico</strong></span> 
     </span>
    </p>
   </div>
   <div class='ocr_carea' id='block_1_118' title="bbox 2106 5462 3432 5537">
    <p class='ocr_par' dir='ltr' id='par_1_118' title="bbox 2106 5462 3432 5537">
     <span class='ocr_line' id='line_1_118' title="bbox 2106 5462 3432 5537; baseline -0.003 -16"><span class='ocrx_word' id='word_1_594' title='bbox 2106 5466 2361 5537; x_wconf 86' lang='lat' dir='ltr'><strong>quodam</strong></span> <span class='ocrx_word' id='word_1_595' title='bbox 2394 5464 2450 5517; x_wconf 90' lang='lat' dir='ltr'><strong>in</strong></span> <span class='ocrx_word' id='word_1_596' title='bbox 2486 5463 2610 5518; x_wconf 91' lang='lat' dir='ltr'><strong>loco</strong></span> <span class='ocrx_word' id='word_1_597' title='bbox 2640 5463 2798 5517; x_wconf 88' lang='lat' dir='ltr'><strong>haud</strong></span> <span class='ocrx_word' id='word_1_598' title='bbox 2832 5462 3033 5535; x_wconf 89' lang='lat' dir='ltr'><strong>procul</strong></span> <span class='ocrx_word' id='word_1_599' title='bbox 3062 5462 3432 5534; x_wconf 82' lang='lat' dir='ltr'><strong>Atramyttio,</strong></span> 
     </span>
    </p>
   </div>
   <div class='ocr_carea' id='block_1_119' title="bbox 2111 5550 3147 5627">
    <p class='ocr_par' dir='ltr' id='par_1_119' title="bbox 2111 5550 3147 5627">
     <span class='ocr_line' id='line_1_119' title="bbox 2111 5550 3147 5627; baseline -0.004 -19"><span class='ocrx_word' id='word_1_600' title='bbox 2111 5556 2236 5627; x_wconf 87' lang='lat' dir='ltr'><strong>ipse</strong></span> <span class='ocrx_word' id='word_1_601' title='bbox 2263 5554 2356 5608; x_wconf 87' lang='lat' dir='ltr'><strong>vix</strong></span> <span class='ocrx_word' id='word_1_602' title='bbox 2388 5552 2627 5622; x_wconf 89' lang='lat' dir='ltr'><strong>quidem</strong></span> <span class='ocrx_word' id='word_1_603' title='bbox 2662 5568 2860 5608; x_wconf 88' lang='lat' dir='ltr'><strong>necem</strong></span> <span class='ocrx_word' id='word_1_604' title='bbox 2890 5550 3147 5618; x_wconf 88' lang='lat' dir='ltr'><strong>evitavit,</strong></span> 
     </span>
    </p>
   </div>
   <div class='ocr_carea' id='block_1_120' title="bbox 2108 5640 3149 5712">
    <p class='ocr_par' dir='ltr' id='par_1_120' title="bbox 2108 5640 3149 5712">
     <span class='ocr_line' id='line_1_120' title="bbox 2108 5640 3149 5712; baseline -0.006 -11"><span class='ocrx_word' id='word_1_605' title='bbox 2108 5642 2291 5701; x_wconf 88' lang='lat' dir='ltr'><strong>nihilo</strong></span> <span class='ocrx_word' id='word_1_606' title='bbox 2323 5647 2519 5699; x_wconf 89' lang='lat' dir='ltr'><strong>tamen</strong></span> <span class='ocrx_word' id='word_1_607' title='bbox 2554 5642 2752 5696; x_wconf 91' lang='lat' dir='ltr'><strong>minus</strong></span> <span class='ocrx_word' id='word_1_608' title='bbox 2780 5641 2909 5712; x_wconf 89' lang='lat' dir='ltr'><strong>ipsa</strong></span> <span class='ocrx_word' id='word_1_609' title='bbox 2939 5640 3149 5695; x_wconf 88' lang='lat' dir='ltr'><strong>civitas</strong></span> 
     </span>
    </p>
   </div>
   <div class='ocr_carea' id='block_1_121' title="bbox 3642 319 3751 375">
    <p class='ocr_par' dir='ltr' id='par_1_121' title="bbox 3642 319 3751 375">
     <span class='ocr_line' id='line_1_121' title="bbox 3642 319 3751 375; baseline -0.009 -1"><span class='ocrx_word' id='word_1_610' title='bbox 3642 319 3751 375; x_wconf 87' lang='lat'><strong>270</strong></span> 
     </span>
    </p>
   </div>
  </div>
