4004 6200
341 316 445 371 271
1551 293 1929 350 EPHREMII
1978 272 2547 345 CHRONOGRAPHI

346 439 553 496 Latino
580 429 864 490 immunis
892 422 1113 482 mansit
1142 418 1471 476 dominatu.

346 528 587 585 Interim
623 517 883 577 marchio
915 512 1225 585 Hesperias
1265 509 1529 565 civitates

349 617 582 674 bellans
615 609 819 667 Latino
850 602 1162 674 subigebat
1191 597 1436 664 nomini,

356 701 715 778 quibusdam
750 693 970 751 nostris
1003 694 1176 747 utens
1206 687 1308 742 viaa
1339 685 1611 743 ducibus.

355 775 581 865 égurus
612 790 810 841 autem
843 784 953 839 Leo
986 780 1224 836 cohorte
1256 775 1536 865 imposita

358 881 560 936 Atticae
588 877 713 932 loco
742 872 953 930 celebri
984 864 1417 937 Thermopylis,

361 975 425 1024 ut
454 968 535 1023 ibi
560 965 832 1039 praelians
863 960 1024 1016 Italis
1058 957 1385 1022 resisteret;

362 1057 525 1113 nulla
555 1073 615 1111 re
647 1055 824 1125 digna
854 1049 1132 1105 laudibus
1169 1048 1413 1117 patrata,

359 1145 574 1217 raptim
608 1138 955 1197 Corinthum
987 1136 1125 1206 fuga
1155 1149 1218 1188 se
1248 1127 1562 1203 proripuit.

360 1235 463 1289 Hic
494 1236 617 1289 erat
647 1235 812 1285 ortus
844 1224 1079 1296 Nauplii
1113 1219 1372 1293 regione,

360 1322 659 1378 modicum
692 1322 900 1373 nactus
931 1333 965 1370 a
994 1317 1159 1385 patre
1192 1307 1584 1383 principatum
1625 1319 1637 1356 :

357 1427 562 1466 verum
597 1407 892 1478 reciproco
926 1406 1259 1473 temporum
1290 1396 1515 1467 euripo,

365 1502 721 1573 praepostero
752 1494 1033 1564 varioque
1064 1491 1311 1545 fortuna:
1344 1500 1545 1551 cursu,

366 1568 553 1660 usque
583 1583 962 1659 progrediens
995 1594 1245 1649 magnus
1276 1592 1306 1630 e
1337 1588 1513 1645 parvo
1543 1568 1746 1627 evasit.

369 1690 422 1743 Is
454 1692 511 1741 et
539 1682 882 1739 Corinthum
915 1678 1200 1749 oppidum
1233 1671 1502 1744 diripuit,

367 1780 424 1829 et
456 1777 633 1843 Argos
662 1767 841 1825 simili
876 1764 1147 1838 posthinc
1180 1759 1507 1816 latrocinio.

370 1866 668 1915 Postremo
700 1856 961 1911 Athenas
990 1852 1170 1908 etiam
1201 1848 1533 1916 invadebat,

366 1965 569 2005 verum
604 1944 875 2018 repulsus
904 1942 1096 1998 verbis
1126 1936 1563 2010 archiprazsulis

367 2036 670 2094 Michaelis
700 2034 994 2090 Choniataa
1028 2026 1475 2103 sapientissimi,

366 2128 597 2183 Thebas
628 2123 886 2180 celeriter
918 2120 1174 2177 excurrit
1204 2114 1568 2189 heptapylas,

372 2230 588 2285 easque
621 2211 733 2266 sibi
768 2209 924 2266 facili
957 2208 1108 2264 bello
1140 2204 1399 2261 vindicat
1434 2220 1445 2257 :

368 2309 427 2357 et
455 2304 595 2356 dum
626 2300 870 2355 Larissa:
904 2299 1173 2353 faucibus
1203 2294 1405 2359 exiret,

370 2390 711 2461 imperatori
743 2388 1041 2459 quondam
1075 2384 1273 2440 Alexio
1305 2382 1582 2452 occurrit,

368 2478 466 2549 qui
494 2476 829 2533 borealibus
861 2475 1125 2546 partibus
1156 2472 1481 2543 digressus,

370 2566 635 2622 exsulum
677 2579 834 2619 more
862 2562 972 2616 hac
1003 2567 1059 2616 et
1088 2560 1223 2615 illac
1250 2576 1477 2624 errans,

374 2671 529 2711 nunc
563 2654 632 2708 ad
668 2649 1009 2707 Thessalica
1034 2650 1253 2717 Tempe
1284 2649 1643 2717 pervenerat,

372 2744 595 2799 habens
628 2742 687 2796 in
719 2738 998 2796 comitatu
1035 2735 1344 2791 Eudociam
1378 2733 1583 2798 ﬁliam,

374 2848 549 2902 quam
582 2834 723 2885 tunc
754 2830 1110 2898 desponsam
1144 2822 1450 2879 collocavit
1477 2826 1678 2893 Sguro.

373 2921 509 2991 Ipsa
539 2918 777 2991 quidem
809 2916 949 2972 olim
985 2911 1361 2970 matrimonio
1390 2913 1580 2967 fuerat

370 3007 621 3081 principi
647 3007 858 3077 juncta
886 3003 1277 3060 Triballorum
1309 2999 1628 3072 Stephano,

371 3097 474 3169 qui
506 3096 875 3169 repudiatam
906 3093 1135 3149 remisit
1166 3092 1224 3146 in
1256 3089 1530 3164 patriam,

370 3187 589 3242 Eadem
620 3184 926 3241 Murtzuflo
955 3183 1126 3238 Ducas
1157 3178 1367 3236 deinde
1398 3177 1603 3250 nupsit

375 3280 686 3346 postquam
722 3272 816 3327 hic
843 3269 1153 3341 imperium
1187 3269 1549 3340 patriamque
1580 3265 1878 3322 amiserat.

376 3372 485 3427 Sed
518 3372 674 3426 hunc
704 3370 917 3426 deinde
948 3372 1184 3439 captum
1214 3364 1449 3421 Alexius
1478 3364 1632 3433 dolo,

382 3478 481 3516 rex
506 3476 636 3516 erro
667 3474 933 3514 erronem
966 3472 1160 3528 regem
1192 3458 1347 3510 sorte
1378 3452 1525 3523 pari,

382 3548 608 3605 lumine
638 3563 873 3604 cassum
906 3545 1209 3600 oculorum
1235 3540 1505 3597 reddidit.

385 3639 563 3696 Saavis
600 3643 892 3710 postremo
927 3633 1268 3689 Latinorum
1299 3630 1575 3684 manibus

379 3730 572 3785 Ducas
604 3729 879 3797 exceptus
912 3721 1376 3795 Byzantiumque
1402 3719 1636 3787 ductus,

382 3817 621 3888 pertulit
660 3831 916 3888 poenam,
945 3812 1101 3884 quod
1134 3808 1335 3865 Alexio
1364 3807 1584 3879 Angelo

379 3907 579 3977 gulam
614 3907 845 3961 funesto
877 3902 1083 3973 laqueo
1116 3897 1404 3970 fregisset.

378 3994 519 4049 Nam
553 3997 621 4050 de
652 3993 890 4050 sublimi
924 3989 1103 4046 Tauri
1130 3988 1407 4046 columna

380 4083 777 4156 praecipitatus
808 4086 918 4152 est,
951 4081 1094 4153 prob
1128 4078 1229 4135 Dei
1254 4078 1546 4150 judicium
1574 4076 1585 4131 !

381 4188 438 4239 et
466 4183 550 4238 sic
582 4183 823 4238 collisus
854 4182 1135 4237 violenter
1164 4178 1327 4234 obiit.

383 4270 622 4325 Interim
656 4270 917 4325 marchio
942 4269 1102 4324 venit
1132 4268 1191 4321 in
1222 4266 1523 4333 Bmotiam,

384 4377 631 4431 eamque
663 4360 775 4415 sibi
809 4359 960 4415 bello
992 4359 1129 4415 fecit
1158 4357 1496 4422 subditam;

384 4450 635 4507 Atticam
669 4464 900 4520 quoque
930 4446 1182 4503 obtinuit
1211 4462 1343 4499 cum
1375 4444 1591 4499 Eubaza
1626 4460 1638 4495 :

384 4542 569 4610 Atque
592 4542 657 4592 ut
690 4538 892 4609 paucis
923 4553 1043 4593 rem
1079 4534 1271 4590 verbis
1302 4532 1627 4603 expediam,

385 4626 613 4699 integro
646 4626 910 4681 nondum
945 4623 1318 4697 prieterlapso
1350 4636 1500 4674 anno

386 4734 491 4771 eoa
521 4715 697 4771 simul
730 4714 872 4769 ditio
903 4719 1077 4785 atque
1108 4710 1351 4767 occidna

386 4811 584 4862 nostra
617 4806 673 4861 in
709 4803 974 4859 Latinum
1010 4802 1187 4856 cessit
1214 4799 1606 4853 dominatum.

385 4893 620 4949 Alexius
651 4892 925 4966 posthinc
952 4888 1114 4946 exsul
1158 4887 1478 4958 imperator

389 5010 522 5049 cum
558 4992 616 5047 in
648 4990 916 5047 Latinum
952 4987 1346 5044 marchionem
1381 4985 1746 5051 incurrisset,

388 5083 624 5139 exuitur
650 5081 871 5136 invitus
901 5077 1132 5150 imperii
1162 5075 1538 5148 insignibus:

389 5178 514 5228 tum
547 5172 617 5228 ad
652 5169 1001 5242 Hesperium
1028 5166 1166 5223 salsi
1200 5165 1351 5222 aeris
1382 5167 1573 5220 locum

392 5262 668 5331 mittitur,
704 5265 767 5315 ut
798 5258 977 5314 vitam
1010 5255 1087 5310 ibi
1128 5272 1293 5311 suam
1327 5253 1649 5321 clauderet,

390 5368 506 5407 non
540 5350 667 5406 sine
693 5348 1077 5419 Euphrosyne
1107 5345 1359 5415 conjuge
1391 5343 1614 5415 regina,

393 5442 588 5497 sedem
624 5440 873 5495 fortunae
902 5450 1223 5508 congruam
1257 5432 1473 5489 sortiti.

394 5529 639 5587 Caesaris
668 5532 863 5583 autem
899 5524 1212 5595 stipatores
1244 5521 1411 5594 regii,

395 5619 623 5676 strenui
652 5618 781 5689 viri,
809 5615 1014 5688 stirpis
1046 5629 1337 5685 generosae

2029 412 2083 477 Α
2289 413 2398 477 Τῆς
2431 402 2655 463 Ἰταλῶν
2688 402 2867 477 ἔμεινε
2895 396 3243 475 κυριαρχίας.

2288 494 2593 570 Μαρκὲσιος
2623 491 2679 548 δὲ
2706 492 2802 553 τὰς
2829 490 2963 564 πρὸς
2994 488 3219 562 ἑσπέραν
3252 481 3444 546 πόλεις

2287 586 2470 659 Αἱρῶν
2507 583 2679 658 ὑπῆγε
2706 585 2785 653 τῷ
2812 579 2996 652 κράτει
3024 580 3130 631 τῶν
3166 572 3433 643 Λατίνων,

2286 679 2472 747 Ἔχων
2498 668 2773 746 ποδηγούς
2803 688 2951 730 τινας
2982 666 3042 721 ἐκ
3066 668 3177 721 τῶν
3209 661 3490 719 Αὐσόνων.

2109 772 2252 825 7275
2290 771 2438 825 Λέων
2472 767 2529 825 δὲ
2559 768 2803 845 Σγουρὸς
2838 764 3170 829 ὑποκαθίσας
3202 760 3373 836 λόχον

2290 860 2376 915 Ἐν
2411 854 2799 933 Θερμοπύλαις
2831 855 3084 917 Ἀττικῆς
3116 855 3198 923 τῷ
3230 847 3439 924 χωρίῳ.

2292 948 2435 1021 Πρός
2468 944 2625 1015 δῆθεν
2657 944 2962 1018 ἀντίμαχον
2994 940 3225 997 Ἰταλῶν
3261 938 3471 1012 μάχην.

2292 1034 2472 1107 Μηδὲν
2507 1033 2564 1090 δὲ
2592 1033 2831 1110 γενναῖόν
2859 1054 2911 1087 τι
2937 1030 3027 1086 καὶ
3060 1028 3261 1105 δράσας
3290 1027 3435 1090 ὅλως

2291 1126 2530 1188 Ἐκεῖθεν
2562 1124 2640 1186 εἰς
2672 1123 2935 1197 Κόρινθον
2959 1117 3141 1194 ᾤχετο
3167 1116 3406 1192 τρέχων·

2115 1216 2259 1270 7280
2293 1216 2392 1276 ’Ός
2426 1213 2578 1291 ἐξέφυ
2613 1213 2707 1285 μὶν
2737 1211 2796 1266 ἐκ
2823 1208 3094 1283 κλίματος
3128 1204 3408 1263 Ναυπλίου

2302 1303 2562 1377 Πατρῲας
2593 1299 2781 1377 ἄρχων
2816 1298 3038 1374 μετρίας
3063 1296 3437 1371 κληρουχίας.

2298 1389 2620 1464 Ἀνωμαλίᾳ
2645 1390 2865 1465 καιρικῇ
2896 1385 2953 1442 Si
2993 1382 3327 1462 πραγμάτων

2298 1484 2450 1555 Φορᾷ
2476 1500 2535 1534 τε
2556 1479 2735 1554 τύχης
2769 1479 3000 1532 ἀστάτου
3038 1475 3129 1529 καὶ
3152 1471 3412 1549 συγχύσει

2300 1569 2411 1627 Ἀεὶ
2441 1568 2650 1643 προϊὼν
2683 1565 2740 1621 ἐκ
2775 1569 2974 1640 μικροῦ
3010 1565 3177 1638 μέγας
3209 1561 3327 1639 ἔφυ·

2120 1664 2264 1719 7285
2302 1660 2558 1730 Ληῖζεται
2587 1657 2645 1713 δὲ
2673 1658 2761 1713 καὶ
2794 1655 3102 1731 Βπρινθίων
3135 1652 3324 1722 πόλιν,

2045 1785 2094 1848 Β
2300 1755 2502 1848 ’Ἄργος
2527 1748 2906 1848 παρεστησατο
2933 1751 3036 1848 πᾶν
3071 1741 3400 1818 λῃσταρχίᾳ.

2304 1836 2480 1900 Τέλος
2508 1834 2907 1912 προσαῤῥάσσει
2942 1831 2999 1889 δὲ
3027 1832 3117 1887 καὶ
3142 1836 3260 1893 ταῖς
3294 1831 3567 1901 Ἀθήναις·

2305 1924 2463 1983 ⁹Λλλ’
2489 1924 2878 1999 ἀποκρουσθεὶς
2914 1921 3316 1997 ἀρχιποιμένος
3344 1918 3535 1995 λόγοις

2303 2020 2408 2070 Τοῦ
2434 2014 2749 2071 Χωνειάτου
2776 2010 3009 2087 Μιχαὴλ
3040 2013 3136 2065 τοῦ
3166 2007 3464 2085 πανσόφου,

2129 2117 2273 2172 7290
2301 2109 2504 2185 Θήϐαις
2535 2112 2721 2191 έφπμᾷ
2748 2112 2967 2186 ταχέως
3000 2105 3362 2176 ἑπταπύλοις,

2322 2203 2423 2261 Καὶ
2454 2200 2615 2257 τάθδε
2646 2201 2864 2276 συσχὼν
2898 2198 3063 2276 ῥᾷστα
3082 2203 3185 2266 τῆς
3217 2194 3403 2270 μάχης
3429 2195 3608 2266 νόμῳ,

2309 2292 2451 2366 Πρὸς
2485 2290 2757 2364 Λαρίσσης
2788 2287 2945 2362 ἔξεισι
2974 2288 3072 2349 τὰς
3105 2282 3403 2356 διεξόδους,

2307 2384 2472 2444 Ἔνθα
2505 2378 2721 2456 βασιλεῖ
2745 2378 2982 2451 συνέμιξ’
3013 2376 3241 2448 Αλεξίῳ,

2306 2472 2404 2532 Ὅς
2428 2468 2728 2530 ἀπαναστὰς
2758 2468 2818 2523 ἐκ
2850 2471 3028 2543 μερῶν
3060 2462 3434 2541 προσαρκτίων

2128 2562 2271 2616 7295
2307 2558 2627 2631 Ἀλώμενός
2659 2578 2717 2613 τε
2745 2554 2879 2631 τῇδε
2908 2554 3113 2612 κάκεῖσ’
3145 2552 3219 2615 ὡς
3250 2551 3466 2622 πλάνης

2311 2647 2415 2705 Καὶ
2447 2645 2798 2710 Θετταλικοῖς
2823 2646 3052 2719 τέμπεσι
3083 2640 3419 2718 προσερῥύη,

2308 2739 2494 2811 Ἀγων
2531 2736 2645 2808 μεθ’
2676 2735 2838 2789 αὐτοῦ
2867 2731 3037 2789 παῖδα
3059 2732 3157 2799 τήν
3191 2727 3479 2800 Εύδοκίαν,

2306 2832 2539 2900 Ἦνεπερ
2570 2823 2919 2899 κατηγγύησε
2944 2826 3027 2893 τῷ
3059 2823 3291 2894 Σγουρῷ
3318 2816 3463 2874 τότε.

2309 2920 2563 2984 Συνῆπτο
2597 2910 2653 2967 δὲ
2684 2910 2808 2987 πρὶν
2837 2910 2973 2986 πρὸς
3001 2909 3178 2984 γάμου
3206 2905 3491 2963 κοινωνίαν

2128 3015 2270 3069 7300
2308 3013 2729 3087 ’Λρχηγετοῦντι
2760 3013 2869 3064 τῶν
2894 3003 3179 3083 Τριϐαλῶν
3217 3003 3489 3083 Στεφάνῳ,

2304 3101 2403 3161 Ὃς
2434 3096 2681 3154 ἆκὸαλὼν
2711 3095 2921 3172 ἔπεμψε
2947 3093 3101 3167 τήνδ’
3134 3094 3209 3157 εἷς
3237 3090 3492 3168 πατριδα.

2306 3190 2376 3257 ᾜ
2407 3188 2619 3257 Δούκης
2649 3187 2931 3259 συνῴκησε
2958 3181 3389 3260 Μούρτζουφλος
3421 3182 3565 3246 θέσιν

2309 3277 2463 3336 Μετὰ
2490 3275 2739 3352 στέρησιν
2769 3274 2861 3329 καὶ
2889 3276 3123 3350 κράτους
3144 3271 3235 3327 καὶ
3264 3268 3527 3346 πατρίδος

2308 3368 2531 3424 ’Όντινα
2561 3366 2778 3440 συσχὼν
2807 3362 3050 3437 Ἀ).ί.ξιος
3080 3361 3171 3417 σὺν
3201 3358 3353 3433 δόλῳ

2133 3458 2276 3513 7305
2311 3456 2480 3525 ’Ἂναξ
2512 3453 2726 3525 πλάνης
2758 3452 2959 3508 ἄνακτα
2987 3451 3274 3522 πλανήτην
3307 3446 3422 3503 ἴσον

2310 3545 2514 3613 Ἔθηκε
2540 3540 2771 3620 τυφλὸν,
2803 3539 3067 3615 ὀμμάτων
3101 3538 3341 3616 λύχνους
3371 3532 3589 3599 σϐέσας.

2314 3633 2424 3690 Εἶτ’
2457 3632 2532 3695 εἷς
2565 3634 2813 3689 Λατίνων
2846 3632 3098 3705 ἐμπεσὼν
3132 3628 3306 3691 δεινὰς
3328 3630 3494 3703 χέρας

2048 3144 2092 3211 C

2314 3721 2544 3795 Δέσμιος
2584 3722 2775 3797 ἀχθεὶς
2806 3720 2881 3783 είς
2913 3719 3075 3775 πόλιν
3107 3720 3206 3788 τὴν
3238 3722 3333 3772 τοῦ
3361 3716 3615 3791 κράτους,

2314 3810 2472 3872 Δίκας
2501 3810 2703 3865 ὑπέσχε
2730 3812 2827 3863 τοῦ
2858 3804 2929 3862 δι’
2958 3806 3202 3882 ἀγχόνης
3237 3805 3410 3881 μόρου

2136 3901 2277 3957 7310
2312 3899 2511 3954 Ὀντιν⁹
2540 3898 2736 3973 ἐπῆγεν
2766 3894 3041 3973 Ἀγγέλων
3070 3894 3322 3967 Ἀλεξίῳο

2313 3986 2407 4048 Et:
2435 3986 2590 4041 κίονα
2618 3985 2719 4061 γὰρ
2750 3984 3006 4059 ἀναχθεὶς
3034 3984 3251 4059 Ταύρου
3286 3984 3451 4057 μέγαν

2313 4077 2548 4132 Ἐκεῖθεν
2579 4076 2896 4145 ἠκόντιστο,
2930 4076 3027 4148 φεῦ
3059 4069 3215 4143 δίκης
3250 4073 3263 4128 i
3296 4071 3446 4126 κάτω

2316 4164 2417 4221 Καὶ
2458 4158 2761 4239 συντριϐεὶς
2790 4160 3009 4218 ὤλλυτο
3046 4160 3208 4237 βιαίῳ
3241 4158 3415 4234 μόρῳ,

2316 4254 2620 4330 Μαρκέσιος
2651 4250 2708 4307 δὲ
2734 4253 2834 4322 τήν
2862 4250 3128 4309 Βοιωτίαν
3167 4250 3392 4328 φθάσας,

2138 4355 2280 4409 7315
2318 4352 2535 4422 Ταύτην
2569 4353 2946 4427 παρεστήσατο
2971 4355 3090 4411 ταῖς
3118 4345 3496 4422 στρατηγίαις·

2321 4446 2514 4517 Κρατεῖ
2535 4442 2743 4517 προῖὼν
2777 4440 3030 4509 Ἀττικῆς
3059 4437 3151 4493 σύν
3184 4431 3407 4508 Εύϐοίᾳ.

2064 4504 2113 4568 D
2322 4504 2410 4591 ’ἀς
2433 4530 2485 4584 έν
2516 4504 2795 4606 κεφαλαίῳ
2827 4526 2884 4583 δὲ
2914 4504 3187 4600 συντεμὼν
3220 4504 3432 4603 φράσω,

2318 4619 2505 4689 Μήπω
2538 4618 3009 4693 παριππεύσαντος
3032 4610 3271 4692 ἀκριϐῶς
3292 4609 3472 4681 ἔτους,

2321 4709 2515 4779 Ἑῷον,
2551 4707 2796 4783 ἑσπέριον
2814 4705 3070 4763 Αὐσόνων
3102 4704 3277 4777 κλίμα

2141 4802 2284 4855 7320
2320 4800 2499 4854 ’Ἄπαν
2536 4800 2739 4853 ὑπεικει
2768 4802 2849 4870 τῷ
2870 4796 3052 4873 κράτει
3083 4800 3190 4850 λῶν
3220 4792 3488 4851 Λατίνων.

2323 4889 2490 4959 ’Άναξ
2517 4886 2575 4944 δέ
2604 4889 2775 4966 φυγὰς
2805 4884 3049 4957 Ἀλέξιος
3078 4884 3171 4941 οὺν
3200 4884 3388 4960 χρόνῳ

2326 4977 2417 5040 Εἷς
2442 4975 2566 5053 ὄψιν
2598 4976 2769 5041 ἐλθὼν
2794 4975 3009 5048 Λατίνῳ
3041 4973 3357 5048 Μαρκεσίῳ,

2324 5068 2405 5124 Τά
2434 5062 2669 5141 σύμϐολ’
2698 5065 2951 5143 ἀφῄρητο
2981 5066 3078 5119 τθῦ
3106 5064 3339 5139 κράτους
3362 5062 3537 5131 ἄκων,

2325 5157 2419 5219 Et;
2449 5155 2695 5232 ἁλμυρὸν
2729 5153 2774 5210 δ’
2805 5151 3032 5210 ἔσταλτο
3063 5158 3249 5228 χῶρον
3282 5150 3512 5226 ὶσπέρας

2146 5250 2289 5305 7325
2326 5247 2471 5303 Ἐκεῖ
2501 5243 2703 5321 διάγειν
2735 5244 2825 5299 καὶ
2858 5241 3093 5299 διανύειν
3141 5242 3255 5317 βίον

2328 5334 2432 5390 Σὺν
2466 5335 2786 5413 Εὖφροσύνῃ
2820 5332 3032 5409 συζύγῳ
3058 5328 3326 5408 βασιλίδι,

2327 5427 2566 5500 Σχόντες
2596 5424 2741 5499 τύχη
2768 5424 3058 5502 σύμφωνον
3088 5422 3335 5496 ἀτεχνῶς
3365 5418 3560 5476 τόπον.

2323 5516 2483 5572 ’Όσοι
2518 5510 2576 5568 δὲ
2602 5514 2921 5568 συνείποντο
2950 5515 3030 5583 τῷ
3052 5508 3381 5586 στεφηφόρῳ

2321 5600 2546 5677 ’Λνδρες
2580 5602 2826 5679 μαχηταὶ
2857 5600 2947 5655 καὶ
2978 5599 3166 5674 γένους
3193 5597 3443 5673 ἐριτίμου

3650 270 3761 324 272
