4104 6204
372 297 502 351 273

377 423 533 478 7330
574 420 775 485 Πόλεις
807 426 1078 499 Θρᾳκικάς
1106 425 1373 500 πατρίδας
1403 431 1729 503 κεκτημένοι

576 512 840 586 Ἠροῦντο
874 516 1107 568 συνεῖναί
1139 536 1201 589 γε
1229 520 1309 588 τῷ
1341 518 1658 592 Μαρκεσίφ,

578 600 683 656 Καὶ
714 596 952 671 δυνατήν
984 603 1236 679 σύναρσίν
1266 606 1319 659 οἱ
1349 608 1736 684 συνεισφέρειν,

576 689 675 743 Καὶ
706 687 1033 766 λιπαροῦσιν
1067 692 1170 747 ὑπὸ
1200 691 1343 766 τῷδε
1370 698 1678 772 τυγχάνειν.

574 778 637 836 ⁸0
667 775 715 832 δ’
745 779 810 834 οὐ
840 779 1114 855 προσέσχε
1143 786 1212 857 τῇ
1245 780 1423 854 δεήσει
1455 789 1601 863 σφῶν
1633 783 1804 855 ὅλως,

383 877 536 933 7335
572 878 663 945 Μή
699 877 891 951 χρείαν
920 876 1099 953 ἴσχειν
1134 878 1431 959 ῥωμαϊκῶν
1458 885 1751 959 ταγμάτων

569 971 639 1021 Ἠ
666 972 770 1035 τῆς
799 968 929 1042 παρ’
960 969 1140 1023 αὐτῶν
1174 970 1413 1046 φάμενος
1441 972 1781 1049 συμμαχίας.

565 1061 650 1116 Ὠς
683 1051 730 1109 δ’
761 1054 935 1111 ἱκέται
965 1055 1216 1129 γένοιντο
1245 1060 1331 1114 καὶ
1362 1058 1700 1117 Βαλδουΐνου

562 1145 654 1208 Ὠς
682 1147 837 1222 σφίσι
863 1144 925 1200 τὸ
955 1146 1237 1220 πρόθυμον
1269 1148 1380 1225 ἥκῃ
1413 1152 1553 1225 πρὸς
1582 1151 1750 1228 πέρας
1781 1172 1795 1186 ·

564 1233 665 1287 Καί
693 1255 747 1289 τι
779 1229 1080 1309 προϐαῖνον
1116 1238 1225 1312 οὐχ
1245 1238 1435 1310 ἑώρων
1463 1238 1714 1313 εῗκότων,

366 1322 531 1378 7340
568 1321 897 1395 Προσῆλθον
927 1324 1088 1399 ἀρχῷ
1118 1326 1334 1389 Μυσίας
1364 1328 1605 1402 Ἰωάννῃ,

564 1410 732 1467 Ἀσὰν
761 1412 1014 1485 συναίμφ
1042 1413 1133 1469 καὶ
1167 1414 1374 1490 Πέτρου
1400 1420 1509 1471 τῶν
1537 1417 1590 1489 ἐξ
1622 1416 1827 1492 Αἵμου,

561 1496 748 1575 Ἀνδρῖ
780 1507 1096 1576 στρατηγῷ,
1128 1502 1357 1578 γεννάδα
1387 1503 1667 1579 τολμητίᾳ

560 1587 744 1651 Πάσας
776 1586 1144 1667 διαφθείροντι
1175 1593 1469 1667 Ῥωμαίων
1502 1595 1696 1659 πόλεις

560 1678 755 1751 Χώρας
782 1699 844 1733 τι
873 1676 1072 1743 λοιπὰς
1099 1702 1179 1736 γει
1190 1682 1355 1755 μένας
1381 1685 1519 1759 πρὸς
1549 1686 1777 1760 δσπέραν

368 1766 521 1823 7315
559 1768 784 1822 Σκυθῶν
818 1768 1101 1844 ὁμαιχμίᾳ
1126 1791 1186 1826 τε
1216 1772 1307 1826 καὶ
1338 1772 1631 1849 συμμαχίᾳ
1660 1792 1675 1807 ⁸

550 1856 650 1919 Ὃς
677 1854 960 1926 λατινικήν
996 1859 1352 1936 ὑφορώμενος
1386 1858 1625 1936 βλάϐην,

547 1944 873 2021 Πρόσφυγας
895 1944 1094 2021 ἄνδρας
1120 1947 1372 2021 ἀσμένως
1403 1946 1748 2027 δεδεγμένος,

544 2032 689 2108 Πρὸς
717 2033 815 2098 τὰς
842 2035 1049 2091 ἑαυτῶν
1083 2037 1399 2111 ἀποπέμπει
1429 2038 1717 2114 πατρίδας,

546 2121 779 2186 Τούτοις
808 2124 1068 2189 κελεύσας
1102 2124 1230 2203 δρᾷν
1260 2150 1313 2183 τι
1342 2129 1510 2184 κακὸν
1536 2129 1799 2193 Λατίνους

362 2220 510 2277 7350
548 2219 664 2277 Οὐκ
694 2219 752 2276 εὗ
780 2222 920 2296 πρὸς
949 2222 1109 2279 αὐτὸν
1143 2222 1523 2299 διακειμένους
1548 2228 1685 2290 τέως
1718 2248 1733 2262 ⁸

551 2304 768 2371 Φόϐους
798 2308 849 2365 δ’
875 2309 1215 2377 έπισείοντας
1243 2314 1391 2387 αὖτῷ
1419 2314 1508 2370 καὶ
1543 2316 1747 2392 μάχας,

553 2399 862 2455 Ἐκπτωσιν
894 2401 1077 2477 ἀρχῆς
1107 2402 1196 2458 καὶ
1229 2403 1511 2459 σκύλευσιν
1543 2404 1827 2482 πατρίδος,

552 2488 615 2544 Ei.
636 2489 1003 2567 προσφέροιτο
1037 2493 1112 2564 μὴ
1147 2492 1324 2570 σφίσιν
1355 2493 1430 2556 ὡς
1460 2490 1745 2557 δεσπόταις

552 2576 653 2632 Καὶ
681 2579 836 2643 πάνθ’
868 2579 1081 2635 ὑπείκοι
1111 2586 1231 2644 τοῖς
1255 2583 1384 2657 παρ’
1414 2581 1588 2637 αὐτῶν
1622 2581 1840 2659 ῥᾳδίως.

364 2667 515 2721 2355
550 2667 642 2727 Ὡς
672 2668 764 2721 οὖν
796 2666 1066 2737 έπανῆκόν
1097 2691 1157 2743 γε
1186 2671 1322 2746 πρὸς
1343 2670 1439 2733 τὰς
1463 2670 1726 2748 πατρίδας

548 2754 750 2817 Πόλεις
782 2752 1003 2819 δυτικὲς
1032 2758 1267 2821 Δῦσονες
1295 2763 1487 2815 τοῦτον
1517 2761 1744 2834 τρόπον,

544 2845 650 2907 Τάς
675 2848 784 2899 τῶν
818 2850 1042 2920 Θρᾳκῶν
1072 2867 1132 2901 τε
1159 2847 1248 2901 καὶ
1278 2845 1608 2905 Μακεδόνων
1638 2848 1833 2912 πόλεις

546 2932 872 3009 ’Ᾱφηνιάσαι
908 2931 1076 3008 δρῶσι
1107 2934 1351 2990 Λατίνων
1382 2937 1637 3011 κράτους,

543 3026 677 3077 Θεοῦ
708 3023 955 3099 συνάρσει
986 3023 1079 3078 καὶ
1112 3026 1315 3081 Μυσῶν
1345 3026 1615 3100 συνεργίᾳ,

357 3120 511 3176 7360
550 3117 805 3181 Πολλοὺς
828 3116 1052 3175 Ἰταλῶν
1082 3122 1541 3195 παραπέμψαντες
1577 3124 1754 3199 μόρῳ,

544 3205 782 3264 Μάλιστ’
812 3207 1057 3271 ἐνοίκους
1085 3214 1194 3265 τῶν
1227 3207 1471 3283 διδύμων
1502 3210 1732 3287 τειχέων
1764 3233 1778 3248 ο

547 3294 658 3358 Οὓς
690 3292 738 3350 δ’
767 3297 832 3350 αὗ
864 3294 1105 3375 φυγάδας
1136 3297 1214 3360 εἲς
1248 3297 1411 3353 πόλιν
1445 3297 1782 3373 δεδρακότες.

550 3385 646 3438 Καὶ
678 3388 845 3440 τοῦτο
876 3386 1107 3460 τοῦργον
1140 3384 1422 3457 λατινικῆς
1454 3386 1649 3450 κακίας

548 3472 871 3546 Ἐλευθέραν
901 3471 1092 3549 ἔδρασε
1120 3480 1294 3530 πᾶσαν
1324 3477 1424 3545 τὴν
1457 3479 1595 3547 Ἕω,

368 3564 518 3620 7365
554 3563 698 3636 Πρὸς
726 3568 1043 3639 κατεπεῖγον
1073 3562 1298 3621 Ἰταλῶν
1332 3563 1702 3638 ὡρμημένων,

556 3652 657 3709 Καὶ
690 3657 824 3728 σφᾶς
853 3657 1067 3729 φρονεῖν
1104 3650 1296 3728 μέτρια
1321 3652 1503 3724 τίθησι
1533 3652 1669 3716 τέως

552 3739 695 3802 Τοὺς
724 3739 971 3797 Ἑλλάδα
1000 3742 1164 3811 νῆσόν
1195 3763 1254 3797 τε
1285 3741 1539 3806 Πέλοπος
1564 3742 1714 3815 ξένην

545 3829 784 3892 Ὀπλοις
814 3828 1035 3893 ἑλόντας
1066 3829 1158 3886 καί
1186 3832 1695 3908 κατωφρυωμένους
1720 3850 1734 3866 ’

548 3920 697 3989 Πκὴν
726 3916 1040 3991 ’Δδριανοῦ,
1068 3916 1488 3995 Διδυμότειχον,
1518 3919 1710 3983 πόλεις

359 4009 509 4064 7370
545 4006 835 4064 Κάλλιστα
862 4008 1219 4080 κρατύναντες
1249 4008 1503 4066 Αὐσόνων
1537 4011 1752 4085 στίφος,

547 4099 818 4172 Κατεῖχον
849 4096 1015 4159 αὐτὰς
1055 4096 1492 4173 συμμαχούντων
1519 4099 1610 4153 καὶ
1652 4097 1913 4174 Βλάχων.

546 4187 804 4258 Ἰωάννης
836 4183 893 4242 δὲ
925 4187 1268 4263 συντεταχὼς
1299 4184 1556 4261 δυνάμεις

546 4276 643 4329 Καὶ
677 4272 1036 4351 συμμαχίδας
1065 4273 1125 4331 ἐκ
1155 4280 1377 4340 Σκυθῶν
1410 4274 1674 4351 μυριάδας

545 4361 802 4434 Σπουδὴν
830 4363 993 4428 ἐτίθει
1026 4364 1286 4428 Λατίνους
1319 4363 1631 4437 λεληθέναι.

354 4454 509 4508 7365
547 4452 699 4509 Ἐπεὶ
730 4450 777 4508 δ’
808 4452 1165 4509 ἐπανάστασιν
1199 4454 1455 4509 Αὐσόνων
1494 4456 1655 4527 μάθοι

542 4541 705 4611 ’Δναξ
736 4540 960 4598 Ἰταλῶν
996 4539 1331 4604 Βαλδουϊνος
1358 4544 1449 4598 καὶ
1482 4540 1685 4617 δρᾶμα,

542 4628 774 4684 Στέλλει
808 4631 1059 4703 στρατιάν
1090 4630 1227 4705 πρὸς
1257 4629 1450 4694 πόλεις
1476 4632 1783 4696 ἀποστάσας
1814 4651 1828 4667 ⁸

538 4718 609 4771 ’Ἠ
643 4719 872 4793 συνέσχε
897 4717 1243 4793 Τζουρουλὸν
1275 4717 1366 4773 σὺν
1395 4720 1561 4795 Βιζύῃ

544 4806 643 4862 Καὶ
674 4807 872 4868 ταύτας
903 4806 1126 4877 ὑπέταξε
1158 4806 1398 4862 Λατίνων
1425 4809 1609 4882 κράτει
1639 4824 1658 4845 ο

349 4895 500 4950 7580
536 4891 784 4969 ’Λνδρῶν
815 4897 976 4965 κενὴν
1010 4893 1057 4949 δ’
1088 4894 1286 4971 εὕρηκε
1311 4897 1411 4964 τὴν
1448 4895 1738 4972 Ἀρκαδίου

537 4984 849 5062 Ῥυηιρενῶν
879 5004 940 5039 τε
966 4984 1055 5039 καὶ
1083 4985 1397 5060 περιόπτων
1430 4984 1570 5059 γένει
1608 5005 1622 5019 ⁸

533 5074 729 5146 Ὀμως
759 5073 969 5138 ένόντες
998 5071 1319 5149 Ξκχυθέντες
1348 5076 1446 5142 τῆς
1479 5073 1658 5145 πύλης

536 5161 639 5218 Καὶ
673 5160 1083 5237 συμπλακέντες
1113 5161 1349 5224 Ἰταλοῖς
1381 5164 1517 5218 κατὰ
1549 5165 1762 5240 μάχην,

538 5253 847 5327 Τραπέντες
877 5251 1181 5307 ἆωώλοντο
1212 5252 1408 5314 πάντες
1437 5257 1518 5325 τῷ
1548 5252 1709 5331 ξίφει,

349 5340 505 5396 7385
544 5338 729 5395 Φειδὼ
756 5341 1008 5399 Λατίνων
1042 5337 1275 5395 οὐδένων
1304 5337 1615 5418 εἰληφότων
1642 5363 1654 5375 ο

539 5426 695 5485 Ἀλλ’
729 5427 844 5484 οὐδ’
875 5429 1028 5491 ὁσίας
1056 5424 1220 5484 τῶνδ’
1250 5423 1411 5503 ἔτυχέ
1436 5450 1518 5492 τις
1545 5428 1711 5493 ὅλως.

538 5517 604 5573 Ἡ
632 5515 679 5572 δ’
709 5517 775 5573 αὗ
805 5539 868 5594 γε
894 5517 1069 5587 λοιπή
1105 5518 1330 5593 στρατιᾶ
1355 5521 1465 5573 τῶν
1492 5519 1740 5576 Λατίνων

540 5607 641 5669 Ἧς
673 5604 1014 5671 Βαλδουῖνος
1042 5606 1270 5683 ἡγεμὼν
1306 5606 1445 5676 ὑπῆν
1478 5608 1609 5681 ἄναξ

1959 305 2319 361 ΟΒΒΔΒΕΒ.

2078 400 2128 494 Α
2158 428 2436 487 Thracias
2468 432 2644 488 urbes
2675 433 2925 505 patriam
2957 434 3260 505 habentes,

2171 520 2236 572 ut
2264 534 2398 574 cum
2432 520 2773 576 marchione
2804 522 3058 578 facerent
3088 522 3399 594 stipendia,

2166 604 2417 663 validam
2450 608 2562 679 ipsi
2595 610 2914 665 offerebant
2945 628 3204 682 operam,

2164 696 2410 768 ejusque
2441 697 2685 769 imperio
2716 699 3096 771 postulabant
3125 702 3369 773 obsequi
3405 720 3419 758 :

2162 783 2260 840 ille
2292 792 2482 841 tamen
2516 803 2713 858 preces
2744 805 2988 859 prorsus
3018 791 3278 861 respuit;

2160 889 2266 928 nec
2299 874 2411 929 sibi
2445 874 2703 931 Romano
2735 893 2883 947 opus
2914 893 3041 933 esse
3071 878 3261 933 milite

2159 960 2325 1029 dixit,
2355 978 2461 1018 nec
2489 962 2725 1019 illorum
2758 973 3024 1036 expetere
3054 967 3294 1022 auxilia.

2158 1059 2338 1115 Iidem
2371 1059 2655 1116 Balduino
2690 1062 2925 1117 fuerunt
2956 1064 3274 1135 supplices,

2156 1149 2206 1204 si
2238 1150 2384 1205 forte
2416 1149 2621 1205 fierent
2649 1151 2763 1206 voti
2796 1151 2888 1207 sui
2920 1158 3257 1225 compotes;

2155 1253 2349 1293 rerum
2382 1254 2516 1293 cum
2547 1255 2651 1310 spe
2684 1239 2989 1296 frustratos
3022 1247 3207 1297 semet
3237 1258 3474 1298 cernere

2153 1326 2226 1381 ad
2258 1325 2472 1381 Moesiae
2503 1327 2827 1400 principem
2857 1322 3146 1386 Joannem
3177 1331 3421 1386 veniunt

2150 1415 2305 1471 Petri
2333 1416 2665 1488 Asanisque
2695 1416 2932 1474 fratrem
2966 1419 3023 1473 in
3054 1423 3252 1475 Hmmo
3283 1425 3514 1487 natum,

2147 1504 2428 1560 audacem
2460 1505 2677 1573 virum,
2703 1506 3043 1563 bellatorem
3076 1513 3408 1575 strenuum,

2144 1599 2202 1649 et
2229 1598 2628 1650 Romanarum
2660 1595 2898 1651 urbium
2927 1598 3267 1667 perniciem,

2143 1698 2291 1753 quas
2315 1699 2451 1739 cum
2484 1683 2782 1755 Hesperiis
2810 1686 3073 1742 vastabat
3103 1687 3462 1758 regionibus,

2062 1795 2109 1860 Β
2142 1771 2326 1827 fretus
2353 1770 2699 1844 Scytharum
2732 1772 2947 1828 foedere
2978 1776 3035 1828 et
3065 1773 3316 1831 auxiliis.

2137 1871 2194 1927 Is
2224 1874 2287 1926 ut
2319 1870 2540 1927 Latinis
2573 1871 2986 1928 detrimentum
3020 1872 3253 1941 faceret,

2133 1958 2428 2033 supplices
2456 1958 2589 2017 illos
2613 1960 2827 2033 excipit
2854 1960 3105 2018 libenter

2132 2046 2312 2117 inque
2343 2062 2512 2102 suam
2543 2046 2810 2118 singulos
2843 2047 3092 2121 patriam
3125 2049 3402 2117 remittit;

2132 2135 2421 2191 mandans
2451 2139 2517 2191 ut
2544 2135 2777 2191 damnis
2811 2137 3042 2192 Latinos
3073 2138 3393 2205 efﬁcerent,

2132 2239 2282 2295 quos
2312 2224 2424 2279 sibi
2457 2223 2716 2280 infensos
2743 2225 2969 2295 jamdiu
3004 2226 3248 2294 sciebat,

2131 2316 2532 2383 terroremque
2562 2312 2718 2381 belli,
2751 2314 3137 2386 direptionem
3171 2316 3395 2387 patriae,

2133 2409 2187 2457 et
2219 2400 2584 2473 principatus
2609 2403 2905 2474 jacturam
2936 2404 3252 2471 minantes,

2132 2489 2249 2545 nisi
2281 2489 2527 2545 serviret
2557 2490 2810 2547 dominis
2834 2492 3059 2548 Latinis

2124 2576 2413 2648 jussaque
2442 2582 2710 2649 prompto
2744 2578 2955 2634 faceret
2985 2579 3285 2651 obsequio.

2132 2664 2371 2720 Reversi
2401 2664 2459 2719 in
2493 2667 2743 2737 patriam
2772 2666 3012 2735 milites,
3047 2685 3198 2740 quos
3227 2669 3506 2739 diximus,

2130 2752 2378 2809 urbibus
2408 2752 2705 2825 Hesperiis
2732 2755 3109 2828 Thraciaque
3140 2757 3316 2813 simul

2129 2841 2389 2914 itemque
2416 2843 2765 2899 Macedonia
2797 2850 3115 2902 suaserunt

2130 2936 2196 2986 ut
2226 2947 2260 2985 a
2293 2930 2493 2987 Latino
2522 2931 2766 3003 imperio
2799 2933 3136 2999 deficerent,

2129 3019 2246 3075 Deo
2279 3019 2525 3088 favente,
2558 3020 2754 3075 Moesis
2787 3021 3233 3077 auxiliantibus.

2131 3107 2307 3163 Italos
2339 3106 2554 3164 multos
2585 3109 2953 3164 demiserunt
2983 3110 3127 3164 Orco

2077 3195 2094 3220 ⁸
2136 3203 2520 3276 Didymotichi
2553 3204 2773 3260 incolas
2804 3205 3112 3277 potissimo
3146 3222 3160 3259 :

2129 3292 2273 3348 alios
2304 3292 2645 3364 Byzantium
2677 3298 2993 3365 coegerunt
3023 3294 3243 3365 fugere.

2132 3386 2323 3453 Atque
2351 3381 2471 3436 haec
2499 3382 2685 3437 caedes
2718 3382 2925 3437 Latino
2957 3382 3183 3454 ﬂagello

2132 3487 2267 3526 eoas
2297 3470 2468 3526 etiam
2502 3478 2684 3527 terras
2714 3470 3005 3541 liberavit,

2132 3560 2273 3615 dum
2305 3560 2376 3615 ad
2408 3560 2676 3631 graviora
2703 3561 2925 3615 damna
2955 3565 3271 3617 accurrunt
3302 3561 3455 3619 Itali:

2132 3653 2189 3705 et
2218 3647 2392 3704 simul
2424 3646 2558 3704 illos
2589 3648 2974 3705 modestiores
3005 3648 3264 3705 reddidit

2132 3736 2234 3808 qui
2267 3737 2416 3793 fastu
2448 3736 2585 3792 elati
2616 3735 2843 3809 Pelopis
2874 3737 3156 3793 tenebant

2132 3825 2314 3881 armis
2346 3825 2702 3897 provinciam
2737 3841 3013 3897 magnam
3039 3830 3213 3897 atque
3239 3826 3557 3883 Helladem.

2130 3911 2598 3983 Didymotichum
2632 3911 2811 3966 simul
2843 3917 2901 3967 et
2927 3911 3365 3985 Adrianopolim

2132 3997 2371 4055 Romani
2402 3999 2633 4070 egregio
2660 3998 2936 4070 imposito
2970 4001 3245 4072 praesidio

2129 4087 2552 4145 auxiliantibus
2582 4087 2913 4144 retinebant
2944 4088 3197 4146 Blachis.

2126 4177 2385 4233 Joannes
2416 4180 2612 4232 autem
2645 4176 3027 4234 contrahebat
3052 4178 3251 4250 copias

2129 4272 2302 4336 atque
2333 4265 2666 4320 accersebat
2693 4264 2961 4335 Scythica
2990 4265 3278 4333 subsidia,

2126 4355 2304 4426 idque
2334 4352 2549 4408 Latinis
2579 4352 2729 4409 clam
2764 4356 3009 4410 curabat
3038 4355 3185 4410 ﬁeri.

2124 4452 2232 4507 Sed
2266 4451 2735 4523 conspirantium
2769 4452 3154 4507 Romanorum
3189 4452 3446 4509 motibus

2047 4515 2092 4580 Ῑ)
2127 4558 2224 4596 rex
2251 4515 2887 4611 ItalorumﬁBalduinus
2915 4540 3189 4612 cognitis,

2128 4630 2371 4685 militem
2405 4629 2588 4685 mittit
2619 4630 2690 4684 ad
2724 4628 2971 4684 rebelles
3003 4630 3197 4696 urbes,

2124 4735 2157 4772 a
2188 4735 2304 4790 quo
2336 4734 2468 4773 cum
2503 4717 2674 4790 Byzia
2704 4718 2934 4790 capitur
2956 4718 3271 4788 Tzurulus,

2125 4808 2614 4879 Latinoquejugo
2647 4812 2895 4879 utraque
2928 4807 3261 4879 subjicitur.

2123 4898 2339 4952 Urbem
2374 4897 2605 4951 Arcadii
2636 4897 2831 4952 cuncti
2864 4898 3244 4952 deseruerant

2124 4987 2278 5041 cives
2310 4986 2560 5057 pecunia
2590 4985 2674 5041 vel
2708 4986 2891 5057 stirpe
2923 4986 3227 5057 conspicui
3260 5003 3273 5040 :

2122 5074 2368 5146 reliquis
2398 5079 2595 5130 tamen
2629 5075 2817 5145 portis
2847 5089 3121 5145 egressus
3155 5074 3408 5146 populus

2120 5180 2379 5236 pugnam
2412 5179 2545 5218 cum
2580 5162 2742 5219 Italis
2778 5162 2985 5218 maluit
3013 5165 3416 5234 committere;

2118 5269 2319 5307 verum
2353 5252 2533 5323 fugati
2570 5268 2773 5307 omnes
2801 5252 3108 5307 caeduntur
3136 5251 3349 5324 gladio,

2118 5342 2259 5397 dum
2298 5341 2635 5396 Latinorum
2671 5341 2832 5395 furor
2863 5341 3049 5412 parcit
3079 5341 3321 5408 nemini,

2120 5448 2185 5485 ac
2218 5446 2289 5485 ne
2319 5428 2572 5502 sepulcri
2607 5430 2843 5499 quidem
2875 5430 3120 5501 gratiam
3155 5430 3378 5484 annuit.

2119 5518 2404 5590 Reliquus
2436 5523 2636 5574 autem
2672 5518 2909 5574 Latinus
2942 5520 3250 5584 exercitus,

2118 5623 2291 5678 quem
2325 5606 2648 5663 Balduinus
2680 5607 2805 5679 ipse
2836 5607 3089 5662 ducebat
3112 5606 3321 5673 Caesar,

3696 317 3817 370 274
