4104 6204
240 329 349 390 275
1446 323 1818 379 ΕΡΗΒΕΜῘῙ

2063 321 2435 374 NOGRAPHI
3439 342 3445 347 ε
3547 320 3683 374 276-

248 461 318 515 ad
351 457 712 513 Orestiadem
745 449 992 507 contulit
1023 465 1084 504 se
1116 449 1342 516 urbem,

1923 448 1979 510 Α
2187 437 2502 503 Ὀιεστιάδα
2530 436 2914 496 καταλαϐοῦσα
2942 439 3131 510 πόλιν,

252 562 507 616 namque
538 542 773 598 structis
803 537 1079 594 obsidens
1113 539 1426 611 aggeribus

2003 531 2145 585 7390
2185 528 2388 592 Ἐκεῖθί
2419 549 2524 584 που
2556 531 2769 605 χάρακα
2804 529 3048 604 βαλοῦσα
3083 528 3251 602 μένει,

256 615 485 693 summo
517 635 728 686 conatu
763 629 1062 683 nitebatur
1093 644 1318 700 capere.

2185 617 2402 688 Ταύτην
2445 616 2589 673 ὲλεῑν
2621 615 2924 673 σπεύδουσα
2951 620 3109 673 παντὶ
3143 624 3223 692 τῷ
3252 619 3463 695 τρόπῳ.

256 727 420 780 Tunc
453 720 592 775 urbs
618 715 955 789 periclitans
986 713 1335 784 legationem
1371 715 1547 770 mittit

2184 702 2542 781 Πρεσϐεύεται
2569 712 2699 783 γοῦν
2731 710 2765 777 ἡ
2797 709 3106 780 κακουμένη
3139 708 3302 771 πόλις

257 812 328 866 ad
361 807 741 879 Bulgarorum
775 804 1099 875 principem
1129 804 1414 859 Joannem

2183 797 2324 872 Πρὸς
2357 795 2612 868 Ἰωάννην
2642 797 2732 852 τὸν
2758 801 3059 872 κρατοῦντα
3089 797 3450 874 Βουλγάρων,

256 897 517 952 validum
551 899 752 966 petens
784 893 1041 947 militum
1075 891 1380 957 auxilium,

2182 886 2288 953 Τὴν
2322 883 2552 956 δυνατὴν
2585 887 2835 962 σύναρσιν
2867 885 3244 960 ἐξαιτουμένη,

257 987 357 1057 qui
390 1001 453 1040 se
481 983 859 1056 impendente
891 981 1234 1036 discrimine
1263 983 1530 1053 eriperet.

2005 977 2148 1031 7395
2185 974 2660 1048 Ἑπικρεμαμένου
2689 995 2746 1030 τε
2775 973 3030 1031 κινδύνου
3061 975 3240 1034 λύσιν.

255 1074 358 1130 Ille
390 1073 638 1128 libenter
667 1069 1013 1142 legationem
1044 1071 1234 1125 audiit
1264 1075 1279 1125 ἑ

2186 1064 2246 1120 Ὀ
2277 1061 2322 1117 δ’
2353 1064 2597 1136 ἀσμένως
2632 1060 2846 1119 δέδεκτο
2876 1059 3165 1136 πρεσϐείας
3197 1063 3396 1141 λόγους
3431 1087 3445 1101 ·

256 1179 510 1234 cumque
541 1161 910 1217 auxiliarium
941 1159 1176 1231 agmine
1201 1158 1547 1231 Scytharum

2190 1152 2288 1209 Καὶ
2323 1152 2677 1226 συμμαχικὸν
2710 1153 2962 1216 σκυθικὸν
2991 1151 3180 1210 λαϐὼν
3213 1157 3402 1218 στίφος

257 1252 573 1308 exercitum
610 1248 882 1305 Latinum
912 1252 1148 1319 repente
1180 1264 1516 1319 aggressus,

2187 1242 2656 1305 Ἐπεισπεπαικὼς
2682 1240 2903 1298 Ἰταλῶν
2936 1247 3148 1317 στρατῷ
3177 1240 3373 1318 λάθρα,

257 1344 317 1397 in
351 1342 550 1411 fugam
586 1353 820 1393 versum
854 1337 1088 1408 penitus
1129 1336 1374 1404 devicit;

2186 1331 2395 1385 Τοῦτον
2425 1335 2728 1403 τροποῦται
2757 1330 2848 1399 καὶ
2878 1336 3003 1403 νικᾷ
3031 1334 3170 1388 κατὰ
3196 1333 3397 1407 κράτος
3424 1354 3439 1369 ⁸

260 1431 530 1502 cepitque
559 1429 754 1482 vivum
790 1425 1145 1481 Balduinum
1172 1425 1485 1494 Caesarem,

2009 1418 2153 1474 7400
2190 1422 2400 1494 Ζωγρεῖ
2424 1439 2482 1473 τε
2511 1419 2602 1474 καὶ
2632 1423 2782 1496 σφῶν
2806 1419 3045 1496 κράτορα
3070 1419 3409 1478 Βαλδουῖνον

264 1607 575 1681 permultis
596 1607 874 1677 juvenem
907 1607 1180 1660 ornatum
1215 1603 1550 1672 virtutibus,

2193 1600 2465 1671 Κομῶντα
2492 1597 2735 1662 πολλαῖς
2765 1599 2970 1676 ἀρετῶν
3001 1601 3233 1670 νεανίαν,

265 1698 366 1753 sed
394 1694 746 1751 castimonia
778 1691 835 1746 in
868 1689 1076 1764 primis
1104 1705 1171 1746 ac
1192 1691 1448 1761 justitia,

2193 1684 2445 1742 Μάλιστα
2471 1690 2660 1742 πασῶν
2687 1688 3010 1766 σωφροσύνῃ
3041 1690 3133 1745 καὶ
3157 1688 3303 1766 δίκῃ,

268 1790 332 1840 ut
361 1801 490 1839 mea
520 1781 788 1853 superior
819 1779 1014 1835 retulit
1045 1779 1320 1848 historia;

1938 1813 1986 1881 Β
2193 1777 2280 1838 Ὠς
2311 1775 2446 1853 φθὰς
2472 1777 2866 1881 προϊστόρησεν
2902 1778 3094 1881 ἆνόπιν
3122 1777 3294 1855 λόγος
3325 1802 3340 1817 ο

264 1889 440 1944 quem
473 1871 572 1926 diu
604 1868 854 1925 Ternobi
885 1883 1112 1925 carcere
1137 1869 1464 1941 detentum,

1938 1864 1986 1881 ”
2191 1865 2394 1938 Ὅνπερ
2425 1864 2704 1940 καθείρξας
2738 1867 2942 1942 μακρὸν
2975 1866 3027 1922 έν
3055 1873 3137 1941 τῷ
3165 1865 3415 1943 Τρινόὸῳ

264 1960 704 2030 exercitumque
737 1957 1010 2029 plurimis
1041 1957 1418 2026 cruciatibus,

2015 1957 2158 2011 7405
2196 1954 2401 2029 Δράσας
2427 1974 2488 2008 τε
2517 1951 2666 2008 δείνᾶ
2697 1953 2865 2030 μυρία
2892 1957 3272 2033 κακοτρόπως,

260 2049 516 2121 denique
549 2047 884 2103 miserando
916 2046 1204 2118 supplicio
1235 2047 1424 2103 affecit

2197 2044 2368 2116 Πέρας
2397 2039 2770 2099 καθυπέϐαλεν
2805 2045 3014 2122 οἰκτρῷ
3045 2048 3260 2119 θανάτῳ

263 2137 691 2210 praecipitatum
726 2136 974 2207 rupibus
1004 2135 1333 2192 altissimis.

2199 2133 2325 2187 Κατ’
2356 2127 2637 2202 ἠλιϐάτων
2669 2154 2911 2208 κατακρη
2923 2133 3112 2207 μνίσας
3145 2135 3351 2194 τόπων.

265 2230 404 2280 Post
431 2226 583 2279 hunc
615 2223 835 2279 Latinis
870 2224 1116 2295 imperat
1148 2223 1404 2297 Byzantii

2197 2222 2327 2277 Μεθ’
2359 2222 2416 2276 ’όν
2448 2228 2748 2298 κραταρχεῖ
2777 2222 3016 2280 Λατίνων
3048 2229 3153 2280 τῶν
3187 2225 3240 2280 έν
3269 2225 3430 2282 πόλει

268 2313 542 2369 Balduini
574 2313 753 2368 frater
783 2314 1020 2369 nomine
1051 2314 1272 2383 Ericus,

2203 2308 2408 2380 Κλῆσιν
2433 2309 2635 2386 Ἐρῤῆς
2667 2309 2932 2384 σύναιμος
2961 2310 3036 2367 ὢν
3069 2311 3435 2386 Βαλδουΐνου,

269 2403 358 2457 vir
389 2402 536 2457 comi
572 2409 829 2474 aspectu,
862 2401 1119 2459 subditis
1150 2403 1476 2472 benivolus,

2023 2402 2166 2456 7410
2206 2398 2374 2473 Ἀνὴρ
2407 2396 2621 2474 ἱλαρὸς,
2655 2399 2887 2472 εὐμενὴς
2917 2401 3205 2474 ὑπηκόοις,

269 2496 327 2547 et
355 2489 532 2546 simul
568 2490 734 2544 fortis
765 2491 880 2545 dux
908 2496 966 2545 et
997 2491 1321 2559 animosus,

2205 2489 2348 2562 Πρὸς
2381 2485 2438 2543 δὲ
2469 2489 2773 2564 στρατηγὸς
2809 2489 3088 2560 εύσθινής,
3117 2491 3466 2571 τολμητίας,

272 2584 446 2650 atque
479 2579 548 2633 ad
581 2579 820 2634 ciendas
849 2593 1078 2649 pugnas
1109 2580 1544 2650 paratissimus.

2204 2575 2537 2656 Ὀξύρῥοπός
2565 2598 2624 2632 τε
2653 2579 2790 2653 πρὸς
2823 2577 3007 2653 μάχας
3034 2579 3351 2637 ἀντιπάλων
3385 2601 3426 2653 ο,

272 2670 378 2725 Hic
405 2667 612 2724 habuit
642 2667 868 2724 Graecos
903 2667 1117 2725 milites
1150 2670 1525 2740 fortissimos,

2204 2667 2306 2724 Καὶ
2337 2668 2672 2743 στρατιώτας
2702 2665 2954 2742 γεννάδας
2987 2668 3311 2745 ῥωμαλέους

272 2777 421 2834 quos
446 2761 591 2816 bene
623 2758 912 2815 instructo
944 2759 1179 2831 agmine
1208 2761 1478 2831 ducebat,

2205 2753 2484 2826 Ἕλληνας
2515 2754 2710 2832 ἄνδρας
2737 2760 3200 2833 συντεταγμένους
3231 2757 3399 2835 ἄγων,

274 2847 695 2921 triumphalem
730 2848 1075 2920 phalangem
1108 2853 1162 2904 et
1193 2850 1490 2908 selectam.

2025 2849 2167 2905 7415
2205 2843 2524 2902 Ἐπίλεκτον
2559 2844 2811 2923 φάλαγγα
2839 2847 2929 2902 καὶ
2959 2848 3278 2926 νικηφόρον.

273 2940 431 2994 Idem
464 2953 616 3010 saepe
647 2953 884 3010 gravem
918 2937 1053 2993 belli
1086 2939 1228 2995 lusit
1256 2939 1438 2996 aleam

2205 2938 2376 3001 Οὗτος
2408 2938 2598 3012 μάχης
2628 2936 2803 3000 αἴτιος
2831 2934 2986 3015 ὤφθη
3019 2939 3293 3002 πολλάκις

269 3044 403 3084 cum
438 3031 834 3083 Romanorum
868 3025 1131 3100 principe
1163 3029 1462 3095 Lascareo,

2203 3031 2320 3082 Τῶν
2350 3025 2600 3083 Αὐσόνων
2634 3028 2820 3082 ἄνακτι
2850 3032 2929 3100 τῷ
2961 3030 3287 3104 Λασκαρίῳ,1

272 3122 622 3188 nostrasque
653 3116 827 3171 urbes
857 3115 1006 3188 cepit
1038 3122 1093 3172 et
1124 3119 1477 3189 provincias,

1950 3179 1988 3195 ﬂ
2206 3118 2302 3173 Καὶ
2335 3122 2482 3192 σφῶν
2510 3121 2886 3191 παρεστήσατο
2919 3120 3104 3195 χώρας
3137 3121 3224 3177 καὶ
3254 3121 3445 3187 πόλεις

273 3205 454 3261 animi
487 3179 830 3260 fcrtitudine
861 3179 1399 3278 et.copia.militum
1437 3179 1476 3264 τ’

1947 3179 1990 3245 C
2207 3179 2414 3278 Πλήθει
2446 3179 2697 3281 στρατιᾶς
2727 3179 2817 3264 καὶ
2848 3179 3034 3286 quia;
3065 3179 3346 3286 προθυμίᾳ
3378 3232 3390 3250 ο

273 3294 551 3349 Lentiana
584 3309 791 3363 nempe
823 3295 1027 3350 urbem
1061 3312 1125 3350 ac
1158 3297 1555 3368 Pmmaneum,

2030 3299 2173 3354 7420
2210 3297 2472 3352 Λεντιανά
2494 3318 2572 3367 τε,
2606 3299 2956 3371 Ποιμανηνὸν
2983 3299 3081 3361 τὰς
3107 3298 3300 3362 πόλεις

279 3381 538 3452 Ochyras
570 3397 803 3451 quoque
833 3382 1016 3437 armis
1047 3385 1342 3451 superavit
1374 3403 1388 3440 :

2211 3385 2316 3441 Καὶ
2345 3387 2441 3448 τὰς
2471 3386 2711 3460 Ὀχυρᾶς
2741 3389 3160 3462 καταπορθήσας
3194 3389 3348 3465 μάχῃ
3383 3409 3397 3422 -

279 3471 496 3542 quibus
526 3469 582 3523 in
616 3469 1038 3524 certaminibus
1068 3475 1189 3526 tres
1219 3474 1516 3542 perierunt

2211 3475 2340 3538 Καθ’
2363 3475 2424 3542 ἣν
2454 3475 2609 3549 τριάς
2641 3473 2855 3531 ὄλωλεν
2887 3475 3098 3551 ἀνδρῶν
3128 3483 3210 3550 τῷ
3241 3478 3402 3557 ξίφει,

275 3556 581 3613 nobilitate
611 3560 667 3610 et
697 3555 907 3627 opibus
939 3557 1202 3630 insignes
1227 3560 1354 3626 vlri,

2210 3566 2557 3640 ΙΙανευγενῶν
2585 3585 2645 3619 τε
2673 3565 2765 3619 καὶ
2795 3565 3105 3640 περιόπτων
3143 3567 3272 3643 βίῳ,

273 3645 666 3702 Dermocrites
697 3643 799 3715 qui
833 3644 954 3699 dux
983 3651 1107 3701 erat
1135 3647 1460 3717 exercitus;

2211 3651 2586 3728 Δερμοκαΐτης
2618 3654 2840 3727 ἡγεμὼν
2873 3657 3311 3730 στρατευμάτων,

274 3739 331 3790 et
362 3732 727 3789 Andronicus
757 3737 928 3803 gente
960 3733 1320 3807 Palasolcgus

2031 3745 2175 3799 7425
2211 3739 2610 3815 Παλαιολόγων
2644 3740 2991 3818 Ἀνδρόνικος
3021 3743 3081 3799 ἐκ
3103 3743 3294 3818 γένους

275 3822 370 3878 cui
405 3819 614 3892 nuptui
647 3819 837 3875 Caesar
867 3824 1093 3877 Irenem
1126 3824 1450 3881 tradiderat

2213 3827 2467 3906 Γαμὸρὸς
2493 3835 2819 3905 κρατοῦντος
2847 3832 2925 3894 εἰς
2953 3833 3198 3906 Εἰρήνην
3226 3833 3512 3910 τυγχάνων

277 3913 556 3981 majorem
593 3913 729 3965 natu
764 3909 946 3966 ﬁliam
979 3915 1036 3967 et
1062 3912 1506 3984 charissimam;

2212 3921 2330 3989 Τήν
2359 3918 2718 3994 πρωτόπαιδα
2747 3919 3012 3998 φιλτάτην
3044 3909 3364 3998 θυγατέρων
3384 3942 3399 3958 ο

279 4000 534 4070 denique
566 4017 724 4053 unus
755 4015 785 4054 e
812 4000 1058 4056 Caesaris
1092 4002 1390 4059 fratribus.

2214 4008 2360 4082 Πρὸς
2388 4007 2573 4064 τοῖσδε
2599 4005 2762 4065 τοῦδε
2790 4010 2881 4065 καὶ
2914 4010 3091 4087 φίλων
3123 4011 3198 4073 εἷς
3229 4013 3533 4086 συγγόνων.

282 4088 535 4161 Byzantii
567 4087 882 4159 imperium
914 4089 1198 4145 retinente
1228 4091 1423 4148 Errico

2121 4149 2124 4152 .
2215 4095 2380 4172 Ἐῥρἧ
2412 4101 2740 4172 κρατοῦντος
2767 4096 2932 4155 τοῦδε
2958 4106 3059 4169 τῆς
3091 4101 3491 4158 Κωνσταντίνου

281 4177 528 4232 Latinus
559 4177 800 4248 quidam
833 4175 1101 4249 Pelagius
1133 4176 1471 4252 cardinalis,

2034 4187 2178 4242 7430
2216 4183 2482 4260 Πελάγιός
2511 4207 2593 4248 τις
2621 4186 2926 4262 ἀρχιθύτης
2955 4188 3195 4244 Λατίνων

282 4267 460 4322 homo
486 4267 853 4332 temerarius,
886 4271 1252 4339 contemptor
1282 4269 1501 4341 legum,

2215 4265 2561 4341 Θερμουργὸς
2595 4268 2756 4342 ἀνὴρ,
2792 4267 3102 4342 ὑπερόπτης
3121 4274 3230 4326 τῶν
3261 4270 3446 4342 νόμων
3479 4271 3625 4343 (78),

286 4373 319 4409 a
349 4370 499 4426 papa
530 4353 751 4408 missus
783 4353 840 4408 in
877 4355 1092 4426 regiam
1129 4358 1499 4429 metropolim

2217 4355 2362 4429 Πρὸς
2393 4354 2546 4410 πάπα
2574 4356 2840 4433 πεμφθεὶς
2866 4357 2942 4421 εἷς
2975 4357 3136 4414 πόλιν
3170 4356 3447 4434 βασιλίδα,

285 4448 568 4513 tanquam
601 4444 830 4513 legatus
861 4460 1006 4499 suus
1036 4449 1094 4499 et
1127 4457 1397 4502 summus
1429 4451 1665 4520 prtesul,

2218 4443 2307 4504 Ὧς
2337 4445 2723 4519 ποιμενάρχης
2754 4446 2844 4499 καὶ
2877 4445 3098 4520 λεγάνος
3127 4451 3224 4502 τοῦ
3253 4448 3428 4516 πάπα,

289 4533 468 4603 digna
498 4532 767 4586 mittente
798 4548 1112 4604 aggressus
1143 4537 1528 4604 committere,

1962 4559 2009 4622 D
2219 4532 2566 4622 Ἐνημμένος
2599 4530 2782 4622 δικαια
2807 4539 2906 4589 τοῦ
2937 4537 3319 4613 πεπομφότος,

291 4619 610 4676 monachos
641 4637 846 4675 omnes
877 4626 1052 4692 atque
1082 4625 1437 4693 sacerdotes,

1962 4619 1998 4622 —
2042 4622 2186 4677 7435
2227 4619 2426 4683 Πάντας
2458 4621 2770 4690 θυηπόλους
2802 4642 2860 4679 τε
2889 4624 2978 4679 καὶ
3013 4625 3393 4699 μονοτρόπους

291 4714 578 4780 quotquot
610 4708 942 4764 incolebant
969 4711 1454 4782 Constinopolim,

2222 4708 2531 4785 Οῗκήτορας
2565 4708 2756 4785 ἔδρασε
2783 4719 2881 4782 τῆς
2913 4714 3326 4770 Κωνσταντίνου

292 4798 469 4869 cmpit
492 4813 697 4853 vexare
724 4801 780 4852 et
808 4798 1140 4854 carceribus
1169 4799 1441 4859 claudere

2223 4797 2486 4854 Πάνδεινα
2513 4801 2652 4856 κακὰ
2678 4801 2768 4858 καὶ
2793 4801 3086 4877 καθείρξεις
3119 4798 3354 4866 ἀτόπους

297 4888 369 4943 ob
401 4891 774 4942 controversa
805 4887 1080 4959 dogmata
1111 4889 1410 4962 ritusque;

2224 4887 2400 4962 Χάριν
2432 4888 2566 4953 ἐθῶν
2589 4911 2648 4945 τε
2677 4888 2973 4964 δογμάτων
3002 4887 3330 4968 ἀμφιϐόλων
3364 4907 3377 4923 ⁸

297 4992 472 5047 quam
505 4991 626 5030 rem
659 4980 895 5048 gravate
920 4991 1188 5049 aegreque
1219 4979 1484 5038 ferebant
1513 4982 1690 5052 cives,

2223 4979 2289 5034 *Ο
2318 4976 2384 5048 δὴ
2419 4977 2597 5050 λύπην
2628 4977 2849 5057 ἤνεγκεν
2882 4987 3066 5043 αστοῖς
3094 4980 3184 5038 καί
3219 4983 3409 5057 βάρος,

299 5065 616 5138 praesertim
648 5066 960 5136 optimates
987 5083 1055 5122 ac
1085 5071 1385 5126 senatores
1421 5087 1434 5127 ι

2047 5068 2190 5123 6440
2228 5065 2481 5123 Μάλιστα
2505 5074 2622 5132 τοῖς
2644 5068 2950 5145 προῦχουσι
2983 5071 3074 5126 καὶ
3102 5077 3221 5136 τοῖς
3253 5070 3304 5126 ἐν
3337 5067 3486 5129 τέλει
3522 5088 3534 5102 ·

296 5155 398 5226 qui
428 5155 692 5210 Erricum
724 5156 1006 5212 adeuntes
1040 5157 1451 5230 imperatorem

2226 5156 2293 5210 Οἳ
2324 5156 2462 5232 πρὸς
2494 5157 2584 5212 τὸν
2615 5157 2812 5233 Ἐῤῥῆν
2844 5160 2937 5214 τὸν
2967 5161 3254 5235 κρατοῦντ’
3284 5157 3580 5236 ἀφιγμένοι

298 5244 450 5300 mala
481 5261 722 5300 suorum
751 5247 1128 5317 deprecantes
1159 5249 1466 5319 gentilium

2229 5247 2485 5312 ᾟτοῦντο
2516 5243 2670 5300 λύσιν
2705 5246 2986 5322 δυσχερῶν
3018 5254 3136 5304 τοῖς
3168 5247 3450 5326 φυλέταις,

300 5333 409 5388 hoc
443 5335 530 5388 usi
563 5341 703 5390 sunt
733 5349 1002 5390 sermone
1033 5337 1395 5392 conﬁdenter
1427 5354 1439 5391 :

2231 5334 2328 5386 Καὶ
2357 5331 2472 5388 τάδ’
2501 5333 2841 5408 ἐπιλέγοντες
2874 5337 2926 5392 ἐν
2958 5337 3240 5413 παρῥησίᾳ
3270 5357 3281 5370 ·

298 5423 438 5487 Nos,
470 5424 808 5493 imperator,
836 5439 899 5478 ex
932 5423 1122 5479 aliena
1153 5429 1322 5496 gente

2231 5423 2320 5485 Ὠς
2351 5421 2481 5494 Πρὶν
2518 5423 2613 5493 μὲν
2646 5427 2810 5497 ἡμεῖς
2843 5424 3169 5496 ἀλλοδαπῆς
3201 5422 3506 5496 ἐκηφύτλης

373 5638 486 5708 (78)
516 5638 705 5694 Verba
734 5641 874 5692 sunt
903 5636 1265 5693 schismatici
1297 5636 1554 5695 hominis
1586 5643 1642 5695 et
1669 5658 1703 5696 a
1731 5639 2049 5713 pontiﬁciis
2077 5640 2342 5713 partibus
2373 5638 2568 5695 alieni.
