4104 6204
297 366 406 421 279
1486 351 1877 405 'EPHRBMII
1912 344 2358 402 CHRONOGRA
2366 348 2486 398 PHl

303 491 445 544 Hinc
471 484 623 541 enim
656 484 846 537 Caesar
874 492 1250 548 summOpere
1277 475 1503 532 studuit

305 585 368 635 ut
396 594 463 633 ex
493 573 727 629 Oriente
762 569 997 623 Latinos
1028 566 1283 635 ejiceret,

302 668 500 735 ibique
529 664 798 715 nostrum
833 656 1092 710 firmaret
1124 653 1459 725 imperium.

303 752 525 809 Etenim
555 746 763 811 Latini,
798 743 1142 816 prohibente
1174 742 1429 807 nemine,

304 858 414 896 non
450 836 642 893 solum
676 839 867 890 terras
897 832 1171 888 tenebant
1206 832 1497 900 occiduas,

302 931 403 985 sed
437 925 691 983 Orientis
722 937 957 995 quoque
989 926 1211 993 partem
1246 921 1584 975 maximam.

301 1018 571 1086 Namque
601 1012 898 1086 Bytbynia:
929 1011 1269 1065 insederant
1298 1009 1678 1081 provinciam,

305 1102 608 1169 Lentiana,
645 1099 1063 1154 Puamanenum
1097 1100 1273 1166 atque
1300 1095 1513 1166 Barim,

309 1189 651 1261 Lepadium,
682 1192 857 1258 atque
885 1185 1171 1255 Ochyram
1202 1200 1336 1239 cum
1367 1184 1618 1240 viciniis.

306 1289 457 1353 Quin
489 1292 546 1343 et
574 1287 925 1341 devenerant
954 1282 1367 1354 Atramyttium
1400 1298 1608 1354 usque,

308 1375 762 1445 maritimosque
791 1372 949 1428 locos
981 1371 1279 1443 urbesque
1309 1387 1512 1427 omnes

308 1464 533 1520 abactis
563 1462 775 1535 praedis
807 1461 916 1517 sibi
949 1461 1427 1533 subjugaverant.

306 1555 421 1609 Nec
454 1555 652 1607 minus
683 1551 946 1605 animum
978 1548 1222 1605 Caesaris
1253 1548 1597 1603 mordebant

307 1643 463 1698 circa
494 1656 663 1696 suam
698 1642 845 1692 natae
877 1637 1156 1692 ditionem
1189 1637 1550 1708 tyrannides-

307 1732 449 1785 Ecce
480 1728 636 1784 enim
670 1742 846 1799 parva
873 1725 1217 1796 Sampsonis
1250 1726 1308 1780 in
1339 1723 1483 1780 urbe

308 1819 553 1888 ejusque
583 1814 735 1871 villis
765 1812 1091 1885 imperabat
1118 1813 1330 1883 Sabas;

311 1910 367 1961 et
397 1901 810 1973 Philadelphia:
839 1901 1180 1958 Theodorus
1213 1904 1440 1972 fatuus,

305 1995 489 2051 David
521 1998 854 2049 Comnenus
887 1997 1100 2047 cuncta
1129 1990 1547 2064 Paphlagonia,

307 2083 469 2139 illius
502 2082 680 2137 frater
706 2080 914 2148 Alexii,
948 2081 1116 2150 cujus
1148 2080 1374 2151 pridem

304 2169 827 2241 Trapezuntiorum
860 2168 1065 2224 civitas
1087 2169 1302 2241 jugum
1333 2169 1576 2240 tulerat;

306 2261 401 2315 hic
433 2276 603 2331 porro
635 2259 939 2313 dicebatur
968 2258 1303 2314 Comnenus
1336 2276 1582 2332 magnus
1618 2278 1631 2317 :

310 2356 483 2412 ambo
515 2360 711 2411 autem
742 2356 961 2427 proprii
994 2356 1224 2427 generis
1254 2357 1538 2429 originem

306 2446 377 2502 ab
407 2445 740 2501 Andronico
772 2444 997 2500 Caesare
1026 2445 1358 2513 trahebant,

304 2552 373 2590 ex
407 2534 586 2605 hujus
618 2534 739 2589 tilio
773 2534 1042 2589 Manuele
1067 2535 1199 2589 sati.

306 2630 376 2679 Et
405 2625 780 2679 Theodorum
815 2621 1056 2693 quidem
1090 2632 1266 2695 atque
1295 2625 1510 2679 Sabam

309 2713 601 2777 Lascaris,
635 2712 750 2767 Deo
783 2710 1028 2777 favente,
1063 2712 1262 2767 statim
1296 2713 1452 2780 vicit,

309 2806 501 2874 Atque
530 2802 666 2856 hinc
693 2800 949 2855 Celbiani
982 2817 1044 2856 se
1077 2801 1211 2857 fecit
1242 2803 1568 2871 dominum,

309 2889 732 2961 Philadelphia:
761 2889 1145 2955 Maeandrius,
1178 2891 1647 2948 Neocastrorum.

312 2982 423 3037 Sed
459 2979 918 3051 Paphlagoniam
952 2980 1165 3051 aegrius
1198 2980 1475 3051 obtinuit,

310 3075 604 3125 Comneno
635 3068 923 3124 debellato
955 3070 1136 3124 armis
1168 3070 1384 3125 Davide
1419 3088 1432 3126 :

312 3159 466 3214 unde
496 3158 806 3229 acquisivit
835 3174 966 3213 cum
1004 3159 1274 3215 Heraclea

309 3247 722 3315 Amastridem,
753 3248 1055 3318 Cytorum,
1087 3248 1518 3321 Cromnamque
1550 3252 1726 3308 urbes

311 3350 443 3388 cum
476 3336 870 3405 circumiectis
902 3337 1057 3406 agris
1092 3342 1266 3408 atque
1296 3338 1621 3409 oppidulis,

311 3427 367 3476 et
399 3420 839 3492 Paphlagonum
874 3423 1151 3479 dominus
1182 3425 1384 3480 evasit.

310 3510 528 3565 Turcas
558 3524 691 3565 vero
726 3509 1017 3581 Italosque
1050 3512 1348 3583 perpetuis
1382 3514 1594 3584 praaliis

312 3615 462 3670 aegre
495 3597 803 3665 mehercle,
838 3600 940 3653 sed
972 3603 1168 3654 tamen
1203 3601 1437 3669 devicit,

311 3687 463 3743 vires
492 3685 762 3742 videlicet
794 3686 1166 3743 ministrante
1196 3689 1333 3744 Deo.

313 3777 425 3832 Sed
458 3775 829 3831 conturbavit
858 3775 1123 3831 animum
1152 3777 1462 3834 Lascareos

312 3865 477 3921 exsul
510 3863 743 3921 Alexius
773 3863 912 3919 olim
947 3864 1285 3936 imperator,

311 3969 477 4009 socer
502 3952 690 4025 ipsius
722 3957 1018 4024 sceptrum
1051 3970 1208 4010 nunc
1239 3957 1514 4012 tenentis.

310 4050 538 4106 Etenim
569 4048 665 4105 ille
696 4055 830 4121 post
859 4049 1146 4106 amissum
1179 4068 1448 4125 regnum,

310 4145 376 4194 ut
407 4152 537 4194 mea
566 4138 831 4209 superior
862 4139 1063 4194 retulit
1094 4139 1360 4207 historia,

310 4227 789 4284 Thessalonicam
820 4228 1188 4284 errabundus
1220 4229 1406 4299 venit;

308 4321 485 4387 atque
514 4333 548 4371 a
578 4317 762 4372 Maria
790 4332 1001 4388 genere
1029 4316 1378 4389 Alamanna,

313 4421 441 4476 quaa
473 4406 687 4474 conjux
717 4404 907 4459 fuerat
940 4404 1131 4459 fratris
1163 4406 1390 4474 Isaacii,

314 4510 471 4550 nunc
506 4493 565 4548 in
596 4493 952 4549 marchionis
986 4495 1218 4564 nuptias
1250 4502 1638 4568 concesserat,

315 4586 592 4653 exceptus
621 4585 997 4653 peramanter
1024 4588 1081 4637 et
1111 4582 1448 4653 honorifice,

317 4670 721 4725 diversabatur
750 4669 831 4726 ibi
862 4686 997 4725 cum
1030 4688 1137 4726 sua
1168 4688 1360 4728 uxore.

314 4758 533 4813 Verum
565 4774 699 4813 cum
732 4759 943 4813 civium
978 4759 1205 4815 animos
1241 4764 1507 4828 tentaret,

317 4863 451 4902 mox
482 4862 617 4903 cum
649 4863 826 4902 uxore
856 4857 914 4902 et
944 4847 1146 4904 liberis
1175 4854 1264 4905 est
1293 4852 1532 4921 ejectus.

314 4947 369 5000 Is
401 4945 472 5000 ad
504 4944 762 5000 Corinthi
794 4944 1061 5018 protinus
1091 4950 1407 5018 tyrannum

310 5038 564 5106 Sgurum
598 5034 913 5105 profectus,
950 5035 1162 5090 fmdere
1192 5037 1449 5109 conjugii

310 5122 449 5178 huic
478 5121 811 5194 copulatam
845 5124 1090 5179 tradidit
1120 5124 1299 5180 filiam
1334 5143 1525 5181 suam.

310 5216 442 5268 Mox
472 5211 635 5266 illinc
666 5212 797 5267 navi
830 5212 1072 5267 recessit
1105 5214 1163 5267 in
1196 5214 1463 5270 Etoliam

312 5299 383 5354 ad
415 5298 759 5355 Michaelem
794 5299 931 5355 huic
962 5300 1362 5357 dominantem

312 5393 372 5443 et
401 5388 580 5443 simul
615 5389 809 5459 Epiro,
843 5405 1019 5460 quam
1054 5400 1307 5446 veterem
1343 5396 1583 5459 vocant;

316 5477 464 5547 (erat
494 5476 650 5531 enim
690 5475 869 5531 Alexii
901 5493 967 5532 ex
1002 5477 1179 5533 fratre
1213 5480 1449 5550 nepos;)

318 5564 419 5620 sed
452 5565 840 5636 interceptum
876 5565 1073 5636 piratae
1108 5566 1469 5637 Longobardi

327 5653 399 5707 ad
430 5651 794 5721 Michaelem,
826 5670 967 5710 auro
1000 5672 1264 5727 repenso,
1300 5657 1559 5713 mittunt.

2053 558 2198 611 7505
2961 552 3242 621 ,

3162 819 3354 892 ,

3296 912 3433 967 .

2057 1007 2200 1062 7510
3236 1008 3395 1080 ,

2522 1115 2600 1151 .
3132 1095 3320 1169 ,

3197 1188 3371 1259 .

3187 1273 3395 1345 ,

3035 1363 3241 1438 ,

2062 1450 2205 1506 7515

2059 1899 2201 1953 7520

3155 1983 3317 2056 ,

2846 2163 3317 2237 ,

2057 2342 2201 2397 7525

2870 2422 3351 2503 ,

3059 2519 3378 2593 .

2968 2699 3283 2774 .

2067 2786 2213 2841 7530
3100 2784 3392 2860 .

2677 2871 3013 2949 ,
3048 2878 3420 2953 .

3183 2966 3389 3041 ,

1987 3200 2032 3262 C
2069 3245 2211 3301 7535
2250 3200 2604 3316 ,
2636 3200 2912 3319 ,

3047 3336 3384 3410 .

2898 3419 3296 3499 ,

2667 3598 2785 3671 ,

2063 3689 2206 3743 6540
3140 3688 3308 3765 ,

3099 3864 3247 3941 ,

3080 3955 3372 4031 ,

3044 4047 3401 4121 ,

2064 4140 2209 4194 7545
3182 4140 3372 4218 ,

3217 4320 3426 4395 ,

3032 4408 3268 4482 ,

2953 4496 3270 4569 ,

1992 4560 2038 4625 )
2066 4582 2210 4637 7550
2246 4560 2475 4654 "Aptata
3231 4560 3389 4644 .

2970 4673 3200 4750 .

3141 4762 3419 4840 ,

3038 4852 3323 4925 ,

2068 5035 2211 5089 7555
2525 5034 2773 5113 ,

3360 5310 3503 5383 ,

2070 5478 2213 5533 7560

2976 5567 3365 5646 ,

3137 5660 3392 5737 *

3600 341 3716 395 280
