4104 6204
335 321 453 375 281

530 447 637 520 ’Βγ⁹
666 446 853 501 ἱκανὸν
882 451 1012 521 γοῦν
1042 446 1506 527 ἐνδιατετριφότος

530 537 665 598 Τοῖς
692 539 791 590 τοῦ
825 536 1061 611 Μιχαὴλ
1094 538 1326 614 χωρίοις
1359 538 1627 611 Ἀλεξίου,

338 627 497 681 7565
534 626 768 695 Θνήσκει
804 623 1022 699 βασιλὶς
1054 627 1372 706 Εὐφροσύνη
1406 630 1542 704 πρὸς
1574 629 1759 701 νόσου,

531 716 630 769 Καὶ
663 717 923 778 θάπτεται
957 714 1025 785 δὴ
1056 722 1133 789 τῷ
1163 717 1445 795 πολιχνίῳ
1475 724 1703 795 Ἄρτης.

531 804 708 867 Αὐτὸς
738 801 784 858 δ’
816 804 1052 861 ἀπέπλει
1082 807 1221 882 πρὸς
1252 808 1415 864 πόλιν
1442 810 1541 877 τήν
1577 809 1864 881 Ἀττάλου,

530 895 698 950 Ἔνθα
727 896 1025 968 πεφθακὼς
1054 899 1134 967 τῷ
1165 901 1450 971 κρατοῦντι
1486 895 1747 973 Περσίδος

524 982 794 1058 Ἰαθατίιοῃ
827 982 1195 1059 προσδέδεκτο
1224 987 1464 1061 γνησίως
1491 1006 1505 1020 ’

329 1078 485 1132 7570
520 1077 611 1130 ’ον
645 1074 807 1136 αὐτὸς
838 1075 1172 1152 ἐκφεύγοντά
1195 1078 1245 1133 τ’
1274 1076 1517 1153 ἀδελφοῦ
1555 1084 1722 1155 χέρας

522 1163 619 1218 Καὶ
659 1164 798 1238 πρὸς
827 1165 994 1219 πόλιν
1026 1163 1235 1234 ἥκοντα
1264 1167 1390 1241 πρὶν
1426 1164 1747 1244 δεδεγμένος

524 1260 562 1308 Θ
588 1252 680 1308 τὸν
712 1253 1076 1324 κατωνόμασε
1104 1252 1273 1309 παῖδα
1308 1254 1599 1330 βαπτίσας,

524 1342 625 1396 Καί
656 1342 707 1395 οἱ
742 1341 985 1415 συνεξῄει
1016 1362 1078 1416 γε
1105 1348 1210 1412 τῆς
1242 1344 1668 1403 Κωνσταντίνου.

524 1430 734 1486 Ἐπειτ’
766 1428 967 1485 ἐκεῖθεν
1000 1428 1243 1505 ἀποδρὰς
1274 1431 1375 1487 οὐκ
1406 1430 1509 1487 οἶδ’
1538 1431 1690 1497 ὅπως

330 1530 485 1585 7575
524 1524 995 1602 Παλινδρομήσας
1026 1527 1270 1604 εὐχερῶς
1302 1529 1440 1603 πρὸς
1466 1528 1723 1604 πατρίδα,

524 1614 756 1671 Ἰκονίου
788 1612 1031 1671 δέδεικτο
1062 1615 1295 1672 σουλτᾶν
1329 1618 1601 1693 Περσάναξ
1636 1639 1649 1654 ο

520 1706 624 1762 Καὶ
653 1708 953 1775 τηνικαῦτα
992 1702 1349 1781 δυστυχοῦντ’
1378 1707 1611 1781 Ἀλεξίῳ

523 1796 700 1872 Ὠφθη
728 1794 1021 1869 παρηγόρη
1032 1816 1107 1868 μα
1132 1794 1224 1850 καὶ
1256 1796 1520 1871 σωτηρία.

520 1884 694 1946 Οὐτός
720 1905 783 1959 γε
810 1884 1011 1952 τοίνυν,
1047 1885 1196 1959 ἱκέτῃ
1225 1884 1388 1941 τίνων
1421 1886 1610 1963 χάριν,

332 1975 483 2030 7580
522 1968 879 2049 Πρεσϐεύεται
911 1970 980 2041 δὴ
1012 1975 1150 2049 πρὸς
1178 1975 1297 2030 νεὸν
1330 1977 1696 2054 στεφηφόρον,

520 2062 621 2117 Καὶ
645 2062 1052 2138 παραχωρήσαί
1078 2084 1139 2139 γε
1166 2065 1267 2133 τῆς
1291 2066 1627 2142 κραταρχίας

514 2156 608 2224 Τῷ
634 2152 763 2227 πρὶν
795 2156 1086 2227 κρατοῦντι
1115 2154 1357 2227 πενθερῷ
1387 2154 1704 2231 παρηγγύα.

514 2241 629 2296 Εἶτ’
659 2240 1046 2317 ἐκστρατεύσας
1076 2240 1165 2295 καὶ
1196 2242 1335 2297 κατὰ
1362 2241 1673 2317 Ῥωμαίδος

515 2332 665 2386 Μετὰ
695 2336 948 2405 στρατιᾶς
978 2327 1388 2406 δυσαριθμήτου
1420 2331 1589 2405 μάλα,

327 2430 477 2484 7585
514 2430 696 2503 ’Δγων
730 2429 847 2500 μετ’
877 2426 1041 2482 αὐτοῦ
1071 2427 1161 2482 καὶ
1190 2433 1492 2501 κρατοῦντα
1519 2428 1747 2509 φυγάδα,

517 2518 635 2585 Τὴν
665 2516 962 2591 Ἀντιόχου
994 2512 1402 2591 καταλαμϐάνει
1432 2516 1595 2574 πόλιν

506 2607 622 2674 Τὴν
653 2606 792 2679 πρὸς
823 2603 1124 2679 Μαιάνδρῳ
1154 2610 1235 2677 τῷ
1263 2612 1498 2680 ποταμῷ
1527 2610 1809 2681 κειμένην.

503 2693 663 2751 Ἀλλ’
694 2692 810 2749 οὐδ’
840 2695 869 2749 ὁ
897 2699 1110 2771 κρατῶν
1140 2699 1250 2749 τῶν
1282 2697 1401 2750 καθ’
1432 2696 1592 2751 αὐτὸν
1621 2697 1844 2772 ἡμέλει.

510 2783 690 2840 Ἀλλὰ
721 2788 1028 2858 προσοῦσαν
1062 2786 1313 2858 στρατιάν
1346 2783 1658 2855 συναλίσας,

329 2875 480 2929 7590
516 2870 781 2935 Ἑλπίδας
812 2871 1006 2947 ἐξάψας
1036 2894 1095 2929 τε
1119 2878 1361 2947 Χριστοῦ
1393 2874 1687 2944 Δεσπότου,

519 2962 643 3019 Ἐπὶ
676 2960 976 3017 σουλτάνον
1008 2960 1142 3017 ἵεται
1177 2962 1513 3039 Θαρῥαλέως.

515 3049 838 3127 Συῤῥήξεως
868 3053 999 3126 γοῦν
1033 3046 1319 3125 συμϐολῆς
1348 3072 1408 3107 τε
1432 3046 1740 3125 συμϐάσης,

510 3140 590 3196 Τὸ
620 3138 879 3195 πλεῖστον
903 3142 1169 3218 ἠφάνιστο
1194 3145 1303 3196 τῶν
1338 3144 1756 3217 στρατευμάτων

515 3230 807 3300 Ἀνακτος,
839 3230 898 3285 ’ὸν
935 3228 1173 3303 μάλιστα
1202 3230 1444 3286 Λατίνων
1476 3232 1685 3307 γένους.

326 3320 481 3373 7595
519 3319 669 3395 Ἕργ’
697 3318 886 3392 ἀρεϊκὰ
913 3320 1148 3395 καρτερὰ
1178 3316 1535 3395 δεδειγμένων
1570 3338 1586 3355 ⁸

510 3408 799 3480 Ῥωμαϊκὴ
830 3404 879 3462 δ’
905 3403 1122 3485 ἔφευγεν
1154 3408 1410 3482 ἀκόσμως
1445 3409 1675 3487 φάλαγξ,

512 3496 725 3567 Ταύτης
759 3496 1025 3569 μενόντων
1059 3497 1293 3572 μετρίων
1327 3499 1465 3552 κατᾶ
1497 3499 1685 3574 μάχην

516 3584 789 3658 Ἀγωνίας
816 3584 992 3660 τέρμα
1018 3605 1077 3640 τε
1106 3590 1210 3640 πᾶν
1242 3588 1655 3659 σκοπουμένων.

514 3672 673 3730 Οὕτω
705 3670 763 3728 δὲ
788 3673 943 3745 νίκης
977 3672 1277 3747 μειδιώσης
1304 3670 1632 3750 Βαρϐάροις,

326 3764 477 3818 7600
513 3764 663 3819 "Aves
695 3764 832 3826 θέων
865 3763 1015 3817 κάτω
1042 3784 1101 3818 τε
1127 3762 1363 3819 σουλτᾶν
1394 3764 1633 3836 ἱππότης

514 3848 819 3928 Ἀναδιφῶν
853 3850 920 3920 ἦν
950 3853 1044 3907 τὸν
1065 3852 1383 3928 κρατάρχην
1418 3852 1674 3909 Αὐσόνων
1708 3874 1721 3888 ·

514 3941 623 3995 Καὶ
651 3937 808 3995 τόνδε
835 3942 955 4004 καθ’
986 3940 1187 4013 ὅμιλον
1216 3941 1388 4016 εὑρὼν
1422 3942 1660 4014 ἱππότην

511 4029 700 4103 Ῥώμῃ
730 4030 1010 4093 πεποιθὼς
1038 4030 1128 4084 καὶ
1161 4030 1331 4093 σθένει
1367 4030 1701 4107 βραχιόνων,

519 4117 756 4189 Πλήττει
787 4118 989 4195 κορύνῃ
1019 4120 1154 4173 κατά
1183 4120 1349 4193 κάρας
1382 4119 1593 4189 αὐτίκα,

332 4208 483 4262 7605
520 4206 619 4261 Καὶ
650 4208 789 4261 κατὰ
816 4214 917 4284 γῆν
956 4202 1196 4283 βέϐληκε
1225 4207 1383 4283 ῥίψας
1418 4207 1477 4263 ἐκ
1507 4206 1701 4286 δίφρου

513 4294 838 4365 Πλησθέντα
865 4296 1020 4369 τύψει
1053 4303 1360 4375 συστροφῆς
1388 4317 1449 4351 τε
1474 4297 1563 4352 καὶ
1591 4297 1839 4362 σκότους.

516 4386 603 4442 Ἐν
637 4391 766 4461 χρῷ
798 4384 856 4440 δὲ
883 4384 1137 4442 κινδύνου
1167 4407 1230 4461 γε
1260 4384 1389 4461 τῇδε
1417 4387 1725 4462 τυγχάνων,

511 4474 723 4552 Αῗφνης
755 4474 943 4530 ἑαυτὸν
973 4470 1261 4531 ἀναλαϐὼν
1295 4476 1323 4530 ὁ
1350 4478 1567 4552 κράτωρ

514 4563 790 4635 Πλησθεὶς
815 4585 875 4620 τε
906 4564 1049 4628 θείας
1082 4564 1133 4636 ἐξ
1164 4564 1447 4630 ἐπιπνοίας
1471 4563 1711 4635 σθένους,

324 4655 479 4709 7610
520 4652 757 4716 Σπαθείς
789 4653 877 4709 ἐπὶ
907 4650 1079 4716 πόδας
1108 4674 1165 4709 τε
1195 4654 1453 4729 γενναίως
1483 4654 1651 4728 μάλα,

518 4742 733 4813 Στάθην
764 4743 812 4796 τ’
848 4742 1041 4818 ἐρύσας
1072 4740 1303 4798 κουλεοῦ
1326 4743 1509 4817 τέμνει
1540 4742 1711 4806 πόδας

517 4828 755 4898 Θηλείας
782 4829 959 4885 ’ίππου
988 4830 1367 4905 Ηερσάνακτος
1401 4831 1680 4906 εὐψύχως,

519 4919 618 4972 Καὶ
648 4917 806 4974 τόνδε
839 4920 1014 4994 χαμαὶ
1040 4915 1340 4975 κατέϐαλεν
1374 4919 1567 4992 ὑψόθεν
1604 4938 1615 4951 ³

514 5008 628 5064 Εἶτ’
659 5007 913 5079 ἐξαπίνης
949 5006 1185 5081 μηδενὸς
1213 5012 1329 5071 πῶς
1362 5005 1575 5070 εἰδότος

326 5107 482 5162 7615
523 5104 773 5160 Σουλτὰν
804 5104 969 5180 κάραν
1003 5104 1241 5179 τέτμητο
1272 5106 1372 5174 τὴν
1407 5105 1696 5183 μιαιφόνον
1728 5124 1741 5138 ³

521 5194 621 5249 Καὶ
652 5192 849 5249 λοιπὸν
880 5194 1145 5267 ἠνέγκατο
1174 5195 1276 5263 τήν
1307 5193 1459 5263 νίκην
1488 5196 1748 5271 κράτωρᾷ

518 5282 686 5340 Τουτὶ
716 5282 1152 5358 τροπαιούχημα
1179 5284 1270 5337 τὸν
1306 5282 1533 5358 βασιλέα

515 5376 672 5427 Ποιεῖ
704 5372 803 5445 μὲν
837 5371 1066 5448 ἐχθροῖς
1102 5367 1397 5447 βαρϐάροις
1425 5371 1742 5452 φρικαλέον,

517 5462 680 5521 Ἦδῦν
720 5464 988 5535 ὑπηκόοις
1019 5462 1077 5519 δὶ
1106 5465 1196 5519 καὶ
1226 5464 1560 5542 πεφιλμένον
1590 5485 1603 5499 ·

330 5556 487 5611 7620
526 5553 665 5625 Πρὸς
694 5550 870 5607 τοῖσδ’
901 5554 1095 5622 ἱκανῆς
1125 5551 1420 5625 ἐμπιμπλᾷ
1450 5551 1720 5626 θυμηδίας

518 5643 622 5699 Καὶ
650 5642 905 5716 λήματος
932 5644 1163 5719 θάρσους
1194 5662 1252 5697 τε
1279 5641 1503 5705 τούτους
1536 5644 1784 5705 εἰκότως.

1876 331 2243 386 CESARRS.

2032 455 2088 521 Α
2118 453 2269 509 Dum
2300 468 2438 526 ergo
2469 453 2644 527 longo
2676 455 3004 512 diversatur
3033 460 3295 530 tempore

2120 547 2179 600 In
2213 544 2515 600 Michaelis
2545 546 2768 601 ditione
2798 545 3030 603 Alexius

2115 632 2368 688 moritur
2398 649 2469 689 ex
2495 635 2700 689 morbo
2733 634 3117 708 Eupbrosyne
3156 639 3360 710 regina

2114 725 2291 793 atque
2324 722 2380 776 in
2416 722 2698 795 oppidulo
2731 723 3015 795 sepelitur
3044 729 3206 782 Arta.

2115 809 2247 881 Ipse
2279 812 2573 883 navigavit
2601 813 2673 867 ad
2711 813 2917 868 urbem
2949 814 3148 883 Attali,

2113 898 2212 953 ubi
2243 903 2334 955 est
2365 905 2679 972 susceptus
2711 901 2907 957 animo
2939 900 3159 959 libente

2112 1004 2146 1043 a
2175 988 2503 1044 Turcarum
2534 989 2769 1045 sultano
2802 990 3111 1060 lathatine,

2111 1091 2288 1147 quem
2323 1077 2450 1149 ipse
2481 1077 2623 1133 olim
2655 1078 2970 1150 profugum
3004 1096 3038 1134 a
3064 1080 3243 1136 fratre

2108 1166 2618 1239 Constantinopoli
2650 1167 2943 1239 hospitem
2976 1175 3280 1241 exceperat

2108 1259 2165 1311 et
2193 1254 2252 1312 in
2284 1256 2578 1329 baptismo
2611 1255 2800 1312 filium
2833 1258 3230 1330 adeptaverat.

2107 1344 2348 1415 quicum
2382 1346 2723 1417 Byzantium
2754 1362 2987 1417 quoque
3018 1347 3377 1405 deseruerat.

2105 1432 2217 1488 Sed
2251 1440 2454 1505 postea
2484 1435 2821 1491 Iathanines
2853 1436 3051 1492 nescio
3082 1439 3377 1508 quomodo

2107 1521 2359 1578 feliciter
2388 1540 2656 1580 reversus
2687 1524 2746 1579 in
2778 1525 3028 1595 patriam
3062 1543 3230 1582 suam

2106 1612 2431 1667 Turcarum
2462 1629 2562 1668 rex
2590 1617 2647 1668 et
2677 1612 2946 1670 sultanus
2981 1614 3164 1670 Iconii
3196 1617 3399 1673 evasit.

2110 1708 2211 1765 Hie
2241 1725 2376 1780 ergo
2408 1714 2549 1765 tunc
2577 1727 2908 1767 aerumnosa
2936 1711 3138 1768 Alexio

2025 1806 2075 1872 Β
2106 1814 2206 1853 ara
2235 1797 2448 1854 salutis
2479 1798 2586 1855 fuit
2616 1803 2675 1855 et
2706 1798 2993 1856 solamen.

2108 1886 2338 1942 Etenim
2371 1888 2621 1945 reddens
2652 1887 3009 1960 supplicanti
3040 1891 3313 1961 gratiam,

2107 1975 2291 2032 misso
2323 1977 2395 2032 ad
2427 1976 2721 2034 novellum
2752 1977 3040 2035 Casarem
3070 1980 3283 2051 legato,

2106 2063 2379 2122 hortatus
2408 2070 2498 2122 est
2527 2070 2592 2122 ut
2620 2066 2868 2139 imperio
2902 2068 3205 2125 decederet
3233 2126 3237 2128 ν

2104 2170 2305 2211 socero
2338 2172 2445 2211 suo
2477 2156 2715 2212 domino
2747 2156 2945 2229 priori.

2104 2243 2322 2300 Deinde
2351 2244 2607 2318 sumptis
2638 2250 2841 2302 contra
2872 2252 3104 2302 nostros
3135 2248 3315 2303 armis

2104 2347 2377 2404 egressus
2411 2338 2501 2389 est
2530 2351 2665 2389 cum
2696 2334 3009 2392 innumero
3034 2338 3314 2403 exercitu,

2102 2420 2361 2477 exsulem
2395 2421 2617 2479 habens
2646 2423 2704 2478 in
2739 2423 3020 2480 comitatu
3051 2424 3353 2491 Alexium;

2102 2518 2936 2593 Antiochiamqueioecupavit
2965 2523 3195 2593 urbem,

2102 2607 2265 2664 illam
2297 2608 2568 2666 videlicet
2597 2611 2667 2666 ad
2700 2611 3065 2667 Maeandrum
3102 2612 3300 2669 sitam.

2097 2699 2172 2752 At
2204 2714 2396 2770 neque
2429 2699 2697 2756 Lascaris
2728 2702 2906 2757 rebus
2932 2701 3061 2757 suis
3091 2701 3291 2757 deerat

2100 2784 2201 2856 qui
2235 2786 2625 2858 congregatis,
2659 2792 2947 2860 quotquot
2974 2788 3203 2857 habuit,
3236 2790 3481 2861 viribus,

2100 2889 2386 2945 spemque
2417 2891 2585 2930 suam
2620 2876 2912 2932 collocans
2940 2876 2999 2933 in
3030 2876 3261 2934 Christo
3290 2879 3563 2947 Domino,

2100 2965 2303 3017 contra
2334 2961 2641 3018 sultannm
2675 2965 2816 3020 exiit
2845 2966 3143 3020 audacter.

2098 3050 2207 3106 Sed
2240 3066 2374 3106 mox
2402 3055 2671 3107 conserto
2703 3052 2900 3124 praelia
2930 3052 3302 3123 gravissimo,

2017 3169 2061 3235 Ο
2100 3138 2357 3194 maxima
2387 3155 2524 3210 pars
2556 3140 2849 3195 exercitus
2874 3141 3111 3195 cassarei

2100 3242 2249 3282 caasa
2278 3231 2394 3295 est,
2425 3226 2649 3283 Latinis
2678 3232 2961 3283 constans
2992 3226 3420 3299 stipendiariis,

2102 3319 2415 3387 postquam
2447 3316 2708 3371 ediderat
2736 3321 2975 3372 strenua
3005 3314 3267 3373 facinora
3301 3332 3315 3371 :

2100 3403 2340 3476 gentilis
2367 3409 2563 3460 autem
2596 3410 2798 3460 nostra
2827 3405 3070 3461 confuse
3104 3403 3361 3476 phalanx

2102 3489 2223 3544 acie
2256 3490 2534 3561 profugit,
2568 3490 2771 3561 paucis
2800 3490 3058 3563 exceptis

2103 3577 2203 3649 qui
2238 3594 2447 3650 pugna;
2478 3578 2772 3650 reliquum
2806 3583 3223 3650 exspectarunt
3254 3579 3501 3636 exitum.

2099 3680 2249 3731 Dum
2282 3675 2368 3731 sic
2396 3676 2638 3732 victoria
2668 3677 2941 3733 Barbaris
2974 3676 3214 3744 arridet,

2103 3762 2213 3819 hac
2243 3763 2376 3819 illac
2405 3781 2587 3837 eques
2618 3764 2889 3821 sullanus
2918 3766 3202 3822 oberrans

2103 3852 2431 3907 Romanum
2462 3853 2790 3924 vestigabat
2818 3854 3230 3925 imperatorem
3271 3869 3285 3908 :

2101 3956 2276 4011 quem
2312 3940 2408 3995 ubi
2440 3940 2581 3995 vidit
2608 3939 2864 4012 equitem
2896 3941 2955 3996 in
2989 3942 3186 4007 turba,

2103 4030 2307 4084 robore
2336 4030 2554 4100 proprii
2583 4028 2803 4084 brachii
2837 4029 3097 4084 conﬁsus

2099 4116 2261 4172 clava
2291 4118 2583 4188 percussit
2607 4121 2896 4173 Caesarem
2929 4117 2988 4172 in
3022 4118 3235 4189 capite,

2098 4222 2354 4278 eumque
2383 4205 2660 4278 epbippio
2691 4206 2919 4278 proruit
2949 4205 3010 4261 in
3040 4210 3256 4261 terram

2099 4295 2219 4350 ictu
2251 4296 2570 4366 patientem
2601 4294 2972 4365 vertiginem,
3006 4295 3300 4350 tenebras.

2100 4385 2161 4439 In
2196 4389 2355 4439 tanto
2386 4398 2628 4439 versans
2661 4382 2928 4439 Lascaris
2958 4382 3319 4452 discrimine,

2019 4519 2065 4584 Β
2095 4472 2251 4529 illico
2281 4477 2480 4528 tamen
2511 4471 2786 4544 spirituum
2814 4472 3055 4544 recepit,

2098 4561 2497 4633 divinitusque
2530 4561 2738 4617 robore
2767 4560 3049 4633 repletus,

2102 4651 2349 4722 pedibus
2380 4649 2662 4706 insistens
2692 4648 2891 4721 vigore
2927 4647 3321 4721 magnanimo,

2102 4738 2406 4810 evaginato
2437 4754 2577 4794 ense
2609 4737 2864 4794 succidit
2894 4737 3075 4809 pedes

2104 4827 2329 4883 fortiter
2355 4843 2517 4900 equae
2548 4826 2851 4883 sultanum
2881 4827 3190 4899 gestantis,

2102 4922 2278 4988 atque
2308 4916 2465 4971 hunc
2499 4914 2660 4970 humi
2695 4915 3053 4987 pracipitem
3084 4915 3299 4971 sternit
3334 4930 3348 4974 :

2103 5031 2238 5071 mox
2268 5012 2608 5086 improviso,
2641 5014 2980 5085 incertoque
3011 5019 3270 5083 auctore,

2102 5102 2337 5160 crudele
2366 5108 2542 5176 caput
2570 5102 2805 5159 sultano
2839 5102 3201 5175 praeciditur;

2103 5194 2421 5264 statimque
2454 5193 2524 5248 ad
2557 5196 2789 5248 nostros
2820 5192 3054 5248 transiit
3083 5191 3344 5247 victoria.

2103 5288 2291 5354 Atque
2318 5283 2412 5338 hic
2441 5297 2750 5338 successus
2781 5279 3158 5350 triumphalis
3188 5280 3473 5337 Caesarem

2101 5372 2369 5428 barbaris
2402 5371 2536 5427 fecit
2565 5370 2835 5427 hostibus
2865 5370 3210 5427 terribilem.

2100 5468 2159 5519 et
2189 5462 2442 5517 subditis
2464 5460 2797 5532 jucundum
2831 5476 2897 5516 ac
2924 5459 3332 5531 gratissimum
3363 5472 3378 5512 :

2099 5551 2341 5622 insuper
2370 5550 2571 5623 populi
2601 5549 2883 5605 recreavit
2921 5547 3152 5603 animos

2097 5641 2421 5712 idoneaque
2448 5640 2662 5695 ﬁducia
2691 5638 2953 5709 replevit.
