4004 6200
321 308 428 366 283
1529 308 1900 363 3933mm
1937 304 2509 362 CHRONOGBAPHI
3625 288 3740 345 εει

1999 431 2054 498 Α
2264 425 2532 482 Ἐντεῦθεν
2561 419 2844 477 ἐσπείσατο
2865 414 3156 489 Ῥωμαίων
3184 413 3372 490 κράτει

2259 516 2320 571 Ἦ
2353 515 2480 589 πρὶν
2511 510 2728 580 ἀλαζὼν
2755 507 2992 582 Περσικὴ
3027 505 3186 579 χώρα
3214 503 3496 579 πρόφρων.

2261 605 2361 661 Καὶ
2397 603 2591 658 λοιπὸν
2626 598 2895 675 ἐσχόλαζε
2921 593 3204 668 Ῥωμαίων
3231 593 3450 665 κράτωρ

2082 705 2226 760 7625
2263 705 2397 764 Ταῖς
2455 701 2592 777 πρὸς
2647 695 2892 754 Λατίνων
2967 689 3314 766 συμπλοκαῖς
3357 709 3414 746 τε
3469 690 3557 745 καὶ
3623 690 3735 763 μά-

3480 781 3652 856 [xm-

2265 882 2368 938 Καὶ
2399 880 2657 953 πενθερὸν
2690 875 2747 931 δὶ
2775 868 3109 947 προσλαϐὼν
3144 871 3203 926 ἐκ
3228 875 3330 936 τῆς
3363 872 3550 946 μάχης

2265 973 2520 1043 Τιμήσας
2546 968 2726 1024 εἰκότα
2755 985 2814 1021 τε
2841 965 2934 1019 καὶ
2962 961 3092 1038 παρ’
3117 958 3334 1034 ἐλπίδα,

2267 1059 2592 1138 ’Λπαγαγὼν
2621 1056 2679 1114 δὶ
2707 1058 2844 1133 πρὸς
2871 1054 3035 1111 πόλιν
3064 1053 3329 1124 Νικαέων,

2271 1150 2374 1207 Καὶ
2404 1148 2704 1224 παράσημα
2730 1151 2826 1202 τοῦ
2851 1146 3082 1221 κράτους
3113 1139 3434 1212 άπεκδύσας,

2091 1244 2234 1298 7630
2271 1244 2430 1313 Μονῇ
2463 1237 2664 1314 διάγειν
2693 1234 2972 1298 Ὑακίνθου
3002 1233 3295 1304 προσνέμει
3328 1251 3342 1266 ·

2267 1330 2435 1386 Ἔνθα
2465 1328 2642 1391 θανὼν
2670 1321 2832 1400 ἔτυχε
2858 1326 3034 1398 ταφῆς
3065 1318 3308 1400 ἐντίμου.

2267 1423 2441 1473 Ταῦτα
2476 1416 2568 1490 μὲν
2603 1414 2744 1470 οὕτω
2775 1407 2970 1482 συνίετι
3005 1410 3309 1486 Λασκαρίῳ.

2270 1511 2377 1562 Νῦν
2411 1504 2666 1581 βούλεται
2700 1503 2870 1578 λόγος
2905 1498 3246 1571 δεδηλῶσθαι
3281 1495 3446 1556 πάλιν

2271 1597 2400 1670 Περὶ
2431 1591 2663 1669 Μιχαὴλ
2694 1590 3256 1669 ἂγγελωνυμουμὲνου

2092 1698 2236 1752 7635
2270 1699 2376 1749 Τοῦ
2405 1693 2532 1768 πρὶν
2560 1689 2965 1767 κυριεύσαντος,
2999 1689 3074 1750 ὡς
3106 1687 3208 1766 ἔφη
3245 1688 3430 1763 λόγος,

2273 1781 2520 1844 Παλαιᾶς
2553 1780 2812 1854 Ἠπείρου
2836 1800 2894 1833 τε
2923 1778 3018 1832 σὺν
3045 1776 3305 1848 Ᾱίτωλίᾳ.

2269 1871 2455 1944 Τούτῳ
2479 1871 2631 1944 τριὰς
2665 1869 2880 1944 ὑπῆρχε
2912 1866 3190 1941 συγγόνων
3213 1862 3373 1942 φίλη,

2274 1959 2566 2030 Μανουήλ,
2597 1957 2905 2033 Θεόδωρος,
2935 1957 3025 2010 καὶ
3058 1958 3465 2016 Κωνσταντῖνος
3496 1971 3510 1990 ο

325 433 543 488 Exinde
574 446 773 502 pacem
808 442 942 483 cum
973 431 1236 483 Romano
1266 428 1513 500 imperio

329 523 583 594 superba
613 535 755 591 gens
780 518 1102 572 Turcarum
1136 516 1328 573 libens
1358 518 1514 574 iecit.

333 615 520 676 Quare
552 609 869 678 imperator
900 612 1101 678 postea
1131 607 1354 662 Latinis

333 698 603 772 gerendis
635 695 805 752 bellis
837 695 1158 767 expeditior
1190 696 1316 752 fuit.

331 878 497 932 Nunc
530 874 722 929 media
751 892 819 930 ex
849 891 1044 946 pugna
1075 891 1275 931 socero
1307 881 1536 947 recepto

330 965 850 1035 exhibuitjustum
887 968 1096 1034 praeter
1125 981 1286 1035 spem
1322 965 1602 1022 honorem
1637 982 1654 1024 :

329 1069 502 1135 atque
531 1078 661 1116 eum
697 1061 990 1116 Nicaanam
1025 1063 1380 1118 transferens
1413 1063 1469 1118 in
1503 1064 1730 1133 urbem,

333 1150 563 1224 imperii
596 1156 823 1204 tantum
857 1151 1138 1206 detractis
1169 1151 1522 1223 insignibus,

336 1243 436 1296 dat
466 1239 774 1312 Hyacinthi
809 1256 912 1310 pro
944 1241 1078 1295 sede
1109 1241 1460 1311 cmnchium,

336 1332 393 1384 in
426 1347 538 1401 quo
571 1331 900 1395 defunctus,
935 1330 1216 1399 sepelitur
1248 1330 1576 1402 magniﬁce.

332 1421 528 1491 Atque
561 1419 644 1474 ita
673 1434 736 1472 se
767 1433 859 1473 res
891 1419 1203 1475 Lascareos
1233 1419 1548 1476 habebant.

335 1508 499 1562 Nunc
531 1511 731 1562 nostra
761 1505 1006 1562 historia
1037 1509 1247 1563 iterum
1281 1510 1641 1566 convertitur

333 1598 403 1652 ad
437 1595 776 1650 Michaelem
810 1601 1199 1667 cognomento
1229 1597 1541 1669 Angelum,

336 1685 435 1757 qui
468 1685 780 1749 retinebat,
815 1690 876 1739 ut
905 1684 1178 1756 superius
1208 1687 1488 1754 diximus,

337 1775 634 1830 subditam
667 1773 1194 1864 Epirumrveterem
1229 1791 1361 1831 cum
1399 1776 1624 1833 Etolia.
2015 1789 2061 1864 Β

337 1864 484 1919 Huic
513 1867 632 1918 tres
664 1866 831 1918 erant
862 1862 1136 1920 Michaeli
1167 1865 1401 1934 fratres,

343 1952 598 2021 Manucl,
629 1951 992 2018 Theodorus,
1026 1957 1084 2008 et
1112 1953 1536 2011 Constantinus
1568 1969 1583 2010 :

347 2069 415 2106 ex
445 2051 662 2121 quibus
693 2050 1034 2106 Theodorus
1064 2051 1296 2108 Nicena
1327 2053 1383 2108 in
1419 2054 1561 2111 urbe

348 2141 501 2212 apud
537 2140 864 2194 Romanum
894 2141 1242 2196 versabatur
1270 2141 1573 2200 Caesarem.

344 2231 475 2283 Jam
510 2227 652 2298 quia
683 2227 802 2281 ﬁlio
834 2227 1095 2298 legitimo
1129 2229 1357 2288 herede

347 2316 717 2388 principatus
747 2315 839 2370 sui
877 2317 1125 2373 Michael
1161 2322 1399 2377 carebat

353 2406 513 2477 (nam
547 2421 721 2475 quem
755 2405 1007 2460 habebat
1037 2407 1261 2464 dictum
1294 2410 1631 2468 Michaelem

357 2493 624 2565 spurium
657 2493 728 2548 de
759 2495 930 2549 vetita
961 2504 1299 2566 susceperat
1327 2501 1558 2572 copula)

2277 2051 2399 2126 Ἀφ’
2428 2051 2501 2103 ὢν
2533 2049 2562 2104 ὁ
2595 2044 2874 2118 Θεόδωρος
2905 2044 2958 2100 ἓν
2989 2043 3232 2098 Νικαίων

2099 2143 2241 2197 764"l
2280 2139 2430 2213 Παρᾶ
2464 2134 2682 2212 βασιλεῖ
2711 2129 2974 2207 διὲτριϐεν
3011 2130 3283 2188 Αὐσόνων.

2278 2232 2428 2288 Ἐπεὶ
2463 2226 2521 2284 δὲ
2548 2225 2745 2290 παιδὸς
2771 2224 3000 2302 γνησίου
3030 2221 3295 2298 διαδόχου

2283 2323 2490 2396 Ἀρχῆς
2523 2313 2753 2392 Μιχαὴλ
2787 2313 2925 2376 ἰδίας
2957 2314 3056 2369 οὐκ
3084 2313 3322 2387 εὐπόρει,

2284 2411 2368 2484 (Ὀ
2397 2408 2501 2484 γὰρ
2531 2408 2659 2482 παρ’
2690 2405 2837 2477 αὐτῷ
2860 2402 3090 2480 Μιχαὴλ
3123 2400 3466 2475 κεκλημὲνος

2284 2500 2456 2559 Νόθος
2487 2515 2571 2557 τις
2603 2495 2744 2564 ὑπῆν
2771 2493 2831 2549 ἑκ
2859 2493 3193 2566 παρανόμων
3224 2492 3465 2571 γάμων),

362 2584 546 2638 oravit
574 2583 859 2639 Caesarem
893 2588 956 2638 ut
987 2600 1055 2639 ex
1081 2585 1212 2640 aula
1245 2587 1356 2642 sibi

359 2671 726 2728 Theodorum
756 2671 926 2727 illum
958 2671 1207 2730 liberum
1241 2677 1582 2734 remitteret.

359 2769 640 2817 Annuen
671 2761 861 2816 Cesar
891 2765 1089 2817 statim
1125 2764 1288 2819 misit
1318 2765 1612 2823 hominem

361 2851 473 2906 fide
496 2852 698 2921 jurata
728 2849 837 2905 sibi
873 2852 1303 2921 promittentem

359 2944 840 2996 conservaturum
873 2939 1138 2995 animum
1169 2942 1504 2999 benivolum

363 3034 541 3101 atque
574 3027 882 3097 sinceram,
915 3031 1108 3100 quoad
1139 3031 1378 3096 viveret.
1411 3033 1583 3090 fidem

359 3119 473 3188 ipsi
504 3122 560 3172 et
584 3116 816 3188 imperii
849 3133 1060 3188 nempe
1092 3121 1554 3178 successoribus.

360 3207 452 3261 Sic
486 3206 830 3261 Theodorus
857 3207 927 3260 ad
959 3206 1331 3264 Occidentem
1364 3211 1603 3268 veniens

365 3310 496 3350 cum
527 3293 808 3350 Michaele
837 3297 1184 3351 versabatur
1212 3299 1390 3353 fratre

363 3381 601 3450 fEtolite,
635 3385 698 3436 ut
729 3382 868 3448 dixi,
902 3385 1162 3455 principe
1189 3390 1246 3440 et
1275 3386 1452 3457 Epiri.

362 3471 469 3526 Sed
505 3474 820 3542 postquam
851 3471 1096 3526 Michael
1131 3473 1446 3528 crudeliter
1474 3490 1661 3531 cassus

366 3578 399 3616 a
427 3560 548 3616 viro
580 3560 672 3614 cui
705 3560 968 3614 Romano
1005 3575 1216 3616 nomen
1248 3566 1372 3616 erat

367 3655 542 3707 noctu
575 3649 804 3720 sopitus
836 3649 989 3720 apud
1021 3649 1420 3720 Bellegradum

366 3740 545 3795 vitam
577 3740 812 3810 repente
841 3753 978 3793 cum
1009 3753 1149 3793 nece
1178 3743 1581 3808 commutavit,

367 3837 564 3892 fratris
595 3836 987 3908 principatum
1018 3836 1356 3893 Theodorus
1387 3841 1618 3912 excipit,

370 3927 489 3979 dux
519 3924 856 3992 bellicosus,
892 3929 1168 3980 strenuus
1204 3932 1515 3998 pugnator,

371 4013 518 4068 alter
548 4014 816 4069 Briareus
847 4013 1013 4087 gigas
1044 4015 1101 4070 in
1135 4016 1373 4088 praeliis,

374 4103 474 4174 qui
507 4118 641 4156 mox
673 4103 994 4160 fraternum
1027 4107 1440 4176 patrimonium
1476 4125 1698 4182 augens

375 4210 406 4247 ο
439 4208 615 4262 parvo
646 4208 926 4262 magnum
961 4195 1407 4267 spatiosumque
1439 4198 1708 4268 reddidit,

379 4282 679 4354 proferens
712 4280 890 4351 hujus
919 4281 1292 4356 dilatansque
1323 4285 1501 4353 ﬁnes;

379 4370 890 4441 Bulgarorumque
918 4374 976 4424 et
1010 4370 1281 4426 ltalorum
1317 4374 1586 4440 urbibus,

378 4458 626 4533 Illyricis
657 4457 887 4529 oppidis
918 4463 976 4512 et
1005 4459 1338 4516 Triballicis

378 4549 640 4607 efﬁciens
672 4545 1016 4619 opulentum
1050 4554 1106 4602 et
1137 4548 1484 4620 amplicans.

379 4641 452 4697 Ut
481 4637 636 4695 enim
673 4637 878 4707 paucis
910 4638 1122 4705 dicam,
1157 4637 1267 4691 sibi
1304 4636 1567 4692 subdidit

379 4727 714 4794 Achridem,
751 4723 1066 4794 Prilapum,
1100 4724 1501 4795 Pelagoniam,

378 4833 514 4874 cum
548 4815 674 4872 suis
705 4814 860 4885 agris
892 4816 949 4866 et
979 4813 1214 4884 oppidis
1245 4813 1537 4871 ﬁnitimis.

377 4905 740 4962 Thessaliam
777 4900 1080 4972 occupavit
1111 4917 1244 4957 cum
1271 4903 1510 4971 Achaia,

379 5000 436 5051 et
464 4991 863 5052 Macedoniam
897 5004 1028 5045 cum
1061 4990 1324 5048 Thraciae
1357 4993 1664 5063 particula,

381 5091 728 5150 Dalmatiam
761 5088 1070 5159 acquisivit
1100 5105 1232 5144 cum
1267 5089 1585 5164 Epidauro,

381 5181 557 5254 Illyrii
591 5183 865 5242 tractum,
902 5177 1247 5233 monticolae
1279 5178 1555 5248 Albanos,

384 5271 495 5328 Sed
530 5266 674 5323 nihil
710 5267 844 5322 huic
869 5270 1092 5320 tantam
1124 5265 1368 5336 gloriam
1405 5269 1630 5339 peperit

381 5365 660 5432 quantam
697 5355 846 5411 Petri
885 5355 1065 5409 Latini
1095 5354 1287 5411 clades
1318 5357 1646 5428 splendida.

384 5450 486 5504 Hic
519 5447 657 5519 quia
690 5461 945 5500 sororem
981 5444 1038 5498 in
1072 5445 1344 5516 conjugio
1375 5446 1629 5502 habebat

382 5539 563 5594 Errici
597 5543 654 5592 et
686 5535 947 5590 Balduini
982 5534 1424 5604 imperatorum,

383 5644 417 5682 a
449 5627 597 5698 Papa
630 5629 943 5680 coronatus
975 5621 1213 5677 Latinus
1242 5623 1450 5690 Caesar,

2041 3149 2084 3216 α

2057 4503 2104 4568 D

2108 2591 2251 2644 7645
2290 2592 2468 2642 Δεῖται
2497 2588 2825 2662 κρατοῦντος
2852 2586 2947 2639 τοῦ
2979 2577 3264 2654 Θεοδώρου
3295 2580 3441 2653 περι,

2286 2679 2403 2734 Ἵνα
2433 2675 2561 2749 παρ’
2592 2672 2752 2727 αὐτὸν
2783 2670 2993 2749 ἀφεθεὶς
3023 2663 3323 2742 καταλάϐῃ.

2290 2763 2535 2822 Πεισθεὶς
2560 2758 2685 2834 ἄναξ
2711 2762 2968 2837 πέπομφε
2997 2763 3189 2814 τοῦτον
3224 2758 3444 2829 εὖθιως,

2291 2854 2504 2915 Πίστεις
2537 2852 2789 2926 ἐνόρκους
2823 2849 3041 2927 βασιλεῖ
3069 2847 3342 2905 δεδωκότα

2291 2945 2363 3000 Ἦ
2400 2943 2507 3015 μὴν
2539 2941 2792 3018 φυλάξειν
2826 2939 3073 3009 εὖνοικήν
3107 2939 3158 2994 oi
3187 2939 3380 3014 σχέσιν

2116 3037 2258 3091 7650
2300 3031 2404 3089 Καὶ
2433 3030 2613 3086 πίστιν
2648 3029 2935 3093 ἀνόθευτον
2969 3027 3046 3090 εἷς
3075 3023 3233 3090 τέλος
3271 3027 3392 3102 βίου

2300 3121 2464 3193 Αὐτῷ
2491 3137 2550 3177 τε
2579 3117 2758 3190 δήπου
2787 3119 2876 3174 καὶ
2909 3115 3194 3192 διαδόχοις
3224 3119 3479 3192 κράτους.

2300 3212 2490 3277 Οὕτως
2518 3212 2738 3274 ἐπιστὰς
2770 3208 3050 3282 Θεόδωρος
3080 3209 3275 3286 ἑσπέρᾳ

2297 3309 2472 3372 Συνῆν
2506 3299 2728 3377 ἀδελφῷ
2757 3298 3014 3374 Μιχαὴλ,
3048 3301 3121 3360 ὡς
3149 3297 3210 3352 ἂν
3243 3297 3402 3376 ἔφην,

2293 3387 2566 3449 Αἰτωλίας
2600 3386 2824 3464 ἄρχοντι
2855 3386 2944 3440 καὶ
2974 3393 3074 3456 τῆς
3105 3385 3382 3459 Ἠπείρου,

2116 3493 2259 3546 7655
2295 3489 2446 3545 Ἑπεῖ
2479 3484 2526 3540 δ’
2554 3484 2773 3555 ἆπηνῶς
2803 3481 3037 3559 Μιχαὴλ
3070 3483 3292 3561 σφαγεὶς
3322 3482 3458 3559 ξίφει

2298 3577 2440 3652 Πρὸς
2468 3571 2660 3647 ἀνδρὸς
2692 3573 2833 3627 οὕτω
2859 3571 3134 3645 Ῥωμαίου
3163 3571 3533 3646 κεκλημένου,

2298 3663 2509 3724 Νυκτὸς
2536 3658 2810 3716 καθεύδων
2841 3659 2893 3715 ἰν
2925 3657 3309 3735 Βελλεγράδων
3342 3658 3493 3735 ὅροις

2297 3750 2590 3823 Ἐξαπίνης
2620 3748 2850 3804 λέλοιπε
2877 3746 3036 3803 τόνδε
3063 3749 3157 3803 τὸν
3193 3750 3334 3824 βίον,

2301 3843 2514 3916 Ἀρχὴν
2547 3837 2788 3916 ἀδελφοῦ
2817 3835 3096 3914 Θεόδωρος
3129 3833 3397 3910 λαμϐάνει

2121 3935 2264 3989 7660
2303 3931 2472 4003 Ἀνὴρ
2501 3926 2820 4002 στρατηγὸς,
2852 3925 3105 3995 εὐσθενὴς
3133 3926 3222 3981 καὶ
3247 3923 3526 4002 γεννάδας,

2301 4018 2459 4092 Γίγας
2486 4017 2783 4092 Βριαόχειρ
2811 4035 2896 4078 τις
2925 4014 3046 4086 ὀξὺς
3075 4014 3127 4070 ὲν
3164 4016 3367 4093 μάχαις
3400 4035 3413 4052 ο

2302 4109 2398 4170 Ὃς
2429 4101 2766 4182 παραλαϐὼν
2801 4104 3070 4179 συγγόνου
3101 4103 3467 4182 κληρουχίαν,

2305 4197 2518 4272 Ἀρχήν
2550 4216 2607 4250 τε
2641 4195 2837 4270 μικράν
2871 4193 3148 4269 εὐόριστον
3179 4192 3448 4265 καθάπαξ,

2307 4284 2566 4355 Ηῦξησεν,
2601 4282 2865 4340 ἔπλάτυνε
2891 4283 3095 4356 ταότης
3122 4282 3251 4346 τοὺς
3282 4281 3442 4359 ὅρους

2133 4389 2275 4442 7665
2313 4386 2408 4438 Ἐκ
2434 4380 2767 4458 Βουλγάρων
2794 4389 2920 4458 γῆς,
2953 4380 3232 4437 Ἰταλικῶν
3265 4378 3492 4453 ἀστέων,

2310 4470 2597 4546 Ἰλλυριῶν
2630 4492 2686 4525 τε
2713 4470 2802 4525 καὶ
2833 4465 3117 4546 Τριϐαλῶν
3150 4469 3377 4547 χωρίων

2311 4560 2525 4630 Ταύτην
2560 4557 2823 4632 ὲπαόξων,
2857 4557 3111 4634 εὐρύνων,
3149 4558 3490 4638 μεγαλύνων,

2310 4651 2512 4720 Ἔθηκε
2537 4648 2626 4703 καὶ
2655 4649 2753 4723 γὰρ
2789 4649 2875 4727 ὑφ’
2906 4646 3114 4718 ἑαυτὸν,
3145 4647 3218 4712 ὡς
3252 4644 3403 4721 ἔπος,

2313 4732 2564 4813 Ἀχρίδα,
2597 4737 2685 4792 καὶ
2718 4737 3027 4813 Πρίλαπον,
3062 4739 3413 4815 Πελαγονίαν,

2134 4832 2277 4886 7670
2317 4827 2421 4883 Σὺν
2453 4833 2568 4889 τοῖς
2601 4827 2753 4902 πέριξ
2779 4821 2942 4883 ἅπασι
2973 4829 3232 4903 χωρίοις,
3263 4829 3455 4890 τόποις

2315 4922 2516 4992 Κρατεῖ
2546 4915 2842 4980 Θεσσαλίας
2873 4939 2931 4972 τε
2952 4917 3044 4972 σὺν
3078 4916 3300 4994 ’Ᾱχαΐᾳ,

2315 5004 2650 5068 Μακεδονίας
2675 5007 2764 5061 καὶ
2801 5007 3000 5080 μέρους
3025 5007 3173 5069 τινὸς
3201 4999 3437 5083 Θρᾴκης,

2316 5097 2475 5171 Αἱρεῖ
2505 5093 2815 5168 Δαλματίαν
2846 5115 2905 5150 τε
2934 5094 3026 5149 σὺν
3057 5092 3397 5169 Ἐπιδάμνῳ,

2317 5183 2597 5258 Ἰλλυρίδα
2627 5190 2751 5260 γῆν,
2787 5179 3087 5247 ’Δλϐανοὺς
3121 5184 3470 5263 ὀριτρόφους.

2137 5275 2280 5330 7675
2321 5272 2463 5346 Εὐρὺ
2495 5271 2553 5327 δὲ’
2583 5275 2633 5326 οἳ
2665 5273 2850 5342 τίθησι
2885 5272 3098 5346 μᾶλλον
3126 5277 3188 5329 τὸ
3217 5273 3377 5337 κλέος

2317 5364 2380 5416 Ἡ
2411 5364 2549 5415 κατὰ
2579 5363 2787 5434 Πέτρου
2818 5362 3052 5418 Λατίνου
3084 5362 3315 5439 λαμπρὰ
3344 5364 3492 5435 νίκη.

2323 5446 2575 5524 Γαμῧρὸς
2604 5452 2704 5526 γὰρ
2737 5453 2898 5514 οὗτος
2929 5452 3004 5513 εἷς
3033 5451 3274 5531 ἀδελφὴν
3305 5455 3598 5530 τυγχάνων

2319 5539 2483 5615 Ἐῤῥῆ
2520 5537 2856 5596 Βαλδουίνου
2885 5562 2943 5596 τε
2970 5546 3076 5596 τῶν
3116 5541 3408 5616 βασιλέων,

2319 5628 2460 5704 Πρὸς
2485 5629 2635 5684 πάπα
2667 5630 2911 5705 χρισθεὶς
2943 5629 3019 5692 εἷς
3052 5632 3371 5707 κρατάρχην
3402 5632 3688 5707 Λατίνων,
