4104 6204
268 317 411 373 285

274 444 449 498 7680
487 440 659 517 Ἐῤῥῆ
688 441 964 514 θανόντος,
989 443 1067 505 εἰς
1091 444 1354 514 Βύζαντος
1376 446 1597 519 ἐστάλη.

488 530 582 591 Εἷς
614 526 992 603 Ἐπιδαμνίων
1027 530 1084 587 8‘s
1114 534 1348 610 κατάρας
1377 536 1563 596 πόλιν.

491 620 570 673 Δι’
606 614 891 675 Ἀλϐανῶν
924 619 1149 676 ἔσπευδε
1175 626 1275 693 ’τήν
1300 627 1711 685 Κωνσταντίνου

491 708 646 766 Μετὰ
676 716 932 784 στρατιᾶς
960 707 1291 768 καταλαϐεῖν
1321 714 1559 771 εὗόπλου

488 795 665 854 Ἀλλᾶ
694 800 1011 873 προφθάσας
1043 798 1327 876 Θεόδωρος
1358 803 1608 879 γεννάδας

286 898 450 952 7685
488 899 696 952 Τοῦτον
730 901 1027 969 τροποῦται
1059 898 1148 952 καὶ
1180 905 1301 971 νικᾷ
1327 904 1464 957 κατά
1492 905 1691 978 κράτος

486 986 668 1041 Αὐτόν
700 1006 759 1039 τε
787 985 879 1040 καὶ
907 986 1213 1060 στράτευμα
1239 987 1364 1054 δοὺς
1402 990 1571 1067 ἄρδην
1604 993 1739 1070 ξίφει

491 1075 637 1150 Πρὸς
668 1072 852 1129 τοῖσδε
885 1075 1194 1152 Δυρράχιον
1225 1080 1369 1153 αἱρεῖ
1405 1083 1507 1151 τὴν
1537 1082 1722 1155 πόλιν,

490 1162 588 1217 Καὶ
621 1166 873 1237 στρατιὰν
910 1165 1005 1236 μὲν
1036 1165 1334 1240 ἐμπιμπλᾷ
1366 1169 1485 1227 λεία
1514 1172 1754 1244 σκύλων,

489 1252 685 1316 Ἀὐτὸς
716 1251 773 1308 δὲ
809 1253 1087 1328 βασίλειον
1120 1254 1316 1335 ε’ίληφε
1345 1262 1560 1338 στέςρος,

289 1344 450 1402 7690
492 1344 697 1417 Πέτρνυ
727 1345 991 1406 πεσόντος
1012 1347 1151 1401 κατὰ
1185 1349 1397 1422 μάχην,
1430 1350 1506 1412 ὡς
1536 1348 1693 1428 ἔφην,

489 1432 665 1493 Οὗτος
697 1431 976 1486 πλατύνας
1010 1435 1255 1509 εὐτυχῶς
1278 1436 1457 1512 ἀρχῆς
1492 1440 1653 1512 ὅρους

490 1523 622 1582 Ταῖς
656 1518 1117 1591 ἀλλεπαλλήλοις
1146 1543 1203 1579 τε
1230 1527 1535 1597 κιπφωθεῖς
1566 1528 1766 1600 νίκαις,

495 1610 584 1665 Ἑν
614 1611 698 1671 οἷς
730 1609 951 1686 ὑπῆρχε
980 1611 1303 1685 προσμένειν
1337 1615 1436 1671 οὐκ
1464 1618 1669 1693 ἠγάπα.

494 1695 672 1753 Ἀλλὰ
702 1705 892 1776 φρονεῖ
920 1700 1061 1776 μέγα
1087 1720 1139 1758 τι
1166 1702 1257 1758 καὶ
1288 1706 1413 1780 παρ’
1444 1704 1617 1778 ἀξίαν.

297 1796 457 1853 7695
495 1796 804 1869 Φημίζεται
838 1802 969 1871 γοῦν
1001 1793 1260 1863 ϐασιλεὺς
1292 1801 1644 1880 αὐτοκράτωρ

493 1886 618 1942 Τῶν
645 1886 719 1939 ὧν
751 1893 1027 1961 κατῆρχεν
1057 1887 1261 1943 ἀστέων
1293 1892 1381 1945 καὶ
1412 1892 1659 1969 χωρίων,

489 1973 746 2051 Στεφθεὶς
772 1973 1017 2053 κεφαλὴν
1050 1975 1313 2053 βασιλικῇ
1342 1981 1523 2053 ταινίᾳ

485 2064 621 2136 Παρ’
642 2062 941 2138 ἆρχιθύτου
975 2064 1302 2141 Βουλγάρων
1334 2068 1675 2145 Δημητρίου.

484 2153 619 2212 Θεὸς
651 2149 698 2205 δ’
739 2150 1069 2224 ἐπευδόκησε
1099 2154 1315 2218 τούτοις
1346 2156 1613 2223 οὺδόλως.

286 2243 447 2297 7700
487 2242 655 2297 Μιτεῖ
683 2242 786 2316 γὰρ
815 2238 993 2306 ὅντως
1028 2245 1406 2322 ὑπερηφάνους
1434 2249 1640 2325 φύσεις.

484 2330 649 2385 ’Όθεν
682 2327 839 2401 δίκην
870 2328 1104 2387 δέδωκεν
1132 2333 1351 2409 ὕστερον
1386 2339 1643 2413 θράσους,

489 2413 685 2473 Σϐἑσιν
722 2421 956 2483 ὑποστὰς
990 2426 1088 2476 τοῦ
1119 2424 1290 2496 φάους
1320 2430 1427 2480 τῶν
1460 2428 1749 2499 ὀμμάτων.

490 2506 640 2563 Κατὰ
674 2509 864 2583 μάχην
898 2508 1041 2565 οὕτω
1068 2508 1125 2566 δὲ
1156 2514 1473 2577 κτανθὲντος
1504 2517 1731 2591 Πέτρου,

492 2597 653 2650 Παισί
685 2598 735 2649 τ’
760 2595 850 2652 ἐπὶ
879 2599 1095 2673 τέτρασι
1128 2598 1385 2665 λιπόντος
1425 2604 1563 2679 βίον.

302 2687 458 2741 7705
500 2686 840 2761 Ῥομπέρτῳ,
866 2685 1138 2762 Φιλίππῳ
1156 2711 1215 2745 τε
1244 2693 1331 2747 καὶ
1367 2692 1706 2768 Βαλδουίνῳ,

495 2775 640 2849 Πρὸς
669 2771 799 2846 τῇδε
824 2780 923 2847 μιᾷ
950 2778 1176 2853 Θυγατρὶ
1204 2785 1272 2854 τῇ
1302 2783 1508 2857 Μαρίᾳ.

492 2862 708 2917 Τούτων
740 2872 1045 2940 κραταρχεῖ
1073 2869 1405 2946 Ῥομπέρτος
1435 2871 1753 2941 Βυζαντίδος

497 2957 787 3030 Πράγμασι
818 2976 906 3011 κοι
938 2962 1024 3020 οῖς
1060 2959 1322 3032 μαλακῶς
1353 2963 1722 3037 κεχρημένος,

499 3047 632 3103 Μετ’
660 3045 858 3122 Ἑρρῆν
889 3048 1220 3124 κατάρξαντα
1246 3054 1337 3107 τὸν
1366 3055 1663 3125 τεθνηκότα

302 3143 463 3200 7710
503 3140 773 3217 Ἀνδρεῖον
808 3142 975 3219 ἄνδρα
1002 3148 1091 3201 καὶ
1124 3152 1263 3203 πάνυ
1297 3150 1605 3225 ῥωμαλέον.

498 3231 629 3287 Εἶτα
664 3234 781 3305 μετ’
810 3234 970 3289 αὐτὸν
1002 3234 1271 3311 σύγγονος
1295 3238 1616 3314 Βαλδυῖνος,

499 3322 730 3395 Μέτριος
762 3322 922 3398 ἀνὴρ,
953 3329 1313 3401 σωφρονικὸς,
1350 3329 1581 3404 χαρίεις,

503 3410 617 3486 Ἐφ’
652 3410 714 3464 οὗ
744 3417 1073 3486 κρατοῦντος
1104 3408 1138 3484 ἠ
1174 3419 1578 3475 Κωνσταντίνου
1604 3421 1768 3485 πόλις

508 3501 861 3571 ,Επανεσώθη
896 3503 1185 3575 Ῥωμαίων
1216 3507 1544 3583 κραταρχίᾳ.

314 3589 471 3644 7715
511 3588 573 3644 Ἠ
607 3584 653 3641 δ’
684 3589 752 3643 αὖ
782 3591 965 3665 Μαρία
995 3594 1129 3667 πρὸς
1161 3596 1342 3668 γάμου
1372 3598 1653 3653 κοινωνίαν

504 3677 597 3748 Τῷ
631 3678 924 3755 Δασκαρίῳ
957 3676 1173 3755 βασιλεῖ
1203 3686 1465 3761 συνεζύγη

510 3766 737 3839 Πρὼτης
767 3771 1022 3842 γυναικὸς
1054 3769 1436 3837 ἕκλελοιπυίας
1470 3776 1611 3849 βίον,

502 3857 615 3924 Τῆς
645 3853 694 3910 δ’
719 3856 789 3911 ἆκ
820 3857 1063 3914 Κιλίκων
1097 3858 1347 3937 δευτέρας
1378 3863 1456 3926 εἲς
1485 3864 1720 3942 πατρίδα

508 3947 603 3999 Διά
630 3966 681 3999 τι
714 3952 875 4018 μῖσος
909 3949 1363 4027 ἀποπεμφθείσης
1395 3952 1582 4009 πάλιν.

322 4044 477 4098 7720
516 4044 686 4106 Οὗτος
709 4046 1141 4126 γυναικάδελφον
1177 4050 1339 4106 αὐτοῦ
1366 4053 1701 4126 Ῥομπὲρτον

506 4132 597 4193 Εἷς
624 4131 889 4189 Εὖὸοκίαν
920 4138 1018 4206 τήν
1050 4138 1237 4214 τρίτην
1272 4141 1575 4218 θυγατέρων

512 4219 768 4276 Σπεόδων
797 4223 1017 4300 ἀγαγεῖν
1044 4223 1291 4303 γαμϐρὸν
1322 4231 1546 4303 ἂθέσμῳ
1568 4231 1779 4306 τρόπῳ.

509 4312 663 4384 Ἔριν
696 4311 857 4381 ἐνῆκε
882 4316 1230 4393 ποιμενάρχῃ
1257 4323 1338 4391 τῷ
1365 4320 1487 4374 τότε

510 4400 601 4470 Τῷ
630 4399 932 4481 Φιλοσόφῳ
964 4405 1226 4475 Μανουὴλ
1265 4405 1587 4482 κεκλημένῳ

320 4490 475 4543 7725
513 4487 604 4556 Μὴ
638 4493 1083 4564 συγκατανεύοντι
1113 4492 1255 4567 τῷδε
1281 4502 1359 4570 τῷ
1382 4499 1565 4572 γάμῳ.

514 4578 642 4641 Θεὸς
673 4577 730 4633 δὶ
762 4578 882 4635 λύει
910 4582 1009 4651 τὴν
1029 4583 1465 4659 ἀθεσμογαμίαν,

516 4667 648 4741 Πρὶν
681 4668 715 4737 ἢ
746 4668 987 4743 γενέσθαι
1018 4671 1202 4743 τήνδε,
1231 4680 1328 4729 τοῦ
1360 4674 1625 4751 βασιλέως

518 4757 642 4813 Βίον
672 4759 765 4813 τὸν
792 4760 1130 4836 ἀνθρώπινον
1160 4761 1571 4827 ἐκλελοιπότος.

516 4848 634 4903 Ἔτι
666 4852 1069 4925 κραταρχοῧντί
1097 4872 1160 4926 γε
1188 4857 1267 4925 τῷ
1300 4854 1589 4929 Λασκαρίῳ

324 4938 477 4992 7730
517 4938 817 5012 Πράγματα
848 4939 1034 4995 πολλὰ
1061 4942 1151 4995 καὶ
1184 4943 1392 5015 μακρὰς
1422 4940 1657 5016 ἀγωνίας

514 5027 709 5103 Ἐῥρῆς
740 5034 1003 5103 παρεῖχεν
1043 5030 1072 5085 ὁ
1096 5035 1314 5105 κρατῶν
1342 5030 1679 5100 Βυζαντίδος,

518 5117 703 5180 Τιθεὶς
736 5118 818 5180 ὑθ’
848 5119 1010 5173 αὐτὸν
1042 5119 1326 5192 Ἃωμαϊκὰ
1353 5120 1556 5195 χωρία,

514 5205 811 5275 Λιηλατῶν
843 5227 903 5261 τε
932 5207 1020 5262 καὶ
1053 5208 1404 5284 κατατρέχων
1439 5208 1652 5272 πόλεις·

519 5299 858 5367 Δραστήοιος
884 5299 985 5373 γὰρ
1016 5298 1107 5351 καὶ
1138 5300 1392 5375 σθεναρὸς
1425 5298 1499 5354 ὢν
1533 5298 1700 5375 χέρας

328 5388 484 5442 7735
551 5385 645 5438 Κνιί
677 5386 814 5458 πρὸς
850 5388 1030 5461 μάχας
1052 5384 1301 5459 ἕτοιμος,
1333 5386 1579 5465 ἄντικρυς
1608 5392 1798 5466 Ἄρης,

560 5476 642 5531 Τά
668 5477 955 5547 Ῥωμαϊκὰ
985 5473 1031 5531 δ’
1062 5478 1401 5547 ἡσθενηκότα
1425 5477 1664 5554 βλέπων⁴

560 5564 659 5619 Καὶ
694 5560 909 5636 μᾶλλον
942 5565 1029 5641 ἀφ’
1063 5566 1127 5619 οὗ
1158 5563 1455 5620 σουλτάνου
1487 5566 1815 5643 κατισχύσας

566 5652 835 5725 Λάσκαρις
862 5652 987 5725 ἅναξ
1019 5648 1287 5709 ἀπεϐαλεν
1311 5655 1541 5720 ἱππότας

1833 327 2193 385 ΟΕΘΔΒΕΒ.

1988 454 2044 520 Α
2074 451 2346 506 defuncto
2380 450 2594 515 Errico,
2630 449 2848 507 missus
2879 453 2969 504 est
3000 448 3363 519 Byzantium.

2071 543 2256 611 Atque
2286 538 2711 610 Dyrrhachium
2743 538 2974 594 delatus
3004 539 3073 593 ad
3118 538 3344 606 urbem,

2072 645 2205 683 mox
2234 644 2336 700 per
2364 628 2619 683 Albanos
2654 626 2859 683 itinere
2896 628 3150 697 pedestri

2075 718 2197 772 ibat
2227 718 2565 787 Byzantium
2596 734 2730 772 cum
2762 718 3051 773 instructo
3083 715 3361 772 exercitu.

2073 806 2180 862 Sed
2215 810 2585 862 antevertens
2614 806 2955 861 Theodorus
2986 809 3265 861 strenuus

2073 899 2310 950 Petrum
2344 895 2561 967 insigni
2596 895 2845 966 perculit
2874 895 3137 961 victoria,

2074 985 2268 1056 ipsum
2300 1001 2430 1040 cum
2462 988 2582 1041 toto
2614 985 2869 1040 exercitu
2901 983 3131 1039 delevit.

2076 1073 2286 1129 Urbem
2317 1072 2454 1144 quin
2488 1072 2663 1128 etiam
2696 1072 2883 1128 tenuit
2916 1072 3360 1143 Dyrrhachium,

2016 1232 2019 1233 ν
2074 1178 2368 1234 suumque
2397 1164 2592 1233 praeda
2621 1161 2825 1217 ditavit
2853 1161 3166 1217 exercitum
3203 1177 3216 1216 :

2074 1259 2199 1331 ipse
2229 1258 2481 1330 regalem
2514 1258 2709 1313 induit
2734 1274 3029 1322 coronam,

2073 1348 2132 1403 in
2166 1350 2286 1403 acie
2318 1348 2503 1417 Petro,
2536 1352 2601 1402 ut
2633 1347 2912 1416 diximus,
2942 1347 3153 1402 occiso.

2074 1444 2212 1493 Nam
2246 1443 2416 1493 aucta
2446 1456 2551 1492 sua
2585 1436 2825 1492 feliciter
2855 1437 3078 1491 ditione

2074 1533 2130 1584 et
2158 1526 2475 1582 cumulatis
2505 1527 2691 1582 elatus
2721 1526 2980 1582 victoriis

2072 1633 2187 1671 non
2222 1616 2331 1671 fuit
2360 1620 2668 1671 contentus
2699 1614 3007 1686 acquisitis
3038 1614 3272 1684 Opibus,

2072 1706 2172 1761 sed
2206 1707 2275 1760 ad
2310 1706 2533 1774 majora
2565 1708 2774 1775 praeter
2802 1705 2889 1760 fas
2919 1702 3227 1770 anhelans,

1993 1808 2040 1875 Β
2070 1796 2485 1865 imperatorem
2515 1793 2797 1849 Caesarem
2829 1809 2890 1847 se
2920 1791 3067 1848 dixit

2068 1883 2197 1953 ejus
2229 1898 2356 1953 quae
2387 1880 2501 1937 sibi
2528 1882 2767 1937 suberat
2792 1879 3067 1936 ditionis:

2070 1976 2245 2044 atque
2278 1971 2457 2043 regali
2491 1975 2798 2027 coronatur
2827 1974 3139 2027 stemmate

2072 2078 2104 2116 a
2135 2060 2521 2132 Bulgarorum
2552 2060 2840 2116 Demetrio
2871 2056 3305 2131 archipmsule.

2070 2150 2181 2205 Sed
2214 2150 2367 2204 Deus
2399 2165 2521 2204 rem
2554 2153 2778 2221 gestam
2812 2148 3056 2203 minime
3084 2145 3369 2218 probavit,

2071 2239 2171 2312 qui
2204 2242 2425 2294 mentes
2457 2238 2582 2295 odit
2609 2238 2919 2295 hominum
2952 2237 3259 2309 superbas.

2070 2330 2457 2394 Quamobrem
2490 2329 2738 2385 Michael
2764 2345 2955 2385 seram
2989 2327 3100 2382 luit
3130 2341 3359 2397 pmnam

2072 2424 2322 2489 utroque
2351 2416 2574 2473 lumine
2606 2419 2848 2473 orbatus
2881 2416 3209 2473 oculorum.

2072 2508 2276 2562 Petrus
2310 2507 2364 2561 in
2399 2524 2594 2578 pugna
2623 2506 2912 2577 spoliatus
2940 2505 3062 2560 vita

2072 2600 2327 2668 quatuor
2356 2596 2595 2668 reliquit
2627 2594 2842 2650 liberos
2874 2594 3249 2665 superstites,

2074 2685 2392 2740 Robertum
2419 2688 2476 2740 et
2506 2684 2844 2756 Philippum
2876 2699 2943 2739 ac
2976 2682 3349 2747 Balduinum,

2074 2779 2350 2846 praeterea
2380 2773 2559 2829 ﬁliam
2595 2774 2874 2830 feminam
2906 2773 3172 2829 Mariam.

2072 2863 2153 2917 Ex
2183 2862 2277 2917 his
2308 2862 2600 2918 Robertus
2632 2863 2940 2933 imperavit
2969 2860 3253 2931 Byzantii,

2075 2954 2175 3009 sed
2208 2953 2634 3009 administrans
2664 2954 2871 3023 ignave
2900 2949 3347 3021 rempublicam,

2075 3046 2207 3114 post
2233 3041 2350 3096 vita
2378 3042 2644 3097 functum
2675 3041 2959 3095 Caesarem
2990 3039 3255 3094 Erricum

2076 3136 2381 3186 strenuum
2416 3128 2603 3185 virum
2630 3136 2684 3185 et
2714 3128 2885 3199 plane
2914 3126 3324 3183 fortissimum.

2076 3228 2211 3281 Post
2242 3225 2404 3281 illum
2441 3226 2614 3280 frater
2642 3224 2905 3296 regnavit
2936 3220 3257 3277 Balduinus

2078 3316 2378 3372 modestus
2409 3317 2493 3371 vir
2523 3319 2580 3370 et
2608 3320 2944 3385 temperans
2975 3329 3041 3368 ac
3071 3312 3367 3384 gratiosus

2077 3421 2193 3475 quo
2224 3403 2587 3472 dominante,
2619 3401 2990 3458 Constantini
3020 3401 3227 3459 civitas

2079 3495 2150 3549 ad
2181 3494 2576 3549 Romanorum
2605 3491 2776 3547 rediit
2807 3490 3143 3562 imperium.

2084 3583 2226 3639 Petri
2260 3583 2439 3638 Maria
2469 3583 2589 3637 ﬁlia
2620 3580 2871 3652 nuptiali
2902 3580 3134 3636 vinculo

2078 3672 2418 3744 imperatori
2451 3671 2678 3727 Lascari
2709 3670 3111 3740 conjungitur,

2082 3762 2182 3832 qui
2215 3778 2453 3815 uxorem
2485 3761 2737 3832 primam
2771 3761 3005 3815 ﬂeverat
3032 3757 3405 3822 exstinctam,

2082 3850 2400 3905 secundam
2433 3858 2621 3905 autem
2656 3848 2831 3904 Cilice
2862 3851 3034 3919 gente
3066 3851 3265 3901 natam

2082 3940 2277 3993 nescio
2308 3954 2423 4008 quo
2455 3938 2587 3992 odio
2618 3939 2675 3991 in
2710 3937 2958 4008 patriam
2993 3936 3315 3993 remiserat.

2081 4036 2240 4090 Idem
2275 4035 2587 4090 Robertum
2621 4035 2892 4105 conjugis
2922 4049 3269 4105 germanum

2081 4125 2320 4196 optabat
2348 4140 2650 4195 generum,
2679 4129 2883 4178 contra
2914 4125 2999 4178 fas
3030 4121 3299 4177 Ecclesia:

2074 4214 2342 4284 jugando
2374 4214 2604 4268 tertiam
2640 4212 2822 4269 ﬁliam
2855 4212 3193 4268 Eudociam.

2082 4304 2225 4359 Cum
2254 4302 2518 4358 Manuele
2548 4302 2880 4374 patriarcha
2903 4302 3166 4373 jurgium

2083 4392 2219 4446 hinc
2250 4395 2443 4445 ortum
2480 4396 2589 4460 est,
2621 4392 2970 4464 philosopho
2997 4390 3315 4463 appellato,

2007 4510 2054 4577 Β
2086 4480 2426 4551 bujusmodi
2456 4486 2689 4536 vetante
2718 4498 2790 4536 ne
2820 4482 3027 4536 fierent
3056 4480 3293 4551 nuptiae.

2092 4571 2202 4626 Sed
2234 4575 2389 4626 Deus
2420 4570 2654 4642 abrupit
2681 4571 2952 4627 illicitum
2986 4569 3323 4641 conjugium
3360 4584 3374 4625 :

2093 4661 2255 4733 prius
2287 4678 2462 4732 quam
2496 4663 2651 4717 enim
2686 4663 2871 4729 ﬁeret,
2901 4662 3027 4733 ipse
3058 4661 3247 4714 Caesar

2091 4751 2361 4806 humanae
2391 4751 2519 4805 vita:
2548 4752 2864 4807 terminum
2899 4750 3198 4821 imposuit.

2089 4855 2369 4906 Caeterum
2400 4850 2589 4905 adhuc
2620 4850 2944 4922 imperante
2976 4854 3235 4917 Lascare,

2094 4938 2390 4995 molestias
2420 4938 2659 5008 multas,
2691 4938 2888 5010 praelia
2914 4937 3143 4993 diutina

2094 5029 2349 5101 Byzantii
2383 5028 2660 5085 dominus
2689 5028 2926 5083 Erricus
2956 5026 3237 5095 exhibuit,

2093 5120 2233 5174 dum
2265 5117 2376 5173 sibi
2411 5118 2673 5173 Romana
2705 5117 2921 5188 oppida
2951 5115 3285 5186 subjiceret,

2094 5225 2197 5263 sus
2230 5208 2414 5278 deque
2443 5207 2617 5261 urbes
2646 5206 2946 5278 diriperet,
2973 5210 3187 5277 ageret.

2094 5298 2198 5350 Vir
2228 5298 2383 5351 enim
2413 5301 2535 5351 erat
2564 5297 2792 5363 efﬁcax,
2821 5296 2954 5350 forti
2991 5312 3189 5365 manu,

2099 5389 2289 5441 alacer
2318 5386 2386 5440 ad
2418 5402 2644 5456 pugnas
2678 5401 2930 5456 semper,
2966 5390 3021 5439 et
3052 5385 3221 5439 Marti
3255 5383 3377 5455 pari
3412 5399 3425 5435 :

2100 5478 2196 5547 qui
2230 5492 2362 5530 cum
2396 5476 2689 5529 Romanos
2716 5474 3051 5530 laborantes
3082 5476 3361 5539 cerneret,

2102 5564 2420 5638 prccsertim
2455 5564 2591 5634 quia
2621 5565 2759 5618 dum
2793 5565 3092 5619 sultanum
3126 5560 3440 5616 debellaret

2103 5652 2366 5709 Lascaris
2399 5652 2605 5723 Caesar,
2634 5653 2862 5723 equites
2897 5652 3173 5727 amiserat

3612 320 3721 378 286
