4004 6200
382 314 486 371 287
1596 315 1963 370 ΕΡΗΒΒΜῙΙ

1596 315 1964 370 ΕΡΗΒΕΜΙΙ
2010 313 2581 376 CHRONOGRAPHI

384 440 561 497 Italos
589 438 745 493 viros
775 440 1052 492 strenuos
1086 436 1402 491 mavortios
1436 452 1451 492 :

385 532 665 601 perpetuo
696 531 925 581 nostros
956 523 1283 579 lacessebat
1312 523 1485 582 bello.

384 618 534 685 Quin
567 632 700 670 cum
735 614 798 667 in
834 612 1053 668 ﬁnibus
1086 612 1387 669 obviarent
1417 613 1586 684 nulli,

386 709 553 762 tanta
581 707 671 759 est
702 702 895 757 elatus
924 702 1284 758 conﬁdentia
1316 703 1577 773 Erricus,

389 800 454 849 ut
483 807 673 863 usque
703 791 763 846 in
795 789 1016 847 Ioniam
1051 791 1267 847 faceret
1298 809 1579 848 excursus

390 880 635 936 vastatis
663 878 779 936 late
810 880 981 936 terris
1014 880 1401 952 interpositis,

394 969 475 1025 nil
506 968 660 1025 bello
693 970 981 1025 intactum
1010 968 1309 1042 linquens,
1340 971 1527 1028 donec
1556 971 1790 1027 tandem

394 1075 590 1116 coram
618 1058 921 1131 Nymphaai
956 1058 1117 1131 regia
1145 1061 1463 1115 tentorium
1497 1062 1718 1131 ﬁgeret.

388 1148 496 1204 Sed
530 1164 665 1203 mox
695 1147 1038 1219 Byzantium
1072 1148 1346 1204 reducem
1378 1147 1515 1204 tulit
1543 1150 1770 1221 pedem.

387 1246 517 1301 Haec
550 1250 861 1302 Lascareos
893 1244 1191 1318 Erricique
1229 1261 1324 1303 res
1356 1247 1612 1302 inerunt.

392 1333 615 1391 Deinde
645 1335 806 1405 pacis
839 1333 1050 1389 foedere
1080 1332 1444 1402 coaluerunt,

391 1513 561 1583 cujus
594 1510 934 1582 hujusmodi
968 1510 1339 1566 conditiones
1366 1515 1534 1567 erant
1562 1526 1576 1565 :

392 1602 612 1673 Nempe
642 1604 708 1655 ut
738 1600 880 1656 urbs
912 1599 1139 1671 Ochyra
1169 1616 1304 1656 cum
1337 1616 1477 1671 agro
1507 1617 1616 1656 suo

392 1695 451 1746 et
481 1689 616 1761 pagi
648 1688 832 1744 monti
864 1688 1225 1757 circumjecti
1256 1688 1499 1760 Cymino

389 1777 515 1849 (qui
548 1792 716 1832 mons
746 1777 819 1831 ab
848 1776 993 1831 urbe
1022 1775 1250 1848 Ochyra
1282 1792 1396 1832 non
1430 1777 1617 1849 abest)

394 1864 612 1921 Latinis
643 1864 902 1920 dominis
934 1864 1263 1938 incolisque
1292 1866 1582 1922 cederent.

393 1954 669 2010 Calamus
700 1958 898 2009 autem
932 1970 1139 2025 pagus,
1172 1954 1327 2009 unde
1361 1954 1567 2027 incipit

397 2044 845 2100 Neocastrorum
878 2059 1006 2113 quae
1039 2042 1256 2099 dicitur
1285 2043 1603 2114 provincia,

398 2131 669 2188 neutrius
699 2131 883 2203 partis
916 2136 1074 2186 esset
1098 2149 1165 2187 ac
1191 2132 1443 2189 deserta.

398 2221 686 2292 Regiones
722 2226 916 2276 autem
952 2221 1023 2276 ad
1055 2220 1353 2278 Orientem
1386 2238 1588 2288 versis,

393 2310 705 2363 Neocastra
735 2307 1011 2364 videlicet
1041 2314 1216 2381 atque
1249 2309 1390 2365 urbs
1420 2313 1763 2382 Pergamus,

390 2396 767 2467 Celbianum,
800 2397 1054 2464 Chliara,
1087 2403 1263 2470 atque
1293 2400 1543 2469 Smyrna

393 2502 526 2541 cum
558 2484 940 2556 circumjecto
976 2487 1281 2558 regionum
1315 2490 1495 2544 latere

395 2573 628 2629 Lascari
662 2578 878 2629 cuncta
908 2574 1118 2629 Caesari
1156 2580 1449 2646 parerent.

397 2664 563 2719 Nunc
586 2664 713 2734 jam
747 2663 857 2718 fert
886 2663 1122 2719 animus
1153 2664 1351 2720 omnia
1382 2681 1509 2736 quas
1542 2666 1774 2737 Bulgari

398 2776 501 2832 per
531 2759 673 2816 illud
710 2764 946 2833 tempus
977 2766 1180 2817 contra
1211 2778 1316 2817 nos
1348 2762 1614 2820 fecerunt

398 2848 657 2905 historiis
689 2847 916 2921 reliquo
948 2850 1205 2922 pandere
1236 2867 1527 2908 sermone.

397 2938 602 2996 Adhuc
632 2939 875 2995 ﬂorente
900 2939 1222 3013 Byzantino
1255 2941 1498 3013 imperio

396 3044 577 3084 causa
606 3027 928 3084 multorum
958 3028 1183 3084 exstitit
1212 3028 1502 3085 malorum

398 3118 478 3174 rei
514 3125 721 3174 noslraa
753 3117 998 3190 publica
1029 3117 1331 3191 Bulgarica
1368 3119 1544 3175 natio.

398 3211 543 3262 Nam
575 3211 634 3262 et
665 3207 936 3277 Isacium,
970 3206 1258 3279 Angelum
1290 3208 1659 3280 cognomine,

399 3310 613 3365 magna
643 3295 855 3350 devicit
886 3297 1040 3367 apud
1073 3297 1322 3352 Berroen
1354 3297 1547 3365 clade;

395 3383 483 3438 ita
512 3390 573 3436 ut
601 3397 734 3437 cum
767 3389 976 3438 cetera
1013 3386 1208 3454 praeda
1240 3386 1553 3457 diripuerit

399 3470 589 3525 crucis
625 3470 937 3525 Dominicaa
970 3481 1406 3527 sacrosanctum
1438 3473 1687 3545 lignum,

398 3558 554 3631 quod
587 3563 713 3615 erat
745 3559 961 3616 nostris
992 3559 1228 3631 regibus
1259 3560 1317 3615 in
1351 3561 1567 3633 praaliis

400 3648 569 3705 ducis
600 3648 807 3717 instar,
841 3650 1040 3709 robur.
1071 3649 1325 3705 victorias
1356 3667 1551 3709 omen.

402 3746 596 3803 Theca
628 3747 757 3815 fuit,
790 3747 981 3820 specie
1010 3746 1225 3804 eximia
1253 3753 1310 3804 et
1339 3748 1644 3820 ineffabili,

403 3851 545 3890 auro
573 3836 941 3908 gemmisque
971 3835 1220 3893 rutilans
1252 3837 1549 3911 pretiosis,

403 3929 461 3979 et
491 3924 740 3981 laborati
772 3927 963 4000 operis
997 3927 1264 3995 artiﬁcio,

399 4014 534 4069 sinu
566 4015 961 4087 complectens
990 4019 1389 4075 venerandum
1424 4018 1673 4091 lignum,

398 4104 550 4172 quod
584 4105 870 4161 Dominus
901 4107 1116 4162 sufﬁxo
1144 4110 1441 4178 quondam
1474 4126 1717 4183 corpore

396 4194 785 4250 sanctiﬁcavit
815 4197 1106 4268 sanguine
1137 4199 1465 4269 perfusum.

393 4284 630 4338 Inerant
660 4286 717 4338 et
749 4282 875 4338 aliis
907 4299 976 4339 ex
1007 4290 1257 4358 utroque
1288 4287 1468 4343 latere

395 4369 574 4426 thecis
607 4371 679 4427 ab
713 4371 955 4428 auriﬁce
986 4380 1334 4445 pervenuste
1365 4376 1596 4442 efﬁctas.

401 4462 723 4530 martyrum
757 4460 969 4518 Christi
1000 4462 1279 4534 reliquias
1311 4468 1631 4533 gestantes,

402 4548 775 4620 Deiparzrque
802 4551 1062 4624 Virginis
1096 4553 1183 4608 lac
1213 4552 1679 4620 sanctissimum,

401 4653 534 4692 cum
566 4640 911 4696 veneranda:
939 4642 1161 4696 zonulaa
1187 4645 1511 4713 segmento,

402 4726 683 4797 mirisque
712 4726 843 4782 aliis
874 4728 1051 4784 rebus
1085 4728 1570 4801 religiosissimis.

397 4822 598 4878 Alexio
631 4840 864 4896 quoque
895 4823 1064 4879 Isacii
1094 4825 1416 4881 successori

400 4926 563 4982 neque
594 4910 905 4966 Comnenis
934 4911 1167 4984 Angelis
1200 4913 1501 4984 progenito

401 4998 725 5070 permultas
755 4999 987 5072 Bulgari
1022 5017 1251 5073 pugnas
1281 5000 1640 5060 obtulerunt.

396 5093 528 5143 Mox
556 5093 842 5161 occupata
873 5090 946 5145 ab
979 5089 1140 5146 Italis
1175 5090 1445 5161 Byzantio

398 5179 645 5250 ejusque
676 5178 922 5251 imperio
954 5181 1025 5235 ad
1060 5181 1313 5236 nihilum
1348 5181 1603 5250 redacto,

402 5272 676 5339 regnator
704 5267 1092 5340 Bulgarorum
1123 5272 1377 5326 Joannes

402 5358 577 5413 homo
607 5356 977 5415 inhumanus
1006 5358 1094 5415 vel
1126 5364 1407 5417 cruentus
1436 5360 1600 5417 canis

404 5446 553 5503 Petri
584 5446 910 5519 Asanisque
941 5447 1123 5503 frater
1151 5448 1659 5519 detestandorum,

403 5535 639 5591 Latinos
668 5535 1007 5592 obsidentes
1035 5535 1499 5608 Adrianopolim,

401 5635 649 5696 eamque
678 5640 913 5682 summa
942 5625 995 5681 vi
1029 5624 1280 5682 nitentes
1312 5641 1541 5698 capere,

2056 439 2113 505 Α
2318 437 2555 515 Ἀνδρας
2585 437 2854 506 Ἰταλοὺς,
2886 435 3157 513 ἇρεΐκοὺς,
3190 434 3476 511 γευνάδας,

2142 529 2288 583 7740
2327 533 2558 601 Συχνῶς
2590 528 2938 604 ἐπεστράτευε
2967 524 3257 600 Ῥωμαίων
3290 526 3469 601 ὅροις·

2326 619 2450 673 Τῶν
2480 615 2839 672 κωλυσόντων
2870 613 3105 671 οὐδένων
3138 615 3457 692 ὁρωμένων,

2327 706 2477 781 Παρά
2504 710 2762 761 τοσοῦτον
2792 710 2890 761 τοῦ
2921 704 3149 778 θράσους
3171 702 3465 781 ἀφιγμένον

2325 794 2415 856 Ὠς
2447 791 2811 869 καταδραμεῖν
2842 793 2931 849 καὶ
2967 792 3164 869 μέχρις
3200 792 3407 854 Ἰωνίας

2328 882 2715 953 Λεηλατοῦντα
2740 883 2807 939 τὰ
2841 882 3036 956 μεταξὺ
3058 878 3263 957 χωρία,

2185 983 2293 1038 745
2331 983 2571 1055 Δῃοῦντ’,
2604 979 2938 1053 ἀφανίζοντα
2969 985 3071 1049 τῆς
3104 980 3284 1053 μάχης
3315 977 3492 1051 νόμῳ,

2333 1068 2546 1139 Σκηνάς
2574 1089 2633 1124 τε
2662 1071 2828 1141 πῆξαι
2857 1067 2994 1123 κατὰ
3023 1071 3210 1142 χῶρον
3242 1065 3534 1145 Νυμφαίου
3560 1085 3575 1135 ;

2332 1158 2447 1215 Εἶθ’
2479 1158 2924 1227 ὑπονοστήσαντα
2949 1158 3051 1225 τήν
3083 1147 3245 1210 πόλιν
3277 1154 3494 1232 φθάσαι.

2328 1248 2491 1304 Ταῦτ’
2521 1244 2623 1322 ἄρα
2652 1246 2975 1321 Λασκάριος,
3206 1238 3423 1314 συνέϐη.

2331 1336 2423 1399 El:
2454 1333 2687 1397 σπονδὰς
2718 1335 2925 1410 ἀμφοῖν
2957 1328 3254 1407 συμϐάσεις
3286 1334 3334 1388 τ’
3362 1331 3602 1410 ἀφιγμέ-

3462 1423 3621 1497 [νων,

2151 1516 2294 1571 7750
2333 1515 2401 1573 Δί
2433 1508 2791 1589 συμϐιβάσεις
2818 1509 2945 1567 τάδε
2972 1511 3061 1566 καὶ
3094 1510 3426 1588 συμφωνίαν

2333 1604 2419 1664 Ὧς
2450 1602 2511 1658 ἂν
2540 1601 2778 1677 Ὀχυρᾶν
2811 1608 2910 1671 τῆν
2943 1599 3105 1655 πόλιν
3126 1599 3218 1653 καί
3248 1600 3315 1653 τὰ
3345 1597 3497 1674 πέριξ

2333 1693 2415 1751 Τά
2443 1693 2559 1747 κατ’
2592 1688 2719 1766 ὅρος
2739 1692 2788 1746 τ’
2820 1688 2883 1745 αὖ
2912 1693 3009 1745 τοῦ
3040 1693 3256 1762 Κυμινᾶ
3279 1690 3463 1764 χωρία

2075 1801 2123 1867 Β
2328 1778 2613 1856 Τυγχᾶνον
2648 1780 2827 1855 ἀγχοῦ
2858 1777 3122 1856 φρουρίου
3154 1775 3513 1867 λελεγμένου,

2333 1868 2517 1925 Φῦλον
2546 1868 2797 1943 κατάσχῇ
2830 1867 2919 1922 καὶ
2948 1867 3183 1940 νέμηται
3213 1865 3481 1922 Λατίνων.

2153 1960 2297 2015 7755
2336 1956 2592 2032 Κάλαμος
2621 1960 2656 2027 ἠ
2688 1958 2852 2030 κώμη
2882 1953 2960 2025 δὲ,
2990 1956 3118 2029 παρ’
3144 1954 3206 2010 οὗ
3234 1955 3297 2009 τὸ
3325 1953 3501 2029 κλίμα

2331 2051 2448 2102 Τῶν
2472 2045 2828 2122 Νεοκάστρων
2857 2046 2957 2114 τὴν
2986 2045 3266 2119 καταρχὴν
3299 2038 3590 2117 λαμϐάνει,

2336 2137 2585 2211 Ἔρημος
2614 2134 2873 2205 ἀοίκητος
2903 2133 2937 2202 ἦ
2970 2153 3026 2188 τε
3054 2132 3144 2188 καὶ
3179 2130 3333 2206 μένηο

2329 2225 2403 2279 Τά
2433 2222 2479 2280 δ’
2510 2224 2615 2279 ἀπὸ
2643 2221 2807 2279 τοῦδε
2836 2224 2954 2287 καθ’
2982 2220 3056 2277 ’έω
3085 2222 3392 2291 νενευκότα,

2330 2312 2643 2387 Νεόκαστρα
2669 2313 2817 2366 ταῦτ’
2848 2312 2959 2366 έστὶ
2991 2309 3276 2385 Πέργαμος
3306 2306 3493 2381 πόλις,

2152 2412 2297 2470 7760
2337 2404 2633 2465 Κελῦιανόν
2662 2430 2721 2465 τε
2748 2409 2839 2464 καὶ
2871 2408 3082 2482 Χλιαρὰ
3108 2407 3199 2462 καὶ
3231 2407 3474 2480 Σμύρνα,

2334 2498 2440 2555 Σὺν
2469 2504 2586 2560 τοῖς
2617 2504 2732 2553 κατ’
2763 2497 2888 2553 εὐθὺ
2918 2498 3189 2571 κειμένοις
3222 2496 3307 2552 καὶ
3338 2494 3596 2571 πλαγίως

2328 2590 2565 2645 “Απαντ’
2593 2587 2797 2642 ἀνεῖται
2832 2588 3049 2662 βασιλεῖ
3076 2585 3384 2660 Λασκαρίῳ.

2333 2678 2619 2753 Πρόθυμον
2653 2677 2799 2749 ὁρμᾷ
2826 2676 2913 2730 καὶ
2946 2677 3012 2729 τά
3041 2676 3188 2749 παρὰ
3220 2673 3551 2749 Βουλγάρων

2333 2764 2737 2821 Επεισπεσόντα
2767 2765 2873 2821 Ῥω
2883 2760 3035 2837 μαΐδι
3060 2768 3141 2836 τῷ
3162 2763 3286 2818 τότε

2151 2857 2295 2912 7765
2330 2857 2444 2923 Τῆς
2463 2852 2706 2928 ἱστορίας
2734 2849 3067 2929 παραδοῦναι
3097 2856 3176 2924 τῷ
3206 2850 3379 2927 λόγῳ.

2332 2942 2434 3001 Καὶ
2464 2943 2590 3018 πρὶν
2623 2943 2716 3015 μὶν
2750 2943 2805 2997 εὖ
2837 2940 3062 3017 ἔχοντος
3089 2940 3345 2998 Αὐσόνων
3376 2939 3631 3014 κράτους,

2333 3029 2565 3089 Πολλῶν
2596 3036 2776 3086 κακῶν
2800 3030 2975 3085 αἴτιον
3005 3024 3155 3092 ἔθνος
3182 3028 3515 3105 Βουλγάρων

2072 3156 2117 3225 c
2332 3120 2561 3195 Ὑπῆρξε
2590 3119 2888 3192 Ῥωμαίοις
2921 3139 2980 3174 τε
3008 3119 3099 3173 καὶ
3119 3118 3443 3195 κραταρχίᾳ.

2336 3210 2565 3267 Ἰσάκιον
2586 3207 2686 3284 γάρ
2718 3206 3104 3283 ἀγγελώνυμον
3135 3206 3303 3262 πάλαι

2153 3301 2298 3355 7770
2336 3299 2485 3354 Κατὰ
2513 3295 2749 3373 Βεῤῥόην
2784 3294 2966 3367 έκνίκᾷ
2994 3295 3130 3351 κατά
3158 3295 3356 3371 κράτος

2331 3389 2492 3441 Ὥστε
2516 3385 2653 3461 πρὸς
2678 3383 2870 3446 ἄλλοις
2901 3384 2991 3439 καὶ
3022 3378 3313 3456 σεϐάσμιον
3345 3382 3505 3453 ξύλον

2334 3477 2577 3549 Σταυροῦ
2609 3471 3001 3547 διαρπάσαντας
3033 3470 3230 3535 αὐτοὺς
3265 3468 3513 3547 κερδάναι

2330 3564 2427 3620 Ὃν
2457 3561 2712 3619 Αὐσόνων
2740 3560 2959 3624 ἄνακτες
2991 3561 3203 3637 ἐχθρῶν
3233 3561 3285 3616 έν
3319 3562 3525 3635 μάχαις

2332 3652 2585 3728 Ἦγήτορ’
2615 3651 2765 3725 εἶχον
2796 3650 2887 3706 καὶ
2918 3649 3177 3726 τρόπαιον
3209 3648 3300 3705 καὶ
3332 3650 3515 3712 σθένος

2155 3752 2298 3806 7775
2336 3752 2670 3825 Ἀμήχανον,
2696 3750 2904 3812 κάλλος
2930 3770 2990 3805 τε
3016 3750 3103 3804 καὶ
3136 3746 3441 3817 ποικιλίαν,

2332 3842 2528 3913 Χρυσῷ
2555 3837 2851 3915 τιμαλφέσι
2880 3859 2940 3894 τε
2970 3836 3147 3902 λίθοις
3181 3836 3483 3912 μαργάροις

2336 3926 2439 3984 Καὶ
2468 3932 2745 4002 τεχνικαῖς
2774 3926 2994 4003 χάρισιν
3027 3926 3389 4003 ὡραϊσμένον·

2333 4015 2545 4073 Τούτου
2579 4015 2737 4090 μέσον
2766 4017 3020 4091 φέροντα,
3049 4015 3237 4089 τιμίου
3264 4012 3429 4086 ξύλου

2334 4111 2401 4183 ᾯ
2430 4111 2752 4181 σωματικῶς
2776 4106 3109 4182 προσπαγεὶς
3138 4107 3165 4160 ὁ
3197 4102 3463 4175 δεσπότης

2156 4198 2300 4253 7780
2335 4196 2565 4271 Χριστὸς
2591 4195 2915 4270 καθηγίασεν
2946 4194 3133 4269 α’ίματι
3165 4192 3311 4250 τόδε·

2337 4286 2516 4355 Θήκας
2544 4286 2594 4339 τ’
2623 4284 2811 4362 ἐφεξῆς
2842 4284 2893 4355 έξ
2920 4283 3173 4360 έκατέρου
3204 4282 3403 4359 μέρους

2336 4375 2552 4448 Χρυσοῦ
2581 4373 2803 4448 τεχνίτῃ
2837 4378 3127 4452 προσφυῶς
3157 4371 3506 4447 εἰργασμένος

2077 4500 2125 4566 D
2336 4462 2421 4518 Ἑν
2456 4462 2538 4523 αἶς
2570 4468 2781 4537 προσῆν
2814 4459 3046 4536 λείψανα
3076 4464 3309 4538 Χριστοῦ
3343 4460 3639 4537 μαρτύρων

2334 4549 2432 4604 Καὶ
2468 4548 2881 4627 μητρανάνδρου
2914 4549 3188 4624 Πάρθένου
3220 4551 3410 4605 σεπτὸν
3442 4550 3611 4623 γάλα,

2154 4641 2297 4697 7785
2332 4639 2613 4713 Τεμάχιον
2648 4640 2824 4710 ζώνης
2854 4660 2912 4693 τε
2940 4636 3106 4708 τῆσδε
3132 4640 3345 4712 τιμίας,

2333 4726 2431 4781 Καὶ
2462 4726 2697 4783 πλεῖστα
2724 4728 2991 4801 τιμήεντα
3029 4728 3121 4784 καὶ
3150 4728 3481 4801 θαυμαστέα.

2331 4815 2429 4870 Καὶ
2461 4820 2541 4887 τῷ
2567 4817 2683 4889 μετ’
2715 4816 2879 4871 αὐτὸν
2909 4810 3282 4891 παραλαϐόντι
3321 4817 3521 4890 κράτος

2334 4903 2570 4977 ’Δλεξίῳ
2601 4925 2664 4979 γε
2694 4908 2771 4961 Κο
2781 4903 3306 4981 μνηναγγελωνύμῳ

2335 4991 2589 5055 Πολλοὺς
2617 4992 2825 5069 ἀγῶνας
2857 4993 3225 5069 προύξένησαν
3258 4994 3349 5048 καὶ
3385 4992 3597 5067 μάχας.

2154 5094 2298 5148 7790
2335 5093 2496 5167 Ἀρτι
2529 5088 2575 5146 δ’
2607 5090 2844 5162 ὁλούσης
2878 5090 3112 5154 Ἰταλοῖς
3144 5088 3489 5162 Βυζαντίδος,

2335 5185 2433 5235 Καὶ
2462 5183 2560 5235 τοῦ
2589 5182 2705 5235 κατ’
2735 5180 2902 5250 αότὴν
2930 5179 3325 5242 καταλυθέντος
3355 5179 3617 5253 κράτους,

2332 5270 2393 5326 Ὀ
2424 5268 2688 5344 κυριεύων
2723 5268 3047 5345 Βουλγάρων
3075 5270 3353 5339 Ἰωάννης,

2338 5356 2536 5420 Σκαιός
2563 5376 2647 5419 τις
2676 5356 2814 5433 ἀνὴρ
2844 5359 2932 5413 καὶ
2966 5356 3298 5436 φιλαίματος
3326 5357 3474 5412 κύων

2339 5444 2510 5516 ’Διὰν,
2542 5444 2751 5519 Πέτρου
2781 5446 3043 5521 σύναιμος
3071 5445 3144 5501 ὢν
3177 5445 3517 5519 ἀλαστόρων,

2157 5537 2301 5590 7795
2335 5535 2421 5590 ’Ev
2452 5530 2745 5608 ’Δδριανοῆ
2778 5536 3028 5598 Λατίνοις
3057 5536 3452 5608 σκηνουμένοις

2338 5621 2443 5680 Καὶ
2469 5621 2633 5695 τήνδε
2664 5623 2807 5681 έλεῖν
2841 5623 3129 5681 σπεύδουσι
3161 5625 3321 5680 παντὶ
3340 5623 3557 5698 τρόπῳ,

3691 311 3803 367 288
