4104 6204
287 302 410 357 239

486 424 894 496 Ἐπιστρατεύει
926 423 1019 479 σὺν
1053 430 1277 502 στρατιᾷ
1306 426 1537 499 σκυθίδι,

479 514 583 573 Καὶ
609 512 947 584 καταρᾶτος
978 513 1161 586 ἐκνικᾷ
1190 521 1325 594 σφᾶς
1355 522 1476 581 τοῖς
1515 516 1714 580 ὅπλοις

475 611 565 667 Ὠς
596 604 687 660 καὶ
717 602 1038 679 κρατάρχην
1072 608 1219 681 σφῶν
1250 605 1685 682 ἁνεζωγρηκᾶναι

292 697 442 751 7800
478 694 582 749 Τὸν
608 691 973 763 Βαλδουῖνον,
1004 692 1080 756 ὡς
1113 692 1304 749 ἂνόπιν
1336 694 1556 772 ἐρρέθη.

483 783 636 840 Ἐπεὶ
670 779 716 836 δ’
748 780 895 837 ἑλεῖν
922 779 1177 837 ἔσπευδεν
1207 781 1532 859 Ὀρεστιάδα

483 872 590 928 Καὶ
619 876 737 933 τοῖς
774 872 866 925 ὑπ’
896 871 1063 926 αὐτὸν
1095 871 1385 948 ὑπαγαγεῖν
1420 873 1726 951 φρουρίοις,

486 959 643 1018 ἈΑλ’
674 961 739 1029 ἦν
770 960 957 1035 χανὼν
982 957 1233 1036 ἄντικρυς
1263 961 1337 1023 ὡς
1358 960 1525 1025 λύκος
1553 962 1751 1036 μάτην.

481 1052 761 1113 Ἐντεῦθεν
796 1051 911 1103 οἷον
945 1048 1195 1122 ἐκμανεὶς
1226 1050 1254 1103 ὁ
1289 1050 1563 1123 μαινόλης

292 1143 445 1197 7805
483 1139 587 1197 Καὶ
618 1139 997 1213 κατεπαρθεὶς,
1032 1139 1389 1214 Σεναχηρεὶμ
1418 1141 1492 1203 ὡς
1525 1139 1719 1211 πάλαι,

479 1226 708 1291 Ἄλλως
732 1248 792 1283 τε
825 1226 996 1301 μηδὲν
1023 1225 1280 1301 ἰμποδὼν
1324 1226 1471 1303 ἔχων
1504 1230 1650 1292 ὅλως

483 1314 827 1376 Μακεδονίαν
856 1315 948 1371 καὶ
979 1315 1191 1392 Θρᾴκην
1229 1317 1577 1394 κατατρέχει,

488 1407 695 1480 Κώμας
726 1404 950 1480 ὲρημῶν
981 1405 1073 1461 καὶ
1106 1406 1496 1461 κατασκάπτων
1528 1405 1745 1482 πόλεις,

490 1500 671 1571 Δῃῶν,
706 1494 1008 1564 σκυλεύων,
1040 1493 1099 1550 lx
1132 1493 1346 1571 βάθρων
1374 1495 1717 1570 ἀνατρέπων

298 1589 451 1644 7810
491 1584 859 1663 Καταστρέφει
890 1589 1084 1657 πρῶτα
1116 1584 1211 1657 μὲν
1244 1582 1529 1641 Φιλίππου
1568 1586 1756 1659 πόλιν,

487 1671 660 1729 Πόλιν
688 1674 1062 1750 περιώνυμον,
1095 1672 1503 1746 εὖκλεεστάτην·

484 1766 715 1820 Ἔπειτα
741 1765 1039 1837 κατήρειψε
1064 1764 1161 1825 τὰς
1194 1761 1367 1826 ἄλλας
1396 1762 1613 1838 πόλεις,

484 1850 752 1911 Κύδιστον
782 1851 1107 1927 Ἡράκλειαν
1136 1854 1226 1907 καὶ
1259 1848 1598 1930 Σηλυϐρίαν,

480 1939 790 1998 Ῥαιδεστὸν
817 1940 909 1995 καὶ
941 1940 1141 1998 Πάνιον
1174 1941 1267 1996 σὺν
1302 1942 1532 2015 Δαονίῳ,

295 2034 448 2091 7815
483 2035 754 2108 Τραϊανοῦ
785 2051 844 2086 τε
873 2030 965 2085 καὶ
994 2030 1261 2107 Μάρωνος
1287 2031 1383 2093 τὰς
1414 2030 1632 2103 πόλεις⁹

483 2119 661 2176 Πόλιν
693 2118 1085 2176 Μοσυνόπολιν
1116 2120 1207 2173 καὶ
1235 2121 1335 2189 τήν
1372 2119 1694 2195 Σταγείραν,

484 2209 591 2267 Καὶ
622 2208 885 2271 πλείστας
916 2206 1096 2271 ἄλλας
1126 2210 1161 2278 ἡ
1198 2203 1439 2283 βέϐηλος
1464 2207 1682 2283 καρδία.

482 2298 675 2361 Οὕτως
708 2297 933 2374 ἰρημῶν
964 2296 1054 2351 καὶ
1085 2297 1363 2352 σκυλεύων
1387 2298 1483 2362 τὰς
1512 2297 1728 2371 πόλεις,

486 2384 687 2450 Φθάνει
719 2387 1077 2459 περιώνυμον
1110 2385 1529 2457 Θεσσαλονίκην,

297 2477 448 2533 7820
488 2475 654 2530 Κάκεῖ
685 2474 879 2550 βιαίως
906 2474 999 2529 τὸν
1037 2473 1152 2549 βίον
1184 2476 1538 2553 καταστρέφει

490 2564 808 2640 Πλευρίτιδι
845 2566 964 2638 μὶν,
999 2565 1074 2630 ὡς
1103 2564 1315 2620 ἀκούειν
1346 2569 1437 2635 ἦν,
1466 2566 1632 2640 νόσῳ·

486 2652 576 2715 Ὠς
608 2648 655 2706 δ’
684 2651 750 2705 αὗ
780 2649 967 2706 κλύειν
999 2650 1203 2729 πέφυκε
1232 2656 1418 2729 σαφῶς
1448 2650 1699 2728 εἰδότων,

484 2746 549 2821 ᾮ
576 2741 785 2806 τίθεται
814 2747 940 2810 πᾶς,
973 2743 1455 2818 χριστομάρτυρος
1488 2744 1627 2820 ξίφει

492 2830 894 2901 Θεσσαλονίκης
924 2832 1230 2905 προστάτου
1270 2839 1345 2901 Δη
1356 2833 1609 2908 μητρίου.

299 2922 451 2977 7825
488 2919 703 2978 Τούτου
733 2917 781 2974 δ’
811 2918 1242 2997 ἀπορῥήξαντος,
1270 2921 1345 2983 ὡς
1380 2918 1536 2999 ἔφην,
1571 2924 1716 2998 βίον,

490 3006 863 3071 Ἀδελφόπαις
894 3030 975 3073 τις
1006 3008 1241 3085 Βορίλας
1264 3010 1628 3087 κεκλημένος,

493 3096 733 3153 Σκυθίδα
757 3098 902 3153 θείαν
933 3098 1177 3175 γαμετὴν
1208 3098 1544 3174 παρανόμως

490 3189 705 3261 Γήμας,
737 3188 969 3264 ὑπῆρξεν
1001 3186 1270 3264 ἐγκρατής
1298 3188 1390 3243 καὶ
1416 3189 1772 3268 Βουλγάρων·

490 3279 660 3335 ’Δσᾶν
694 3275 752 3333 δὶ
778 3276 947 3334 παῖδα
976 3276 1325 3355 παιδαγωγός
1353 3301 1438 3344 τις
1467 3278 1643 3357 λάθρα

304 3367 457 3422 7830
497 3363 633 3420 Νέον
666 3362 874 3438 κομιδῆ
904 3360 1239 3440 παραλαϐὼν
1274 3366 1348 3428 ὡς
1386 3368 1584 3442 τάχος,

493 3454 640 3531 Πρὸς
673 3454 884 3519 Σκύθας
915 3455 1191 3531 ἀπήγαγεν
1221 3454 1296 3517 είς
1328 3458 1627 3532 σωτηρίαν.

492 3546 670 3596 ’⁸Αννα
704 3539 919 3614 βασιλὶς
953 3540 1169 3614 συζύγῳ
1200 3542 1491 3615 Λασκαρίῳ

499 3628 802 3705 Θυγατέρας
832 3628 1022 3701 τέξασα
1049 3634 1220 3706 τρεῖς,
1254 3628 1430 3686 λείπει
1468 3632 1602 3706 βίον,

501 3718 766 3796 Εἲρήνην,
801 3721 1009 3796 Μαρίαν
1038 3742 1097 3776 τε
1126 3719 1218 3776 σὺν
1253 3718 1509 3793 Εύδοκίᾳ.

311 3813 464 3868 7835
498 3808 680 3868 Ἀλλὰ
710 3810 926 3884 Μαρίαν
961 3808 1210 3885 δευτέραν
1240 3812 1376 3866 κατά
1405 3812 1562 3883 γένος

499 3900 592 3964 Εἷς
616 3898 789 3970 κῆδος
820 3899 1046 3973 ἐξέδωκε
1078 3900 1246 3977 ῥηγὸς
1265 3902 1513 3960 Παιόνων

498 3990 737 4067 Νύμφην
772 3989 854 4067 έφ⁹
885 3991 991 4063 υἱῷ
1024 3988 1279 4066 βασιλεὺς
1314 3993 1679 4069 φυτοσπόρος,

500 4076 849 4139 Ἐπανιόντος
884 4077 943 4131 ἐκ
975 4079 1120 4133 Σιὼν
1151 4079 1288 4154 πρὸς
1318 4078 1569 4155 πατρίδα.

505 4166 737 4237 Πρώτην
773 4162 820 4219 δ’
846 4164 1084 4240 Εἰρήνην
1118 4167 1402 4241 ἡρμόσατο
1431 4168 1570 4240 πρὸς
1600 4167 1777 4244 γάμον

314 4258 467 4313 7840
504 4253 900 4331 Παλαιολόγων
935 4253 995 4309 ἐκ
1023 4254 1216 4331 γένους
1247 4255 1605 4335 Ἀνδρονίκῳ,

505 4347 605 4404 "Ov
640 4344 971 4417 δεσποτικῆς
1000 4348 1226 4419 ἠξίωσεν
1258 4349 1427 4421 ἀξίας.

503 4434 709 4489 Τούτου
742 4433 1000 4500 θανόντος
1029 4436 1104 4498 ὡς
1134 4438 1381 4515 προφθᾶις
1410 4434 1512 4515 ἔφη
1546 4438 1735 4518 λόγος,

509 4523 731 4595 Ταύτην
766 4528 972 4599 συνῆψε
1001 4525 1139 4582 κατά
1171 4524 1450 4603 δευτέρους
1488 4533 1702 4606 γάμους

512 4612 723 4689 Πλήρει
756 4615 1000 4691 χαρίτων
1036 4616 1189 4694 ἀνδρὶ
1222 4620 1591 4695 χαριτωνύμῳ

323 4707 475 4761 7845
512 4704 759 4779 Βατάτεῃ
793 4711 1013 4762 Δουκῶν
1046 4706 1107 4763 ix
1134 4710 1319 4785 γένους
1348 4714 1697 4788 κατηγμένῳ,

513 4790 720 4865 Σχόντι
753 4788 1151 4867 Διδυμότειχον
1185 4792 1315 4850 ἄστυ
1345 4795 1576 4872 πατρίδα

512 4873 793 4951 Αύχοῦντι
822 4877 993 4949 τιμὴν
1026 4874 1583 4956 πρωτοϐεοτιαρίτου.

508 4962 581 5038 ’ῼ
608 4960 869 5037 πενθερὸς
899 4960 1128 5018 λέλοιπε
1160 4967 1408 5035 θνήσκων
1439 4966 1501 5021 τὸ
1533 4966 1751 5043 κράτος·

512 5048 601 5103 Ἐν
631 5046 680 5104 δ’
712 5049 995 5107 Ὑακίνθου
1126 5058 1268 5129 μονῇ
1298 5056 1496 5112 τούτου
1534 5059 1711 5113 νέκυνο

326 5136 482 5191 7850
521 5135 713 5209 Ἔγγὺς
748 5137 954 5211 βιώσας
985 5142 1325 5211 πεντήκοντά
1354 5142 1571 5219 χρόνων

510 5226 602 5297 Ἐξ
634 5226 709 5279 ὧν
742 5222 1085 5286 ἐϐασίλευσεν
1118 5230 1263 5287 ὀκτὼ
1292 5236 1430 5311 πρὸς
1459 5232 1606 5294 δέκα.

470 5341 787 5398 ΙΩᾹΝΝΗΣ
829 5344 874 5401 Ο
922 5348 1191 5402 ΔΟΥΚΑΣ
1232 5350 1403 5410 HTOI
1442 5354 1486 5410 Ο
1525 5356 1895 5413 ΒΛΤΑΤΖΗΣ

1041 5419 1156 5475 ET.
1199 5422 1318 5479 Al".

517 5521 783 5591 Ἰωάννης
816 5520 959 5577 οὕτω
991 5520 1049 5578 δὲ
1078 5526 1264 5601 τυχὼν
1291 5533 1388 5584 τοῦ
1418 5534 1672 5609 κράτους,

524 5607 696 5672 Εὐθὺς
729 5612 1050 5668 τεταινίωτο
1083 5616 1214 5691 παρ’
1243 5607 1542 5694 ἀρχιθύτου

1837 306 2205 364 CBSABBS.

1989 435 2044 500 Α
2075 450 2391 508 aggressus
2422 441 2511 494 est
2541 454 2673 495 cum
2702 440 2969 511 Scythico
2997 442 3274 514 exercitu,

2075 529 2133 579 et
2160 542 2397 582 summa
2429 527 2594 584 clade
2626 529 2865 585 affectos
2894 531 3211 587 debellavit
3244 548 3259 587 :

2073 629 2327 685 quorum
2357 616 2533 672 etiam
2568 617 2896 690 principem
2923 618 3277 676 Balduinum

2075 703 2148 757 ab
2177 703 2306 776 ipso
2337 704 2533 761 vivum
2564 714 2805 779 captum
2839 725 3020 781 supra
3050 710 3329 765 diximus.

2074 790 2360 866 Deinceps
2390 794 2750 852 Oresliadem
2784 799 3034 855 tentavit
3061 798 3346 869 Bulgaros

2075 885 2141 937 ut
2169 898 2289 937 suae
2320 882 2564 940 ditionis
2595 885 2826 957 oppidis
2861 888 3209 959 adjungeret
3243 905 3256 941 :

2074 968 2175 1024 sed
2210 969 2455 1026 inhiavit
2486 972 2703 1027 frustra
2735 978 3017 1045 tanquam
3050 974 3249 1047 lupus.

2073 1056 2220 1112 Hinc
2250 1074 2386 1131 ergo
2414 1058 2566 1116 malo
2599 1061 2856 1132 percitus
2891 1062 3083 1118 furore

2073 1147 2486 1220 superbusque
2516 1153 2581 1204 ut
2613 1149 2785 1207 aliter
2814 1150 3295 1217 Senacherimus,

2073 1250 2209 1290 cum
2240 1235 2387 1291 nihil
2417 1237 2650 1309 uspiam
2683 1238 2796 1311 ipsi
2818 1240 2945 1311 jam
2979 1242 3296 1310 resisteret,

2073 1322 2383 1379 Thraciam
2417 1325 2932 1398 Macedoniamque
2962 1329 3356 1384 concursabat

2073 1423 2254 1480 pagos
2284 1408 2579 1477 desolans,
2612 1409 2881 1467 civitates
2912 1411 3174 1483 diruens,

2073 1500 2331 1567 vastans,
2360 1498 2725 1570 depraedans,
2754 1516 2787 1555 a
2819 1500 3219 1557 fundamentis
3250 1501 3548 1573 quatiens.

2072 1583 2135 1640 In
2168 1586 2377 1657 primis
2409 1586 2645 1660 quidem
2677 1589 2883 1645 evertit
2911 1590 3366 1662 Philippopolim

2074 1675 2482 1746 famigeratam
2512 1676 2716 1732 urbem
2748 1682 2805 1732 et
2832 1677 3262 1735 nobilissimam

1997 1790 2046 1855 B
2076 1763 2289 1855 deinde
2318 1769 2376 1820 et
2405 1764 2551 1821 alias
2577 1768 2887 1837 prostravit
2918 1767 3208 1855 civitates,

2077 1850 2355 1924 inclytam
2389 1852 2747 1923 Heracleam,
2782 1871 2849 1910 ac
2879 1854 3225 1928 Selybriam,

2076 1939 2477 2009 Rhaadestum,
2510 1944 2781 2015 Panium,
2814 1960 2949 1998 cum
2986 1944 3225 2013 Daonio,

2075 2028 2406 2086 Maroneam
2440 2030 2678 2103 insuper
2709 2036 2766 2087 et
2788 2031 3207 2105 Trianopolim,

2075 2116 2336 2191 itemque
2363 2119 2787 2193 Mosynopolim
2819 2125 2877 2176 et
2908 2121 3220 2193 Stagiram,

2073 2205 2336 2280 aliasque
2367 2208 2677 2281 plurimas,
2711 2210 2802 2266 hic
2835 2210 3129 2282 pessimus
3163 2212 3450 2268 mortalis.

2074 2296 2169 2352 Sic
2199 2297 2457 2353 vastitati
2491 2298 2805 2371 indulgens
2832 2304 2890 2354 et
2920 2298 3247 2356 latrociniis

2073 2384 2556 2442 Thessalonicam
2589 2387 2841 2459 denique
2867 2388 3160 2445 illustrem
3191 2389 3371 2461 venit,

2074 2474 2174 2530 ubi
2206 2474 2589 2532 immaturum
2624 2476 2832 2532 habuit
2860 2478 2991 2533 vita:
3024 2478 3202 2534 ﬁnem

2074 2563 2429 2635 pleuritidis,
2462 2569 2528 2620 ut
2558 2564 2715 2620 fama
2745 2566 2880 2634 fuit,
2911 2566 3236 2623 exstinctus
3270 2568 3474 2624 morbo
3507 2585 3521 2624 :

2073 2651 2162 2708 vel
2192 2668 2325 2709 eum
2358 2652 2573 2725 potius,
2605 2658 2671 2709 ut
2700 2654 2890 2721 aiunt,
2924 2661 3080 2713 recte
3110 2657 3357 2724 conscii,

2072 2740 2365 2814 vulgoque
2395 2742 2675 2810 creditur,
2703 2742 2919 2800 Christi
2954 2748 3174 2817 martyr
3206 2745 3457 2818 perculit

2072 2830 2556 2887 Thessalonicam
2587 2836 2897 2906 protegens
2930 2834 3283 2890 Demetrius.

2072 2923 2389 2991 Postquam
2419 2924 2708 2991 tyrannus
2737 2922 2883 2977 vivis
2913 2927 3220 2994 exemptus
3252 2923 3385 2991 fuit,

2074 3007 2256 3079 hujus
2284 3025 2354 3064 ex
2384 3010 2563 3066 fratre
2592 3026 2773 3081 nepos
2803 3011 2996 3066 dictus
3023 3010 3249 3066 Borilas

1999 3139 2044 3208 C
2079 3097 2342 3208 Ecx‘thidi
2366 3099 2615 3199 junctus
2648 3099 2841 3197 amite
2874 3099 3112 3199 incestis
3146 3098 3395 3170 nuptiis,

2081 3185 2346 3258 Bulgarae
2374 3186 2564 3258 gentis
2590 3188 2816 3259 excepit
2841 3188 3233 3245 dominatum.

2078 3276 2293 3332 Asanis
2323 3277 2519 3331 autem
2549 3270 2903 3348 paedagogus
2931 3274 3120 3331 filium

2081 3379 2330 3435 puerum
2362 3362 2555 3419 adhuc
2587 3363 2953 3420 clandestina
2981 3364 3119 3435 fuga

2082 3451 2399 3509 consulens
2424 3452 2553 3508 vita
2584 3451 2891 3508 transtulit
2922 3454 2992 3508 ad
3028 3452 3299 3523 Scythas.

2082 3545 2248 3598 Anna
2277 3541 2482 3615 regina
2511 3540 2748 3614 conjugi
2780 3541 3053 3597 Lascario

2083 3629 2276 3685 tribus
2307 3629 2545 3686 ﬁliabus
2575 3628 2749 3685 editis
2777 3629 2895 3684 vita
2925 3626 3196 3698 excessit,

2086 3718 2249 3773 Irene
2278 3722 2335 3774 et
2363 3718 2547 3774 Maria
2576 3717 2800 3774 scilicet
2830 3722 3009 3789 atque
3038 3715 3321 3774 Eudocia.

2086 3807 2355 3876 Mariam,
2390 3824 2520 3878 quae
2551 3811 2688 3863 nata
2716 3813 2841 3863 erat
2865 3807 3127 3862 secundo
3160 3805 3287 3860 loco

2087 3896 2243 3968 regis
2276 3895 2511 3951 Paeniee
2544 3895 2664 3951 ﬁlio
2696 3896 2755 3949 in
2788 3894 3233 3951 matrimonium

2087 3984 2260 4040 Sione
2290 3983 2598 4040 revertenti
2632 3983 2691 4038 in
2724 3982 2973 4055 patriam
3006 3999 3175 4039 suam

2088 4074 2319 4147 genitor
2350 4074 2545 4130 Casar
2574 4072 2819 4128 tradidit
2849 4073 3225 4144 desponsam.

2087 4162 2365 4232 Majorem
2398 4166 2539 4217 natu
2573 4162 2797 4217 lrenem
2834 4160 3045 4232 nuptui
3075 4158 3317 4215 tradidit

2090 4249 2489 4321 Palaeogorum
2516 4249 2753 4307 surculo
2782 4248 3133 4319 Andronico,

2092 4356 2265 4413 quem
2296 4339 2474 4395 etiam
2508 4339 2765 4411 despotae
2795 4336 3079 4410 dignitate
3110 4336 3360 4393 ornavit.

2095 4430 2217 4493 Quo
2246 4435 2443 4484 tamen
2473 4426 2783 4495 exstincto,
2816 4432 2881 4483 ut
2911 4431 3065 4483 retro
3099 4424 3385 4495 diximus,

2017 4494 2064 4558 D
2096 4518 2363 4574 eamdem
2395 4515 2703 4573 collocavit
2732 4494 3011 4572 secundis
3042 4513 3267 4586 nuptiis

2098 4606 2308 4663 Joanni
2337 4609 2394 4661 et
2422 4621 2485 4661 re
2511 4609 2569 4660 et
2598 4606 2835 4660 nomine
2864 4603 3121 4677 gratioso

2100 4695 2346 4751 Vatatzaa
2377 4694 2450 4750 de
2479 4694 2775 4750 Ducarum
2808 4694 2989 4764 stirpe
3014 4690 3233 4765 genito,

2101 4790 2160 4841 et
2189 4783 2437 4841 oriundo
2468 4784 2612 4839 urbe
2642 4781 3073 4856 Didymoticho,

2104 4872 2535 4946 protovestiarii
2567 4871 2852 4945 dignitate
2881 4874 3109 4928 ornato.

3614 319 3721 375 290

2106 4965 2293 5034 Atque
2325 4962 2460 5018 huic
2489 4977 2655 5018 socer
2683 4960 2941 5017 moriens
2971 4957 3287 5031 imperium
3319 4955 3564 5012 tradidit
3594 4972 3607 5010 :

2106 5050 2233 5124 ipse
2262 5050 2321 5107 in
2354 5050 2663 5123 Hyacinthi
2696 5050 2982 5122 sepelitur
3010 5048 3297 5115 cmnobio,

2111 5139 2298 5196 aetatis
2325 5157 2479 5196 anno
2512 5140 2691 5197 ferme
2718 5137 3234 5211 quinquagesimo,

2110 5229 2510 5302 duodeviginti
2539 5229 2879 5285 dominatus
2910 5244 3118 5283 annos.

2437 5354 2751 5411 JOANNES
2791 5353 3022 5410 DUCAS
3062 5349 3425 5407 VATATZES

2726 5426 2841 5480 AN.
2886 5422 3140 5480 XXXIII.

2113 5536 2204 5592 Sic
2234 5538 2544 5591 assecutus
2570 5533 2826 5590 Joannes
2856 5529 3195 5604 imperium,

2115 5624 2314 5681 statim
2346 5641 2381 5681 a
2410 5622 2746 5696 patriarcha
2774 5626 2863 5678 est
2894 5622 3207 5677 coronatus
