4104 6204
410 335 511 390 291
1633 321 2007 380 npnammu
2043 317 2612 374 CHRONOGRAPHI
3717 318 3840 381 292

416 454 818 523 Emmanuele,
853 451 947 508 cul
979 463 1308 522 cognomen
1343 446 1692 521 philosopho
1725 485 1730 492 ι

417 556 549 622 post
573 548 886 602 Maximum
919 546 1156 598 tenente
1189 557 1422 596 sacrum
1453 539 1756 596 thronum.

416 641 517 696 llle
549 639 821 706 deinceps
853 633 924 688 ad
957 631 1188 704 imperii
1222 630 1482 702 regimen

415 741 656 798 remque
687 723 1004 796 gerendam
1039 720 1332 794 publicam
1365 735 1550 791 gnave
1581 717 1869 774 incubuit.

413 816 541 872 Dux
571 814 724 870 enim
758 815 884 867 erat
913 811 1148 882 sapiens
1180 815 1236 865 et
1265 808 1638 874 consiliosus,

411 903 610 959 animo
644 902 970 957 instructus
1004 897 1183 954 alacri
1216 903 1272 953 et
1301 895 1566 968 audacej

411 993 657 1049 robusto
691 990 928 1045 brachio
959 987 1300 1059 viribusque
1330 986 1610 1058 reliquis;

413 1091 704 1163 pmoipue
734 1095 929 1142 tamen
963 1087 1245 1158 praeditus
1277 1083 1610 1158 prudentia,

409 1185 467 1235 et
493 1177 857 1234 sustinendis
888 1175 1100 1248 prmliis
1125 1173 1592 1228 invictissimus:

409 1284 510 1322 rex
538 1267 729 1322 bonus
756 1265 975 1337 pariter
1005 1263 1366 1334 bellatorque
1397 1267 1677 1316 strenuus
1707 1276 1719 1314 :

410 1356 731 1425 beneﬁcus,
763 1352 1092 1408 misericors
1124 1352 1411 1423 apprime,

408 1444 713 1500 benivolus
743 1443 802 1499 in
836 1442 1105 1498 subditos
1135 1446 1191 1496 et
1223 1439 1712 1512 benignissimus,

410 1527 686 1589 hostibus
713 1530 1142 1594 formidandus,
1178 1527 1592 1595 intolerabilis,

409 1623 696 1678 creditum
731 1618 844 1675 sibi
876 1618 1192 1690 imperium
1225 1617 1544 1688 prudenter
1572 1620 1748 1669 tuens
1781 1629 1795 1668 :

406 1727 579 1766 verus
611 1715 764 1765 recte
796 1709 1083 1762 factorum
1119 1705 1247 1762 fons
1280 1709 1336 1762 et
1360 1705 1696 1772 thesaurus,

407 1806 466 1855 et
496 1815 602 1854 suo
633 1797 1002 1853 consentiens
1036 1793 1281 1865 nomini,
1316 1793 1374 1850 id
1405 1798 1493 1850 est
1517 1792 1811 1867 gratiosus
1843 1807 1856 1847 :

408 1914 653 1969 augens,
683 1895 940 1951 dilatans
970 1894 1210 1949 ditionis
1242 1894 1388 1949 fines

409 1986 610 2055 armis,
643 1985 853 2058 peritia
885 1983 1112 2052 bellica,
1143 1988 1200 2038 et
1230 1982 1500 2049 consilio,

403 2091 637 2148 semper
665 2075 724 2130 in
759 2074 939 2130 aciem
973 2074 1215 2142 ducens,
1251 2072 1581 2145 pugnisque
1609 2086 1941 2137 occurrens,

408 2253 584 2308 urbes
617 2253 873 2308 Romano
902 2251 1207 2306 vindicans
1231 2250 1497 2323 imperio,

408 2342 738 2414 prudentia,
771 2359 927 2410 voce,
961 2358 1161 2410 manu,
1192 2345 1250 2396 et
1277 2340 1482 2396 Martis
1513 2356 1705 2414 opere,

408 2447 557 2502 quas
585 2430 676 2485 vel
712 2430 893 2484 Latini
928 2429 1196 2485 subditas
1227 2429 1339 2484 sibi
1367 2431 1644 2496 fecerant,

403 2519 490 2575 vel
523 2519 620 2574 alii
652 2523 856 2574 contra
886 2519 1114 2590 imperii
1146 2518 1394 2573 rebelles
1425 2517 1632 2590 perﬁdi
1667 2533 1680 2572 :

405 2607 605 2663 mitem
635 2622 980 2677 comamque
1009 2605 1266 2660 indolem
1295 2623 1411 2676 pra:
1442 2622 1504 2662 se
1537 2607 1750 2676 ferens,

401 2697 726 2765 modestus,
758 2696 919 2751 aditu
955 2693 1160 2764 facilis,
1188 2693 1468 2764 liberalis,

401 2787 826 2842 monachorum
862 2800 1132 2840 reverens
1160 2788 1219 2839 et
1243 2784 1639 2854 sacerdotum,

396 2878 704 2950 episcopos
736 2873 1079 2946 angelorum
1116 2874 1304 2930 instar.
1334 2872 1580 2938 habens,

394 2965 539 3021 nihil
570 2965 629 3019 in
662 2963 1078 3020 ecclesiasticis
1113 2965 1440 3018 immutans
1471 2961 1757 3033 moribus,

392 3053 852 3129 apostolicorum
885 3053 1229 3124 dogmatum
1263 3052 1535 3108 laudator

389 3148 870 3214 statutarumque
902 3159 936 3198 a
967 3142 1235 3200 Patribus
1266 3141 1603 3214 regularum
1635 3159 1652 3200 :

389 3242 613 3313 ingenti
645 3242 717 3296 ad
749 3257 842 3295 res
875 3239 1182 3311 praclaras
1214 3240 1544 3296 instructus
1575 3239 1796 3307 animo,

390 3330 562 3398 cujus
596 3330 960 3382 demonstrat
989 3328 1396 3384 liberalitatem

389 3422 711 3488 martyrum
745 3414 1090 3470 salutarium
1123 3416 1450 3470 cmnobium
1488 3415 1703 3484 nobile,

390 3505 540 3575 quod
577 3503 781 3558 mundi
817 3503 1036 3557 dicitur
1065 3503 1273 3558 merito
1301 3503 1680 3560 miraculum.

387 3595 492 3650 Sed
527 3593 681 3650 enim
710 3593 900 3647 brevis
931 3593 1199 3662 quaedam
1231 3593 1528 3650 interdum
1559 3592 1779 3652 nebula

382 3684 670 3741 virtutum
701 3682 830 3752 ejus
863 3681 1046 3736 sulem
1077 3681 1442 3749 infuscabat;

383 3773 604 3830 amoris
634 3771 976 3826 vincebatur
1006 3771 1358 3841 quandoque
1383 3771 1696 3830 illecebris.

383 3864 520 3918 Erat
549 3866 604 3916 et
636 3861 747 3932 ipsi
779 3858 1089 3931 splendida
1118 3859 1226 3914 tori
1257 3860 1418 3918 socia

384 3953 548 4006 Irene
581 3951 758 4005 decus
792 3949 1044 4020 inclytus
1074 3949 1429 4020 reginarum,

387 4057 524 4114 pars
553 4039 774 4110 Optima
805 4038 1088 4110 conjugii,
1120 4039 1336 4095 eximia
1365 4039 1614 4110 indoles,

380 4131 451 4186 ad
486 4145 578 4184 res
609 4128 896 4200 gerendas
924 4127 1133 4184 amula
1162 4127 1517 4195 auxiliatrix,

377 4217 564 4272 virilis
597 4216 809 4271 mulier
831 4216 1036 4270 animi.
1073 4217 1168 4272 Dei
1197 4233 1487 4286 reverens,

377 4305 779 4378 magnanima,
813 4305 1046 4375 pudica,
1081 4305 1308 4361 novella
1337 4307 1577 4376 Debora,

373 4411 539 4466 aque
564 4411 697 4450 cum
729 4395 852 4449 viro
884 4394 1178 4465 publicam
1212 4411 1333 4450 rem
1366 4395 1728 4466 gubernans;

374 4499 698 4556 gravesque
729 4499 926 4539 secum
961 4484 1120 4552 regni
1153 4501 1326 4540 curas
1356 4485 1620 4541 dividens
1655 4503 1669 4542 :

373 4582 594 4637 femina
625 4580 1015 4652 pientissima,
1049 4586 1276 4638 morata
1305 4582 1646 4650 admodum,

375 4675 551 4742 atque
581 4668 887 4724 Amalthea
915 4687 1136 4739 verum,
1171 4674 1236 4725 ut
1263 4671 1452 4737 aiunt,
1485 4687 1686 4728 cornu.

373 4759 559 4828 Hujus
592 4775 739 4829 opus
772 4759 989 4813 mirum
1025 4765 1082 4814 et
1113 4759 1578 4830 pulcherrimum

370 4851 492 4901 arte
522 4846 699 4902 simul
734 4852 792 4901 et
823 4863 1184 4903 marmorum
1216 4848 1492 4906 varietate

368 4934 600 4990 Prusaaa
628 4935 689 4990 in
721 4936 866 4992 urbe
896 4938 1279 4994 Praecursoris
1310 4938 1630 5010 templum;

365 5025 518 5095 quod
555 5025 956 5081 sanctuarium
989 5027 1234 5083 tradidit
1263 5027 1641 5084 incolendum

365 5131 398 5168 a
428 5130 491 5169 se
520 5113 833 5170 fundatum
869 5117 1172 5173 monachis
1205 5117 1426 5190 Deique
1457 5117 1716 5173 famulis.

365 5203 480 5274 Ipsi
515 5203 828 5276 placebant
858 5207 1014 5263 docti
1042 5207 1310 5280 apprime
1336 5207 1628 5276 homines,

364 5293 638 5349 monachi
671 5311 904 5366 quoque
933 5300 990 5351 et
1021 5296 1118 5352 Dei
1153 5297 1508 5367 sacerdotes,

358 5389 415 5439 et
447 5383 791 5440 sublevabat
821 5385 1031 5456 opibus
1069 5387 1226 5442 laute
1256 5402 1491 5458 egenos.

357 5473 430 5526 At
459 5489 595 5527 vero
628 5474 817 5528 Cmsar
842 5491 994 5545 aegro
1029 5475 1248 5530 ferebat
1279 5474 1476 5529 animo

364 5562 655 5616 Romanos
689 5561 844 5616 brevi
879 5563 1033 5618 linea
1064 5562 1369 5620 conclusos
1401 5563 1576 5630 lines,

362 5654 538 5720 atque
571 5651 825 5706 universi
859 5652 1083 5707 vineam
1119 5651 1348 5722 imperii

2093 437 2147 506 Α

2085 1801 2134 1870 Β

2059 3165 2112 3235 C

2054 4530 2102 4598 D

2353 442 2464 495 Τοῦ
2495 437 2816 518 Φιλοσόφου
2845 438 3109 508 Μανουήλ
3141 439 3511 516 κεκλημένου,

2174 532 2317 586 7855
2352 532 2534 591 "Octh
2571 529 2705 602 μετὰ
2733 530 2979 602 Μάξιμον
3013 528 3143 604 ἔσχε
3170 531 3260 586 τὸν
3288 530 3504 607 θρόνον⁸

2351 617 2449 672 Kal
2479 617 2674 674 λοιπὸν
2703 616 2964 696 ὖδράξατο
2990 623 3095 684 τῆς
3126 621 3462 698 κραταρχίας

2350 711 2564 764 Κοινῶν
2592 727 2650 763 τε
2681 708 2892 763 λοιπῶν
2925 708 3252 784 ἀρῥενωπῶς
3285 709 3641 789 πραγμάτων·

2349 797 2448 852 Ἦν
2479 797 2581 872 γὰρ
2611 798 2916 872 στρατηγὸς
2951 799 3194 871 συνετὸς,
3239 798 3618 879 βουληφόρος,

2350 890 2551 960 Ψυχῆς
2582 890 2968 960 παραστήματι
3001 886 3096 941 σὺν
3127 887 3400 962 εὐτολμίᾳ

2169 983 2312 1038 ’7860
2348 981 2537 1058 Ῥώμῃ
2577 983 2889 1058 βραχιόνων
2918 1005 2976 1039 τε
3007 984 3262 1058 σώματος
3294 987 3486 1059 σθένει,

2349 1071 2740 1145 Κοσμοόμενος
2775 1073 3011 1146 μάλιστα
3044 1076 3243 1130 συνέσει
3277 1074 3466 1145 πλέον,

2348 1161 2451 1217 Καὶ
2482 1162 2800 1236 καρτερικὸς
2826 1163 2878 1216 έν
2915 1166 3119 1238 μάχαις
3142 1163 3479 1221 ἀντιπάλων

2349 1250 2518 1321 ’Άναξ
2548 1249 2746 1326 ἀγαθὸς
2775 1251 2865 1307 καὶ
2903 1255 3164 1327 μαχητὴς
3194 1251 3478 1328 γεννάδας,

2349 1339 2697 1415 Εὐεργετικὸς
2727 1339 2815 1396 καὶ
2850 1341 3134 1418 φίλοικτος
3166 1342 3404 1419 ιὶσάγαν,

2169 1431 2310 1484 7865
2348 1429 2640 1499 Ὑπηκόοις
2679 1431 2772 1503 μὲν
2808 1427 3059 1504 εὐμενὴς,
3091 1431 3225 1502 ἡδὺς
3258 1431 3430 1506 μάλα,

2347 1518 2604 1595 Ἐχθροῖς
2637 1518 2694 1575 δὲ
2724 1522 2946 1598 φρικτὸς
2974 1521 3064 1576 καί
3098 1520 3427 1594 δυσάντητος
3461 1523 3574 1594 θέα,

2349 1608 2793 1682 Ηροκινδυνεόων
2822 1611 3147 1689 προφρόνως
3179 1610 3545 1689 κληρουχίας,

2347 1704 2588 1772 Ταμεῖον
2619 1695 2792 1762 ὅντως
2821 1705 2928 1756 τῶν
2962 1701 3498 1776 ἂγαθουργημάτων,

2345 1788 2558 1862 Ὀγτως
2587 1789 2996 1865 χαριτώνυμος,
3022 1784 3208 1854 ἔνθεος
3241 1792 3428 1868 χάρις,

2166 1885 2309 1939 7870
2345 1882 2561 1958 Αὕξων,
2591 1883 2658 1941 π)
2673 1883 2884 1941 ατῦνων
2907 1886 3035 1950 τοὺς
3069 1887 3228 1964 ὅρους
3269 1884 3600 1962 Ῥωμαῖδος,

2343 1973 2604 2046 “Οπλοις,
2637 1975 2988 2054 στρατηγίαις
3017 1997 3078 2034 τε
3107 1976 3198 2034 σὺν
3234 1973 3572 2047 εὖϐουλίαις,

2348 2067 2577 2140 Συχνῶς
2649 2067 3024 2143 στραταρχῶν,
3090 2069 3366 2144 καρτερῶν
3428 2064 3480 2122 ἓν
3540 2076 3660 2132 ταῖς
3721 2067 3842 2144 μᾶ-

3643 2161 3834 2234 [xum

2343 2242 2735 2312 Ἐπανασὼζων
2764 2243 2857 2305 τὰς
2885 2241 3077 2306 πόλεις
3101 2242 3367 2318 Ῥωμαῖδι

2340 2330 2562 2401 Γνώσει,
2595 2331 2767 2409 λόγῳ,
2801 2333 3081 2411 πρᾶγματι
3116 2333 3204 2388 καὶ
3236 2333 3396 2412 πείρᾳ
3429 2336 3642 2412 μάχης,

2160 2419 2304 2474 7875
2340 2422 2442 2482 "Ac;
2477 2421 2563 2498 ὑφ’
2591 2419 2816 2484 ἑαυτοὺς
2843 2421 3106 2493 ὑπέταξαν
3137 2429 3379 2493 Λατῖνοι,

2336 2514 2445 2564 τῶν
2475 2509 2724 2566 Αὐσόνων
2757 2511 2804 2566 τ’
2834 2508 2898 2566 αὖ
2930 2513 2994 2567 οὐ
3026 2513 3214 2576 καλῶς
3237 2514 3558 2570 ἀποστάται·

2339 2599 2610 2673 Προσηνὶς
2645 2600 2983 2655 εὖέντευκτον
3012 2601 3147 2672 ἦθος
3167 2599 3454 2673 δεικνύων,

2337 2687 2590 2762 Μέτριος,
2625 2685 2799 2760 εὐθὺς,
2833 2687 3172 2764 εὖπρόσιτος,
3209 2691 3440 2766 χαρίεις,

2333 2777 2526 2848 Τιμῶν
2560 2778 2839 2854 μοναχοὺς
2870 2779 2959 2833 καὶ
2987 2780 3122 2833 Θεοῦ
3155 2777 3494 2851 θυηπόλους,

2154 2865 2296 2921 7888
2333 2865 2450 2922 Ἰσα
2473 2871 2739 2943 προσεῖχε
2771 2863 2818 2921 δ’
2849 2865 3098 2944 ἀγγέλοις
3129 2868 3472 2946 ἀρχιθῦταις,

2334 2951 2657 3025 Ἐκκλησίας
2687 2951 2849 3032 ἔθιμα
2879 2957 2954 3030 μὴ
2989 2960 3376 3035 παρατρέπων,

2333 3043 2746 3099 Ἀποστολικῶν
2780 3040 3066 3122 δογμάτων
3099 3047 3408 3120 ἐπαινέτης,

2328 3131 2435 3187 Καὶ
2464 3136 2570 3188 τῶν
2604 3138 2878 3208 πατρικῶν
2905 3135 2994 3189 καὶ
3025 3136 3210 3209 νόμων
3238 3140 3346 3192 τῶν
3373 3140 3662 3212 κειμένων,

2329 3221 2559 3295 Γνώμην
2597 3221 2989 3299 μεγαλόψυχον
3024 3224 3078 3278 ἐν
3108 3225 3302 3289 καλοῖς
3333 3223 3501 3306 ἔχωνσ

2149 3319 2292 3376 7885
2329 3321 2536 3396 Δεῖγμά
2563 3341 2615 3374 τι
2647 3323 2810 3397 σαφὲς
2834 3323 2934 3391 τῆς
2967 3318 3409 3401 μεγαλοδωρίας,

2329 3409 2486 3478 Μονή
2521 3406 2962 3488 περιθρύλλητος
2995 3413 3029 3481 ἡ
3061 3416 3170 3468 τῶν
3202 3411 3549 3489 σωσάνδρων,

2325 3497 2393 3553 Ἠ
2428 3495 2640 3570 μᾶλλον
2674 3493 2864 3571 εἶπεῖν,
2897 3501 3076 3574 θαῦμα
3103 3508 3204 3570 τῆς
3234 3501 3588 3576 οἶκουμένης.

2324 3585 2476 3656 Πλὴν
2511 3588 2626 3664 εἶχε
2661 3588 2854 3663 μικρόν
2889 3593 3174 3661 συσκιάζον
3207 3594 3464 3669 βραχέως

2325 3677 2446 3731 Τῶν
2475 3676 2683 3751 ἀρττῶν
2716 3675 2878 3748 ἥλιον
2911 3678 3078 3735 αὐτοῦ
3108 3701 3158 3735 τι
3191 3681 3366 3760 νέφος·

2144 3765 2287 3821 7890
2325 3767 2566 3836 ’Ήττητο
2599 3765 2780 3844 βραχὺ
2811 3774 2911 3837 τῆς
2933 3766 3333 3845 έρωτοληψίας.

2321 3855 2592 3930 Ὑπῆρχιν
2621 3853 2768 3930 αὕτῷ
2796 3859 2887 3912 καὶ
2918 3859 3145 3936 σῦζυγος
3175 3852 3339 3915 ὀλϐία

2322 3943 2532 4020 Εἲρήνη
2569 3943 2797 4020 λαμπρά
2829 3945 3162 4022 βασιλισσῶν
3196 3950 3258 4005 τὸ
3287 3951 3474 4021 κλέος,

2321 4031 2491 4107 Μιρῖς
2521 4034 2696 4109 ἀγαθή
2730 4036 2818 4090 καὶ
2849 4035 3008 4111 φύσις
3034 4035 3257 4110 ἐξαισία,

2319 4124 2533 4196 Βοηθὸς
2563 4121 2906 4198 ἀνθάμιλλος
2939 4126 3014 4189 είς
3043 4129 3111 4182 τὰ
3140 4131 3397 4204 πρακτέα,

2139 4213 2282 4268 7895
2320 4205 2564 4286 Ἀνδρεία
2597 4213 2734 4290 γυνὴ
2767 4213 2857 4268 καὶ
2890 4216 3017 4270 Θεὸν
3047 4212 3389 4294 φοϐουμένη,

2320 4301 2528 4374 Σεμνή,
2565 4300 2976 4380 μεγαλόψυχος,
3009 4301 3155 4376 ἄλλη
3190 4303 3434 4381 Δεϐώρα,

2318 4391 2444 4466 Οὐχ
2472 4392 2638 4459 ἧττον
2667 4388 2862 4468 ἀνδρὸς
2893 4391 3153 4450 διέπουσα
3179 4396 3242 4450 τὸ
3273 4395 3494 4472 κράτος,

2315 4479 2416 4536 Καὶ
2449 4478 2877 4557 συνδιαφέρουσα
2905 4479 3045 4556 τῷδε
3083 4481 3394 4561 φροντίδας,

2312 4565 2673 4644 Πανευλαϐής
2703 4593 2760 4626 τε
2791 4572 3014 4647 κοσμία,
3046 4576 3167 4647 ξένη
3201 4576 3379 4654 φύσις,

2131 4670 2276 4724 7900
2313 4665 2488 4742 Κέρας
2516 4667 2845 4742 Ἀμαλθείας
2874 4693 2932 4728 τε
2963 4678 3167 4750 σαφῶς,
3210 4675 3286 4738 ὡς
3313 4675 3504 4751 λόγος,

2313 4759 2412 4820 Ἧς
2447 4755 2604 4836 ἔργον
2637 4759 2926 4837 ἀμήχανον
2963 4763 3038 4825 εἰς
3065 4763 3308 4828 κάλλους
3343 4767 3533 4842 Λόγον,

2309 4847 2612 4923 Εὖτεχνίας
2642 4869 2701 4904 τε
2735 4851 3041 4927 μαρμάρων
3074 4854 3382 4927 ποικιλίας,

2305 4937 2368 4994 Ὁ
2397 4934 2728 5012 Προδρόμου
2759 4936 3054 5003 κάλλιστος
3084 4941 3136 4996 έν
3167 4943 3390 5018 Προύσῃ
3417 4941 3617 5018 δόμος,

2305 5028 2402 5085 Ὃν
2431 5025 2508 5090 εἷς
2536 5032 2781 5100 σεμνεῖον
2812 5027 3133 5106 καθίδρυσιν
3158 5030 3360 5098 ἆνθέως

2127 5117 2271 5172 7905
2307 5115 2676 5192 Μονοτρόπων
2710 5115 2767 5172 εὖ
2787 5117 2877 5176 καὶ
2911 5117 3221 5196 λατρευτῶν
3253 5123 3482 5196 Κυρίου.

2304 5205 2450 5275 Αὕτη
2485 5203 2666 5281 λόγων
2699 5204 2918 5283 ἔστεργε
2941 5210 3181 5286 πατέρας
3207 5211 3378 5284 μάλα,

2306 5294 2695 5370 Μονοτρόπους
2727 5296 2791 5352 αὗ
2820 5298 2908 5353 καὶ
2943 5303 3077 5355 Θεοῦ
3109 5301 3446 5371 θυηπόλους,

2303 5384 2406 5438 Καὶ
2439 5381 2547 5436 τῶν
2579 5385 2829 5454 πενήτων
2862 5388 2927 5457 ἦν
2958 5389 3258 5466 χορηγέτις
3290 5389 3439 5462 ξένη.

2307 5475 2398 5543 Τῷ
2425 5468 2470 5524 δ’
2499 5470 2598 5526 οὐκ
2629 5473 2843 5528 ἀνεκτὸν
2875 5478 2939 5546 ἦν
2977 5476 3199 5552 βλέπειν
3234 5480 3568 5559 στεφηφόρῳ

2127 5563 2270 5620 7910
2309 5559 2453 5622 Τοὺς
2483 5560 2829 5635 Ῥωμαϊκῶς
2862 5564 3330 5644 εὐπιριγράπτους
3361 5570 3548 5645 ὅρους,

2303 5652 2408 5720 Τὴν
2439 5645 2685 5722 ἄμπιλόν
2715 5673 2774 5707 τε
2801 5661 2903 5723 τῆς
2931 5655 3068 5725 ὅλης
3099 5658 3438 5734 κραταρχίας
