4104 6204
353 244 463 300 295
1565 238 1935 291 ΕΡΗΒΒΜΙΙ
1973 261 1974 270 ι

2155 234 2545 291 DNOGRAPHI
3654 233 3776 289 296

358 388 537 444 quam
571 370 641 425 de
674 367 872 424 Latino
900 362 1102 419 retulit
1125 360 1400 429 exercitu,

356 475 699 532 compressa
727 455 990 511 hostium
1024 452 1256 508 tumida
1286 449 1586 522 superbia,

363 550 539 604 urbes
570 563 704 603 cum
738 542 1048 600 territoriis
1080 540 1407 612 occupavit,

358 636 645 692 Lentiana
668 632 871 690 statim
903 635 1084 703 atque
1114 633 1548 697 Poemanenum,

357 723 679 779 Charioron
706 720 917 777 deinde
946 725 1003 775 et
1035 718 1440 777 Vervenicum.

358 812 521 868 Idem
553 812 867 885 longarum
901 808 1140 865 navium
1174 808 1362 864 classe
1394 806 1705 873 instructo,

337 901 611 957 -multam
649 899 867 956 Latinis
895 897 1191 971 praebebat
1220 895 1551 952 molestiam

358 989 522 1061 ipsos
554 988 900 1061 aggrediens
930 990 1091 1042 terra
1120 986 1389 1056 marique
1419 982 1655 1055 saepius,

362 1080 591 1151 praedas
618 1080 939 1145 abducens,
975 1093 1079 1148 pro
1110 1075 1332 1132 viribus
1364 1079 1644 1140 atterens,

358 1261 536 1317 urbes
567 1259 805 1315 illorum
830 1258 1008 1314 armis
1039 1257 1440 1328 intercipiens,

359 1368 510 1424 quas
539 1351 691 1407 inter
719 1350 1019 1422 Madytum
1050 1353 1106 1404 et
1137 1345 1511 1418 Calliupolin,

359 1456 496 1496 cum
527 1437 922 1510 circumjectis
954 1436 1122 1508 pagis
1152 1452 1218 1491 ac
1247 1434 1581 1490 territoriis.

358 1530 544 1600 Atque
576 1527 635 1582 in
668 1527 761 1582 his
794 1526 964 1581 bellis
995 1526 1138 1581 dum
1168 1530 1433 1579 versatur
1464 1522 1675 1589 Caesar,

361 1614 434 1672 ab
465 1614 797 1670 Andronico
826 1613 1048 1685 patitur
1078 1611 1326 1667 insidias

356 1701 641 1773 patruelis
674 1700 813 1767 (ilio,
846 1700 1137 1770 Nestongo
1169 1698 1347 1765 dicto,

355 1791 457 1861 qui
490 1791 829 1860 conjuratos
858 1788 1067 1844 habuit
1098 1786 1252 1843 viros
1284 1785 1510 1842 nobiles

349 1880 585 1935 fratrem
613 1878 891 1947 Isacium,
928 1886 1101 1949 alque
1129 1875 1589 1931 Tarchaniotam

348 1968 749 2041 Synadenum,
781 1971 839 2023 et
870 1965 1288 2035 Phlamulium,
1322 1969 1381 2020 et
1413 1963 1739 2019 Macrinum

349 2055 793 2111 haateriarcham
828 2070 1131 2126 magnum,
1166 2052 1433 2125 aliosque
1463 2051 1682 2124 plures.

355 2145 435 2200 Re
465 2145 699 2217 cognita
729 2144 1069 2217 imperator,
1106 2148 1364 2199 cremata
1395 2142 1605 2210 classe,

352 2232 527 2289 celeri
558 2249 731 2287 cursu
765 2250 823 2288 se
858 2233 1075 2304 recepit
1104 2232 1361 2303 Ochyras
1395 2246 1410 2287 :

351 2320 454 2376 ubi
485 2320 871 2392 quaestionem
907 2322 978 2377 de
1005 2321 1241 2394 negotio
1274 2320 1618 2389 instituens,

354 2410 662 2478 praedictos
692 2409 875 2480 culpa
908 2411 1124 2481 reperit
1156 2410 1389 2466 afﬁnes.

354 2500 543 2564 Quare
574 2498 938 2569 Nestongum
973 2499 1237 2569 primarii
1271 2499 1350 2554 rei
1388 2499 1651 2568 fratrem,

356 2587 806 2657 Macrinumque
838 2586 1040 2653 simul,
1074 2586 1347 2642 multavit
1375 2586 1562 2642 oculis
1596 2604 1609 2641 :

362 2675 511 2731 alios
544 2674 817 2742 inclusit;
850 2676 1256 2731 Andronicum
1290 2676 1505 2747 pariter

358 2764 570 2821 vinclis
602 2765 919 2836 Magnesia:
950 2765 1400 2821 custodiendum
1431 2764 1696 2835 tradidit,

360 2854 517 2910 unde
547 2854 598 2909 is
626 2854 866 2926 elapsus
896 2854 1043 2909 abiit
1071 2854 1143 2910 ad
1176 2855 1415 2911 Turcas.

359 2942 439 2998 Ex
471 2941 570 2999 illo
603 2947 799 2999 autem
827 2947 1089 3015 tempore
1122 2944 1442 3016 imperator

358 3034 605 3089 armatis
637 3050 699 3090 se
728 3033 1076 3091 custodibus
1106 3035 1537 3106 circumsepsit,

357 3123 430 3179 ob
462 3124 724 3195 corporis
756 3123 998 3180 tutelam
1032 3128 1210 3196 atque
1238 3124 1387 3193 vitas,

363 3212 588 3269 omissa
612 3214 736 3283 jam
770 3213 962 3285 priore
991 3212 1268 3269 facilitate

363 3298 653 3370 simplicis
686 3301 868 3356 moris
894 3306 951 3356 et
980 3300 1182 3372 procul
1214 3301 1573 3374 suspicione.

365 3391 557 3458 Atque
588 3388 658 3443 ad
694 3388 802 3443 hoc
834 3389 1012 3444 etiam
1042 3390 1394 3460 adjutricem
1428 3390 1657 3458 habuit,

366 3475 480 3530 tori
514 3480 844 3531 consortem
876 3482 934 3532 et
963 3476 1095 3532 vitae
1122 3477 1481 3548 subsidium,

363 3563 517 3618 virili
552 3565 857 3636 praeditam
892 3564 1104 3637 spiritu
1138 3566 1398 3638 reginam

365 3657 546 3725 atque
577 3652 758 3724 regali
788 3654 861 3708 ad
894 3670 985 3709 res
1016 3656 1302 3726 gerendas
1334 3655 1554 3723 indole,

364 3745 614 3809 Irenem,
648 3758 851 3813 parem
881 3743 1129 3810 nomini,
1162 3748 1456 3800 auctorem
1491 3746 1673 3817 pacis.

358 3830 490 3886 Jarn
523 3846 660 3885 cum
695 3830 879 3886 Italici
913 3838 1223 3889 cernerent
1251 3833 1458 3889 inutile

367 3937 400 3975 a
430 3935 493 3975 se
523 3923 865 3991 susceptum
901 3920 1119 3976 bellum
1153 3926 1355 3978 contra
1384 3923 1688 3993 Caesarem,

365 4008 529 4080 pacis
562 4024 699 4063 cum
734 4008 861 4080 ipso
894 4009 1084 4066 fmdus
1116 4011 1471 4084 pepigerunt
1503 4030 1517 4069 :

365 4100 425 4151 et
454 4097 597 4152 urbe
629 4097 865 4168 quidem
902 4097 1071 4171 Pegis
1100 4106 1477 4156 excesserunt

364 4189 539 4256 atque
570 4184 702 4241 aliis
739 4185 974 4257 oppidis
1003 4188 1431 4261 territorisque,

367 4276 656 4345 quotquot
687 4275 759 4329 ad
794 4279 1077 4331 Austrum
1113 4278 1284 4335 nobis
1314 4283 1481 4335 erant
1511 4280 1736 4353 posita:

369 4362 472 4418 sed
507 4361 797 4418 borealem
832 4363 1091 4435 Byzantii
1122 4364 1398 4423 viciniam

374 4450 769 4521 retinuerunt,
801 4468 932 4508 cum
965 4453 1248 4527 Bithynia;
1281 4457 1573 4528 partibus.

368 4538 658 4612 Deinceps
688 4556 820 4596 vero
850 4542 1017 4612 quies
1046 4559 1080 4597 a
1108 4543 1279 4600 bellis
1304 4550 1448 4601 erat.

372 4628 491 4683 Hoc
525 4644 720 4684 rerum
753 4632 935 4698 statu,
968 4629 1122 4688 cives
1154 4632 1491 4691 Orestiados

370 4715 612 4773 mittunt
644 4717 715 4773 ad
749 4718 1036 4775 Caesarem
1067 4720 1421 4794 legationem
1451 4725 1803 4798 supplicem,

368 4805 537 4861 valde
568 4811 845 4877 rogantes
880 4811 943 4863 ut
973 4809 1279 4867 submisso
1310 4813 1564 4871 exercitu

368 4893 636 4966 ipsorum
672 4896 879 4951 urbem
911 4899 1073 4969 gravi
1104 4899 1446 4959 Latinorum

373 4986 631 5056 ereptam
655 4984 801 5057 jugo
830 4985 1087 5044 libertati
1120 4989 1408 5048 redderet.

376 5075 433 5131 Is
463 5090 598 5146 ergo
628 5092 764 5132 cum
797 5078 1056 5135 exercitu
1090 5081 1291 5138 statim
1325 5083 1487 5140 misit

376 5167 860 5235 protostratorem
892 5169 1042 5224 Isem
1074 5174 1134 5225 et
1162 5173 1581 5245 Cammytzem,

375 5252 478 5324 qui
511 5255 805 5327 progressi
836 5254 999 5322 illuc,
1032 5258 1091 5314 in
1122 5260 1329 5316 urbem
1363 5262 1531 5318 facile

376 5343 580 5414 pronis
609 5344 829 5417 excepti
862 5346 1012 5403 votis
1045 5353 1449 5419 penetrarunt.

449 5487 572 5573 (19).
601 5488 1167 5573 Acropolitatribuit
1196 5491 1305 5573 hoc
1335 5509 1657 5573 cpgnomen
1688 5496 2025 5570 Synadeno;

414 5561 441 5611 t
469 5556 835 5629 Ephraemius
864 5561 1095 5617 videtur
1125 5562 1309 5619 Isacio
1343 5556 1503 5621 dare.

2036 362 2091 428 Α
2296 361 2408 428 Τὴν
2439 363 2545 414 τῶν
2580 357 2803 417 Ἰταλῶν
2836 358 3089 434 στρατιὰν
3121 357 3257 413 κατὰ
3283 356 3506 433 κράτος,

2293 449 2396 503 Καὶ
2426 445 2670 511 καθελὼν
2701 452 2851 526 σφῶν
2882 449 2971 503 τὸν
3009 446 3399 523 μεγαλόψυχον
3430 446 3623 525 τόφον,

2293 538 2447 609 ’ᾘρει
2474 534 2669 599 πόλεις
2699 538 2886 613 χώρας
2913 558 2973 592 τε
2999 542 3121 600 ταῖς
3152 535 3530 610 στρατηγίαις,

2291 626 2552 680 Λεντιανά
2578 646 2637 680 τε
2667 627 3020 700 Ποιμανηνὸν
3050 624 3268 697 αὐτίκα,

2113 714 2255 768 7975
2292 714 2389 766 Καὶ
2418 708 2739 785 Βερϐενίκον
2771 715 2861 769 καὶ
2887 713 3158 790 Χαρίορον
3191 710 3387 771 πάλιν.

2292 802 2609 874 Ηηξάμενος
2644 800 2700 857 δὲ
2729 802 2820 857 καὶ
2850 808 2982 858 νεῶν
3014 807 3236 877 μακρῶν
3270 800 3467 857 στόλον

2290 895 2529 966 Παρεῖχε
2558 890 2747 946 πολλὰ
2777 892 3076 967 πράγματα
3104 896 3221 954 τοῖς
3254 892 3532 961 Λατίνοις,

2292 979 2388 1036 Ἐκ
2413 985 2516 1055 γῆς
2549 979 2716 1035 ἐπιὼν
2745 980 2835 1035 καὶ
2868 978 3149 1050 θαλάσσης
3189 977 3489 1052 πολλάκις,

2294 1068 2397 1127 Καὶ
2458 1072 2591 1146 σφᾶς
2650 1068 2928 1124 σκυλεόων
2978 1068 3067 1124 καὶ
3117 1074 3298 1131 κακῶς
3339 1066 3482 1144 δρῶν
3529 1069 3605 1131 ὡς
3653 1072 3790 1134 σθὲ-

3569 1162 3705 1232 [νος,

2113 1246 2256 1302 7980
2296 1246 2401 1303 Καὶ
2430 1246 2524 1307 τὰς
2558 1246 2647 1302 ὑπ’
2678 1247 2876 1311 αὐτοὺς
2905 1241 3352 1322 παραλαμϐάνων
3385 1246 3605 1320 πόλεις,

2294 1331 2549 1391 Μάδυτον
2582 1334 2695 1391 εἷλε
2720 1336 2809 1391 καὶ
2842 1334 3004 1391 πόλιν
3031 1336 3132 1404 τὴν
3158 1333 3404 1392 Καλλίου

2293 1422 2398 1478 Σὺν
2420 1430 2537 1487 τοῖς
2568 1425 2718 1500 πέριξ
2753 1425 2917 1481 ἅπασι
2950 1424 3183 1501 χωρίοις
3205 1424 3421 1494 τόποις,

2295 1511 2533 1574 Ταύταις
2564 1517 2918 1587 κρατοῦντος,
2949 1508 3387 1589 ἐμϐραδύνοντος
3420 1512 3650 1587 μάχαις,

2292 1600 2591 1657 Καττύιταί
2627 1603 2679 1656 οἱ
2706 1604 2833 1677 παρ’
2866 1599 3215 1678 Ἀνδρονίκου
3242 1603 3418 1677 λόχος

2039 1728 2086 1791 Β
2114 1692 2256 1747 7985
2294 1688 2753 1791 Πρωτεξαδέλιρου
2784 1688 3087 1791 Νεστόγγου
3116 1712 3177 1765 γε
3204 1688 3537 1763 τοῦπίκλην,

2295 1778 2625 1857 Συνίστορας
2655 1778 2877 1856 ἔχοντος
2909 1778 3107 1855 ἄνδρας
3139 1779 3411 1853 ἐντίμους,

2295 1872 2558 1926 Ἰσαάκιον
2589 1869 2848 1944 σύναιμον
2875 1869 3274 1946 Ταρχανιώτην
3308 1871 3422 1943 (79)

2295 1962 2397 2019 Καὶ
2429 1960 2738 2032 Συναδηνὸν
2768 1961 2858 2017 καὶ
2890 1958 3254 2034 Φλαμοόλιον
3297 1960 3484 2036 μέγαν,

2293 2051 2709 2127 Ἑταιρειάρχην
2741 2052 3058 2125 Μακρηνὸν,
3092 2048 3234 2105 ἄλλο
3266 2055 3479 2126 στῖφος⁹

2114 2145 2256 2199 7990
2291 2143 2353 2195 Ὃ
2381 2141 2546 2217 γνοὺς
2580 2140 2839 2216 βασιλεὺς
2866 2140 2954 2195 καὶ
2988 2138 3119 2215 πυρὶ
3153 2136 3279 2201 δοὺς
3308 2139 3400 2193 τὸν
3435 2138 3631 2195 στόλον

2296 2230 2436 2305 Πρὸς
2466 2229 2563 2292 τὰς
2593 2229 2834 2305 Ὀχυρὰς
2864 2231 2977 2303 (80)
3006 2229 3106 2297 τὴν
3137 2224 3300 2283 πόλιν
3331 2227 3655 2304 ἀποτρέχει·

2292 2319 2460 2377 Κάκεῖ
2484 2319 2548 2374 τὸ
2576 2325 2805 2395 πρᾶγμα
2834 2316 2960 2380 δοὺς
2992 2317 3212 2393 ἐτασμῷ
3240 2317 3327 2372 καὶ
3359 2317 3536 2394 κρίσει

2293 2410 2647 2474 Ὑπευθύνους
2680 2409 2877 2485 εὕρηκε
2903 2409 3033 2471 τοὺς
3064 2407 3409 2482 εῗρημένους.

2296 2498 2394 2554 Καὶ
2424 2498 2730 2574 Νεστόγγον
2761 2497 2856 2571 μὶν
2890 2497 3152 2574 σύγγονον
3171 2500 3557 2573 πρωτεργᾶτου

2113 2588 2257 2642 7995
2295 2585 2397 2643 Καὶ
2425 2586 2518 2641 τὸν
2544 2585 2835 2661 Μακρηνὸν
2867 2584 3148 2661 ἰστέρησεν
3182 2586 3474 2659 ὀμμάτων*

2294 2675 2575 2751 Καθεῖρξεν
2606 2672 2831 2738 ἄλλους’
2863 2675 2955 2729 τὸν
2989 2671 3036 2728 δ’
3070 2671 3419 2749 Ἀνδρόνικον
3447 2672 3614 2729 πάλιν

2294 2761 2500 2838 Εἷρκτῇ
2532 2760 2900 2839 παραδίδῶσιν
2928 2762 2979 2817 ἐν
3014 2761 3300 2838 Μαγνησίᾳ

2295 2852 2410 2928 Ἀφ’
2440 2852 2507 2920 ἧς
2539 2848 2781 2927 ἀποδρὰς
2811 2847 2977 2926 ᾤχετ’
3009 2851 3085 2915 είς
3112 2853 3213 2922 τήν
3247 2849 3504 2926 Περσίδα.

2291 2942 2387 2999 Ἐκ
2412 2937 2563 2995 τοῦδ’
2594 2941 2770 3012 ἑαυτῷ
2800 2940 2995 2995 Λοιπὸν
3033 2940 3061 2994 ὁ
3092 2941 3434 3019 στεφηφόρος

2117 3032 2259 3087 8000
2299 3028 2582 3105 Φρουροὺς
2608 3030 2930 3101 περιέστησε
2956 3028 3047 3084 καὶ
3081 3028 3415 3107 ξιφηφόρους

2298 3118 2443 3195 Πρὸς
2471 3116 2721 3197 φυλακὴν
2754 3119 3008 3192 σώματος
3039 3118 3075 3188 ἢ
3118 3117 3415 3193 σωτηρίαν,

2296 3207 2641 3284 Ἐλευθερίας
2668 3214 2769 3278 τῆς
2800 3207 2927 3284 πρὶν
2966 3205 3398 3281 ἐκλελησμένος,

2294 3303 2401 3368 Τῆς
2435 3298 2479 3351 θ’
2514 3294 2788 3367 ἆπλοϊκῆς
2824 3298 3016 3373 βιοτῆς
3042 3303 3142 3367 τῆς
3176 3295 3428 3373 ἀτέχνου.

2296 3387 2481 3460 Ἐχων
2520 3385 2718 3459 βοηθὸν
2750 3385 2841 3439 καὶ
2873 3386 3120 3461 συνεργὸν
3154 3383 3230 3439 είς
3256 3382 3382 3439 τόδε

2116 3476 2259 3531 8005
2298 3473 2573 3530 Κοινωνὸν
2609 3473 2766 3543 εὐνῆς
2796 3472 2885 3528 καὶ
2922 3474 3128 3549 βοηθὸτ
3159 3477 3258 3528 τοῦ
3292 3474 3416 3548 βίου

2299 3563 2413 3631 Τὴν
2446 3560 2757 3637 ἀρρενωπὸν
2791 3560 2948 3634 λῆμα
2978 3559 3463 3635 προσ-κεκτημένην

2299 3649 2462 3711 Ἦθός
2492 3671 2550 3704 τε
2580 3648 2857 3725 βασίλειον
2888 3649 2941 3705 ἰν
2970 3656 3090 3713 τοῖς
3118 3651 3409 3724 πρακτέοις

2300 3738 2535 3815 Εἰρήνην
2574 3738 2895 3815 βασίλισσαν
2925 3739 3151 3815 εἰρήνης
3177 3738 3323 3795 δότιν

2299 3828 2647 3906 Ἀσύμιρορον
2675 3828 2956 3904 κρίναντες
2987 3829 3175 3892 αὐτοῖς
3206 3828 3497 3906 τυγχάνειν

2122 3921 2265 3976 8010
2300 3918 2469 3989 Ἰστᾷν
2502 3917 2707 3975 Ἰταλοὶ
2738 3919 2875 3992 πρὸς
2909 3917 3139 3995 βασιλέα
3172 3920 3377 3994 μάχας,

2304 4008 2585 4073 Συνῆλθον
2618 4007 2766 4079 αὖτῷ
2796 4002 3094 4081 συμϐάσεις
3126 4006 3468 4085 δεδρακότες,

2304 4096 2409 4153 Καὶ
2439 4093 2772 4170 παραδόντες
2803 4094 2935 4152 ἄστυ
2967 4098 3162 4174 Πηγῶν
3197 4097 3416 4161 εὐθέως·

2303 4186 2511 4249 Ἔπειθ’
2542 4186 2895 4247 ὑπεκστάντες
2929 4183 2985 4240 δὲ
3015 4191 3216 4263 χωρῶν
3245 4184 3447 4241 ἀστέων

2303 4280 2419 4330 Τῶν
2451 4276 2587 4347 πρὸς
2615 4273 2773 4330 νότον
2801 4296 2865 4351 γε
2892 4276 3152 4350 κειμένων
3181 4276 3512 4352 κράταρχίᾳ·

2132 4368 2276 4422 8015
2310 4366 2433 4421 Τῶν
2466 4361 2513 4418 δ’
2544 4364 2607 4419 αὗ
2636 4365 2773 4438 πρὸς
2805 4363 3000 4440 ἄρκτον
3033 4364 3270 4437 πλησίον
3302 4362 3653 4435 Βυζαντίδος,

2052 4435 2102 4499 1)
2306 4454 2425 4510 “Et:
2451 4435 2771 4528 κρατοῦντες
2800 4435 2893 4508 συν
2925 4435 3175 4517 Βιθυνίας
3204 4454 3421 4515 τόποις.

2313 4542 2411 4597 Καὶ
2444 4542 2640 4597 λοιπὸν
2676 4542 2815 4611 ὑπῆν
2845 4543 3106 4618 ἀνακωχὴ
3136 4549 3239 4613 τῆς
3271 4544 3477 4619 μάχης

2312 4630 2500 4693 Οὕτως
2530 4628 2797 4705 ἐχόντων,
2830 4631 2904 4693 ὡς
2933 4630 3090 4710 ἔφην,
3120 4637 3229 4688 τῶν
3257 4632 3625 4708 πραγμάτων,

2307 4719 2610 4795 Οἷκήτορες
2641 4718 2935 4776 στέλλουσι
2966 4722 3103 4796 πρὸς
3144 4719 3371 4797 βασιλέα

2133 4810 2275 4866 8020
2312 4804 2658 4885 Ὀρεστιάδος
2693 4806 3061 4883 λιπαροῦντας
3088 4810 3291 4878 ἱκέτας,

2310 4898 2398 4960 Ὠς
2429 4894 2488 4951 ἂν
2518 4895 2806 4969 σταλείσης
2838 4903 3110 4974 στρατιᾶς,
3139 4899 3348 4955 τούτων
3375 4897 3541 4959 πόλις

2315 4986 2608 5062 Ἐλευθέρα
2634 4986 2847 5064 γένοιτο
2882 4989 3070 5065 χειρὸς
3102 4988 3342 5045 Λατίνων

2312 5080 2460 5134 Μετὰ
2490 5083 2744 5154 στρατιᾶς
2772 5084 3066 5155 τοιγαροῦν
3097 5082 3301 5155 πέμπει
3331 5078 3504 5155 τάχος

2312 5168 2457 5236 Ἰσῆν
2487 5168 2965 5245 πρωτοστράτωρα
2989 5168 3081 5224 σὺν
3111 5174 3190 5242 τῷ
3221 5168 3549 5244 Καμμὺτζῃ,

2138 5258 2281 5314 8025
2318 5254 2387 5314 OT
2414 5256 2513 5325 τὴν
2546 5254 2709 5311 πόλιν
2744 5258 3064 5334 φθάσαντες,
3097 5254 3247 5314 ἔνδον
3279 5257 3510 5334 τειχέων

2321 5342 2394 5402 Εὖ
2423 5341 2853 5419 προσδεχθέντες
2884 5344 3206 5421 εἰσέδραμον
3233 5348 3507 5423 ἀσμένως.

2038 3079 2083 3147 C

2138 5500 2321 5629 b.t(80)
2355 5500 2471 5555 Hoc
2504 5514 2717 5555 nomen
2747 5517 2799 5556 v.
2832 5502 2992 5570 7757,
3025 5503 3311 5574 singulari
3353 5523 3600 5565 numero
3653 5516 3846 5571 seri-

2182 5589 2199 5627 ι
2232 5589 2320 5627 ur.

2182 5589 2320 5627 ιῐυτ.
