4104 6204
288 320 416 374 297
1849 326 1909 381 Ci

1849 326 2214 381 CESARES.

502 447 652 502 Ἑπεί
685 443 745 500 δὲ
777 444 1058 521 Θεόδωρος
1095 446 1374 520 ’Λγγέλων
1408 448 1597 521 γένους

503 533 714 609 Σχεδὸν
750 541 1002 611 κατῆρχε
1034 534 1371 598 Μακεδονίας
1405 536 1565 608 ὅλης,

498 626 613 692 Τῆς
647 625 898 699 γείτονος
930 624 1148 697 Θράκης
1179 646 1238 679 τε
1270 624 1363 678 σὺν
1392 631 1508 687 τοῖς
1540 624 1746 697 κύκλῳ,

303 723 463 778 8030
502 724 667 778 ’Ἄνευ
698 719 973 790 Ῥοδόπης
1007 720 1274 797 Ἀχριδοῦ
1304 721 1625 779 Μελενίκου·

499 812 721 868 Τούτων
756 812 863 886 γάρ
895 812 1040 885 ἦρχε
1073 806 1323 874 Σθλάϐος
1356 811 1768 884 ὠνομασμένος,

500 902 579 957 Οὗ
610 902 676 954 τά
708 902 824 955 κατ’
856 900 1015 955 αὑτὸν
1049 900 1217 973 ἐξερεῖ
1248 903 1389 976 τάχα
1423 899 1607 974 λόγος·

499 989 651 1047 Ἐπεὶ
684 996 961 1065 κατῆρχεν
996 989 1054 1044 ἐκ
1084 989 1385 1052 Θεσσαλίας
1418 991 1574 1064 ἄρας,

500 1080 610 1147 Τὴν
644 1076 935 1153 Ἀδριανοῦ
965 1074 1377 1151 καταλαμϐάνει
1408 1078 1592 1149 πόλιν,

302 1172 461 1226 8035
502 1168 599 1222 Καὶ
632 1164 788 1236 τῆσδ’
827 1168 1061 1242 ύπῆρξεν
1097 1166 1361 1243 ἐγκρατὴς
1394 1169 1697 1245 συμφωνίᾳ·

502 1254 780 1326 Ἐξηλάθη
813 1260 941 1331 γοῦν
979 1256 1203 1331 στρατιᾶ
1237 1254 1505 1331 βασιλέως

504 1348 695 1398 Κακῶν
728 1344 965 1414 ἀπαθὴς,
995 1343 1085 1397 καὶ
1114 1342 1301 1419 τρέχει
1333 1344 1469 1419 πρὸς
1506 1345 1604 1412 τὴν
1634 1341 1727 1399 ἕω.

496 1432 656 1490 Οὕτω
686 1434 979 1508 κατασχὼν
1016 1430 1298 1504 Θεόδωρος
1326 1433 1423 1501 τὴν
1462 1431 1652 1503 πόλιν,

498 1524 616 1577 Ἀεὶ
650 1528 884 1597 παρεῖχε
915 1524 1208 1598 πράγματα
1236 1528 1351 1583 τοῖς
1381 1522 1651 1590 Λατίνοις,

305 1623 462 1678 8040
498 1622 610 1683 Τὰς
643 1624 789 1696 σφων
821 1618 1099 1673 σκυλεύων
1131 1621 1220 1673 καὶ
1251 1619 1602 1695 κατατρέχων
1635 1619 1847 1681 πόλεις.

506 1708 747 1778 Ἐπῆλθε
783 1710 877 1781 μὲν
914 1708 1083 1783 Βιζύῃ
1120 1708 1359 1763 Λατίνων
1394 1708 1576 1781 πόλει,

503 1800 645 1869 Πρὸς
678 1796 724 1852 δ’
756 1799 819 1852 αὗ
850 1818 908 1871 γε
938 1798 1129 1872 Βρύσει
1161 1799 1397 1872 χωρίοις
1430 1800 1477 1861 θ’
1510 1798 1798 1870 ὑπηκόοις,

501 1889 605 1945 Καὶ
637 1907 811 1942 πάντα
840 1889 1034 1960 πορθεῖ
1064 1888 1153 1940 καὶ
1184 1885 1432 1942 σκυλεύει
1461 1888 1529 1942 τὰ
1552 1888 1726 1961 πέριξ·

502 1975 905 2049 Ἑπιστρατεύει
934 1977 1022 2029 καὶ
1060 1975 1227 2050 μέχρι
1261 1975 1615 2046 Βυζαντίδος,

308 2070 464 2123 8045
504 2067 604 2120 Καὶ
634 2072 753 2128 τοῖς
784 2065 1019 2126 Ἰταλοῖς
1054 2064 1319 2132 ἐντίθησιν
1352 2061 1579 2119 δειλίαν.

505 2154 680 2218 Οὗτος
709 2156 846 2228 πρὸς
881 2156 1037 2210 Ἀσᾶν
1067 2154 1158 2209 τὸν
1190 2158 1490 2229 κρατοῦντα
1524 2153 1855 2228 Βουλγάρων

508 2242 757 2306 Σπονδᾶς
783 2243 946 2311 ἔθηκε
986 2238 1282 2315 συμϐάσεις
1313 2245 1359 2297 τ’
1386 2243 1717 2315 ἐνωμότους·

505 2335 659 2391 Ἀσᾶν
691 2332 739 2387 δ’
772 2334 1019 2408 ὑπῆρχεν
1054 2331 1217 2396 οὗτος»
1238 2334 1354 2391 υἱός
1388 2334 1583 2403 Ἀσάνη

422 2490 431 2496 ,
504 2427 618 2480 Τοῦ
650 2422 988 2496 Βουλγάρων
1024 2424 1276 2497 ἄρξαντος
1319 2418 1622 2495 ἔμπροσθεν
1656 2422 1882 2496 χρόνου·

316 2516 473 2570 8050
510 2515 702 2574 ’Όστις
733 2514 987 2574 θανόντος
1018 2510 1159 2582 τῷδε
1188 2509 1283 2564 τοῦ
1314 2511 1683 2586 φυτοσπόρου,

506 2604 603 2656 Καὶ
636 2600 734 2656 τοῦ
769 2600 977 2676 Βορίλα
1009 2598 1342 2675 Βουλγάρων
1377 2600 1608 2675 σχόντος
1637 2604 1856 2675 κράτος,

507 2693 759 2765 Καθάπερ
791 2691 1047 2764 ἱστόρησε
1078 2691 1282 2766 φθάσας
1319 2710 1410 2760 μοι
1444 2689 1627 2765 λόγος,

503 2781 693 2855 Φυγάς
723 2777 931 2853 ἀπέδρα
963 2779 1101 2852 πρὸς
1133 2779 1342 2839 Σκύθας
1376 2780 1749 2854 παριστρίους·

504 2872 635 2927 Εἶτα
667 2869 930 2932 Σκυθικὸν
967 2869 1229 2924 Ῥωσικὸν
1262 2862 1444 2921 λαϐὼν
1489 2867 1697 2945 στίφος,

314 2975 468 3028 8055
511 2968 962 3044 Ἐπιστρατεύσάς
992 2966 1071 3039 τῷ
1101 2972 1387 3042 κρατοῦντι
1426 2965 1629 3042 Βορίλᾳ

510 3057 888 3117 Ἀνακαλεῖται
919 3058 1020 3125 τὴν
1049 3059 1253 3132 πατρὸς
1278 3056 1648 3132 κληρουχίαν·

511 3150 611 3207 Καὶ
644 3150 779 3203 κατὰ
814 3146 998 3222 μάχην
1034 3146 1395 3217 συμπλακεὶς,
1427 3150 1618 3201 τοῦτον
1650 3147 1854 3220 τρέπει,

506 3238 683 3294 Έλών
718 3259 774 3291 τε
803 3235 1005 3313 τυφλοῖ
1034 3237 1123 3289 καὶ
1157 3240 1461 3310 κραταρχεῖ
1490 3233 1819 3311 Βουλγάρων

509 3329 649 3401 Πρὸς
676 3324 834 3381 τόνδε
863 3325 1041 3380 τοίνυν
1074 3326 1303 3393 ’Λσάνην
1338 3325 1589 3394 Ἰωάννην

314 3422 466 3475 80130
505 3418 667 3486 Ἃναξ
702 3414 931 3475 ἐπακτὸς
963 3411 1265 3486 Θεόδωρος,
1294 3413 1367 3474 ὠς
1400 3407 1555 3486 ἔφην,

509 3505 805 3580 Εἰρηνικάς
835 3504 946 3565 θεὶς
976 3497 1271 3574 συμϐάσεις
1306 3504 1423 3575 μεθ’
1463 3502 1660 3575 ὁρκίων

510 3595 606 3648 Καὶ
640 3591 810 3663 κῆδος
842 3588 991 3668 ἕδρα,
1026 3589 1186 3646 τοῦδε
1216 3589 1383 3646 παῖδα
1416 3592 1623 3667 Μαρίαν

510 3684 625 3752 Τὴν
666 3683 726 3736 ἐκ
755 3680 965 3744 νοθείας
994 3675 1327 3754 προσλαϐὼν
1356 3682 1572 3758 νύμφην
1601 3678 1765 3756 φίλην

509 3771 603 3832 Εἲς
633 3768 971 3847 αὐτάδελφον
1004 3770 1093 3824 τὸν
1129 3767 1398 3838 Μανουὴλ
1430 3768 1693 3841 ἐννόμως.

316 3865 469 3920 8065
511 3862 661 3918 Μετᾶ
694 3856 751 3914 δέ
788 3861 978 3934 μικρὸν
1014 3854 1309 3930 συμϐάσεις
1342 3855 1600 3919 διαλύσας

506 3950 603 4004 Καὶ
634 3948 928 4011 συναλίσας
961 3952 1213 4023 στρατιᾶς
1244 3947 1499 4002 πλεῖστον
1532 3946 1739 4023 στίφος,

506 4040 929 4111 Ἐπεστράτευσε
958 4036 1282 4111 Βουλγάρων
1317 4038 1623 4112 ἀρχηγέτῃ·

507 4128 602 4182 Καὶ
635 4126 990 4203 συῤῥαγείσης
1022 4125 1073 4196 ἐξ
1106 4122 1368 4198 ἑκατέρων
1406 4126 1592 4200 μάχης

508 4220 705 4275 Ἥτταν
744 4216 978 4286 ὑπέστην
1007 4213 1285 4287 Θεόδωρος
1320 4214 1579 4288 ἐσχάτην,

316 4310 469 4367 8070
508 4307 683 4362 Λύτοῦ
715 4311 969 4379 στρατιᾶς
1002 4303 1213 4366 ἀκλεῶς
1247 4301 1576 4376 λελυμένης·

505 4397 606 4453 Καὶ
642 4394 924 4470 συσχεθεὶς
955 4393 1211 4469 α’ίσχιετα
1244 4396 1453 4457 Μυσοῖς
1490 4388 1790 4469 βαρϐάροις

504 4486 651 4560 Πρὸς
684 4487 844 4541 Ἀσάν
878 4484 1247 4558 αἰχμάλωτος
1279 4484 1507 4557 ἀπήχθη
1534 4480 1707 4545 τάλας

505 4575 652 4629 Μετᾶ
683 4571 929 4647 λογάδων
966 4576 1276 4647 προσγενῶν
1301 4571 1585 4646 ἐριτίμων,

503 4662 718 4720 Ἀλλου
748 4683 807 4716 τε
834 4659 1053 4716 πολλοῦ
1088 4659 1456 4735 μυριαρίθμου
1488 4659 1730 4737 στίφους.

318 4767 468 4821 8075
505 4761 664 4817 Ἀλλ’
697 4760 931 4829 ’Λσᾶνης
964 4760 1057 4832 μέν
1093 4756 1371 4831 Θεόδωρον
1400 4759 1646 4832 κατέχων

511 4849 739 4919 Πολλῆς
774 4848 1057 4923 θεραπείας
1084 4869 1143 4903 τε
1170 4855 1339 4921 τιμῆς
1370 4848 1546 4917 ἠξίου·

504 4940 728 5009 Πλῆθος
765 4936 810 4993 δ’
843 4937 1053 4992 ἁλωτὸν
1089 4936 1269 4991 ἐκλύει
1299 4936 1436 5010 πρὸς
1473 4933 1734 5009 πατρίδας

505 5029 673 5085 ΙΙοσίν
710 5026 1016 5099 ἐλευθέροις
1044 5046 1103 5079 τε
1128 5025 1219 5079 καὶ
1251 5022 1383 5098 δίχα
1408 5018 1582 5098 φόϐου

508 5114 950 5189 Ἐπαναδραμεῖν
983 5115 1042 5170 ἐκ
1072 5112 1465 5191 φιλανθρώπου
1492 5112 1719 5186 τρόπου·

317 5210 470 5266 8080
510 5210 675 5280 Τάχα
706 5203 751 5259 δ’
787 5206 963 5275 ἐαυτῷ
992 5203 1081 5259 καὶ
1112 5203 1279 5267 τιθεὶς
1310 5203 1373 5257 τὸ
1404 5203 1696 5278 συμφέρον·

506 5296 655 5352 Μετὰ
683 5294 787 5370 γὰρ
819 5292 1087 5349 ἀπόλυσιν
1120 5291 1291 5347 αὐτῶν
1327 5290 1524 5355 ευθέως

502 5386 650 5439 Μετὰ
683 5388 937 5457 στρατιᾶς
971 5381 1126 5455 ἐξιὼι
1158 5382 1294 5455 πρὸς
1326 5383 1421 5443 τὰς
1456 5379 1651 5443 πόλεις

504 5476 664 5549 νῌρει
693 5492 754 5526 τε
784 5470 980 5533 ταύτας
1014 5470 1254 5545 εὐχερῶς
1288 5471 1409 5524 ἄνευ
1444 5469 1651 5545 μάχης,

505 5562 607 5618 Καὶ
636 5567 754 5624 τοῖς
787 5562 876 5615 ὑπ’
907 5561 1066 5616 αὐτὸν
1099 5561 1379 5614 συνέταττε
1408 5560 1708 5638 φρουρίοις.

320 5657 475 5715 8085
510 5655 621 5723 Τὴν
652 5650 941 5728 Ἀδριᾶνοῦ
971 5645 1389 5726 παραλαμϐἀνέι
1419 5649 1605 5720 πόλιν,

612 5776 885 5836 Panos.
935 5772 1046 5834 Gn.
1085 5770 1345 5834 CXLIII.

2011 455 2065 517 Α
2094 453 2165 506 At
2195 453 2539 511 Theodorus
2574 459 2671 513 ille
2704 461 2885 531 stirpe
2914 464 3192 535 Angelus,

2097 548 2321 597 cunctae
2355 550 2480 600 erat
2512 564 2691 619 prope
2723 548 3073 607 Macedoniae
3104 554 3400 625 dominus,

2096 630 2484 705 finitimasque
2514 636 2774 692 Thracia:
2806 656 2934 695 cum
2968 641 3217 697 viciniis.

2098 718 2377 792 Rhodope
2410 732 2651 797 excepta
2680 728 2931 784 Achride
2958 732 3234 787 Melenico
3269 750 3281 787 :

2096 809 2374 880 (namque
2410 812 2497 867 bis
2529 815 2699 870 terris
2732 817 3059 887 imperabat
3088 821 3413 893 Sthlabus.)

2094 895 2256 952 Nunc
2288 916 2390 967 age
2426 919 2513 955 res
2542 909 2738 973 gestas
2764 906 3052 963 Theodori
3087 910 3270 965 fabor.

2094 995 2198 1051 Hic
2229 1014 2257 1051 e
2293 998 2600 1053 Thessalia
2632 1018 2764 1055 cum
2799 1005 2982 1060 armis
3013 1008 3389 1078 progrediens

2095 1085 2164 1139 ad
2201 1084 2477 1142 Hadriani
2511 1091 2713 1145 urbem
2750 1099 2936 1148 semet
2965 1096 3230 1166 contulit,

2092 1189 2269 1243 quam
2305 1179 2630 1248 occupavit,
2669 1180 2877 1236 incolis
2910 1183 3262 1240 faventibus.

2092 1264 2482 1325 Quamobrem
2516 1267 2651 1322 inde
2682 1269 2935 1340 expulsae
2970 1272 3136 1344 regiae
3168 1274 3346 1345 copiae

2091 1351 2149 1404 in
2184 1352 2468 1409 orientem
2499 1356 2720 1412 rediere
2753 1359 3100 1417 incolumes.

2090 1439 2183 1495 Sic
2217 1442 2557 1500 Theodorus
2586 1448 2731 1501 urbe
2763 1448 2869 1503 hac
2903 1450 3119 1519 potitus

2052 1522 2057 1525 ⁸
2093 1546 2393 1600 nunquam
2428 1532 2646 1589 Latinis
2681 1553 2794 1590 non
2827 1544 2951 1592 erat
2984 1540 3285 1610 molestus,

2089 1619 2298 1675 borum
2331 1638 2691 1680 concursans
2724 1629 2900 1683 urbes
2932 1634 2987 1683 et
3020 1631 3381 1701 deprssdans.

2094 1711 2150 1765 Is
2182 1710 2411 1779 Byziam
2442 1730 2671 1784 quoque
2701 1716 3039 1771 Latinorum
3077 1721 3276 1775 urbem

2010 1815 2058 1880 B
2091 1799 2303 1855 insedit
2334 1805 2510 1872 atque
2540 1802 2742 1875 Brysin
2777 1821 3079 1877 pagosque
3110 1809 3401 1875 subditos,

2092 1895 2483 1961 cunctamque
2513 1890 2626 1947 late
2658 1892 2899 1963 diripuit
2923 1894 3215 1952 viciniam.

2092 1978 2349 2048 Denique
2379 1981 2634 2052 Byzantii
2672 1984 2884 2037 moenia
2917 2000 3266 2054 progressus
3297 2002 3482 2057 usque

2094 2084 2375 2138 magnum
2411 2069 2628 2125 Italicis
2656 2071 2855 2126 intulit
2887 2072 3174 2129 timorem.

2093 2154 2196 2209 Hic
2228 2172 2361 2210 cum
2394 2159 2581 2212 Asane
2614 2157 2998 2230 Bulgaroruvn
3032 2176 3167 2232 rege

2086 2247 2351 2315 juratum
2388 2245 2574 2301 foedus
2606 2247 2876 2303 amicitiae
2910 2249 3150 2320 pepigit.

2094 2333 2229 2387 Erat
2260 2333 2352 2387 hic
2383 2339 2575 2388 autem
2603 2336 2757 2389 Asan
2788 2337 2998 2392 Asanis
3024 2337 3179 2393 ﬁlius

2094 2422 2237 2491 Ejus
2266 2422 2365 2491 qui
2400 2421 2537 2476 olim
2574 2423 2899 2493 imperabat
2930 2424 3199 2497 Bulgaria
3235 2444 3247 2480 :

2095 2516 2264 2581 isque
2295 2511 2607 2567 excedente
2638 2513 2755 2569 vita
2789 2520 3024 2584 parente
3057 2532 3189 2580 suo,

2095 2610 2589 2682 Bulgaricumque
2622 2629 2865 2683 regnum
2896 2615 3159 2685 rapiente
3190 2616 3403 2686 Borila,

2093 2700 2269 2756 veluti
2304 2704 2502 2755 nostra
2534 2700 2779 2755 historia
2805 2701 2930 2771 jam
2965 2708 3115 2759 retro
3147 2705 3314 2773 dixit,

2095 2787 2234 2859 fuga
2264 2793 2425 2843 trans
2449 2790 2660 2844 Istrum
2696 2790 2751 2843 in
2786 2790 3078 2863 Scythiam
3114 2799 3372 2849 evaserat
3405 2812 3418 2849 :

2096 2876 2229 2931 mox
2260 2879 2574 2933 comitante
2603 2880 2869 2947 Scythico
2904 2881 3208 2952 Russoque
3242 2882 3428 2938 milite

2095 2966 2448 3022 dominatori
2484 2967 2681 3021 Borilze
2714 2967 2930 3022 bellum
2964 2969 3240 3035 inferens,

2095 3056 2459 3126 recuperavit
2490 3056 2743 3126 patrium
2777 3056 3087 3125 imperium
3125 3074 3135 3110 :

2094 3142 2370 3198 aemulum
2402 3143 2556 3197 enim
2592 3143 2711 3197 acie
2742 3144 3137 3214 profligatum.

2094 3236 2329 3303 captum
2360 3233 2629 3299 caecavit;
2664 3231 2791 3303 ipse
2818 3248 3063 3303 regnum
3096 3233 3303 3289 tenuit.

2092 3322 2235 3376 Cum
2267 3320 2395 3392 hoc,
2425 3326 2489 3375 ut
2518 3321 2656 3387 dixi,
2688 3324 2875 3376 Asane
2905 3322 3133 3377 Joanne

2093 3427 2354 3465 cmsareaa
2384 3410 2684 3481 dignitatis
2718 3415 3033 3481 usurpator

2093 3500 2279 3554 foedus
2312 3500 2620 3570 paciﬁcum
2654 3500 2867 3554 statuit
2894 3499 3233 3555 Theodorus
3261 3518 3274 3568 ;

2093 3593 2219 3644 tum
2252 3589 2424 3644 etiam
2456 3588 2827 3654 afﬁnitatem,
2862 3605 2993 3643 nam
3033 3588 3277 3644 Mariam

2092 3678 2262 3732 istius
2296 3678 2534 3733 notbam
2570 3676 2949 3747 ﬁliamjustis
2979 3677 3199 3748 nuptiis

2093 3782 2360 3836 germano
2395 3765 2555 3820 fratri
2592 3765 3078 3834 Manuelijunxit.

2092 3864 2203 3918 Sed
2238 3864 2389 3919 enim
2426 3864 2596 3933 paulo
2626 3867 2757 3933 post
2782 3866 3114 3933 contempto
3142 3863 3377 3929 foedere,

2092 3956 2503 4021 contractoque
2535 3952 2786 4021 plurimo
2819 3951 3116 4021 copiarum
3154 3967 3419 4020 numero,

2092 4040 2341 4111 Bulgaro
2372 4039 2664 4110 regnatori
2698 4038 2917 4093 bellum
2947 4038 3148 4093 intulit
3178 4057 3190 4093 :

2094 4145 2226 4184 mox
2257 4127 2745 4184 concurrentibus
2780 4126 3047 4198 utrinque
3077 4127 3301 4183 viribus

2091 4222 2408 4274 extremam
2443 4216 2666 4271 cladem
2701 4216 3044 4271 Theodorus
3078 4215 3337 4287 pertulit,

2091 4309 2219 4378 ejus
2251 4306 2479 4379 dilapso
2510 4306 2759 4378 turpiter
2789 4305 3063 4361 exercitu.

2092 4403 2217 4469 Ipse
2250 4398 2517 4453 indecore
2545 4402 2748 4468 captus
2779 4414 2811 4451 a
2843 4397 3037 4452 Mmsis
3068 4397 3335 4452 barbaris

2091 4488 2292 4541 infelix
2320 4487 2389 4541 ad
2418 4488 2669 4542 Asanem
2712 4486 2943 4540 vinctus
2974 4485 3212 4541 ducitur

2091 4592 2227 4631 cum
2258 4576 2492 4631 selectis
2522 4574 2819 4630 nobilibus
2852 4579 2909 4629 et
2942 4574 3272 4646 praecipuis,

2100 4673 2313 4721 etcum
2346 4664 2567 4737 ingenti
2598 4663 2754 4734 vulgi
2782 4664 3181 4719 multitudine.

2096 4755 2312 4811 Verum
2346 4757 2563 4810 Asanes
2594 4759 2827 4825 captum
2859 4754 3229 4809 Theodorum

2099 4844 2457 4915 benignitate
2490 4842 2672 4897 multa
2699 4848 2755 4898 et
2783 4842 3002 4898 honore
3036 4842 3259 4909 habuit,

2098 4934 2507 5004 captivumque
2538 4932 2748 5003 vulgus
2782 4933 3036 4987 militum
3071 4932 3127 4986 in
3162 4930 3380 5003 patrias
3410 4947 3547 4989 suas

2101 5024 2284 5078 libero
2318 5024 2459 5093 pede
2484 5022 2865 5092 solutumque
2895 5025 3051 5076 metu

2097 5112 2233 5167 sivit
2263 5112 2470 5167 reverti
2503 5112 2574 5167 ob
2607 5128 2780 5166 suum
2815 5110 3156 5165 clementem
3192 5109 3479 5179 animum,

2102 5201 2245 5272 quin
2277 5205 2334 5256 et
2364 5202 2608 5255 fortasse
2638 5201 2710 5254 ob
2738 5216 2906 5254 suam
2945 5198 3278 5253 utilitatem.

2099 5303 2246 5354 Nam
2282 5302 2415 5370 post
2442 5298 2691 5353 emissos
2721 5296 2973 5354 vinculis
3005 5297 3288 5367 captivos.

2103 5387 2306 5442 statim
2338 5403 2471 5442 cum
2503 5386 2737 5458 proprio
2769 5386 3020 5442 exercitu
3056 5384 3343 5456 percurrit
3374 5382 3547 5438 urbes
3580 5396 3591 5433 :

2101 5493 2319 5548 easque
2350 5477 2603 5533 obtinuit
2627 5476 2792 5532 facile
2823 5481 2879 5531 et
2909 5492 3035 5547 sine
3069 5475 3290 5546 praelio,

2102 5582 2341 5638 suasque
2373 5566 2643 5636 adjunxit
2674 5565 2913 5620 ditionis
2945 5563 3198 5636 oppidis.

2101 5654 2583 5727 Hadrianopolim
2616 5654 2919 5724 occupavit
2952 5653 3179 5715 urbem,

3384 5762 3460 5822 10

3635 347 3745 407 298
