4104 6204
354 310 462 366 299
1570 304 1943 358 EPHREMII
1980 299 2547 359 CHRONOGRAPHI
3663 290 3786 346 300

355 434 769 502 munitumque
802 427 1083 500 oppidum
1116 424 1616 498 Didymotichum,

2030 433 2086 498 Α
2296 424 2431 479 Μεθ’
2461 423 2526 490 ἥν
2556 419 2952 494 Διδυμότειχον
2982 415 3200 495 ἀσφαλῆ
3232 414 3419 485 πόλιν,

353 523 563 579 deinde
593 518 897 574 Thraciam
928 520 1323 585 cunctamque
1357 512 1762 569 Macedoniam

1708 528 1762 566 m
2293 515 2518 568 Ἔπειτα
2549 512 2762 584 Θράκην
2796 507 3137 568 Μακεδονίαν
3169 507 3328 578 ὅλην,

354 614 619 667 Bolerum
652 624 885 679 quoque
915 607 1085 676 cepit,
1122 605 1452 670 Xanthiam,
1487 605 1708 668 Serras,

2292 600 2563 676 Βουλερόν
2599 600 2709 656 εἷλε
2738 602 2826 655 καὶ
2857 600 3120 654 ΞάνΟειαν
3152 599 3241 652 καὶ
3286 596 3513 673 Σέῤῥας,

357 701 675 771 Prilapum,
699 698 848 753 latos
879 696 1206 768 Pelagoniae
1234 710 1496 766 campos,

2293 692 2460 745 Ἀστυ
2493 689 2801 764 Πριλαποῦ,
2835 686 3171 761 Πελαγονίας
3199 686 3404 756 πλάτη,

355 808 491 846 cum
523 789 918 859 circumjectis
947 787 1224 843 omnibus
1251 783 1529 840 castellis.

2113 792 2252 846 8090
2295 789 2400 844 Σὺν
2431 796 2548 851 τοῖς
2582 788 2733 864 πέριξ
2766 791 2928 842 ἅπασι
2963 786 3195 862 χωρίοις
3224 785 3438 847 τόποις·

355 879 522 950 Cepit
549 885 608 933 et
640 879 938 949 Prespam,
970 876 1274 944 Deabolin,
1312 874 1543 937 Acbrin,

2291 879 2446 951 Αἱρεῖ
2475 899 2533 932 τε
2565 878 2838 950 ΙΙρέσπαν,
2871 871 3156 944 Δεάϐολιν,
3189 873 3437 950 Ἀχρίδα.

359 969 662 1024 Albaniam
696 975 985 1036 cunctam,
1020 967 1306 1038 Illyricam
1341 963 1719 1036 provinciam,

2291 962 2564 1022 Ἀλϐανὸν
2594 969 2754 1031 ἅπαν,
2790 964 3075 1039 Ἰλλυριῶν
3105 965 3168 1019 τὸ
3199 962 3396 1036 κλίμα,

357 1059 646 1115 Valachiaa
675 1075 908 1130 quoque
938 1055 1307 1112 concursavit
1341 1056 1525 1119 ﬁnes;

2294 1058 2396 1112 Καὶ
2427 1063 2528 1125 τῆς
2559 1057 2807 1130 Βλαχίας
2835 1055 2962 1116 τοὺς
2996 1056 3156 1128 ὅρους
3185 1052 3529 1128 κατατρέχει⁸

356 1154 653 1220 postremo
684 1150 742 1202 in
774 1149 1022 1220 patriam
1059 1149 1332 1200 reducem
1366 1143 1501 1199 tulit
1535 1143 1761 1214 pcdeai.

2292 1149 2501 1204 ”Επειτ’
2532 1145 2844 1215 ἐπανὲζευξε
2873 1147 3009 1219 πρὸς
3037 1146 3135 1212 τὴν
3168 1141 3423 1219 πατρίδα·

355 1239 582 1310 Oppida
613 1253 740 1292 vero
775 1238 983 1308 partim
1018 1235 1187 1290 nobis
1215 1235 1412 1300 cessit,

2112 1237 2255 1293 8095
2291 1235 2389 1289 Καὶ
2422 1235 2692 1311 φρουρίων
2730 1235 2824 1306 μέν
2857 1255 2976 1288 τινα
3005 1233 3301 1305 Ῥωμαίοις
3330 1232 3505 1305 νέμει,

356 1328 568 1398 partim
601 1327 658 1381 in
691 1344 800 1382 sua
831 1325 1074 1380 retinuit
1105 1327 1408 1396 potestate.

2291 1322 2471 1380 ’Ἄλλα
2502 1321 2548 1377 δ’
2580 1323 2783 1400 ἀφῆκεν
2821 1324 2907 1400 ὑφ’
2938 1323 3121 1377 ἑαυτὸν
3153 1320 3463 1398 τυγχάνειν.

358 1418 443 1471 Ob
479 1417 585 1472 bas
613 1432 705 1472 res
730 1421 923 1486 gestas
952 1416 1112 1470 visus
1143 1418 1232 1469 est
1261 1415 1483 1468 Asanes

2295 1412 2563 1475 Ἐντεῦθεν
2597 1409 2685 1466 οὗν
2720 1409 2894 1482 ἔδοξεν
2929 1411 3084 1472 οὗτος
3118 1411 3350 1480 ’Δσάνης

356 1507 443 1562 vir
473 1507 880 1574 admirandus,
915 1505 1144 1560 cunctis
1177 1502 1494 1558 laudabilis
1531 1518 1542 1554 :

2294 1501 2609 1572 Θαυμαστὸς
2641 1501 2801 1574 ἀνὴρ,
2840 1501 3168 1574 μακαριστὸς
3196 1505 3312 1560 τοῖς
3342 1499 3521 1560 ὅλοις·

359 1596 616 1651 clemens
649 1612 852 1666 reapse
879 1600 1006 1649 erat
1038 1593 1316 1662 mitisque
1349 1591 1692 1655 admodum,

2290 1595 2388 1644 Ἦν
2420 1590 2524 1665 γὰρ
2558 1588 2780 1659 ἀληθῶς
2814 1590 3122 1662 συμπαθὴς,
3154 1593 3323 1660 πρᾶος
3354 1589 3512 1642 πάνυ·

361 1702 465 1740 nec
496 1685 863 1740 subditorum
897 1683 1152 1737 czedibus
1185 1681 1546 1749 indulgebat,

2114 1683 2255 1737 8100
2293 1680 2370 1736 Οὐ
2402 1681 2505 1754 γάρ
2538 1678 2746 1754 ἐχρῆτο
2775 1680 2892 1741 καθ’
2928 1679 3183 1749 ὑπηκόων
3219 1677 3432 1754 φόνοις,

362 1790 549 1843 neque
575 1772 794 1828 saevitia
826 1772 1099 1826 Barbarie
1132 1771 1393 1840 ingenita

2040 1802 2087 1866 B
2294 1765 2427 1825 Οὐδ’
2457 1769 2604 1842 εἶχεν
2633 1767 2896 1840 ὠμότητα
2925 1769 3020 1836 τὴν
3055 1767 3104 1820 ἐν
3141 1767 3441 1843 βαρϐάροις

360 1861 682 1934 stirpisque
713 1861 870 1916 velut
891 1861 1132 1932 propria
1161 1860 1258 1914 hic
1288 1859 1591 1914 laborabat
1626 1875 1638 1912 :

2040 1857 2084 1866 ”
2295 1858 2583 1934 Σύμφυτον
2617 1859 2731 1911 οῖον
2768 1863 3177 1934 συμπεφυκυῖαν
3209 1857 3373 1931 γένει,

359 1967 466 2006 nec
496 1969 704 2008 rursus
734 1957 932 2008 nostro
964 1953 1250 2023 sanguine
1279 1951 1594 2021 gaudebat,

2293 1949 2360 2002 Ἥ
2390 1949 2722 2021 Ῥωμαϊκοῖς
2754 1946 2974 2020 α’ίμασιν
3007 1947 3289 2022 ἐνετρύφα,

356 2042 516 2098 velut
541 2042 765 2113 priores
796 2042 962 2114 impii
995 2057 1160 2113 reges
1195 2040 1430 2112 Bulgari
1457 2057 1468 2106 ;

2293 2039 2381 2101 Ὡς
2409 2038 2535 2111 πρὶν
2563 2037 2868 2112 κρατάρχαι
2901 2035 3233 2111 Βουλγάρων
3266 2036 3624 2113 κακοτρόπως

357 2133 457 2188 sed
491 2134 642 2188 bono
672 2138 798 2188 erat
826 2132 1214 2202 clementique
1243 2130 1497 2202 ingenio,

2115 2138 2257 2193 8105
2295 2134 2454 2191 Ἀλλ’
2482 2138 2546 2203 ἦν
2581 2136 2778 2209 ἀγαθὸς
2811 2137 2896 2189 καὶ
2926 2134 3316 2211 φιλάνθρωπις
3347 2136 3523 2213 φύσει,

358 2227 413 2276 et
447 2223 667 2277 nostris
697 2239 864 2294 aeque
896 2239 963 2278 ac
994 2221 1263 2293 Bulgaris
1294 2220 1692 2292 gratissimus.

2294 2227 2388 2296 Τῷ
2415 2244 2500 2278 τοι
2532 2225 2777 2285 ποθεινὸς
2813 2224 3044 2280 Αὕσοσιν
3071 2225 3137 2293 ἦν
3174 2222 3537 2300 Βουλγάροις.

355 2309 631 2379 Captivus
662 2327 816 2372 vero,
853 2316 917 2366 ut
946 2311 1087 2380 dixi,
1119 2311 1480 2378 Theodorus,

2297 2312 2718 2388 Φρουρούμενος
2751 2311 2808 2367 δὲ
2839 2311 3140 2387 Θεόδωρος,
3174 2313 3248 2375 ὡς
3281 2309 3437 2389 ἔφην,

358 2403 416 2453 et
436 2399 564 2469 jam
596 2406 870 2471 expertus
903 2402 1000 2455 diu
1036 2401 1518 2469 benivolentiam,

2296 2398 2715 2478 Φιλοτρροσόνης
2745 2403 2792 2455 τ’
2823 2399 3115 2456 ἀπολαύων
3149 2400 3202 2456 ἐν
3236 2403 3445 2476 χρόνῳ,

360 2493 562 2560 postea
593 2491 787 2544 moliri
821 2491 1056 2546 fraudes
1088 2491 1511 2560 deprehensus,

2296 2491 2444 2546 Ἐπεὶ
2474 2490 2713 2564 τυρεῦειν
2750 2491 2998 2565 μηχανὰς
3030 2489 3311 2568 ἐφωράθη,

362 2577 628 2632 meritam
655 2595 884 2650 poenam
918 2583 1240 2632 excwcatus
1274 2578 1535 2648 pertulit.

2117 2581 2258 2636 8110
2291 2579 2426 2641 Τοὺς
2460 2581 2722 2652 ὀμμάτων
2756 2575 2974 2634 ἔσϐεστο
3007 2579 3249 2655 λύχνους
3283 2579 3524 2645 ἐνδίκως.

361 2668 503 2735 Ejus
534 2673 728 2722 autem
765 2669 941 2724 frater
971 2668 1202 2724 Manuel
1233 2669 1480 2739 despota

2295 2667 2473 2725 Λύτοῦ
2501 2666 2546 2722 δ’
2575 2667 2806 2746 ἀδελφὸς
2838 2669 3104 2737 Μανουήλ
3137 2671 3164 2723 ὁ
3197 2667 3465 2738 δεσπότης

361 2759 638 2828 praedicto
669 2775 698 2814 e
730 2757 926 2830 prmlio
957 2759 1093 2829 fuga
1119 2774 1181 2813 se
1211 2758 1547 2814 subducens

2300 2759 2448 2814 Κατὰ
2481 2759 2667 2833 μάχην
2701 2758 2776 2812 ὢν
2806 2759 2895 2813 καὶ
2929 2763 3071 2835 φυγῇ
3103 2761 3473 2835 κεχρημένος,

359 2845 830 2902 Thessalonicam
864 2847 1068 2901 urbem
1102 2863 1276 2902 cursu
1314 2846 1500 2916 petiit,
1942 2857 1946 2860 ‘

1942 2857 1946 2860 ’
2297 2846 2690 2918 Θεσσαλονίκην
2725 2843 3131 2920 καταλαμϐάνει
3163 2848 3352 2914 πόλιν,

359 2936 607 3005 ejusque
640 2934 801 2990 nullo
829 2935 1142 2991 resistente
1168 2934 1474 2990 dominum

2155 2961 2159 2964 ·
2297 2937 2392 2990 Καὶ
2425 2943 2524 3005 τῆς
2553 2935 2601 2990 δ’
2634 2935 2910 3012 ἐκυρίευσε
2939 2940 3274 3013 πραγμάτων
3319 2935 3453 3012 δίχα

358 3039 420 3078 se
449 3024 653 3095 gessit,
688 3029 864 3096 atque
896 3024 1132 3080 urbium
1166 3030 1528 3092 cmterarum,

2119 3035 2261 3091 8115
2301 3032 2404 3087 Σὺν
2437 3039 2553 3097 τοῖς
2581 3055 2642 3110 γε
2673 3032 2892 3096 λοιποῖς
2924 3034 3128 3090 ἀστέων
3160 3037 3249 3091 καὶ
3281 3035 3501 3112 χωρίων

356 3129 484 3182 quae
516 3113 588 3168 ad
620 3113 980 3170 occidentem
1010 3114 1244 3185 reliquae
1277 3113 1389 3170 sibi
1425 3113 1676 3168 fuerant.

2039 3177 2078 3198 η
2293 3128 2425 3185 Τοῖς
2457 3125 2594 3178 κατὰ
2626 3121 2772 3178 δόσιν
2807 3123 3413 3198 ἐγκαταλελειμμένοις.

357 3202 461 3256 Hie
492 3219 627 3258 cum
656 3203 847 3260 vocari
882 3205 1126 3275 despota
1157 3203 1440 3259 voluisset

2037 3177 2079 3242 Ο
2303 3214 2474 3276 Οὗτος
2504 3212 2785 3268 καλεῖσθαι
2815 3177 3083 3284 δεσπότης
3233 3215 3391 3288 μὲνος

360 3291 550 3360 regias
585 3297 780 3346 tamen
815 3294 1140 3364 usurpabat
1171 3298 1448 3360 tesseras,

2303 3304 2546 3377 Ἐχρῆτο
2581 3300 2794 3374 μᾶλλον
2831 3301 3137 3376 βασιλικοῖς
3168 3299 3473 3377 συμϐόλοις

363 3394 574 3448 nempe
606 3380 839 3435 rubrica
873 3386 1041 3435 utens
1074 3381 1131 3434 in
1163 3380 1703 3452 subscriptionibus
1737 3395 1749 3432 :

2305 3392 2391 3447 Ἐν
2429 3391 2762 3468 ὑπογραφαῖς
2798 3389 2886 3446 διὰ
2915 3392 3168 3448 κοκκίνου
3199 3393 3445 3469 γράφων,

362 3467 422 3520 in
452 3483 625 3537 quem
647 3469 883 3538 jocatus
910 3473 998 3523 est
1031 3475 1198 3523 acute
1232 3470 1551 3523 admodum

2123 3481 2264 3538 8120
2305 3480 2444 3549 Hoc:
2471 3481 2528 3534 ’ὀν
2559 3467 2992 3555 τιςγάπὲσκωψεν
3024 3467 3492 3557 εὐστόχωςήμάλα

370 3554 566 3610 nescio
597 3555 732 3627 quis
763 3556 1003 3611 dicens:
1033 3557 1314 3628 Congruit
1338 3556 1552 3622 vocari,

2299 3571 2388 3630 Ὣς
2421 3570 2517 3623 Σοὶ
2549 3567 2840 3642 προσᾴδειν
2873 3554 3136 3643 ἁρμόδιον
3168 3554 3425 3647 τυγχάνει

371 3648 436 3698 ut
469 3648 558 3698 est
585 3643 644 3698 in
679 3643 929 3715 psalmo,
963 3652 1018 3700 te
1050 3660 1244 3715 regem
1277 3652 1333 3700 et
1364 3647 1691 3716 despotam.

1678 3687 1691 3700 ο
2302 3658 2371 3712 Σὲ
2399 3658 2490 3712 τὸν
2527 3657 2753 3733 βασιλέα
2781 3680 2838 3714 τε
2869 3659 3134 3731 δεσπόνην
3165 3663 3296 3733 ἅμα.

367 3731 470 3786 llle
498 3733 673 3787 etiam
703 3732 1002 3801 Stblabus,
1035 3734 1206 3803 cujus
1238 3740 1413 3788 antea
1446 3733 1709 3801 memini,

2299 3746 2401 3803 Καὶ
2435 3731 2684 3809 Σθλάϐος
2715 3749 2874 3824 ἀνὴρ,
2907 3751 3072 3825 οὗπερ
3105 3731 3386 3823 ἐμνήσθην
3421 3751 3555 3818 ἄνω,

365 3819 654 3892 Bulgarus
685 3825 857 3894 gente
883 3821 1212 3892 Asanisque
1243 3823 1465 3892 aflinis,

2300 3838 2395 3892 Ἐκ
2423 3835 2754 3912 Βουλγάρων
2787 3819 2888 3914 φὺς
2920 3819 3239 3914 προσγενήςῗ
3260 3839 3589 3915 ὣνἈσάνῃ,

357 3908 654 3965 insederat
685 3910 1023 3982 praesidium
1059 3911 1344 3980 Melenici,

2118 3935 2260 3989 8125
2299 3927 2493 3987 Λαϐὼν
2525 3908 2746 4009 κατεῖχε
2773 3908 3034 4012 ιρροόριον
3057 3908 3379 4005 Μελενίκου,

359 4003 415 4052 et
446 3998 784 4070 Rbsdopem
817 4001 1056 4055 tenebat
1088 4017 1220 4056 cum
1255 4002 1512 4058 castellis

2298 4021 2396 4077 Καὶ
2425 4029 2529 4092 τῆσ
2557 3998 2822 4094 Ῥοδόπης
2847 4025 2989 4100 ἦρχε
3017 4027 3109 4080 σὺν
3139 4031 3257 4089 τοῖς
3287 4026 3591 4104 φρουρίοις,

359 4092 606 4158 ejusque
639 4092 858 4144 montis
893 4092 1057 4160 pagis
1089 4092 1350 4146 dominio
1381 4093 1548 4146 ﬁrmo
1587 4111 1599 4148 :

2297 4111 2401 4167 Καὶ
2430 4118 2546 4174 τοῖς
2581 4112 2632 4167 ἐν
2667 4092 2804 4184 αὐτῇ
2833 4092 3064 4189 χωρίοις
3095 4092 3399 4190 ἀραρότίυς,

355 4177 608 4247 despota;
641 4194 876 4249 quoque
906 4184 1210 4249 acceperat
1231 4180 1580 4250 dignitatem

2296 4200 2391 4255 Καὶ
2424 4198 2748 4268 δεσποτικῆς
2778 4203 2922 4276 ἀξίας
2953 4225 3015 4279 γε
3045 4207 3307 4279 τυγχάνει

354 4283 384 4320 a
418 4265 736 4337 Byzantino
767 4266 1118 4337 imperatore
1151 4269 1418 4338 Henrico,

2293 4292 2435 4364 Πρὸς
2491 4295 2588 4345 τοῦ
2644 4296 2973 4366 κρατοῦντος
3031 4292 3197 4370 Έῤῥῆ
3255 4300 3358 4363 τῆς
3419 4295 3791 4350 Κωνσταντί-

3578 4404 3700 4448 νου,

351 4447 522 4517 cujus
553 4451 610 4502 et
641 4447 878 4503 notbam
912 4447 1089 4504 tiliam
1124 4449 1373 4504 habebat
1398 4451 1734 4522 conjugem.

2031 4545 2064 4548 _
2113 4469 2254 4524 8130
2291 4466 2366 4524 Οὗ
2397 4471 2484 4522 καὶ
2517 4472 2762 4548 συνήφθη
2795 4474 2862 4544 τῇ
2896 4473 3123 4546 θυγατρὶ
3153 4475 3221 4546 τῇ
3253 4471 3418 4544 νόθῳ.
3553 4387 3575 4454 [

350 4534 454 4590 Hic
479 4553 634 4590 nunc
665 4537 900 4592 Latinas
931 4538 1290 4608 sequebatur
1322 4544 1539 4610 partes,

2031 4545 2077 4608 Π
2287 4557 2484 4613 Ἐνίοθ’
2517 4534 2678 4620 οὗτος.
2705 4558 3004 4634 συνεμάχει
3039 4560 3312 4627 Λατίνοις,

350 4641 509 4679 nunc
540 4623 808 4696 Bulgaris
834 4625 1064 4680 favebat
1096 4626 1501 4698 popularibus,

2287 4646 2480 4702 Ἐνίοτ’
2511 4649 2661 4710 αὖθις
2696 4623 3028 4725 Βουλγάροις
3058 4656 3176 4712 τοῖς
3201 4648 3482 4728 φυλέταις,

346 4713 644 4768 Comneno
670 4729 904 4784 quoque
936 4730 1088 4784 saepe
1121 4715 1422 4771 Theodoro
1460 4733 1473 4770 :

2285 4735 2383 4789 Καὶ
2417 4734 2684 4812 Θεοδώρῳ
2712 4742 2792 4809 τῷ
2823 4713 3099 4811 ῐξομνηνῷ
3129 4713 3422 4802 πολλάκις·

351 4803 571 4857 nemini
602 4819 734 4857 vero
768 4803 1000 4857 ﬁrmam
1033 4804 1306 4858 servabat
1341 4805 1514 4860 ﬁdem

2282 4825 2400 4880 Τινὶ
2431 4823 2479 4880 δ’
2508 4825 2756 4882 ἁπάντων
2791 4826 2852 4881 οὐ
2886 4829 3180 4903 συνήρχετ⁹
3217 4827 3292 4892 εἷς
3321 4826 3512 4902 λόγον,

353 4890 524 4946 homo
555 4891 819 4946 desertor
850 4895 1025 4962 atque
1058 4892 1405 4964 versipellis.

2104 4916 2246 4971 8135
2287 4913 2796 4990 Ἀλλοπρόσαλλος,
2829 4890 3142 4990 εὐρίπίστϐς
3175 4890 3485 4994 τυγχάνων.

343 4981 477 5036 Jam
511 4998 645 5036 cum
678 4982 968 5037 Robertus
999 4981 1178 5037 Italus
1212 4983 1528 5054 imperator

2282 5005 2394 5059 Τοῦ
2427 5001 2484 5058 δὲ
2512 5009 2839 5078 κρατοῦντος
2873 5004 3099 5062 Ἰταλῶν
3140 5011 3237 5061 τοῦ
3279 5008 3625 5084 Ῥομπέρτου

342 5069 571 5125 vivendi
604 5071 780 5125 finem
812 5069 870 5124 in
904 5071 1118 5126 Boeotia
1150 5073 1400 5138 fecisset,

2281 5094 2408 5148 Βίον
2443 5096 2909 5170 καταστρέψαντος
2939 5094 2990 5149 ἐν
3022 5097 3278 5168 Βοιωτίᾳ,

345 5159 604 5232 Byzantii
637 5164 934 5231 sceptrum
966 5161 1222 5217 Joannes
1257 5164 1504 5235 excepit,

2282 5187 2438 5258 Σφῶν
2471 5182 2722 5254 Ἰωάννης
2750 5180 3172 5260 παραλαμϐάνει
3220 5187 3440 5257 κράτος,

341 5249 676 5321 decrepitus
704 5249 812 5315 vir,
844 5249 944 5320 qui
978 5250 1173 5306 Sionis
1207 5269 1303 5306 rex
1333 5258 1474 5307 erat.

2279 5249 2520 5343 Ἐ’ξωρος
2555 5249 2714 5347 ἀνὴρ,
2739 5249 2842 5337 τῆς
2874 5249 3015 5329 Sub:
3053 5275 3150 5349 ῥηξ
3179 5249 3490 5351 τυγχάνων,

339 5342 516 5407 Atque
548 5338 643 5395 hic
675 5344 877 5394 nostro
910 5339 1121 5394 Cesari
1155 5340 1373 5395 bellum
1404 5340 1604 5396 intulit

2099 5361 2240 5414 8140
2275 5338 2375 5422 ’⁷ος
2406 5338 2495 5414 καί
2533 5338 2720 5437 μάχην
2749 5361 2932 5433 ’ίστησι
2966 5338 3387 5438 πρδςτβασιιλξα,

337 5425 396 5482 in
428 5426 710 5482 orientem
745 5427 993 5483 navibus
1028 5429 1286 5495 directis,

2362 5417 2373 5422 ν
2533 5417 2542 5434 ι
2616 5417 2686 5437 r.-
2788 5417 2792 5418 ν
2865 5417 2901 5433 ιν
2995 5417 3347 5438 'r"r’"“"

2277 5448 2422 5503 Μετά
2454 5471 2516 5517 γε
2547 5456 2694 5520 νηῶν
2730 5451 3114 5516 ἐκπεπλευκὼς
3143 5452 3222 5515 εἷς
3253 5453 3347 5523 ἔω,

334 5521 512 5588 atque
538 5521 822 5587 occupato
856 5516 1162 5587 Lampsaci
1199 5517 1409 5574 navali.

2277 5537 2378 5592 Καὶ
2411 5544 2511 5606 τῆς
2549 5539 2850 5614 Λαμψάκου
2880 5541 3117 5616 κατάρας
3144 5543 3377 5616 νεωρίῳ,

336 5603 552 5660 Verum
587 5603 667 5659 nil
701 5603 855 5660 ultra
885 5621 1224 5677 aggressus,
1255 5613 1405 5663 retro
1436 5607 1632 5665 cessit.

2275 5627 2386 5684 ΙΙλέ
2399 5648 2455 5683 ον
2469 5603 2478 5606 ﬁ
2490 5625 2547 5684 δὲ
2582 5603 2657 5702 μη
2667 5603 2752 5688 δ’ὲν
2785 5603 3083 5708 δεδρακιὶάς,
3105 5603 3469 5712 Ἵὺποάορείρει·
