4104 6204
129 37 398 149 ,ηρ

265 329 378 385 301
1317 368 1324 370 ν
1811 333 2173 388 ΟΕΒΔΒΕΒ.
3591 337 3698 392 302

460 457 520 514 Ὀ
549 457 652 529 γὰρ
689 452 942 528 βασιλεὺς
971 453 1226 512 Αὐσόνων
1261 456 1514 527 Ἰωάννης
1965 460 2018 524 Α
2051 456 2078 510 J

1450 479 1514 527 ης
1965 460 2018 524 Α
2051 456 2306 511 Joannes
2337 457 2494 511 enim
2525 457 2846 528 imperator
2875 451 3070 512 noster

275 549 426 603 8145
464 550 720 606 Γενναῖος
749 543 1058 619 ἀντίμαχος
1085 545 1178 615 ἦν,
1210 545 1532 616 ἀντιστάτης
1567 565 1578 577 ’

462 634 525 692 Εἰ
558 633 650 688 καὶ
683 634 1116 710 καθυπέστρεψεν
1150 634 1269 708 ἄρτι
1301 643 1400 705 τῆς
1438 636 1623 711 μάχης

460 730 573 792 Τῆς
605 724 738 798 πρὸς
772 722 1018 796 Καίσαρα
1049 719 1294 778 Γαϐαλᾶν
1322 724 1631 793 ἀποστάτην
1663 745 1674 756 ο

462 813 532 869 Ei
561 815 652 867 καὶ
683 813 929 888 τριήρεις
954 811 1043 866 καὶ
1069 809 1324 885 δυνάμεις
1356 811 1420 867 αὖ
1451 811 1614 867 πάλιν

470 899 843 974 Παλαιολόγῳ
873 897 1152 976 παραδοὺς
1181 900 1541 976 Ἀνδρονίκῳ,

271 993 423 1048 8150
460 993 557 1048 Ὃν
593 991 710 1065 εἶχε
742 988 1064 1062 δομέστικον
1097 990 1258 1065 μέγαν
1293 994 1371 1062 τῷ
1399 991 1542 1062 τότε,

466 1080 610 1152 Πρὸς
641 1081 740 1146 τήν
775 1076 960 1133 Ῥόδον
991 1077 1247 1156 πέπομφε
1273 1081 1386 1133 κατ’
1420 1079 1722 1134 ἀποπάτου
1755 1095 1767 1109 ·

463 1167 631 1222 Ἀλλ’
658 1167 750 1221 οὗν
786 1167 1036 1241 μετρίους
1067 1163 1398 1243 παραλαϐὼν
1433 1167 1685 1235 ὁπλίτας,

464 1261 705 1319 ’Ὁπλοις
731 1256 982 1332 ἀπεῖργεν
1013 1255 1290 1331 ἐκδρομὰς
1320 1263 1438 1318 τοῖς
1481 1257 1748 1318 Λατίνοις.

471 1347 576 1402 Καὶ
605 1347 672 1401 τὰ
702 1347 838 1400 κατᾶ
871 1346 1055 1421 μάχην
1092 1344 1148 1400 δὶ
1176 1348 1276 1416 τήν
1308 1346 1632 1419 άποστάτου,

287 1439 434 1494 8155
474 1435 656 1494 Αἴσιον
693 1432 822 1510 ἔσχε
853 1433 1218 1509 Παλαιολόγῳ
1248 1437 1436 1510 πέρας,

466 1525 572 1581 Καὶ
602 1524 739 1578 κατὰ
769 1528 893 1578 νοῦν
920 1523 1165 1579 τείνοντα
1192 1529 1289 1579 τοῦ
1324 1522 1614 1599 βασιλέως.

464 1618 579 1672 Τοῦ
610 1613 946 1688 λατινάρχου
975 1610 1022 1668 δ’
1054 1611 1442 1674 ἐκλελοιπότος
1477 1613 1615 1688 βίον,

470 1702 801 1779 Κληροῦχος
835 1705 1016 1778 ἀρχῆς
1049 1701 1381 1765 Βαλδουϊνος
1410 1706 1641 1778 γίνεται,

462 1797 662 1856 Ἥπιος
692 1793 854 1868 ἀνὴρ,
884 1793 1243 1870 σωφρονικὸς,
1276 1792 1490 1868 χαρίεις
1519 1811 1532 1823 ⁶

278 1886 421 1942 8160
464 1885 626 1953 ’Ἀναξ
657 1880 715 1937 δὲ
742 1883 909 1943 τιθεὶς
939 1888 1054 1944 τοῖς
1091 1882 1357 1953 ὑπηκόοις
1386 1883 1586 1954 σθένος,

467 1974 570 2030 Καὶ
600 1979 718 2036 τοῖς
752 1973 840 2028 ὑπ’
869 1973 1031 2027 αὐτὸν
1066 1974 1242 2027 ἄστεσι
1273 1972 1362 2026 καὶ
1392 1973 1632 2048 χωρίοις

468 2062 769 2137 Εἷρηνικήν
802 2061 1051 2133 σύναρσιν
1086 2060 1190 2116 εἴτε
1219 2061 1308 2116 καὶ
1339 2060 1569 2130 πλάτος,

465 2150 765 2211 Ἐναντίοις
797 2148 853 2204 δὶ
877 2152 1144 2219 συστολὴν
1177 2151 1265 2205 καὶ
1299 2149 1526 2222 δειλίαν,

468 2237 652 2309 Κῆδός
684 2260 741 2294 τε
766 2237 1077 2309 κατήλλαξε
1111 2239 1400 2312 μνηστείαν
1429 2242 1475 2294 0’
1505 2242 1618 2313 ἅμα

283 2333 429 2388 8165
469 2331 608 2397 Ηρὸς
629 2330 720 2384 τὸν
753 2333 1057 2404 κρατοῦντα
1089 2327 1419 2403 Βουλγάρων
1449 2330 1540 2384 τὸν
1574 2328 1827 2400 Ἀσάνην,

461 2419 559 2473 Καὶ
593 2420 759 2473 πιστᾶ
789 2420 1117 2473 συντέθεικεν
1153 2419 1312 2494 ὅρκια
1342 2417 1531 2485 πάλιν,

465 2507 713 2570 Σπονδᾶς
743 2507 1058 2582 ἐνωμότους
1084 2529 1141 2563 τε
1169 2508 1259 2563 καὶ
1293 2508 1608 2584 συμφωνίας
1645 2526 1657 2540 ·

460 2600 546 2661 Ὧς
576 2598 626 2654 εἴ
654 2598 900 2668 παρείκοι
935 2604 1291 2674 συγκροτοὶτο
1316 2597 1668 2674 προσφόρως,

470 2689 570 2744 Καὶ
609 2693 968 2763 συμμαχοῖτο
999 2689 1134 2762 πρὸς
1171 2687 1352 2761 μάχας
1386 2684 1634 2741 ἐναντίων
1670 2701 1685 2716 ⁸

287 2782 432 2836 8170
474 2779 570 2833 Καὶ
602 2779 766 2834 πάλιν
797 2778 842 2832 εἰ
877 2777 1052 2833 δέοιτο
1087 2779 1270 2852 χειρὸς
1301 2777 1578 2848 Αὐσόνων,

472 2867 854 2924 Καταπολαύει
888 2867 1214 2942 Βουλγάρων
1247 2866 1590 2941 ἀρχηγέτης.

472 2957 688 3012 Τούτων
725 2957 1080 3032 πραχθέντων
1115 2958 1276 3028 ὅνπερ
1309 2955 1546 3028 είρήκειν
1571 2951 1793 3030 τρόπον,

472 3048 804 3121 Συνέρχεναι
835 3043 902 3114 δὴ
935 3046 1072 3119 πρὸς
1107 3043 1270 3100 πόλιν
1298 3046 1395 3113 τὴν
1429 3041 1670 3099 Καλλίου

468 3136 614 3190 Μετᾶ
645 3137 899 3189 συνεύνου
924 3133 1013 3188 καὶ
1047 3135 1316 3209 θυγατρὸς
1340 3133 1588 3202 Ἑλένης,

288 3229 428 3284 8175
467 3227 624 3282 Ἀσὰν
659 3224 873 3299 βασιλεῖ
901 3223 991 3278 καὶ
1027 3221 1266 3299 βασιλίδι
1298 3223 1440 3293 τότε,

465 3315 570 3371 Καὶ
603 3313 917 3370 συντελοῦσι
951 3315 1234 3390 συνάφειαν
1268 3314 1449 3382 υἱέων,

468 3401 756 3478 Θεοδώρου
789 3403 1030 3476 Λάσκαρι
1055 3408 1306 3477 συνεζευγ
1316 3403 1481 3474 μένου

468 3495 626 3550 Ἀσᾶν
659 3492 882 3568 θυγατρὶ
913 3491 1050 3546 κατᾶ
1079 3492 1285 3563 νόμους
1315 3489 1505 3563 Ἑλένῃ
1530 3507 1543 3520 ·

473 3581 792 3654 Ἐπευλόγει
827 3578 884 3636 δὲ
911 3579 1040 3642 τοὺς
1071 3581 1283 3655 γάμους
1313 3579 1614 3654 ἀρχιούτης

293 3675 432 3728 8180
468 3677 621 3733 Θεῖος
655 3671 928 3744 Γερμανὸς
961 3669 1261 3744 συμπαρὼν
1289 3667 1660 3742 τελουμένοις,

473 3764 566 3832 Τῷ
594 3765 898 3830 τηνικαῦτα
923 3759 1309 3833 ποιμενάρχης
1340 3752 1610 3833 Τρινόϐου

471 3853 564 3921 Τῷ
595 3849 941 3925 Βουλγαρίας
969 3851 1081 3920 (81)
1119 3847 1475 3918 ὑποκείμενος
1507 3849 1706 3923 θρόνῳ,

473 3939 586 3995 Οὔκ
617 3936 719 3993 οἶδ’
752 3937 904 3999 ὅπως
934 3937 1151 4010 κέκριτο
1185 3932 1412 3990 συνόδου
1442 3936 1612 4010 κρίσει

473 4028 806 4100 Θεσπίσματί
837 4047 896 4082 τε
924 4030 1020 4081 τοῦ
1049 4029 1376 4102 κρατοῦντος
1407 4025 1660 4081 Αὐσόνων

304 4119 440 4175 8185
475 4120 658 4190 Τιμήν
690 4116 1039 4190 πατριάρχου
1064 4137 1124 4191 γε
1153 4115 1242 4170 καὶ
1273 4115 1470 4184 κλῆσιν
1504 4109 1671 4189 ἔχειν,

477 4204 689 4277 Κήδους
716 4201 972 4260 τινόντων
1006 4210 1114 4259 τῶν
1144 4205 1485 4277 κρατούντων
1520 4204 1570 4258 οἱ
1602 4205 1787 4279 χάριν.

475 4295 626 4352 Ἐπεὶ
661 4292 708 4348 δ’
740 4292 1103 4365 ἐπεπλήρωτο
1133 4293 1200 4348 τὰ
1227 4294 1364 4348 κατᾶ
1389 4292 1623 4368 γάμους,

480 4384 708 4448 Βασιλὶς
739 4383 952 4458 Εἷ’ρήνη
990 4385 1083 4457 μὲν
1116 4385 1230 4455 ἅμα
1257 4382 1512 4459 νυμφίοις

483 4471 672 4531 Ο’ίκαδ’
701 4473 865 4546 ἀπῄει
897 4473 1033 4527 κατὰ
1061 4470 1189 4533 τοὺς
1215 4467 1291 4525 ἕω
1319 4471 1520 4532 τόπους
1556 4491 1568 4502 ·

319 4564 448 4620 8190
485 4564 628 4637 ΙΙρὸς
662 4563 871 4620 Μυσίαν
906 4559 952 4616 δ’
984 4558 1048 4615 αὖ
1074 4563 1108 4629 ἡ
1141 4557 1357 4634 βασιλὶς
1387 4558 1736 4634 Βουλγάρων.

479 4647 1327 4707 Δυὰδ³ἰ”““δ’”
1472 4649 1523 4704 ’λ

589 4673 614 4713 ς
726 4672 968 4705 ammon
1003 4672 1094 4704 συν
1164 4671 1383 4722 υναμεσι
1415 4671 1489 4704 πα
1535 4671 1580 4703 ιν

480 4739 825 4798 Μακεδονίαν
858 4737 1164 4814 κατέδραμε
1190 4739 1278 4793 καὶ
1313 4739 1548 4813 Θρᾴκην,

482 4830 580 4884 Καὶ
613 4829 876 4884 Λατινικὰ
906 4828 1088 4903 χωρία
1115 4848 1172 4882 τε
1199 4828 1288 4882 καὶ
1320 4827 1510 4887 πόλεις

477 4921 683 4981 Αὐτοῖς
719 4916 922 4974 διεῖλον
956 4917 1044 4972 καὶ
1077 4917 1342 4990 κατέσχον
1373 4915 1608 4989 ἀμάχως
1641 4931 1652 4944 ³
1685 4931 1687 4933 ‘

319 5009 445 5064 8195
483 5010 564 5066 Τὰ
593 5005 818 5063 Μάδυτα
849 5008 960 5080 (8'2)
996 5008 1089 5080 μὲν
1122 5006 1211 5060 καὶ
1237 5004 1579 5080 Χερρονήσου
1609 5002 1792 5059 πλάκα

475 5097 650 5154 Πόλιν
684 5095 928 5152 Καλλίου
959 5097 1051 5150 σὺν
1085 5092 1198 5171 ὄρει
1228 5115 1286 5149 τε
1313 5097 1410 5149 τοῦ
1443 5095 1613 5148 Γάνου

480 5187 650 5261 Μάχῃ
681 5187 1058 5257 παρεστήσατο
1089 5184 1335 5261 προφοὰς
1369 5185 1396 5238 ὁ
1425 5183 1664 5258 κράτωρ,

480 5276 556 5331 Οὗ
581 5276 673 5329 καὶ
703 5273 872 5329 πόλιν
905 5271 1080 5328 ἔκτισε
1106 5273 1241 5348 πρὸς
1273 5269 1442 5334 πόδας
1477 5271 1642 5347 ὅρους
1678 5292 1692 5305 ·

481 5366 690 5440 Ἀρχῆς
718 5362 766 5419 δ’
793 5366 954 5440 ὅρους
987 5359 1179 5434 ἔπηξεν
1208 5362 1339 5438 ἄχρι
1373 5363 1652 5440 Μαρίτζης
1683 5381 1696 5394 ο

2045 547 2278 603 validus
2305 552 2429 603 erat
2459 547 2604 603 obex
2635 551 2691 603 et
2721 548 3110 604 adversarius.

2045 637 2150 700 Qui
2183 654 2515 708 quanquam
2552 638 2700 694 bello
2730 639 2821 692 vix
2849 639 3189 710 perfunctus
3224 639 3414 695 fuerat

2047 727 2328 782 adversus
2360 727 2634 782 Gabalam
2667 728 2948 784 Caesarem
2985 728 3256 784 rebellem
3292 746 3305 784 :

2049 820 2106 868 et
2137 832 2474 886 quanquam
2512 833 2684 871 naves
2718 818 2894 872 etiam
2929 833 3057 870 cum
3093 817 3378 874 militibus

2049 904 2384 960 Andronico
2415 904 2664 960 traditas
2697 905 3015 976 Palazologo

2046 991 2166 1062 (qui
2205 1010 2455 1062 magnus
2486 993 2568 1047 illi
2603 999 2740 1048 tunc
2770 999 2895 1049 erat
2923 995 3301 1060 domesticus)

2046 1081 2284 1137 rebellis
2316 1100 2492 1138 causa
2523 1083 2790 1139 Rhodum
2824 1086 3241 1141 amandaverat
3264 1103 3282 1152 ςι

2047 1176 2304 1227 attamen
2343 1173 2540 1240 paucis
2573 1173 2826 1242 stipatus
2861 1172 3149 1228 militibus

2046 1260 2228 1316 armis
2263 1260 2496 1316 Latinas
2531 1261 2894 1316 incursiones
2928 1261 3160 1331 repulit.

2048 1355 2292 1421 Insuper
2324 1368 2578 1423 pugnam
2613 1351 2894 1406 adversus
2926 1349 3202 1416 rebellem

2047 1457 2324 1512 prospero
2356 1445 2560 1495 eventu
2597 1442 2779 1511 gessit
2801 1441 3156 1510 Paleeologus

2045 1536 2101 1587 et
2130 1548 2198 1586 ex
2224 1532 2512 1586 sententia
2541 1531 2781 1585 Czesaris
2811 1530 3072 1585 Joannis.

2049 1623 2402 1692 Imperatore
2433 1620 2771 1674 Latinorum
2800 1624 3055 1684 mortuo,

2046 1711 2230 1766 haeres
2262 1710 2578 1780 imperium
2613 1709 2932 1763 Balduinus
2961 1709 3128 1777 adiit,

2046 1800 2132 1854 vir
2161 1800 2319 1855 mitis
2354 1816 2420 1856 ac
2445 1800 2749 1854 modestus
2780 1804 2837 1853 et
2867 1798 3180 1870 gratiosus.

2044 1893 2117 1945 At
2145 1891 2336 1946 Cmsar
2365 1895 2562 1945 noster
2590 1889 2956 1944 subditorum
2991 1889 3177 1944 auctis

2045 1979 2291 2051 viribus,
2316 1984 2372 2036 et
2401 1996 2618 2035 securae
2652 1978 2811 2051 pacis
2843 1995 3084 2034 munere

2044 2087 2148 2142 per
2179 2074 2389 2126 cuncta
2416 2069 2647 2142 imperii
2671 2069 2884 2141 oppida
2914 2069 3177 2138 ﬂorente,

2047 2160 2477 2232 perterrefactis
2510 2159 2777 2214 hostibus
2809 2163 2863 2214 et
2892 2159 3212 2230 repressis;

2044 2250 2388 2305 affinitatem
2423 2267 2678 2322 quoque,
2710 2248 2972 2320 quaesitis
3004 2248 3246 2320 nuptiis,

2044 2357 2175 2395 cum
2207 2340 2592 2412 Bulgarorum
2627 2355 2759 2410 rege
2788 2341 2975 2395 Asans
2997 2339 3217 2409 junxit,

2039 2433 2418 2501 juratamque
2451 2431 2624 2485 fidem
2654 2446 2860 2485 rursus
2893 2428 3102 2485 obtulit

2044 2523 2101 2572 et
2130 2518 2331 2572 ﬁrmas
2363 2516 2631 2572 amicitias
2662 2517 3028 2572 conditiones
3059 2534 3071 2570 :

2044 2623 2254 2678 nempe
2287 2611 2352 2662 ut
2383 2605 2583 2661 utilem
2617 2622 2852 2677 operam
2887 2607 3176 2661 conferret
3207 2605 3316 2662 sibi

2044 2695 2333 2768 Bulgarus
2365 2700 2421 2750 et
2451 2695 2739 2751 bellorum
2773 2695 2968 2751 socius
2999 2696 3162 2750 fieret
3191 2711 3207 2750 :

2044 2785 2199 2842 idem
2231 2785 2512 2852 vicissim,
2545 2787 2593 2840 si
2628 2786 2892 2840 Romano
2923 2785 3142 2840 auxilio

2047 2877 2192 2932 [orte
2226 2877 2536 2948 indigeret,
2573 2878 2791 2931 frustra
2823 2893 2938 2930 non
2974 2875 3312 2946 requireret.

2047 2967 2146 3022 His
2173 2966 2668 3037 quemadmodum
2698 2965 2814 3020 dixi
2844 2964 3200 3031 constitutis,

2047 3057 2341 3128 profectus
2365 3061 2454 3111 est
2485 3060 2710 3110 Asanes
2743 3053 3106 3124 Calliopolim

2045 3161 2180 3201 cum
2215 3145 2324 3200 tori
2359 3145 2536 3211 socia,
2571 3143 2806 3213 {iliaque
2838 3142 3073 3212 Helena,

1969 3199 2011 3265 C
2046 3237 2115 3291 ad
2150 3239 2431 3290 Cursarem
2466 3233 2850 3307 reginamque
2883 3237 3232 3304 prmsentem
3265 3231 3368 3302 ibi,

2042 3329 2100 3382 et
2128 3325 2445 3381 liberorum
2477 3323 2846 3379 celebrarunt
2876 3323 3113 3394 nuptias
3139 3340 3153 3390 ;

2045 3417 2257 3472 Asanis
2288 3431 2498 3485 nempe
2525 3414 2644 3470 {ilia
2673 3415 2847 3470 datur
2877 3413 3096 3469 Helena

2021 3503 2275 3563 .Lascari
2306 3506 2603 3561 Theodoro
2636 3506 2692 3559 in
2728 3503 3171 3566 matrimonium

2048 3597 2459 3667 benedixitque
2492 3595 2712 3663 nuptiis
2746 3593 3076 3666 patriarcha

2047 3687 2129 3742 rei
2162 3691 2337 3759 gesta)
2371 3702 2628 3757 prmeens
2659 3685 2984 3741 Germanus
3013 3682 3383 3739 venerabilis.

2047 3779 2332 3850 Tempore
2360 3777 2459 3833 illo
2491 3777 2742 3832 Ternobi
2777 3775 3153 3847 archiprmsul

2051 3864 2432 3937 metropolitae
2465 3864 2712 3936 Bulgaro
2739 3868 2910 3919 antea
2941 3863 3215 3918 subditus

2052 3953 2500 4026 patriarchalem
2531 3952 2768 4007 titulum
2802 3951 3055 4006 obtinuit

2051 4043 2248 4099 nescio
2280 4059 2396 4114 quo
2423 4059 2600 4098 sacra:
2633 4041 2838 4112 synodi
2863 4039 3087 4111 judicio

2052 4134 2399 4203 decretoque
2431 4129 2608 4186 simul
2642 4129 2823 4184 nostri
2855 4127 3098 4184 Caesaris

2053 4223 2153 4294 qui
2185 4221 2459 4278 affinitati
2490 4219 2697 4275 tribuit
2727 4219 2879 4274 hanc
2911 4218 3182 4290 gratiam.

2052 4316 2190 4368 Post
2220 4311 2540 4366 celebratos
2572 4307 2915 4380 nuptiarum
2943 4307 3090 4362 ritus

2055 4400 2256 4472 regina
2281 4401 2444 4454 Irene
2476 4413 2609 4453 cum
2647 4396 2878 4452 novitiis
2909 4395 3142 4468 sponsis

2058 4489 2116 4544 in
2150 4491 2432 4545 orientem
2468 4490 2651 4545 redux
2683 4490 2925 4543 domum
2960 4486 3120 4558 petiit
3149 4503 3161 4552 ;

1981 4571 2030 4634 D
2059 4584 2116 4635 et
2149 4579 2394 4651 Bulgara
2425 4579 2626 4652 regina
2659 4580 2714 4632 in
2745 4577 3004 4633 Mmsiam
3041 4576 3230 4633 rediit.

2057 4673 2130 4727 At
2161 4687 2325 4744 reges
2357 4671 2528 4726 ambo
2559 4669 2759 4742 stipati
2791 4667 3142 4724 exercitibus

2011 4820 2015 4825 _
2059 4762 2367 4818 Thraciam
2398 4761 2921 4832 Macedoniamque
2979 4758 3422 4832 percurrebant,

2058 4854 2116 4905 et
2147 4849 2327 4904 latina
2357 4849 2597 4904 castella
2627 4849 2926 4920 urbesque
2957 4850 3155 4919 captas

2061 4941 2284 5012 absque
2316 4940 2514 4996 labore
2546 4939 2758 4996 bellico
2791 4940 3149 4995 dividebant.

2061 5031 2288 5102 Madyta
2318 5031 2553 5101 quidem
2589 5036 2644 5086 et
2677 5035 2928 5086 tractum
2958 5027 3318 5094 Chersonesi,

2063 5121 2288 5175 Ganum
2323 5120 2496 5177 etiam
2531 5125 2790 5177 montem
2825 5125 2883 5176 et
2913 5117 3279 5190 Calliopolim

2064 5215 2236 5266 antea
2267 5215 2466 5270 noster
2497 5213 2649 5268 bello
2678 5213 2869 5268 Ctesar
2893 5214 3125 5282 ceperat
3157 5227 3170 5270 :

2065 5303 2348 5374 oppidum
2383 5320 2619 5375 quoque
2656 5305 2726 5360 ad
2761 5303 2980 5359 montis
3011 5302 3216 5374 pedem
3252 5303 3544 5357 struxerat
3574 5315 3588 5353 :

2066 5391 2332 5465 ﬁnesque
2363 5393 2597 5468 imperii
2630 5394 2878 5467 protulit
2907 5392 3212 5450 Maritzam
3238 5406 3452 5462 usque;

391 5521 495 5596 (81)
531 5525 765 5600 Rectius
809 5525 1147 5600 Acroporlita
1190 5523 1271 5580 ait
1289 5519 1952 5600 _Kmva‘czvmvopn67iewc.

862 5525 1147 5600 croporlita
1190 5523 1271 5580 ait
1289 5519 1952 5600 _Kmva‘czvmvopn67iewc.
2066 5528 2483 5600 praerogativis.

324 5591 694 5669 Nequeeerte
720 5591 984 5653 Joannes
1016 5599 1255 5652 Gnaeus
1287 5595 1599 5669 imperator
1655 5597 1954 5669 decretum
2067 5591 2085 5600 ’
2138 5591 2400 5669 (ςε2)“Ηοο
2433 5617 2648 5658 nomen
2673 5617 2824 5656 vers.
2845 5599 2986 5654 7987
3018 5596 3252 5652 effertur
3283 5591 3567 5666 singulari
3600 5607 3715 5648 nu-

326 5667 667 5725 condidiset
699 5670 771 5726 de
801 5669 1216 5741 episcoporum
1252 5667 1634 5739 Bulgarorum
1683 5668 1839 5724 inter
1893 5684 1958 5724 se
2072 5667 2249 5727 mero.
