4104 6204
268 434 273 439 ,
340 376 449 433 303
1558 358 1928 414 EPHREMII
1962 350 2538 410 CHRONOGRAPHI

346 515 548 560 verum
579 496 843 568 regiones
869 489 1126 563 reliquas
1159 488 1228 544 ad
1259 486 1497 543 boream
1531 484 1679 540 sitas

351 610 449 648 rex
477 587 861 655 Bulgarorum
892 582 1005 638 sibi
1038 578 1374 636 vindicavit.

351 683 500 747 Quin
533 680 676 735 adeo
709 674 1028 750 Byzantina
1059 688 1246 745 usque
1277 671 1347 726 ad
1382 668 1599 747 mmnia

354 788 487 829 cum
519 769 702 825 armis
732 766 906 823 ambo
938 780 1103 836 reges
1133 759 1701 834 appropinquarunt,

356 860 712 917 incutientes
745 857 963 912 mirum
993 852 1214 910 Latinis
1248 856 1469 906 metum
1506 865 1520 903 :

356 965 557 1006 verum
591 949 845 1003 instante
877 944 1064 1010 hieme
1098 959 1194 999 rex
1225 945 1471 1012 uterque

356 1038 418 1094 in
446 1054 621 1094 suum
656 1050 918 1091 reversus
949 1038 1038 1089 est
1066 1031 1275 1087 deinde
1306 1026 1642 1100 imperium.

358 1118 489 1185 Jam
521 1126 861 1184 Theodorus
892 1121 1265 1194 imperatoris
1296 1119 1454 1174 ﬁlius

274 1272 275 1275 η
359 1222 632 1293 impubes
662 1218 854 1273 adhuc
881 1221 1198 1284 teneraque
1225 1216 1408 1266 fatale.

360 1324 700 1381 quanquam
734 1304 934 1378 puellae
968 1303 1228 1358 nondum
1262 1299 1507 1353 idoneus
1537 1299 1682 1362 erat,

360 1398 768 1455 diversabatur
796 1400 993 1450 tamen
1025 1407 1154 1447 cum
1186 1406 1406 1461 sponsa
1446 1385 1662 1442 Helena

362 1488 518 1561 apud
547 1486 804 1559 reginam
837 1487 1085 1539 matrem
1119 1477 1611 1535 amantissimam.

363 1578 473 1635 Sed
503 1578 659 1633 enim
693 1583 869 1644 Asan,
904 1579 967 1627 ut
997 1571 1233 1626 credere
1264 1586 1368 1640 par
1400 1572 1543 1636 erat,

364 1672 537 1743 gestaa
568 1683 703 1724 cum
734 1669 934 1721 nostro
965 1666 1184 1716 Cmsare
1216 1658 1295 1714 rei
1332 1656 1640 1730 paenitens,

367 1759 551 1814 misso
582 1756 796 1829 legato,
832 1753 1102 1825 precibus
1132 1748 1442 1805 fallacibus

367 1848 438 1903 ad
474 1863 536 1903 se
569 1844 768 1902 reduci
801 1844 967 1915 petiit
998 1840 1180 1895 ﬁliam
1209 1855 1402 1907 suam,

366 1938 433 1990 ut
462 1936 592 2006 ejus
622 1932 877 2003 alloquio
908 1935 965 1985 et
992 1928 1119 1984 visu
1147 1928 1459 1995 frueretur,

367 2025 559 2100 quoad
588 2025 920 2080 versaretur
948 2020 1008 2075 in
1040 2017 1316 2074 Hadriani
1344 2016 1487 2071 urbe

367 2116 615 2187 conjuge
641 2129 774 2168 cum
805 2111 1016 2167 dilecta
1041 2111 1099 2165 et
1130 2123 1263 2163 cum
1294 2106 1546 2162 exercitu
1576 2121 1590 2173 ;

365 2205 438 2260 ad
471 2218 755 2275 sponsum
786 2216 957 2256 suum
990 2202 1193 2271 postea
1222 2209 1609 2251 reversuram.

372 2293 554 2365 Igitur
580 2292 821 2347 missam
855 2288 1035 2344 ﬁliam
1069 2302 1282 2360 parens
1316 2284 1575 2357 perfidus

370 2382 527 2438 haud
552 2384 673 2453 jam
710 2378 955 2445 remisit,
987 2377 1408 2447 lacrymantem
1439 2374 1595 2440 licet,

372 2489 572 2544 neque.
595 2472 954 2544 promissum
987 2468 1240 2523 reditum
1274 2466 1563 2521 concessit
1594 2481 1608 2519 :

372 2580 579 2621 verum
610 2578 743 2616 cum
771 2560 900 2629 ipsa
931 2559 1076 2615 abiit
1107 2558 1164 2612 in
1198 2557 1505 2621 Moesiam;

374 2656 620 2711 comites
651 2655 877 2707 tantum
902 2655 1053 2704 retro
1077 2648 1261 2719 jussit
1288 2648 1511 2701 cedere.

376 2748 509 2803 Mox
536 2741 764 2800 inﬁnita
794 2739 1144 2813 Scytharum
1175 2736 1486 2792 multitudo

375 2836 525 2892 Istro
553 2833 801 2904 trajecta
832 2845 966 2885 cum
1001 2826 1235 2883 feminis
1266 2843 1332 2882 ao
1363 2824 1584 2894 liberis,

375 2925 556 2981 invito
589 2928 796 2991 Asane,
830 2936 933 2992 per
959 2918 1191 2974 Emum
1225 2922 1398 2987 atque
1429 2916 1745 2988 Rhodopen

375 3014 564 3071 effusa
594 3017 685 3069 est
714 3012 773 3067 in
805 3025 1013 3083 agrum
1048 3006 1418 3073 Macedonia),

374 3123 509 3163 cum
540 3105 816 3161 universa
844 3099 1098 3157 Thracia
1130 3100 1284 3154 hunc
1314 3096 1677 3170 depopulans
1713 3114 1728 3155 :

372 3199 704 3268 IEnumque
736 3210 924 3265 usque
956 3194 1345 3265 pervenerunt
1377 3190 1576 3245 urbem

376 3294 550 3357 atque
577 3288 647 3341 ad
681 3285 955 3340 occiduas
985 3282 1122 3336 item
1157 3284 1351 3352 partes
1375 3279 1598 3352 Scythae
1632 3296 1646 3335 :

376 3392 625 3451 quorum
659 3374 757 3431 alii
789 3372 989 3428 liberis
1020 3371 1384 3443 vagabantur
1415 3369 1689 3425 tribubus

379 3484 498 3541 qua
527 3482 589 3523 se
619 3466 839 3520 ﬂumen
870 3462 1096 3516 Hebrus
1126 3460 1185 3513 in
1218 3461 1389 3514 mare
1409 3462 1722 3526 exonerat;

379 3559 478 3615 olii
504 3553 807 3628 occupatis
836 3550 1056 3607 villulis
1087 3549 1363 3619 utrinque

381 3654 443 3708 in
466 3651 646 3721 hujus
678 3645 822 3701 hora
850 3641 1164 3699 stationem
1197 3639 1464 3706 ﬁxerant,

380 3746 437 3798 et
467 3756 570 3813 per
598 3734 902 3809 planitiem
932 3731 1173 3801 locaque
1198 3727 1531 3797 maritima;

377 3831 533 3887 unde
564 3828 805 3883 ruentes
832 3820 1044 3895 praedis
1079 3816 1465 3888 indulgebant

372 3921 515 3976 urbe
547 3913 854 3988 capiendo,
890 3926 1070 3983 pagos
1096 3911 1412 3977 exurendo,

367 4006 636 4081 Scythica
666 4002 885 4074 ubique
916 4001 1065 4055 facta
1092 3996 1430 4054 solitudine.

365 4097 631 4167 Denique
660 4091 948 4163 captivam
981 4088 1216 4144 turbam
1244 4087 1306 4141 in
1338 4086 1554 4144 Grecis
1586 4086 1836 4142 urbibus

364 4188 548 4243 hasta
576 4181 942 4255 suppositam
978 4177 1221 4250 pecunia
1252 4176 1712 4233 commutabant.

361 4279 465 4333 Ast
498 4274 772 4331 Italorum
799 4269 1116 4342 impudens
1146 4284 1288 4339 gens
1320 4266 1622 4339 fcedifraga

362 4363 583 4437 ingenti
617 4362 898 4416 adversus
929 4362 1164 4413 nostros
1197 4356 1283 4410 ira
1313 4360 1638 4411 exaestuans

362 4455 433 4510 ob
464 4452 715 4507 inﬂictas
746 4466 780 4504 a
809 4451 1028 4503 Caesare
1058 4445 1252 4501 clades
1281 4444 1495 4514 varias,

359 4559 495 4599 cum
524 4539 755 4613 Scythis
785 4542 843 4594 et
874 4539 1060 4593 Asane
1090 4535 1277 4592 foedus
1310 4536 1567 4608 pepigit;

359 4637 417 4687 et
448 4631 531 4685 sic
562 4641 698 4684 cum
730 4624 912 4682 armis
944 4623 1230 4694 Scythicis
1257 4627 1314 4679 et
1338 4622 1661 4695 Bulgaricis
1696 4617 1713 4623 “

358 4724 563 4776 contra
591 4723 924 4779 Romanum
957 4716 1242 4772 Caesarem
1274 4712 1589 4769 commovit
1619 4712 1861 4770 bellum.

355 4814 505 4882 Ergo
536 4809 914 4864 accesserunt
943 4805 1014 4861 ad
1045 4802 1283 4860 Tzuruli
1316 4820 1523 4871 arcem,

355 4904 531 4971 atque
559 4897 711 4955 hanc
734 4894 1026 4951 machinis
1055 4894 1315 4966 undique
1346 4894 1650 4966 cingentes

353 4990 607 5045 summis
638 4985 1063 5059 oppugnabant
1093 4983 1319 5039 connisi
1350 4982 1596 5051 viribus,

236 5124 247 5139 κ
316 5152 319 5157 η
348 5076 563 5148 jaculis
594 5093 663 5131 ex
693 5076 937 5130 adverso
970 5073 1243 5143 saxisque
1266 5072 1466 5141 jactis,

352 5170 530 5239 atque
558 5163 867 5221 tormentis
901 5179 1100 5217 muros
1124 5161 1506 5216 suil‘odientes

350 5255 498 5311 nihil
529 5253 752 5334 excidio
783 5253 1059 5308 idoneum
1085 5250 1454 5306 omittebant.

348 5349 563 5401 Verum
594 5358 801 5400 omnes
829 5340 1137 5411 machinae,
1166 5356 1358 5409 arcus,
1398 5337 1508 5394 tela

343 5433 405 5489 in
436 5416 683 5489 irritum.
703 5415 1409 5501 lusumque'recidebant.

338 5522 478 5578 Erat
508 5521 666 5578 enim
702 5519 856 5575 arcis
884 5535 1097 5590 praeses
1129 5519 1362 5588 duxque
1392 5514 1529 5570 belli

338 5609 707 5683 Nicephorus
736 5612 795 5664 et
824 5607 1063 5662 nomine
1086 5610 1143 5662 et
1175 5606 1342 5661 factis
1372 5604 1557 5659 victor

339 5696 870 5755 Tarehaniotarum
901 5692 1137 5766 genitus
1171 5692 1413 5762 familia,

2022 482 2080 546 Α
2105 476 2247 532 8200
2284 475 2367 531 Τὰ
2392 471 2438 528 δ’
2466 470 2531 527 αὖ
2561 471 2678 526 κατ’
2705 467 2900 544 ἄρκτον
2932 463 3360 545 προσνενευκότα
3397 464 3539 539 μέρη

2296 561 2648 638 κληρουχίαν
2684 558 2877 637 ετίληφε
2906 557 3234 631 Βουλγάρων
3269 552 3415 624 ἄναξ.

2285 653 2387 708 Καὶ
2418 652 2582 727 μέχρι
2616 648 2660 705 δ’
2694 649 2867 704 αὐτῶν
2895 648 3123 723 τειχέων
3154 640 3477 714 Βυζαντίδος

2287 747 2547 802 ’Ἄνακτες
2581 738 2745 816 ἄμφω
2775 734 3245 814 προσπελάζουσιν
3274 732 3491 802 ὅπλοις,

2291 830 2389 884 Καὶ
2419 830 2610 885 πτοίαν
2644 826 2759 883 ο⁹ίαν
2780 827 3045 890 έντιθοῢσι
3077 823 3328 884 Λατίνοις
3365 842 3378 854 ·

2110 922 2252 977 8205
2287 921 2571 995 Ἑκάτερος
2602 916 2647 973 δ’
2674 915 2858 974 ἔπειτα
2888 920 2991 971 τῶν
3026 912 3294 991 βασιλέων

2287 1011 2579 1084 Χειμῶνος
2613 1006 2932 1082 ὑπέστρεψεν
2968 1003 3043 1067 εἲς
3074 1001 3433 1080 κραταρχίαν.

2287 1098 2349 1155 Ὁ
2384 1093 2478 1171 μέν
2506 1117 2566 1174 γε
2596 1093 2875 1171 Θεόδωρος
2908 1095 3134 1154 ἄνακτος
3161 1091 3324 1169 γόνος

2289 1182 2537 1258 ’Άνηϐος
2570 1182 2644 1241 ὤν
2675 1208 2760 1248 τις
2792 1185 2881 1240 καὶ
2911 1184 3178 1247 νεώτατος
3204 1181 3380 1259 φύσει,

2293 1277 2351 1333 Εἰ
2380 1278 2469 1332 καὶ
2501 1275 2687 1348 συνήει
2721 1274 2993 1350 μηδαμῶς
3023 1296 3087 1350 γε
3113 1278 3183 1348 τῇ
3208 1273 3366 1349 κόρῃ,

2111 1379 2253 1433 8210
2292 1376 2445 1445 Πλὴν
2474 1374 2601 1431 ἀλλ’
2631 1376 2834 1445 ἀνῆκτο
2866 1373 2958 1428 σὺν
2990 1372 3181 1447 Ἑλένῃ
3216 1370 3433 1446 συζύγῳ

2292 1466 2435 1539 Πρὸς
2470 1461 2750 1539 βασιλίδος
2781 1464 3025 1536 εὐμενῶς
3058 1459 3408 1538 φιλοφρόνως
3440 1479 3452 1491 ·

2293 1552 2708 1627 Μεταμεληθεὶς
2739 1548 2786 1606 δ’
2808 1553 2883 1614 ὡς
2917 1552 3041 1622 ἐνῆν
3073 1550 3386 1621 ἀπεικάσαι,

2296 1644 2412 1718 Ἐφ’
2442 1645 2525 1705 οἷς
2556 1643 2718 1697 Ἀσὰν
2750 1638 2973 1716 δέδρακε
3001 1641 3138 1717 πρὸς
3169 1638 3421 1717 βασιλέα,

2296 1732 2522 1796 Στείλας
2550 1732 2687 1805 πρὸς
2716 1730 2874 1786 αὐτὸν
2904 1729 3191 1805 ἓκλιπαρεῖ
3219 1727 3311 1784 σὺν
3346 1724 3496 1801 δόλῳ

2036 1846 2086 1912 Β
2115 1825 2257 1880 8215
2292 1823 2456 1894 Αύτῷ
2487 1819 2752 1890 σταλῆναι
2782 1822 2881 1891 τήν
2915 1817 3084 1897 φίλην
3117 1817 3380 1896 θυγατέρα

2296 1910 2656 1986 υροσρήσεώς
2683 1930 2741 1965 τε
2768 1909 2857 1964 καὶ
2890 1906 3057 1986 φίλης
3090 1908 3211 1972 θέας
3244 1910 3404 1985 χάριν

2295 2001 2381 2055 Ἐν
2414 1996 2736 2076 Ἀνδριανοῦ
2763 2001 2832 2073 τῇ
2859 1996 3019 2053 πόλει
3049 1997 3403 2071 σκηνουμένῳ

2297 2089 2451 2146 Μετά
2480 2088 2730 2164 στρατιᾶς
2761 2087 2852 2143 καὶ
2884 2088 3134 2141 συνεύνου
3166 2085 3460 2164 φιλτάτης,

2299 2177 2458 2235 Μετά
2491 2175 2536 2231 δ’
2569 2176 2853 2247 ἐπανήκειν
2882 2197 2943 2253 γε
2971 2176 3108 2251 πρὸς
3131 2176 3222 2230 τὸν
3254 2176 3524 2251 γαμέτην.

2119 2278 2261 2335 8220
2301 2273 2598 2331 Σταλεῖσαν
2631 2277 2826 2331 οὐκοῦν
2858 2269 3186 2350 προσλαϐὼν
3216 2273 3558 2353 φυτοσπόρος

2300 2363 2510 2423 Οὔκουν
2548 2367 2751 2438 μεθῆκε
2779 2364 2869 2420 καὶ
2902 2361 3236 2439 δακρύουσαν
3270 2362 3421 2437 μάλα

2246 2504 2249 2507 ν
2305 2451 2758 2528 Ἐπαναδραμεῖν,
2794 2454 2868 2516 ὡς
2902 2454 3217 2530 ὑπόσχεσις,
3248 2452 3411 2509 πάλιν
3444 2470 3458 2485 ⁸

2306 2544 2480 2602 Ἀλλὰ
2510 2543 2602 2599 σὺν
2632 2543 2766 2618 αὐτῇ
2797 2544 2934 2618 πρὸς
2970 2542 3186 2606 Μυσοὺς
3213 2543 3533 2619 ἀποτρέχει,

2306 2638 2500 2699 Μεθείς
2532 2633 2769 2698 ὀπαδοὺς
2800 2634 2938 2690 ἱέναι
2970 2631 3381 2710 παλινδρόμους
3412 2652 3426 2665 ⁸

2128 2729 2271 2783 8225
2302 2727 2432 2784 Εἶτα
2462 2726 2726 2780 Σκυθικὸν
2762 2726 3128 2802 μυριάριθμον
3167 2724 3347 2802 ττίφος

2308 2817 2516 2890 Ἴστρον
2550 2816 2786 2890 περάσαν
2820 2813 2913 2869 σὺν
2945 2814 3153 2887 γυναιξί
3183 2813 3273 2868 καὶ
3300 2811 3533 2881 τέκνοις,

2309 2911 2577 2969 ’Ἂκοντος
2606 2906 2794 2974 Ἀσὰν,
2825 2903 2896 2960 δι’
2922 2904 3102 2979 Α’ίμου
3127 2906 3216 2960 καὶ
3248 2901 3519 2977 Ῥοδόπης

2310 2992 2497 3066 Χύδην
2532 2993 2738 3064 ἐπῆλθε
2769 2991 3105 3055 Μακεδονίας
3136 2995 3352 3065 τόποις,

2312 3088 2411 3138 Καὶ
2440 3081 2595 3153 τήνδ’
2626 3081 2917 3154 ἐληίσαντο
2948 3082 3040 3137 σὺν
3074 3083 3218 3157 πάσῃ
3246 3083 3449 3158 Θρᾴκῃ,

2052 3214 2096 3282 C
2132 3175 2276 3231 8230
2312 3172 2405 3236 Εἲς
2440 3174 2587 3230 Αἶνον
2620 3171 2785 3241 αὐτὴν
2818 3170 3149 3251 πεφθακότες
3177 3174 3276 3242 τήν
3308 3170 3495 3241 πόλιν,

2313 3261 2493 3282 "tt
2585 3262 2709 3282 κη,
2803 3260 2845 3282 ,ξ
3080 3258 3128 3282 Α,
3206 3281 3219 3282 η
3343 3260 3383 3282 ιν

2313 3261 2411 3317 Καὶ
2436 3262 2503 3316 τὰ
2531 3262 2665 3336 πρὸς
2694 3260 2920 3335 ἑσπέρας
2951 3282 3014 3336 γε
3042 3258 3263 3316 νεύοντα
3296 3260 3434 3337 μέρη
3472 3281 3485 3293 ·

2311 3354 2404 3407 Ὧν
2431 3352 2482 3407 οἱ
2516 3352 2610 3424 μὲν
2638 3351 2789 3425 εἶχον
2821 3350 2915 3413 τὰς
2946 3349 3118 3423 νομὰς
3148 3347 3458 3426 ἐλευθέρας,

2315 3440 2458 3495 Κατὰ
2487 3440 2737 3513 ποταμὸν
2773 3440 2942 3515 Εὗρον
2977 3436 3389 3513 ὠνομασμένον,

2310 3531 2407 3593 ⁸ος
2436 3523 2670 3592 ἐκϐολὰς
2698 3526 2909 3599 τίθησιν
2944 3527 3018 3590 είς
3049 3527 3411 3607 ’Λμφιτρίτην
3443 3547 3458 3561 ·

2131 3631 2275 3686 8235
2312 3629 2379 3687 Οἱ
2412 3624 2459 3683 δ’
2489 3625 2553 3683 αὖ
2580 3624 2929 3696 ἐνηυλίζοντο
2960 3624 3119 3682 τοῦδε
3142 3627 3396 3703 χωρίοις,

2310 3719 2422 3775 Κάν
2445 3722 2563 3782 τοῖς
2591 3714 2800 3780 πεδίοις
2830 3716 2919 3772 καὶ
2950 3716 3141 3779 τόποις
3172 3715 3487 3794 παραλίοις,

2310 3809 2424 3886 Ἐφ’
2455 3809 2528 3862 ὧν
2562 3804 2776 3878 ἐδῄουν,
2810 3804 3096 3862 ἐσκύλευον
3128 3807 3195 3862 τὰ
3224 3808 3398 3883 πέριξ,

2305 3898 2597 3971 Αἱροῦντες
2628 3894 2785 3966 ἄστη,
2818 3894 3229 3971 πυρπολοῦντες
3258 3896 3460 3972 χωρία,

2303 3987 2401 4041 Καὶ
2431 3985 2604 4042 πάντα
2632 3983 2861 4060 δρῶντες
2897 3986 3168 4054 Σκυθικὴν
3202 3984 3435 4061 ἐρημίαν
3467 4003 3487 4021 ο

2122 4078 2264 4133 8240
2301 4074 2439 4139 Τοὺς
2472 4073 2519 4130 δ’
2548 4071 2945 4150 αἰχμαλώτους
2977 4074 3052 4136 εἰς
3082 4074 3276 4139 πόλεις
3301 4074 3395 4137 τὰς
3424 4076 3694 4133 Αὐσόνων

2298 4165 2617 4229 Πωλοῢντες
2647 4165 2785 4241 ἦγον
2815 4164 3057 4241 ἀργύρου
3087 4166 3175 4220 καὶ
3209 4166 3466 4241 χρυσίου.

2299 4257 2374 4313 Τὸ
2406 4253 2453 4311 δ’
2482 4253 2706 4312 Ἰταλῶν
2738 4252 3061 4325 ἔκσπονδον,
3097 4252 3312 4319 ἀναιδὲς
3338 4258 3494 4330 γένος

2300 4347 2423 4401 Κατ’
2450 4346 2709 4401 Αὐσόνων
2748 4344 2908 4418 μῆνίν
2940 4365 2999 4399 τε
3025 4345 3113 4399 καὶ
3145 4344 3322 4421 χόλον
3360 4344 3555 4423 τρέφον

2297 4436 2411 4512 Ἐφ’
2435 4437 2518 4496 οἷς
2547 4435 2729 4496 κακῶς
2760 4432 3024 4497 πέπονθεν
3057 4431 3117 4489 ἐκ
3149 4433 3446 4508 βασιλέως,

2116 4533 2259 4590 8245
2299 4530 2575 4601 Συνῆλθεν
2609 4531 2769 4588 Ἀσᾶν
2793 4530 2883 4585 καὶ
2916 4532 3150 4593 Σκύθαις
3181 4530 3258 4593 είς
3285 4526 3585 4605 συμϐάσεις
3621 4552 3641 4567 ο

2294 4621 2400 4678 Καὶ
2434 4620 2525 4675 σὺν
2560 4625 2783 4695 στρατιᾷ
2814 4623 3056 4693 Σκυθικῇ
3086 4620 3177 4675 καὶ
3208 4620 3543 4697 Βουλγάρων

2297 4715 2415 4771 Ἐπ’
2444 4712 2605 4768 αὐτὸν
2636 4713 2784 4785 ὁρμᾷ
2811 4714 2904 4767 τὸν
2931 4712 3252 4788 κρατάρχην
3283 4713 3566 4773 Αὐσόνων.

2292 4803 2380 4865 Ὡς
2414 4799 2460 4856 δ’
2489 4803 2624 4872 ἧκον
2657 4798 2759 4856 ἔνθ’
2789 4795 2970 4876 ἔρυμα
2997 4800 3353 4877 Τζουρούλου
3383 4801 3540 4858 πέλει

2292 4886 2688 4968 Περιλαϐόντες
2720 4895 2999 4966 μηχαναῖς
3027 4890 3222 4953 πάσαις
3250 4889 3396 4961 τόδε,

2113 4984 2256 5040 8250
2296 4983 2497 5057 Μάχην
2531 4979 2614 5036 ἐπ’
2644 4978 2774 5034 αὐτὸ
2803 4979 3065 5055 καρτερὰν
3099 4980 3477 5055 συνεκρότουν,

2290 5071 2498 5142 Τόξοις,
2532 5069 2710 5133 λίθοις
2746 5067 3046 5144 βάλλοντες
3079 5068 3132 5140 ἐξ
3172 5067 3443 5139 ἆναντίας,

2291 5160 2390 5215 Καὶ
2427 5164 2706 5234 μηχαναῖς
2736 5157 3029 5220 τύπτοντες
3056 5159 3221 5214 αὐτοῦ
3247 5158 3342 5221 τὰς
3368 5160 3578 5235 βάρεις,

2292 5249 2390 5303 Καὶ
2415 5249 2587 5304 πάντα
2618 5244 2853 5322 δρῶντες
2884 5245 3024 5302 ὥστε
3051 5254 3327 5324 πορθῆσαι
3354 5246 3502 5307 τόδε.

2291 5334 2450 5393 Ἀλλ’
2480 5337 2615 5406 ἦσαν
2648 5335 2833 5399 αὐτοῖς
2864 5337 3130 5411 μηχαναὶ,
3161 5337 3312 5410 τόξα,
3348 5336 3511 5414 βέλη,

2107 5430 2251 5485 8255
2288 5425 2481 5483 Ἔιυλα
2509 5426 2682 5480 πάντα
2711 5426 2803 5480 καὶ
2834 5428 3010 5504 σαφὴς
3040 5424 3293 5503 ληρωδία
3324 5447 3337 5458 ⁸

2286 5517 2347 5573 Ὁ
2375 5515 2475 5589 γὰρ
2505 5508 2612 5569 ἔσω
2639 5513 2991 5593 φρούραρχος
3021 5514 3058 5585 ἢ
3091 5516 3462 5592 στρατηγέτης

2282 5602 2604 5683 Νικηφόρος
2633 5601 2829 5675 κλήσει
2853 5625 2913 5659 τε
2942 5602 3033 5659 καὶ
3060 5604 3286 5678 τρόποις
3313 5602 3482 5661 πλέον

2278 5697 2714 5770 Ταρχανιιωτῶν
2748 5692 2809 5750 ἐκ
2837 5693 3030 5770 γένους
3061 5694 3426 5770 κατηγμένος,

2039 4585 2087 4648 D
