4004 6200
234 267 351 324 305

425 397 486 452 Ὀ
513 399 614 450 τοῦ
648 394 888 470 μεγάλου
919 393 1242 470 δομεστίκου
1271 399 1503 477 νυμφίος

237 487 386 540 8260
432 482 832 557 Παλαιολόγων
869 484 928 538 ἐκ
959 484 1137 562 φυλῆς
1167 485 1542 561 Ἀνδρονίκου,

425 573 519 634 Εἰς
549 571 912 644 πρωτόπαιδα
946 575 1156 649 Μαρίαν
1193 579 1479 653 θυγατέρα,

427 665 542 731 Τῆς
579 661 858 736 βασιλείου
889 665 1162 735 τραπέζης
1195 665 1492 740 ὑπηρέτης,

427 751 576 806 Μετά
606 749 662 805 δὲ
695 748 1020 823 δομέστικος
1054 752 1234 830 ὀφθείς
1266 775 1349 816 τις
1385 753 1572 827 μέγας,

426 838 702 911 Ἀνδρεῖος
734 841 893 915 ἀνὴρ,
930 843 1144 904 συνετὸς
1175 843 1265 897 καὶ
1303 841 1580 918 γεννάδας,

239 942 387 996 8265
427 944 562 994 Θεοῦ
592 939 840 1014 Θεράπων
872 942 1140 1015 νουνεχής
1168 943 1213 994 θ’
1247 942 1543 1017 ὑπηρέτης,

425 1032 562 1092 Ταῖς
590 1028 870 1103 εὐτυχίαις
902 1029 994 1083 καὶ
1036 1030 1388 1105 στρατηγίαις
1422 1031 1613 1104 μέγας·

421 1120 520 1180 "Oc
551 1123 670 1178 ταῖς
694 1120 813 1172 κατ’
841 1118 1060 1194 ἐχθρῶν
1091 1116 1457 1192 ἀναδούμενος
1486 1120 1684 1186 νίκαις,

424 1207 658 1282 Στερρός
685 1228 770 1268 τις
802 1206 1109 1282 ἀντίμαχος
1139 1210 1204 1277 ἦν
1237 1209 1577 1270 ἀντιστάταις

421 1296 775 1371 Ἀποτρέπων
808 1296 1098 1371 φάλαγγας
1130 1298 1304 1352 αὐτῶν
1338 1297 1618 1373 εὐψύχως,

229 1388 378 1442 8270
418 1390 553 1440 Θεοῦ
581 1385 751 1449 σθένει
783 1407 841 1440 τε
869 1386 958 1440 καὶ
986 1387 1312 1464 στρατηγίας
1342 1389 1532 1462 τέχνῃ.

421 1474 609 1536 Οὕτως
640 1474 901 1549 ἐχόντων,
934 1477 1008 1537 ὡς
1037 1473 1194 1552 ἔφην,
1225 1482 1330 1530 τῶν
1362 1477 1722 1551 πραγμάτων,

423 1565 582 1620 Ἀσάν
607 1563 967 1619 τολυπεύοντι
997 1565 1063 1619 τὰ
1088 1567 1224 1620 κατὰ
1255 1567 1465 1640 μάχην,

416 1652 770 1729 Ἀγγέλλεται
805 1656 1031 1727 μήνυμα
1065 1656 1254 1727 μεστὸν
1296 1655 1536 1728 πικρίας,

415 1744 506 1805 Ὠς
541 1743 768 1816 σύζυγός
801 1765 857 1798 τε
884 1743 974 1799 καὶ
1007 1743 1099 1798 σὺν
1130 1745 1264 1818 αὐτῇ
1292 1743 1528 1813 παιδίον,

226 1835 373 1890 8375
411 1831 517 1889 Καὶ
551 1827 824 1907 Τρινόϐου
854 1831 1120 1908 πρόεδρος
1149 1833 1338 1888 αὐτίκα
1371 1831 1519 1906 μάλα

409 1924 672 1985 Τεθνᾶσιν
703 1919 814 1990 ἤδη
845 1922 936 1977 τὸν
973 1923 1091 1982 βίον
1127 1921 1446 1984 λελοιπότες

410 2011 500 2072 Ὠς
533 2012 625 2064 οῦν
655 2013 804 2066 ταῦτ’
834 2012 1127 2080 ήνώτιστο,
1161 2010 1326 2074 λύσας
1356 2013 1456 2080 τὴν
1493 2011 1703 2087 μάχην,

410 2099 589 2163 Εὖθῦς
614 2098 920 2169 ἐπανέζευξε
949 2101 1086 2173 πρὸς
1113 2102 1212 2168 τήν
1246 2101 1472 2170 Μυσίαν,

409 2190 547 2262 Πυρὶ
580 2185 860 2261 παραδοὺς
889 2190 1121 2263 τειχέων
1152 2189 1508 2265 καθαιρέσεις.

227 2290 372 2343 8280
417 2287 602 2343 Μόνον
637 2285 694 2341 δὲ
719 2285 891 2363 φῦλον
923 2285 1148 2342 Ἰταλῶν
1177 2286 1560 2361 λελειμμένον,

411 2377 510 2430 Καὶ
542 2378 689 2430 τοῦτ’
717 2373 1028 2446 έπανέζευξε
1057 2377 1194 2449 πρὸς
1221 2376 1538 2447 Βυζαντίδα,

412 2467 584 2520 "Ac-tu
614 2463 877 2527 λελοιπὸς
907 2465 1103 2533 ἀσινὲς,
1141 2462 1354 2540 βλάϐης
1375 2464 1528 2542 δίχα.

412 2555 572 2610 Ἀσᾶν
605 2553 663 2609 δὲ
694 2555 869 2618 συνεὶς
899 2559 1180 2632 συμφορᾶς
1213 2557 1310 2624 τήν
1341 2556 1513 2611 αἰτίαν

411 2645 500 2707 Ὧς
532 2642 734 2706 ἔκτισις
764 2646 970 2718 πέφυκε
997 2651 1097 2712 τῆς
1127 2644 1408 2720 έφορκίας,

224 2735 374 2790 8285
419 2728 778 2808 Πρεσϐεὖεται
805 2735 1037 2807 τάχιστα
1066 2733 1200 2806 πρὸς
1235 2731 1480 2807 βασιλέα,

412 2825 676 2877 Ἀνανεῶν
709 2820 879 2890 κῆδός
907 2842 967 2876 τε
997 2821 1086 2875 καὶ
1119 2817 1496 2892 συμϐιϐάσεις,

412 2915 479 2968 “Α
510 2909 737 2985 δέδρακε
765 2911 917 2985 πρὶν,
951 2913 1184 2980 ήθέτησε
1215 2908 1260 2964 δ’
1294 2911 1546 2984 ὑστέρως.

411 3003 473 3058 Ὁ
506 2999 550 3055 δ’
584 3001 832 3073 ἀσμένως
860 3001 1061 3070 ἤκουσε
1087 2996 1372 3073 πρεσϐείας
1407 2999 1629 3075 λόγους,

411 3092 512 3147 Καὶ
548 3089 828 3145 σπένδεται
863 3089 929 3159 δή
960 3090 1318 3164 συγγινώσκει
1348 3092 1396 3142 τ’
1427 3087 1490 3143 αὖ
1525 3089 1675 3162 μάλα

221 3183 374 3237 8290
417 3182 790 3237 Μετανοοῦντι
825 3177 1152 3254 Βουλγάρων
1181 3179 1484 3253 ἀρχηγέτῃ,

410 3273 525 3346 .Ep’
560 3272 643 3331 οἷς
673 3273 856 3332 κακῶς
884 3265 1103 3342 ἔπραξεν
1138 3267 1334 3343 ὅρκους
1366 3272 1623 3343 συγχέας.

407 3361 508 3421 Ὃς
541 3357 739 3413 λοιπὸν
773 3357 1089 3430 έκπέπομφε
1115 3358 1205 3411 καὶ
1238 3357 1519 3432 θυγατέρα,

407 3448 514 3502 Καὶ
549 3442 905 3520 συμϐιϐάσεις
936 3443 1166 3518 ἐμπεδοἶ
1190 3446 1279 3501 καὶ
1308 3445 1515 3522 φιλίαν,

409 3537 518 3592 Καὶ
548 3535 715 3591 πάλιν
752 3535 1007 3591 Αὐσόνων
1034 3556 1092 3588 τε
1126 3533 1444 3610 Βουλγάρων
1470 3536 1634 3607 μέσον

217 3629 370 3684 8295
410 3627 689 3699 Ὑπῆρχιν
721 3625 942 3698 εἰρήνης
967 3645 1024 3678 τε
1055 3625 1143 3678 καὶ
1176 3623 1366 3698 φιλίας
1396 3623 1580 3686 κλέος.

414 3715 810 3786 Ἐξαπορηθεὶς
833 3719 955 3775 τοῖς
989 3712 1145 3775 ὅλοις
1177 3711 1507 3776 Βαλδουῖνος

405 3806 499 3865 Ἱὶς
535 3801 844 3866 συνελαθεὶς
878 3803 952 3864 εἷς
984 3801 1146 3857 πόλιν
1180 3802 1540 3877 πανταχόθεν,

411 3894 563 3967 Πρὸς
593 3897 685 3947 τεῦ
714 3896 1042 3965 κρατοῦντος
1073 3891 1327 3948 Αὐσόνων
1361 3892 1613 3948 Ἰωάννου

413 3984 564 4054 Πρὸς
592 3982 732 4057 ῥῆγα
761 3984 1030 4056 Φράγγων
1065 3981 1116 4035 έν
1146 3983 1393 4055 τριήρεσι
1423 3983 1602 4051 πλέει,

214 4089 369 4141 8300
413 4082 514 4136 Καὲ
544 4081 896 4154 συμμαχικὸν
928 4075 1256 4151 προσλαϐὼν
1290 4078 1545 4134 πλεῖστον
1587 4079 1752 4153 μάλα,

409 4172 518 4229 Καὶ
553 4167 831 4230 διοδεύσας
861 4167 1118 4234 Γαλλίας,
1148 4167 1404 4237 Ἰταλίαν,

409 4261 506 4325 Εἷς
540 4260 781 4314 ΙΙαιόνων
815 4253 1008 4336 ἔφθασε
1038 4256 1272 4331 λιπαρὰν
1306 4257 1493 4333 χθόνα’

409 4353 534 4426 ‘A?’
569 4348 632 4404 οῦ
660 4351 894 4423 περάσας
922 4349 1014 4403 τὸν
1052 4344 1341 4422 βαθυδίνην
1367 4350 1599 4423 Ἴστρον,

407 4440 699 4514 Προσέσνχε
727 4440 926 4495 Μυσῶν
956 4443 1073 4498 τοῖς
1105 4438 1486 4511 ἀποκρήμνοις
1516 4437 1730 4507 τόποις,

216 4533 368 4588 83⁵5
410 4528 485 4585 Οἳ
513 4529 608 4581 καὶ
638 4527 912 4601 παρέσχον
947 4523 1130 4580 δίοδον
1157 4533 1276 4588 τοῖς
1305 4526 1575 4594 Λατίνοις,

409 4617 522 4672 Ti:
558 4615 695 4690 πρὸς
723 4619 1022 4687 κρατοῦντα
1051 4612 1287 4678 σπονδάς
1321 4615 1669 4684 ἠΟετηκότες,

407 4705 584 4763 Εἷλον
618 4703 662 4760 δ’
695 4704 893 4761 Ἰταλοὶ
925 4705 1014 4759 καὶ
1043 4701 1391 4779 Τζουρουλὸν
1422 4709 1500 4776 τῷ
1526 4706 1649 4761 τότε

411 4795 630 4858 Σκύθας
659 4792 880 4868 ἔχοντες
914 4793 1241 4868 συμμάχους
1273 4794 1630 4867 παριστρίους

404 4888 524 4939 Τοῦ
560 4881 870 4956 Ιῐετραλίφα
899 4885 1032 4952 πρὸς
1063 4880 1312 4958 φυλακήν
1342 4881 1624 4958 φρουρίου,

215 4988 366 5042 8310
411 4984 703 5043 Ἒνκοσθεν
736 4978 889 5040 ὄντος
921 4980 1170 5053 εὐγενοῦς
1201 4979 1584 5054 στρατηγέτου.

407 5070 579 5138 νΑναξ
604 5067 648 5122 δ’
677 5068 919 5123 ἐπελθὼν
949 5066 1312 5140 Νικομηδείας
1341 5069 1531 5131 τόποις

413 5164 496 5215 Δι’
534 5159 870 5234 ὑγσοχέρσου
902 5164 1151 5231 στρατιᾶς
1186 5156 1496 5233 ῥωμαλέας,

407 5245 722 5320 Δακιϐὗζης
753 5251 1015 5324 φρούριον
1051 5251 1159 5304 εἷλε
1185 5254 1254 5323 τῇ
1289 5251 1469 5324 μάλα

411 5340 634 5415 ’Ἐρυμά
655 5343 700 5394 τ’
733 5338 860 5395 ἄλλ’
890 5339 936 5412 ᾧ
967 5338 1166 5408 κλῆσις
1192 5342 1540 5410 Νικητιάτου.

213 5440 366 5493 8315
417 5434 519 5487 Καὶ
557 5433 698 5486 λείαν
731 5431 982 5501 ἀπήλασε
1015 5428 1227 5497 πλῆθος
1258 5428 1532 5507 λαφύρων.

413 5525 664 5584 Πέπονθε
694 5521 738 5577 δ’
773 5521 962 5585 ἄλλως
991 5521 1041 5576 ἐν
1079 5519 1264 5591 στόλῳ
1297 5519 1602 5597 δυστυχίαν·

404 5615 530 5671 Τοῦ
561 5612 659 5688 γάρ
694 5612 972 5692 Κοντοφρὶ
1004 5611 1275 5680 Μανουὴλ
1305 5611 1644 5685 κεκλημένου

1785 273 2142 327 ΟΕΘΔΒΕΘ.

1926 399 1980 465 Α
2011 395 2111 468 qui
2144 398 2448 454 domestici
2482 400 2679 471 magni
2712 417 2889 471 gener
2919 405 3043 456 erat

2014 487 2330 542 Andronici
2361 493 2532 560 gente
2566 489 2893 560 Palmologi,

2016 577 2186 647 cujus
2219 578 2509 634 seniorem
2549 577 2729 633 ﬁliam
2761 579 2999 634 Mariam
3035 581 3294 650 duxerat,

2015 675 2172 731 Idern
2207 681 2263 731 et
2296 677 2462 747 regiae
2498 694 2711 732 mensae
2749 678 3026 749 pinccrna
3056 685 3208 748 erat;

2016 781 2149 820 mox
2179 772 2234 820 et
2264 782 2515 836 magnus
2547 767 2901 822 domesticus
2935 768 3042 822 fuit
3073 775 3300 824 creatus
3339 789 3350 825 :

2013 855 2099 909 vir
2128 871 2268 910 sane
2299 857 2484 925 fortis,
2518 857 2774 927 prudens
2801 863 2856 911 et
2888 859 3323 927 magnanimus,

2012 945 2329 998 admodum
2367 944 2676 1016 religiosus
2703 945 2799 999 Dei
2838 946 3118 1013 famulus,

2012 1033 2244 1088 fortuna
2275 1039 2330 1088 et
2360 1033 2536 1089 rebus
2567 1033 2792 1090 bellicis
2825 1034 3161 1105 praeclarus.

2009 1122 2112 1178 Hic
2144 1124 2215 1179 ob
2249 1123 2460 1179 relatas
2496 1123 2706 1178 nobilis
2739 1123 3033 1193 victorias,

2011 1211 2278 1267 hostibus
2309 1216 2431 1267 erat
2465 1215 2669 1265 firmus
2702 1212 3094 1278 adversarius,

2005 1317 2256 1373 quorum
2292 1299 2610 1372 phalanges
2644 1300 2958 1370 repellebat
2989 1302 3215 1357 fortiter

2005 1392 2197 1446 divino
2229 1391 2442 1446 auxilio
2475 1391 2657 1445 fretus
2689 1395 2744 1444 et
2770 1395 2890 1444 arte
2923 1390 3147 1445 bellica.

2003 1481 2147 1534 Ecce
2178 1484 2373 1534 autem
2408 1479 2582 1532 rebus
2614 1479 2694 1532 ita
2723 1495 2784 1534 se
2817 1479 3172 1535 habentibus

2002 1569 2200 1635 Asani,
2236 1573 2300 1622 ut
2329 1568 2469 1633 dixi,
2505 1569 2572 1620 ad
2614 1567 2826 1622 bellum
2867 1570 3225 1625 incumbenti

2002 1658 2244 1712 nuntius
2272 1656 2428 1710 venit
2462 1655 2670 1727 plenus
2701 1657 2972 1722 amaritie

1917 1770 1964 1835 Β
2001 1748 2155 1819 quod
2191 1747 2318 1815 ejus
2349 1745 2524 1799 simul
2559 1762 2701 1799 uxor
2730 1761 2796 1799 ac
2834 1744 3067 1814 tiliolus,

1994 1842 2171 1906 atque
2203 1833 2583 1905 archiprmsul
2616 1833 2887 1902 Ternobi,
2921 1841 3159 1904 repente

1990 1925 2167 1980 vitam
2199 1940 2330 1980 cum
2365 1929 2551 1978 morte
2584 1939 2766 1992 nuper
2795 1928 3322 1980 commutaverunt.

1992 2024 2216 2090 Quibus
2249 2023 2344 2079 ille
2373 2022 2616 2091 auditis,
2647 2021 2866 2076 omisso
2899 2020 3071 2090 bello,

1991 2113 2195 2169 statim
2226 2113 2284 2168 in
2318 2111 2577 2167 Mmsiam
2613 2111 2929 2165 maturavit
2959 2111 3232 2178 reditum,

1991 2203 2123 2270 igne
2155 2201 2521 2272 consumptis
2553 2199 2776 2256 bellicis
2806 2200 3134 2255 tormentis.

1993 2293 2158 2347 Tunc
2191 2300 2242 2345 et
2277 2291 2478 2345 Latina
2508 2288 2784 2345 derelicta
2819 2288 3070 2358 phalanx

1994 2381 2334 2453 Byzantium
2367 2379 2481 2435 sibi
2515 2379 2878 2434 redeundum
2911 2379 3163 2447 censuit,

1994 2476 2052 2524 et
2081 2470 2166 2524 sic
2190 2467 2479 2523 Tzurulus
2513 2467 2765 2538 perstitit
2790 2467 3126 2523 incolumis.

1995 2560 2162 2614 Tunc
2195 2573 2327 2612 vero
2355 2560 2576 2612 Asanes
2610 2556 2994 2611 infortunium
3030 2574 3204 2612 suum

1989 2647 2212 2717 justam
2249 2646 2489 2718 perjurii
2524 2662 2751 2716 pcenam
2783 2661 2910 2700 esse
2943 2645 3300 2719 intelligens,

1998 2737 2263 2807 protinus
2296 2735 2458 2790 misit
2487 2736 2555 2792 ad
2591 2738 2872 2790 Caesarem
2910 2734 3132 2805 legatos

1999 2842 2198 2896 pacem
2234 2826 2573 2878 instaurans
2604 2828 2660 2878 et
2690 2821 3056 2888 afﬁnitatem,

1999 2932 2172 2986 quam
2208 2915 2344 2970 olim
2382 2916 2430 2969 is
2462 2913 2844 2984 compositam
2880 2930 3012 2966 mox
3054 2914 3387 2968 resciderat.

1998 3011 2183 3062 Cresar
2213 3006 2463 3059 libenter
2492 3003 2843 3074 legationem
2876 3001 3082 3066 audiit,

2003 3096 2302 3165 taedasque
2333 3091 2648 3155 renovavit,
2680 3094 2734 3144 et
2765 3089 2994 3144 veniam
3027 3087 3238 3142 obtulit

2004 3181 2372 3253 resipiscenti
2405 3178 2788 3248 Bulgarorum
2822 3177 2943 3246 regi

1999 3273 2069 3327 de
2100 3270 2315 3326 violato
2348 3269 2482 3322 fidei
2505 3267 2717 3337 jurata
2743 3266 2910 3335 jure;

1998 3361 2099 3433 qui
2134 3377 2265 3415 mox
2293 3365 2348 3414 et
2379 3357 2560 3412 filiam
2594 3354 2820 3410 remisit
2847 3355 2916 3409 ad
2951 3368 3258 3425 sponsum,

1997 3458 2054 3508 et
2083 3447 2453 3506 confirmavit
2493 3445 2680 3500 fmdus
2713 3442 3002 3499 amicitiae.

1999 3556 2189 3621 Atque
2220 3547 2302 3602 ita
2332 3561 2541 3601 rursus
2573 3544 2726 3598 inter
2756 3557 2864 3596 nos
2895 3558 2962 3596 ac
2992 3539 3272 3612 Bulgaros

1998 3634 2415 3694 benevolentiae
2448 3650 2514 3688 ac
2547 3633 2707 3704 pacis
2741 3647 2960 3686 munus
2993 3629 3202 3685 ﬂoruit.

1995 3731 2067 3784 At
2097 3727 2422 3782 Balduinus
2455 3725 2629 3779 rebus
2661 3722 2786 3778 suis
2813 3721 3155 3792 desperans,

2000 3822 2306 3890 propterea
2335 3815 2489 3884 quod
2526 3813 2583 3866 in
2621 3813 2761 3866 urbe
2792 3805 3293 3877 Constantinopoli

1999 3922 2240 3980 prorsus
2273 3903 2585 3959 conclusus
2619 3904 2774 3955 esset
2799 3917 2832 3953 a
2863 3903 3062 3953 nostro
3091 3899 3347 3962 Caesare;

1999 3995 2367 4065 adnavigavit
2393 3992 2463 4045 ad
2501 3992 2852 4044 Francorum
2889 4002 3105 4056 regem,

1997 4103 2031 4140 a
2061 4101 2173 4155 quo
2209 4079 2544 4154 permagnis
2575 4078 2900 4132 instructus
2935 4073 3167 4130 auxiliis

1999 4171 2433 4246 permeatisque
2465 4166 2670 4222 Galliis
2701 4170 2876 4235 atque
2909 4163 3074 4218 Italia

1999 4265 2070 4320 ad
2099 4268 2371 4318 Paeonum
2403 4255 2664 4329 pervenit
2693 4255 2906 4325 pingue
2941 4252 3164 4319 solum;

1999 4354 2097 4408 ubi
2130 4351 2372 4420 trajecta
2405 4345 2658 4402 maximo
2691 4343 2958 4398 Danubio

1997 4440 2246 4498 accessit
2275 4439 2344 4494 ad
2377 4441 2686 4492 montanas
2717 4437 3025 4488 Mcesorum
3059 4432 3251 4499 sedes,

1999 4532 2095 4603 qui
2129 4527 2445 4584 transitum
2477 4524 2698 4579 Latinis
2731 4525 3168 4585 concesserunt,

1997 4625 2200 4676 contra
2240 4615 2554 4688 promissas
2582 4611 2792 4668 Caesari
2829 4610 3212 4666 conditiones.

1996 4721 2163 4775 Tunc
2195 4713 2516 4772 Tzurulum
2549 4726 2782 4783 quoque
2815 4714 3094 4780 ceperunt
3123 4707 3248 4763 Itali

1999 4805 2420 4866 auxiliantibus
2449 4801 2679 4873 Scythis
2716 4799 2843 4855 [stri
2874 4797 3120 4864 accolis;

1999 4911 2334 4972 quanquam
2369 4892 2528 4947 illius
2559 4890 2709 4946 arcis
2742 4889 3009 4945 custodia
3042 4887 3252 4942 tradita

2001 4987 2181 5042 nobili
2214 4983 2348 5038 duci
2379 4978 2723 5050 Petraliphaa
2757 4979 2964 5033 fuerat.

1998 5074 2501 5131 Nicomediensem
2533 5074 2720 5123 Caesar
2749 5067 3031 5122 invadens
3063 5081 3269 5136 agrum

2002 5165 2133 5220 forti
2167 5179 2233 5217 ac
2266 5165 2495 5232 potente
2529 5158 2782 5228 stipatus
2813 5155 3066 5210 exercitu

2002 5253 2057 5308 vi
2089 5249 2388 5322 superavit
2422 5247 2714 5318 Dacibyzae
2746 5244 3077 5314 castellum,

2005 5341 2298 5410 aliamque
2330 5353 2520 5392 arcem
2559 5335 2772 5388 dictam
2805 5332 3117 5400 Nicetiatae,

2005 5444 2397 5502 magnamque
2431 5425 2633 5498 priedae
2665 5422 2890 5493 copiam
2927 5422 3058 5475 inde
3093 5418 3301 5489 abegit.

2003 5521 2217 5574 Verum
2253 5516 2472 5585 accepi:
2505 5513 2648 5567 mari
2683 5511 3122 5565 detrimentum.

2004 5609 2201 5674 Quoad
2234 5607 2388 5662 enim
2424 5602 2650 5660 Manuel
2683 5598 3086 5668 Contophreus

3557 277 3664 333 306
