4104 6204
330 225 433 280 307
1541 215 1913 272 EPHREMII
1949 206 2522 264 CHRONOGRAPHI

333 351 449 406 dux
471 347 708 419 sapiens
737 349 790 400 et
821 344 902 398 rei
936 342 1182 398 nauticas
1209 343 1434 415 peritus

336 436 662 494 navarchus
695 431 942 504 praefuit,
976 431 1185 487 classis
1215 432 1359 486 bene
1386 428 1594 484 habuit
1626 445 1638 482 :

339 526 439 580 sed
475 527 779 594 postquam
819 519 872 574 id
908 519 1168 575 officium
1201 519 1454 575 obtinuit
1489 517 1766 589 Iaphreus

341 630 375 667 a
403 613 644 675 Caesare,
678 613 734 664 et
763 623 894 663 cum
924 608 1084 664 Italis
1117 624 1370 680 pugnam
1406 607 1553 673 iniit,

341 713 626 754 summam
658 697 729 751 ab
761 696 861 752 his
885 714 1198 768 perpessus
1228 696 1452 751 cladem
1488 700 1595 760 est,

338 786 396 840 in
433 784 626 856 praelio
655 785 894 840 amissis
925 786 1204 841 tredecim
1235 784 1502 856 navigiis.

333 879 524 946 Atque
555 874 649 929 hic
685 873 791 929 fuit
821 876 1108 946 praedictas
1137 879 1382 930 eventus
1414 872 1517 929 rei.

329 965 557 1019 Asanes
587 968 784 1019 autem
819 964 878 1018 in
914 965 1126 1020 fmdere
1158 963 1459 1027 manebat,

333 1053 442 1107 etsi
478 1068 590 1107 non
627 1069 886 1123 prorsus,
921 1057 1180 1108 attamen
1212 1069 1280 1108 ex
1311 1056 1495 1123 parte.

335 1141 390 1196 ls
421 1141 693 1199 defuncla
724 1141 861 1208 sibi,
897 1147 962 1197 ut
994 1159 1173 1212 supra
1205 1141 1481 1204 diximus,

339 1228 628 1300 Ungarica
660 1235 949 1291 consorte.
984 1231 1258 1285 sec-undis
1293 1229 1516 1300 nuptiis

342 1317 509 1371 duxit
539 1334 773 1373 uxorem
807 1326 1013 1374 contra
1042 1321 1140 1389 jus
1170 1318 1515 1373 canonicum

345 1407 631 1462 Theodori
663 1404 842 1462 filiam
874 1405 1356 1477 Comnenangeli,

347 1510 522 1565 quem
557 1495 681 1566 ipse
711 1495 849 1551 olim
878 1495 1063 1550 oculis
1093 1497 1416 1563 orbaverat,

350 1583 585 1638 nomine
611 1583 859 1650 Irenem,
886 1589 1123 1654 aspectu
1159 1583 1665 1648 formosissimam,

348 1671 543 1727 fratris
574 1672 916 1726 afﬁnitatem
953 1674 1103 1727 haud
1137 1673 1438 1727 reveritus.

343 1763 520 1814 Erant
552 1759 690 1814 huic
719 1759 1018 1815 Theodoro
1050 1767 1302 1831 quatuor
1337 1760 1524 1828 liberi,

340 1848 619 1918 Joannes,
651 1853 709 1904 et
742 1849 1083 1919 Demetrius,
1117 1854 1292 1920 atque
1323 1855 1516 1916 Anna,

341 1938 594 2009 denique
623 1938 788 1993 Irene
819 1953 964 1993 uxor
993 1938 1204 1994 Asanis
1236 1937 1506 2010 Bulgari;

343 2043 469 2097 quae
501 2028 654 2096 apud
687 2027 881 2098 ipsum
915 2028 1137 2100 peperit
1165 2033 1282 2083 tres
1315 2027 1530 2084 liberos

345 2114 710 2182 Michaelem,
744 2117 1008 2183 Mariam,
1042 2121 1098 2172 et
1129 2117 1516 2172 Theodoram.

346 2205 588 2258 Carcere
621 2220 789 2275 porro
821 2206 1072 2262 emissus
1104 2208 1176 2262 ob
1210 2207 1354 2262 istas
1388 2205 1625 2278 nuptias

350 2290 689 2349 Theodorus
720 2292 838 2363 ille,
871 2295 941 2349 de
972 2311 1088 2366 quo
1119 2312 1272 2367 saepe
1305 2294 1582 2362 diximus,

352 2378 826 2437 Thessalonicam
855 2381 1016 2438 venit
1048 2384 1197 2438 haud
1232 2385 1449 2454 absque
1480 2383 1612 2438 dolo
1647 2400 1660 2437 :

355 2483 492 2522 nam
526 2481 659 2522 cum
691 2467 886 2538 galero
914 2487 1292 2541 pannosaque
1325 2477 1480 2526 veste

354 2555 502 2611 clam
536 2556 690 2614 intra
721 2558 932 2612 mmnia
962 2557 1159 2628 oppidi
1191 2565 1482 2629 receptus,

350 2645 787 2716 conjtu‘atorum
821 2647 1174 2719 conspiratis
1205 2648 1428 2704 viribus

345 2737 608 2805 fratrem,
645 2742 710 2792 ut
741 2737 932 2792 dicam
964 2736 1232 2806 breviter,
1266 2737 1325 2792 in
1358 2739 1549 2794 vincla
1579 2739 1836 2811 conjicit,

343 2823 662 2895 pristinum
697 2826 826 2898 ipse
853 2825 1216 2881 dominatum
1247 2827 1471 2897 recipit.

340 2917 468 2970 Mox
500 2932 682 2970 unum
711 2933 740 2970 e
773 2916 897 2973 suis
929 2915 1132 2971 liberis
1165 2918 1448 2972 Joannem

339 3003 676 3077 insignibus
707 3007 900 3062 ornari
937 3006 1112 3077 regiis
1143 3005 1344 3075 voluit,

351 3099 525 3164 atque
555 3093 710 3148 hunc
742 3110 930 3167 regem
965 3095 1242 3166 appellari
1266 3097 1478 3167 jussit;

359 3181 486 3250 ipse
515 3182 776 3252 suscepit
805 3182 1140 3253 reipublicae
1172 3201 1392 3240 curam.

362 3269 538 3325 Porro
571 3285 912 3341 germanum
946 3271 1205 3326 exsulem
1238 3275 1306 3327 ad
1342 3274 1543 3328 urbem
1576 3273 1750 3329 Attali

363 3355 603 3427 expulit,
636 3359 878 3428 ejusque
908 3359 1214 3428 conjugem
1247 3362 1495 3425 remisit,

359 3462 392 3500 o
425 3446 673 3504 fortunae
704 3446 1160 3501 inconstantiam
1190 3448 1200 3500 ε
1237 3450 1304 3502 ad
1342 3453 1560 3518 patrem
1593 3451 1860 3506 Asanem.

356 3535 673 3606 Caeteroqui
707 3535 933 3589 Manucl
966 3536 1259 3608 profectus
1292 3537 1570 3608 Pergamo

357 3623 428 3677 ad
461 3627 746 3677 Caesarem
778 3623 1064 3687 Joannem
1098 3625 1342 3697 supplex
1373 3628 1546 3693 venit,

351 3713 595 3781 ejusque
631 3718 837 3767 nactus
870 3712 1031 3784 pium
1066 3715 1478 3784 patrocinium,

347 3806 526 3871 atque
550 3805 613 3855 ut
645 3818 750 3872 par
780 3805 903 3855 erat
935 3808 1302 3872 peramanter
1330 3804 1587 3874 habitus,

347 3889 591 3961 pecunia
622 3889 947 3946 instructus
978 3890 1234 3961 itemque
1262 3909 1361 3947 sex
1393 3893 1752 3963 triremibus,

345 3978 561 4050 quibus
594 3981 663 4034 ad
696 3983 912 4035 terram
950 3987 1146 4051 posset
1179 3985 1306 4036 tuto
1339 3984 1710 4052 cxscendere,

342 4068 414 4123 ad
446 4067 734 4122 Valachiae
767 4085 897 4123 oras
932 4068 1140 4123 direxit
1170 4087 1408 4125 cursum
1441 4088 1452 4126 :

339 4171 593 4228 cumque
625 4155 945 4226 appulisset
978 4174 1150 4212 naves
1182 4159 1609 4216 Demetriadem

336 4244 651 4300 contractis
684 4244 837 4300 brevi
872 4245 1054 4317 copiis
1086 4250 1391 4318 occupavit

336 4333 632 4401 Pharsale,
667 4333 1062 4391 Platamonem
1097 4343 1151 4392 et
1184 4338 1495 4393 Larissam.

333 4423 462 4477 Mox
490 4423 546 4477 in
578 4422 936 4494 colloquium
969 4427 1126 4479 venit
1159 4443 1288 4480 cum
1323 4428 1554 4483 duobus

333 4512 636 4579 fratribus,
666 4513 968 4568 Theodoro
1001 4531 1149 4569 caeco
1180 4521 1235 4570 et
1266 4515 1644 4574 Constantino
1680 4536 1692 4572 :

331 4600 546 4672 quibus
579 4601 1009 4671 obtemperans,
1037 4604 1458 4673 jusjurandum
1492 4607 1689 4674 violat,

328 4688 529 4744 volens
559 4688 778 4744 scilicet
808 4690 1029 4755 nolens,
1067 4697 1128 4745 ut
1159 4694 1239 4747 ait
1272 4697 1667 4767 proverbium,

329 4778 483 4848 quod
519 4795 702 4849 nuper
736 4784 931 4834 nostro
963 4783 1167 4837 Caesari
1200 4786 1581 4855 prmstitcrat;

329 4871 385 4920 et
415 4882 548 4921 cum
580 4867 874 4937 germanis
907 4869 1243 4926 societatem
1281 4873 1430 4928 iniit.

326 4955 434 5010 Sed
469 4956 624 5010 enim
656 4957 828 5028 paulo
861 4964 991 5029 post
1023 4960 1113 5015 hic
1151 4961 1378 5017 Munuel
1419 4964 1668 5020 moriens

233 5095 244 5104 _,
326 5061 584 5103 amaram
622 5064 733 5114 pra:
767 5064 827 5100 se
861 5047 995 5102 tulit
1024 5051 1428 5120 pmnitentiam

325 5133 397 5187 ob
429 5132 696 5189 violatum
730 5135 860 5190 ﬁilei
897 5136 1258 5208 religionem.

327 5219 552 5293 Regina
583 5240 816 5294 quoque
851 5228 1012 5280 Irene
1044 5229 1161 5282 vita
1191 5229 1436 5283 excessit

327 5314 504 5382 atque
536 5311 606 5366 ad
639 5312 905 5369 caelestes
931 5315 1166 5370 transiit
1197 5317 1508 5377 stationes:

398 5485 511 5578 (8.3)
544 5506 753 5564 Recole
782 5525 834 5565 ν.
869 5508 1030 5565 8068.

2008 335 2062 402 Α
2267 326 2491 403 Ἀνδρος
2525 335 2855 406 στρατηγοῦ,
2887 329 3061 403 δεξιοῦ
3090 335 3416 410 ναυαρχίαν,

2265 419 2460 480 "Orco;
2491 417 2806 495 στολάρχου
2842 422 3052 495 τοπρὶν,
3083 423 3302 499 εὐτύχει
3336 425 3562 489 στόλος·

2087 509 2229 565 8320
2263 512 2350 568 Ὠς
2380 504 2426 561 δ’
2462 509 2640 582 Ἰαφρὲ
2669 509 2949 586 ναύαρχος
2979 510 3030 566 ἒν
3063 512 3333 587 βασιλέως

2267 597 2684 661 Ἀντικαταστάς
2713 600 2945 662 Ἰταλοῖς
2979 603 3318 674 συνεπλάκη,

2266 687 2463 741 Ἠτταν
2499 687 2703 761 ὕπέσχε
2731 690 2876 764 παρά
2904 689 3095 744 τούτον
3129 690 3391 766 ἐσχάτην,

2265 773 2648 847 Τρεισκαίδεκα
2679 782 2806 839 ναῦς
2833 774 3129 834 ἀποϐαλὼν
3160 779 3212 834 ἐν
3251 781 3425 856 μάχη.

2264 868 2440 918 Ταῦτα
2473 866 2568 937 μὲν
2603 863 2693 920 οὖν
2725 864 2928 942 ἔσχηκε
2958 866 3114 923 τόνδε
3141 870 3234 924 τὸν
3268 872 3491 945 τρόπον·

2088 953 2230 1010 8325
2267 957 2321 1006 ‘0
2355 950 2401 1007 δ’
2433 955 2664 1024 Ἀσάνης
2697 950 2912 1030 ἔστεργε
2943 953 3242 1030 συμϐάσεις
3270 960 3430 1028 τέως,

2269 1041 2333 1098 Εἰ
2369 1044 2444 1114 μὴ
2477 1049 2749 1118 καθαρῶς,
2781 1043 2927 1099 ἀλλᾶ
2954 1047 3016 1100 τὸ
3049 1045 3215 1102 πλέον
3253 1048 3440 1124 μέρος.

2269 1130 2465 1203 Τούτῳ
2496 1134 2781 1203 θανούσης,
2815 1135 2886 1196 ὡς
2917 1132 3074 1212 ἔφην,
3103 1143 3204 1206 τῆς
3235 1139 3466 1214 συζύγου

2271 1221 2383 1281 Τῖς
2415 1220 2464 1292 ἐξ
2496 1220 2790 1296 υύγγρίας,
2823 1225 2958 1297 πρὸς
2984 1223 3194 1299 γάμους
3223 1247 3288 1300 γε
3318 1224 3607 1304 δευτέρους

2275 1308 2522 1383 Ἠγάγετ’
2552 1310 2802 1384 ἀθέσμως
2833 1334 2890 1366 τε
2919 1313 3009 1367 καὶ
3043 1315 3375 1389 παρανόμως

2094 1398 2238 1453 8330
2274 1397 2385 1465 Τήν
2420 1396 2704 1480 Θεοδώρου
2734 1398 2901 1454 παῖδα
2927 1403 3395 1480 Κομνηναγγέλου

2273 1480 2374 1533 "Ov
2407 1479 2582 1554 φωτὸς
2615 1479 2861 1553 ἐστέρησι
2892 1483 3085 1559 τοπρὶν
3116 1479 3407 1558 ὀμμάτων,

2278 1565 2484 1635 Κλῆσιν
2517 1567 2777 1643 Εἰρήνην,
2811 1569 3014 1646 ἀγαθήν
3043 1567 3166 1646 ὄψιν
3202 1575 3366 1642 πάνυ,

2017 1707 2064 1770 Β
2275 1656 2366 1723 Μὴ
2400 1659 2727 1730 κασιγνήτου
2757 1657 2926 1722 κῆδος
2959 1663 3066 1734 (33)
3096 1661 3147 1716 ἐν
3180 1667 3258 1734 νῷ
3286 1659 3606 1737 λαμϐάνων·

2275 1741 2486 1770 Πμξὲ-...
2527 1743 2568 1770 ἓν
2605 1747 2816 1770 Χ-εν---μ
2855 1769 2898 1770 ,,
2954 1769 2962 1770 κ
3080 1750 3091 1765 ε
3172 1758 3205 1770 Α
3280 1750 3343 1770 51

2274 1741 2488 1798 Παίδων
2523 1743 2568 1799 δ’
2605 1747 2822 1822 ὑπῆρχε
2848 1750 3139 1824 τετρακτὺς
3169 1750 3464 1827 Θεοδώρῳ,

2095 1833 2237 1888 8335
2275 1834 2529 1904 Ἰωάννης
2551 1855 2629 1907 τε,
2663 1839 2981 1912 Δημήτριος
3009 1839 3100 1893 σὺν
3135 1845 3329 1915 ”Αννῃ,

2274 1920 2481 1996 Εἰρήνη
2514 1925 2562 1978 τ’
2592 1923 2656 1978 αὖ
2688 1924 2938 1989 σύνευνος
2973 1928 3129 1985 Ἀσᾶν
3162 1929 3505 2005 Βουλγάρου,

2274 2011 2342 2065 ἸΙ
2375 2009 2572 2075 παῖδάς
2603 2014 2655 2066 οἱ
2679 2021 2827 2084 τρεῖς
2857 2016 3157 2090 ἆποτέξασα
3188 2019 3400 2096 φθάνει,

2277 2101 2533 2174 Μιχαὴλ,
2569 2104 2784 2177 Μαρίαν
2812 2125 2870 2159 τε
2899 2107 2987 2160 καὶ
3020 2104 3328 2180 Θεοδώραν.

2279 2188 2512 2262 Εἷρκτῆς
2543 2187 2599 2245 δὲ
2630 2189 2842 2265 δεσμῶν
2874 2193 3122 2260 έκλυθεὶς
3152 2194 3359 2268 κήδους
3390 2200 3555 2273 χάριν

2099 2278 2240 2332 8340
2277 2282 2332 2330 Ὀ
2360 2283 2757 2350 μνημονευθείς
2790 2281 3070 2357 Θεόδωρος
3102 2285 3400 2355 πολλάκις,

2279 2365 2672 2439 Θεσσαλονίκην
2703 2369 3106 2445 καταλαμϐάνει
3137 2375 3300 2430 πόλιν
3311 2396 3323 2408 ·

2282 2456 2430 2514 Μετὰ
2459 2459 2694 2534 φενάκης
2725 2458 2770 2514 δ’
2801 2461 3037 2517 εὐτελῶν
3062 2485 3122 2519 τε
3156 2464 3358 2540 ῥακίων

2280 2542 2424 2602 Εἶ’σω
2455 2547 2741 2624 παρελθὼν
2769 2548 2936 2618 τῆσδε
2966 2550 3147 2616 λαθὼν
3175 2553 3404 2628 τειχέων

2283 2637 2621 2711 Συνιστόρων
2657 2639 2827 2702 σθένει
2857 2661 2916 2696 τε
2936 2642 3021 2696 καὶ
3058 2642 3307 2718 συνεργίᾳ

2099 2724 2242 2779 8345
2279 2731 2482 2797 Δεσμοῖ
2507 2728 2554 2779 τ’
2583 2725 2838 2804 ἀδελφὸν,
2873 2729 2923 2784 ἐν
2957 2729 3237 2807 κεφαλαίῳ
3268 2731 3450 2809 φάναι,

2281 2813 2380 2870 Καὶ
2409 2814 2470 2868 τὸ
2501 2814 2625 2890 πρίν
2655 2816 2917 2896 ἀνείληφε
2947 2827 3044 2889 τῆς
3077 2821 3264 2894 χώρας
3293 2823 3513 2897 κράτος·

2323 2902 2343 2924 ῒ
2379 2905 2391 2922 ι
2424 2904 2435 2923 ’
2532 2907 2541 2921 ρ
2945 2910 2956 2928 Ι
3113 2906 3136 2928 ,Ι

2279 2905 2372 2960 Ειτ
2439 2909 2679 2976 Ιωαννην
2711 2908 2870 2962 υἱέων
2899 2906 3078 2986 φιλων
3111 2931 3199 2965 ενα

2276 2997 2405 3056 Τοῖς
2438 2993 2744 3068 βασιλικοῖς
2776 2996 3014 3071 ὡραίσας
3050 2994 3376 3072 συμϐόλοις,

2283 3083 2423 3156 Πρὸς
2450 3080 2496 3136 δ’
2526 3081 2591 3136 αὖ
2623 3084 2902 3140 καλεῖσθαι
2932 3089 3186 3153 θεσπίσας
3219 3089 3468 3166 βασιλέα,

2106 3171 2247 3228 8350
2289 3170 2457 3236 Αὐτὸς
2488 3171 2662 3228 διεῖπε
2690 3179 3023 3250 πραγμάτων
3052 3180 3150 3240 τὰς
3181 3177 3496 3254 φροντίδας.

2283 3261 2381 3316 Τὸν
2417 3265 2670 3338 σύγγονον
2703 3262 2759 3319 δὲ
2787 3267 2923 3340 πρὸς
2951 3266 3112 3322 πόλιν
3142 3269 3242 3337 τήν
3277 3267 3546 3326 Ἀττάλου

2282 3353 2563 3427 Ἔπεμψεν
2595 3353 2891 3432 ἐξόριστον,
2920 3357 3086 3414 αὐτοῦ
3117 3356 3164 3412 δ’
3196 3359 3395 3414 εὐνέτιν

2285 3441 2443 3497 Ἀσάν
2478 3448 2641 3521 πατρὶ
2671 3447 2978 3525 πέπομφεν,
3010 3448 3242 3504 ἀστάτου
3271 3449 3452 3524 τύχης

2285 3528 2458 3586 Ἀλλά
2489 3533 2750 3604 Μανουὴλ
2788 3537 2996 3609 ἀπάρας
3029 3537 3079 3608 ἐξ
3112 3537 3376 3594 Ἀττάλου

2102 3617 2244 3674 8355
2283 3621 2423 3692 Πρὸς
2449 3622 2541 3678 τὸν
2577 3627 2963 3700 χαριτώνυμον
2993 3625 3194 3683 ἄνακτα
3215 3631 3422 3704 τρέχει,

2277 3709 2377 3764 Καὶ
2407 3709 2568 3766 τοῦδε
2593 3715 2778 3789 τυχὼν
2812 3715 3070 3788 εὐμενοῦς
3099 3737 3160 3793 γε
3185 3719 3491 3794 προστάτου

2279 3799 2716 3879 Φιλοφρονηθείς
2749 3805 2796 3861 δ’
2824 3809 3024 3872 ἱκανῶς
3048 3808 3229 3883 ὥσπερ
3259 3807 3401 3881 δέον,

2278 3892 2552 3964 Χρήματα
2583 3889 2766 3950 λαϐὼν
2799 3897 2888 3951 καὶ
2918 3901 3162 3974 τριήρεις
3193 3896 3246 3970 ἔξ
3277 3900 3442 3956 πάλιν

2277 3979 2354 4031 Δι’
2381 3980 2453 4033 ὧν
2485 3991 2777 4058 κατασχεῖν
2807 3984 3054 4058 ἠδυνήθη
3088 3988 3178 4042 τὸν
3211 3985 3403 4058 τόπον,

2096 4065 2237 4122 8360
2277 4070 2415 4144 Πρὸς
2446 4071 2513 4125 τά
2546 4074 2790 4148 Βλαχίας
2824 4076 3160 4149 ἐξαπεστάλη
3197 4080 3360 4152 μέρη’

2276 4161 2376 4215 Καὶ
2403 4162 2724 4219 καταλαϐὼν
2760 4167 3143 4241 Δημητριάδος
3170 4171 3359 4240 τόπον,

2276 4251 2573 4326 Στράτευμ’
2603 4255 2784 4311 ἱκανὸν
2819 4256 2870 4312 ἐν
2908 4260 3111 4333 Βραχεῖ
3150 4259 3459 4327 συναλίσας,

2270 4340 2463 4414 Ἅρχει
2497 4344 2824 4418 Φαρσαλων,
2864 4346 3262 4420 Πλαταμῶνος,
3304 4348 3602 4425 Λαρίσσης·

2270 4427 2396 4482 Εἶτα
2427 4434 2662 4500 συνῆλθε
2690 4439 2804 4489 τοῖν
2835 4431 2982 4489 δυοῖν
3017 4437 3345 4510 ὁμαιμόνοιν

2088 4515 2229 4571 8365
2270 4521 2439 4593 Πηρῷ
2470 4519 2735 4597 Θεοδώρῳ
2763 4545 2820 4578 τε
2847 4526 2934 4579 καὶ
2971 4529 3380 4600 Κωνσταντίνῳ,

2267 4607 2366 4661 Καὶ
2397 4607 2579 4664 τοῖσδε
2608 4612 2843 4675 πεισθεὶς
2880 4612 3076 4686 ὀμελεῖ
3104 4619 3209 4669 τῶν
3245 4616 3444 4690 ὁρκίων

2266 4697 2435 4751 Ἐκὼν
2469 4695 2632 4769 ἄκων,
2667 4702 2740 4763 ὥς
2771 4723 2920 4778 φασι,
2952 4704 3042 4758 καὶ
3083 4707 3445 4779 συγκειμένων

2263 4790 2378 4839 Τῶν
2419 4789 2553 4862 πρὸς
2584 4791 2901 4866 κρατάρχην
2938 4791 3184 4847 Αὐσόνων
3217 4793 3495 4866 Ἰωάννην·

2264 4877 2580 4932 Ἐσπείσατο
2611 4880 2756 4954 σφίσι
2790 4878 2846 4934 δὲ
2872 4882 2959 4935 καὶ
2988 4883 3309 4957 συνεκράθη.

2083 4965 2223 5018 8370
2266 4965 2397 5020 Μετ’
2429 4966 2489 5019 οὐ
2521 4965 2663 5021 πολὺ
2697 4970 2942 5038 Θνήσκων
2977 4968 3033 5024 δὲ
3067 4971 3328 5041 Μανουὴλ
3362 4972 3454 5030 ὅδε

2259 5055 2505 5128 Ἐχρῆτο
2533 5055 2733 5129 πολλῷ
2761 5057 2851 5112 καὶ
2883 5065 3062 5134 πικρῷ
3095 5060 3390 5135 μεταμέλῳ

2261 5139 2602 5215 ΙΙαραϐασίας
2635 5147 2832 5223 ὁρκίων
2868 5151 3200 5226 φρικαλέων.

2260 5233 2442 5286 Λείπει
2475 5233 2532 5289 δὲ
2565 5235 2680 5310 βίον
2710 5238 2799 5290 καὶ
2837 5238 3052 5312 βασιλὶς
3081 5238 3314 5314 Εἰρήνη,

2259 5323 2359 5377 Καὶ
2392 5324 2525 5396 πρὸς
2559 5326 2725 5396 μονὰς
2763 5324 2961 5400 βέϐηκε
2988 5329 3082 5392 τὰς
3115 5331 3419 5406 οὐρανίους,

3639 214 3766 271 308
