4104 6204
296 287 398 343 311
1508 268 1879 327 EPHREMII
1914 282 1917 307 ι

1508 268 1879 327 ΕΡΗΒΕΜΙΙ
1914 264 2369 325 CHRONOGRA
2376 266 2497 320 PH!

297 419 356 470 et
385 413 485 486 qui
517 408 829 469 concilium
861 405 1164 480 publicum
1200 401 1438 475 regebat

298 499 825 559 Tarchaniatorum
858 497 930 551 de
960 497 1134 567 gente
1163 489 1528 562 Nicephorus
1562 502 1574 540 :

303 590 749 663 protosebastus
780 585 921 640 item
947 580 1478 651 Contostephanus,

303 685 360 735 et
391 675 753 747 Petraliphas
784 687 1038 745 magnus
1070 666 1493 732 cbartularius,

304 782 438 823 cum
470 764 603 821 aliis
630 762 835 818 multis
868 762 1043 818 claris
1075 756 1468 816 senatoribus.
1560 810 1565 816 ,

302 856 452 911 Dum
485 853 567 908 ibi
599 851 913 908 imcumbit
941 852 1010 907 ad
1042 848 1260 905 bellum
1292 842 1599 910 exercitus,

303 960 438 999 ecce
467 943 732 999 defertur
762 941 1007 997 nuntius
1038 938 1106 994 ad
1135 938 1417 994 Caesarem

304 1033 461 1106 quod
487 1031 909 1088 Tachariorum
942 1044 1085 1101 gens
1117 1023 1436 1082 commisso
1469 1018 1664 1092 praelia

305 1120 458 1176 vires
486 1120 810 1175 Turcarum
844 1115 1084 1189 penitus
1115 1110 1398 1183 fregisset.

306 1216 518 1275 Morari
552 1219 742 1273 Caesar
772 1214 1060 1287 nequiens
1092 1210 1315 1266 omissa

315 1307 625 1363 obsidione
653 1304 1019 1361 conditiones
1050 1298 1283 1366 obtulit,

212 1407 218 1417 ‘
324 1400 380 1451 et
401 1394 788 1451 Amediatorem
822 1391 906 1447 rei
941 1391 1194 1462 legatum
1228 1385 1387 1441 misit

309 1484 504 1554 ipsum
534 1481 778 1539 Joannis
810 1488 1030 1552 patrem
1061 1476 1454 1532 Theodorum.

312 1572 632 1628 Mandabat
662 1572 855 1626 autem
892 1567 1082 1622 Caesar
1110 1569 1174 1620 ut
1202 1569 1453 1622 Joannes

309 1659 541 1730 imperii
571 1663 783 1714 cuncta
811 1658 1123 1729 deponeret
1151 1652 1408 1723 insignia

312 1749 536 1805 calceos
568 1748 799 1813 rubros,
833 1743 1156 1817 pyramidis
1184 1740 1485 1813 lapillum;

315 1851 642 1908 nomenque
670 1839 729 1891 et
758 1833 1109 1906 dignitatem
1140 1831 1384 1886 haberet
1413 1831 1686 1900 despota,

312 1934 764 2005 benivolumque
790 1934 1054 1989 animum
1085 1935 1339 1987 servaret
1367 1929 1596 1985 Caesari.

308 2024 410 2081 His
443 2022 612 2094 actis,
641 2024 963 2095 imperator
992 2020 1127 2077 inde
1156 2018 1411 2075 abcessit

309 2115 439 2184 post
468 2112 884 2168 confirmatum
918 2112 1285 2166 sacramento
1318 2106 1525 2164 fmdus.

308 2200 802 2271 Theodorumque
829 2198 1112 2269 Angelum
1147 2197 1268 2254 filio
1299 2195 1560 2252 tradidit.

308 2287 562 2345 Reverso
593 2294 788 2345 autem
819 2288 1030 2344 Caesari
1072 2288 1355 2343 orientem

312 2378 641 2435 Iatbatines
669 2378 941 2434 sultanus
972 2377 1149 2435 Iconii

311 2466 476 2523 misit
503 2467 728 2539 legatos
758 2471 935 2539 atque
963 2466 1151 2524 enixis
1183 2466 1455 2538 precibus

309 2557 383 2612 ab
414 2572 480 2610 eo
510 2555 812 2627 suppetias
842 2554 1012 2626 petiit
1040 2560 1099 2610 et
1137 2555 1496 2623 societatem,

310 2644 464 2700 male
495 2642 787 2699 mulcatus
817 2642 1041 2698 scilicet
1069 2659 1102 2697 a
1132 2642 1433 2698 Tacbariis

304 2732 495 2805 deque
522 2747 720 2787 rerum
754 2731 1138 2802 summajam
1172 2730 1533 2803 periclitans.

304 2828 456 2885 Utile
483 2828 595 2884 sibi
628 2830 820 2886 Caesar
848 2845 979 2885 esse
1013 2827 1349 2900 intelligens

304 2918 355 2976 si
388 2918 676 2975 laboranti
706 2917 939 2974 sultano
969 2917 1328 2983 subveniret,

302 3007 527 3063 libente
561 3007 758 3063 animo
788 3006 1015 3077 excepit
1043 3006 1418 3078 legationem,

305 3100 366 3154 et
395 3114 531 3154 cum
565 3097 799 3154 sultano
829 3097 987 3154 venit
1012 3098 1070 3152 in
1101 3097 1460 3169 colloquium

240 3234 251 3241 .
309 3186 679 3259 Tripolitana
708 3186 766 3242 in
801 3187 944 3243 urbe
974 3187 1044 3242 ad
1079 3186 1462 3255 Maeandrum,

304 3276 405 3330 ubi
432 3276 787 3348 conscriptis
817 3276 1067 3331 firmiter
1095 3274 1531 3331 conditionibus

306 3363 379 3418 de
408 3363 776 3419 sufﬁciendis
804 3364 1053 3419 invicem
1086 3363 1320 3419 auxiliis

305 3452 364 3506 in
395 3467 571 3508 suum
603 3451 862 3523 quisque
894 3451 1065 3507 rediit
1097 3451 1433 3522 imperium.

306 3537 472 3592 Brevi
504 3543 638 3608 post
667 3537 816 3593 illud
848 3543 1081 3609 tempus
1112 3538 1170 3592 in
1200 3538 1505 3594 Thessalia

307 3624 558 3684 excessit
587 3625 704 3681 vita
735 3627 977 3696 despota
1006 3627 1287 3693 Joannes,

310 3716 398 3768 vir
429 3715 644 3782 bonus,
678 3714 813 3786 pius
845 3715 1041 3786 legum
1076 3715 1583 3781 servantissimus,

311 3803 634 3870 modestus,
670 3802 878 3871 comis,
917 3802 1179 3860 clemens
1209 3819 1346 3875 erga
1377 3803 1669 3872 subditos,

305 3897 362 3948 et
391 3907 626 3963 semper
654 3908 832 3948 sacrae
864 3891 1099 3948 deditus
1131 3892 1466 3965 bymnodim

299 3997 549 4052 cumque
581 3981 908 4054 potioribus
943 3982 1258 4038 monachis
1288 3998 1667 4039 conversans.

303 4078 779 4155 Hujusdel'uncti
807 4079 1123 4136 stationem
1151 4079 1368 4152 excipit

303 4168 679 4240 despotzeque
707 4186 741 4225 a
771 4168 995 4225 Caesare
1026 4168 1377 4240 dignitatem

308 4256 488 4312 frater
519 4257 846 4313 Demetrius
878 4257 1144 4314 moribus
1176 4257 1518 4331 incomptis,

307 4344 496 4401 amori
527 4345 838 4414 obnoxius,
870 4346 1115 4403 Veneris
1148 4348 1533 4419 mancipium,

304 4435 450 4490 viris
483 4434 832 4507 plerumque
863 4436 1144 4507 pessimis
1176 4452 1238 4492 se
1274 4437 1527 4505 socians,

305 4528 363 4579 et
391 4528 799 4595 corruptorum
825 4526 1107 4595 iuvenum
1158 4525 1489 4582 familiaris.

302 4613 466 4668 'l‘unc
495 4613 721 4669 otiosus
752 4631 785 4669 a
813 4613 988 4669 bellis
1018 4615 1339 4686 imperator

306 4701 509 4773 paucis
539 4700 794 4773 stipatus
825 4701 1269 4775 Hellespontum
1308 4705 1544 4774 trajicit,

304 4789 696 4861 oceiduasque
729 4794 918 4847 terras
946 4792 1129 4847 armis
1156 4793 1392 4865 appetit.

307 4877 537 4934 Cissum
560 4878 864 4937 castellum
897 4880 1154 4937 Thraciae
1187 4885 1488 4954 praeteriit,

306 4967 688 5040 Hebrumque
712 4970 931 5025 ﬂumen
963 4976 1165 5027 vectus
1194 4989 1344 5044 equo
1376 4980 1620 5032 tranans

304 5056 653 5113 Zicbnorum
689 5058 844 5115 illico
875 5060 1065 5115 adfuit
1090 5062 1403 5121 urbeculae.

308 5146 393 5201 Ibi
416 5145 708 5218 intellixit,
740 5148 1059 5221 Bulgaroru
1073 5168 1126 5204 m
1159 5168 1356 5223 regem

304 5233 698 5292 Callimanum
733 5237 893 5293 vitali
928 5239 1212 5311 privatum
1248 5240 1395 5298 luce.

306 5326 574 5380 Attamen
610 5343 857 5399 pergens
885 5332 1087 5383 Serras
1118 5346 1309 5401 usque
1343 5331 1519 5401 venit,

310 5430 488 5483 quam
522 5417 579 5468 et
611 5430 820 5486 sagace
852 5416 1109 5472 obtinuit
1140 5418 1408 5487 consilio,

309 5504 481 5556 Masso
513 5502 765 5573 Dragota
796 5504 1076 5574 oppidum
1112 5507 1398 5573 tradente,

304 5590 481 5660 cujus
514 5591 784 5661 praesidio
803 5598 861 5647 ct
890 5607 1042 5648 curae
1078 5597 1422 5652 mandatum
1457 5598 1663 5656 luerat.

1975 397 2029 461 Α
2237 386 2534 465 Πράγματα
2562 389 2719 443 κοινά
2747 384 3037 465 φροντίδας
3071 389 3119 442 τ’
3151 388 3216 442 αὖ
3248 388 3462 464 ἀνέχων

2054 480 2197 536 8435
2234 480 2672 553 Ταρχανειωτῶν
2706 476 2765 532 ἐκ
2792 476 2980 552 γένους
3012 478 3358 555 Νικηφόρος,

2235 560 2692 640 Πρωτοσεϐαστὸς
2724 559 3155 640 Κοντοστέφανος
3184 564 3377 631 πάλιν,

2237 653 2333 709 Καὶ
2365 653 2705 730 Ηετραλίφας
2738 652 3183 730 χαρτουλλάριος
3220 655 3390 729 μέγας

2233 744 2380 799 Meti
2406 766 2468 819 γε
2499 744 2725 800 πολλῶν
2760 742 2995 800 εὐκλεῶν
3031 742 3421 822 βουληφόρων.

2238 834 2755 911 Ἀμφιπονουμένων
2793 832 2851 888 δὲ
2878 831 3011 906 τῇδε
3037 835 3359 908 ταγμάτων,

2057 924 2199 979 8440
2238 922 2463 1000 ’Δφῖκτό
2492 944 2545 978 τι
2580 924 2805 996 μήνυμα
2834 923 2971 997 πρὸς
3004 920 3250 997 βασιλέα,

2237 1012 2325 1073 Ὦς
2354 1011 2647 1087 Ταχαρίων
2682 1009 2831 1073 ἔθνος
2863 1011 3255 1084 ὠνομασμένον

2236 1100 2506 1176 Τούρκοις
2536 1098 2817 1170 συνελθὸν,
2852 1100 3033 1172 ἐκνικᾷ
3064 1106 3199 1178 σφᾶς
3232 1099 3283 1155 ἐν
3321 1099 3494 1177 μάχῃ.

2235 1191 2393 1243 Ταῦτ’
2423 1183 2777 1263 ἐμϐραδύνειν
2815 1191 2891 1262 μή
2926 1188 3222 1263 δυνάμενος
3246 1189 3487 1265 κράτωρ,

2242 1277 2424 1353 ’Δφεὶς
2450 1280 2513 1333 τὸ
2541 1280 2787 1354 πορθεῖν,
2810 1279 2988 1357 ἀφορᾷ
3016 1280 3152 1355 πρὸς
3182 1274 3499 1352 συμϐάσεις,

2061 1378 2202 1434 8445
2239 1372 2479 1452 Ιῖρέσϐυν
2517 1379 2869 1450 μεσιτεύοντα
2896 1377 3120 1441 ταύταις
3162 1374 3460 1452 λαμϐάνων

2237 1467 2342 1523 Τὸν
2378 1468 2628 1522 Ἰωάννου
2659 1464 2942 1538 Θεόδωρον
2974 1466 3198 1544 πατέρα.

2240 1556 2322 1614 Τά
2350 1553 2397 1611 δ’
2428 1557 2627 1632 ὁρκίων
2654 1556 2721 1625 ἦν
2756 1558 2831 1621 ὡς
2860 1558 3049 1613 ἅπαντ’
3083 1558 3338 1629 Ἰωάννην

2240 1645 2323 1703 Τά
2353 1641 2607 1719 σύμϐολα
2638 1646 2866 1723 ῥίψαντα
2893 1652 2993 1717 τῆς
3023 1649 3383 1723 κραταρχίας.

1985 1763 2031 1828 Β
2240 1733 2423 1828 [ll-.80"
2449 1733 2648 1811 ἐρυθρά
2668 1735 2760 1790 καὶ
2789 1733 3097 1809 πυραμίδος
3129 1735 3308 1828 λίθον,

2059 1826 2202 1881 8450
2240 1822 2450 1894 Κλῆσιν
2481 1825 2773 1893 κεκτῆσθαι
2801 1830 2892 1879 καί
2920 1825 3091 1897 τιμὴν
3121 1826 3220 1894 τὴν
3254 1822 3539 1897 δεσπότου,

2241 1912 2342 1969 Καὶ
2374 1911 2533 1991 φίλον
2569 1910 2752 1968 εὔνουν
2790 1911 3005 1988 βασιλεῖ
3033 1915 3378 1971 καθεστάναι.

2239 1998 2397 2057 Οὕτω
2429 1996 2703 2075 δεδρακὼς
2736 1997 2993 2075 βασιλεὺς
3020 2000 3366 2079 ὑποστρέφει,

2239 2086 2668 2161 Κατεμπεδώσας
2701 2088 2908 2162 ὁρκίοις
2938 2091 3037 2151 τὰς
3070 2085 3364 2163 συμϐάσεις
3401 2110 3415 2123 ο

2235 2176 2516 2249 Θεόδωρον
2549 2175 2597 2232 δ’
2628 2176 2894 2254 Ἄγγελον
2927 2179 3104 2234 λιπὼν
3138 2179 3403 2257 φιλτάτῳ.

2061 2270 2203 2325 8455
2239 2269 2329 2330 Ὠς
2361 2268 2451 2322 οὗν
2485 2266 2796 2337 ἐπανέζευξε
2824 2269 2963 2342 πρὸς
2992 2270 3060 2323 τά
3085 2271 3185 2339 τῆς
3214 2266 3313 2339 ἕω,

2106 2352 2123 2368 ’
2240 2357 2414 2420 Ἰαθατ
2425 2355 2541 2424 ίνης
2570 2355 2803 2412 σουλτάν
2835 2356 3108 2414 Ἰκονιέων

2239 2447 2493 2518 ’Έπεμψε
2518 2440 2772 2519 πρέσϐεις
2804 2444 3051 2518 λιπαρῶν
3089 2446 3314 2522 βασιλέα

2238 2539 2433 2609 Τυχεῖν
2471 2533 2724 2606 βοηθείας
2749 2555 2810 2590 τε
2836 2534 2927 2589 καὶ
2957 2537 3280 2612 συμμαχίας

2241 2624 2434 2685 Κακῶς
2463 2624 2773 2694 πεπονθὼς,
2805 2624 2878 2687 ὡς
2911 2620 3071 2702 ἔφην,
3096 2627 3415 2702 Ταχαρίοις,

2061 2714 2204 2768 8460
2242 2713 2338 2766 Καὶ
2368 2709 2690 2767 κινδυνεύων
2724 2711 3023 2769 ἀπολέσθαι
3053 2717 3353 2774 παντάπαν.

2242 2801 2431 2865 Συνεῖς
2464 2799 2718 2877 βασιλεὺς
2741 2803 2815 2865 ὡς
2845 2803 3022 2877 ἑαυτῷ
3051 2806 3315 2883 συμφέρει

2240 2891 2306 2949 Εἰ
2334 2888 2695 2966 δυστυχοῦντι
2718 2894 3078 2967 συμμαχήσει
3102 2893 3407 2969 σουλτάνῳ,

2242 2976 2533 3051 Πρεσϐείαν
2568 2978 2871 3037 εἷσδὲδεκτο
2900 2981 2991 3037 καὶ
3025 2982 3157 3056 μάλ’
3187 2984 3433 3057 ἀσμένως
3467 3006 3480 3018 ⁸

1983 3117 2026 3183 C
2239 3071 2390 3126 Ὃθεν
2422 3071 2740 3146 κρατάρχης
2770 3070 2861 3126 καὶ
2893 3071 3127 3128 σουλτάν
3154 3074 3488 3146 συνηλθὲτην

2062 3171 2204 3226 8465
2243 3170 2331 3227 Ἐν
2359 3172 2427 3243 τῇ
2457 3168 2723 3243 Τριπόλει
2750 3168 2820 3245 τῇ
2849 3171 2988 3246 πρὸς
3019 3169 3315 3246 Μαιάνδρῳ
3343 3173 3505 3230 πόλει
3541 3194 3557 3209 ·

2244 3255 2604 3331 Σπεισάμενοι
2637 3255 2694 3314 δὲ
2721 3259 2810 3314 καὶ
2843 3256 3130 3335 δράσαντες
3160 3258 3456 3335 συμϐάσεις

2239 3348 2327 3408 Ὧς
2357 3345 2419 3401 ἂν
2450 3348 2823 3417 συνασπίζοιεν
2854 3346 3130 3419 ἀλλήλοις
3166 3350 3338 3426 μάχῃ,

2242 3436 2384 3509 Πρὸς
2414 3433 2677 3508 πατρίδας
2709 3433 2928 3512 ᾤχοντο
2956 3437 3047 3492 καὶ
3078 3439 3438 3515 κραταρχίας.

2242 3524 2390 3584 Μετά
2422 3521 2480 3579 δὲ
2513 3526 2705 3599 μικρὸν
2738 3523 3027 3581 ἀπολείπει
3055 3525 3147 3582 τὸν
3183 3526 3303 3603 βίον

2061 3614 2205 3671 84⁸70
2242 3614 2329 3670 Ἐν
2353 3611 2625 3685 Θεσσαλίᾳ
2654 3611 2925 3686 δεσπότης
2958 3616 3241 3687 Ἰωάννης,

2238 3704 2407 3777 Ἀνὴρ
2440 3701 2658 3777 ἀγαθὸς,
2692 3699 2960 3776 εὐλαϐὴς,
2992 3704 3179 3778 νόμων
3207 3705 3405 3784 φύλαξ,

2244 3791 2512 3868 Σώφρων,
2545 3791 2759 3866 ἱλαρὸς,
2791 3792 3025 3866 εὐμενὴς
3059 3794 3353 3864 ὑπηκόοις,

2244 3880 2358 3935 Ἀεὶ
2388 3879 2679 3955 σχολάζων
2712 3883 2881 3957 ἱεραῖς
2917 3881 3237 3958 ὑμνῳδίαις,

2241 3969 2347 4024 Καὶ
2377 3970 2665 4045 ναζιραίων
2693 3971 3013 4045 προκρίτοις
3044 3973 3412 4050 ἐντυγχάνων.

2061 4067 2204 4123 8475
2241 4066 2452 4125 Τούτου
2484 4068 2762 4143 θανόντος,
2791 4066 3063 4145 λαμϐάνει
3094 4070 3439 4150 κληρουχίαν

2241 4156 2345 4212 Καὶ
2377 4155 2700 4228 δεσποτικὴν
2734 4159 2787 4231 ἐξ
2819 4158 3047 4227 ἄνακτος
3074 4161 3223 4234 ἀξίαν

2243 4249 2559 4323 Δημήτριος
2593 4247 2878 4322 σύναιμος,
2913 4252 2983 4305 οὗ
3018 4249 3189 4313 καλὸς
3216 4252 3478 4328 τρόπους,

2241 4336 2482 4409 Ἔρωτος
2510 4336 2715 4409 ἥττων,
2748 4336 2946 4403 δοῦλος
2975 4337 3327 4418 ἀφροδισίων,

2238 4426 2318 4481 Τὰ
2345 4425 2533 4483 πολλὰ
2562 4428 2733 4483 συνὼν
2766 4426 3020 4505 ἀνδράσιν
3054 4425 3389 4505 ἀϐελτέρως,

1987 4487 2031 4553 D
2060 4516 2204 4572 8480
2243 4515 2346 4573 Καὶ
2382 4517 2685 4591 μειρανίοις
2720 4487 3034 4591 συνομιλῶν
3070 4487 3420 4595 δυστρόποις.

2242 4607 2428 4680 Ἀγων
2459 4605 2517 4661 δὲ
2550 4607 2736 4681 μάχης
2770 4608 3070 4683 ἀνακωχήν
3102 4610 3130 4663 ὁ
3161 4610 3402 4684 κράτωρ,

2242 4693 2478 4769 Περάσας
2508 4693 2919 4767 Ἑλλήσποντον
2955 4697 3068 4769 ἅμα
3101 4698 3359 4773 βραχέσιν

2242 4785 2644 4860 Ἐπιστρατεύει
2676 4790 2795 4848 τοῖς
2820 4787 2956 4841 κατά
2988 4784 3138 4841 δύσιν
3168 4787 3380 4850 τόποις.

2242 4875 2433 4929 Κισσὸν
2467 4872 2817 4949 παραμείψας
2851 4871 2908 4930 δὲ
2938 4876 3202 4953 φρούριον
3232 4877 3449 4952 Θρᾴκης

2061 4974 2204 5028 8485
2242 4970 2419 5048 Εὕρου
2449 4993 2508 5027 τε
2534 4972 2626 5028 τὸν
2657 4972 2790 5049 ῥοῦν
2823 4972 3120 5050 έκπεράσας
3152 4974 3416 5046 ἱππότης,

2240 5060 2382 5126 Εὐθὺ
2406 5067 2619 5138 Ζιχνῶν
2646 5061 2855 5133 ἤλαυνε
2884 5067 2980 5119 τοῦ
3012 5063 3336 5140 πολιχνίου.

2240 5153 2477 5224 Μήνυμα
2508 5150 2553 5207 δ’
2583 5153 2709 5223 ἧκεν
2741 5154 2813 5214 ὡς
2841 5153 2869 5208 ὁ
2900 5152 3230 5230 Βουλγάρων
3264 5153 3390 5225 ἅναξ

2240 5238 2597 5314 Καλλιμάνος
2628 5237 2885 5297 λέλοιπεν
2909 5243 3078 5312 ἡλίου
3108 5240 3241 5321 φάος
3277 5262 3291 5276 ·

2241 5329 2449 5386 Bariva
2480 5326 2525 5385 δ’
2557 5327 2709 5403 ὅμως
2741 5330 2982 5408 πέφοαγε
3016 5331 3219 5410 Σέρῥας
3242 5339 3343 5401 τῆν
3381 5329 3577 5401 πόλιν,

2062 5420 2203 5476 8490
2238 5420 2339 5476 Ἢν
2369 5418 2459 5473 καὶ
2491 5421 2865 5494 παρεστήσατο
2896 5426 3013 5483 ταῖς
3044 5417 3352 5484 εὐϐουλίαις
3397 5441 3410 5454 ·

2241 5509 2429 5564 Μυσοῦ
2462 5515 2722 5582 Δραγωτᾶ
2751 5507 3086 5583 παραδόντος
3114 5512 3214 5580 τήν
3248 5509 3410 5567 πόλιν

2238 5600 2342 5649 Τοῦ
2369 5595 2535 5665 τῆσδε
2566 5597 2922 5675 φρουράρχου
2952 5620 3011 5655 τε
3038 5601 3127 5655 καὶ
3155 5604 3569 5679 πρωτοστάται).

3613 263 3753 322 312
