4004 6200
245 287 386 345 313
1819 297 1826 334 ι

2111 290 2176 344 ιε.
3590 294 3692 348 314

462 411 904 490 Φιλοφρονηθεὶς
938 409 983 465 δ’
1015 408 1075 465 ἐκ
1110 409 1375 485 βασιλέως
1410 409 1522 481 ὅδε,
1965 418 2019 484 Α

1457 410 1522 481 is,
1965 418 2019 484 Α
2050 414 2153 468 Hic
2184 413 2462 470 delinitus
2493 432 2527 470 a
2556 415 2779 471 Czesare
2809 415 3038 485 ofﬁciis,

457 504 602 576 Πρὸς
635 501 939 557 Μελενίκου
971 502 1069 569 τὴν
1102 499 1267 555 πόλιν
1302 499 1602 573 ἀπεστάλη·

253 594 418 649 8495
464 594 592 648 Εἶτα
623 591 697 663 (τί
728 588 915 645 πολλὰ
960 589 1271 661 μηκύνοντα
1303 587 1385 644 δεῖ
1412 594 1634 667 γράφειν
1662 595 1701 665 ς)

461 682 565 736 Σὺν
602 680 861 751 Νικολάῳ
895 674 1251 754 Μαγκλαϐίτη
1278 678 1584 750 τούπίκλην

462 768 649 843 Ἀνδρὶ
682 769 937 845 φρονίμῳ
966 769 1056 822 καὶ
1089 771 1225 823 πάνυ
1259 765 1573 843 δραστηρίῳ

462 857 830 930 Παραδιδοῦσι
863 862 941 928 τῷ
971 856 1253 933 κρατάρχῃ
1281 859 1379 924 τήν
1413 858 1600 927 πόλιν,

458 948 667 1024 Τοπρῖν
696 942 1021 1021 προϐάντων
1052 967 1296 1021 χρυσοση
1310 948 1523 1020 μάντων
1558 947 1736 1024 λόγων

259 1046 418 1101 8500
461 1042 888 1119 Ἐρυθογράςρων
918 1041 971 1112 ἐξ
1000 1039 1251 1111 ἄνακτος,
1284 1043 1357 1105 ὡς
1388 1040 1531 1111 ἔθος,

458 1133 629 1191 Ηόλει
659 1131 975 1187 τυποῦντων
1012 1128 1215 1204 δωρεὰς
1252 1131 1548 1206 χορηγίας.

461 1222 687 1279 Τούτων
715 1218 1075 1275 τελεσθέντων
1107 1218 1163 1273 δὲ
1190 1218 1349 1274 τόνδε
1376 1222 1467 1274 τὸν
1498 1222 1723 1294 τρόπον,

461 1311 527 1366 Οἱ
559 1309 865 1384 κρείττονες
892 1328 949 1361 τε
977 1308 1069 1362 καὶ
1098 1304 1457 1381 περίϐλεπτοι
1490 1308 1631 1383 γένει

458 1398 781 1473 Οἷκητόρων
809 1396 1005 1467 ἥκουσι
1038 1398 1175 1472 πρὸς
1213 1394 1441 1471 βασιλέα

256 1491 417 1546 8505
460 1488 555 1542 Καὶ
591 1484 808 1559 μᾶλλον
840 1492 924 1548 οἷς
953 1488 1127 1562 ’Ἄρης
1158 1506 1218 1540 τε
1245 1486 1334 1540 καὶ
1382 1484 1537 1561 μάχη
1572 1484 1723 1563 φίλα,

455 1574 687 1650 ’Ἄνδρες
721 1574 994 1651 σθεναροὶ,
1024 1572 1295 1650 γεννάδαι,
1331 1574 1637 1651 ῥωμαλέοι,

460 1665 697 1727 Πλείους
730 1666 953 1739 ἀριθμῶ
984 1665 1353 1718 πεντακοσίων
1386 1665 1554 1739 τάχα,

459 1756 555 1809 Καὶ
592 1752 811 1829 βασιλεῖ
837 1754 1044 1808 τίνουσι
1071 1754 1384 1828 πρόσφορον
1415 1749 1596 1816 σέϐας.

458 1844 592 1900 Εἶτα
619 1842 884 1917 κατῆρξεν
916 1843 1123 1918 ἀμαχεὶ
1160 1844 1499 1920 στεφηφόρος

258 1936 418 1990 8510
461 1933 825 2007 Στενομάχου
853 1952 912 1987 τε
938 1930 1248 2002 Τζεπαίνης
1278 1930 1612 2006 πολιχνίων,

464 2023 662 2095 Χώρας
689 2042 749 2075 τε
779 2023 956 2090 πάσης
988 2020 1126 2095 πρὸς
1154 2018 1387 2095 Ῥοδόπη
1417 2020 1701 2094 κειμένης,

459 2111 555 2167 Καὶ
592 2105 865 2165 Βελέσϐου
889 2110 1015 2164 Δίου
1044 2131 1105 2184 γε
1138 2109 1451 2182 σύμπαντος
1481 2111 1672 2165 τόπου·

455 2199 557 2255 Καὶ
587 2196 852 2255 Βελεσσὸν
883 2199 996 2253 εἷλε
1022 2195 1082 2253 δὲ
1111 2197 1203 2252 σὺν
1231 2203 1350 2261 τοῖς
1373 2198 1653 2261 Σκοπίοις·

458 2289 700 2363 Κατέσχε
727 2290 815 2342 καὶ
850 2287 1134 2360 Πρίλαπον
1166 2290 1277 2360 ἅμα
1306 2294 1423 2349 τοῖς
1452 2289 1629 2364 πέριξ,

267 2388 423 2442 8515
464 2384 803 2459 Πελαγονίας
835 2383 962 2445 τοὺς
995 2383 1157 2459 ὅρους
1189 2384 1277 2439 καὶ
1307 2385 1375 2439 τὰ
1403 2387 1610 2455 πλάτη,

462 2473 560 2530 Καὶ
592 2472 855 2548 φρούριον
891 2472 1174 2545 Πρόσακον
1205 2474 1297 2545 ἅμ’
1332 2470 1511 2544 Eiith
1540 2470 1723 2529 πόλει.

456 2567 639 2618 Ταῦτα
673 2560 1010 2631 καθυπέταξε
1036 2565 1106 2634 τῇ
1138 2561 1447 2635 κραταρχίᾳ

462 2652 625 2722 Ἀναξ
656 2651 1052 2726 χαριτώνυμος
1084 2651 1299 2713 ἄνευθεν
1336 2650 1545 2724 μάχης·

464 2743 584 2815 Ἐφ’
616 2743 698 2801 οἷς
728 2739 1000 2817 παρέσχεν
1030 2738 1280 2809 αἰτήσασι
1314 2737 1655 2814 Βουλγάροις

274 2836 431 2889 ὥὲο
472 2833 775 2906 Έχέγγυον
809 2828 994 2901 μόνοις
1021 2848 1081 2903 γε
1108 2827 1324 2889 τούτοις
1355 2826 1631 2901 ἐμμένειν.

468 2921 677 2976 Ἐπειτ’
708 2917 916 2987 ἐπῆλθε
947 2916 1347 2988 Θεσσαλονίκης
1382 2919 1555 2991 ὅροις,

465 3008 569 3065 Καὶ
595 3005 762 3077 τῆσδε
792 3010 981 3083 κρατεῖ
1008 3010 1077 3079 τῇ
1099 3010 1230 3060 Θεοῦ
1263 3005 1573 3080 συμμαχίᾳ.

464 3100 651 3159 Ὀπως
682 3095 729 3152 δ’
763 3095 932 3165 ἑάλω,
964 3093 1203 3150 συνελὼν
1238 3093 1416 3166 δήπου
1446 3096 1655 3173 φράσω.

458 3188 673 3256 Ταύτης
699 3186 1053 3260 κρατοῦντος,
1087 3185 1159 3247 ὡς
1194 3182 1353 3262 ἔφην,
1385 3186 1708 3259 Δημητρίου

261 3279 424 3336 8525
465 3275 810 3339 ’Ᾱτασθάλου
839 3296 899 3329 τε
929 3272 1314 3349 δυσαναγώγου
1346 3273 1490 3343 νέου,

464 3367 569 3422 Καὶ
600 3363 852 3424 παιδιαῖς
887 3364 1171 3438 χαίροντες
1200 3362 1280 3417 ἀεὶ
1311 3364 1397 3417 καὶ
1436 3362 1646 3435 μέθαις,

466 3452 922 3526 Καταμελοῦντος
947 3452 1179 3506 ἀστικῶν
1214 3450 1272 3506 δὲ
1302 3454 1659 3525 πραγμάτων,

464 3542 770 3600 Καττὺεταί
804 3544 859 3596 οἱ
893 3541 1110 3614 σκέμμα
1138 3542 1227 3596 καὶ
1259 3543 1529 3615 σκευωρία

464 3632 622 3706 Παρὰ
646 3631 894 3687 πολιτῶν
926 3629 1219 3706 γνωρίμων
1249 3634 1317 3703 τῇ
1350 3627 1594 3705 πατρίδι,

266 3736 427 3790 8530
468 3728 891 3804 Ἰατροπούλου,
926 3731 1273 3803 Σπαρτηνοῦ,
1305 3726 1742 3798 Κουνσουλάτου,

470 3821 578 3875 Σὺν
608 3823 693 3881 οἷς
721 3819 1034 3891 Καμπανὸς,
1072 3817 1303 3894 Σίσυφος
1329 3814 1502 3878 ἄλλος
1535 3815 1794 3892 τρόπους·

468 3911 568 3967 Ἐκ
597 3905 645 3962 δ’
677 3908 906 3982 εὐγενῶν
940 3906 1211 3980 Λάσκαρις
1240 3905 1329 3961 καί
1358 3926 1441 3967 τις
1471 3904 1755 3978 Τζιρίθων·

466 4000 535 4057 O't
564 3998 655 4052 καὶ
688 3995 837 4069 δόλῳ
865 3995 1173 4069 πέμψαντες
1207 3995 1283 4058 ὡς
1317 3994 1544 4069 βασιλέα

468 4086 857 4158 Σκηνούμενόν
890 4106 997 4139 που
1027 4086 1147 4147 καθ’
1177 4083 1337 4159 ὅρους
1372 4082 1673 4141 Μελενίκου

265 4182 429 4236 8535
469 4180 683 4234 Τοῦτον
714 4173 1005 4247 Καμπανὸν
1036 4179 1144 4228 τῶν
1180 4172 1511 4248 συνιστόρωθ
1540 4169 1653 4242 ἕνα,

467 4269 557 4338 Τῇ
593 4265 686 4336 μὲν
720 4265 987 4341 προφάσει
1018 4261 1482 4337 πραγματεύσεως
1510 4261 1696 4337 χάριν,

470 4358 572 4426 Τῷ
603 4352 650 4407 δ’
681 4351 797 4407 ὄντι
831 4348 1019 4407 λαϐεῖν
1052 4352 1523 4427 χρυσοσημάντων
1554 4351 1731 4427 Λόγων

472 4443 932 4518 Ἐρυθρογράφων
966 4440 1261 4516 ἀσφάλειαν
1294 4439 1536 4516 πατρίδι.

468 4540 717 4587 Ἀπαντα
745 4535 958 4604 κρατῶν
993 4530 1297 4605 ἐκπεραίνει
1328 4529 1676 4607 προφρόνως,

272 4635 437 4691 8540
475 4628 770 4690 Ἀλώσεως
801 4627 1002 4695 ἤνυσαν
1033 4629 1238 4682 ἅπαντα
1269 4626 1463 4702 λόχον.

476 4716 912 4789 Ἑπαναδραμὼν
949 4718 1244 4790 Καμπανὸς
1274 4715 1401 4790 γοῦν
1438 4717 1512 4777 εἷς
1550 4714 1738 4786 πόλιν,

473 4812 715 4865 ’Έκαστα
748 4812 905 4882 σαφεῖ
936 4804 1107 4881 λάθρα
1135 4812 1250 4867 τοῖς
1283 4806 1649 4878 συνωμόταις·

475 4899 615 4955 Εἶτα
641 4894 902 4971 βασιλεὺς
938 4895 1133 4967 μηνύει
1168 4895 1490 4969 Δημητρίῳ,

470 4990 561 5049 Ὠς
589 4986 748 5040 αὐτὸν
780 4983 957 5048 ἐλθεῖν
986 4984 1354 5058 προσκύνησιν
1387 4983 1631 5053 έκτίσων,

268 5083 436 5138 8545
474 5080 730 5149 Καθάπερ
766 5073 1061 5148 έστοίχησε
1086 5075 1281 5149 τοπρὶν
1315 5074 1543 5148 ὁρκίοις,

466 5168 583 5234 Τήν
619 5162 949 5231 δεσποτικήν
984 5164 1129 5233 ἀξίαν
1160 5161 1507 5238 δεδεγμένος·

473 5260 535 5315 Ὀ
570 5253 614 5309 δ’
646 5253 879 5323 ἀκλινὴς
902 5255 993 5325 ἦν,
1026 5252 1295 5325 μηδαμῶς
1336 5252 1560 5312 ἐπαΐων,

476 5346 673 5403 Τοίνυν
708 5344 931 5419 ἐπιστὰς
966 5340 1333 5416 Θεσσαλονίκῃ
1365 5342 1580 5417 κράτωρ

476 5440 650 5492 Πάλιν
687 5431 894 5503 ἐδήλου
919 5436 1088 5486 ταῦτα
1118 5436 1197 5501 τῷ
1228 5432 1549 5503 Δημητρίῳ·

270 5532 438 5588 8550
476 5524 633 5584 Ἀλλ’
665 5524 731 5591 ἦν
762 5523 993 5589 ἀπειθὴς
1026 5521 1251 5593 ἀμελῶν
1286 5516 1642 5592 συμϐουλίας,

473 5618 598 5673 Τῶν
627 5611 967 5688 πραγμάτων
996 5609 1089 5665 οὖν
1119 5609 1254 5684 τῇδε
1283 5608 1639 5683 διακειμένων

2050 502 2276 574 legatus
2309 508 2398 558 est
2429 505 2499 559 ad
2532 506 2737 560 urbem
2770 505 3111 560 Melenicum
3150 524 3161 560 :

2051 592 2099 647 is
2132 596 2327 648 autem
2360 595 2452 659 (ne
2484 610 2604 648 rem
2640 594 2811 666 longo
2845 611 3114 650 sermone
3144 595 3433 668 differam)

2049 696 2182 735 cum
2216 682 2449 737 Nicolao
2482 684 2827 754 conspirans
2858 684 3208 739 manclavita

2050 771 2277 841 sagacis
2312 773 2522 827 mentis
2548 772 2669 827 viro
2703 778 2759 827 et
2789 774 3009 828 efﬁcaci

2050 858 2389 930 imperatori
2423 867 2619 916 nostro
2653 862 2856 916 urbem
2890 863 3130 918 tradidit
3162 881 3174 919 :

2052 949 2351 1019 praemisso
2383 954 2584 1005 tamen
2618 968 2791 1005 aureo
2826 950 3039 1021 libello,

2051 1053 2223 1107 quem
2258 1038 2448 1093 Caesar
2474 1039 2583 1093 rite
2618 1039 2797 1094 minio
2832 1040 3285 1112 subscripserat,

2050 1126 2180 1181 urbi
2213 1128 2537 1198 spondente
2564 1128 2906 1200 largitiones
2939 1128 3245 1199 plurimas.

2050 1224 2244 1278 Rebus
2274 1224 2383 1279 hoc
2416 1226 2589 1281 modo
2622 1226 2874 1299 denique
2908 1226 3270 1297 compositis,

2050 1329 2181 1368 ecce
2211 1313 2522 1383 optimates
2554 1320 2611 1369 et
2641 1332 2848 1385 genere
2884 1318 3185 1386 conspicui

2049 1400 2251 1456 lucolaa
2287 1404 2449 1458 urbis
2473 1405 2544 1458 ad
2577 1404 2861 1459 Caesarem
2895 1410 3206 1471 venerunt,

2050 1492 2458 1563 praecipueque
2488 1493 2594 1546 viri
2627 1495 2775 1548 sueti
2811 1493 3000 1560 bellis,

2051 1581 2284 1638 asseclaa
2319 1581 2538 1651 Martis,
2573 1582 2818 1647 strenui,
2849 1599 3167 1653 pugnaces,

2051 1686 2298 1742 quorum
2336 1670 2642 1741 quingenti
2677 1676 2777 1725 aut
2809 1672 2989 1725 ferme
3021 1674 3195 1742 paulo
3229 1673 3424 1743 plures

2048 1760 2310 1816 debitum
2345 1758 2685 1813 obtulerunt
2717 1760 3066 1829 obsequium
3099 1762 3329 1816 Caesari.

2050 1851 2180 1921 Ipse
2212 1848 2424 1904 deinde
2456 1848 2582 1903 sine
2614 1848 2810 1919 praelio
2841 1848 3096 1903 obtinuit

2053 1938 2362 1993 urbeculas
2393 1937 2839 1992 Stenimacbum
2872 1943 2929 1991 et
2957 1938 3320 2008 Tzepaznam,

2050 2032 2355 2096 terrasque
2385 2031 2630 2082 cunctas
2661 2027 2732 2082 ad
2766 2027 3083 2098 Rhodopen
3120 2029 3361 2098 positas,

2050 2114 2384 2185 Belesbum,
2422 2115 2611 2185 Dium,
2647 2132 2781 2170 cum
2813 2116 2972 2171 omni
3006 2117 3316 2171 territorio.

2051 2202 2351 2259 Belessum
2386 2204 2629 2276 insuper
2658 2205 2961 2275 occupavit
2990 2222 3120 2259 cum
3158 2204 3411 2276 Scopiis,‘

2049 2292 2352 2363 Prilapum
2384 2310 2617 2366 quoque
2648 2294 2957 2349 cumlocis
2992 2294 3279 2363 ﬁnitimis,

2051 2385 2109 2436 et
2137 2381 2455 2453 Pelagoniae
2488 2383 2633 2436 ﬁnes
2665 2399 2798 2437 cum
2827 2400 2935 2437 sua
2966 2383 3228 2453 planitie,

2053 2470 2366 2526 Prosecum
2400 2476 2659 2526 castrum
2692 2488 2825 2526 cum
2857 2473 3070 2543 oppido
3102 2473 3299 2528 Eutza.

2051 2558 2200 2630 Haec,
2235 2559 2495 2631 inquam,
2524 2560 2725 2615 omnia
2754 2560 3019 2616 subdidit
3049 2563 3295 2633 imperio

2053 2649 2276 2720 absque
2304 2665 2508 2705 cruore
2532 2649 2791 2705 Joannes
2825 2650 3161 2723 imperator.

2052 2746 2319 2819 Bulgaris
2350 2752 2546 2803 autem
2582 2748 2852 2818 promisit
2882 2748 3342 2820 postulantibus,

2052 2835 2146 2891 his
2176 2852 2234 2891 se
2266 2840 2603 2893 contentum
2638 2836 2906 2893 terminis
2940 2838 3227 2893 futurum.

2053 2925 2534 2981 Thessalonicam
2572 2932 2769 2997 postea
2804 2927 3075 2997 perrexit,

2053 3019 2228 3085 atque
2264 3015 2369 3069 hac
2398 3015 2625 3069 favente
2657 3015 2876 3085 potitus
2904 3019 2993 3069 est
3022 3015 3293 3079 Numine,

2055 3104 2227 3173 cujus
2257 3103 2340 3157 rei
2373 3103 2639 3158 ordinem
2674 3103 2925 3156 breviter
2956 3103 3282 3172 expediam.

2059 3191 2265 3248 Urbem
2296 3194 2549 3254 tenente,
2583 3198 2648 3244 ut
2678 3189 2815 3258 dixi,
2847 3190 3135 3245 Demetrio

2054 3277 2299 3336 scelesto
2326 3279 2539 3349 juvene
2569 3281 2625 3333 et
2656 3277 2911 3349 pessime
2942 3281 3168 3333 morato

2055 3370 2346 3441 perpetuae
2378 3366 2575 3423 dedito
2607 3366 2856 3437 crapulae
2885 3369 2943 3420 et
2973 3365 3223 3421 lasciviae

2054 3459 2112 3512 et
2143 3454 2477 3526 negligente
2508 3452 2751 3524 publica;
2783 3454 2867 3509 rei
2898 3469 3121 3523 curam,

2056 3546 2123 3599 fit
2156 3548 2357 3599 contra
2386 3542 2579 3614 ipsum
2608 3542 2943 3613 conspirata
2975 3542 3151 3599 factio

2056 3634 2270 3690 civium
2306 3633 2364 3687 in
2399 3632 2588 3704 patria
2620 3632 2861 3687 minime
2894 3633 3277 3688 obscurorum

2059 3721 2363 3794 Iatropuli,
2394 3722 2686 3793 Spartani,
2719 3720 3046 3787 Cunsulati,

2058 3830 2191 3869 cum
2225 3814 2442 3885 quibus
2476 3816 2602 3867 erat
2633 3812 2992 3882 Campanus,
3028 3812 3172 3866 alter
3200 3811 3526 3883 Sisyphus;

2058 3906 2283 3961 nobiles
2315 3910 2508 3959 autem
2542 3904 2679 3969 duo,
2717 3903 2984 3957 Lascaris
3014 3908 3071 3956 et
3102 3902 3381 3957 Tziritbo.

2058 3995 2126 4050 Hi
2160 3993 2560 4049 fraudulenter
2592 3993 2882 4047 miserunt
2914 3994 2982 4047 ad
3017 3993 3298 4053 Czesarem

2056 4092 2198 4139 tunc
2229 4082 2493 4139 Melenici
2526 4082 2586 4136 in
2620 4099 2756 4150 agro
2787 4082 3215 4150 demorantem,

2058 4181 2421 4251 Campanum
2454 4178 2642 4245 illum,
2674 4184 2737 4232 ut
2767 4178 2906 4245 dixi,
2940 4180 3346 4249 conjuratum;

2059 4274 2331 4341 praetextu
2368 4268 2606 4340 quidem
2643 4268 2860 4338 publici
2896 4270 3135 4340 negotii,

2058 4376 2252 4415 revera
2284 4362 2349 4413 ut
2378 4356 2603 4412 bullam
2633 4372 2870 4411 auream
2904 4357 3249 4429 impetraret

2060 4449 2243 4505 minio
2277 4446 2672 4518 subscriptam
2705 4447 2774 4501 ad
2808 4446 3058 4502 salutem
3094 4448 3314 4518 patriae.

1979 4528 2026 4593 Ι)
2062 4538 2281 4592 Annuit
2312 4537 2540 4593 cunctis
2573 4534 2824 4590 libenter
2850 4536 3190 4607 imperator;

2065 4627 2150 4682 illi
2183 4626 2462 4682 dedendae
2497 4626 2626 4679 urbi
2659 4630 2945 4678 navarunt
2976 4641 3234 4696 operam.

2065 4718 2332 4787 Namque
2363 4717 2700 4785 Campanus
2733 4714 2788 4767 in
2824 4714 3023 4768 urbem
3059 4716 3355 4785 profectus

2065 4825 2184 4865 rem
2221 4822 2451 4862 omnem
2486 4810 2711 4876 gestam
2744 4805 2918 4860 sociis
2954 4806 3241 4877 patefecit.

2062 4901 2188 4953 Mox
2220 4897 2536 4967 imperator
2572 4894 2867 4963 significat
2898 4894 3210 4961 Demetrio,

2064 4991 2128 5040 ut
2159 4986 2228 5039 ad
2264 5000 2325 5038 sc
2358 4982 2551 5036 veniat
2581 4982 2930 5053 obsequium
2970 4984 3348 5053 prmbiturus,

2063 5073 2217 5145 quod
2252 5088 2313 5126 se
2346 5073 2634 5127 facturum
2670 5077 3037 5125 sacramento
3069 5072 3483 5139 obstrinxerat,

2062 5179 2195 5218 cum
2229 5160 2575 5231 dignitatem
2610 5161 2862 5230 despotm
2897 5160 3328 5231 impetraverat.

2063 5257 2279 5308 Morem
2308 5250 2541 5319 jubenti
2567 5248 2805 5317 juvenis
2839 5265 2951 5303 non
2985 5250 3185 5319 gessit.

2062 5339 2537 5397 Thessalonicam
2574 5337 2752 5409 igitur
2782 5339 3063 5392 accedens
3094 5341 3305 5408 Caesar,

2064 5431 2218 5485 idem
2253 5428 2594 5482 mandatum
2626 5426 2917 5481 Demetrio
2950 5426 3263 5497 signiﬁcat,

2063 5519 2159 5591 qui
2196 5518 2251 5572 id
2289 5532 2493 5571 rursus
2527 5516 2723 5570 surdis
2756 5515 3031 5584 praeteriit
3061 5516 3323 5570 auribus.

2062 5609 2197 5673 Quae
2227 5623 2361 5662 cum
2396 5605 2475 5661 ita
2506 5622 2567 5661 se
2596 5606 2900 5673 haberent,
2933 5621 3004 5658 en
3039 5609 3273 5672 repente
