4104 6204
304 250 411 306 315

303 376 465 431 fama
497 375 828 444 clamorque
853 372 1080 426 diditur
1111 387 1211 442 per
1243 372 1444 426 urbem

309 472 538 538 portam
568 481 600 519 a
629 463 768 518 viris
799 461 1144 533 patefactam
1178 460 1403 532 aliquot

312 571 472 612 mare
503 557 884 624 spectantem,
917 555 972 604 et
1005 551 1298 605 moenibus
1330 553 1621 620 receptam

310 654 661 726 phalangem
696 655 1056 706 armatorum
1084 651 1206 719 jam
1241 649 1587 719 irrumpere.

308 746 392 800 Ibi
431 741 721 797 tumultus
753 740 1046 796 maximus
1078 745 1167 795 est
1197 744 1382 809 ortus,

311 841 362 886 et
391 829 664 885 reseratis
698 830 919 885 foribus
950 830 1262 897 introrsus,

310 919 640 992 ingreditur
677 919 966 974 exercitus
998 918 1303 988 Caesarque
1336 915 1512 971 simul
1547 932 1560 971 :

313 1018 637 1073 Demetrius
670 1022 863 1072 autem
899 1017 1047 1088 fugit
1079 1017 1134 1070 in
1168 1015 1498 1086 acropolin;

313 1109 411 1179 qui
452 1123 583 1160 mox
613 1105 820 1162 salutis
853 1107 964 1160 ﬁde
995 1105 1108 1160 sibi
1139 1106 1297 1170 data,

314 1201 501 1252 semet
531 1212 665 1250 cum
699 1211 830 1250 arce
860 1194 1194 1265 imperatori
1226 1191 1482 1247 tradidit.

313 1286 407 1340 Sic
440 1286 580 1339 urbs
613 1283 1024 1339 Thessalonica
1053 1287 1223 1354 capta
1254 1281 1364 1336 fuit
1397 1298 1409 1335 :

311 1383 409 1438 ubi
447 1384 768 1452 imperator
798 1381 1064 1437 substitit
1089 1397 1420 1452 parumper,

312 1472 719 1541 ordinatisque
749 1471 924 1526 rebus
955 1487 1024 1525 ex
1055 1469 1364 1535 sententia,

305 1561 474 1616 laetus
506 1562 574 1614 ad
611 1577 745 1615 eoas
779 1559 1103 1628 provincias
1136 1558 1308 1612 rediit

302 1668 333 1705 a
367 1650 594 1705 cunctis
627 1649 953 1703 celebratus
986 1665 1086 1702 ceu
1120 1646 1531 1717 triumphator.

307 1748 564 1819 Reliquit
595 1753 790 1802 autem
823 1746 1109 1800 exercitus
1143 1743 1369 1800 occidui

309 1837 763 1907 generalemque
799 1835 1034 1890 urbium
1069 1840 1350 1890 rectorem

310 1943 590 1997 magnum
625 1926 1010 1980 domesticum
1047 1924 1436 1996 l‘alaaologum

309 2015 559 2069 ducendi
595 2015 1009 2085 pugnandique
1040 2013 1525 2082 scientissimum,

308 2117 482 2181 atque
515 2111 877 2166 ornamentis
907 2111 1302 2166 abundantem
1335 2110 1627 2165 omnibus.

307 2200 494 2271 Hujus
526 2216 658 2254 vero
691 2199 878 2254 ﬁlium
912 2199 1252 2254 Michaelem
1287 2200 1672 2267 Comnenum,

308 2297 407 2366 qui
444 2296 575 2350 dein
613 2296 932 2351 Romanum
966 2297 1157 2352 tenuit
1191 2297 1524 2368 imperium,

305 2385 492 2440 Serris
527 2386 780 2456 praefecit
809 2389 984 2455 atque
1015 2385 1311 2453 Melenico,

310 2480 367 2530 et
397 2473 793 2543 circumjectis
823 2475 1098 2529 omnibus
1131 2475 1489 2547 regionibus.

310 2564 470 2618 Alias
505 2569 776 2631 praeterea
803 2564 1009 2618 statuit
1038 2566 1337 2634 praefectos

313 2653 583 2724 regendis
613 2652 793 2706 variis
821 2652 1068 2706 urbibus
1100 2668 1166 2706 ac
1199 2652 1534 2723 provinciis.

310 2751 671 2806 Demetrium
704 2753 898 2805 autem
934 2751 991 2804 in
1031 2751 1170 2806 urbe
1200 2750 1494 2805 Lentianis

311 2842 407 2896 diu
444 2840 686 2894 retinuit
714 2840 1069 2894 custoditum
1103 2855 1354 2896 carcere.

306 2931 438 2986 Jam
471 2928 804 3001 patriarcha
835 2928 1090 3001 Byzantii
1123 2933 1410 2984 Germano

307 3020 486 3074 vitam
520 3019 837 3090 sedemque
868 3016 1046 3074 simul
1079 3018 1464 3089 relinquente,

311 3122 375 3173 ut
407 3118 463 3171 in
498 3121 746 3171 aeternas
778 3115 1057 3172 stationes
1091 3122 1383 3188 pergeret;

313 3205 644 3261 Methodius
675 3205 916 3276 quidam
950 3207 1019 3260 de
1051 3205 1354 3277 Hyacinthi
1390 3205 1650 3260 cmnobio

313 3294 530 3348 insedit
559 3293 774 3349 solium
805 3298 1064 3365 tempore
1098 3293 1440 3350 brevissimo
1470 3311 1482 3349 :

313 3381 444 3460 οἷιῖ
462 3391 766 3460 moriente,
799 3393 970 3445 sedes
1001 3392 1320 3462 Byzantina

309 3479 510 3550 perdiu
547 3479 734 3533 caruit
767 3479 1012 3549 praeside
1045 3485 1298 3549 pastore.

309 3567 487 3622 Paulo
520 3572 651 3638 post
681 3569 856 3622 etiam
894 3583 1144 3637 magnus
1175 3567 1529 3622 domesticus

308 3656 542 3712 mortali
574 3656 823 3711 excessit
852 3656 968 3710 vita
1001 3655 1362 3727 Palaaologus

311 3745 582 3801 monachi
616 3745 676 3799 in
707 3744 959 3816 speciem
995 3745 1099 3800 rite
1131 3745 1490 3800 convestitus
1524 3762 1536 3798 :

313 3845 532 3899 missus
563 3848 652 3898 est
681 3849 878 3899 autem
909 3844 1246 3900 Theodorus
1283 3845 1473 3900 Philas

311 3933 409 4003 qui
441 3933 742 4003 cepiarum
775 3935 1034 4004 regimen
1067 3934 1377 4004 exciperet.

308 4023 472 4076 Tunc
505 4023 644 4078 urbs
673 4022 1088 4078 Thessalonica
1117 4029 1172 4078 et
1203 4023 1475 4078 Berrhma

312 4111 721 4182 imperatorem
755 4112 947 4182 ipsum
981 4111 1274 4167 habebant
1306 4111 1630 4166 dominum.

308 4200 650 4255 Theodorus
683 4207 878 4255 autem
913 4217 1100 4255 caecus
1132 4201 1564 4273 Angelonymus

309 4289 560 4343 Bodenis
593 4289 923 4360 imperabat
954 4296 1010 4344 et
1039 4289 1372 4357 Staridolis,

307 4395 440 4432 cum
475 4377 702 4433 Ostrobi
738 4378 1038 4448 provincia
1067 4385 1124 4434 et
1154 4379 1506 4434 confinibus.

308 4473 357 4522 A
390 4467 728 4524 Platamone
760 4474 957 4524 autem
989 4474 1163 4540 atque
1194 4469 1438 4525 inferius

307 4557 365 4611 in
402 4557 665 4628 partibus
697 4559 766 4612 ad
802 4557 1115 4629 besperum
1149 4558 1462 4624 conversis,

314 4670 417 4709 nec
451 4670 566 4709 non
599 4654 917 4720 Blacbiam,
949 4655 1226 4710 Achaiam
1262 4662 1317 4711 et
1348 4657 1644 4727 viciniam,

308 4744 736 4814 antiquamque
768 4744 1005 4814 Epirum
1041 4761 1173 4798 cum
1208 4745 1434 4814 /Etolia,

305 4831 690 4904 Illyriumque
721 4837 778 4888 et
809 4834 1091 4904 oppidum
1126 4835 1534 4906 Dyrrachium,

301 4930 599 5002 Prilapum
632 4933 824 4998 etiam,
861 4933 1230 5004 Pelagoniam
1265 4943 1560 5001 cunctam,

301 5020 558 5076 nobilem
591 5021 828 5087 Achrin,
862 5022 1353 5096 splendidamque
1388 5025 1682 5098 Prespam,

301 5112 483 5174 Quem
520 5110 904 5166 clandestinis
941 5103 1161 5183 nuptiis
1193 5120 1476 5184 genuerat
1506 5115 1749 5172 Michael

305 5207 595 5264 Theodori
629 5210 804 5264 frater
836 5211 1366 5283 Comnenangelus,

305 5299 474 5365 cujus
499 5297 623 5366 jam
660 5303 858 5354 nostra
892 5300 1157 5354 meminit
1188 5300 1452 5354 historia.

304 5387 408 5441 llic
438 5391 556 5441 erat
588 5403 780 5441 rerum
815 5387 872 5441 in
907 5389 1205 5443 occidente
1239 5395 1450 5444 status.

304 5483 491 5537 Caesar
523 5482 721 5536 relicta
750 5485 903 5555 regia
934 5485 1262 5557 Nympha’i,

301 5586 432 5626 vere
463 5575 791 5642 appetente,
826 5573 1265 5645 Hellespontum
1305 5575 1555 5643 transiit,

1984 371 2031 436 A

1981 1731 2029 1795 Β

1983 3095 2028 3162 C

1987 4460 2034 4524 D

1512 244 1884 300 EPHREMII
1920 243 2490 300 CHRONOGRAPHI

2239 370 2352 438 Βοή
2385 389 2466 430 τις
2499 366 2653 422 ἔνδον
2689 368 2898 444 ἀθρόως
2929 367 3188 446 ἐξερράγη

2239 458 2328 521 Ὦς
2359 455 2522 518 πυλὶς
2555 457 2794 530 άνέῳκτό
2823 480 2965 512 τισιν
3000 457 3250 534 ἀνδράσιν

2239 547 2300 600 Ἡ
2328 547 2444 609 καθ’
2477 543 2581 601 ἅλα
2611 545 2857 614 νεόουσα,
2888 547 2976 601 καὶ
3010 547 3274 624 συνερρύη

2061 637 2205 691 8555
2241 633 2534 706 Ὁπλιτική
2568 654 2650 697 τις
2682 633 2832 692 ἔνδον
2863 638 3092 712 τειχέων
3128 637 3359 714 φάλαγξ.

2245 726 2328 780 Ἐν
2359 729 2439 796 τῷ
2467 723 2523 778 δέ
2552 746 2633 786 τις
2667 729 2828 800 θροῦς
2857 729 3155 801 παμμιγὴς
3179 725 3324 800 ἤρθη
3363 724 3546 803 μέγας,

2242 812 2344 869 Καὶ
2373 818 2481 868 τῶν
2516 811 2705 868 πυλῶν
2732 813 2978 878 ἔντοσθεν
3011 815 3396 891 ἀνεῳγμένων,

2244 903 2478 976 Στρατιὰ
2510 901 2808 974 συνήλασεν
2842 899 2992 959 ἔνδον
3017 906 3107 960 καὶ
3135 904 3374 981 κράτωρ·

2243 992 2435 1066 Φεόγει
2466 990 2523 1046 δὲ
2555 994 2871 1069 Δημήτριος
2903 993 2981 1056 εἷς
3009 995 3172 1070 ἄκραν
3207 994 3393 1066 πόλιν,

2061 1091 2204 1146 8560
2243 1089 2542 1166 Ἔχέγγυον
2576 1088 2632 1144 δὲ
2658 1087 2987 1166 προσλαϐὼν
3024 1094 3300 1168 σωτηρίας

2238 1180 2410 1237 Αὐτὸν
2442 1201 2499 1234 τε
2530 1181 2771 1258 φρουρὰν
2803 1185 2882 1253 τῷ
2910 1183 3196 1256 κρατάρχῃ
3225 1184 3540 1258 προσνέμει.

2239 1269 2425 1331 Οὕτως
2453 1269 2598 1324 έάλω
2628 1269 2995 1342 Θεσσαλονίκη
3027 1271 3213 1334 πόλις·
3274 1293 3281 1300 ·

2240 1357 2313 1413 Οὖ
2348 1356 2621 1433 διαγαγὼν
2659 1358 2916 1434 βασιλεὺς
2947 1359 3155 1436 βραχὺν
3189 1363 3414 1436 χρόνον,

2243 1447 2345 1504 Καὶ
2379 1445 2581 1511 διαθεὶς
2616 1449 2824 1502 ἅπαντα
2854 1448 3093 1523 καθάπερ
3128 1447 3271 1521 δέον,

2063 1541 2207 1597 8565
2244 1537 2464 1612 Χαίρων
2497 1537 2836 1609 ἐπανέζευξεν
2868 1539 2947 1601 εἲς
2976 1537 3050 1594 ἕω
3079 1541 3311 1613 τόπους,

2240 1628 2602 1701 Ὑμνοόμενος
2634 1627 2902 1700 ξύμπασιν
2935 1629 3009 1692 ὡς
3039 1632 3356 1708 νικηφόρος.

2240 1717 2421 1793 Ἀφεὶς
2452 1718 2754 1792 στρατηγὸν
2786 1722 2892 1772 τῶν
2928 1715 3157 1773 δυτικῶν
3190 1722 3480 1803 ταγμάτων

2240 1806 2462 1864 Πάντων
2493 1805 2780 1877 ἐπιστάτην
2813 1827 2872 1860 τε
2903 1812 3128 1882 χωρῶν,
3162 1808 3363 1863 ἀστέων

2239 1893 2618 1970 ΙΙαλαιολόγον
2651 1895 2702 1948 ἐν
2738 1891 3082 1968 δομεστίκοις
3117 1897 3306 1971 μέγαν,

2061 1987 2204 2042 8570
2242 1982 2444 2058 Ἴνδρα
2476 1984 2808 2060 στρατηγίας
2837 2005 2895 2039 τε
2925 1986 3015 2039 καὶ
3045 1987 3234 2060 μάχης
3263 1984 3426 2060 ἴδριν,

2240 2074 2343 2130 Καὶ
2373 2071 2741 2135 παντοδαπαῖς
2772 2072 3070 2130 καλλοναῖς
3097 2077 3442 2148 ἠνθισμένον·

2240 2165 2340 2219 Τὸν
2377 2160 2424 2212 δ’
2449 2161 2513 2216 αὖ
2542 2164 2826 2236 Κομνηνὸν
2860 2162 3094 2238 Μιχαὴλ
3127 2164 3323 2220 τούτου
3351 2165 3536 2242 γόνον,

2237 2253 2336 2306 Τὸν
2371 2251 2613 2324 ὑστέροις
2644 2250 2869 2326 ἄρξαντα
2896 2252 3184 2326 Ῥωμαίων
3222 2255 3469 2330 χρόνοις,

2243 2343 2576 2396 Ἐπιστατεῖν
2613 2341 2832 2416 Σεῤῥῶν
2857 2363 2914 2397 τε
2938 2342 3027 2396 καὶ
3063 2343 3388 2414 Μελενίκου,

2061 2443 2204 2499 8575
2240 2440 2342 2497 Καὶ
2369 2445 2465 2494 τοῦ
2501 2439 2694 2512 μεταξὺ
2724 2441 2814 2494 καὶ
2846 2443 2997 2516 πέριξ
3029 2442 3234 2497 τούτων
3264 2445 3460 2499 τόπου’

2242 2531 2336 2584 Καὶ
2373 2529 2539 2584 πάλιν
2571 2527 2778 2592 ἄλλους
2809 2529 3064 2606 ἀλλαχοῦ
3092 2539 3196 2606 γῆς
3225 2535 3315 2588 καὶ
3345 2533 3519 2588 τόπου

2238 2621 2460 2694 ’Άρχειν
2490 2617 2656 2696 ἐφῆκε
2685 2619 2773 2672 καὶ
2803 2617 3096 2682 διευθύνειν
3129 2620 3343 2685 πόλεις.

2239 2710 2556 2784 Δημήτριον
2589 2705 2646 2762 δὲ
2679 2714 2977 2763 Λεντιανῶν
3009 2709 3060 2765 ἐν
3091 2711 3254 2766 πόλει

2236 2804 2583 2874 Ἑμφρουρον
2615 2798 2756 2871 εἶχεν
2790 2797 2841 2852 έν
2879 2803 3072 2872 μακρῷ
3097 2801 3504 2876 καθειργμένον.

2057 2889 2199 2944 8580
2235 2891 2340 2940 Τοῦ
2372 2884 2416 2940 δ’
2449 2885 2749 2961 ἀρχιΟύτου
2780 2893 3052 2960 Γερμανοῦ
3084 2888 3410 2958 Βυζαντίδος

2237 2974 2359 3033 Βίον
2394 2975 2650 3037 λιπόντος
2677 2975 2766 3030 καὶ
2801 2975 2893 3030 σὺν
2926 2976 3072 3049 αὐτῷ
3101 2979 3190 3032 τὸν
3224 2981 3438 3053 θρόνον,

2239 3062 2677 3137 Ἀναδραμόντος
2711 3063 2757 3119 δ’
2787 3065 2865 3127 εἰς
2900 3066 3066 3138 μονὰς
3097 3067 3376 3140 αἰωνίους,

2245 3152 2515 3218 Μεθόδιός
2545 3176 2630 3218 τις
2659 3153 2717 3209 ἐκ
2751 3161 2919 3228 μονῆς
2951 3157 3232 3220 Ὑακίνθου

2244 3243 2367 3300 Ἐπὶ
2403 3245 2698 3319 βράχιστον
2727 3239 3140 3319 παραλαμϐάνει
3171 3245 3382 3320 θρόνον,

2065 3335 2208 3390 8585
2245 3333 2458 3390 Τούτου
2490 3333 2768 3402 θανόντος,
2800 3332 2874 3394 εἷς
2911 3334 3116 3408 μακρὸν
3139 3333 3344 3408 χρόνου
3377 3335 3570 3408 θρόνος

2243 3426 2495 3495 Ἕρημος
2527 3423 2666 3491 ὑπῆν
2700 3423 2962 3495 ποιμένος
2991 3422 3081 3477 καὶ
3112 3423 3440 3497 προστάτου.

2244 3512 2394 3568 Μετᾶ
2426 3508 2482 3564 δὲ
2516 3511 2708 3586 μικρὸν
2744 3511 2833 3564 καὶ
2866 3508 3188 3583 δομέστικος
3223 3513 3388 3586 μέγας

2243 3598 2622 3674 Παλαιολόγος
2657 3595 2924 3677 έξαμεὶϐει
2953 3600 3044 3655 τὸν
3082 3601 3227 3676 βίον,

2240 3689 2321 3745 Τά
2348 3693 2455 3743 τῶν
2493 3693 2746 3763 μοναχῶν
2775 3687 3013 3752 ένδυϐεὶς
3045 3690 3194 3766 πρὶν,
3228 3691 3301 3753 ὡς
3335 3693 3512 3764 θέμις·

2064 3790 2205 3844 8590
2243 3788 2345 3843 Καὶ
2379 3785 2546 3865 φιλῇς
2575 3785 2855 3862 Θεόδωρος
2877 3787 3211 3862 ἐξαπεστάλη

2240 3880 2486 3952 ”Αρχειν,
2520 3883 2838 3951 στρατηγεῖν
2872 3877 2982 3934 ἀντ’
3015 3879 3221 3936 ἐκείνου
3251 3881 3568 3956 ταγμάτων.

2241 3965 2604 4036 Θεσσαλονίκη
2638 3967 2723 4020 καὶ
2756 3967 2986 4043 Βέῤῥοια
3019 3971 3113 4041 μὶν
3145 3960 3336 4033 πόλεις

2239 4056 2338 4110 Τὸν
2369 4055 2714 4130 αὐσονάρχην
2751 4053 3016 4128 δεσπότην
3044 4061 3197 4134 εἶχον
3228 4059 3372 4116 τότε.

2242 4145 2425 4218 Πηρὸς
2458 4141 2515 4198 δὲ
2545 4142 2826 4218 Θεόδωρος
2851 4145 3012 4222 ἐκφὺς
3043 4146 3322 4223 Ἀγγέλων

2062 4235 2204 4290 8595
2243 4237 2527 4308 Κατῆρχεν
2560 4234 2709 4296 αὖθις
2745 4231 3020 4307 Βοδηνῶν,
3054 4234 3431 4312 Σταριδόλων,

2246 4322 2350 4376 Σὺν
2379 4317 2676 4397 Ὀστροϐοὖ
2706 4321 2936 4396 κλίματι
2968 4325 3059 4380 καὶ
3089 4330 3197 4381 τῶν
3231 4325 3283 4381 ἐν
3315 4326 3526 4400 κύκλῳ.

2241 4414 2360 4464 Τῶν
2389 4409 2448 4465 ἐκ
2477 4410 2854 4484 Πλαταμῶνος
2888 4411 2945 4467 δὲ
2974 4415 3066 4468 καὶ
3094 4418 3384 4489 κατωτέρω

2244 4501 2440 4575 Μερῶν
2471 4499 2765 4556 κλινόντων
2799 4503 2872 4563 ὡς
2901 4504 3036 4577 πρὸς
3070 4505 3294 4579 ἑσπέραν
3325 4506 3561 4573 τόπους,

2243 4586 2349 4641 Σὺν
2378 4588 2436 4642 'A
2451 4585 2584 4661 χαΐα
2610 4586 2852 4662 Βλαχίας
2883 4589 2973 4643 καὶ
3003 4591 3114 4644 τῶθ
3143 4591 3296 4668 πέριξ

2063 4686 2205 4741 8600
2249 4682 2489 4746 Παλαιᾶς
2521 4685 2782 4758 Ἠπείρου
2809 4707 2868 4741 τε
2899 4685 2990 4741 σὺν
3024 4687 3292 4760 Αἰτωλίᾳ,

2241 4775 2371 4845 Ἃμ’
2403 4771 2698 4848 Ἰλλυρικῷ
2723 4775 2814 4829 καὶ
2847 4775 3136 4852 Δυρραχίῳ
3156 4778 3341 4850 πόλει,

2241 4865 2363 4919 "ich
2396 4862 2706 4937 Περιλάπου
2740 4864 3077 4940 ιιελαιονίσις
3109 4865 3266 4938 ὅλης»

3610 248 3742 303 316

2244 4950 2482 5021 Κλεινῆς
2520 4951 2802 5027 Ἀχρίδος.
2839 4953 3178 5031 σελασφόρου
3209 4958 3298 5011 καὶ
3333 4958 3617 5032 Πρὲσπης,

2240 5043 2298 5094 Ὀ
2331 5039 2565 5116 Μιχαὴλ
2599 5045 2661 5110 ἤν
2693 5040 2958 5114 δεσπότης
2990 5046 3018 5099 ὁ
3050 5043 3315 5117 δεσπότης

2061 5131 2204 5186 8605
2241 5132 2339 5192 ’Ός
2374 5129 2432 5184 ἐκ
2461 5130 2673 5195 νοθείας
2707 5131 2945 5207 Μιχαὴλ
2976 5135 3102 5207 πρὶν
3133 5135 3288 5212 ἐξέφυ

2241 5223 2317 5276 Κο
2327 5219 2704 5294 μνηναγγέλου
2737 5223 3006 5297 συγγόνου
3037 5221 3345 5297 Θεοδώρου,

2237 5310 2326 5372 Ὡς
2354 5309 2541 5362 ἀνόπιν
2575 5308 2758 5384 εἶ’ρηκε
2785 5309 2988 5388 φθάσας
3024 5334 3117 5386 μοι
3151 5313 3342 5388 λόγος.

2237 5399 2391 5452 Οὕτω
2426 5400 2519 5471 μὲν
2553 5394 2682 5474 ἔσχε
2710 5400 2774 5453 τά
2803 5401 2938 5475 πρὸς
2971 5401 3195 5478 ἑσπέραν
3233 5405 3395 5480 μέρη.

2236 5487 2398 5555 "Avari
2431 5486 2487 5540 δέ
2521 5485 2699 5542 λιπὼν
2737 5487 3010 5564 βασίλειον
3044 5493 3337 5569 Νυμφαίου

2057 5579 2200 5636 8610
2238 5578 2404 5651 Ἧρος
2438 5579 2690 5652 φανέντος
2721 5579 3129 5653 Ἑλλήσποντον
3171 5577 3346 5654 διέϐη,
