4104 6204
277 263 399 321 317
1833 273 2192 330 ΟΕΒΔΒΕΞ.
3622 278 3727 336 318

476 391 581 449 Καὶ
619 390 882 467 βάλλεται
914 392 1131 470 χάρακα
1160 400 1276 450 κατ’
1309 392 1436 451 ἄστυ
1469 399 1671 474 φθάσας

475 483 556 539 Τὸ
582 488 682 551 τῆς
715 483 1094 557 Τζουρουλοῦ,
1127 488 1214 538 καὶ
1247 484 1402 560 νόμῳ
1429 491 1508 558 τῷ
1535 494 1635 557 τῆς
1672 489 1860 561 μάχης

1984 400 2041 466 Α
2070 396 2340 470 valloque
2371 401 2575 455 statim
2607 400 3018 456 circumclusit
3048 418 3239 458 arcem

2068 487 2326 556 Tzuruli,
2360 493 2417 544 et
2450 506 2581 545 mox
2613 489 2875 545 adhibito
2910 490 3116 546 Martis
3149 507 3341 563 opere,

477 572 886 646 Καθαιρετικῶν
918 592 1144 648 μηχανη
1157 573 1341 646 μάτων
1372 576 1543 650 τέχνῃ

474 662 672 730 Ῥᾇστα
703 664 1083 734 παρεστήσατο
1118 664 1378 741 φρούριον
1420 663 1564 720 τόδε·

287 753 435 807 8615
477 749 557 808 Οὗ
588 752 926 823 κασιγνήτην
964 751 1206 826 Εἰρήνης
1250 751 1534 828 βασιλίδος

471 836 742 896 Εὖδοκίαν
777 837 1017 904 ἔντοσθεν
1049 841 1218 895 εὗοὼν
1254 843 1457 896 εὖνιν-ιν

1111 893 1119 915 ⁸
1351 876 1403 897 ἰ

473 932 606 1005 Παρ’
640 929 874 993 Ἰταλοῖς
907 931 1178 1006 ἄρχοντος
1209 931 1530 990 Ἀσελδεκάε

473 1019 728 1090 Κάλλητι
761 1022 1114 1096 παρέπεμψεν
1143 1021 1218 1084 εἷς
1249 1021 1572 1092 Βυζαντίδα,

475 1109 702 1164 Πάντων
729 1109 1025 1183 γυμνώσας
1052 1113 1160 1163 τῶν
1189 1109 1419 1164 ἐνόντων
1451 1108 1784 1184 πραγμάτων
1854 1141 1866 1150 -

289 1205 433 1262 8620
478 1202 660 1273 Αὖτήν
690 1224 750 1258 τε
773 1203 1130 1279 προσπόλους
1158 1226 1216 1260 τε
1244 1208 1331 1261 καὶ
1377 1203 1735 1284 δορυφόρους.

475 1294 685 1348 Ἐκεῖσε
716 1291 764 1347 δ’
794 1291 867 1348 ὢν
901 1294 1146 1356 σύνευνος
1178 1296 1348 1364 αὐτῆς
1380 1293 1588 1370 ἀπέδρα

476 1382 648 1457 Πρινή
680 1384 1001 1458 κρατάρχην
1030 1379 1364 1458 προσϐαλεῖν
1395 1389 1473 1457 τῷ
1504 1405 1770 1462 φρουριῳ,

470 1471 674 1546 Τρόμῳ
701 1492 760 1526 τε
791 1471 1021 1550 ληφθεὶς
1052 1474 1142 1527 καὶ
1173 1476 1360 1547 ψυχῆς
1397 1473 1630 1548 ἀγωνίᾳ.

475 1557 620 1630 ’Ἠδη
648 1564 1027 1632 παρεστήσατο
1057 1562 1147 1616 καὶ
1177 1563 1278 1632 τὴν
1310 1564 1514 1634 Βιζύην

294 1652 438 1707 8625
477 1650 710 1723 Πέμψας
739 1653 858 1705 κατ’
888 1651 1054 1721 αὐτῆς
1085 1651 1336 1726 στρατιὰν
1367 1652 1738 1730 αὐτοκράτωρ.

477 1739 711 1801 Τούτοις
747 1738 893 1794 ἑάλω
917 1747 1040 1802 τοῖς
1071 1741 1298 1816 χρόνοις
1325 1748 1489 1810 νῆσος
1519 1740 1706 1804 Ῥόδος

477 1837 604 1894 Τοῖς
635 1829 943 1893 Γενουΐταις
979 1831 1217 1891 Ἰταλοῖς
1252 1832 1389 1903 μετὰ
1419 1829 1608 1889 δόλου.

483 1922 636 1977 Ἐπεὶ
668 1921 770 1997 γάρ
801 1918 1091 1993 ἀπόδημος
1123 1923 1190 1989 ἦν
1221 1920 1513 1989 ἐπιστάτης

482 2009 678 2067 Ῥόδου
712 2005 959 2072 Γαϐαλᾶς
995 2011 1249 2081 Ἰωάννης
1280 2016 1360 2083 τῷ
1389 2010 1514 2065 τότε

300 2112 441 2169 8630
479 2113 771 2183 ’Όμαιμος
800 2109 873 2163 ὢν
905 2109 1174 2183 Καίσαρος
1207 2108 1463 2185 ἄρξαντος
1489 2107 1684 2166 Ῥόδου

480 2197 960 2274 Συνεκστρατεύων
993 2197 1318 2274 Δύσονάρχῃ
1352 2196 1612 2274 δεσπότῃ,

476 2295 660 2356 Νῆσον
692 2289 960 2364 κατέσχον
993 2291 1046 2344 οἱ
1073 2288 1401 2364 λελεγμένοι
1431 2289 1626 2363 λάθρα·

476 2382 545 2438 Ὀ
577 2378 740 2454 γνοὺς
774 2377 1030 2454 βασιλεὺς
1065 2379 1116 2434 ἐν
1146 2378 1328 2453 Θρᾴκῃ
1356 2373 1676 2452 διατρίϐων⁹

479 2473 942 2538 Καντακουζηνῶν
980 2469 1041 2523 ἐκ
1067 2469 1256 2543 γὲνους
1285 2468 1540 2538 Ἰωάννην

299 2562 438 2617 8635
478 2560 582 2615 Σὺν
619 2563 842 2635 στρατιᾷ
870 2557 1127 2636 πέπομφε
1154 2555 1383 2613 Ῥοδίων
1417 2555 1598 2611 πόλει’

473 2651 577 2710 ’ος
609 2645 992 2708 ἐκπεπλευκὼς
1021 2649 1112 2702 καὶ
1144 2648 1379 2722 κατάρας
1410 2646 1461 2701 ἐν
1489 2643 1688 2718 Ῥόδῳ,

481 2739 722 2812 Κατέσχε
753 2737 1076 2813 Φιλέρημον
1107 2735 1237 2792 ἄστυ
1265 2739 1334 2810 τῇ
1371 2737 1548 2810 μάχῃο

482 2829 603 2905 Ἀφ’
635 2824 801 2900 οὗπερ
837 2826 1061 2903 ἰχθροῖς
1090 2827 1354 2881 ἀντεπιὼν
1390 2825 1646 2900 εὐψύχως

477 2919 671 2987 Ῥᾷστα
701 2917 939 2972 κατέσπα
965 2917 1065 2985 τήν
1099 2915 1266 2992 ὀφρὺν
1296 2919 1442 2993 σφῶν
1474 2915 1560 2969 καὶ
1597 2913 1813 2988 θράσος.

303 3010 443 3065 8640
483 3008 580 3062 Καὶ
601 3008 732 3082 τάχ’
764 3006 823 3060 av
853 3007 963 3061 εἷλε
992 3006 1079 3061 καὶ
1111 3005 1277 3060 πόλιν
1308 3004 1444 3059 κατὰ
1470 3003 1691 3077 κράτος,

478 3096 542 3153 Ei
574 3097 652 3168 μὴ
684 3095 919 3171 πρίγκιψ
946 3094 1124 3168 ἤμυνε
1151 3102 1252 3164 τῆς
1282 3092 1531 3168 Ἀχαΐας,

476 3185 744 3247 Ὁπλίτας
776 3185 962 3246 αὐτοῖς
997 3185 1328 3258 συμμάχους
1360 3180 1490 3244 δοὺς
1521 3180 1776 3245 ἱππότας.

475 3277 564 3337 Ὠς
598 3273 691 3329 οὖν
727 3272 1060 3344 ἒπανὲζευξεν
1092 3272 1154 3328 ἐκ
1185 3274 1375 3347 μάχης
1408 3272 1556 3341 ἄναξ,

473 3369 616 3426 Ναῦς
647 3363 1003 3438 ἱππαγωγοὺς
1035 3360 1350 3438 εὐτρεπίσας
1385 3360 1476 3415 καὶ
1507 3359 1737 3428 στόλον,

304 3465 441 3520 8645
477 3465 710 3523 Ἵππους
743 3460 798 3516 ἐν
832 3463 920 3522 αἶς
951 3457 1116 3514 ἔϐαλε
1147 3458 1514 3534 τριακοσίους,

474 3552 585 3606 Εἶτ’
617 3549 887 3620 ἀποτάξας
919 3549 1007 3603 καὶ
1039 3547 1354 3622 στολάρχην
1388 3549 1485 3601 τοῦ
1518 3543 1718 3600 στόλου

477 3642 613 3699 Τινὰ
649 3637 1084 3702 Κοντοστέφανον
1117 3635 1284 3712 ἄνδρα
1311 3632 1592 3711 γεννάδαν,

481 3723 948 3805 Πρωτοσεϐαστοῦ
972 3728 1072 3795 τήν
1104 3727 1273 3799 τιμὴν
1307 3722 1600 3799 εἰληχοτα,

477 3819 568 3883 Εἷς
599 3826 766 3888 νῆσον
804 3814 1087 3871 ἀπέστειλε
1117 3817 1217 3884 τὴν
1245 3819 1353 3869 τῶν
1382 3809 1630 3870 Ῥοδίωνί

308 3912 440 3967 8650
479 3912 579 3968 Καὶ
611 3909 749 3964 κατὰ
783 3909 971 3982 μάχην
1007 3904 1346 3978 συμπλακεὶς
1375 3901 1706 3969 Γενουίταις,

478 3999 627 4058 Κατὰ
655 4000 858 4072 κράτος
889 4003 1023 4070 σφᾶς
1053 3995 1235 4065 ἐκνικᾷ
1265 3993 1352 4048 καὶ
1385 3987 1681 4064 συντρίϐει,

478 4090 576 4144 Καὶ
611 4094 779 4156 νῆσον
813 4085 1076 4141 ἀνέσωσεν
1112 4080 1313 4138 Αὕσοσι
1347 4081 1536 4137 πάλιν.

469 4184 526 4235 Ὀ
557 4175 603 4232 δ’
637 4174 992 4250 αὐτοκράτωρ
1025 4174 1162 4248 πρὸς
1191 4170 1424 4246 Μιχαὴλ
1459 4167 1719 4235 δεσπότην

473 4264 652 4336 Κῆδός
680 4286 740 4320 τε
767 4269 918 4318 ποιεῖ
950 4257 1242 4337 συμϐάσεις
1271 4263 1317 4315 τ’
1350 4259 1683 4332 ἐνωμότους.

305 4359 436 4415 8655
471 4361 605 4418 Παῖς
640 4352 908 4409 δεσπότου
939 4352 1042 4428 γάρ
1079 4348 1314 4425 Μιχαὴλ
1350 4349 1668 4424 Νικηφόρος

472 4444 566 4507 Εἷς
598 4445 845 4519 γαμετὴν
880 4440 1076 4518 εἴληφε
1103 4441 1202 4510 τὴν
1238 4436 1524 4515 Θεοδώρου

473 4541 744 4594 ’Ἄνακτος
777 4533 898 4585 υἱοῦ
931 4529 1145 4605 Μαρίαν
1177 4527 1462 4604 θυγατέραο

473 4629 579 4694 Τῆς
611 4626 710 4678 τοῦ
742 4617 976 4695 Μιχαὴλ
1009 4619 1238 4694 συζύγου
1270 4615 1554 4693 Θεοδώρας

475 4716 552 4767 Δι’
585 4710 1005 4780 Ἑλλησπόντου
1038 4709 1315 4785 φθασάσης
1349 4707 1570 4781 χώρους
1605 4702 1703 4776 ἕω,

307 4813 436 4868 8660
474 4809 624 4868 Metti
654 4829 718 4885 γε
748 4803 943 4868 παιδὸς
977 4803 1244 4883 φιλτάτου
1275 4803 1596 4880 Νικηφόρου

476 4901 573 4954 Καὶ
603 4899 707 4966 τήν
738 4895 824 4950 ἐπ’
853 4896 1001 4966 αὐτῷ
1029 4892 1334 4970 συγγένειαν
1371 4890 1667 4965 δρασάσης,

473 4990 603 5046 Εἶτα
634 4987 728 5042 σὺν
763 4987 915 5057 αὐτῷ
945 4984 1082 5058 πρὸς
1119 4981 1268 5037 δύσιν
1304 4981 1664 5056 χωρησάσης,

476 5075 658 5132 Ἀλλά
685 5073 924 5150 Μιχαὴλ
961 5072 1152 5144 Αἰθίοψ
1185 5071 1257 5125 ὣν
1285 5070 1557 5146 καρκίνος.

473 5166 586 5223 Οὐκ
617 5164 675 5219 εὖ
707 5160 944 5238 βαδίζειν
980 5159 1104 5216 οὐδὲ
1136 5161 1426 5236 ῥύπτεσθαι
1461 5157 1627 5222 θέλειο

311 5258 441 5314 8665
479 5252 811 5332 Συμφωνίας
841 5253 944 5327 γὰρ
978 5251 1260 5321 ἠοετηκὼς
1296 5245 1611 5323 συμϐάσεις,

477 5343 870 5419 Ἀναπέιρανται
905 5337 1176 5412 δυσμενὴς
1208 5339 1538 5410 ἀποστάτης,

479 5427 805 5504 Σόμϐουλον
839 5429 1008 5504 εὑρὼν
1043 5425 1420 5504 πατράδελφον
1453 5428 1526 5489 εἰς
1557 5425 1682 5482 τόδε

478 5519 758 5590 Θεόδωρον
794 5516 1065 5595 Ἄγγελον
1093 5515 1309 5592 εὔριπον
1340 5519 1598 5586 τρόπους.

480 5612 567 5675 Ὠς
591 5609 682 5664 οὗν
713 5605 831 5665 τάδ’
859 5609 1130 5682 ἠνώτιστο
1155 5611 1233 5680 τῷ
1266 5606 1610 5683 στειρηφόρῳ,

2069 576 2321 633 admotis
2355 579 2645 634 machinis
2677 579 3172 652 obsidionalibus,

2069 663 2460 722 facile‘areem
2495 667 2606 723 sibi
2637 668 2958 723 vindicavit
2994 686 3007 723 :

2070 754 2167 808 ubi
2201 771 2458 811 sororem
2494 758 2704 829 reginae
2736 758 2934 812 uxoris
2967 774 3088 812 sua:

2069 841 2382 899 Eudociam
2414 846 2862 916 deprehensam,
2897 863 3019 917 qua:
3051 852 3333 917 nupserat.

2071 931 2385 989 Aseldecao
2420 935 2560 990 ltalo
2594 936 2874 1008 dynastas,

2067 1021 2237 1078 celeri
2268 1039 2417 1094 equo
2451 1024 2788 1095 impositam
2823 1025 3163 1096 Byzantium
3199 1026 3383 1094 misit,

2066 1128 2264 1195 erepto
2297 1124 2456 1178 omni
2487 1128 2696 1179 ornatu
2732 1128 2788 1179 et
2819 1124 3182 1196 supellectile

2068 1212 2203 1284 ipsi,
2236 1213 2663 1280 comitibusque
2695 1218 2749 1268 et
2783 1213 3156 1269 satellitibus.

2070 1303 2214 1358 Nam
2250 1319 2505 1372 sponsus
2536 1304 2663 1373 eius
2695 1304 2832 1373 fuga
2863 1320 2924 1358 se
2954 1304 3312 1360 subduxerat

2069 1392 2326 1463 percitus
2357 1397 2539 1458 metu,
2573 1397 2980 1448 consternatus
3012 1393 3208 1448 animo

2065 1480 2412 1552 priusquam
2446 1497 2637 1536 arcem
2667 1480 2855 1536 Caesar
2884 1482 3200 1537 obsideret.

2063 1569 2259 1640 Neque
2289 1569 2389 1624 diu
2423 1573 2554 1641 post
2585 1571 2738 1641 cepit
2771 1586 3004 1642 quoque
3040 1571 3267 1640 Byziam

2067 1658 2266 1716 missis
2299 1658 2531 1714 infestis
2563 1658 2744 1728 copiis
2777 1659 3110 1730 imperator.

1985 1767 2034 1832 B
2064 1753 2172 1804 Per
2200 1749 2354 1803 idem
2389 1753 2622 1819 tempus
2653 1753 2781 1803 astu
2820 1749 2928 1802 fuit
2959 1754 3132 1820 capta

2069 1838 2140 1894 ab
2172 1836 2335 1892 Italis
2364 1837 2766 1892 Januensibus
2800 1837 3042 1892 Rhodus
3077 1838 3290 1893 insula.

2067 1931 2213 1982 Nam
2246 1942 2378 1981 eum
2414 1927 2646 1981 abesset
2675 1927 2887 1981 exteris
2918 1927 2977 1981 in
3013 1927 3182 1982 terris

2069 2014 2259 2072 Rhodi
2291 2015 2593 2087 praefectus
2623 2014 2873 2070 Gabalas
2902 2015 3158 2072 Joannes

2067 2104 2333 2177 (Caesaris
2366 2104 2541 2159 frater
2569 2104 2665 2176 qui
2696 2104 2882 2160 Rhodi
2918 2103 3186 2176 princeps
3220 2105 3428 2174 fuerat)

2067 2191 2440 2265 imperatoris
2473 2192 2696 2248 domini
2729 2196 2922 2248 castra
2953 2209 3230 2265 sequens,

2066 2279 2266 2336 hostes
2299 2281 2557 2352 praedicti
2589 2281 2738 2336 clam
2771 2286 3050 2353 ceperunt
3079 2282 3354 2337 insulam.

2068 2379 2210 2434 Rem
2241 2379 2338 2434 ubi
2372 2379 2429 2434 in
2462 2379 2711 2435 Thracia
2743 2380 2901 2435 novit
2931 2381 3268 2452 imperator,

2067 2472 2535 2524 Cantaeuzenum
2568 2486 2701 2524 cum
2734 2471 2916 2540 copiis
2949 2471 3235 2526 Joannem

2070 2558 2141 2614 ad
2176 2557 2595 2613 Rhodiensium
2629 2559 2911 2629 oppidum
2945 2559 3174 2615 direxit.

2069 2645 2169 2702 Ille
2201 2662 2331 2702 eum
2362 2645 2610 2703 classem
2642 2646 2911 2703 Rhodum
2946 2649 3296 2721 appulisset,

2068 2735 2348 2808 oppidum
2382 2736 2535 2808 cepit
2565 2736 2761 2808 praelio
2793 2737 3221 2806 Phileremum;

2067 2841 2138 2880 ex
2167 2842 2279 2896 quo
2312 2841 2656 2898 progressus
2690 2827 2915 2882 fortiter
2946 2827 3002 2882 in
3038 2827 3238 2884 hostes

2069 2913 2332 2986 ipsorum
2365 2914 2534 2970 facile
2565 2917 2832 2970 contudit
2860 2917 3164 2971 audaciam
3203 2934 3215 2971 :

2058 3013 2304 3084 jamque
2332 3019 2610 3084 capturus
2641 3019 2762 3070 erat
2792 3019 2849 3068 et
2877 3013 3250 3085 metropolin,

1987 3129 2030 3196 ρ
2069 3101 2182 3158 nisi
2217 3101 2541 3157 obstitisset
2569 3101 2684 3196 ipsi
2715 3101 2944 3196 achaiae
2976 3101 3271 3172 princeps,

2067 3190 2169 3262 qui
2203 3198 2457 3246 armatos
2487 3189 2713 3261 equites
2745 3189 3018 3246 hostibus
3050 3190 3361 3246 concessit.

2066 3281 2177 3336 Sed
2210 3297 2316 3336 suo
2349 3279 2500 3336 bello
2532 3280 2711 3335 redux
2744 3279 3062 3351 imperator

2066 3369 2440 3442 equestribus
2473 3368 2723 3441 navigiis
2755 3386 2890 3425 cum
2923 3369 3110 3425 classe
3142 3369 3446 3426 instructis

2066 3457 2147 3512 ibi
2179 3462 2469 3514 trecentos
2501 3474 2684 3530 equos
2719 3458 3020 3529 imposuit.

2067 3549 2215 3604 Tum
2248 3557 2305 3604 et
2337 3548 2696 3603 navarchum
2730 3546 2908 3602 classi
2946 3547 3324 3620 praepositum

2065 3636 2607 3709 Contostephanum
2640 3637 2954 3708 quemdam
2987 3637 3174 3692 virum
3209 3643 3514 3693 strenuum

2067 3727 2455 3798 protosebasti
2484 3725 2772 3797 dignitate
2804 3727 3143 3798 praeditum,

2068 3817 2125 3870 in
2157 3815 2544 3871 Rhodiensem
2577 3815 2660 3870 ire
2682 3816 2866 3886 jussit
2896 3816 3154 3871 insulam
3192 3833 3204 3870 :

2066 3905 2165 3976 qui
2195 3905 2520 3960 Januenses
2554 3904 2612 3958 in
2648 3905 2909 3976 praelium
2943 3910 3179 3961 vocatos

2065 3999 2332 4066 potenter
2361 3992 2670 4048 debellavit
2699 4010 2764 4048 ac
2797 3993 3087 4064 protrivit,

2065 4088 2122 4138 et
2153 4083 2233 4139 sic
2264 4083 2510 4154 imperio
2539 4082 2800 4137 insulam
2834 4083 3114 4138 restituit.

2062 4176 2134 4228 At
2162 4173 2478 4242 imperator
2508 4187 2640 4226 eum
2675 4169 2950 4226 Michaele
2981 4171 3225 4243 despota

2064 4261 2410 4316 afﬁnitatem
2446 4259 2646 4332 panxit
2675 4263 2731 4314 et
2762 4257 3106 4316 amicitiam.

2062 4349 2244 4406 Filius
2276 4350 2427 4405 enim
2461 4349 2718 4420 despotte
2748 4347 3112 4419 Nicephorus

2066 4454 2304 4493 uxorem
2337 4436 2447 4492 sibi
2476 4437 2778 4492 Theodoro
2809 4437 3070 4508 genitam

1986 4503 2036 4566 D
2066 4525 2435 4600 imperatoris
2463 4525 2579 4580 ﬁlio
2612 4525 2855 4580 Mariam
2880 4525 3100 4597 junxit.

2064 4618 2135 4672 Et
2165 4615 2470 4671 Theodore
2503 4613 2801 4669 Michaelis
2833 4615 3045 4684 conjux

2063 4723 2166 4779 per
2199 4704 2636 4776 Hellespontum
2669 4703 2768 4758 ivit
2805 4705 2858 4758 in
2893 4705 3176 4759 orientem

2064 4811 2180 4850 una
2212 4809 2344 4847 cum
2381 4793 2537 4848 dulei
2569 4791 2687 4848 filio
2719 4792 3044 4864 Nicephoro

2062 4885 2132 4938 ad
2167 4881 2525 4954 copulandas
2561 4887 2789 4952 nuptias
2823 4883 3132 4952 praedictas
3167 4901 3178 4936 :

2061 4973 2190 5029 exin
2224 4989 2356 5026 curn
2391 4973 2517 5042 ipso
2552 4971 2724 5025 rediit
2751 4972 2809 5025 in
2845 4971 3118 5042 patriam.

2061 5064 2324 5116 Attamen
2359 5059 2595 5114 Michael
2631 5059 2891 5131 zEthiOps
2921 5066 2977 5114 et
3011 5077 3220 5116 cancer

2061 5166 2165 5206 nec
2196 5155 2347 5205 recte
2380 5149 2649 5203 incedere
2685 5155 2908 5220 poterat
2941 5166 3044 5204 nec
3076 5150 3389 5208 albescere.

2059 5248 2326 5320 Namque
2358 5247 2562 5301 deletis
2597 5247 2753 5318 pacis
2787 5248 3226 5306 conditionibus

2063 5337 2331 5392 rabidum
2366 5340 2550 5390 semet
2584 5335 2832 5406 prazbuit
2863 5336 3166 5404 rebellem,

2065 5430 2268 5481 nactus
2300 5425 2367 5480 ad
2405 5425 2511 5480 hoc
2543 5425 2976 5497 conspirantem
3013 5432 3283 5500 patruum

2059 5515 2346 5584 Angelum
2379 5515 2745 5570 Theodorum
2777 5515 3162 5586 versipellem.

2059 5605 2190 5661 Haec
2218 5603 2536 5676 imperator
2563 5621 2695 5660 cum
2728 5605 3132 5675 intellexisset,
