4004 6200
352 275 459 333 319
1569 268 1943 328 EPHRBMII
1981 261 2554 320 CHBONOGBAPHI

347 406 644 460 Romanas
674 403 824 459 vires
856 402 1047 458 denuo
1077 397 1334 471 collegit,

350 510 609 565 suosque
640 493 814 546 duces
843 490 1046 545 robore
1078 489 1431 561 praecipuos;

349 579 796 637 Tarcbaniotam
833 576 1054 634 scilicet
1081 576 1473 647 Nicephorum

349 686 563 726 nomen
595 670 890 738 gerentem
927 665 1150 721 meritis
1182 665 1481 732 idoneum,

348 758 492 830 regii
526 755 875 827 insignitum
910 756 1199 827 pincernaa
1230 754 1443 821 officio,

347 846 772 917 domesticique
804 844 1001 915 magni
1034 849 1329 917 gerentem
1363 844 1520 901 vices
1552 860 1565 899 :

344 935 813 1006 strategopulum
847 942 1154 989 strenuum
1187 933 1454 989 Alexium
1490 951 1504 990 :

344 1025 531 1080 filium
568 1028 847 1095 praeterea
879 1021 1077 1095 magni
1108 1022 1417 1077 domestici

345 1113 737 1183 Palaeologum
770 1111 1114 1167 Michaelem
1150 1112 1637 1183 decusjuvenum
1674 1129 1686 1165 :

344 1204 581 1258 demum
618 1201 939 1256 Macrinum
973 1203 1029 1255 et
1058 1204 1374 1272 tyrannum
1407 1199 1712 1256 Budelum.

341 1300 443 1354 His
474 1299 726 1353 c’ucibus
756 1298 1013 1368 stipatus
1044 1302 1219 1368 atque
1249 1297 1503 1352 exercitu

342 1386 826 1444 Thessalonicam
860 1386 1110 1441 contulit
1139 1403 1203 1441 se
1236 1386 1296 1441 in
1329 1386 1533 1441 urbem
1567 1400 1584 1442 :

343 1481 514 1547 atque
547 1476 710 1531 illinc
741 1490 988 1547 pergens
1020 1475 1089 1529 ad
1123 1475 1421 1530 Bodenum
1455 1479 1741 1539 castrum,

342 1566 425 1621 ibi
458 1566 659 1621 deﬁxit
688 1566 913 1637 regium
947 1565 1285 1631 tentorium,

344 1658 562 1728 diuque
594 1656 807 1711 mmnia
837 1659 1106 1727 perstans
1137 1655 1532 1729 oppugnabat.

341 1745 447 1800 Sed
481 1746 823 1799 Theodorus
851 1743 1108 1799 evolarat
1135 1760 1266 1799 arce

345 1833 412 1887 ad
451 1831 796 1887 Michaelem
828 1833 1133 1903 despotam
1168 1833 1525 1905 profugiens.

340 1924 467 1975 Mox
498 1923 568 1975 ad
602 1921 833 1978 Ostrobi
868 1921 1060 1977 lacum
1093 1922 1195 1977 ivit
1224 1922 1433 1993 Caesar,

340 2009 779 2081 exercitumque
813 2009 977 2065 misit
1007 2015 1210 2066 contra
1241 2012 1568 2083 despotam.

341 2098 519 2153 Paulo
553 2103 685 2169 post
714 2098 871 2153 venit
901 2098 1237 2170 insperatus
1269 2101 1514 2156 nuntius

337 2187 408 2242 ad
438 2187 783 2249 comitatum
811 2188 1055 2245 Cesaris
1087 2188 1302 2245 Glabas
1333 2190 1572 2261 quidam

340 2280 566 2348 gratam
597 2277 866 2332 Castoria
896 2279 1153 2333 referens
1186 2279 1488 2345 notitiam;

340 2363 641 2436 simulque
672 2365 1033 2438 Petraliphas
1063 2371 1299 2423 senator
1327 2368 1564 2437 nobilis,

342 2453 440 2526 qui
477 2453 747 2509 Demetrii
777 2454 1035 2510 Tornicze
1062 2471 1237 2528 gener
1264 2461 1409 2523 erat,

339 2549 393 2598 et
426 2541 724 2598 Michaelis
755 2545 1010 2613 despota:
1042 2544 1205 2599 uxori
1237 2546 1434 2602 frater.

338 2630 412 2686 Ut
439 2647 577 2702 ergo
609 2631 681 2685 ad
715 2633 997 2687 Caesarem
1033 2632 1709 2711 pervenit‘Petraliphas,

338 2728 534 2797 ipsum
569 2729 1007 2800 exercitumque
1038 2728 1302 2801 implevit
1331 2732 1545 2802 gaudio
1581 2752 1594 2790 :

339 2817 420 2872 ait
454 2817 632 2881 enim,
666 2816 822 2873 illico
854 2817 1113 2873 deditam
1143 2819 1460 2876 Castoriam

339 2922 475 2962 cum
510 2906 800 2962 territorio
831 2913 1041 2962 cuncto
1072 2911 1130 2962 et
1157 2924 1288 2963 cum
1320 2908 1577 2965 Deaboli.

340 2995 656 3051 Goleamus
687 2995 864 3052 etiam
898 2995 1110 3052 nobilis
1139 2996 1402 3055 Albanus

339 3085 552 3156 reginas
587 3085 778 3140 lrenes
809 3088 1039 3156 neptem
1073 3084 1132 3139 in
1167 3086 1542 3143 matrimonio

338 3172 565 3229 habens
594 3173 973 3244 desponsam,
1004 3173 1286 3231 invitatus
1315 3174 1526 3233 litteris

333 3261 548 3317 lubens
580 3261 653 3317 ad
687 3277 888 3331 pacem
921 3263 1384 3320 confirmandam
1418 3266 1595 3321 venit.

340 3351 495 3414 Quos
522 3363 727 3404 omnes
756 3352 945 3406 Caesar
976 3351 1240 3407 benivole
1269 3356 1541 3423 exceptos

342 3436 549 3491 multis
580 3437 803 3492 ornavit
835 3438 988 3492 ultro
1020 3439 1341 3494 beneﬁciis.

342 3525 446 3580 Ubi
482 3524 601 3579 haec
634 3525 869 3580 rescivit
898 3525 1138 3581 Michael
1168 3528 1413 3597 despota
1464 3512 1471 3519 ’

342 3614 509 3669 misit
539 3613 787 3686 legatos,
816 3614 1096 3684 Naupacti
1130 3616 1495 3688 episcopum,

340 3702 597 3759 nobilem
634 3701 1040 3770 Maliasenum,
1075 3720 1141 3758 ac
1175 3705 1542 3776 Lampetem;

337 3794 439 3864 qui
471 3791 839 3848 conditiones
869 3791 1181 3847 ﬁrmarunt
1210 3810 1343 3849 cum
1375 3795 1617 3852 Caesare.

337 3891 524 3961 Igitur
555 3889 801 3945 Michael
833 3889 1130 3962 Prilapum
1162 3894 1474 3958 concessit,

335 3976 662 4043 Belessum,
697 3978 892 4047 Croas,
924 3978 1133 4034 ditioni
1166 3996 1446 4037 cessarem.

337 4066 544 4123 Postea
575 4067 943 4139 subscriptas
978 4067 1137 4123 misit
1168 4070 1531 4128 conditiones

335 4157 406 4211 ad
442 4156 783 4211 Michaelem
813 4157 1114 4229 despotam
1149 4158 1465 4230 imperator

332 4261 436 4316 per
470 4245 717 4302 Phocam
751 4246 1091 4318 episcopum
1129 4247 1562 4321 Philadelphia,

330 4334 620 4390 Isaacium
652 4335 887 4401 ducam,
919 4340 975 4390 et
1004 4334 1278 4408 Hyaleam
1314 4354 1327 4391 :

332 4424 432 4495 qui
462 4422 732 4479 Michasli
765 4424 1011 4479 Larissa
1043 4430 1417 4482 occurrentes

328 4512 488 4583 pacis
518 4512 817 4579 negotium
851 4512 959 4568 rite
988 4516 1401 4580 transegerunt
1426 4529 1438 4567 :

331 4613 506 4680 atque
538 4609 897 4665 abducentes
928 4610 1092 4664 illinc
1119 4609 1512 4682 Nicephorum

329 4698 581 4770 despota:
616 4698 823 4764 lilium,
857 4715 987 4752 cum
1022 4715 1205 4770 eoque
1239 4699 1456 4770 pariter

331 4788 431 4857 qui
466 4786 775 4844 rebellarat
798 4786 1080 4858 Angelum
1110 4787 1405 4859 captivum

328 4877 400 4932 ad
431 4881 718 4934 Caesarem
752 4875 923 4949 legati
958 4881 1291 4931 remearunt
1324 4896 1336 4935 :

324 4965 417 5020 cui
453 4964 751 5022 Michaelis
781 4965 937 5020 hunc
972 4964 1157 5020 filium
1189 4966 1579 5037 Nicephorum

324 5055 574 5126 despotae
604 5054 891 5125 dignitate
922 5072 1130 5110 ornare
1162 5054 1400 5123 placuit.

325 5143 617 5213 Hesperiis
651 5143 827 5198 rebus
858 5143 941 5196 sic
971 5147 1159 5196 Cmsur
1189 5143 1517 5215 dispositis,

323 5237 500 5302 atque
532 5232 782 5287 Bodonis
814 5232 1008 5286 hieme
1037 5237 1354 5297 transacto,

321 5322 475 5376 veris
504 5322 616 5377 sub
647 5327 800 5387 ortu,
832 5319 1069 5391 reliquit
1100 5320 1314 5375 ibidem

320 5410 630 5481 plerasque
659 5409 888 5481 copias;
924 5408 1046 5481 ipse
1077 5410 1498 5467 comitantibus

320 5498 526 5572 paucis
557 5498 820 5565 armatis,
853 5502 1046 5553 castra
1080 5514 1267 5569 nuper
1296 5499 1491 5555 dedita

318 5588 552 5657 invisit;
589 5604 796 5661 nempe
820 5588 979 5645 venit
1007 5587 1077 5644 ad
1114 5588 1315 5645 urbem
1349 5589 1738 5662 Lychnidum,

2024 389 2078 455 Α
2106 386 2248 441 8670
2284 385 2393 447 Τὰς
2416 382 2726 456 Ῥωμαϊκὰς
2760 380 3018 454 δυνάμεις
3049 382 3339 445 συναλίσας

2284 474 2381 529 Καὶ
2411 470 2541 536 τοὺς
2570 472 2660 527 ὑπ’
2689 470 2850 527 αὐτὸν
2883 470 3145 536 εὐσθενεῖς
3178 474 3572 549 στρατηγέταε,

2282 564 2720 638 Ταρχανειωτῶν
2751 559 2812 615 ἐκ
2838 561 3028 635 γένους
3057 561 3370 640 Νικηφόρον

2282 650 2488 721 Κλὴσιν
2523 649 2899 720 άληθεύουσαν
2930 650 2987 704 εὗ
3012 670 3177 720 κεκτη
3190 650 3372 724 μένον,

2281 744 2391 812 Τὴν
2422 741 2572 812 ἀξίαν
2602 762 2663 796 τε
2687 743 2788 811 τὴν
2820 739 2909 796 ἐπὶ
2937 747 3040 810 τῆς
3067 728 3362 815 τραπέζης,

2104 843 2247 899 8675
2286 839 2612 916 Πληροῦντα
2641 837 2686 894 δ’
2717 836 2846 916 ἔργα
2879 838 3124 914 μεγάλου
3157 837 3501 911 δομεστίκου’

2285 927 2780 1006 Στρατηγόπουλον
2812 930 2870 984 Ἀ
2881 927 3056 1001 λέξιον
3081 926 3361 1004 γεννάδαν,

2282 1018 2379 1073 Καὶ
2414 1018 2574 1095 φίλον
2611 1019 2724 1073 υἱὸν
2758 1017 3004 1093 μεγάλου
3037 1014 3363 1091 δομεστίκου

2280 1105 2667 1183 Ιῐαλαιολόγον
2697 1105 2935 1183 Μιχαὴλ
2966 1105 3131 1170 κλέος
3160 1106 3314 1177 νέων,

2280 1198 2385 1253 Καὶ
2412 1197 2505 1253 τὸν
2536 1196 2827 1270 Μακρηνὸν
2852 1195 2943 1251 καὶ
2970 1195 3227 1271 τύραννον
3264 1196 3556 1255 Βουδελόν·

2098 1289 2239 1345 8680
2280 1281 2619 1360 Παραλαϐὼν
2649 1285 2877 1347 τούτους
2905 1306 2965 1341 τε
2992 1286 3199 1348 καὶτὰς
3232 1284 3512 1363 δυνάμεις,

2277 1371 2675 1444 Θεσσαλονίκην
2704 1368 3114 1446 καταλαμϐάνει
3150 1373 3334 1432 πόλιν.

2278 1465 2534 1528 Κάκεῖθεν
2567 1465 2699 1538 ἄρας
2729 1463 2781 1518 ἐν
2814 1460 3071 1534 Βοδηνῶν
3100 1465 3347 1542 φρουρίῳ

2278 1554 2665 1629 Ἀνακτορικὰς
2696 1553 2897 1623 σκηνὰς
2928 1549 3297 1628 ἐγκαθιδρύει,

2278 1642 2380 1700 Καὶ
2409 1645 2574 1697 τοῦτο
2603 1644 2797 1715 πορθεῖ
2830 1647 3105 1717 μηχαναῖς
3135 1643 3224 1697 καὶ
3257 1644 3351 1698 σὺν
3395 1644 3606 1719 χρόνῳ.

2020 1754 2068 1816 Β
2095 1734 2238 1790 8685
2275 1733 2452 1809 ’Έφθη
2478 1728 2534 1786 δ’
2564 1728 2804 1804 ἀποδρὰς
2832 1728 3113 1806 Θεόδωρος
3144 1732 3434 1809 φρουρίου,

2277 1822 2383 1877 Καὶ
2412 1825 2492 1892 τῷ
2522 1819 2759 1895 Μιχαὴλ
2791 1817 3025 1893 δεσπότῃ
3053 1820 3390 1897 προσερρὐ.

2276 1911 2408 1966 Εἶτα
2442 1909 2696 1986 βασιλεὺς
2729 1906 3029 1985 Ὀστροϐοὖ
3060 1911 3246 1987 φθάνει
3279 1910 3507 1982 λίμνην,

2279 1999 2378 2055 Καὶ
2406 2000 2662 2075 στρατιὰν
2693 1999 2950 2074 πέπομφε
2973 2000 3111 2055 κατὰ
3140 1996 3425 2059 δεσπότου.

2280 2090 2431 2146 Μετὰ
2461 2087 2519 2143 δὲ
2552 2089 2743 2162 μικρὸν
2774 2088 2921 2164 παρὰ
2948 2092 3118 2143 πᾶσαν
3151 2086 3351 2144 ἐλπίδα

2099 2180 2241 2237 8690
2281 2177 2655 2254 Προσελθέτην
2690 2175 2878 2233 ἄνακτι
2907 2172 3122 2240 Γλαϐἆς
3152 2178 3466 2250 τούπίκλην

2279 2269 2375 2324 Ἐκ
2408 2266 2729 2342 Καστορίας,
2763 2263 3028 2342 ἀγγελεὺς
3054 2270 3163 2322 τῶν
3196 2266 3546 2341 κρειττόνων,

2279 2358 2373 2412 Καὶ
2404 2356 2743 2434 Πετραλίφας
2773 2356 3000 2431 εὐγενῶν
3030 2361 3137 2411 τῶν
3172 2356 3224 2411 έν
3252 2356 3422 2425 τέλει,

2276 2441 2528 2521 Γαμϐρὸς
2557 2446 2789 2520 Τορνίκη
2820 2445 3112 2521 τυγχάνων
3147 2446 3495 2523 Δημητρίου,

2277 2532 2711 2610 Γυναικάδελφος
2741 2532 2978 2610 Μιχαὴλ
3008 2538 3105 2590 τοῦ
3136 2531 3425 2593 δεσπότου.

2094 2636 2238 2692 8695
2272 2639 2360 2696 Ὠς
2390 2634 2484 2689 οὗν
2513 2631 2798 2709 προσῆλθε
2830 2632 3045 2709 βασιλεῖ
3084 2631 3428 2711 ΙΙετραλίφας

2277 2723 2447 2778 Αὐτόν
2479 2743 2539 2777 τε
2569 2728 2741 2798 χαρᾶς
2772 2720 3071 2796 ἐμπιμπλᾷ
3101 2721 3410 2797 στράτευμά
3436 2743 3513 2779 τε’

2276 2811 2450 2875 Εὐθὺς
2479 2810 2790 2887 προσεῤῥύη
2824 2812 2930 2886 γὰρ
2960 2813 2995 2879 ἡ
3028 2810 3299 2883 Καστορία

2273 2902 2371 2956 Καὶ
2402 2904 2468 2956 τὰ
2497 2901 2650 2975 πέριξ
2681 2901 2889 2956 ἅπαντα
2918 2901 3011 2956 σὺν
3045 2896 3327 2957 Δεαϐόλει.

2274 2992 2377 3048 Καὶ
2408 2990 2691 3063 Γολεάμος
2721 2985 3005 3045 ’Δλϐανῶν
3039 2992 3115 3052 εἷς
3147 2989 3378 3063 ἐντίμων

2017 3116 2061 3184 C
2096 3084 2239 3138 8700
2277 3079 2612 3153 Αὐτανεψιᾶν
2646 3078 2890 3154 Εἷρήνης
2922 3076 3205 3153 βασιλίδος

2279 3169 2542 3225 Σύνευνον
2573 3167 2779 3244 αὐχῶν,
2813 3169 2890 3230 εἷς
2922 3167 3108 3243 ὅμηρα
3138 3167 3323 3245 φιλίας

2276 3260 2567 3335 Γράμμασι
2595 3257 2857 3327 πεισθεὶς,
2892 3256 3323 3334 αὐτεπάγγελτος
3349 3259 3556 3336 φθάνει*

2274 3348 2485 3421 Οὕσπερ
2514 3349 2834 3422 κρατάρχης
2867 3345 3106 3420 εὐμενως
3139 3344 3460 3421 δεδεγμένος

2275 3435 2521 3499 ΙΙολλαῖς
2550 3433 2864 3509 ἐδωρήσατο
2895 3441 3015 3498 ταῖς
3043 3436 3339 3499 εὐποιίαις.

2095 3528 2236 3583 8705
2273 3526 2437 3583 Ταῦτ’
2469 3525 2570 3601 άρά
2604 3526 2790 3597 μαθων
2825 3523 3062 3600 Μιχαὴλ
3096 3527 3124 3581 ὁ
3157 3523 3426 3597 δεσπότης

2271 3619 2523 3690 Ἔπεμψε
2551 3610 2823 3688 πρέσϐεις,
2855 3616 3095 3689 ποιμένα
3122 3616 3503 3687 Ναυπακτίων,

2273 3704 2629 3776 Μαλιασηνὸν
2661 3704 2851 3781 εὐγενῆ
2885 3704 2974 3760 καὶ
3008 3706 3302 3778 Λαμπέτην

2272 3795 2415 3870 Πρὸς
2450 3796 2540 3850 τὸν
2572 3795 2898 3870 κρατοῦντα,
2928 3794 3018 3849 καὶ
3055 3799 3267 3859 τιθοῦσι
3301 3792 3604 3868 συμϐάσεις

2269 3884 2372 3941 Καὶ
2402 3884 2725 3959 παραχωρεῖ
2758 3882 2989 3958 Μιχαὴλ
3014 3888 3113 3939 τοῦ
3144 3884 3492 3965 Πριλλάπου,

2090 3988 2230 4042 8710
2267 3987 2559 4051 ΒεΛεσσοῦ,
2590 3986 2776 4058 Κροῶν
2809 3982 3011 4037 ἀστέων
3045 3979 3394 4061 στεφηφόρῳ.

2266 4074 2375 4129 Εἶτ’
2407 4072 2667 4150 ἀσφαλεῖς
2691 4071 2903 4142 τίθησιν
2937 4071 3136 4143 ὅρκους
3169 4071 3476 4151 ἐγγράφως.

2268 4164 2365 4217 Καὶ
2396 4161 2628 4236 Μιχαὴλ
2662 4161 2946 4238 πέπομφεν
2974 4161 3097 4231 ἅναξ
3129 4158 3362 4236 δεσπότῃ

2267 4252 2345 4305 Δι’
2375 4250 2677 4326 ἆρχιθότου
2708 4256 2878 4305 Φωκᾶ
2908 4248 3338 4329 Φιλαδελφείας,

2262 4338 2493 4397 Ἰσακίου
2524 4338 2700 4393 Δούκα
2728 4359 2787 4393 τε
2810 4339 2901 4393 καὶ
2930 4338 3145 4406 Ὑαλέα,

2086 4431 2229 4486 8715
2267 4426 2334 4486 Οἵ
2365 4429 2506 4503 πρὸς
2536 4426 2775 4501 Λαρίσσῃ
2807 4427 3042 4503 Μιχαὴλ
3076 4428 3387 4502 εὑρηκότες,

2004 4484 2055 4552 D
2098 4484 2107 4485 ὲ
2176 4484 2217 4486 Ὗ
2266 4484 2515 4580 έπονιδὰς
2543 4484 2941 4589 πεπληρωκαόι
2972 4484 3213 4591 καθάπερ
3244 4484 3386 4572 δέοιίί

2261 4612 2485 4660 Ἔπειτα
2513 4601 2681 4659 παῖδα
2708 4602 2868 4659 τοῦδε
2889 4605 2980 4660 τὸν
3008 4605 3324 4682 Νικηφόρον

2263 4689 2678 4769 Παραλαϐόντες
2707 4694 2797 4748 καὶ
2835 4695 2951 4766 μετ’
2983 4694 3150 4750 αὐτοῦ
3181 4691 3227 4748 δ’
3258 4692 3324 4749 αὖ
3354 4693 3520 4750 πάλιν

2260 4784 2368 4840 Τὸν
2399 4780 2664 4858 Ἄγγελον
2699 4779 2921 4855 δέσμιον
2956 4782 3031 4845 ὡς
3064 4782 3445 4860 φαυλεργάτην

2080 4882 2222 4937 8720
2262 4880 2421 4944 Αὖθις
2452 4878 2846 4954 ὑποστρέφουσι
2878 4880 3014 4954 πρὸς
3047 4878 3292 4954 βασιλέα.

2255 4972 2399 5040 Τιμᾷ
2430 4965 2476 5022 δ’
2509 4970 2537 5023 ὁ
2568 4972 2782 5043 κρατῶν
2817 4968 2936 5039 ἄξια
2964 4972 3061 5022 τοῦ
3093 4965 3380 5039 δεσπότου,

2258 5058 2364 5115 Τὸν
2394 5062 2490 5112 τοῦ
2522 5054 2756 5131 Μιχαὴλ
2784 5054 2952 5111 παῖδα
2981 5056 3073 5111 τὸν
3104 5063 3150 5112 Ν
3160 5058 3445 5134 ικηφόρον.

2256 5145 2414 5203 Οὕτω
2443 5144 2675 5222 περάνας
2705 5144 2773 5200 τὰ
2800 5144 2935 5219 πρὸς
2964 5144 3187 5217 ἑσπέραν
3215 5148 3458 5223 κράτωρ,

2256 5234 2362 5292 Κάν
2392 5240 2510 5297 τοῖς
2546 5232 2791 5309 βοδηνῶν
2823 5236 3240 5308 παραχειμάσας
3269 5236 3488 5306 τόποις,

2076 5326 2219 5381 8725
2258 5326 2426 5399 Ἠρος
2459 5324 2715 5402 φανέντος
2737 5320 3054 5378 καταλιπὼν
3086 5324 3275 5387 αὐτόθι

2258 5414 2519 5468 Πλεῖστον
2550 5419 2822 5486 στρατιᾶς,
2852 5411 2943 5467 σὺν
2978 5411 3229 5476 ὁπλίταις
3265 5415 3479 5487 μετρίοι
3506 5441 3520 5489 ς

2255 5502 2483 5575 Βλέψων
2515 5500 2677 5574 ἀπῄει
2712 5502 3052 5578 προσρυέντα
3082 5503 3377 5578 φρουρίων*

2254 5591 2478 5670 Ἀφῖκτο
2510 5590 2704 5647 λοιπὸν
2738 5591 2815 5656 εἷς
2846 5588 3119 5666 Λυχνιδὸν
3148 5593 3250 5663 τὴν
3289 5592 3477 5668 πόλιν,

3657 262 3771 319 320
