4104 6204
338 346 444 400 3-23
1553 324 1923 378 EPHREMII
1959 317 2533 374 CHRONOGRAPHI
2685 281 2714 286 ”
3648 306 3757 364 324

340 473 504 527 Tunc
533 469 643 523 istc
672 463 872 520 eadem
904 471 1079 527 super
1109 469 1170 510 se
1197 455 1455 523 rogatur,

2010 457 2066 522 Α
2155 453 2169 462 ’
2275 437 2567 527 Καὶλπάλιν
2599 439 2852 513 ἠρωτᾶτο
2883 439 2978 490 τοῦ
3010 431 3182 509 λόγου
3215 433 3403 508 χάριν,

341 559 439 630 qui
472 553 768 628 superiore
801 547 1077 604 censtans
1108 544 1165 598 in
1197 555 1466 598 sermone

2268 533 2323 580 Ὁ
2381 524 2425 581 δ’
2482 525 2732 600 ἐμμένων
2792 526 2857 593 ἦν
2918 530 3036 585 τοῖς
3095 524 3222 598 πρὶν
3284 521 3393 597 οὐχ
3443 522 3610 590 ἦττον
3653 519 3758 578 λό-

3513 610 3680 684 [tam

340 739 416 792 rei
455 731 795 790 Michaelem
829 726 1078 782 inscium
1115 723 1368 778 afﬁrmat
1400 736 1413 773 ε

2093 708 2236 763 8790
2270 709 2478 770 Ἀθῶον
2508 707 2639 760 εἶναι
2675 704 2909 779 Μιχαὴλ
2944 703 3159 780 φάσκων
3194 700 3384 776 λόγου·
3513 633 3567 688 [γ

342 824 721 896 quamobrem
756 817 950 889 gladio
977 811 1360 869 decollandus
1389 806 1678 874 traditur;

2271 797 2425 860 Ὅθεν
2456 796 2813 868 κατακέκριτο
2842 795 3021 848 θανεῖν
3053 791 3113 846 ἐκ
3143 791 3349 868 ξίφους·

339 918 656 986 statimque
687 909 900 968 vinctis
933 907 1230 970 manibus,
1258 901 1461 957 velatis
1492 897 1698 964 oculis,

1632 897 1698 964 is,
2275 886 2452 947 Δεθεὶς
2485 885 2575 939 οὗν
2608 886 2694 939 καὶ
2727 883 3024 960 καλυφθείς
3045 882 3116 936 τὰ
3145 881 3253 959 φάη

2273 975 2284 986 ο
2306 979 2316 986 .
2402 975 2414 986 ι
2515 975 2527 986 ι
2583 973 2599 986 1
2662 974 2685 986 Α
2708 973 2718 986 1
2924 971 2936 986 5
2953 967 3000 986 ᾗ,
3188 969 3198 986 1

331 967 811 1079 ᾸιιίῖἱϐίΟΊῘΠᾸυεὶο
844 999 915 1053 ad
948 1011 1146 1051 necem
1180 967 1519 1048 ducebatur.

2273 975 2527 1079 ’Am’ﬁ’ye'c’
2557 973 2631 1034 εἷς
2660 973 2880 1027 θάνατον
2913 967 3084 1042 ἀδίκῳ
3111 969 3305 1042 κρίσει.

339 1057 552 1079 νυν-η
596 1057 671 1073 ίηυ
802 1061 804 1063 ›

339 1098 451 1153 Sed
487 1111 618 1152 cum
648 1089 927 1147 cervicem
957 1087 1075 1156 jam
1111 1083 1342 1139 offerret
1373 1078 1536 1146 ictui,

2275 1059 2592 1136 Προῦτεινεν
2624 1060 2826 1137 αὐχένα
2859 1057 2915 1114 δὲ
2946 1057 3194 1129 δέξασθαι
3231 1057 3421 1131 μόρον·

339 1186 737 1254 interrogatur
766 1193 973 1233 rursus
1006 1192 1039 1228 a
1070 1173 1343 1228 carniﬁce
1374 1188 1387 1225 :

2093 1162 2235 1216 8795
2281 1161 2376 1217 Καὶ
2410 1161 2574 1214 πάΛιν
2606 1161 2857 1234 ἠρωτᾶτο
2889 1159 3034 1230 παρὰ
3064 1155 3289 1228 δημίου·

341 1278 516 1331 homo
548 1273 886 1326 constanter
916 1265 1104 1319 adhuc
1137 1267 1194 1316 et
1224 1265 1420 1315 sancte
1450 1257 1716 1327 dejerans

1707 1271 1716 1307 ι
2271 1251 2330 1306 Ὁ
2362 1247 2408 1303 δ’
2440 1248 2832 1322 ἀμετακίνητος
2860 1247 2927 1314 ἦν
2962 1243 3328 1319 δεδογμένων,

342 1366 666 1419 immunem
697 1354 960 1413 criminis
991 1350 1332 1408 Michaelem
1365 1347 1463 1402 ait.

2272 1340 2495 1415 Ὃρκοις
2525 1339 2715 1392 ἀθωῶν
2741 1333 2977 1410 Μιχαὴλ
3009 1332 3346 1413 φρικαλέοις·

345 1455 573 1523 lnjusto
607 1455 746 1504 tunc
779 1441 1130 1500 subducitur
1161 1437 1468 1509 supplicio,
1655 1497 1657 1501 ι

2269 1424 2428 1523 Ἀλλ’
2459 1425 2614 1488 οὗτος
2644 1425 2873 1502 έρῥύσθη
2908 1425 3002 1498 μὲν
3035 1421 3230 1478 ἀδίκου
3265 1421 3458 1497 μόρου,

345 1543 599 1598 traditur
628 1542 817 1592 tamen
849 1531 1095 1588 carceris
1127 1526 1424 1584 custodiae.

2273 1516 2666 1591 Καθειργμένος
2699 1514 2755 1570 δὲ
2786 1511 3032 1592 φυλακὴν
3079 1509 3355 1567 ὑπεισέδυ·

343 1629 594 1695 Οιιτοειὶο
627 1625 836 1681 deinde
862 1618 1298 1690 exploratioque
1329 1611 1593 1669 criminis

2094 1606 2238 1662 8800
2272 1607 2334 1662 Ἡ
2369 1603 2416 1659 δ’
2452 1605 2684 1695 ἐξέτασις
2715 1603 2805 1658 καὶ
2839 1602 3070 1678 βάσανος
3100 1605 3198 1656 τοῦ
3229 1598 3397 1675 λόγου

343 1721 400 1774 in
435 1714 771 1772 Michaclem
806 1709 1048 1764 vertitur
1077 1709 1436 1759 Comnenum
1463 1718 1475 1767 ;

2273 1695 2413 1766 Πρὸς
2445 1694 2535 1748 τὸν
2570 1692 2858 1764 Κομνηνὸν
2893 1690 3126 1766 Μιχαὴλ
3162 1689 3498 1767 μετηνέχθη·

343 1807 442 1878 qui
477 1807 695 1860 ferrum
730 1765 987 1854 candens
1017 1800 1258 1863 tangere
1283 1765 1547 1860 jubetur,

2015 1824 2062 1888 Β
2273 1785 2367 1838 Καὶ
2400 1782 2556 1837 τόνδε
2590 1779 2790 1855 μύδρον
2828 1765 3063 1856 χειρίσαι
3093 1778 3406 1849 κατηξίουν,

2276 1879 2314 1888 ο-
2360 1873 2372 1888 1
2483 1872 2492 1888 1
2515 1875 2524 1888 I
2657 1870 2682 1888 υ
2839 1870 2852 1888 3
2956 1864 3007 1888 ηρ
3029 1866 3070 1888 I‘
3087 1867 3108 1888 ‘
3319 1868 3342 1888 Ἴ
3360 1871 3384 1882 Ψ
3404 1887 3408 1888 ,

340 1901 516 1965 atque
545 1893 627 1946 ita
658 1887 995 1958 ambiguam
1028 1879 1482 1938 controversiam
1514 1875 1752 1933 solvere.

2015 1864 2062 1888 υ
2274 1873 2376 1928 Καὶ
2409 1872 2593 1945 σκέψιν
2624 1870 2796 1932 οὕτως
2829 1864 3288 1946 ἀμφιϐάλλουσαν
3319 1868 3500 1922 λῦσαι·

344 1955 443 2048 llic
473 1955 847 2046 conﬁdenter.
866 1981 1168 2054 respondit
1191 1976 1493 2049 judicibus
1529 1991 1540 2027 :

2267 1963 2328 2018 Ὀ
2356 1959 2401 2016 δ’
2434 1962 2698 2035 ἀντεπῆγε
2722 1960 2859 2035 πρὸς
2887 1956 3073 2032 κριτὰς
3097 1955 3459 2017 πεποιθότως·

340 2082 400 2138 Si
435 2077 835 2136 testimonium
870 2070 1162 2144 quispiam
1198 2068 1257 2122 in
1289 2081 1378 2121 me
1409 2064 1644 2132 diceret,

2091 2063 2233 2118 8805
2270 2061 2358 2123 Ὡς
2388 2058 2456 2116 Εἴ
2491 2061 2582 2132 μὲν
2614 2060 2679 2126 ἦν
2711 2078 2793 2118 τις
2825 2061 2941 2110 κατ’
2974 2056 3110 2129 ἐμοῦ
3139 2057 3286 2129 τάχα
3316 2052 3513 2130 λέγων,

341 2169 478 2225 huic
510 2184 614 2239 ego
646 2164 829 2219 armis
860 2159 1128 2232 equidem
1161 2155 1523 2219 resisterem;

2271 2149 2412 2224 Πρὸς
2444 2147 2602 2202 αὐτὸν
2637 2147 2695 2200 ἃν
2729 2146 3087 2220 ἠγωνισάμην
3113 2143 3202 2198 σὺν
3239 2142 3457 2206 ὁπλοις·

341 2274 500 2312 nunc
529 2257 837 2310 accusante
868 2248 1121 2317 nemine,
1156 2261 1270 2300 non
1303 2242 1464 2298 video

2271 2238 2592 2312 Κατὴγόρου
2624 2233 2680 2290 δὲ
2715 2237 2790 2309 μὴ
2817 2234 3087 2308 παρόντος
3124 2254 3218 2306 μοι
3246 2234 3405 2302 τέως,

343 2351 545 2401 contra
581 2357 754 2414 quem
789 2337 1009 2412 possim
1039 2335 1264 2406 judicio
1297 2329 1663 2387 contendere.

2271 2329 2412 2402 Πρὸς
2444 2326 2564 2382 τίνα
2596 2323 2680 2380 δεῖ
2712 2346 2777 2398 με
2805 2326 2905 2393 τὴν
2935 2321 3090 2393 δίκην
3122 2322 3481 2392 καθεστάναις

342 2435 505 2499 Quod
539 2433 585 2488 si
619 2436 846 2503 patrare
871 2428 1084 2498 jubeor
1114 2421 1421 2486 miracula,

2274 2417 2340 2473 Εἴ
2365 2419 2794 2490 θαυματουργεῖν
2828 2412 2873 2468 δ’
2905 2410 3246 2503 ἐγκελεύεταί
3283 2409 3348 2485 μέ
3376 2432 3479 2473 τις.

345 2526 518 2579 homo
550 2523 820 2591 peccator
848 2514 1119 2585 equidem
1154 2529 1269 2566 non
1305 2514 1524 2580 potero.

2095 2509 2237 2564 8810
2275 2504 2431 2561 ’ΛλΛ’
2462 2504 2534 2558 ὣν
2568 2503 2812 2579 ἀλιτρὸς,
2845 2503 2906 2557 οὐ
2939 2499 3247 2574 δυνήσομαι
3277 2497 3424 2570 τόδε,

341 2616 473 2666 Jam
509 2609 884 2664 fervefactum
916 2604 1050 2672 igne
1081 2599 1268 2670 siquis
1301 2599 1517 2652 ferrum

2276 2595 2480 2655 Ἐνθείς
2512 2591 2568 2647 δέ
2598 2613 2680 2654 τις
2714 2589 2940 2665 σίδηρον
2973 2590 3363 2664 έκκεκαυμένον

341 2699 590 2755 viventis
625 2695 800 2751 nudis
833 2690 1073 2746 collocet
1104 2689 1159 2741 in
1194 2685 1491 2751 manibus,

2276 2686 2541 2746 Πνὲοντος
2569 2679 2764 2756 ἀνδρὸς
2797 2681 2987 2757 χερσὶν
3016 2679 3407 2753 ἐψιλωμέναις,

341 2788 537 2846 nescio
571 2803 676 2842 CIJI‘
708 2797 916 2839 manus
950 2795 1066 2833 non
1100 2777 1176 2832 Sit
1207 2775 1639 2830 ambuslurum.

2273 2772 2386 2830 Οὐκ
2417 2769 2537 2826 οἶδα
2565 2776 2681 2832 πῶς
2707 2769 2768 2825 ἂν
2799 2770 2861 2824 οὐ
2891 2768 3216 2845 καταφλέξοι
3238 2769 3423 2844 χέρας·

343 2888 424 2944 lbi
461 2883 866 2956 interjudices
899 2879 1107 2935 sedens
1137 2874 1448 2947 episcopus

2107 2953 2158 2956 υ
2278 2863 2470 2936 Παρὼν
2505 2858 2562 2956 δὲ
2592 2861 2802 2932 ποιμὴν
2829 2865 2929 2927 τῆς
2959 2854 3315 2932 Φιλαδέλφου
3345 2856 3489 2921 τότε,

345 2944 781 3045 Philadelphia,
816 2965 1132 3042 gratiﬁcari
1165 2944 1386 3028 volens,

2097 2953 2240 3008 8815
2278 2952 2478 3025 Λαχὼν
2509 2947 2741 3018 δικάζειν
2770 2948 2858 3002 καῖ
2881 2948 2948 3002 τὰ
2975 2947 3110 3023 πρὸς
3144 2947 3303 3021 χάριν
3340 2944 3540 3022 λέγειν,

345 3067 502 3122 hunc
533 3060 874 3120 Michaelem
909 3059 1140 3112 sevocat
1170 3061 1411 3119 secreto,

2279 3043 2485 3096 Τοῦτον
2519 3037 2754 3113 Μιχαὴλ
2794 3031 3126 3111 παραλαϐὼν
3163 3033 3292 3106 ἰδίᾳ,

343 3161 400 3211 et
431 3155 513 3211 sic
541 3169 673 3208 cum
708 3149 807 3204 illo
840 3145 1188 3218 insipienter
1219 3139 1481 3212 loquitur
1509 3154 1520 3191 :

2024 3193 2064 3218 Π
2279 3127 2514 3185 Τοιαῦτά
2543 3129 2595 3182 τὶ
2627 3126 2892 3197 δήπουθεν
2929 3124 3026 3180 οὐκ
3055 3126 3112 3178 εὖ
3144 3123 3364 3196 ὡμίλει·

343 3193 400 3211 ω
431 3193 513 3211 ειν
542 3193 673 3208 cu...
708 3193 806 3204 ...υ
842 3193 1179 3218 ...ντψηη

343 3251 484 3299 Cum
518 3243 600 3298 sis
632 3245 691 3295 tu
737 3236 916 3293 nobili
950 3234 1038 3290 vir
1068 3231 1423 3294 conditione,

2023 3193 2066 3258 Ο
2284 3219 2371 3278 Ὦς
2407 3217 2481 3271 Σὺ
2517 3218 2611 3290 μὲν
2644 3216 2780 3289 ἀνὴρ
2813 3215 3032 3290 εὐγενὴς
3067 3213 3139 3268 ὥν
3170 3214 3459 3288 τυγχάνεις

345 3338 401 3388 et
431 3334 502 3386 de
535 3328 829 3384 nobilibus
862 3324 1095 3396 genitus
1129 3319 1490 3392 parentibus,

2281 3307 2389 3377 Κάξ
2420 3305 2646 3381 εὐγενῶν
2681 3302 2810 3380 ἔφυς
2837 3302 2901 3358 δὲ
2930 3304 3176 3378 πατέρων
3209 3300 3395 3356 πάλιν·

348 3423 578 3493 oportet
609 3423 664 3472 te
696 3432 797 3487 pro
831 3411 1063 3485 generis
1091 3409 1376 3478 dignitate

2101 3408 2242 3462 8820
2282 3405 2382 3462 Καὶ
2416 3401 2498 3458 δεῖ
2529 3425 2586 3458 σε
2616 3402 2810 3459 λοιπὸν
2857 3406 2952 3456 τοῦ
2982 3401 3173 3477 γένους
3204 3398 3436 3469 ἐπαξίως

346 3514 401 3564 et
432 3508 687 3578 cogitare
720 3517 950 3573 semper
977 3503 1035 3553 et
1065 3495 1289 3568 operari
1327 3511 1339 3546 :

2280 3495 2438 3548 Πάντ⁹
2466 3492 2666 3547 εὐνοεῖν
2700 3512 2757 3546 τε
2785 3490 2877 3546 καὶ
2907 3491 3098 3564 πέρατι
3133 3485 3354 3543 διδόναι·

345 3614 479 3653 cum
510 3610 646 3667 ergo
681 3595 861 3647 testes
893 3585 1161 3643 criminis
1195 3599 1307 3638 non
1341 3580 1559 3636 adsint.

2277 3584 2432 3639 Ἐπεὶ
2463 3582 2562 3657 γὰρ
2597 3581 2656 3637 οὐ
2688 3585 2904 3656 πάρεισι
2940 3577 3206 3653 μάρτυρες
3240 3575 3408 3652 λόγου

345 3686 543 3741 divino
575 3665 630 3738 te
655 3679 882 3752 judicio
915 3674 1252 3731 committas
1282 3669 1476 3734 velini,

2281 3672 2408 3742 Θείᾳ
2435 3691 2492 3726 τε
2524 3668 2682 3741 δείξει
2713 3669 2801 3724 καὶ
2837 3672 2995 3743 σαφεῖ
3022 3665 3307 3740 τεκμηρίῳ

345 3775 548 3844 tuique
585 3772 762 3827 facias
797 3783 897 3840 per
928 3767 1120 3837 ignem
1157 3759 1449 3833 peritiam,

2283 3759 2493 3835 Μύδρῳ
2526 3758 2706 3834 χρεὼν
2740 3755 2971 3832 ἔλεγχον
3006 3754 3233 3823 ἐκτίσαι,
3268 3752 3412 3828 φίλε.

344 3839 640 3920 Audacter
671 3858 767 3914 ille
799 3839 855 3912 et
886 3851 1192 3908 commode
1225 3847 1529 3920 respondit
1562 3861 1574 3898 :

2102 3852 2246 3908 8825
2284 3852 2344 3907 Ὀ
2377 3848 2420 3904 δ’
2453 3847 2724 3926 ἀνδρικῶς
2749 3846 2942 3925 ἔφησεν
2989 3839 3361 3914 εὐεπηϐὁλως·

346 3953 523 4008 Miror
554 3967 658 4005 cur
683 3952 898 4010 vectes,
931 3959 1023 3997 res
1054 3956 1221 3996 sacra
1252 3938 1515 4002 dicatur;

2281 3940 2508 4010 Τέθηπα
2536 3943 2652 3999 πῶς
2689 3938 2836 4011 ἅγιον
2871 3933 3053 4006 ᾅδεται
3085 3930 3290 4008 μύδρος

343 4059 516 4115 quem
550 4039 743 4096 hercle
775 4037 943 4091 timet
976 4048 1187 4087 manus
1221 4046 1347 4084 mea
1379 4025 1735 4096 contingere,

2282 4031 2451 4109 ’ῼπερ
2485 4026 2701 4083 δέδοικα
2731 4027 2878 4102 κιρί
2917 4046 3026 4098 μου
3056 4021 3467 4101 προσεγγίσθαι,

345 4141 445 4213 qui
473 4157 600 4195 sum
635 4140 923 4210 peccator,
961 4136 1025 4186 ut
1056 4133 1224 4185 antea
1249 4128 1372 4198 jam
1406 4123 1543 4178 dixi.

2281 4121 2370 4213 ᾪς
2394 4116 2460 4213 ξίν
2491 4117 2735 4194 ἂλιτρὸς,
2765 4117 2905 4188 ᾗπερ
2937 4110 3126 4169 ἀνόπιν
3160 4108 3315 4190 ἔφην.

344 4233 428 4286 Tu
463 4245 595 4285 vero
631 4229 872 4282 sanctus
903 4226 961 4276 et
993 4219 1128 4273 dius
1164 4217 1258 4271 Dei
1293 4213 1567 4270 sacerdos

2283 4208 2358 4263 Σὺ
2391 4205 2435 4262 δ’
2469 4208 2619 4281 ἅγιός
2649 4226 2706 4260 τε
2735 4205 2824 4259 καὶ
2857 4207 2988 4258 Θενῢ
3021 4207 3164 4266 θεῖος
3199 4200 3361 4270 θύτης

343 4325 455 4375 Deo
483 4313 834 4374 sacriﬁcium
872 4309 1149 4365 manibus
1180 4304 1384 4359 offerre
1416 4299 1648 4368 solitus,

2100 4300 2243 4356 8830
2280 4297 2447 4371 Χερσὶ
2477 4295 2766 4369 προσάγων
2800 4292 2982 4366 Κυρίῳ
3011 4293 3110 4360 τὴν
3145 4289 3350 4353 θυσίαν·

341 4410 388 4465 si
421 4407 526 4462 tibi
563 4405 771 4476 placet,
807 4415 931 4470 age,
967 4396 1155 4468 captis
1189 4391 1391 4447 infulis

2377 4389 2506 4461 γοῦν
2537 4383 2799 4453 κελεύεις,
2831 4379 2982 4442 ἐνδὺς
3015 4377 3298 4453 ἱεραρχίας

340 4504 580 4568 totaque
612 4491 763 4549 stola
794 4491 901 4544 rite
935 4485 1312 4547 convestitus,

2283 4475 2357 4530 Σὺ
2389 4477 2488 4543 τὴν
2521 4471 2723 4540 στολὴν
2758 4471 2990 4539 ἅπασαν,
3023 4467 3098 4530 ὼς
3130 4465 3270 4522 ἔστιν
3303 4458 3447 4534 ἔθος,

341 4591 560 4642 vectem
594 4583 833 4636 ardente
867 4575 1112 4632 fervel'ac
1145 4571 1395 4634 camino,

2017 4569 2064 4634 D
2279 4561 2538 4637 Σιδήριον
2572 4561 2826 4636 πύρωσον
2862 4560 2912 4614 ἐν
2945 4561 3012 4632 τῇ
3043 4555 3285 4630 καμίνῳ,
3340 4566 3343 4571 ’

343 4675 581 4740 tuisque
614 4668 776 4743 puris
809 4665 1083 4722 manibus
1119 4659 1420 4718 sublatum

2279 4655 2381 4712 Καὶ
2412 4658 2573 4709 τοῦτο
2605 4647 2787 4707 λαϐὼν
2820 4654 2888 4726 τῇ
2918 4653 3126 4724 καθαρᾷ
3155 4644 3304 4722 χειρί
3336 4665 3431 4699 σου

339 4766 399 4819 in
437 4779 596 4818 meas
625 4758 882 4814 transfer
913 4752 1247 4809 sordidatas
1280 4762 1512 4801 manus.

2099 4756 2242 4811 8835
2281 4753 2475 4826 Χερσῖν
2502 4751 2679 4815 ἐπίθες
2708 4755 2826 4813 ταῖς
2856 4747 3012 4822 ἐμαῖς
3040 4752 3159 4808 ταῖς
3187 4744 3467 4819 ἀνάγνοις·

339 4861 498 4909 Tunc
526 4867 666 4906 sane
698 4863 866 4920 spero
900 4843 1361 4913 omnipotentem
1393 4836 1570 4891 Deum

2283 4843 2379 4896 Καὶ
2413 4839 2479 4910 δὴ
2512 4845 2628 4912 Θεῷ
2656 4839 2888 4895 πέποιθα
2913 4833 3308 4908 παντοδυνάμῳ

343 4961 460 4999 rem
495 4941 579 4998 tui
613 4937 804 5012 gratia
837 4935 1040 4990 miram
1080 4932 1473 5003 peraeturum,

2282 4935 2368 4994 Ὠς
2399 4930 2842 5004 θαυματουγήσει
2874 4933 2993 4990 ταῖς
3022 4932 3142 4986 σαῖς
3173 4923 3472 4985 δυσωπίαις

342 5011 736 5088 dissimulatis
768 5024 1002 5080 interim
1038 5019 1290 5094 peccatis
1322 5015 1488 5072 meis.

2282 5021 2506 5093 ΗΑηθὺν
2533 5017 2775 5095 παριδὼν
2807 5023 2915 5072 τῶν
2949 5016 3095 5091 ἐμῶν
3130 5011 3477 5091 ἁμαρτάδων·

339 5124 431 5178 Sic
463 5117 729 5177 Michael.
764 5112 1083 5186 Respondit
1113 5114 1310 5164 autem
1345 5101 1726 5175 archipraesul
1760 5118 1775 5156 :

1772 5121 1775 5153 λ
2277 5111 2434 5170 Οὕτω
2466 5108 2721 5185 Μιχαὴλ·
2759 5106 3059 5183 ἀρχιθύτης
3094 5103 3140 5160 δ’
3171 5104 3393 5182 ἆντέφη·

340 5224 442 5278 Est
469 5221 584 5286 hic,
619 5235 650 5273 ο
681 5216 873 5283 sodes,
907 5211 1299 5268 Barbarorum
1334 5204 1503 5271 ritus,

2098 5204 2241 5260 8840
2281 5203 2367 5262 Ὠς
2398 5200 2590 5269 Οὗτος,
2623 5199 2667 5251 ὦ
2703 5195 2972 5286 βέλτιστε,
3001 5189 3287 5270 βαρϐάρων
3316 5191 3507 5265 νόμος,

344 5308 622 5366 Romanis
655 5304 897 5360 minime
926 5299 1155 5370 legibus
1188 5293 1502 5364 ascriptus,

2281 5291 2355 5346 Οὐ
2390 5291 2720 5361 Ῥωμαϊκοῖς
2748 5285 3156 5364 έγκατάγραφος
3185 5283 3401 5359 νόμοις,

344 5415 532 5470 neque
563 5395 746 5452 sacris
779 5388 1102 5446 canonlbus
1134 5381 1402 5439 Ecclesiae

2283 5379 2360 5438 Οὐ
2393 5379 2578 5434 κανόσι
2613 5375 2784 5438 θείοις
2810 5396 2870 5430 τε
2898 5381 2998 5443 τῆς
3031 5370 3357 5443 Ἐκκλησίας

343 5492 612 5559 receptus
645 5497 933 5555 unquam,
965 5491 1154 5547 neque
1185 5470 1402 5527 sanctis
1432 5466 1706 5523 Patribus
1744 5483 1757 5523 :

2282 5468 2475 5529 Δεκτὸς
2506 5467 2760 5544 πέφυκεν,
2793 5463 2855 5518 οὐ
2888 5462 3156 5532 Πατράσιν
3190 5459 3382 5535 ἁγίοις·

342 5592 522 5649 quare
555 5577 824 5629 insuetus
857 5568 1025 5624 nobis
1056 5564 1151 5618 hic
1188 5577 1313 5616 mos
1345 5555 1710 5614 barbaricus.

2276 5557 2438 5649 Ἡμῖν
2474 5551 2520 5609 δ’
2551 5543 2838 5649 ἀγνώςιτις
2873 5543 3201 5627 βαρϐαρικάς
3231 5549 3287 5649 0;
3309 5547 3338 5600 ὁ
3361 5546 3593 5621 τρόπος.

547 5661 848 5732 respondit
878 5652 1123 5713 Michael
1153 5651 1412 5722 sciteque
1443 5646 1756 5706 admodum
1796 5664 1810 5703 :

2097 5650 2240 5706 8845
2273 5650 2348 5704 Ἦ
2379 5642 2424 5700 δ’
2455 5645 2515 5707 ὃς
2542 5640 2773 5718 Μιχαὴλ
2803 5642 3113 5717 προσφυῶς,
3146 5630 3459 5708 ἐπηϐόλως·
