4104 6204
321 318 440 374 325
511 328 514 329 ⁷
1875 332 1942 388 C1

1875 332 2235 392 CESARES.

511 442 742 515 Οὐκοῦν,
781 443 1001 520 μέγιστε
1029 446 1382 522 ποιμενάρχα
1413 449 1638 524 Κυρίου,
2021 465 2074 530 Α
2107 459 2132 522 Ι,

1587 472 1638 520 υ,
2021 465 2074 530 Α
2107 459 2304 530 Igitur,
2338 481 2370 520 ο
2404 466 2485 521 mi
2517 469 2768 527 maxime
2798 473 2898 529 Dei
2928 477 3205 546 pontifex,

512 532 594 588 Τά
622 535 744 588 κατ’
773 533 1006 605 ἐμαυτὸν
1042 534 1422 606 ἐκτελεσθῆναι
1456 535 1599 610 δέον,

511 622 602 684 Ὠς
634 623 939 695 Ῥωμαϊκοὶ
973 621 1293 679 διατυποῦσι
1324 627 1508 700 νόμοι·

512 712 578 769 Εἰ
615 713 709 784 μὲν
743 711 847 788 γάρ
880 713 1041 776 αὐτὸς
1075 713 1255 791 έξέφυν
1284 715 1344 770 ἐκ
1379 712 1690 792 βαρϐάρων,

324 813 474 867 8850
513 811 586 866 Ἦ
623 806 984 886 βαρϐαρικοῖς
1017 813 1428 888 άνατέθραμμαι
1457 815 1673 888 νόμοις,

513 901 652 974 Τάχ’
685 899 744 954 ἃν
779 897 1008 964 δικαίως
1040 908 1188 980 σφῶν
1225 904 1512 979 ὑπήγομεν
1547 902 1744 969 δίκαις·

521 989 795 1061 Ῥωμαῖος
830 988 1092 1065 ὑπάρχων
1128 989 1185 1045 δὲ
1213 992 1319 1046 κάκ
1344 993 1542 1048 τούτου
1571 992 1781 1069 γένους,

514 1082 642 1138 Τοῖς
673 1079 1004 1151 Ῥωμαϊκοῖς
1038 1080 1433 1155 ὑπαχθήσομαι
1464 1082 1683 1156 νόμοις,

515 1166 676 1222 Οὕτω
718 1168 946 1243 Μιχαὴλ
981 1170 1206 1243 φαμένῳ
1235 1171 1302 1224 τά
1334 1175 1430 1236 τῆς
1465 1169 1638 1239 δίκης.

323 1256 474 1312 8855
515 1261 748 1312 Ἀνεῖται
780 1262 1077 1328 τηνικαῦτα
1106 1261 1241 1333 πρὸς
1276 1261 1567 1335 βασιλέως·

507 1346 703 1417 “Ομως
731 1353 994 1422 παρεῖχεν
1028 1347 1090 1403 οὑ
1126 1352 1323 1424 μικρὰν
1355 1350 1616 1426 ὑποψίαν,

512 1435 722 1506 Πέμπει
752 1435 814 1489 τὸ
847 1433 1042 1490 λοιπὸν
1075 1439 1469 1512 χαριτώνυμος
1501 1442 1719 1516 κράτωρ

512 1525 721 1579 Τοῦτον
754 1524 888 1598 πρὸς
919 1525 1037 1580 υἱόν
1068 1527 1158 1581 καὶ
1189 1525 1451 1602 διάδοχον
1479 1531 1709 1599 κράτους

513 1613 619 1668 Καὶ
641 1616 1028 1689 ποιμενάρχην
1063 1616 1330 1685 Μανουήλ
1365 1617 1707 1690 Βυζαντίδος,

319 1703 471 1757 8860
510 1701 683 1763 Οὗτος
713 1703 815 1778 γάρ
845 1704 990 1778 ἦρχε
1026 1709 1306 1775 τηνικαῦτ’
1333 1705 1687 1778 Ἐκκλησίας·

507 1792 569 1848 Ὀ
603 1788 649 1844 δ’
685 1787 991 1847 ὑποϐάλλει
1026 1795 1259 1868 Μιχαὴλ
1291 1795 1610 1873 φρικαλέοις

510 1881 870 1954 Ἐπιτιμίοις,
902 1882 1232 1957 ἀφορισμοῖς
1265 1884 1355 1938 καὶ
1388 1882 1584 1960 λέγειν,

507 1973 579 2024 Ἢ
611 1971 718 2040 μὴν
751 1975 1005 2044 καθαρῶς
1037 1971 1239 2027 εὐνοεῖν
1267 1975 1347 2046 τῷ
1379 1971 1614 2048 δεσπότῃ

505 2057 610 2111 Καὶ
647 2055 863 2131 βασιλεῖ
890 2059 1064 2114 πάντα
1094 2082 1157 2133 γε
1193 2059 1286 2115 τὸν
1321 2065 1464 2130 ζωῆς
1489 2063 1712 2138 χρόνον,

313 2146 464 2200 8865
506 2146 704 2202 Μισεῖν
731 2153 778 2200 τ’
810 2146 1144 2203 άποστάτιδα
1173 2151 1406 2225 γνώμην
1429 2150 1692 2214 ἐκτόπως.

505 2234 720 2291 Τούτου
749 2236 1090 2311 πραχθέντος
1128 2238 1382 2314 βασιλεὺς
1414 2240 1670 2312 Ἰωάννης

504 2323 602 2385 Εἰς
637 2327 923 2403 συνάφειαν
941 2329 1183 2402 γαμικὴν
1217 2328 1526 2404 συζευγνύει

503 2413 692 2487 Τούτῳ
724 2415 959 2490 Μιχαὴλ
991 2415 1387 2492 Παλαιολόγων
1420 2419 1606 2494 γένους

503 2503 616 2572 Τήν
645 2501 927 2578 Θεοδώραν
959 2502 1175 2581 ἔγγονον
1207 2511 1302 2562 τοῦ
1331 2509 1595 2584 συγγόνου

318 2600 466 2655 8870
504 2602 615 2658 Τοῦ
647 2597 1144 2678 σεϐαστοκράτορος
1173 2605 1460 2662 Ἰσαακίου·

503 2691 610 2746 Καὶ
643 2689 838 2748 λοιπὸν
867 2693 1027 2749 αὐτὸν
1069 2693 1309 2767 εὐμενῶς
1340 2695 1406 2764 ἦν
1435 2691 1821 2772 προσϐλέπων,

503 2781 605 2836 Καὶ
641 2783 948 2837 συνέταττεν
983 2783 1227 2838 εὐνοοῦσι
1257 2785 1518 2859 γνησίως.

500 2868 658 2926 Οὕτω
691 2871 998 2946 συνηνέχθη
1037 2873 1130 2946 μὲν
1175 2873 1401 2949 ὑπάρξαι
1423 2873 1569 2930 τάδε·

497 2961 559 3017 Ὁ
585 2957 634 3014 δ’
665 2960 1017 3038 αὐτοκράτωρ
1047 2965 1177 3032 ἧκεν
1209 2964 1286 3026 εἰς
1317 2967 1558 3021 Νικαέων

305 3050 458 3106 8875
498 3050 688 3119 Μηνὸς
719 3051 841 3124 περί
871 3072 975 3106 που
1006 3052 1180 3126 τέρμα
1211 3048 1608 3130 Φεϐρουαρίου.

491 3138 612 3194 Ἐπί
651 3138 846 3211 κλίνης
878 3137 935 3194 δὲ
964 3141 1188 3203 καθίσας
1220 3144 1337 3196 καθ’
1370 3143 1594 3218 έσπέραν

492 3233 762 3304 Παρεῖχεν
793 3229 1088 3284 ἀνάπαυσιν
1118 3232 1285 3286 αὐτοῦ
1317 3232 1545 3307 σαρκίῳ⁸

495 3318 649 3374 Μετὰ
682 3318 863 3393 βραχὺ
895 3317 942 3373 δ’
973 3319 1171 3394 εὕρητο
1201 3323 1418 3396 πρηνὴς
1451 3321 1502 3376 έν
1533 3321 1694 3397 κλίνῃ

497 3407 789 3478 Ἑξαπίνης
821 3405 1076 3479 ἄναυδος,
1111 3409 1209 3464 οὐκ
1239 3409 1466 3470 ἐπαΐων.

309 3505 461 3560 8880
499 3506 660 3558 Ταῦτ’
691 3502 794 3578 ἄρα
823 3503 1156 3580 συνέδραμον
1189 3506 1591 3579 Ἀσκληπιάδαι

500 3599 763 3654 Ἕκαστος
795 3591 1160 3670 συμφέροντες
1193 3598 1320 3658 ἄκος
1349 3605 1450 3668 τῆς
1477 3598 1662 3672 νόσου,

502 3684 643 3758 Πρὸς
669 3680 717 3737 δ’
747 3684 811 3737 αὖ
843 3685 1064 3760 ἀμυχὰς
1097 3685 1148 3740 ἐν
1183 3687 1311 3741 ποσῖ
1341 3690 1663 3757 τεθεικότες,

498 3770 691 3826 Τάλλα
717 3794 776 3827 τε
808 3771 1042 3849 δρῶντες
1074 3776 1146 3829 ὧν
1181 3773 1508 3839 διδάσκαλος
1540 3777 1732 3853 τέχνη·

507 3860 664 3916 Ἀλλ’
704 3859 861 3916 οὐδὲν
891 3865 1054 3931 ἧττον
1082 3866 1291 3939 ἡμέραν
1325 3866 1400 3928 εἷς
1434 3865 1685 3943 δευτέραν

315 3952 468 4007 8885
503 3951 777 4026 Ὑπῆρχεν
810 3951 1090 4026 ἀκίνητος,
1125 3952 1340 4030 ἄφωνος
1366 3957 1604 4032 κράτωρ,

505 4038 844 4113 Ἐμπληξίας
876 4042 1022 4114 νόσῳ
1049 4063 1109 4115 γε
1138 4047 1564 4119 συνισχημένος·

504 4128 682 4184 Νόσου
713 4127 771 4184 δὲ
805 4132 998 4205 μικρὸν
1033 4130 1220 4207 ῥαΐσας
1251 4133 1398 4204 πλὴν
1432 4132 1702 4191 δυσκόλου

506 4217 640 4292 Εἶχε
670 4220 842 4294 χρόαν
874 4221 1126 4293 σώματος
1151 4221 1570 4297 ήλλοιωμενην·

503 4310 725 4381 Ἀφῖκτο
759 4305 956 4363 λοιπὸν
987 4310 1062 4371 εἷς
1093 4309 1409 4386 βασιλείους
1443 4309 1649 4384 δόμους

305 4403 460 4459 8890
496 4403 636 4466 Τοὺς
669 4403 721 4458 ἐν
757 4405 1042 4483 Νυμφαίῳ’
1072 4406 1162 4461 καί
1197 4408 1404 4484 βραχὺν
1440 4411 1597 4485 βιοὺς
1627 4409 1822 4486 χρόνον

502 4493 751 4562 Ἀπῆλθε
780 4495 919 4570 πρὸς
951 4495 1150 4560 Κύριον
1179 4495 1422 4552 ἐκλιπὼν
1461 4498 1600 4575 βίον·

500 4583 666 4652 ’Ἁναξ
698 4583 900 4657 ἀγαθὸς
933 4585 1023 4638 καὶ
1057 4587 1358 4661 στρατηγὸς
1387 4586 1646 4662 γεννάδας

495 4670 638 4742 Πρὸς
674 4669 824 4724 δυσὶν
857 4672 1120 4742 ἑξήκοντα
1155 4675 1356 4748 βιώσας
1389 4674 1506 4746 ἔτη,

501 4757 590 4830 Ἐξ
623 4759 695 4813 ὧν
723 4762 957 4834 κατῆρξε
985 4764 1122 4837 πρὸς
1152 4765 1446 4837 τριάκοντα
1476 4765 1618 4839 τρία.

308 4848 460 4903 8395
497 4847 651 4902 Ἐπεὶ
687 4845 735 4902 δ’
766 4848 1109 4925 ἐτετρύχωτο
1146 4849 1356 4926 χαλετῇ
1383 4852 1549 4926 νόσῳ,

493 4936 882 5007 Ἐπιπολάζων
912 4945 1031 5003 τοῖς
1057 4940 1249 5003 τόποις
1280 4943 1346 5010 ἦν
1378 4942 1692 5019 Νυμφαίου,

496 5027 646 5081 Κατά
678 5023 1024 5101 διαστήματα
1053 5031 1282 5106 πάσχων
1314 5037 1411 5085 τοῦ
1443 5033 1670 5106 χρόνουο

494 5114 584 5169 Ἐν
613 5115 869 5188 παλατιῳ
901 5115 1097 5194 διάγων
1128 5119 1228 5194 γάρ
1261 5116 1370 5174 ἔσθ’
1405 5121 1495 5175 ὅτε

492 5203 619 5259 Ἐπῖ
649 5204 847 5275 κλίνης
880 5203 1110 5272 ἄναυδος
1136 5209 1202 5278 ἦν
1235 5208 1584 5286 ἐρῥιμμένος³

297 5293 454 5352 8900
497 5293 694 5349 Ἐνίοτ’
728 5293 882 5358 αὖθις
916 5296 1154 5368 ἱππότης
1185 5295 1531 5375 δεδειγμένος

493 5377 738 5435 Ἐκινδύν
749 5402 862 5436 ευεν
895 5381 1138 5439 ἐκπεσεῖν
1169 5385 1498 5463 έφεστρίδος,

488 5469 560 5524 Εἴ
592 5471 668 5541 μὴ
703 5471 1140 5544 παριππεύοντες
1173 5473 1422 5549 ἀντεῖχον
1454 5479 1588 5530 νέοιο

491 5557 627 5614 Εἶτα
655 5561 932 5623 καθεστὼς
965 5562 1024 5616 τὸ
1057 5562 1316 5640 φρόνημα
1347 5559 1666 5637 λαμϐάνων,

493 5645 676 5720 Βάδην
715 5649 964 5727 ὑπῆρχεν
995 5649 1070 5714 είς
1103 5649 1307 5727 δόμους
1340 5652 1686 5730 ὑποστρέφων

2024 1785 2071 1848 Β

2112 565 2201 605 me
2237 567 2364 608 meo
2389 556 2523 625 jure
2555 575 2725 630 agerc
2757 562 2830 616 sit
2859 581 3120 637 aequum,

2109 643 2283 709 atque
2316 641 2590 702 Romanis
2621 647 2848 720 legibus
2881 655 3236 726 praecipitur.

2107 727 2252 783 Nam
2286 731 2334 785 si
2368 735 2708 804 parentibus
2736 746 2908 797 natus
2939 760 3126 800 essem
3160 747 3450 816 barbaris,

2106 823 2281 890 atque
2310 821 2631 882 barbaricis
2665 828 2986 886 innutritus
3017 833 3268 906 legibus,

2100 907 2282 978 juste,
2321 917 2382 966 ut
2412 913 2638 986 opinor,
2671 920 2742 972 ad
2778 920 2884 974 hoc
2909 925 3009 992 jus
3042 927 3424 998 compellerer
3461 949 3472 987 :

2106 1022 2264 1062 nunc
2296 1024 2429 1066 cum
2463 1012 2725 1071 Romana
2755 1019 2936 1088 stirpe
2968 1021 3080 1076 sim
3116 1029 3376 1098 creatus,

2107 1095 2387 1154 Romanis
2416 1101 2545 1158 volo
2576 1105 2912 1178 desceptare
2942 1110 3190 1183 legibus.

2105 1185 2199 1240 Sic
2231 1187 2569 1247 Michaelem
2602 1195 2715 1250 cibi
2750 1201 3210 1266 patrocinantem

2104 1277 2294 1332 Caesar
2324 1286 2463 1336 tunc
2493 1283 2732 1354 quidem
2760 1289 3177 1348 dimittendum
3211 1299 3478 1367 censuit;

2104 1383 2210 1420 nec
2240 1372 2438 1424 tamen
2469 1371 2565 1427 ille
2593 1375 2752 1445 gravi
2785 1379 3121 1448 suspicione
3147 1387 3356 1442 caruit.

2107 1458 2354 1513 Mittitur
2381 1477 2518 1533 ergo
2547 1481 2580 1518 a
2609 1466 2849 1522 domino
2880 1472 3140 1540 gratioso

2105 1547 2172 1600 ad
2209 1546 2394 1603 {ilium
2427 1567 2600 1606 suum
2636 1554 2864 1625 imperii
2899 1575 3298 1619 successorem

2103 1635 2542 1711 Manuelemque
2571 1644 2879 1713 praesulem
2914 1649 3172 1720 Byzantii

2101 1724 2219 1794 (hic
2250 1727 2404 1782 enim
2437 1745 2540 1799 per
2570 1731 2626 1784 id
2661 1737 2890 1804 tempus
2938 1739 3203 1796 Ecclesia:
3238 1748 3502 1817 praeerat)

2103 1815 2203 1884 qui
2251 1831 2529 1887 perquam
2558 1821 2833 1890 gravibus
2865 1825 3205 1884 Michaelem
3235 1833 3415 1888 minis

2101 1905 2520 1977 canonicisque
2543 1909 2816 1978 jussi'ous
2846 1915 3000 1984 cogit
3019 1917 3234 1985 dicere,

2099 2007 2162 2047 se
2193 2009 2326 2049 vere
2357 1994 2590 2053 domino
2623 2000 2768 2056 bene
2798 2003 2942 2058 velle
2974 2008 3206 2073 Caesari,

2101 2081 2395 2154 {idemque
2424 2085 2482 2139 in
2516 2089 2673 2142 omni
2707 2091 2823 2147 vita
2854 2101 3242 2166 servaturum,

2099 2172 2274 2240 atque
2305 2174 2599 2242 apostasia
2628 2193 2872 2248 prorsus
2903 2181 3155 2239 alienum
3191 2186 3328 2242 fore.

2096 2265 2351 2324 Peractis
2383 2269 2473 2326 bis
2503 2273 2753 2331 Joannes
2786 2277 3102 2348 imperator

2097 2356 2516 2414 matrimoniali
2547 2363 2782 2432 copulat
2812 2370 3105 2426 consortio

2095 2441 2232 2498 huic
2263 2444 2531 2503 Michaeli
2561 2451 2744 2524 stirpe
2772 2453 3094 2530 Palaeologo

2093 2530 2456 2592 Theodoram
2490 2545 2718 2608 neptem
2751 2547 3017 2614 germani
3051 2550 3175 2616 sui,

2092 2620 2572 2682 sebastocratoris
2603 2629 2828 2686 scilicet
2860 2635 3066 2692 lsaacii
3100 2655 3112 2691 :

2083 2709 2330 2780 jamque
2361 2729 2496 2768 eum
2530 2716 2782 2789 benigno
2815 2723 3168 2793 respiciebat
3201 2729 3389 2801 vultu,

2091 2801 2266 2868 atque
2298 2801 2616 2859 amicorum
2649 2806 2904 2865 habebat
2935 2811 2991 2867 in
3026 2831 3290 2874 numero.

2090 2885 2196 2941 Hic
2228 2886 2337 2943 fuit
2363 2890 2500 2946 dicti
2530 2894 2719 2950 exitus
2754 2899 2986 2968 negotii.

2091 2974 2298 3033 Postea
2342 2979 2590 3035 Nicmam
2623 2982 2727 3038 ivit
2775 2986 3097 3058 imperator

2089 3065 2268 3121 ferme
2300 3068 2410 3122 sub
2443 3071 2665 3125 mensis
2698 3073 2873 3128 finem
2912 3076 3231 3135 Februarii.

2008 3148 2052 3216 C
2092 3152 2337 3226 Vespere
2369 3172 2539 3227 porro
2570 3157 2782 3216 lectulo
2807 3163 3168 3222 decumbens

2089 3244 2421 3314 corpusculi
2451 3247 2632 3318 quieti
2665 3250 3013 3324 indulgebat
3046 3271 3059 3311 :

2090 3331 2262 3402 paulo
2296 3341 2425 3404 post
2451 3337 2644 3393 subito
2677 3356 2932 3398 cernuus
2965 3343 3025 3399 in
3057 3346 3331 3405 culcitam

2092 3426 2292 3478 mutus
2323 3424 2594 3482 inventus
2623 3433 2713 3483 est
2742 3435 2800 3484 et
2835 3431 2979 3486 nihil
3011 3435 3258 3492 audiens
3293 3456 3306 3493 :

2093 3522 2474 3590 quamobrem
2509 3532 2882 3584 accurrentes
2917 3531 3265 3603 Asclepiadis

2094 3610 2296 3668 morbo
2328 3612 2612 3668 medelam
2650 3617 2869 3672 variam
2906 3620 3290 3692 adhibebant,

2094 3702 2152 3753 et
2182 3701 2359 3769 pedes
2389 3702 2563 3758 etiam
2597 3705 2863 3774 punctim
2894 3707 3262 3781 vellicabant,

2095 3794 2429 3857 promentes
2459 3791 2602 3846 artis
2633 3810 2804 3850 omne
2834 3798 3260 3868 magisterium.

2092 3875 2286 3932 Nihilo
2317 3882 2514 3934 tamen
2550 3881 2745 3937 minus
2765 3884 2888 3954 jam
2923 3885 3015 3940 die
3046 3889 3306 3945 secunda

2089 3964 2414 4022 immobilis
2447 3977 2763 4041 malusque
2785 3975 3017 4043 jacebat
3047 3976 3244 4046 Cesar,

2092 4054 2367 4110 sensibus
2396 4057 2624 4112 cunctis
2654 4061 2854 4117 morbo
2887 4065 3230 4136 consopitis.

2093 4141 2224 4196 Mox
2252 4143 2621 4216 aliquantum
2654 4149 2938 4221 reviguit;
2973 4170 3334 4226 quamquam

2089 4233 2438 4303 corpusculo
2471 4235 2792 4294 deﬂuxerat
2822 4241 3016 4298 omnis
3048 4243 3231 4299 color.

2089 4319 2277 4383 Quare
2307 4322 2566 4378 defertur
2595 4325 2653 4380 in
2681 4327 2967 4399 Nimphaei
2999 4331 3245 4403 regiam,

2089 4408 2187 4462 ubi
2219 4414 2311 4466 sat
2342 4411 2500 4469 brevi
2535 4418 2795 4486 tempore
2825 4425 3146 4490 superstes,

2013 4503 2058 4566 ι)
2089 4503 2292 4568 postea
2320 4499 2636 4557 defunctus
2662 4505 2733 4559 ad
2765 4505 3079 4563 Dominum
3118 4509 3263 4564 abiit
3294 4527 3307 4565 :

2091 4611 2189 4650 rex
2219 4612 2358 4652 sane
2388 4598 2578 4655 bonus
2609 4606 2666 4655 et
2691 4602 2857 4658 fortis
2888 4603 3232 4674 imperator,

2089 4683 2260 4740 annis
2293 4687 2523 4743 duobus
2553 4707 2733 4761 supra
2762 4693 3066 4764 sexaginta

2087 4774 2248 4842 vixit,
2282 4775 2342 4831 in
2376 4777 2620 4849 imperio
2654 4781 2898 4852 triginta
2927 4784 3138 4840 tribus.

2088 4863 2142 4918 Is
2173 4869 2486 4935 postquam
2517 4884 2749 4938 gravem
2787 4870 2992 4927 incidit
3022 4874 3080 4929 in
3118 4878 3410 4949 morbum,

2087 4952 2242 5008 circa
2297 4954 2598 5027 Nymphaei
2631 4959 2848 5031 regiam
2885 4954 3187 5021 diversans

2086 5056 2153 5095 ex
2178 5041 2478 5100 intervallo
2510 5047 2813 5104 deficiebat
2844 5051 3060 5108 animo.

2087 5130 2386 5187 Interdum
2415 5133 2572 5190 enim
2603 5134 2662 5190 in
2695 5137 2910 5207 palatio
2940 5140 3162 5213 degens

2085 5216 2318 5288 loquela
2345 5220 2403 5276 in
2434 5221 2585 5279 lecto
2618 5242 2824 5282 carens
2857 5232 3238 5289 recumbebat
3271 5252 3283 5288 :

2087 5305 2382 5364 interdum
2414 5311 2590 5368 etiam
2623 5315 2898 5386 equitans
2921 5319 2978 5374 in
3010 5322 3266 5392 publico,

2086 5393 2361 5466 lapsurus
2389 5405 2512 5454 erat
2543 5417 2793 5460 cernuus
2826 5408 3101 5480 ephippio
3141 5423 3156 5441 ⁶

2087 5484 2144 5538 ni
2177 5486 2587 5558 adequitantes
2619 5492 3294 5568 subvenissentjuvenes
3324 5516 3336 5554 :

2085 5577 2142 5630 et
2171 5591 2306 5632 mox
2337 5583 2585 5648 erectus,
2617 5581 2829 5652 spiritu
2865 5590 3117 5658 recepto,

2087 5666 2486 5724 revertebatur
2517 5668 2768 5740 pedibus
2797 5672 2856 5726 in
2889 5675 3131 5744 regiam,

3653 367 3759 420 326
