4004 6200
178 282 268 340 329

341 406 435 467 Ὧς
470 406 619 479 εῖχεν
649 400 965 477 ἐξώρμησεν
997 402 1151 466 εὐθὺς
1183 402 1323 478 πρὸς
1365 399 1515 457 δόσιν

178 498 299 551 8960
344 494 606 567 Πορθμόν
631 487 825 553 διαϐὰς
848 492 1031 547 ναυσὶν
1060 490 1533 561 Ἑλλησποντίων·

340 585 448 640 Καὶ
480 576 805 637 καταλαϐὼν
840 579 1130 656 Ἀδριανοῦ
1159 582 1261 651 τὴν
1292 580 1481 651 πόλιν,

342 673 433 728 Ἐν
471 668 612 742 τῷδε
643 668 901 746 διήγαγεν
935 671 1147 744 ἡμέραν
1185 670 1332 743 μίαν·

337 762 455 818 Εἶτ’
490 760 795 836 ἰκτρατεόει
828 761 967 836 πρὸς
997 760 1062 814 τὰ
1090 757 1359 830 Ῥοδόπης
1387 758 1523 835 μέρη

343 850 498 906 Κατᾶ
530 848 767 926 Μιχαὴλ
800 846 1135 924 Βουλγάρων
1170 848 1482 925 ἀρχηγέτου

177 952 302 1006 8965
344 947 452 1003 Σὺν
486 952 709 1024 στρατιᾷ
738 950 856 1001 κατ’
889 947 1064 1022 Εὗρον
1097 946 1390 1023 ἒσκηγὲτου

338 1040 435 1099 Ὃς
468 1035 583 1091 εἷλε
617 1035 987 1111 Στενίμαχον,
1020 1036 1348 1106 Τζὲπαιναν,
1379 1033 1649 1111 Οἶὶστραν,

340 1120 616 1196 Κρυϐοὒς,
649 1124 1020 1201 Περπεράκιον
1053 1124 1146 1179 καὶ
1179 1125 1551 1200 Περιστίτζαν,

341 1214 601 1291 Ἐφραὶμ,
635 1214 958 1289 Κριτζιμὸν,
998 1211 1263 1289 Ἀχριδοῦ
1300 1212 1473 1268 πάντα
1503 1215 1697 1286 τόπον,

340 1304 588 1373 Ύπήκοα
618 1302 851 1380 φρούρια
875 1305 944 1375 τῇ
975 1301 1262 1376 Ῥωμαίδι·

174 1394 301 1449 8970
339 1390 531 1454 Οὕτως
563 1390 818 1453 ἐπιόντος
851 1388 908 1445 δὲ
937 1393 1256 1467 κρατάρχου
1280 1389 1494 1466 δρόμῳ,

339 1483 402 1539 Ὀ
433 1480 665 1557 Μιχαὴλ
694 1479 853 1557 γνοὺς
885 1480 946 1535 ἐκ
974 1482 1330 1536 κατασκόπων
1353 1479 1533 1557 δράμα

339 1572 529 1645 Φυγας
562 1570 740 1624 ἀπιὼν
770 1573 953 1644 ᾤχετο
985 1570 1121 1637 πρὸς
1155 1568 1393 1641 πατρίδα

336 1658 517 1722 Αὐτός
546 1680 605 1714 τε
634 1659 723 1713 καὶ
767 1657 1074 1735 στράτευμα
1105 1656 1194 1713 διὰ
1228 1657 1513 1735 δυσπόρων

340 1752 672 1823 Συνηρεφῶν
710 1741 907 1822 τρίϐων
938 1767 996 1801 τε
1025 1746 1113 1801 καὶ
1148 1743 1510 1806 δυσεκϐἀτων.

177 1840 304 1894 8975
342 1838 532 1911 Εὖρὼν
565 1838 715 1891 κινόν
750 1834 796 1890 δ’
834 1832 1001 1901 ἕωθεν
1037 1837 1161 1910 ἄναξ
1192 1838 1283 1891 τὸν
1310 1838 1501 1906 τόπον,

339 1925 463 1980 Ἑπί
496 1922 739 2001 Βερῥόην
770 1926 874 1995 ἧκε
901 1926 1002 1995 τὴν
1035 1925 1087 1979 ἐν
1116 1926 1400 2002 γειτόνων·

340 2013 515 2069 ἐλὼν
546 2012 605 2068 δὲ
631 2013 832 2083 ταύτην
861 2015 950 2068 καὶ
986 2013 1282 2079 σκυλεύσας
1309 2017 1375 2069 τὰ
1404 2016 1579 2092 πέριξ.

340 2102 437 2161 Εἷς
468 2100 763 2178 Ἀδριανοῦ
792 2104 891 2172 τήν
924 2101 1088 2157 πόλιν
1122 2103 1442 2180 ὑποστρέφει

339 2192 493 2249 Μετᾶ
522 2191 781 2268 λαφύρων
814 2191 1110 2265 ἀμυθήτων
1142 2214 1200 2247 τι
1230 2193 1468 2249 σκύλων·

176 2292 303 2346 8980
341 2291 465 2367 Ἀφ’
496 2289 561 2344 οὗ
593 2290 899 2367 πεπομφὼς
940 2290 1191 2365 στρατιὰν
1221 2290 1304 2346 ὅτι
1334 2290 1528 2368 ταχος,

331 2380 531 2440 Πόλεις
562 2380 940 2453 παρεστήσατο
971 2380 1067 2441 τὰς
1101 2381 1428 2445 ἀποστάσας·

332 2468 430 2523 Καὶ
466 2467 727 2543 βασιλεῦς
756 2465 805 2521 δ’
840 2466 1001 2539 ἔξεισι
1031 2471 1167 2524 κατὰ
1196 2468 1491 2542 Ῥοδόπης,

332 2557 437 2614 Καὶ
472 2558 840 2633 Στενίμαχον,
874 2559 1203 2634 Κρυτζιμόν,
1241 2561 1611 2633 Περιστίτζαν,

330 2648 694 2715 ’Βκανασώζει
726 2650 913 2720 κράτει
940 2652 1048 2702 τῶν
1082 2647 1358 2704 Αὐσόνων·

172 2736 296 2791 8935
332 2737 558 2809 Ἔμεινε
590 2733 637 2789 δ’
669 2736 949 2799 ἀνάλωτος
993 2738 1264 2807 Τζέπαινα
1301 2739 1440 2812 μόνη

345 2824 443 2879 Διά
472 2846 529 2879 τε
557 2826 768 2899 κρυμὸν
800 2824 889 2879 καὶ
915 2824 1086 2880 τόπου
1113 2824 1444 2903 δυσχωρίαν.

339 2915 512 2989 Ἦρος
546 2911 596 2968 δ’
620 2912 1044 2987 ἐπιλάμψαντος
1074 2914 1265 2971 αὐτίκα
1293 2920 1487 2995 γράφει

335 3005 497 3075 ’Ἀναξ
532 3008 869 3077 στρατηγοῖς
898 3008 1015 3066 τοῖς
1034 3005 1169 3060 κατὰ
1202 3004 1403 3083 Σίρῥας
1434 3007 1596 3063 πόλιν

336 3093 429 3164 Τῷ
462 3091 956 3166 Στρατηγοπούλῳ
987 3094 1077 3148 καὶ
1109 3097 1385 3169 Τορνικίῳ

173 3183 302 3237 8990
340 3182 485 3235 Μετᾶ
514 3181 770 3257 στρατιὰς
796 3177 1094 3259 προϐαλεῖν
1122 3188 1190 3258 τῇ
1222 3186 1506 3259 Τζεπαίνῃ.

341 3270 594 3341 Ἐξήεσαν
624 3266 717 3323 οὗν
748 3271 895 3344 παρᾶ
922 3268 1073 3326 τόνδε
1093 3272 1182 3327 τὸν
1209 3274 1400 3328 τόπον·

340 3359 446 3414 Εἶτ’
472 3357 573 3412 οὐκ
604 3355 808 3420 ἰδόντες
839 3361 1090 3434 στρατιάν
1120 3360 1397 3432 ἐναντίων,

338 3450 463 3523 Οὐχ
486 3447 720 3510 ὁπλίτας
752 3448 929 3513 ΐόντας
962 3452 1039 3515 είς
1074 3455 1259 3528 μάχην
1294 3454 1460 3519 ὅλως·

337 3536 575 3593 Ψύλλων
605 3536 663 3592 δὲ
692 3538 910 3594 κτύπων
937 3541 1026 3595 καὶ
1054 3542 1242 3614 ψόφων
1268 3545 1593 3619 ᾐσθημένοι,

174 3628 308 3684 8995
368 3625 571 3701 ᾤχοντ’
601 3627 858 3700 ἀκόσμως
892 3628 946 3684 ἐν
977 3637 1121 3707 φυγῇ
1154 3632 1476 3698 λελοιπότες

338 3719 565 3780 Ἵππους
592 3716 900 3781 πανοπλίας
926 3739 983 3773 τι
1011 3722 1099 3774 καὶ
1132 3724 1327 3792 σκευὴν
1358 3722 1494 3794 ὅλην

339 3808 469 3863 Τοῖς
500 3800 875 3883 ἱπποφορϐοἴς
898 3808 987 3863 καὶ
1017 3804 1285 3875 συϐώταις
1311 3811 1662 3891 Βουλγάρων·

341 3895 407 3951 Ὅ
433 3895 674 3971 γνωσθὲν
706 3895 920 3965 ἠνίασεν
953 3899 1153 3953 ἄνακτα
1182 3898 1326 3956 λίαν.

346 3983 465 4059 Οὐχ
491 3988 657 4054 ἦττον
687 3984 901 4054 ἠνίασεν
929 3986 1174 4043 εἰσπεσὸν
1202 3988 1365 4045 πάλιν

176 4079 309 4136 9300
342 4086 557 4137 ⁴λυποῦν
589 4103 642 4137 τι
674 4084 837 4138 κακὸν
872 4092 1157 4161 Δραγωτᾶς
1182 4086 1241 4143 ix
1268 4087 1621 4166 Βουλγάρων,

343 4171 564 4246 Ἄρχων
596 4178 848 4243 στρατιᾶς
877 4180 979 4244 τῆς
1008 4177 1143 4230 κατᾶ
1174 4176 1497 4234 Μελενίκον·

339 4260 527 4321 Ὅστις
557 4260 798 4323 ἀποστὰς
827 4262 917 4316 καί
952 4265 1178 4339 στρατὸν
1213 4266 1503 4332 συναλίσας

342 4351 706 4425 Κατατρὲχων
734 4350 797 4424 ᾖν
819 4352 886 4405 τὰ
916 4351 1067 4427 πέριξ
1096 4354 1420 4411 Μελενίκου·

342 4438 510 4491 Ἀστυ
539 4434 599 4491 Si
626 4439 939 4495 συνέκλεισι
965 4446 1237 4517 πορθῆσαι
1268 4444 1462 4503 θὲλων.

176 4524 309 4579 ἯΪΒ
344 4527 613 4582 Ἦκουστο
643 4532 811 4583 ταῦτα
846 4529 1063 4605 βασιλεῖ
1092 4534 1446 4609 πρατηγέτῃ,

348 4616 441 4669 Καὶ
467 4617 569 4684 τὴν
597 4617 864 4692 ταχίστην
890 4620 1043 4683 ἀετός
1072 4644 1154 4683 τις
1186 4623 1425 4695 καθάπερ

347 4710 599 4767 ’Ὡκιστος
631 4704 767 4777 ἔπτη
792 4710 927 4783 πρὸς
960 4708 1260 4768 Μελενίκου
1290 4714 1491 4780 τόπους

352 4794 497 4849 Μετὰ
522 4802 774 4869 στρατιᾶς
801 4798 891 4852 καὶ
923 4806 1245 4877 στρατηγῶν
1276 4803 1586 4878 ταγμάτων.

358 4882 453 4939 Καὶ
488 4883 838 4958 καταπλήξας
874 4890 1125 4963 στρατιὰν
1158 4889 1414 4946 ἐναντίων

187 4977 324 5033 9010
355 4978 620 5057 Αἷφνιδίῳ
645 5003 705 5036 τε
732 4985 822 5038 καὶ
852 4993 1103 5061 στρατιᾶς
1130 4991 1198 5061 τῇ
1232 4991 1429 5067 στίφει,

360 5069 651 5144 Ἐτρέψατο
684 5077 819 5149 σφᾶς
846 5073 921 5137 εἰς
954 5078 1132 5149 φυγὴν
1166 5080 1522 5153 κατακράτος,

359 5158 613 5225 Κτιίνων,
646 5158 886 5231 διώκων,
919 5164 1315 5247 αἰχμαλώτους
1348 5164 1661 5241 λαμϐάνων,

360 5246 442 5307 Ὠς
473 5246 534 5301 ix
564 5249 839 5305 τοσούτων
873 5251 1118 5330 ἐκφυγεῖν
1158 5246 1380 5331 βραχεῖς
1418 5259 1609 5331 μόρον,

361 5334 457 5389 Καὶ
485 5338 620 5411 πρὸς
652 5337 864 5401 Μυσίας
889 5338 1219 5411 διασωθῆναι
1254 5346 1417 5420 μέρη.

192 5421 326 5477 9045
361 5423 418 5480 Ὀ
448 5420 493 5478 δ’
524 5426 588 5480 αὖ
621 5436 905 5503 Δραγωτᾶς
937 5433 1307 5502 συμπατηθεις
1340 5432 1547 5499 ἀθλίως

360 5514 562 5569 Ἵππων
596 5519 758 5571 ποσὶν
789 5517 1043 5588 τέθνηκεν
1071 5517 1312 5575 ἐκλιπὼν
1344 5521 1499 5598 φάος.

364 5601 511 5657 Οἷτω
546 5603 808 5679 βασιλεὺς
843 5605 1045 5670 διαθεὶς
1076 5607 1230 5663 πάνθ’
1260 5609 1335 5670 ὡς
1360 5613 1503 5681 δέον,

503 5722 773 5786 Ρηιιοι..
823 5726 935 5788 Gn.
981 5726 1238 5789 CXLIII.

1701 282 2063 339 CESARES.

1852 409 1903 475 Α
1935 404 1995 461 in
2022 407 2381 466 occidentem
2418 413 2685 479 protinus
2717 414 2989 485 discedit,

1928 495 2461 569 Hellespontiacum
2496 504 2745 559 navibus
2770 505 2981 561 fretum
3018 510 3338 568 transiens.

1926 584 2112 655 Atque
2145 587 2418 643 Hadriani
2452 590 2679 647 delatus
2706 594 2776 648 ad
2813 594 3041 662 urbem,

1926 671 2009 726 ibi
2039 673 2129 728 vix
2161 691 2277 731 uno
2308 678 2644 734 demoratus
2676 682 2791 747 die,

1926 766 2117 817 castra
2147 766 2436 835 promovit
2468 767 2805 841 Rhodopem
2839 788 3045 828 versus

1926 854 2126 905 contra
2151 852 2521 925 Bulgaricum
2557 858 2880 930 principem
2915 862 3282 937 Michaelem,

1926 939 2025 1009 qui
2058 956 2190 995 cum
2224 944 2477 999 exercitu
2509 948 2579 1000 ad
2614 946 2869 1005 Hebrum
2902 953 3282 1022 morabatur;

1924 1029 2362 1087 Stenimachum
2396 1039 2647 1107 ceperat,
2679 1037 3059 1110 Tzapaanam,
3090 1046 3353 1113 Ustram,

1924 1125 2146 1194 Cribos,
2182 1132 2617 1203 Perpcracium,
2652 1138 2711 1189 et
2741 1135 3132 1209 Peristitzam,

1923 1215 2321 1289 Ephremum,
2353 1220 2715 1291 Critzimum,
2751 1230 3026 1281 cunctam
3062 1227 3373 1284 Achridem

1923 1320 2051 1375 quae
2085 1307 2254 1362 nobis
2286 1325 2447 1365 arces
2478 1316 2646 1367 antea
2676 1314 2984 1384 parebant.

1923 1392 2092 1448 Nunc
2119 1396 2188 1449 de
2220 1396 2477 1453 irruente
2500 1400 2770 1457 celeriter
2799 1404 3021 1460 Caesare

1922 1481 1995 1536 ab
2026 1482 2364 1555 explorante
2396 1488 2641 1545 Michael
2675 1491 3035 1560 admonitus,

1924 1571 2062 1643 fuga
2083 1589 2145 1627 se
2176 1574 2378 1628 statim
2411 1577 2610 1631 retulit
2641 1578 2699 1633 in
2732 1583 2985 1650 patriam

1925 1660 2049 1730 ipse
2073 1678 2205 1716 cum
2242 1663 2449 1733 copiis,
2484 1681 2586 1735 per
2618 1665 2775 1721 locos
2808 1668 3079 1725 difﬁciles

1840 1779 1889 1845 Β
1925 1765 2140 1821 perque
2172 1751 2456 1806 dumosos
2490 1753 2616 1809 sine
2649 1754 2795 1810 calle
2823 1756 3031 1813 saltus.

1920 1838 2088 1895 Mane
2119 1856 2251 1895 cum
2283 1856 2533 1896 vacuum
2566 1841 2761 1899 locum
2795 1846 3108 1916 reperisset

1912 1928 2123 1996 Cresar,
2158 1930 2546 2001 propinquam
2581 1933 2845 2003 pervenit
2876 1934 2946 1989 ad
2980 1935 3274 1993 Berrhoen
3310 1954 3324 1993 :

1916 2032 2035 2087 qua
2063 2022 2252 2090 capta,
2284 2035 2541 2091 agroque
2574 2021 2837 2092 proximo
2869 2022 3095 2094 direpto

1917 2106 2395 2179 Hadrianopolim
2433 2114 2620 2164 semet
2652 2111 2974 2182 recipiebat

1917 2212 2033 2251 non
2065 2196 2192 2252 sine
2218 2198 2422 2253 multis
2454 2198 2775 2269 spoliorum
2810 2201 3051 2256 divitiis.

1914 2284 2106 2355 Atque
2136 2285 2298 2341 illinc
2334 2288 2514 2343 misso
2542 2290 2805 2359 protinus
2837 2292 3092 2347 exercitu

1918 2373 2284 2445 recuperavit
2316 2376 2491 2432 urbes
2521 2377 2893 2448 apostolicas.

1919 2463 2050 2533 Ipse
2073 2464 2323 2532 perrexit
2354 2464 2677 2537 imperator
2715 2468 2783 2522 ad
2824 2468 3165 2541 Rhodopen,

1919 2550 2298 2607 Stenimachu
2312 2568 2500 2624 mque,
2535 2554 2925 2626 Peristitzam,
2957 2558 3339 2631 Crytzimum,

1923 2652 2185 2704 Romano
2216 2666 2421 2706 rursus
2453 2652 2682 2707 addidit
2715 2653 2981 2726 imperio.

1920 2736 2045 2793 Una
2069 2738 2349 2809 Tzepmna
2378 2741 2633 2811 perstitit
2664 2742 2879 2798 invicta

1919 2827 1992 2883 ob
2026 2826 2134 2883 loci
2168 2828 2543 2899 asperitatem
2582 2835 2759 2902 atque
2789 2832 3025 2887 hiemis.

1919 2917 2029 2971 Sed
2061 2934 2195 2972 vere
2224 2922 2443 2989 exorto,
2478 2920 2679 2974 statim
2714 2921 2874 2975 dedit
2907 2920 3138 2977 litteras

1920 3007 1991 3062 ad
2027 3007 2205 3062 duces
2236 3007 2429 3062 Caesar
2448 3009 2634 3063 Serris
2670 3010 3042 3065 demorantes

1845 3138 1887 3202 Ο
1924 3096 2401 3167 Strategopulum
2424 3096 2647 3151 scilicet
2675 3103 2732 3151 et
2761 3097 3120 3164 Tornicium,

1926 3190 1990 3238 ut
2012 3200 2141 3239 cum
2177 3184 2432 3239 exercitu
2467 3188 2775 3255 quaterent
2807 3187 3168 3257 Tzepenam.

1915 3273 2005 3330 Illi
2039 3272 2107 3327 ad
2141 3272 2298 3327 hunc
2327 3273 2561 3345 agmine
2594 3274 2901 3330 tendentes
2934 3274 3149 3342 locum,

1915 3379 2048 3418 cum
2081 3378 2185 3417 nec
2217 3362 2498 3418 vidissent
2527 3361 2799 3419 hostilem
2832 3364 3151 3420 exercitum

1915 3467 2105 3523 neque
2137 3455 2371 3507 ruentes
2401 3451 2461 3506 in
2490 3451 2756 3523 praelium
2787 3456 3066 3521 armatos,

1915 3542 2189 3598 foliorum
2220 3547 2452 3597 tantum
2485 3542 2681 3597 sonitu
2715 3542 3004 3613 perterriti

1915 3631 2167 3704 turpiter
2198 3631 2575 3703 dill'ugerunt,
2610 3631 2855 3701 abiectis
2880 3632 3059 3687 etiam

1915 3721 2085 3793 equis
2115 3724 2172 3777 et
2193 3721 2372 3776 armis
2400 3724 2456 3775 et
2487 3720 2717 3775 sarcina
2749 3721 3039 3776 universa.

1917 3826 2042 3881 quae
2068 3810 2261 3881 prada
2290 3810 2468 3865 cessit
2498 3809 2869 3865 armentariis
2901 3809 3190 3880 Bulgaris.

1917 3899 2059 3953 Rem
2090 3902 2287 3953 autem
2318 3897 2511 3953 Caesar
2541 3898 2780 3969 pertulit
2810 3900 3129 3970 aegerrime.

1916 3997 2033 4051 Nec
2066 3995 2263 4051 minus
2294 3994 2450 4050 aliud
2482 3996 2896 4065 superveniens
2928 3996 3150 4051 malum

1917 4084 2124 4151 sensit,
2157 4083 2423 4139 videlicet
2452 4083 2768 4154 Bulgarum
2803 4088 3139 4156 Dragotam,

1918 4177 2151 4228 nostras
2183 4175 2480 4244 regentem
2506 4171 2770 4227 Melenici
2802 4170 3019 4243 copias.

1919 4262 2227 4320 Rebellans
2256 4263 2433 4329 enim,
2466 4265 2816 4334 congregato
2848 4263 3130 4331 exercitu,

1920 4352 2308 4425 populabatur
2338 4351 2603 4408 Melenici
2634 4352 2780 4407 fines

1920 4444 2229 4515 ipsamque
2260 4441 2461 4497 urbem
2492 4441 2773 4497 obsidens
2806 4442 3133 4513 premebat.

1843 4504 1891 4567 θ
1919 4504 2258 4587 Audiit-hoc
2286 4531 2340 4585 in
2366 4530 2577 4586 castris
2607 4504 2945 4602 imperator,

1929 4627 2103 4690 atque
2130 4619 2388 4675 volatum
2419 4618 2629 4691 aquila:
2650 4618 2959 4674 aemulatus

1928 4710 2031 4764 vim
2063 4707 2409 4780 compendio
2444 4708 2630 4781 pergit
2662 4708 3012 4764 Melenicum

1932 4824 2068 4864 cum
2102 4808 2224 4863 suis
2256 4806 2438 4878 copiis
2465 4807 2859 4878 ordinumque
2889 4805 3182 4862 ducibus:

1932 4896 2355 4968 perterritoque
2388 4894 2648 4951 hostium
2682 4896 2936 4951 exercitu

1934 4986 2124 5043 subito
2156 4986 2403 5041 adventu
2440 4984 2812 5057 militumque
2845 5002 3115 5053 numero,

1935 5076 2135 5146 fugam
2168 5074 2465 5146 ingentem
2496 5079 2672 5144 atque
2704 5074 2929 5130 cladem
2962 5076 3170 5145 edidit,

1937 5179 2315 5235 persequens,
2349 5164 2598 5229 credens,
2631 5162 2892 5235 captivos
2916 5163 3316 5236 intercipiens,

1938 5266 2002 5316 ut
2032 5260 2201 5332 pauci
2231 5276 2300 5316 ex
2331 5266 2418 5315 tot
2448 5260 2751 5316 interitum
2784 5261 3116 5331 vitaverint,

1940 5350 2039 5420 qui
2073 5350 2209 5422 fuga
2236 5354 2295 5405 in
2328 5348 2539 5405 Moesia:
2575 5355 2767 5419 partes
2798 5356 3129 5405 evaserunt.

1940 5441 2223 5511 Dragotas
2256 5443 2450 5493 autem
2484 5439 2855 5510 proculcatus
2884 5439 3097 5494 misere

1944 5544 2227 5599 equorum
2263 5527 2505 5599 pedibus
2537 5527 2667 5582 vitm
2696 5528 2851 5597 rupit
2882 5527 3046 5580 filum

1944 5616 2045 5672 His
2075 5618 2265 5672 Caesar
2294 5616 2440 5671 actis
2468 5632 2536 5672 ex
2566 5617 2747 5671 animi
2777 5616 3090 5680 sententia,

3198 5733 3266 5791 11

3478 300 3585 357 330
