4104 6204
352 266 453 321 331
1561 266 1930 320 EPHREMI!
1966 259 2535 318 CHRONOGRAPHI

352 395 412 448 et
442 389 801 448 defectorum
838 385 1074 443 feminis
1105 401 1172 442 ac
1202 384 1407 442 liberis

353 481 471 538 alio
502 477 830 547 translatis,
863 475 1066 547 procul
1096 473 1419 548 Melenico,

352 567 834 627 Thessalonicam
866 564 1028 620 illinc
1059 568 1149 620 est
1178 579 1486 621 reversus:

349 659 506 714 unde
533 653 886 712 transmisso
917 653 1058 709 Axio
1090 653 1403 724 profundo,

344 747 610 804 Bodenos
635 743 796 799 venit
827 743 1000 814 aquis
1031 743 1440 800 abundantes:

344 832 445 888 ubi
476 832 754 889 laborans
783 831 1006 886 ventris
1038 830 1364 898 doloribus,

339 921 587 994 paulum
616 928 922 994 propterea
944 920 1209 976 substitit
1238 920 1468 976 diebus.

339 1011 476 1067 Mox
509 1015 830 1078 recreatus,
861 1008 1160 1081 Prilapum
1191 1008 1417 1079 invisit,

337 1099 440 1156 ubi
472 1116 590 1156 non
621 1099 828 1171 paucis
859 1099 1119 1171 perstitit
1145 1099 1376 1155 diebus.

331 1188 557 1244 Deinde
586 1188 824 1244 transiit
854 1188 926 1243 ad
963 1187 1236 1245 Belesum
1272 1186 1590 1260 oppidum;

337 1290 542 1342 contra
573 1287 731 1358 quod
765 1285 1062 1341 machinis
1094 1284 1328 1341 bellicis
1354 1284 1613 1354 directis,

338 1375 398 1431 in
432 1374 791 1430 deditionem
816 1391 951 1429 mox
983 1373 1138 1430 cives
1161 1374 1404 1445 accepit,

339 1463 440 1535 qui
473 1464 712 1520 obtenta
738 1463 958 1536 nequid
991 1466 1329 1536 paterentur
1357 1463 1473 1518 fide

335 1556 524 1608 semet
553 1569 620 1608 ac
655 1553 942 1626 oppidum
975 1552 1374 1624 permiserunt
1402 1550 1638 1608 Casari.

333 1641 723 1708 Quamobrem
756 1640 875 1697 arci
910 1641 1190 1713 imposito
1218 1640 1511 1713 praesidio,

334 1751 441 1806 per
469 1732 900 1804 Nautzapoleos
931 1732 1156 1788 aridam
1197 1733 1521 1804 regionem,

331 1842 487 1898 aqua
516 1825 791 1880 laborans
821 1827 997 1896 atque
1029 1827 1384 1892 commeatu,

337 1929 488 1986 aegre
516 1913 783 1985 pervenit
813 1917 1012 1969 tamen
1046 1914 1115 1968 ad
1151 1913 1356 1969 urbem
1379 1913 1615 1985 Serras;

335 2003 438 2058 ubi
471 2019 541 2058 ex
570 2002 806 2060 Oriente
837 2001 1052 2058 litteris
1083 2003 1348 2074 perlatis,

337 2093 566 2148 Turcas
599 2095 810 2164 agente
842 2091 1279 2148 Tacharionum
1312 2092 1507 2148 denuo

333 2180 655 2251 periclitari
688 2179 972 2253 intelligit
991 2185 1048 2236 et
1078 2180 1438 2236 conturbari.

332 2268 497 2334 Quod
530 2268 632 2323 ubi
653 2269 848 2326 Caesar
878 2269 1057 2339 novit,
1091 2283 1265 2325 cursu
1294 2269 1546 2338 concito,

331 2357 620 2428 processit
649 2358 777 2414 sine
809 2375 974 2414 mora
1005 2360 1076 2414 ad
1112 2359 1370 2415 Hebrum
1401 2359 1623 2415 ﬂumen
1651 2377 1664 2416 :

331 2454 434 2510 ubi
465 2470 762 2510 rumorem
797 2455 1012 2511 falsum
1045 2471 1176 2512 esse
1206 2457 1565 2530 intelligens.

331 2543 403 2597 de
428 2540 638 2596 itinere
669 2548 944 2614 suscepto
978 2543 1249 2599 nonnihil
1281 2545 1522 2600 devians

335 2630 810 2704 Didymotichum
842 2631 1092 2687 contulit
1120 2647 1182 2688 se
1211 2631 1272 2686 in
1301 2632 1529 2704 urbem,

328 2719 542 2775 deinde
573 2720 644 2774 ad
671 2719 953 2792 inclytam
987 2720 1470 2794 Hadrianopolin,

325 2811 379 2864 et
409 2809 482 2864 ad
512 2809 856 2881 Tzepaznam
888 2809 1348 2882 oppugnandam
1379 2810 1584 2878 rediit;

324 2899 425 2955 sed
456 2914 592 2954 cum
624 2897 773 2954 nihil
805 2900 1114 2972 proficeret
1145 2915 1412 2956 reversus
1443 2905 1534 2956 est

325 2988 398 3044 ad
431 2987 730 3044 munitum
763 2988 1048 3061 oppidum
1076 2989 1554 3062 Didymotichum
1582 3005 1597 3047 :

318 3076 422 3132 ubi
455 3075 653 3134 relicto
679 3093 797 3134 non
831 3077 1062 3134 modico
1092 3077 1346 3134 exercitu

321 3179 457 3220 cum
489 3164 739 3220 ducibus
762 3169 818 3221 et
848 3165 1046 3237 Oppidi
1069 3165 1438 3236 custodibus,

322 3252 558 3308 Lascari
591 3252 882 3322 Manuele,
915 3259 974 3310 et
1003 3255 1317 3326 Margarite

316 3339 558 3396 homine
586 3344 888 3398 rusticano
918 3346 975 3398 et
1005 3342 1168 3414 pulte
1193 3343 1334 3398 alito

313 3429 769 3501 Neocastrisque
800 3431 1086 3503 originem
1116 3430 1422 3499 trahente;

319 3517 565 3590 insuper
589 3517 729 3574 belli
755 3518 961 3575 ordine
995 3519 1358 3591 praescripto;

317 3604 485 3662 illinc
516 3607 828 3663 discedens
862 3607 1310 3679 Hellespontum
1341 3609 1601 3676 transiit,

321 3705 731 3776 stationesque
760 3705 1061 3778 Lampsaci
1093 3705 1437 3762 constituit:

325 3791 429 3848 ubi
454 3809 594 3849 suos
625 3793 805 3850 duces
837 3793 1011 3849 celsis
1043 3793 1428 3867 dignitatibus

323 3880 507 3948 auxit,
539 3883 785 3951 ornavit,
821 3882 1178 3955 praemiaque
1207 3883 1527 3940 distribuit.

237 4004 248 4021 .
321 3970 634 4042 Georgium
665 3973 904 4044 quidem
933 3972 1106 4044 vulgo
1138 3971 1506 4028 Muzalonem

316 4061 748 4129 protovestiarii
779 4067 837 4118 et
866 4061 1046 4118 simul
1078 4061 1471 4134 protoscbasti

315 4163 420 4204 nec
454 4165 569 4206 non
601 4151 1097 4223 stratopedarchse
1129 4151 1356 4207 orvavit
1388 4151 1613 4208 titulis:

311 4235 492 4308 hujus
521 4242 718 4295 autem
752 4240 991 4296 fratrem
1013 4241 1438 4310 Andronicum,

309 4326 509 4399 magni
536 4329 774 4384 donavit
802 4329 995 4386 ofﬁcio
1027 4329 1333 4386 domestici
1358 4347 1371 4385 :

305 4416 595 4488 Angelum
623 4417 878 4489 denique
905 4419 1043 4475 fecit
1072 4424 1576 4492 protostratorem.

303 4501 409 4558 His
441 4504 589 4560 actis
621 4504 940 4577 imperator
969 4508 1369 4564 revertebatur

300 4592 372 4646 ad
407 4607 582 4648 suum
615 4594 806 4664 regale
836 4595 1137 4668 Nymphzei
1172 4596 1493 4668 palatium:

297 4679 398 4735 ubi
429 4697 533 4753 per
563 4681 772 4739 hiemis
792 4688 1059 4756 tempora
1080 4691 1368 4753 versatus,

291 4785 424 4826 vere
451 4775 762 4844 appetente
790 4774 1111 4830 exercitum
1144 4775 1378 4848 collegit

288 4856 668 4916 innumerum
699 4863 1030 4933 pedestrem
1063 4869 1241 4937 atque
1272 4869 1630 4937 equestrem,

285 4953 627 5006 concretum
661 4951 882 5018 Maesia,
915 4952 1101 5023 Italis,
1127 4958 1302 5027 atque
1331 4955 1583 5027 Scythis.

284 5046 576 5119 praecipue
607 5053 805 5106 tamen
839 5050 980 5108 viris
1012 5053 1200 5109 nostri
1230 5054 1500 5124 generis:

264 5135 664 5210 ,dirigensque
695 5140 804 5196 iter
825 5141 884 5197 in
911 5143 1293 5213 occidentem,

277 5224 788 5299 Helespontiacam
823 5231 1201 5303 Lampsacum
1234 5233 1497 5289 devenit:

281 5314 382 5370 ubi
411 5315 640 5374 cladem
675 5320 967 5376 exercitus
997 5321 1283 5378 intellexit

271 5404 621 5478 ducumque
648 5409 990 5464 relictorum
1028 5410 1439 5482 Didymotichi.

270 5492 417 5550 Nam
452 5495 679 5552 Caesare
709 5497 768 5553 in
796 5498 1130 5571 longinquis
1162 5501 1399 5555 absente
1429 5498 1598 5571 locis,

265 5597 361 5636 rex
395 5582 787 5656 Bulgarorum
820 5588 1150 5660 conscripta
1171 5588 1520 5661 Scytharum

2029 386 2084 453 Α

1986 4474 2034 4537 D

2291 381 2392 437 Kal
2423 380 2520 446 τὰς
2548 379 2790 437 ἀπίστων
2819 381 3060 457 γαμετὰς
3085 381 3176 436 καὶ
3205 379 3390 438 τεκνία

2292 469 2636 547 Ηοῤῥωτάτω
2667 471 2777 533 θεὶς
2810 467 3008 535 ἄστεος-
3031 469 3356 544 Μελενίκου⁹

2106 561 2248 615 9020
2289 561 2522 623 Ἐκεῖθεν
2553 563 2682 629 ἧκεν
2717 557 2792 621 είς
2825 556 3281 614 Θεσσαλονικέων·

2283 651 2407 723 ’Λφ’
2439 649 2502 703 οὗ
2535 649 2772 725 περάσας
2806 648 3008 718 Ἀξειὸν
3047 645 3339 724 βαθυδίνην

2282 740 2448 795 Ἀστυ
2479 735 2740 808 Βοδηνῶν
2776 734 3136 813 ὑδατόῤῥυτον
3163 739 3368 816 φθάνει·

2279 828 2442 884 Ἒνθα
2470 829 2704 898 νοσήσας
2732 825 3015 883 κοιλιακόν
3047 847 3100 880 τι
3129 827 3320 897 πάθος,

2280 917 2492 992 Μικρόν
2515 937 2566 970 τι
2599 917 2771 993 χώρῳ
2801 917 3096 992 προσμένει
3123 916 3320 971 τούτου
3352 917 3532 994 χάριν.

2102 1006 2248 1062 9025
2285 1005 2418 1062 Εἶτα
2449 1005 2639 1081 ῥαΐσας
2672 1006 2801 1060 ἄστυ
2834 1004 3163 1081 Πριλλάπου
3200 1005 3412 1082 βλέπει,

2278 1094 2356 1150 Οὗ
2389 1091 2663 1169 διαγαγὼν
2692 1093 2792 1149 οὐκ
2831 1092 3016 1168 ὀλίγας
3045 1094 3275 1170 ἡμέρας,

2279 1183 2384 1238 Ἐπ
2414 1182 2689 1258 στρατεύει
2721 1183 2942 1255 Βελεσῷ
2969 1204 3073 1238 τινι
3104 1183 3287 1256 πόλει,

2281 1273 2669 1348 Καθαιρετικὰς
2701 1272 2956 1348 μηχανάς
2985 1271 3314 1348 ἐπηγμένος·

2275 1363 2479 1436 ’Ήνπερ
2509 1363 2888 1437 παρεστήσατο
2917 1359 2986 1436 τῇ
3019 1367 3311 1439 συμφωοίᾳ

2102 1460 2244 1516 9030
2281 1462 2394 1514 Τοῦ
2429 1460 2503 1532 μή
2535 1460 2812 1514 τι’παθεῖν
2846 1457 3007 1535 ὅρκον
3041 1458 3426 1534 εἰσδεξαμένων

2281 1551 2407 1605 Τῶν
2439 1546 2593 1603 ἔνδον
2627 1545 2797 1604 ὅντων
2827 1549 2918 1604 καὶ
2949 1547 3261 1624 προδόντων
3292 1554 3392 1621 τήν
3424 1553 3611 1612 πόλιν.

2278 1638 2524 1694 Ἀπαντα
2552 1637 2730 1692 τοίνυν
2763 1639 2817 1692 εὗ
2851 1635 3052 1700 διαθεὶς
3086 1640 3375 1715 φρουρίου,

2275 1725 2373 1780 Διὰ
2404 1725 2844 1795 Ναυτζαπόλεως
2879 1724 3111 1803 ἀνύδρου
3135 1727 3308 1784 τόπου

2285 1817 2388 1870 Σὺν
2418 1815 2621 1890 ἀπορίᾳ
2651 1815 2740 1871 καὶ
2771 1821 2952 1872 ποτῶν
2980 1818 3071 1872 καὶ
3105 1819 3433 1894 βρωμάτων,

2103 1905 2245 1962 9035
2282 1905 2376 1967 Εἰς
2411 1904 2613 1981 Σέρρας
2641 1908 2739 1974 ἧκε
2768 1904 3066 1976 τληπαθῶς
3097 1907 3244 1977 πλὴν
3275 1911 3374 1978 τὴν
3405 1908 3568 1967 πόλιν

2276 1997 2438 2058 Ἔνθα
2469 1995 2679 2072 γραφὴν
2714 1991 2930 2050 δέδεκτο
2959 1996 3097 2070 πρὸς
3125 2001 3232 2052 τῶν
3257 1997 3306 2071 ἐξ
3334 1997 3428 2058 ἔω.

2275 2085 2398 2142 ’Ότι
2426 2084 2493 2139 τὰ
2521 2084 2783 2159 Τούρκων
2816 2087 2951 2161 πρὸς
2981 2086 3269 2162 Ταχαρίων
3301 2085 3489 2153 ἔθνους

2278 2172 2610 2246 Κυμαίνεται
2641 2177 2732 2228 νῦν
2764 2173 2852 2228 καὶ
2883 2174 3203 2250 ταράσσεται
3234 2177 3422 2238 πάλιν,

2271 2265 2451 2319 Ταῦτα
2483 2259 2751 2338 διαγνοὺς,
2784 2265 3194 2339 συντεταγμένῳ
3225 2263 3416 2341 δρόμῳ

2097 2360 2238 2415 9040
2278 2358 2548 2435 Πέφθακεν
2581 2356 2755 2430 Εὗρον
2785 2358 2875 2412 τὸν
2909 2361 3154 2433 ποταμὸν
3191 2361 3242 2416 ἐν
3264 2362 3443 2438 τάχειο

2274 2447 2351 2504 Οὗ
2386 2447 2610 2519 μήνυμα
2640 2449 2802 2521 γνοὺς
2833 2446 3049 2523 άερεκὲς
3083 2451 3160 2522 μὴ
3192 2453 3506 2528 τυγχάνειν,

2271 2531 2472 2609 Τρίϐου
2500 2534 2862 2608 παρεκκλίνας
2882 2557 2935 2590 τι
2966 2535 3374 2612 καταλαμϐάνει

2274 2621 2669 2698 Διδυμότειχον
2705 2625 3100 2699 ὠνομασμένην
3130 2627 3315 2685 πόλιν⁶

2266 2715 2400 2769 Εἶτα
2430 2710 2686 2782 κυδίστην
2721 2711 3010 2790 Ἀδριανοῦ
3037 2718 3138 2786 τήν
3170 2717 3356 2774 πόλιν.

2094 2802 2238 2857 9045
2277 2800 2378 2857 Καὶ
2408 2799 2576 2856 πάλιν
2608 2801 2925 2878 ἐστράτευσε
2947 2806 3085 2859 κατὰ
3113 2807 3433 2879 Τζεπαίνηςο

2268 2891 2366 2944 Καὶ
2403 2889 2698 2964 μηδοτιοῦν
2733 2889 3029 2968 δεδρακὼς,
3063 2895 3388 2975 ὑποστρέφει

2263 2978 2414 3034 Κατὰ
2444 2977 2837 3055 Διδυμότειχον
2871 2981 3086 3059 ἀσφαλῆ
3119 2984 3305 3040 πόλιν·

2266 3069 2428 3124 Ἔνθα
2458 3067 2736 3133 λελοιπὼς
2771 3072 3020 3148 στρατιὰν
3054 3073 3116 3129 οὑ
3150 3078 3396 3152 μετρίαν,

2265 3157 2360 3213 Καὶ
2394 3157 2787 3236 ταγματάρχας
2815 3161 2901 3217 καὶ
2936 3161 3178 3239 φύλακας
3203 3169 3486 3244 φρουρίου,

2082 3257 2224 3311 9050
2264 3255 2521 3326 Μανουὴλ
2553 3258 2640 3312 τὸν
2675 3259 2944 3334 Λάσκαριν
2972 3263 3062 3316 καὶ
3095 3265 3454 3341 Μαργαρίτην

2257 3345 2549 3422 Ἀγροῖκον
2575 3343 2740 3420 ἄνδρα
2767 3351 3017 3422 πιτύροις
3041 3354 3411 3428 τεθραμμένον

2258 3434 2354 3490 Ἐκ
2382 3435 2736 3512 Νεοκάστρων
2771 3437 2951 3513 σείρὰν
2981 3436 3214 3496 ἕλκοντα
3243 3444 3452 3518 γένους⁹

2258 3523 2356 3577 Καὶ
2387 3526 2716 3595 νουθετήσας
2745 3533 2879 3604 σφᾶς
2913 3525 3100 3585 δέοντα
3129 3532 3264 3606 πρὸς
3300 3534 3474 3610 μάχα,

2260 3613 2498 3670 Ἐκεῖθεν
2529 3613 2660 3691 ἄρας
2691 3614 3098 3688 Ἑλλήσποντον
3131 3617 3312 3680 διέϐη*

2077 3703 2219 3759 9055
2261 3704 2356 3757 Καὶ
2392 3705 2592 3774 σκηνὰς
2624 3704 2788 3760 αὐτοῦ
2817 3709 3046 3783 πηγνύει
3079 3710 3214 3786 πρὸς
3241 3714 3552 3788 Λαμψάκῳ,

2256 3794 2361 3850 Καὶ
2392 3795 2517 3857 τοὺς
2547 3796 2634 3872 ὑφ’
2669 3797 2832 3852 αὑτὸν
2865 3797 3036 3869 ἀξίαις
3069 3800 3388 3877 ὑπερτάταις

2252 3887 2415 3955 Τιμᾷ,
2446 3881 2683 3939 κυδαίνει
2719 3883 2924 3960 δωρεάς
2953 3909 3012 3942 τε
3036 3892 3350 3965 προσνέμει.

2252 3973 2521 4048 Γεώργιον
2560 3975 2655 4047 μὲν
2686 3975 3030 4045 Μουζάλωνα
3059 3980 3359 4054 τούπίκλην

2252 4058 2756 4139 Πρωτοϐεστιάριον
2788 4063 3119 4123 ἀναδεικνυει

2071 4159 2215 4214 9060
2257 4156 2711 4232 Πρωτοσεϐαο-τὸν
2736 4164 3218 4244 στρατοπεδάρχην
3251 4170 3439 4246 μέγαν·

2251 4247 2602 4324 Ἀνδρόνιλον
2629 4249 2687 4307 δὲ
2718 4253 2970 4329 σύγγονον
2999 4258 3197 4314 τούτου
3238 4259 3402 4316 πάλιν

2247 4339 2423 4414 Μέγαν
2451 4340 2834 4414 κατωνόμασεν
2868 4343 2916 4398 ἐν
2947 4341 3315 4419 δομεστίκοις·

2245 4429 2352 4485 Τὸν
2387 4429 2655 4506 ’Ἄγγελον
2689 4430 2747 4488 δὲ
2776 4439 3250 4515 πρωτοστράτωρα
3271 4439 3436 4496 πάλιν

2239 4520 2420 4574 Ταῦτα
2453 4517 2730 4594 δεδρακὼς
2765 4523 3022 4598 βασιλεὺς
3056 4527 3377 4607 ὑποστρέφει

2063 4606 2205 4662 9065
2244 4608 2385 4682 Πρὸς
2416 4609 2726 4682 βασιλείους
2751 4611 2878 4675 τοὺς
2909 4613 2960 4668 έν
2984 4618 3258 4694 Νυμφαίῳ
3291 4606 3501 4693 δόμους

2238 4698 2314 4754 Οὔ
2347 4694 2620 4775 διαγαγὼν
2653 4705 2972 4777 χειμερινὰς
3003 4707 3234 4782 ἡμέρας»

2237 4789 2405 4862 Ἥρης
2434 4788 2688 4865 φανέντος
2720 4793 2970 4867 στρατιὰν
3006 4795 3298 4861 συναλίσας

2233 4877 2616 4954 Μυριάριθμον
2641 4883 2868 4951 πεζικήν
2899 4884 2960 4937 οὗ
2993 4885 3216 4940 ἱππότιν

2231 4967 2439 5028 Μυσοῖς
2469 4971 2973 5045 συγκροτουμένην,
3002 4973 3260 5045 Σκύθαις,

2053 5056 2194 5110 9070
2236 5055 2488 5113 Μάλιστα
2509 5057 2724 5113 πάντων
2755 5061 3038 5136 Ῥωμαϊκῇ
3073 5061 3304 5134 πληθύϊ,

2224 5145 2314 5207 Ὠς
2339 5146 2476 5220 πρὸς
2503 5144 2655 5233 δύσιν.
2684 5145 2878 5204 ἔτεινεν
2907 5150 3141 5225 ὅρμημα
3169 5156 3408 5228 κράτωρ,

2227 5232 2324 5287 Καὶ
2355 5232 2655 5308 Λάμψακον
2687 5236 2954 5314 πέφθακεν
2989 5240 3450 5311 Ἑλλησποντίαν

2222 5324 2389 5386 Ἔνθα
2419 5344 2517 5398 περ
2546 5322 2682 5401 ἔγνω
2714 5329 3004 5403 συμῳορὰν
3036 5332 3453 5405 στρατευμάτων

2218 5411 2324 5466 Καὶ
2353 5417 2460 5467 τῶν
2496 5421 2810 5490 στρατηγῶν
2841 5422 2949 5472 τῶν
2983 5418 3036 5472 ὲν
3068 5417 3480 5498 Διδυμοτείχῳ.

2035 5501 2179 5558 9075
2221 5500 2368 5555 Ἐπεὶ
2398 5501 2498 5576 γὰρ
2531 5504 2670 5574 ἀπῆν
2706 5505 2963 5582 βασιλεὺς
2997 5511 3207 5585 μακρὰν
3233 5513 3429 5584 τόπου,

2210 5590 2270 5648 Ὁ
2300 5592 2685 5669 Βουλγαράναξ
2718 5595 2776 5652 ἐκ
2808 5597 3027 5652 Σκυθῶν
3062 5597 3351 5665 συναλίσας

3662 262 3779 346 {332
