4104 6204
319 313 432 371 333

503 431 770 497 Χιλιάδας
793 434 1077 508 τέτταρας,
1109 429 1216 486 εἴτε
1243 431 1334 486 καὶ
1365 429 1560 502 πλέον,

503 525 647 581 Κατᾶ
677 524 891 600 Θρᾴκης
921 521 1178 597 πέπομφε
1216 525 1440 596 χωρῶν,
1472 521 1675 577 ἀστέων
1708 540 1720 553 ⁸

500 616 567 673 Οἳ
600 615 737 689 πρὸς
771 615 1019 684 ποταμὸν
1050 612 1276 686 Ῥηγῖνα
1303 611 1624 686 κεχυμένοι,

314 709 457 763 9080
497 705 731 760 Ἀπαντ’
763 700 982 757 ἐποίουν
1019 701 1292 769 Σκυθικὴν
1321 699 1553 776 ἐρημίαν
1591 719 1604 733 ·

503 796 672 857 Ἔνθα
702 790 998 868 στρατηγοὶ
1031 796 1344 865 προσταγῆς
1376 789 1647 866 βασιλέως

500 883 611 938 Οὐκ
639 879 759 936 οἶδα
787 880 838 935 τί
868 879 1129 944 παθόντες
1159 877 1571 951 ἐκλελησμένοι,

502 975 794 1049 Ἐπαςριᾶσι
816 970 916 1039 τὴν
950 969 1200 1044 στρατιὰν
1233 974 1349 1030 τοῖς
1383 967 1615 1032 Σκύθαις
1651 987 1664 1000 ·

503 1061 827 1138 Συρῥηξεως
860 1057 954 1113 οὖν
984 1052 1270 1131 συμϐάσης
1303 1056 1600 1132 ἑκατέροις,

311 1157 458 1210 9085
497 1155 748 1209 Νικῶσαν
784 1149 1080 1224 ἠνέγκαντο
1116 1141 1402 1222 βαρϐάρων
1434 1145 1644 1224 στίφος⁹

499 1240 599 1297 Καὶ
631 1239 896 1294 κτείνεται
933 1238 1239 1311 στράτευμα
1268 1234 1554 1308 Ῥωμαίων
1588 1234 1726 1313 ξίφει
1762 1253 1774 1266 °

500 1327 812 1386 Ἀλίσκεται
845 1324 903 1381 δὲ
928 1327 1280 1402 Μαργαρίτης
1312 1331 1430 1388 τοῖς
1463 1326 1698 1387 Σκύθαις

498 1417 742 1479 Πολλοῖς
774 1415 987 1488 συναμα
1017 1413 1106 1468 καὶ
1138 1414 1498 1489 πιπράσκεται
1527 1415 1709 1493 σφίσιν
1744 1433 1758 1447 ·

496 1511 560 1561 Ὃ
589 1506 750 1580 γνοὺς
780 1507 807 1560 ὁ
838 1509 1049 1579 κρατῶν
1079 1505 1462 1578 καταταχήσας
1498 1501 1689 1578 δρόμῳ

314 1601 462 1656 9090
502 1594 953 1673 Βουλγαροφῦγῳ
983 1593 1352 1670 προσπελάζει
1383 1593 1627 1669 φρουρίῳ

496 1686 596 1742 Καί
623 1706 768 1744 τινας
800 1685 973 1760 εὑρὼν
1010 1679 1298 1760 βαρϐάρων
1327 1683 1378 1737 ἐν
1412 1683 1606 1757 Βιζύῃ,

494 1779 697 1852 Ἔργον
727 1776 936 1844 σπάθης
962 1774 1174 1844 τίθησιν
1209 1771 1403 1835 αὐτοὺς
1435 1773 1520 1827 καὶ
1556 1772 1761 1849 ξίφους,

500 1865 653 1935 [ιλήν
685 1858 1009 1919 καταΛαϐὼν
1039 1861 1131 1918 τὸν
1159 1863 1405 1935 ποταμὸν
1436 1863 1682 1938 Ῥηγῖνα,

500 1957 718 2024 Σκηνὰς
748 1953 861 2009 ἐκεῖ
889 1955 1126 2028 πήγνυσι
1159 1953 1247 2007 καὶ
1279 1950 1580 2028 παραμένει
1615 1969 1628 1982 ·

309 2049 458 2103 9095
496 2047 661 2102 Ἔνθα
692 2064 791 2118 περ
822 2044 996 2117 Οὖρον
1029 2044 1227 2097 Ῥὧσον
1256 2041 1647 2115 ὠνομασμένον

493 2135 604 2191 Τὸν
633 2133 875 2188 Παιόνων
907 2133 1159 2208 πέπομφε
1192 2131 1333 2207 ῥῆγα
1365 2133 1419 2204 (8
1459 2135 1473 2203 )
1509 2128 1750 2202 Μυσάναξ

497 2225 640 2299 Πρὸς
671 2223 763 2277 τὸν
793 2222 1112 2296 κρατάρχην
1145 2218 1423 2297 Θεόδωρον
1459 2219 1736 2288 Αὐσόνων,

497 2317 588 2376 Ὡς
619 2312 680 2367 ἂν
715 2312 1008 2388 ἐρωτήσειε
1032 2311 1096 2364 τά
1122 2311 1256 2376 πρὸς
1287 2304 1604 2382 συμϐάσεις.

497 2402 830 2479 Ἀφιγμένος
853 2403 984 2474 γοῦν
1017 2400 1218 2461 Ῥὢσος
1249 2400 1324 2461 ὡς
1358 2396 1589 2474 βασιλέα

303 2496 452 2551 9100
490 2495 584 2546 Ὧν
617 2489 877 2566 πενθερός
904 2510 968 2565 γε
1001 2486 1328 2564 Βουλγάρων
1360 2485 1679 2564 ἀρχηγέτου

493 2580 686 2641 Καλῶς
718 2577 916 2654 ἐδέχθη
959 2578 1048 2632 καὶ
1080 2576 1200 2633 λιαν
1234 2577 1609 2654 φιλοφρόνως,

494 2671 596 2727 Καὶ
628 2662 985 2740 συμϐιϐάσεις
1015 2665 1227 2722 ἐκτελεῖ
1253 2668 1342 2720 σὺν
1377 2666 1585 2740 ὁρκίοις
1621 2685 1632 2698 ·

489 2759 558 2816 Αἱ
589 2756 635 2812 δ’
665 2758 821 2825 ἦσαν,
857 2756 928 2817 ὡς
963 2756 1239 2825 Τζέπαινα
1267 2753 1554 2827 Ῥωμαίων
1584 2752 1766 2829 κράτει

487 2848 627 2922 Πρὸς
659 2847 988 2920 Βουλγάρων
1025 2847 1297 2920 ἄρχοντος
1330 2845 1501 2921 ἀφεθῇ
1533 2843 1698 2898 πάλιν
1737 2862 1750 2875 ’

300 2941 450 2997 9105
487 2937 712 2992 Τούτων
748 2933 964 3010 βασιλεῖ
991 2936 1128 2990 κατὰ
1156 2938 1282 2989 νοῦν
1310 2928 1731 3008 πεπραγμένων,

489 3029 657 3100 Ἄρας
692 3023 914 3093 ἐκεῖθεν,
948 3023 1350 3095 Θεσσαλονίκην
1390 3022 1604 3097 βλέπει,

479 3119 666 3190 Ἐχων
705 3115 821 3188 μεθ’
850 3113 1014 3169 αὐτοῦ
1043 3113 1133 3168 καὶ
1164 3112 1398 3188 Μιχαὴλ
1425 3108 1688 3168 δεσπότου

486 3205 754 3258 Σύνευνον
789 3203 899 3275 ἅμα
930 3201 1177 3280 φιλτάτῳ
1207 3203 1536 3277 Νικηφὸρῳ,

486 3291 950 3366 Ὀδοιποροῦντας
980 3291 1054 3351 εἷς
1086 3289 1389 3366 περάτωσιν
1418 3291 1630 3364 γάμων.

293 3387 445 3440 9110
486 3385 721 3440 ’Ἠνυστο
753 3379 934 3434 τοίνυν
964 3379 1030 3434 τά
1055 3384 1160 3434 τῶν
1187 3381 1378 3455 γάμων
1411 3379 1485 3442 ὡς
1516 3377 1634 3433 δέον
1666 3398 1679 3412 ·

481 3468 655 3526 Παῑδα
685 3471 1000 3545 κρατάρχου
1031 3467 1243 3541 Μαρίαν
1277 3467 1592 3543 Νικηφόρος

479 3561 630 3617 Κατὰ
659 3559 863 3631 νόμους
896 3559 1044 3633 σχὼν
1077 3559 1152 3619 εἲς
1185 3559 1368 3633 γάμου
1397 3556 1708 3614 κοινωνίαν.

490 3651 641 3718 Πλὴν
676 3647 906 3722 πρόσθεν
934 3647 1196 3702 ἀπέλυσεν
1233 3645 1482 3701 Αὐσόνων
1507 3647 1692 3721 κράτει

493 3734 697 3816 Σέρϐια
729 3736 1035 3813 Δυρῥάχιον
1074 3737 1228 3798 οὗτος
1260 3733 1529 3804 δεσπότης

290 3831 444 3886 9115
485 3828 612 3902 Περὶ
642 3826 902 3902 γυναικὸτ
932 3824 1151 3881 δειλιῶν
1184 3827 1271 3880 καὶ
1307 3823 1569 3902 φιλτάτου
1606 3843 1620 3860 ο

485 3919 570 3974 Ἐν
594 3913 786 3972 τοῖσδε
815 3912 1098 3990 διάγοντος
1130 3912 1358 3976 ἄνακτος
1389 3914 1532 3984 τότε,

491 4007 710 4080 Γραφήν
743 4024 828 4066 τις
861 4002 1204 4080 έκπέπομφέν
1235 4003 1286 4057 οὶ
1321 4002 1608 4066 Βιθυνόθεν

493 4095 802 4164 Διεξιοῦσαν
836 4093 909 4153 ὡς
941 4089 1251 4165 ἀποδράσας
1285 4089 1401 4166 ἔχει

485 4183 621 4256 Πρὸς
657 4181 921 4255 Περσίδος
950 4187 1053 4256 γῆν
1084 4179 1304 4258 ἡγεμὼν
1339 4177 1558 4236 Βιθυνία

293 4275 450 4329 9Ι20
491 4269 872 4345 Ηαλαιολόγος
906 4269 1138 4344 Μιχαὴλ
1168 4269 1579 4340 Κομνηνὸπαις.

488 4361 643 4414 Τοῦτ’
676 4361 914 4429 ἀνακυκᾷ
941 4357 1168 4434 καρδίαν
1205 4357 1476 4433 βασιλέως
1511 4374 1524 4388 '

487 4450 681 4521 Ὅμως
710 4449 888 4503 ἀπιὼν
924 4447 976 4502 ἐν
1009 4451 1150 4525 φυγῇ
1183 4447 1318 4523 πρὸς
1350 4443 1586 4520 Περσίδα

491 4539 705 4612 Γράμμ⁹
740 4537 1058 4613 ἐγχαράττει
1090 4534 1420 4610 προστάταις
1454 4534 1713 4598 Βιθυνίας

493 4628 580 4681 Ἐν
613 4627 957 4704 ὑπογραραῖς
978 4625 1302 4702 ἀσφαλισθέν
1334 4621 1500 4685 ἰδίαις
1535 4641 1548 4655 ·

292 4719 453 4774 9125
495 4719 821 4790 Διαγορεῦον
857 4716 932 4776 ὡς
961 4716 1200 4775 Ἐκείνος
1237 4714 1328 4785 μὶν
1361 4715 1507 4786 τάχα

493 4803 693 4878 Φεῦγει
727 4800 920 4865 δεδιὼς
955 4805 1055 4871 τήν
1089 4797 1269 4858 σϐέσιν
1301 4807 1407 4856 τῶν
1443 4801 1707 4875 ὀμμάτων
1739 4818 1754 4834 ·

490 4893 659 4949 Αὐτοὶ
691 4889 737 4945 δ’
771 4890 961 4966 ἔχεσθε
987 4896 1262 4968 νουνεχῶς
1289 4890 1396 4946 τῶν
1430 4889 1791 4965 πραγμάτων.

491 4981 602 5039 Καί
630 4981 801 5037 πάντα
834 4980 1158 5058 δρᾶτεπρὸς
1184 4981 1434 5059 φυλακην
1465 4981 1668 5035 ἀστέων

492 5074 690 5147 Χώρας
722 5092 780 5125 τε
811 5069 1036 5141 λοιπῆς,
1063 5071 1217 5147 φησὶ,
1252 5071 1338 5125 καὶ
1373 5069 1810 5142 στρατευμάτων.

285 5167 446 5222 9130
491 5161 663 5219 Τουτῖ
692 5161 952 5233 κομισθὲν
982 5161 1071 5214 τὸν
1105 5161 1422 5236 κρατάρχην
1456 5155 1645 5228 ἡδύνει
1681 5178 1693 5190 ·

495 5248 655 5318 Πλήν
686 5246 892 5311 διαθεὶς
928 5251 984 5303 εὖ
1014 5251 1079 5303 τά
1109 5251 1225 5302 καθ’
1251 5248 1477 5324 ἑσπέραν
1509 5249 1657 5319 ἄναξ,

413 5396 416 5397 ν
493 5339 650 5396 Μετὰ
681 5344 934 5413 στρατιᾶς
968 5338 1213 5414 ἐκτρέχει
1246 5339 1381 5412 πρὸς
1411 5339 1510 5406 τήν
1542 5333 1616 5390 ἕω

497 5428 686 5482 Λιπὼν
717 5427 1057 5504 στρατηγοὺς
1088 5428 1226 5482 κατᾶ
1256 5425 1658 5496 Θεσσαλονίκην

1854 307 2219 364 ΟΒΒΔΒΕΒ.

2005 433 2062 500 Α
2092 431 2256 490 milia
2282 433 2462 491 ferme
2489 435 2746 504 quatuor
2773 436 2874 490 aut
2893 435 3068 494 etiam
3101 438 3276 512 plura

2083 539 2186 593 per
2213 523 2469 580 Thraciae
2499 523 2751 579 immisit
2778 528 2964 581 terras
2996 530 3172 600 atque
3197 529 3371 587 urbes
3397 547 3410 587 :

2080 613 2180 683 qui
2212 614 2364 669 circa
2394 614 2636 685 ﬂumen,
2669 614 2763 670 cui
2794 632 3005 673 nomen
3038 619 3278 690 Regina,

2077 701 2208 773 vagi
2240 702 2503 774 palantes
2534 703 2734 760 omnia
2754 708 3230 780 corrumpebant.

2078 791 2238 846 Tunc
2271 793 2456 848 nostri
2487 793 2686 864 duces,
2720 794 2968 852 Caesaris
3000 798 3276 856 mandato

2079 880 2275 937 nescio
2306 897 2418 952 quo
2444 887 2611 952 pacto
2642 883 2917 940 oblivioni
2952 888 3181 956 tradito,

2080 987 2214 1026 cum
2248 972 2372 1026 suis
2403 971 2587 1043 copiis
2620 974 3044 1045 aggrediuntur
3063 977 3348 1050 Scythas:

2079 1065 2136 1116 et
2156 1061 2281 1131 jam
2313 1061 2590 1134 utrinque
2622 1063 2802 1120 armis
2835 1067 3350 1138 concurrentibus,

2076 1149 2326 1206 barbara
2357 1150 2614 1222 phalanx
2642 1152 2842 1208 retulit
2870 1153 3196 1225 victoriam,

2079 1255 2380 1310 eassusque
2412 1245 2612 1296 noster
2641 1241 2752 1296 fuit
2779 1241 2973 1313 gladio
3005 1245 3294 1303 exercitus
3320 1262 3332 1300 :

2078 1328 2204 1400 ipse
2234 1330 2376 1399 quin
2409 1329 2584 1384 etiam
2611 1332 2956 1403 Margarites
2989 1334 3223 1406 capitur

2078 1433 2212 1472 cum
2245 1416 2378 1473 aliis
2409 1418 2634 1485 multis,
2665 1424 2841 1491 atque
2872 1439 2906 1476 a
2934 1422 3165 1494 Scythis
3195 1424 3488 1482 venditur.

2077 1505 2266 1562 Caesar
2297 1523 2357 1563 re
2381 1508 2635 1580 cognita,
2672 1509 2928 1566 subditis
2959 1511 3289 1569 calcaribus

2078 1596 2151 1650 ad
2181 1611 2376 1650 arcem
2408 1596 2924 1670 Bulgarophygum
2957 1602 3213 1657 accurrit
3246 1603 3452 1660 statim
3480 1621 3493 1661 :

2080 1684 2378 1757 Byziaaque
2410 1689 2617 1742 nactus
2647 1686 2984 1758 aliquantos
3010 1690 3312 1762 barbaros,

2001 1790 2049 1855 Β
2080 1775 2380 1833 occidione
2405 1792 2608 1833 omnes
2640 1776 2836 1849 gladio
2867 1779 3101 1836 occidit.

2081 1865 2290 1921 Verum
2323 1880 2672 1936 progressus
2704 1868 2774 1922 ad
2810 1867 3094 1940 Reginam
3126 1871 3393 1944 ﬂuvium,

2076 1953 2392 2009 tentorium
2421 1953 2502 2008 ibi
2535 1955 2678 2023 ﬁxit,
2711 1960 2885 2028 atque
2917 1959 3204 2015 substitit.

2077 2043 2264 2113 Atque
2289 2042 2428 2099 illuc
2460 2047 2641 2099 Urum
2675 2052 3060 2118 cognomento
3088 2055 3313 2105 Rasum

2076 2131 2319 2187 Paeoniae
2351 2147 2544 2203 regem
2578 2133 2739 2190 misit
2772 2152 2868 2191 rex
2898 2137 3245 2210 Bulgaricus

2075 2220 2146 2274 ad
2179 2224 2500 2276 Romanum
2527 2220 2811 2279 Caesarem
2843 2223 3215 2282 Theodorum

2079 2314 2141 2364 ut
2175 2311 2246 2364 de
2281 2309 2632 2382 integranda
2663 2329 2806 2384 pace
2834 2314 3010 2370 verba
3036 2315 3271 2373 faceret.

2074 2398 2488 2470 Imperatorem
2519 2399 2701 2472 igitur
2731 2403 3080 2460 conveniens
3110 2405 3321 2474 Rosus,

2075 2487 2175 2558 qui
2205 2503 2370 2542 socer
2401 2491 2526 2544 erat
2557 2491 2881 2561 regnatoris
2913 2491 3172 2564 Bulgari,

2074 2581 2340 2632 amanter
2361 2581 2450 2632 est
2477 2583 2755 2650 exceptus
2787 2585 2844 2635 et
2875 2581 3219 2653 honoriﬁce,

2067 2667 2390 2736 juratzeque
2422 2665 2584 2737 pacis
2614 2672 2756 2723 sunt
2785 2669 3150 2726 conditiones

2074 2771 2285 2825 nempe
2317 2759 2382 2809 ut
2412 2755 2672 2811 Romano
2705 2759 3042 2829 Tzepmnam
3083 2759 3330 2833 imperio

2074 2860 2172 2900 rex
2198 2843 2586 2915 Bulgarorum
2622 2845 2812 2902 denuo
2844 2850 3208 2905 concederet.

2074 2936 2195 2999 Qua
2226 2950 2286 2989 re
2317 2938 2550 3004 peracta
2580 2951 2648 2991 ex
2678 2937 2859 2992 animi
2892 2938 3206 3010 sententia,

2069 3022 2548 3078 Thessalonicam
2580 3023 2743 3078 illinc
2769 3025 2962 3081 Caesar
2989 3027 3168 3096 venit,

1985 3146 2031 3210 ο
2071 3112 2323 3181 despotaa
2355 3127 2592 3182 quoque
2624 3112 2929 3169 Michaelis
2957 3114 3186 3210 habens

2069 3200 2129 3255 in
2161 3199 2442 3256 comitatu
2476 3215 2716 3255 uxorem
2748 3217 2882 3258 cum
2915 3201 3031 3258 ﬁlio
3063 3219 3170 3258 suo

2064 3290 2136 3346 ob
2169 3289 2531 3361 peragendae
2563 3289 2801 3361 nuptias
2831 3291 3176 3363 Nicephoro.

2065 3381 2212 3450 Ergo
2243 3379 2584 3450 nuptiarum
2627 3378 2959 3436 celebratur
2990 3381 3160 3450 ritus,

2064 3467 2305 3525 Caesaris
2336 3467 2519 3524 ﬁliam
2554 3469 2795 3524 Mariam
2825 3468 3189 3542 Nicephorus

2052 3558 2326 3631 legitimo
2359 3557 2632 3630 conjugio
2666 3557 2778 3614 sibi
2809 3559 3063 3630 copulat.

2064 3649 2250 3704 Antea
2280 3653 2477 3703 tamen
2511 3651 2769 3702 cesserat
2796 3646 3044 3719 imperio

2069 3741 2269 3793 nostro
2304 3736 2686 3810 Dyrrachium
2719 3736 3176 3810 Serviorumque
3196 3743 3457 3796 castrum

2069 3826 2315 3897 despota
2347 3825 2508 3880 uxori
2545 3825 2780 3898 ﬁlioque
2816 3827 3055 3883 timens.

2069 3915 2219 3970 Dum
2239 3913 2300 3968 in
2331 3913 2440 3969 hoc
2469 3914 2662 3970 Caasar
2690 3919 2964 3971 versatur
2991 3915 3224 3988 negotio

2073 4003 2285 4074 accipit
2315 4002 2542 4058 litteras
2576 4003 2793 4060 missas
2819 4021 2890 4060 ex
2917 4005 3186 4078 Bithynia

2071 4091 2470 4165 signiﬁcantes
2501 4092 2834 4163 profugisse
2866 4094 2936 4148 ad
2970 4094 3189 4151 Turcas

2076 4180 2358 4254 Bithyniae
2382 4185 2666 4236 rectorem
2700 4181 3092 4256 Palaeologum

2074 4269 2416 4326 Michaelem
2449 4270 2619 4326 illum
2651 4271 2966 4328 Comnenis
2994 4277 3236 4331 natum:

2075 4376 2202 4431 quae
2227 4375 2318 4415 res
2349 4360 2606 4416 turbavit
2633 4361 3002 4432 imperatoris
3029 4363 3317 4420 animum.

2076 4450 2220 4503 Cum
2252 4446 2349 4504 ille
2380 4453 2577 4504 tamen
2615 4449 2687 4504 ad
2717 4452 2937 4506 Turcas
2969 4451 3325 4525 profugeret,

1992 4513 2045 4576 D
2077 4536 2354 4593 schedam
2386 4537 2670 4611 Bithyniae
2703 4537 2941 4610 scripsit
2967 4513 3417 4612 magistratibus

2081 4642 2260 4695 quam
2292 4627 2526 4698 propria
2560 4643 2741 4683 manu
2772 4628 3152 4686 subscribens
3186 4631 3476 4689 ﬁrmavit:

2081 4715 2446 4787 signiﬁcans,
2481 4733 2542 4772 se
2574 4717 2812 4788 quidem
2846 4722 3135 4776 extorrem
3167 4721 3278 4788 ire,

2081 4820 2152 4859 ne
2179 4809 2476 4877 pateretur
2506 4805 2809 4863 oculorum
2841 4809 3126 4866 damnum
3155 4831 3169 4880 ;

2082 4898 2354 4950 caeterum
2388 4895 2501 4966 ipsi
2536 4911 2660 4951 rem
2694 4898 3015 4968 prudenter
3041 4903 3336 4970 gererent,

2081 4987 2138 5036 et
2167 4982 2531 5038 custodirent
2559 4984 2766 5040 sedulo
2797 4986 3085 5042 civitates.

2083 5070 2564 5142 provinciamque
2594 5078 2652 5128 et
2681 5073 2898 5130 milites
2924 5081 3076 5132 recte
3108 5085 3401 5150 regerent.

2083 5161 2220 5226 Quae
2249 5175 2342 5214 res
2373 5162 2643 5218 nuntiata
2671 5163 3011 5235 imperatori
3044 5165 3274 5238 placuit
3300 5186 3314 5224 :

2073 5249 2319 5320 jamque
2351 5250 2635 5307 ordinatis
2667 5251 2726 5307 in
2757 5253 3061 5311 occidente
3093 5257 3295 5326 rebus,

2080 5338 2150 5392 ad
2179 5337 2462 5395 orientem
2492 5357 2620 5396 cum
2658 5341 2823 5397 mlite
2851 5344 3128 5415 excurrit,

2081 5426 2281 5484 relicto
2313 5430 2460 5485 duce
2491 5430 2924 5488 Thessalonicae

3634 317 3741 373 334

383 5575 505 5647 (85)
549 5574 692 5631 Falli
765 5576 999 5631 videtur
1057 5574 1448 5647 Ephraemius.
1489 5571 1824 5644 Acropoltia
1869 5571 2026 5629 enim
2089 5573 2230 5630 dicit
2276 5575 2434 5633 hunc
2494 5576 2674 5634 Urum
2737 5577 2999 5650 Ungaria
3055 5579 3211 5651 regis
3265 5597 3567 5654 generum,
3621 5600 3736 5643 non

315 5663 552 5721 regem.
