  <div class='ocr_page' id='page_1' title='image "/cluster/home/n/w/nwhite01/storage/ocr_20150623/143/hvd.32044073502585/173.png"; bbox 0 0 4104 6204; ppageno 0'>
   <div class='ocr_carea' id='block_1_1' title="bbox 371 319 1992 380">
    <p class='ocr_par' dir='ltr' id='par_1_1' title="bbox 371 321 1973 380">
     <span class='ocr_line' id='line_1_1' title="bbox 371 321 1973 380; baseline -0.004 0"><span class='ocrx_word' id='word_1_1' title='bbox 371 323 482 380; x_wconf 86' lang='grc'>335</span> <span class='ocrx_word' id='word_1_2' title='bbox 1601 321 1973 377; x_wconf 72' lang='grc' dir='ltr'>ΕΙἮΒΕΜΠ</span> 
     </span>
    </p>
   </div>
   <div class='ocr_carea' id='block_1_2' title="bbox 961 319 2582 380">
    <p class='ocr_par' dir='ltr' id='par_1_2' title="bbox 1601 319 2582 377">
     <span class='ocr_line' id='line_1_2' title="bbox 1601 319 2582 377; baseline -0.004 -1"><span class='ocrx_word' id='word_1_3' title='bbox 1601 321 1973 377; x_wconf 72' lang='grc' dir='ltr'>ΕΙἮΒΕΜΠ</span> <span class='ocrx_word' id='word_1_4' title='bbox 2012 319 2582 375; x_wconf 74' lang='lat' dir='ltr'>CHRONOGRAPHI</span> 
     </span>
    </p>
   </div>
   <div class='ocr_carea' id='block_1_3' title="bbox 370 442 1392 511">
    <p class='ocr_par' dir='ltr' id='par_1_3' title="bbox 370 442 1392 511">
     <span class='ocr_line' id='line_1_3' title="bbox 370 442 1392 511; baseline -0.003 -5"><span class='ocrx_word' id='word_1_5' title='bbox 370 446 605 506; x_wconf 83' lang='lat' dir='ltr'>Lascari</span> <span class='ocrx_word' id='word_1_6' title='bbox 638 443 928 502; x_wconf 81' lang='lat' dir='ltr'>Michaele</span> <span class='ocrx_word' id='word_1_7' title='bbox 959 442 1082 500; x_wconf 89' lang='lat' dir='ltr'>viro</span> <span class='ocrx_word' id='word_1_8' title='bbox 1113 446 1392 511; x_wconf 69' lang='lat' dir='ltr'>strenuo,</span> 
     </span>
    </p>
   </div>
   <div class='ocr_carea' id='block_1_4' title="bbox 363 531 1320 608">
    <p class='ocr_par' dir='ltr' id='par_1_4' title="bbox 363 531 1320 608">
     <span class='ocr_line' id='line_1_4' title="bbox 363 531 1320 608; baseline -0.007 -14"><span class='ocrx_word' id='word_1_9' title='bbox 363 535 588 608; x_wconf 90' lang='lat' dir='ltr'>Prilapi</span> <span class='ocrx_word' id='word_1_10' title='bbox 619 536 816 589; x_wconf 87' lang='lat' dir='ltr'>autem</span> <span class='ocrx_word' id='word_1_11' title='bbox 848 532 1111 588; x_wconf 89' lang='lat' dir='ltr'>Scuterio</span> <span class='ocrx_word' id='word_1_12' title='bbox 1143 531 1320 605; x_wconf 78' lang='lat' dir='ltr'>Xylea</span> 
     </span>
    </p>
   </div>
   <div class='ocr_carea' id='block_1_5' title="bbox 369 621 1487 697">
    <p class='ocr_par' dir='ltr' id='par_1_5' title="bbox 369 621 1487 697">
     <span class='ocr_line' id='line_1_5' title="bbox 369 621 1487 697; baseline -0.006 -14"><span class='ocrx_word' id='word_1_13' title='bbox 369 639 695 697; x_wconf 85' lang='lat' dir='ltr'>congruum</span> <span class='ocrx_word' id='word_1_14' title='bbox 729 621 841 678; x_wconf 83' lang='lat' dir='ltr'>sibi</span> <span class='ocrx_word' id='word_1_15' title='bbox 873 637 1197 693; x_wconf 84' lang='lat' dir='ltr'>cognomen</span> <span class='ocrx_word' id='word_1_16' title='bbox 1230 625 1487 692; x_wconf 79' lang='lat' dir='ltr'>gerente.</span> 
     </span>
    </p>
   </div>
   <div class='ocr_carea' id='block_1_6' title="bbox 371 709 1511 782">
    <p class='ocr_par' dir='ltr' id='par_1_6' title="bbox 371 709 1511 782">
     <span class='ocr_line' id='line_1_6' title="bbox 371 709 1511 782; baseline -0.003 -13"><span class='ocrx_word' id='word_1_17' title='bbox 371 713 605 770; x_wconf 90' lang='lat' dir='ltr'>Belesso</span> <span class='ocrx_word' id='word_1_18' title='bbox 637 710 918 782; x_wconf 83' lang='lat' dir='ltr'>imposuit</span> <span class='ocrx_word' id='word_1_19' title='bbox 947 709 1213 781; x_wconf 87' lang='lat' dir='ltr'>locisque</span> <span class='ocrx_word' id='word_1_20' title='bbox 1242 709 1511 766; x_wconf 85' lang='lat' dir='ltr'>ﬁnitimis</span> 
     </span>
    </p>
   </div>
   <div class='ocr_carea' id='block_1_7' title="bbox 368 799 1536 871">
    <p class='ocr_par' dir='ltr' id='par_1_7' title="bbox 368 799 1536 871">
     <span class='ocr_line' id='line_1_7' title="bbox 368 799 1536 871; baseline -0.003 -13"><span class='ocrx_word' id='word_1_21' title='bbox 368 801 672 858; x_wconf 73' lang='lat' dir='ltr'>custodem</span> <span class='ocrx_word' id='word_1_22' title='bbox 703 800 1075 856; x_wconf 90' lang='lat' dir='ltr'>Theodorum</span> <span class='ocrx_word' id='word_1_23' title='bbox 1106 799 1536 871; x_wconf 88' lang='lat' dir='ltr'>Calampacem.</span> 
     </span>
    </p>
   </div>
   <div class='ocr_carea' id='block_1_8' title="bbox 362 887 1555 962">
    <p class='ocr_par' dir='ltr' id='par_1_8' title="bbox 362 887 1555 962">
     <span class='ocr_line' id='line_1_8' title="bbox 362 887 1555 962; baseline -0.002 -17"><span class='ocrx_word' id='word_1_24' title='bbox 362 889 631 962; x_wconf 82' lang='lat' dir='ltr'>Illyrium</span> <span class='ocrx_word' id='word_1_25' title='bbox 664 888 919 960; x_wconf 88' lang='lat' dir='ltr'>denique</span> <span class='ocrx_word' id='word_1_26' title='bbox 945 887 1272 944; x_wconf 87' lang='lat' dir='ltr'>Chabaroni</span> <span class='ocrx_word' id='word_1_27' title='bbox 1295 888 1555 944; x_wconf 89' lang='lat' dir='ltr'>tradidit.</span> 
     </span>
    </p>
   </div>
   <div class='ocr_carea' id='block_1_9' title="bbox 362 977 1519 1050">
    <p class='ocr_par' dir='ltr' id='par_1_9' title="bbox 362 977 1519 1050">
     <span class='ocr_line' id='line_1_9' title="bbox 362 977 1519 1050; baseline -0.002 -16"><span class='ocrx_word' id='word_1_28' title='bbox 362 977 466 1035; x_wconf 89' lang='lat' dir='ltr'>His</span> <span class='ocrx_word' id='word_1_29' title='bbox 497 994 698 1050; x_wconf 82' lang='lat' dir='ltr'>super,</span> <span class='ocrx_word' id='word_1_30' title='bbox 726 994 962 1034; x_wconf 89' lang='lat' dir='ltr'>summo</span> <span class='ocrx_word' id='word_1_31' title='bbox 995 977 1304 1050; x_wconf 80' lang='lat' dir='ltr'>dignitatis</span> <span class='ocrx_word' id='word_1_32' title='bbox 1337 977 1519 1048; x_wconf 83' lang='lat' dir='ltr'>apice,</span> 
     </span>
    </p>
   </div>
   <div class='ocr_carea' id='block_1_10' title="bbox 364 1067 1433 1141">
    <p class='ocr_par' dir='ltr' id='par_1_10' title="bbox 364 1067 1433 1141">
     <span class='ocr_line' id='line_1_10' title="bbox 364 1067 1433 1141; baseline -0.005 -14"><span class='ocrx_word' id='word_1_33' title='bbox 364 1069 674 1127; x_wconf 86' lang='lat' dir='ltr'>constituit</span> <span class='ocrx_word' id='word_1_34' title='bbox 702 1068 1018 1141; x_wconf 85' lang='lat' dir='ltr'>Georgium</span> <span class='ocrx_word' id='word_1_35' title='bbox 1051 1067 1433 1140; x_wconf 90' lang='lat' dir='ltr'>acropolitam</span> 
     </span>
    </p>
   </div>
   <div class='ocr_carea' id='block_1_11' title="bbox 361 1157 1478 1232">
    <p class='ocr_par' dir='ltr' id='par_1_11' title="bbox 361 1157 1478 1232">
     <span class='ocr_line' id='line_1_11' title="bbox 361 1157 1478 1232; baseline -0.003 -16"><span class='ocrx_word' id='word_1_36' title='bbox 361 1158 630 1232; x_wconf 69' lang='lat' dir='ltr'>praetoris</span> <span class='ocrx_word' id='word_1_37' title='bbox 651 1157 818 1214; x_wconf 91' lang='lat' dir='ltr'>titulo</span> <span class='ocrx_word' id='word_1_38' title='bbox 851 1157 1080 1228; x_wconf 89' lang='lat' dir='ltr'>pridem</span> <span class='ocrx_word' id='word_1_39' title='bbox 1112 1161 1478 1213; x_wconf 86' lang='lat' dir='ltr'>exornatum.</span> 
     </span>
    </p>
   </div>
   <div class='ocr_carea' id='block_1_12' title="bbox 361 1245 1553 1321">
    <p class='ocr_par' dir='ltr' id='par_1_12' title="bbox 361 1245 1553 1321">
     <span class='ocr_line' id='line_1_12' title="bbox 361 1245 1553 1321; baseline -0.003 -17"><span class='ocrx_word' id='word_1_40' title='bbox 361 1248 647 1321; x_wconf 84' lang='lat' dir='ltr'>Georgius</span> <span class='ocrx_word' id='word_1_41' title='bbox 679 1246 774 1303; x_wconf 91' lang='lat' dir='ltr'>hic</span> <span class='ocrx_word' id='word_1_42' title='bbox 805 1246 1054 1303; x_wconf 87' lang='lat' dir='ltr'>contulit</span> <span class='ocrx_word' id='word_1_43' title='bbox 1085 1264 1146 1302; x_wconf 92' lang='lat' dir='ltr'>se</span> <span class='ocrx_word' id='word_1_44' title='bbox 1178 1245 1553 1316; x_wconf 89' lang='lat' dir='ltr'>Berrhoeam,</span> 
     </span>
    </p>
   </div>
   <div class='ocr_carea' id='block_1_13' title="bbox 365 1335 1526 1411">
    <p class='ocr_par' dir='ltr' id='par_1_13' title="bbox 365 1335 1526 1411">
     <span class='ocr_line' id='line_1_13' title="bbox 365 1335 1526 1411; baseline -0.003 -18"><span class='ocrx_word' id='word_1_45' title='bbox 365 1337 465 1394; x_wconf 88' lang='lat' dir='ltr'>ubi</span> <span class='ocrx_word' id='word_1_46' title='bbox 494 1337 916 1411; x_wconf 74' lang='lat' dir='ltr'>exspectabant</span> <span class='ocrx_word' id='word_1_47' title='bbox 949 1353 1082 1393; x_wconf 92' lang='lat' dir='ltr'>eum</span> <span class='ocrx_word' id='word_1_48' title='bbox 1116 1335 1294 1408; x_wconf 87' lang='lat' dir='ltr'>legati</span> <span class='ocrx_word' id='word_1_49' title='bbox 1326 1353 1486 1409; x_wconf 85' lang='lat' dir='ltr'>papae</span> <span class='ocrx_word' id='word_1_50' title='bbox 1513 1352 1526 1390; x_wconf 90' lang='lat'><strong>:</strong></span> 
     </span>
    </p>
   </div>
   <div class='ocr_carea' id='block_1_14' title="bbox 364 1422 1714 1499">
    <p class='ocr_par' dir='ltr' id='par_1_14' title="bbox 364 1422 1714 1499">
     <span class='ocr_line' id='line_1_14' title="bbox 364 1422 1714 1499; baseline -0.004 -16"><span class='ocrx_word' id='word_1_51' title='bbox 364 1425 721 1499; x_wconf 89' lang='lat' dir='ltr'>quibuscum</span> <span class='ocrx_word' id='word_1_52' title='bbox 756 1442 823 1481; x_wconf 84' lang='lat' dir='ltr'>ex</span> <span class='ocrx_word' id='word_1_53' title='bbox 852 1425 1144 1481; x_wconf 85' lang='lat' dir='ltr'>sententia</span> <span class='ocrx_word' id='word_1_54' title='bbox 1176 1425 1474 1496; x_wconf 88' lang='lat' dir='ltr'>negotium</span> <span class='ocrx_word' id='word_1_55' title='bbox 1508 1422 1714 1495; x_wconf 86' lang='lat' dir='ltr'>gessit,</span> 
     </span>
    </p>
   </div>
   <div class='ocr_carea' id='block_1_15' title="bbox 363 1513 1521 1588">
    <p class='ocr_par' dir='ltr' id='par_1_15' title="bbox 363 1513 1521 1588">
     <span class='ocr_line' id='line_1_15' title="bbox 363 1513 1521 1588; baseline -0.004 -16"><span class='ocrx_word' id='word_1_56' title='bbox 363 1532 580 1588; x_wconf 89' lang='lat' dir='ltr'>eosque</span> <span class='ocrx_word' id='word_1_57' title='bbox 605 1514 877 1587; x_wconf 90' lang='lat' dir='ltr'>posthinc</span> <span class='ocrx_word' id='word_1_58' title='bbox 908 1514 1133 1570; x_wconf 90' lang='lat' dir='ltr'>dimisit</span> <span class='ocrx_word' id='word_1_59' title='bbox 1162 1513 1220 1567; x_wconf 90' lang='lat' dir='ltr'>in</span> <span class='ocrx_word' id='word_1_60' title='bbox 1250 1513 1521 1585; x_wconf 88' lang='lat' dir='ltr'>patriam.</span> 
     </span>
    </p>
   </div>
   <div class='ocr_carea' id='block_1_16' title="bbox 361 1602 1644 1670">
    <p class='ocr_par' dir='ltr' id='par_1_16' title="bbox 361 1602 1644 1670">
     <span class='ocr_line' id='line_1_16' title="bbox 361 1602 1644 1670; baseline -0.002 -10"><span class='ocrx_word' id='word_1_61' title='bbox 361 1603 586 1660; x_wconf 86' lang='lat' dir='ltr'>Deinde</span> <span class='ocrx_word' id='word_1_62' title='bbox 617 1604 864 1660; x_wconf 87' lang='lat' dir='ltr'>accessit</span> <span class='ocrx_word' id='word_1_63' title='bbox 896 1604 966 1658; x_wconf 89' lang='lat' dir='ltr'>ad</span> <span class='ocrx_word' id='word_1_64' title='bbox 996 1602 1331 1658; x_wconf 88' lang='lat' dir='ltr'>Serviorum</span> <span class='ocrx_word' id='word_1_65' title='bbox 1364 1606 1644 1670; x_wconf 87' lang='lat' dir='ltr'>castrum,</span> 
     </span>
    </p>
   </div>
   <div class='ocr_carea' id='block_1_17' title="bbox 285 1691 1382 1767">
    <p class='ocr_par' dir='ltr' id='par_1_17' title="bbox 285 1691 1382 1767">
     <span class='ocr_line' id='line_1_17' title="bbox 285 1691 1382 1767; baseline -0.008 -13"><span class='ocrx_word' id='word_1_66' title='bbox 285 1751 288 1754; x_wconf 29' lang='grc' dir='ltr'>ί</span> <span class='ocrx_word' id='word_1_67' title='bbox 364 1692 826 1767; x_wconf 72' lang='lat' dir='ltr'>prteteriensque</span> <span class='ocrx_word' id='word_1_68' title='bbox 856 1692 1069 1764; x_wconf 86' lang='lat' dir='ltr'>oppido</span> <span class='ocrx_word' id='word_1_69' title='bbox 1102 1691 1382 1760; x_wconf 86' lang='lat' dir='ltr'>Castoria,</span> 
     </span>
    </p>
   </div>
   <div class='ocr_carea' id='block_1_18' title="bbox 361 1779 1629 1854">
    <p class='ocr_par' dir='ltr' id='par_1_18' title="bbox 361 1779 1629 1854">
     <span class='ocr_line' id='line_1_18' title="bbox 361 1779 1629 1854; baseline -0.002 -17"><span class='ocrx_word' id='word_1_70' title='bbox 361 1797 466 1854; x_wconf 91' lang='lat' dir='ltr'>per</span> <span class='ocrx_word' id='word_1_71' title='bbox 491 1782 704 1837; x_wconf 89' lang='lat' dir='ltr'>Achrin</span> <span class='ocrx_word' id='word_1_72' title='bbox 737 1782 848 1836; x_wconf 85' lang='lat' dir='ltr'>iter</span> <span class='ocrx_word' id='word_1_73' title='bbox 881 1780 1100 1836; x_wconf 82' lang='lat' dir='ltr'>faciens</span> <span class='ocrx_word' id='word_1_74' title='bbox 1133 1779 1424 1836; x_wconf 83' lang='lat' dir='ltr'>Albanum</span> <span class='ocrx_word' id='word_1_75' title='bbox 1451 1780 1629 1847; x_wconf 86' lang='lat' dir='ltr'>venit,</span> 
     </span>
    </p>
   </div>
   <div class='ocr_carea' id='block_1_19' title="bbox 362 1869 1788 1943">
    <p class='ocr_par' dir='ltr' id='par_1_19' title="bbox 362 1869 1788 1943">
     <span class='ocr_line' id='line_1_19' title="bbox 362 1869 1788 1943; baseline 0 -17"><span class='ocrx_word' id='word_1_76' title='bbox 362 1873 538 1942; x_wconf 84' lang='lat' dir='ltr'>atque</span> <span class='ocrx_word' id='word_1_77' title='bbox 569 1869 734 1924; x_wconf 90' lang='lat' dir='ltr'>illinc</span> <span class='ocrx_word' id='word_1_78' title='bbox 767 1870 1008 1925; x_wconf 90' lang='lat' dir='ltr'>demum</span> <span class='ocrx_word' id='word_1_79' title='bbox 1041 1869 1110 1924; x_wconf 91' lang='lat' dir='ltr'>ad</span> <span class='ocrx_word' id='word_1_80' title='bbox 1147 1870 1353 1925; x_wconf 90' lang='lat' dir='ltr'>urbem</span> <span class='ocrx_word' id='word_1_81' title='bbox 1383 1870 1788 1943; x_wconf 86' lang='lat' dir='ltr'>Epidaurum:</span> 
     </span>
    </p>
   </div>
   <div class='ocr_carea' id='block_1_20' title="bbox 360 1966 1691 2040">
    <p class='ocr_par' dir='ltr' id='par_1_20' title="bbox 360 1966 1691 2040">
     <span class='ocr_line' id='line_1_20' title="bbox 360 1966 1691 2040; baseline 0.001 -18"><span class='ocrx_word' id='word_1_82' title='bbox 360 1967 420 2022; x_wconf 92' lang='lat' dir='ltr'>in</span> <span class='ocrx_word' id='word_1_83' title='bbox 455 1983 573 2038; x_wconf 89' lang='lat' dir='ltr'>qua</span> <span class='ocrx_word' id='word_1_84' title='bbox 603 1966 908 2040; x_wconf 85' lang='lat' dir='ltr'>dispositis</span> <span class='ocrx_word' id='word_1_85' title='bbox 940 1972 1114 2040; x_wconf 88' lang='lat' dir='ltr'>prout</span> <span class='ocrx_word' id='word_1_86' title='bbox 1142 1967 1336 2023; x_wconf 87' lang='lat' dir='ltr'>visum</span> <span class='ocrx_word' id='word_1_87' title='bbox 1372 1970 1462 2022; x_wconf 92' lang='lat' dir='ltr'>est</span> <span class='ocrx_word' id='word_1_88' title='bbox 1492 1967 1691 2037; x_wconf 88' lang='lat' dir='ltr'>rebus,</span> 
     </span>
    </p>
   </div>
   <div class='ocr_carea' id='block_1_21' title="bbox 355 2055 1654 2128">
    <p class='ocr_par' dir='ltr' id='par_1_21' title="bbox 355 2055 1654 2128">
     <span class='ocr_line' id='line_1_21' title="bbox 355 2055 1654 2128; baseline 0.001 -19"><span class='ocrx_word' id='word_1_89' title='bbox 355 2056 512 2111; x_wconf 90' lang='lat' dir='ltr'>viam</span> <span class='ocrx_word' id='word_1_90' title='bbox 547 2072 827 2112; x_wconf 87' lang='lat' dir='ltr'>emensus</span> <span class='ocrx_word' id='word_1_91' title='bbox 860 2072 964 2128; x_wconf 90' lang='lat' dir='ltr'>per</span> <span class='ocrx_word' id='word_1_92' title='bbox 993 2055 1385 2122; x_wconf 87' lang='lat' dir='ltr'>Chunabiam,</span> <span class='ocrx_word' id='word_1_93' title='bbox 1417 2059 1654 2122; x_wconf 85' lang='lat' dir='ltr'>Matem,</span> 
     </span>
    </p>
   </div>
   <div class='ocr_carea' id='block_1_22' title="bbox 357 2143 1549 2217">
    <p class='ocr_par' dir='ltr' id='par_1_22' title="bbox 357 2143 1549 2217">
     <span class='ocr_line' id='line_1_22' title="bbox 357 2143 1549 2217; baseline 0 -17"><span class='ocrx_word' id='word_1_94' title='bbox 357 2143 620 2200; x_wconf 81' lang='lat' dir='ltr'>Citzabin</span> <span class='ocrx_word' id='word_1_95' title='bbox 648 2148 824 2216; x_wconf 88' lang='lat' dir='ltr'>atque</span> <span class='ocrx_word' id='word_1_96' title='bbox 853 2145 1079 2201; x_wconf 90' lang='lat' dir='ltr'>Debren</span> <span class='ocrx_word' id='word_1_97' title='bbox 1114 2162 1321 2217; x_wconf 87' lang='lat' dir='ltr'>parvas</span> <span class='ocrx_word' id='word_1_98' title='bbox 1355 2145 1549 2210; x_wconf 86' lang='lat' dir='ltr'>urbes,</span> 
     </span>
    </p>
   </div>
   <div class='ocr_carea' id='block_1_23' title="bbox 360 2232 1634 2306">
    <p class='ocr_par' dir='ltr' id='par_1_23' title="bbox 360 2232 1634 2306">
     <span class='ocr_line' id='line_1_23' title="bbox 360 2232 1634 2306; baseline 0.002 -18"><span class='ocrx_word' id='word_1_99' title='bbox 360 2236 424 2288; x_wconf 92' lang='lat' dir='ltr'>ut</span> <span class='ocrx_word' id='word_1_100' title='bbox 455 2232 644 2303; x_wconf 90' lang='lat' dir='ltr'>potuit</span> <span class='ocrx_word' id='word_1_101' title='bbox 675 2234 938 2304; x_wconf 86' lang='lat' dir='ltr'>pervenit</span> <span class='ocrx_word' id='word_1_102' title='bbox 969 2235 1040 2289; x_wconf 91' lang='lat' dir='ltr'>ad</span> <span class='ocrx_word' id='word_1_103' title='bbox 1073 2234 1278 2290; x_wconf 89' lang='lat' dir='ltr'>urbem</span> <span class='ocrx_word' id='word_1_104' title='bbox 1310 2233 1634 2306; x_wconf 89' lang='lat' dir='ltr'>Prilapum.</span> 
     </span>
    </p>
   </div>
   <div class='ocr_carea' id='block_1_24' title="bbox 360 2321 1324 2396">
    <p class='ocr_par' dir='ltr' id='par_1_24' title="bbox 360 2321 1324 2396">
     <span class='ocr_line' id='line_1_24' title="bbox 360 2321 1324 2396; baseline 0.003 -21"><span class='ocrx_word' id='word_1_105' title='bbox 360 2327 548 2392; x_wconf 83' lang='lat' dir='ltr'>Atque</span> <span class='ocrx_word' id='word_1_106' title='bbox 580 2321 660 2377; x_wconf 88' lang='lat' dir='ltr'>ibi</span> <span class='ocrx_word' id='word_1_107' title='bbox 688 2323 947 2378; x_wconf 85' lang='lat' dir='ltr'>versanti</span> <span class='ocrx_word' id='word_1_108' title='bbox 980 2323 1324 2396; x_wconf 81' lang='lat' dir='ltr'>Acropolitae</span> 
     </span>
    </p>
   </div>
   <div class='ocr_carea' id='block_1_25' title="bbox 357 2409 1552 2484">
    <p class='ocr_par' dir='ltr' id='par_1_25' title="bbox 357 2409 1552 2484">
     <span class='ocr_line' id='line_1_25' title="bbox 357 2409 1552 2484; baseline 0.003 -20"><span class='ocrx_word' id='word_1_109' title='bbox 357 2409 547 2466; x_wconf 87' lang='lat' dir='ltr'>tristis</span> <span class='ocrx_word' id='word_1_110' title='bbox 578 2414 816 2481; x_wconf 85' lang='lat' dir='ltr'>repente</span> <span class='ocrx_word' id='word_1_111' title='bbox 849 2429 1051 2468; x_wconf 90' lang='lat' dir='ltr'>rumor</span> <span class='ocrx_word' id='word_1_112' title='bbox 1077 2419 1168 2467; x_wconf 90' lang='lat' dir='ltr'>est</span> <span class='ocrx_word' id='word_1_113' title='bbox 1197 2412 1552 2484; x_wconf 89' lang='lat' dir='ltr'>intellectus,</span> 
     </span>
    </p>
   </div>
   <div class='ocr_carea' id='block_1_26' title="bbox 353 2497 1482 2557">
    <p class='ocr_par' dir='ltr' id='par_1_26' title="bbox 353 2497 1482 2557">
     <span class='ocr_line' id='line_1_26' title="bbox 353 2497 1482 2557; baseline 0.004 -5"><span class='ocrx_word' id='word_1_114' title='bbox 353 2497 743 2554; x_wconf 89' lang='lat' dir='ltr'>Chabarorem</span> <span class='ocrx_word' id='word_1_115' title='bbox 777 2498 1000 2554; x_wconf 89' lang='lat' dir='ltr'>scilicet</span> <span class='ocrx_word' id='word_1_116' title='bbox 1029 2501 1482 2557; x_wconf 87' lang='lat' dir='ltr'>Constantinum</span> 
     </span>
    </p>
   </div>
   <div class='ocr_carea' id='block_1_27' title="bbox 351 2586 1463 2656">
    <p class='ocr_par' dir='ltr' id='par_1_27' title="bbox 351 2586 1463 2656">
     <span class='ocr_line' id='line_1_27' title="bbox 351 2586 1463 2656; baseline 0.003 -15"><span class='ocrx_word' id='word_1_117' title='bbox 351 2586 410 2641; x_wconf 90' lang='lat' dir='ltr'>in</span> <span class='ocrx_word' id='word_1_118' title='bbox 435 2586 790 2643; x_wconf 90' lang='lat' dir='ltr'>Caninorum</span> <span class='ocrx_word' id='word_1_119' title='bbox 823 2587 1168 2644; x_wconf 89' lang='lat' dir='ltr'>conclusum</span> <span class='ocrx_word' id='word_1_120' title='bbox 1201 2589 1463 2656; x_wconf 86' lang='lat' dir='ltr'>castello,</span> 
     </span>
    </p>
   </div>
   <div class='ocr_carea' id='block_1_28' title="bbox 352 2675 1485 2748">
    <p class='ocr_par' dir='ltr' id='par_1_28' title="bbox 352 2675 1485 2748">
     <span class='ocr_line' id='line_1_28' title="bbox 352 2675 1485 2748; baseline 0.001 -17"><span class='ocrx_word' id='word_1_121' title='bbox 352 2694 385 2730; x_wconf 91' lang='lat' dir='ltr'>a</span> <span class='ocrx_word' id='word_1_122' title='bbox 414 2692 625 2731; x_wconf 81' lang='lat' dir='ltr'>sonore</span> <span class='ocrx_word' id='word_1_123' title='bbox 656 2675 853 2732; x_wconf 84' lang='lat' dir='ltr'>uxoris</span> <span class='ocrx_word' id='word_1_124' title='bbox 890 2675 1199 2732; x_wconf 84' lang='lat' dir='ltr'>Michaelis</span> <span class='ocrx_word' id='word_1_125' title='bbox 1230 2677 1485 2748; x_wconf 73' lang='lat' dir='ltr'>despotaa</span> 
     </span>
    </p>
   </div>
   <div class='ocr_carea' id='block_1_29' title="bbox 349 2764 1467 2836">
    <p class='ocr_par' dir='ltr' id='par_1_29' title="bbox 349 2764 1467 2836">
     <span class='ocr_line' id='line_1_29' title="bbox 349 2764 1467 2836; baseline -0.001 -15"><span class='ocrx_word' id='word_1_126' title='bbox 349 2764 533 2821; x_wconf 84' lang='lat' dir='ltr'>Maria</span> <span class='ocrx_word' id='word_1_127' title='bbox 562 2765 868 2836; x_wconf 89' lang='lat' dir='ltr'>deceptum</span> <span class='ocrx_word' id='word_1_128' title='bbox 907 2764 1129 2836; x_wconf 90' lang='lat' dir='ltr'>nuptiis</span> <span class='ocrx_word' id='word_1_129' title='bbox 1160 2768 1218 2820; x_wconf 92' lang='lat' dir='ltr'>et</span> <span class='ocrx_word' id='word_1_130' title='bbox 1249 2781 1467 2834; x_wconf 83' lang='lat' dir='ltr'>amore,</span> 
     </span>
    </p>
   </div>
   <div class='ocr_carea' id='block_1_30' title="bbox 348 2853 1505 2925">
    <p class='ocr_par' dir='ltr' id='par_1_30' title="bbox 348 2853 1505 2925">
     <span class='ocr_line' id='line_1_30' title="bbox 348 2853 1505 2925; baseline 0.003 -18"><span class='ocrx_word' id='word_1_131' title='bbox 348 2853 614 2909; x_wconf 86' lang='lat' dir='ltr'>vinctum</span> <span class='ocrx_word' id='word_1_132' title='bbox 645 2853 827 2909; x_wconf 88' lang='lat' dir='ltr'>teneri</span> <span class='ocrx_word' id='word_1_133' title='bbox 862 2853 1066 2910; x_wconf 84' lang='lat' dir='ltr'>ferreis</span> <span class='ocrx_word' id='word_1_134' title='bbox 1098 2853 1505 2925; x_wconf 89' lang='lat' dir='ltr'>compedibus.</span> 
     </span>
    </p>
   </div>
   <div class='ocr_carea' id='block_1_31' title="bbox 351 2948 1477 3023">
    <p class='ocr_par' dir='ltr' id='par_1_31' title="bbox 351 2948 1477 3023">
     <span class='ocr_line' id='line_1_31' title="bbox 351 2948 1477 3023; baseline 0 -17"><span class='ocrx_word' id='word_1_135' title='bbox 351 2950 593 3006; x_wconf 89' lang='lat' dir='ltr'>Interim</span> <span class='ocrx_word' id='word_1_136' title='bbox 625 2966 758 3006; x_wconf 91' lang='lat' dir='ltr'>vero</span> <span class='ocrx_word' id='word_1_137' title='bbox 791 2948 1134 3006; x_wconf 89' lang='lat' dir='ltr'>Michaelem</span> <span class='ocrx_word' id='word_1_138' title='bbox 1171 2950 1477 3023; x_wconf 87' lang='lat' dir='ltr'>despotam</span> 
     </span>
    </p>
   </div>
   <div class='ocr_carea' id='block_1_32' title="bbox 348 3037 1361 3111">
    <p class='ocr_par' dir='ltr' id='par_1_32' title="bbox 348 3037 1361 3111">
     <span class='ocr_line' id='line_1_32' title="bbox 348 3037 1361 3111; baseline 0 -16"><span class='ocrx_word' id='word_1_139' title='bbox 348 3039 512 3111; x_wconf 86' lang='lat' dir='ltr'>pacis</span> <span class='ocrx_word' id='word_1_140' title='bbox 542 3055 677 3096; x_wconf 90' lang='lat' dir='ltr'>cum</span> <span class='ocrx_word' id='word_1_141' title='bbox 710 3040 934 3095; x_wconf 66' lang='lat' dir='ltr'>Ctesare</span> <span class='ocrx_word' id='word_1_142' title='bbox 965 3037 1177 3095; x_wconf 83' lang='lat' dir='ltr'>violato</span> <span class='ocrx_word' id='word_1_143' title='bbox 1202 3039 1361 3109; x_wconf 92' lang='lat' dir='ltr'>jure,</span> 
     </span>
    </p>
   </div>
   <div class='ocr_carea' id='block_1_33' title="bbox 341 3127 1567 3185">
    <p class='ocr_par' dir='ltr' id='par_1_33' title="bbox 341 3127 1567 3185">
     <span class='ocr_line' id='line_1_33' title="bbox 341 3127 1567 3185; baseline 0 -3"><span class='ocrx_word' id='word_1_144' title='bbox 341 3127 626 3185; x_wconf 88' lang='lat' dir='ltr'>ditionem</span> <span class='ocrx_word' id='word_1_145' title='bbox 662 3130 926 3184; x_wconf 88' lang='lat' dir='ltr'>nostram</span> <span class='ocrx_word' id='word_1_146' title='bbox 959 3127 1140 3184; x_wconf 90' lang='lat' dir='ltr'>armis</span> <span class='ocrx_word' id='word_1_147' title='bbox 1173 3145 1523 3184; x_wconf 86' lang='lat' dir='ltr'>concursare</span> <span class='ocrx_word' id='word_1_148' title='bbox 1556 3146 1567 3181; x_wconf 90' lang='lat'><strong>:</strong></span> 
     </span>
    </p>
   </div>
   <div class='ocr_carea' id='block_1_34' title="bbox 331 3224 1639 3296">
    <p class='ocr_par' dir='ltr' id='par_1_34' title="bbox 331 3224 1639 3296">
     <span class='ocr_line' id='line_1_34' title="bbox 331 3224 1639 3296; baseline 0.001 -17"><span class='ocrx_word' id='word_1_149' title='bbox 331 3224 576 3296; x_wconf 87' lang='lat' dir='ltr'>jamque</span> <span class='ocrx_word' id='word_1_150' title='bbox 607 3224 906 3280; x_wconf 78' lang='lat' dir='ltr'>invenisse</span> <span class='ocrx_word' id='word_1_151' title='bbox 939 3229 1212 3280; x_wconf 89' lang='lat' dir='ltr'>cunctam</span> <span class='ocrx_word' id='word_1_152' title='bbox 1243 3224 1639 3296; x_wconf 86' lang='lat' dir='ltr'>Pelagoniam,</span> 
     </span>
    </p>
   </div>
   <div class='ocr_carea' id='block_1_35' title="bbox 341 3311 1468 3384">
    <p class='ocr_par' dir='ltr' id='par_1_35' title="bbox 341 3311 1468 3384">
     <span class='ocr_line' id='line_1_35' title="bbox 341 3311 1468 3384; baseline 0.002 -18"><span class='ocrx_word' id='word_1_153' title='bbox 341 3311 804 3380; x_wconf 89' lang='lat' dir='ltr'>universumque</span> <span class='ocrx_word' id='word_1_154' title='bbox 837 3312 1052 3384; x_wconf 89' lang='lat' dir='ltr'>Prilapi</span> <span class='ocrx_word' id='word_1_155' title='bbox 1085 3312 1468 3379; x_wconf 90' lang='lat' dir='ltr'>territorium,</span> 
     </span>
    </p>
   </div>
   <div class='ocr_carea' id='block_1_36' title="bbox 341 3400 1367 3474">
    <p class='ocr_par' dir='ltr' id='par_1_36' title="bbox 341 3400 1367 3474">
     <span class='ocr_line' id='line_1_36' title="bbox 341 3400 1367 3474; baseline 0 -16"><span class='ocrx_word' id='word_1_156' title='bbox 341 3400 516 3458; x_wconf 87' lang='lat' dir='ltr'>unico</span> <span class='ocrx_word' id='word_1_157' title='bbox 547 3408 788 3474; x_wconf 83' lang='lat' dir='ltr'>excepto</span> <span class='ocrx_word' id='word_1_158' title='bbox 823 3403 1034 3474; x_wconf 87' lang='lat' dir='ltr'>Prilapi</span> <span class='ocrx_word' id='word_1_159' title='bbox 1073 3405 1367 3474; x_wconf 67' lang='lat' dir='ltr'>praesidio,</span> 
     </span>
    </p>
   </div>
   <div class='ocr_carea' id='block_1_37' title="bbox 341 3490 1502 3563">
    <p class='ocr_par' dir='ltr' id='par_1_37' title="bbox 341 3490 1502 3563">
     <span class='ocr_line' id='line_1_37' title="bbox 341 3490 1502 3563; baseline 0 -17"><span class='ocrx_word' id='word_1_160' title='bbox 341 3491 499 3562; x_wconf 91' lang='lat' dir='ltr'>quod</span> <span class='ocrx_word' id='word_1_161' title='bbox 531 3495 724 3547; x_wconf 88' lang='lat' dir='ltr'>tamen</span> <span class='ocrx_word' id='word_1_162' title='bbox 758 3490 946 3562; x_wconf 89' lang='lat' dir='ltr'>ipsam</span> <span class='ocrx_word' id='word_1_163' title='bbox 972 3491 1301 3562; x_wconf 87' lang='lat' dir='ltr'>proditione</span> <span class='ocrx_word' id='word_1_164' title='bbox 1331 3493 1502 3563; x_wconf 87' lang='lat' dir='ltr'>cepit.</span> 
     </span>
    </p>
   </div>
   <div class='ocr_carea' id='block_1_38' title="bbox 340 3577 1441 3651">
    <p class='ocr_par' dir='ltr' id='par_1_38' title="bbox 340 3577 1441 3651">
     <span class='ocr_line' id='line_1_38' title="bbox 340 3577 1441 3651; baseline 0 -16"><span class='ocrx_word' id='word_1_165' title='bbox 340 3577 691 3651; x_wconf 82' lang='lat' dir='ltr'>acropolites</span> <span class='ocrx_word' id='word_1_166' title='bbox 723 3584 917 3634; x_wconf 91' lang='lat' dir='ltr'>autem</span> <span class='ocrx_word' id='word_1_167' title='bbox 949 3579 1008 3632; x_wconf 90' lang='lat' dir='ltr'>in</span> <span class='ocrx_word' id='word_1_168' title='bbox 1041 3596 1172 3634; x_wconf 87' lang='lat' dir='ltr'>arce</span> <span class='ocrx_word' id='word_1_169' title='bbox 1203 3579 1441 3651; x_wconf 88' lang='lat' dir='ltr'>degens,</span> 
     </span>
    </p>
   </div>
   <div class='ocr_carea' id='block_1_39' title="bbox 338 3666 1546 3740">
    <p class='ocr_par' dir='ltr' id='par_1_39' title="bbox 338 3666 1546 3740">
     <span class='ocr_line' id='line_1_39' title="bbox 338 3666 1546 3740; baseline 0 -16"><span class='ocrx_word' id='word_1_170' title='bbox 338 3668 596 3740; x_wconf 88' lang='lat' dir='ltr'>quadam</span> <span class='ocrx_word' id='word_1_171' title='bbox 631 3683 951 3723; x_wconf 87' lang='lat' dir='ltr'>conscensa</span> <span class='ocrx_word' id='word_1_172' title='bbox 981 3666 1205 3722; x_wconf 82' lang='lat' dir='ltr'>castelli</span> <span class='ocrx_word' id='word_1_173' title='bbox 1238 3668 1546 3739; x_wconf 87' lang='lat' dir='ltr'>turricula,</span> 
     </span>
    </p>
   </div>
   <div class='ocr_carea' id='block_1_40' title="bbox 336 3754 1538 3828">
    <p class='ocr_par' dir='ltr' id='par_1_40' title="bbox 336 3754 1538 3828">
     <span class='ocr_line' id='line_1_40' title="bbox 336 3754 1538 3828; baseline 0 -16"><span class='ocrx_word' id='word_1_174' title='bbox 336 3757 636 3828; x_wconf 86' lang='lat' dir='ltr'>perstabat</span> <span class='ocrx_word' id='word_1_175' title='bbox 667 3754 785 3811; x_wconf 89' lang='lat' dir='ltr'>illic</span> <span class='ocrx_word' id='word_1_176' title='bbox 807 3772 829 3818; x_wconf 87' lang='lat'><strong><em>;</em></strong></span> <span class='ocrx_word' id='word_1_177' title='bbox 861 3756 1042 3810; x_wconf 90' lang='lat' dir='ltr'>donec</span> <span class='ocrx_word' id='word_1_178' title='bbox 1066 3755 1332 3826; x_wconf 90' lang='lat' dir='ltr'>juratam</span> <span class='ocrx_word' id='word_1_179' title='bbox 1362 3757 1538 3812; x_wconf 84' lang='lat' dir='ltr'>fidem</span> 
     </span>
    </p>
   </div>
   <div class='ocr_carea' id='block_1_41' title="bbox 337 3844 1559 3916">
    <p class='ocr_par' dir='ltr' id='par_1_41' title="bbox 337 3844 1559 3916">
     <span class='ocr_line' id='line_1_41' title="bbox 337 3844 1559 3916; baseline -0.002 -13"><span class='ocrx_word' id='word_1_180' title='bbox 337 3844 552 3903; x_wconf 88' lang='lat' dir='ltr'>obtulit</span> <span class='ocrx_word' id='word_1_181' title='bbox 585 3844 668 3900; x_wconf 89' lang='lat' dir='ltr'>illi</span> <span class='ocrx_word' id='word_1_182' title='bbox 693 3846 960 3916; x_wconf 89' lang='lat' dir='ltr'>despota,</span> <span class='ocrx_word' id='word_1_183' title='bbox 993 3845 1146 3900; x_wconf 84' lang='lat' dir='ltr'>force</span> <span class='ocrx_word' id='word_1_184' title='bbox 1178 3844 1559 3916; x_wconf 91' lang='lat' dir='ltr'>incolumem,</span> 
     </span>
    </p>
   </div>
   <div class='ocr_carea' id='block_1_42' title="bbox 342 3934 1632 4008">
    <p class='ocr_par' dir='ltr' id='par_1_42' title="bbox 342 3934 1632 4008">
     <span class='ocr_line' id='line_1_42' title="bbox 342 3934 1632 4008; baseline -0.001 -17"><span class='ocrx_word' id='word_1_185' title='bbox 342 3939 524 4008; x_wconf 88' lang='lat' dir='ltr'>atque</span> <span class='ocrx_word' id='word_1_186' title='bbox 557 3936 627 3992; x_wconf 89' lang='lat' dir='ltr'>ad</span> <span class='ocrx_word' id='word_1_187' title='bbox 664 3951 837 3990; x_wconf 89' lang='lat' dir='ltr'>suum</span> <span class='ocrx_word' id='word_1_188' title='bbox 873 3935 1159 3990; x_wconf 65' lang='lat' dir='ltr'>Caesarem</span> <span class='ocrx_word' id='word_1_189' title='bbox 1192 3934 1506 3990; x_wconf 88' lang='lat' dir='ltr'>dimissum</span> <span class='ocrx_word' id='word_1_190' title='bbox 1540 3936 1632 4000; x_wconf 90' lang='lat' dir='ltr'>iri,</span> 
     </span>
    </p>
   </div>
   <div class='ocr_carea' id='block_1_43' title="bbox 338 4022 1574 4094">
    <p class='ocr_par' dir='ltr' id='par_1_43' title="bbox 338 4022 1574 4094">
     <span class='ocr_line' id='line_1_43' title="bbox 338 4022 1574 4094; baseline 0.002 -16"><span class='ocrx_word' id='word_1_191' title='bbox 338 4023 505 4079; x_wconf 89' lang='lat' dir='ltr'>Tunc</span> <span class='ocrx_word' id='word_1_192' title='bbox 535 4040 597 4080; x_wconf 92' lang='lat' dir='ltr'>se</span> <span class='ocrx_word' id='word_1_193' title='bbox 627 4022 892 4094; x_wconf 88' lang='lat' dir='ltr'>permisit</span> <span class='ocrx_word' id='word_1_194' title='bbox 920 4022 1075 4078; x_wconf 89' lang='lat' dir='ltr'>hosti</span> <span class='ocrx_word' id='word_1_195' title='bbox 1109 4039 1242 4078; x_wconf 89' lang='lat' dir='ltr'>cum</span> <span class='ocrx_word' id='word_1_196' title='bbox 1269 4023 1574 4081; x_wconf 87' lang='lat' dir='ltr'>turricula.</span> 
     </span>
    </p>
   </div>
   <div class='ocr_carea' id='block_1_44' title="bbox 339 4112 1398 4184">
    <p class='ocr_par' dir='ltr' id='par_1_44' title="bbox 339 4112 1398 4184">
     <span class='ocr_line' id='line_1_44' title="bbox 339 4112 1398 4184; baseline 0 -16"><span class='ocrx_word' id='word_1_197' title='bbox 339 4112 584 4168; x_wconf 87' lang='lat' dir='ltr'>Michael</span> <span class='ocrx_word' id='word_1_198' title='bbox 619 4118 816 4168; x_wconf 77' lang='lat' dir='ltr'>tamen</span> <span class='ocrx_word' id='word_1_199' title='bbox 850 4113 1095 4184; x_wconf 90' lang='lat' dir='ltr'>despota</span> <span class='ocrx_word' id='word_1_200' title='bbox 1125 4113 1398 4184; x_wconf 87' lang='lat' dir='ltr'>perjurus</span> 
     </span>
    </p>
   </div>
   <div class='ocr_carea' id='block_1_45' title="bbox 330 4200 1356 4259">
    <p class='ocr_par' dir='ltr' id='par_1_45' title="bbox 330 4200 1356 4259">
     <span class='ocr_line' id='line_1_45' title="bbox 330 4200 1356 4259; baseline 0.002 -2"><span class='ocrx_word' id='word_1_201' title='bbox 330 4200 542 4259; x_wconf 88' lang='lat' dir='ltr'>solidis</span> <span class='ocrx_word' id='word_1_202' title='bbox 572 4200 740 4256; x_wconf 89' lang='lat' dir='ltr'>illum</span> <span class='ocrx_word' id='word_1_203' title='bbox 773 4201 1025 4257; x_wconf 89' lang='lat' dir='ltr'>vinculis</span> <span class='ocrx_word' id='word_1_204' title='bbox 1057 4202 1356 4259; x_wconf 85' lang='lat' dir='ltr'>astrinxit.</span> 
     </span>
    </p>
   </div>
   <div class='ocr_carea' id='block_1_46' title="bbox 329 4290 1529 4363">
    <p class='ocr_par' dir='ltr' id='par_1_46' title="bbox 329 4290 1529 4363">
     <span class='ocr_line' id='line_1_46' title="bbox 329 4290 1529 4363; baseline 0.001 -17"><span class='ocrx_word' id='word_1_205' title='bbox 329 4292 474 4350; x_wconf 84' lang='lat' dir='ltr'>Ecce</span> <span class='ocrx_word' id='word_1_206' title='bbox 506 4295 704 4348; x_wconf 89' lang='lat' dir='ltr'>autem</span> <span class='ocrx_word' id='word_1_207' title='bbox 735 4290 986 4347; x_wconf 86' lang='lat' dir='ltr'>Michael</span> <span class='ocrx_word' id='word_1_208' title='bbox 1018 4295 1378 4362; x_wconf 83' lang='lat' dir='ltr'>Comnemus</span> <span class='ocrx_word' id='word_1_209' title='bbox 1411 4291 1529 4363; x_wconf 88' lang='lat' dir='ltr'>ille,</span> 
     </span>
    </p>
   </div>
   <div class='ocr_carea' id='block_1_47' title="bbox 329 4380 1594 4454">
    <p class='ocr_par' dir='ltr' id='par_1_47' title="bbox 329 4380 1594 4454">
     <span class='ocr_line' id='line_1_47' title="bbox 329 4380 1594 4454; baseline 0.001 -18"><span class='ocrx_word' id='word_1_210' title='bbox 329 4398 505 4454; x_wconf 88' lang='lat' dir='ltr'>quem</span> <span class='ocrx_word' id='word_1_211' title='bbox 539 4398 690 4453; x_wconf 66' lang='lat' dir='ltr'>saepe</span> <span class='ocrx_word' id='word_1_212' title='bbox 723 4381 1073 4436; x_wconf 90' lang='lat' dir='ltr'>memoravit</span> <span class='ocrx_word' id='word_1_213' title='bbox 1097 4380 1345 4437; x_wconf 88' lang='lat' dir='ltr'>historia</span> <span class='ocrx_word' id='word_1_214' title='bbox 1373 4386 1594 4452; x_wconf 88' lang='lat' dir='ltr'>nostra,</span> 
     </span>
    </p>
   </div>
   <div class='ocr_carea' id='block_1_48' title="bbox 329 4469 1573 4526">
    <p class='ocr_par' dir='ltr' id='par_1_48' title="bbox 329 4469 1573 4526">
     <span class='ocr_line' id='line_1_48' title="bbox 329 4469 1573 4526; baseline 0.002 -2"><span class='ocrx_word' id='word_1_215' title='bbox 329 4487 442 4525; x_wconf 89' lang='lat' dir='ltr'>non</span> <span class='ocrx_word' id='word_1_216' title='bbox 470 4469 596 4525; x_wconf 89' lang='lat' dir='ltr'>sine</span> <span class='ocrx_word' id='word_1_217' title='bbox 627 4475 998 4525; x_wconf 87' lang='lat' dir='ltr'>sacramento</span> <span class='ocrx_word' id='word_1_218' title='bbox 1032 4469 1091 4524; x_wconf 89' lang='lat' dir='ltr'>in</span> <span class='ocrx_word' id='word_1_219' title='bbox 1124 4469 1297 4525; x_wconf 81' lang='lat' dir='ltr'>{idem</span> <span class='ocrx_word' id='word_1_220' title='bbox 1332 4471 1573 4526; x_wconf 83' lang='lat' dir='ltr'>Caesaris</span> 
     </span>
    </p>
   </div>
   <div class='ocr_carea' id='block_1_49' title="bbox 327 4559 1563 4631">
    <p class='ocr_par' dir='ltr' id='par_1_49' title="bbox 327 4559 1563 4631">
     <span class='ocr_line' id='line_1_49' title="bbox 327 4559 1563 4631; baseline 0 -17"><span class='ocrx_word' id='word_1_221' title='bbox 327 4575 533 4614; x_wconf 88' lang='lat' dir='ltr'>rursus</span> <span class='ocrx_word' id='word_1_222' title='bbox 561 4561 861 4630; x_wconf 90' lang='lat' dir='ltr'>recuptus,</span> <span class='ocrx_word' id='word_1_223' title='bbox 893 4575 926 4614; x_wconf 92' lang='lat' dir='ltr'>a</span> <span class='ocrx_word' id='word_1_224' title='bbox 957 4559 1163 4614; x_wconf 89' lang='lat' dir='ltr'>Turcis</span> <span class='ocrx_word' id='word_1_225' title='bbox 1197 4559 1563 4631; x_wconf 86' lang='lat' dir='ltr'>regreditur:</span> 
     </span>
    </p>
   </div>
   <div class='ocr_carea' id='block_1_50' title="bbox 326 4646 1533 4705">
    <p class='ocr_par' dir='ltr' id='par_1_50' title="bbox 326 4646 1533 4705">
     <span class='ocr_line' id='line_1_50' title="bbox 326 4646 1533 4705; baseline 0 -3"><span class='ocrx_word' id='word_1_226' title='bbox 326 4651 383 4702; x_wconf 92' lang='lat' dir='ltr'>et</span> <span class='ocrx_word' id='word_1_227' title='bbox 414 4664 550 4704; x_wconf 89' lang='lat' dir='ltr'>cum</span> <span class='ocrx_word' id='word_1_228' title='bbox 571 4648 955 4705; x_wconf 87' lang='lat' dir='ltr'>Macedonum</span> <span class='ocrx_word' id='word_1_229' title='bbox 991 4646 1248 4702; x_wconf 91' lang='lat' dir='ltr'>militum</span> <span class='ocrx_word' id='word_1_230' title='bbox 1276 4648 1533 4703; x_wconf 86' lang='lat' dir='ltr'>exercitu</span> 
     </span>
    </p>
   </div>
   <div class='ocr_carea' id='block_1_51' title="bbox 327 4736 1657 4809">
    <p class='ocr_par' dir='ltr' id='par_1_51' title="bbox 327 4736 1657 4809">
     <span class='ocr_line' id='line_1_51' title="bbox 327 4736 1657 4809; baseline 0.002 -17"><span class='ocrx_word' id='word_1_231' title='bbox 327 4737 386 4792; x_wconf 91' lang='lat' dir='ltr'>in</span> <span class='ocrx_word' id='word_1_232' title='bbox 421 4736 786 4792; x_wconf 86' lang='lat' dir='ltr'>occidentem</span> <span class='ocrx_word' id='word_1_233' title='bbox 819 4736 1076 4792; x_wconf 78' lang='lat' dir='ltr'>mittitur</span> <span class='ocrx_word' id='word_1_234' title='bbox 1098 4742 1302 4792; x_wconf 84' lang='lat' dir='ltr'>contra</span> <span class='ocrx_word' id='word_1_235' title='bbox 1333 4737 1657 4809; x_wconf 86' lang='lat' dir='ltr'>despotam.</span> 
     </span>
    </p>
   </div>
   <div class='ocr_carea' id='block_1_52' title="bbox 320 4835 1522 4909">
    <p class='ocr_par' dir='ltr' id='par_1_52' title="bbox 320 4835 1522 4909">
     <span class='ocr_line' id='line_1_52' title="bbox 320 4835 1522 4909; baseline -0.001 -16"><span class='ocrx_word' id='word_1_236' title='bbox 320 4837 378 4893; x_wconf 87' lang='lat' dir='ltr'>ls</span> <span class='ocrx_word' id='word_1_237' title='bbox 407 4835 589 4909; x_wconf 88' lang='lat' dir='ltr'>igitur</span> <span class='ocrx_word' id='word_1_238' title='bbox 620 4852 682 4892; x_wconf 90' lang='lat' dir='ltr'>se</span> <span class='ocrx_word' id='word_1_239' title='bbox 714 4835 964 4891; x_wconf 91' lang='lat' dir='ltr'>contulit</span> <span class='ocrx_word' id='word_1_240' title='bbox 994 4835 1476 4892; x_wconf 88' lang='lat' dir='ltr'>Thessalonicam</span> <span class='ocrx_word' id='word_1_241' title='bbox 1507 4862 1522 4905; x_wconf 87' lang='lat'><strong>;</strong></span> 
     </span>
    </p>
   </div>
   <div class='ocr_carea' id='block_1_53' title="bbox 318 4925 1518 4997">
    <p class='ocr_par' dir='ltr' id='par_1_53' title="bbox 318 4925 1518 4997">
     <span class='ocr_line' id='line_1_53' title="bbox 318 4925 1518 4997; baseline -0.002 -15"><span class='ocrx_word' id='word_1_242' title='bbox 318 4941 572 4997; x_wconf 85' lang='lat' dir='ltr'>moxque</span> <span class='ocrx_word' id='word_1_243' title='bbox 601 4925 951 4996; x_wconf 81' lang='lat' dir='ltr'>conjunctae</span> <span class='ocrx_word' id='word_1_244' title='bbox 985 4925 1250 4980; x_wconf 81' lang='lat' dir='ltr'>Michaeli</span> <span class='ocrx_word' id='word_1_245' title='bbox 1285 4926 1518 4982; x_wconf 87' lang='lat' dir='ltr'>Lascari</span> 
     </span>
    </p>
   </div>
   <div class='ocr_carea' id='block_1_54' title="bbox 317 5013 1460 5086">
    <p class='ocr_par' dir='ltr' id='par_1_54' title="bbox 317 5013 1460 5086">
     <span class='ocr_line' id='line_1_54' title="bbox 317 5013 1460 5086; baseline 0.002 -17"><span class='ocrx_word' id='word_1_246' title='bbox 317 5013 497 5070; x_wconf 89' lang='lat' dir='ltr'>simul</span> <span class='ocrx_word' id='word_1_247' title='bbox 528 5015 586 5069; x_wconf 91' lang='lat' dir='ltr'>in</span> <span class='ocrx_word' id='word_1_248' title='bbox 619 5029 829 5086; x_wconf 86' lang='lat' dir='ltr'>agrum</span> <span class='ocrx_word' id='word_1_249' title='bbox 862 5013 1111 5070; x_wconf 87' lang='lat' dir='ltr'>incurrit</span> <span class='ocrx_word' id='word_1_250' title='bbox 1143 5015 1460 5084; x_wconf 74' lang='lat' dir='ltr'>Berrhoeae,</span> 
     </span>
    </p>
   </div>
   <div class='ocr_carea' id='block_1_55' title="bbox 319 5103 1705 5176">
    <p class='ocr_par' dir='ltr' id='par_1_55' title="bbox 319 5103 1705 5176">
     <span class='ocr_line' id='line_1_55' title="bbox 319 5103 1705 5176; baseline 0.002 -17"><span class='ocrx_word' id='word_1_251' title='bbox 319 5106 496 5176; x_wconf 86' lang='lat' dir='ltr'>atque</span> <span class='ocrx_word' id='word_1_252' title='bbox 527 5103 662 5158; x_wconf 90' lang='lat' dir='ltr'>inde</span> <span class='ocrx_word' id='word_1_253' title='bbox 693 5104 954 5175; x_wconf 65' lang='lat' dir='ltr'>praedam</span> <span class='ocrx_word' id='word_1_254' title='bbox 987 5104 1279 5158; x_wconf 88' lang='lat' dir='ltr'>abstrahit</span> <span class='ocrx_word' id='word_1_255' title='bbox 1310 5104 1705 5162; x_wconf 87' lang='lat' dir='ltr'>innumeram.</span> 
     </span>
    </p>
   </div>
   <div class='ocr_carea' id='block_1_56' title="bbox 315 5191 1392 5264">
    <p class='ocr_par' dir='ltr' id='par_1_56' title="bbox 315 5191 1392 5264">
     <span class='ocr_line' id='line_1_56' title="bbox 315 5191 1392 5264; baseline -0.003 -16"><span class='ocrx_word' id='word_1_256' title='bbox 315 5191 410 5248; x_wconf 89' lang='lat' dir='ltr'>Sic</span> <span class='ocrx_word' id='word_1_257' title='bbox 440 5191 780 5264; x_wconf 83' lang='lat' dir='ltr'>perturbato</span> <span class='ocrx_word' id='word_1_258' title='bbox 815 5191 895 5246; x_wconf 85' lang='lat' dir='ltr'>rei</span> <span class='ocrx_word' id='word_1_259' title='bbox 933 5191 1181 5264; x_wconf 62' lang='lat' dir='ltr'>publica:</span> <span class='ocrx_word' id='word_1_260' title='bbox 1215 5196 1392 5260; x_wconf 88' lang='lat' dir='ltr'>statu,</span> 
     </span>
    </p>
   </div>
   <div class='ocr_carea' id='block_1_57' title="bbox 315 5279 1553 5354">
    <p class='ocr_par' dir='ltr' id='par_1_57' title="bbox 315 5279 1553 5354">
     <span class='ocr_line' id='line_1_57' title="bbox 315 5279 1553 5354; baseline 0.001 -17"><span class='ocrx_word' id='word_1_261' title='bbox 315 5280 612 5354; x_wconf 84' lang='lat' dir='ltr'>pessimus</span> <span class='ocrx_word' id='word_1_262' title='bbox 641 5279 818 5336; x_wconf 89' lang='lat' dir='ltr'>etiam</span> <span class='ocrx_word' id='word_1_263' title='bbox 850 5279 1246 5335; x_wconf 88' lang='lat' dir='ltr'>Triballorum</span> <span class='ocrx_word' id='word_1_264' title='bbox 1281 5281 1553 5354; x_wconf 91' lang='lat' dir='ltr'>princeps</span> 
     </span>
    </p>
   </div>
   <div class='ocr_carea' id='block_1_58' title="bbox 312 5369 1440 5442">
    <p class='ocr_par' dir='ltr' id='par_1_58' title="bbox 312 5369 1440 5442">
     <span class='ocr_line' id='line_1_58' title="bbox 312 5369 1440 5442; baseline -0.001 -17"><span class='ocrx_word' id='word_1_265' title='bbox 312 5371 586 5442; x_wconf 89' lang='lat' dir='ltr'>perjurus</span> <span class='ocrx_word' id='word_1_266' title='bbox 616 5370 724 5438; x_wconf 87' lang='lat' dir='ltr'>vir,</span> <span class='ocrx_word' id='word_1_267' title='bbox 756 5369 1034 5435; x_wconf 88' lang='lat' dir='ltr'>crudelis,</span> <span class='ocrx_word' id='word_1_268' title='bbox 1068 5369 1440 5437; x_wconf 88' lang='lat' dir='ltr'>temerarius,</span> 
     </span>
    </p>
   </div>
   <div class='ocr_carea' id='block_1_59' title="bbox 314 5448 1573 5530">
    <p class='ocr_par' dir='ltr' id='par_1_59' title="bbox 314 5448 1573 5530">
     <span class='ocr_line' id='line_1_59' title="bbox 314 5448 1573 5530; baseline 0.002 -16"><span class='ocrx_word' id='word_1_269' title='bbox 314 5458 471 5514; x_wconf 88' lang='lat' dir='ltr'>mille</span> <span class='ocrx_word' id='word_1_270' title='bbox 503 5459 858 5530; x_wconf 87' lang='lat' dir='ltr'>conscriptis</span> <span class='ocrx_word' id='word_1_271' title='bbox 890 5463 946 5513; x_wconf 77' lang='lat' dir='ltr'>et</span> <span class='ocrx_word' id='word_1_272' title='bbox 976 5448 1225 5530; x_wconf 89' lang='lat' dir='ltr'>amplius</span> <span class='ocrx_word' id='word_1_273' title='bbox 1260 5457 1573 5529; x_wconf 81' lang='lat' dir='ltr'>militibus,</span> 
     </span>
    </p>
   </div>
   <div class='ocr_carea' id='block_1_60' title="bbox 313 5547 1452 5620">
    <p class='ocr_par' dir='ltr' id='par_1_60' title="bbox 313 5547 1452 5620">
     <span class='ocr_line' id='line_1_60' title="bbox 313 5547 1452 5620; baseline -0.001 -16"><span class='ocrx_word' id='word_1_274' title='bbox 313 5548 608 5604; x_wconf 79' lang='lat' dir='ltr'>Romanas</span> <span class='ocrx_word' id='word_1_275' title='bbox 643 5551 830 5602; x_wconf 88' lang='lat' dir='ltr'>terras</span> <span class='ocrx_word' id='word_1_276' title='bbox 860 5564 1080 5620; x_wconf 89' lang='lat' dir='ltr'>vagans</span> <span class='ocrx_word' id='word_1_277' title='bbox 1113 5547 1452 5604; x_wconf 76' lang='lat' dir='ltr'>infestabat.</span> 
     </span>
    </p>
   </div>
   <div class='ocr_carea' id='block_1_61' title="bbox 312 5635 1510 5708">
    <p class='ocr_par' dir='ltr' id='par_1_61' title="bbox 312 5635 1510 5708">
     <span class='ocr_line' id='line_1_61' title="bbox 312 5635 1510 5708; baseline 0.004 -20"><span class='ocrx_word' id='word_1_278' title='bbox 312 5641 504 5708; x_wconf 84' lang='lat' dir='ltr'>Neque</span> <span class='ocrx_word' id='word_1_279' title='bbox 534 5636 804 5692; x_wconf 86' lang='lat' dir='ltr'>cessabat</span> <span class='ocrx_word' id='word_1_280' title='bbox 833 5635 890 5691; x_wconf 88' lang='lat' dir='ltr'>in</span> <span class='ocrx_word' id='word_1_281' title='bbox 923 5636 1223 5694; x_wconf 85' lang='lat' dir='ltr'>occidente</span> <span class='ocrx_word' id='word_1_282' title='bbox 1256 5637 1510 5695; x_wconf 88' lang='lat' dir='ltr'>Michael</span> 
     </span>
    </p>
   </div>
   <div class='ocr_carea' id='block_1_62' title="bbox 2050 431 3388 515">
    <p class='ocr_par' dir='ltr' id='par_1_62' title="bbox 2050 431 3388 515">
     <span class='ocr_line' id='line_1_62' title="bbox 2050 431 3388 515; baseline -0.008 -17"><span class='ocrx_word' id='word_1_283' title='bbox 2050 444 2106 510; x_wconf 74' lang='grc' dir='ltr'><strong>Α</strong></span> <span class='ocrx_word' id='word_1_284' title='bbox 2314 437 2554 515; x_wconf 89' lang='grc' dir='ltr'>Μιχαὴλ</span> <span class='ocrx_word' id='word_1_285' title='bbox 2579 435 2881 514; x_wconf 86' lang='grc' dir='ltr'>Λασκάριον</span> <span class='ocrx_word' id='word_1_286' title='bbox 2916 433 3081 511; x_wconf 80' lang='grc' dir='ltr'>ἄνδρα</span> <span class='ocrx_word' id='word_1_287' title='bbox 3110 431 3388 511; x_wconf 81' lang='grc' dir='ltr'>γεννάδαν,</span> 
     </span>
    </p>
   </div>
   <div class='ocr_carea' id='block_1_63' title="bbox 2124 519 3418 604">
    <p class='ocr_par' dir='ltr' id='par_1_63' title="bbox 2124 519 3418 604">
     <span class='ocr_line' id='line_1_63' title="bbox 2124 519 3418 604; baseline -0.009 -18"><span class='ocrx_word' id='word_1_288' title='bbox 2124 530 2267 586; x_wconf 89' lang='grc'>9135</span> <span class='ocrx_word' id='word_1_289' title='bbox 2309 530 2396 586; x_wconf 89' lang='grc' dir='ltr'>Ἐν</span> <span class='ocrx_word' id='word_1_290' title='bbox 2427 526 2484 583; x_wconf 71' lang='grc' dir='ltr'>δὲ</span> <span class='ocrx_word' id='word_1_291' title='bbox 2514 525 2823 604; x_wconf 85' lang='grc' dir='ltr'>Πριλλάπῳ</span> <span class='ocrx_word' id='word_1_292' title='bbox 2855 523 3180 598; x_wconf 85' lang='grc' dir='ltr'>Σκουτέριον</span> <span class='ocrx_word' id='word_1_293' title='bbox 3208 519 3418 576; x_wconf 88' lang='grc' dir='ltr'>Ξυλέαν</span> 
     </span>
    </p>
   </div>
   <div class='ocr_carea' id='block_1_64' title="bbox 2309 608 3304 690">
    <p class='ocr_par' dir='ltr' id='par_1_64' title="bbox 2309 608 3304 690">
     <span class='ocr_line' id='line_1_64' title="bbox 2309 608 3304 690; baseline -0.011 -15"><span class='ocrx_word' id='word_1_294' title='bbox 2309 616 2656 690; x_wconf 66' lang='grc' dir='ltr'>Ἐπωθυμίαν</span> <span class='ocrx_word' id='word_1_295' title='bbox 2689 616 2887 689; x_wconf 78' lang='grc' dir='ltr'>ἀτρεκῆ</span> <span class='ocrx_word' id='word_1_296' title='bbox 2921 608 3253 685; x_wconf 81' lang='grc' dir='ltr'>κεκτημένον</span> <span class='ocrx_word' id='word_1_297' title='bbox 3291 631 3304 644; x_wconf 78' lang='grc' dir='ltr'><strong><em>ο</em></strong></span> 
     </span>
    </p>
   </div>
   <div class='ocr_carea' id='block_1_65' title="bbox 2306 698 3560 776">
    <p class='ocr_par' dir='ltr' id='par_1_65' title="bbox 2306 698 3560 776">
     <span class='ocr_line' id='line_1_65' title="bbox 2306 698 3560 776; baseline -0.007 -14"><span class='ocrx_word' id='word_1_298' title='bbox 2306 708 2391 763; x_wconf 88' lang='grc' dir='ltr'>Ἐν</span> <span class='ocrx_word' id='word_1_299' title='bbox 2425 703 2472 760; x_wconf 85' lang='grc' dir='ltr'>δ’</span> <span class='ocrx_word' id='word_1_300' title='bbox 2504 707 2566 760; x_wconf 78' lang='grc' dir='ltr'>αὖ</span> <span class='ocrx_word' id='word_1_301' title='bbox 2599 705 2848 776; x_wconf 84' lang='grc' dir='ltr'>Βελεσσῷ</span> <span class='ocrx_word' id='word_1_302' title='bbox 2877 709 2993 766; x_wconf 90' lang='grc' dir='ltr'>τοῖς</span> <span class='ocrx_word' id='word_1_303' title='bbox 3023 698 3341 776; x_wconf 72' lang='grc' dir='ltr'>περικύκλῳ</span> <span class='ocrx_word' id='word_1_304' title='bbox 3366 698 3560 762; x_wconf 79' lang='grc' dir='ltr'>τόποις</span> 
     </span>
    </p>
   </div>
   <div class='ocr_carea' id='block_1_66' title="bbox 2305 790 3426 867">
    <p class='ocr_par' dir='ltr' id='par_1_66' title="bbox 2305 790 3426 867">
     <span class='ocr_line' id='line_1_66' title="bbox 2305 790 3426 867; baseline -0.006 -17"><span class='ocrx_word' id='word_1_305' title='bbox 2305 794 2533 850; x_wconf 81' lang='grc' dir='ltr'>Φύλακα</span> <span class='ocrx_word' id='word_1_306' title='bbox 2562 792 2842 867; x_wconf 83' lang='grc' dir='ltr'>Θεόδωρον</span> <span class='ocrx_word' id='word_1_307' title='bbox 2861 793 2953 847; x_wconf 86' lang='grc' dir='ltr'>τὸν</span> <span class='ocrx_word' id='word_1_308' title='bbox 2988 790 3379 863; x_wconf 84' lang='grc' dir='ltr'>Καλαμπάκην</span> <span class='ocrx_word' id='word_1_309' title='bbox 3413 809 3426 824; x_wconf 77' lang='grc' dir='ltr'><strong>ο</strong></span> 
     </span>
    </p>
   </div>
   <div class='ocr_carea' id='block_1_67' title="bbox 2304 877 3344 959">
    <p class='ocr_par' dir='ltr' id='par_1_67' title="bbox 2304 877 3344 959">
     <span class='ocr_line' id='line_1_67' title="bbox 2304 877 3344 959; baseline -0.007 -18"><span class='ocrx_word' id='word_1_310' title='bbox 2304 882 2594 959; x_wconf 81' lang='grc' dir='ltr'>Ἰλλυριῶν</span> <span class='ocrx_word' id='word_1_311' title='bbox 2631 881 2686 937; x_wconf 73' lang='grc' dir='ltr'>δέ</span> <span class='ocrx_word' id='word_1_312' title='bbox 2715 877 2998 958; x_wconf 74' lang='grc' dir='ltr'>Χαϐάρων⁹</span> <span class='ocrx_word' id='word_1_313' title='bbox 3030 878 3344 948; x_wconf 81' lang='grc' dir='ltr'>ἐπιστάτην.</span> 
     </span>
    </p>
   </div>
   <div class='ocr_carea' id='block_1_68' title="bbox 2124 974 3396 1056">
    <p class='ocr_par' dir='ltr' id='par_1_68' title="bbox 2124 974 3396 1056">
     <span class='ocr_line' id='line_1_68' title="bbox 2124 974 3396 1056; baseline -0.007 -20"><span class='ocrx_word' id='word_1_314' title='bbox 2124 982 2266 1038; x_wconf 80' lang='grc'>91-10</span> <span class='ocrx_word' id='word_1_315' title='bbox 2308 981 2446 1055; x_wconf 67' lang='grc' dir='ltr'>[ἱρὸς</span> <span class='ocrx_word' id='word_1_316' title='bbox 2478 979 2661 1035; x_wconf 86' lang='grc' dir='ltr'>τοῖσδε</span> <span class='ocrx_word' id='word_1_317' title='bbox 2692 978 2964 1056; x_wconf 83' lang='grc' dir='ltr'>Γεώργιον</span> <span class='ocrx_word' id='word_1_318' title='bbox 2999 974 3396 1052; x_wconf 84' lang='grc' dir='ltr'>Ἀκροπολίτην</span> 
     </span>
    </p>
   </div>
   <div class='ocr_carea' id='block_1_69' title="bbox 2304 1063 3534 1145">
    <p class='ocr_par' dir='ltr' id='par_1_69' title="bbox 2304 1063 3534 1145">
     <span class='ocr_line' id='line_1_69' title="bbox 2304 1063 3534 1145; baseline -0.006 -20"><span class='ocrx_word' id='word_1_319' title='bbox 2304 1071 2582 1145; x_wconf 83' lang='grc' dir='ltr'>Ἄρχοντα</span> <span class='ocrx_word' id='word_1_320' title='bbox 2611 1071 2828 1124; x_wconf 86' lang='grc' dir='ltr'>πάντων</span> <span class='ocrx_word' id='word_1_321' title='bbox 2862 1067 2951 1122; x_wconf 84' lang='grc' dir='ltr'>καὶ</span> <span class='ocrx_word' id='word_1_322' title='bbox 2981 1064 3250 1142; x_wconf 74' lang='grc' dir='ltr'>πρόεδρον</span> <span class='ocrx_word' id='word_1_323' title='bbox 3282 1063 3534 1134; x_wconf 75' lang='grc' dir='ltr'>δεικνύει,</span> 
     </span>
    </p>
   </div>
   <div class='ocr_carea' id='block_1_70' title="bbox 2304 1153 3418 1234">
    <p class='ocr_par' dir='ltr' id='par_1_70' title="bbox 2304 1153 3418 1234">
     <span class='ocr_line' id='line_1_70' title="bbox 2304 1153 3418 1234; baseline -0.004 -20"><span class='ocrx_word' id='word_1_324' title='bbox 2304 1160 2541 1234; x_wconf 85' lang='grc' dir='ltr'>Πρόσθεν</span> <span class='ocrx_word' id='word_1_325' title='bbox 2570 1160 2808 1229; x_wconf 72' lang='grc' dir='ltr'>τιμήσας</span> <span class='ocrx_word' id='word_1_326' title='bbox 2836 1160 2906 1231; x_wconf 81' lang='grc' dir='ltr'>τῇ</span> <span class='ocrx_word' id='word_1_327' title='bbox 2936 1156 3247 1229; x_wconf 81' lang='grc' dir='ltr'>πραίτωρος</span> <span class='ocrx_word' id='word_1_328' title='bbox 3282 1153 3418 1227; x_wconf 75' lang='grc' dir='ltr'>ἀξίᾳ.</span> 
     </span>
    </p>
   </div>
   <div class='ocr_carea' id='block_1_71' title="bbox 2303 1240 3461 1324">
    <p class='ocr_par' dir='ltr' id='par_1_71' title="bbox 2303 1240 3461 1324">
     <span class='ocr_line' id='line_1_71' title="bbox 2303 1240 3461 1324; baseline -0.004 -22"><span class='ocrx_word' id='word_1_329' title='bbox 2303 1247 2492 1310; x_wconf 77' lang='grc' dir='ltr'>Οὕτως</span> <span class='ocrx_word' id='word_1_330' title='bbox 2525 1249 2720 1324; x_wconf 81' lang='grc' dir='ltr'>ἀφῖκτο</span> <span class='ocrx_word' id='word_1_331' title='bbox 2752 1246 2891 1322; x_wconf 87' lang='grc' dir='ltr'>πρὸς</span> <span class='ocrx_word' id='word_1_332' title='bbox 2919 1240 3082 1300; x_wconf 79' lang='grc' dir='ltr'>πόλιν</span> <span class='ocrx_word' id='word_1_333' title='bbox 3113 1243 3461 1321; x_wconf 80' lang='grc' dir='ltr'>Βερῥοιαίων,</span> 
     </span>
    </p>
   </div>
   <div class='ocr_carea' id='block_1_72' title="bbox 2300 1331 3555 1412">
    <p class='ocr_par' dir='ltr' id='par_1_72' title="bbox 2300 1331 3555 1412">
     <span class='ocr_line' id='line_1_72' title="bbox 2300 1331 3555 1412; baseline -0.004 -20"><span class='ocrx_word' id='word_1_334' title='bbox 2300 1337 2531 1392; x_wconf 83' lang='grc' dir='ltr'>Κάκεῖσε</span> <span class='ocrx_word' id='word_1_335' title='bbox 2559 1331 2812 1412; x_wconf 73' lang='grc' dir='ltr'>πρέσϐεις</span> <span class='ocrx_word' id='word_1_336' title='bbox 2842 1333 3248 1410; x_wconf 72' lang='grc' dir='ltr'>προσμένοντας</span> <span class='ocrx_word' id='word_1_337' title='bbox 3277 1336 3373 1388; x_wconf 78' lang='grc' dir='ltr'>τοῦ</span> <span class='ocrx_word' id='word_1_338' title='bbox 3401 1334 3555 1387; x_wconf 86' lang='grc' dir='ltr'>πάπα</span> 
     </span>
    </p>
   </div>
   <div class='ocr_carea' id='block_1_73' title="bbox 2120 1420 3462 1498">
    <p class='ocr_par' dir='ltr' id='par_1_73' title="bbox 2120 1420 3462 1498">
     <span class='ocr_line' id='line_1_73' title="bbox 2120 1420 3462 1498; baseline -0.004 -17"><span class='ocrx_word' id='word_1_339' title='bbox 2120 1428 2263 1484; x_wconf 74' lang='grc'>9145</span> <span class='ocrx_word' id='word_1_340' title='bbox 2300 1428 2375 1483; x_wconf 77' lang='grc' dir='ltr'>Εὖ</span> <span class='ocrx_word' id='word_1_341' title='bbox 2403 1427 2470 1481; x_wconf 77' lang='grc' dir='ltr'>τὰ</span> <span class='ocrx_word' id='word_1_342' title='bbox 2499 1428 2614 1481; x_wconf 87' lang='grc' dir='ltr'>κατ’</span> <span class='ocrx_word' id='word_1_343' title='bbox 2643 1425 2840 1487; x_wconf 77' lang='grc' dir='ltr'>αὐτοὺς</span> <span class='ocrx_word' id='word_1_344' title='bbox 2873 1422 3076 1485; x_wconf 81' lang='grc' dir='ltr'>διαθεὶς</span> <span class='ocrx_word' id='word_1_345' title='bbox 3110 1423 3290 1498; x_wconf 71' lang='grc' dir='ltr'>ὥσπερ</span> <span class='ocrx_word' id='word_1_346' title='bbox 3323 1420 3462 1494; x_wconf 84' lang='grc' dir='ltr'>δέον,</span> 
     </span>
    </p>
   </div>
   <div class='ocr_carea' id='block_1_74' title="bbox 2298 1509 3512 1592">
    <p class='ocr_par' dir='ltr' id='par_1_74' title="bbox 2298 1509 3512 1592">
     <span class='ocr_line' id='line_1_74' title="bbox 2298 1509 3512 1592; baseline -0.002 -22"><span class='ocrx_word' id='word_1_347' title='bbox 2298 1517 2677 1592; x_wconf 68' lang='grc' dir='ltr'>Ὑποστρέφειν</span> <span class='ocrx_word' id='word_1_348' title='bbox 2709 1512 2933 1589; x_wconf 75' lang='grc' dir='ltr'>δέδρακε</span> <span class='ocrx_word' id='word_1_349' title='bbox 2963 1513 3098 1590; x_wconf 86' lang='grc' dir='ltr'>πρὸς</span> <span class='ocrx_word' id='word_1_350' title='bbox 3129 1513 3227 1580; x_wconf 82' lang='grc' dir='ltr'>τὴν</span> <span class='ocrx_word' id='word_1_351' title='bbox 3257 1509 3512 1586; x_wconf 81' lang='grc' dir='ltr'>πατρίδα.</span> 
     </span>
    </p>
   </div>
   <div class='ocr_carea' id='block_1_75' title="bbox 2299 1596 3483 1678">
    <p class='ocr_par' dir='ltr' id='par_1_75' title="bbox 2299 1596 3483 1678">
     <span class='ocr_line' id='line_1_75' title="bbox 2299 1596 3483 1678; baseline -0.004 -19"><span class='ocrx_word' id='word_1_352' title='bbox 2299 1604 2431 1660; x_wconf 81' lang='grc' dir='ltr'>Εἶτα</span> <span class='ocrx_word' id='word_1_353' title='bbox 2460 1602 2745 1678; x_wconf 82' lang='grc' dir='ltr'>παρελθὼν</span> <span class='ocrx_word' id='word_1_354' title='bbox 2780 1603 3041 1678; x_wconf 82' lang='grc' dir='ltr'>φρούριον</span> <span class='ocrx_word' id='word_1_355' title='bbox 3076 1605 3184 1656; x_wconf 84' lang='grc' dir='ltr'>τῶν</span> <span class='ocrx_word' id='word_1_356' title='bbox 3219 1596 3483 1675; x_wconf 78' lang='grc' dir='ltr'>Σερϐίων,</span> 
     </span>
    </p>
   </div>
   <div class='ocr_carea' id='block_1_76' title="bbox 2303 1687 3455 1768">
    <p class='ocr_par' dir='ltr' id='par_1_76' title="bbox 2303 1687 3455 1768">
     <span class='ocr_line' id='line_1_76' title="bbox 2303 1687 3455 1768; baseline -0.006 -17"><span class='ocrx_word' id='word_1_357' title='bbox 2303 1693 2406 1751; x_wconf 84' lang='grc' dir='ltr'>Καὶ</span> <span class='ocrx_word' id='word_1_358' title='bbox 2439 1692 2732 1768; x_wconf 80' lang='grc' dir='ltr'>Καστορίαν</span> <span class='ocrx_word' id='word_1_359' title='bbox 2765 1691 3113 1766; x_wconf 73' lang='grc' dir='ltr'>παραμείψας</span> <span class='ocrx_word' id='word_1_360' title='bbox 3141 1691 3240 1759; x_wconf 81' lang='grc' dir='ltr'>τὴν</span> <span class='ocrx_word' id='word_1_361' title='bbox 3268 1687 3455 1762; x_wconf 88' lang='grc' dir='ltr'>πόλιν,</span> 
     </span>
    </p>
   </div>
   <div class='ocr_carea' id='block_1_77' title="bbox 2299 1774 3488 1859">
    <p class='ocr_par' dir='ltr' id='par_1_77' title="bbox 2299 1774 3488 1859">
     <span class='ocr_line' id='line_1_77' title="bbox 2299 1774 3488 1859; baseline -0.005 -21"><span class='ocrx_word' id='word_1_362' title='bbox 2299 1785 2375 1838; x_wconf 87' lang='grc' dir='ltr'>Δι’</span> <span class='ocrx_word' id='word_1_363' title='bbox 2409 1779 2671 1858; x_wconf 84' lang='grc' dir='ltr'>Ἀχρίδος</span> <span class='ocrx_word' id='word_1_364' title='bbox 2701 1777 2965 1859; x_wconf 74' lang='grc' dir='ltr'>πέφθακεν</span> <span class='ocrx_word' id='word_1_365' title='bbox 2999 1774 3269 1835; x_wconf 73' lang='grc' dir='ltr'>’Λλϐάνου</span> <span class='ocrx_word' id='word_1_366' title='bbox 3301 1779 3488 1851; x_wconf 86' lang='grc' dir='ltr'>τόπον,</span> 
     </span>
    </p>
   </div>
   <div class='ocr_carea' id='block_1_78' title="bbox 2118 1867 3412 1943">
    <p class='ocr_par' dir='ltr' id='par_1_78' title="bbox 2118 1867 3412 1943">
     <span class='ocr_line' id='line_1_78' title="bbox 2118 1867 3412 1943; baseline -0.006 -14"><span class='ocrx_word' id='word_1_367' title='bbox 2118 1874 2260 1943; x_wconf 69' lang='grc'>9150</span> <span class='ocrx_word' id='word_1_368' title='bbox 2297 1873 2554 1928; x_wconf 78' lang='grc' dir='ltr'>Κάκεῖθεν</span> <span class='ocrx_word' id='word_1_369' title='bbox 2584 1873 2710 1939; x_wconf 71' lang='grc' dir='ltr'>ἧκεν</span> <span class='ocrx_word' id='word_1_370' title='bbox 2747 1870 2824 1932; x_wconf 82' lang='grc' dir='ltr'>εἷς</span> <span class='ocrx_word' id='word_1_371' title='bbox 2859 1867 3191 1942; x_wconf 84' lang='grc' dir='ltr'>Ἐπίδαμνον</span> <span class='ocrx_word' id='word_1_372' title='bbox 3225 1867 3412 1941; x_wconf 89' lang='grc' dir='ltr'>πόλιν,</span> 
     </span>
    </p>
   </div>
   <div class='ocr_carea' id='block_1_79' title="bbox 2295 1954 3380 2027">
    <p class='ocr_par' dir='ltr' id='par_1_79' title="bbox 2295 1954 3380 2027">
     <span class='ocr_line' id='line_1_79' title="bbox 2295 1954 3380 2027; baseline -0.005 -11"><span class='ocrx_word' id='word_1_373' title='bbox 2295 1961 2459 2016; x_wconf 81' lang='grc' dir='ltr'>Κάκεῖ</span> <span class='ocrx_word' id='word_1_374' title='bbox 2490 1957 2688 2022; x_wconf 83' lang='grc' dir='ltr'>διαθεὶς</span> <span class='ocrx_word' id='word_1_375' title='bbox 2719 1959 2784 2014; x_wconf 81' lang='grc' dir='ltr'>τὰ</span> <span class='ocrx_word' id='word_1_376' title='bbox 2811 1963 2948 2013; x_wconf 88' lang='grc' dir='ltr'>κατὰ</span> <span class='ocrx_word' id='word_1_377' title='bbox 2974 1962 3100 2013; x_wconf 81' lang='grc' dir='ltr'>νοῦν</span> <span class='ocrx_word' id='word_1_378' title='bbox 3132 1958 3207 2021; x_wconf 81' lang='grc' dir='ltr'>ὡς</span> <span class='ocrx_word' id='word_1_379' title='bbox 3240 1954 3380 2027; x_wconf 90' lang='grc' dir='ltr'>δέον,</span> 
     </span>
    </p>
   </div>
   <div class='ocr_carea' id='block_1_80' title="bbox 2295 2044 3389 2117">
    <p class='ocr_par' dir='ltr' id='par_1_80' title="bbox 2295 2044 3389 2117">
     <span class='ocr_line' id='line_1_80' title="bbox 2295 2044 3389 2117; baseline -0.005 -12"><span class='ocrx_word' id='word_1_380' title='bbox 2295 2051 2394 2105; x_wconf 80' lang='grc' dir='ltr'>Διά</span> <span class='ocrx_word' id='word_1_381' title='bbox 2425 2044 2729 2110; x_wconf 73' lang='grc' dir='ltr'>Χουναϐίας</span> <span class='ocrx_word' id='word_1_382' title='bbox 2755 2069 2814 2103; x_wconf 83' lang='grc' dir='ltr'>τε</span> <span class='ocrx_word' id='word_1_383' title='bbox 2841 2047 2930 2102; x_wconf 87' lang='grc' dir='ltr'>καὶ</span> <span class='ocrx_word' id='word_1_384' title='bbox 2962 2047 3152 2117; x_wconf 78' lang='grc' dir='ltr'>Μάτης</span> <span class='ocrx_word' id='word_1_385' title='bbox 3180 2047 3389 2115; x_wconf 85' lang='grc' dir='ltr'>τόπων,</span> 
     </span>
    </p>
   </div>
   <div class='ocr_carea' id='block_1_81' title="bbox 2297 2133 3423 2212">
    <p class='ocr_par' dir='ltr' id='par_1_81' title="bbox 2297 2133 3423 2212">
     <span class='ocr_line' id='line_1_81' title="bbox 2297 2133 3423 2212; baseline -0.004 -17"><span class='ocrx_word' id='word_1_386' title='bbox 2297 2133 2612 2207; x_wconf 71' lang='grc' dir='ltr'>Κιτζάϐεως</span> <span class='ocrx_word' id='word_1_387' title='bbox 2641 2136 2844 2212; x_wconf 86' lang='grc' dir='ltr'>Δεύρης</span> <span class='ocrx_word' id='word_1_388' title='bbox 2863 2157 2921 2192; x_wconf 81' lang='grc' dir='ltr'>τε</span> <span class='ocrx_word' id='word_1_389' title='bbox 2950 2141 3057 2190; x_wconf 79' lang='grc' dir='ltr'>τῶν</span> <span class='ocrx_word' id='word_1_390' title='bbox 3091 2134 3423 2210; x_wconf 77' lang='grc' dir='ltr'>πολιχνίων,</span> 
     </span>
    </p>
   </div>
   <div class='ocr_carea' id='block_1_82' title="bbox 2294 2221 3428 2301">
    <p class='ocr_par' dir='ltr' id='par_1_82' title="bbox 2294 2221 3428 2301">
     <span class='ocr_line' id='line_1_82' title="bbox 2294 2221 3428 2301; baseline -0.004 -19"><span class='ocrx_word' id='word_1_391' title='bbox 2294 2228 2381 2290; x_wconf 69' lang='grc' dir='ltr'>Ὠς</span> <span class='ocrx_word' id='word_1_392' title='bbox 2414 2230 2533 2301; x_wconf 81' lang='grc' dir='ltr'>εἶχε</span> <span class='ocrx_word' id='word_1_393' title='bbox 2563 2221 2854 2281; x_wconf 74' lang='grc' dir='ltr'>κατέλαϐεν</span> <span class='ocrx_word' id='word_1_394' title='bbox 2891 2226 3020 2279; x_wconf 81' lang='grc' dir='ltr'>ἄστυ</span> <span class='ocrx_word' id='word_1_395' title='bbox 3051 2223 3379 2300; x_wconf 82' lang='grc' dir='ltr'>Πριλλάπου</span> <span class='ocrx_word' id='word_1_396' title='bbox 3415 2244 3428 2256; x_wconf 83' lang='grc'><em>’</em></span> 
     </span>
    </p>
   </div>
   <div class='ocr_carea' id='block_1_83' title="bbox 2112 2318 3275 2396">
    <p class='ocr_par' dir='ltr' id='par_1_83' title="bbox 2112 2318 3275 2396">
     <span class='ocr_line' id='line_1_83' title="bbox 2112 2318 3275 2396; baseline -0.005 -14"><span class='ocrx_word' id='word_1_397' title='bbox 2112 2328 2255 2382; x_wconf 88' lang='grc'>9155</span> <span class='ocrx_word' id='word_1_398' title='bbox 2291 2327 2458 2389; x_wconf 83' lang='grc' dir='ltr'>Ἔνθα</span> <span class='ocrx_word' id='word_1_399' title='bbox 2479 2318 2813 2396; x_wconf 75' lang='grc' dir='ltr'>διατρίϐοντι</span> <span class='ocrx_word' id='word_1_400' title='bbox 2844 2325 2959 2378; x_wconf 86' lang='grc' dir='ltr'>κατ’</span> <span class='ocrx_word' id='word_1_401' title='bbox 2993 2321 3120 2376; x_wconf 82' lang='grc' dir='ltr'>ἄστυ</span> <span class='ocrx_word' id='word_1_402' title='bbox 3149 2319 3275 2376; x_wconf 87' lang='grc' dir='ltr'>τόδε</span> 
     </span>
    </p>
   </div>
   <div class='ocr_carea' id='block_1_84' title="bbox 2292 2410 3345 2491">
    <p class='ocr_par' dir='ltr' id='par_1_84' title="bbox 2292 2410 3345 2491">
     <span class='ocr_line' id='line_1_84' title="bbox 2292 2410 3345 2491; baseline -0.004 -22"><span class='ocrx_word' id='word_1_403' title='bbox 2292 2410 2629 2489; x_wconf 81' lang='grc' dir='ltr'>Δυσάγγελος</span> <span class='ocrx_word' id='word_1_404' title='bbox 2663 2415 2734 2491; x_wconf 77' lang='grc' dir='ltr'>φή</span> <span class='ocrx_word' id='word_1_405' title='bbox 2748 2434 2822 2485; x_wconf 91' lang='grc' dir='ltr'>μη</span> <span class='ocrx_word' id='word_1_406' title='bbox 2853 2434 2937 2475; x_wconf 86' lang='grc' dir='ltr'>τις</span> <span class='ocrx_word' id='word_1_407' title='bbox 2966 2412 3096 2480; x_wconf 81' lang='grc' dir='ltr'>ἧκεν</span> <span class='ocrx_word' id='word_1_408' title='bbox 3125 2411 3345 2487; x_wconf 81' lang='grc' dir='ltr'>ἀθρόον,</span> 
     </span>
    </p>
   </div>
   <div class='ocr_carea' id='block_1_85' title="bbox 2288 2496 3480 2578">
    <p class='ocr_par' dir='ltr' id='par_1_85' title="bbox 2288 2496 3480 2578">
     <span class='ocr_line' id='line_1_85' title="bbox 2288 2496 3480 2578; baseline -0.007 -17"><span class='ocrx_word' id='word_1_409' title='bbox 2288 2506 2412 2561; x_wconf 76' lang='grc' dir='ltr'>’Ὁτι</span> <span class='ocrx_word' id='word_1_410' title='bbox 2444 2523 2544 2578; x_wconf 88' lang='grc' dir='ltr'>περ</span> <span class='ocrx_word' id='word_1_411' title='bbox 2577 2501 2742 2564; x_wconf 79' lang='grc' dir='ltr'>ἁλοὺς</span> <span class='ocrx_word' id='word_1_412' title='bbox 2772 2496 3035 2577; x_wconf 78' lang='grc' dir='ltr'>Χαϐάρων</span> <span class='ocrx_word' id='word_1_413' title='bbox 3069 2503 3480 2562; x_wconf 88' lang='grc' dir='ltr'>Κωνσταντῖνος</span> 
     </span>
    </p>
   </div>
   <div class='ocr_carea' id='block_1_86' title="bbox 2291 2589 3403 2666">
    <p class='ocr_par' dir='ltr' id='par_1_86' title="bbox 2291 2589 3403 2666">
     <span class='ocr_line' id='line_1_86' title="bbox 2291 2589 3403 2666; baseline -0.005 -17"><span class='ocrx_word' id='word_1_414' title='bbox 2291 2596 2375 2650; x_wconf 85' lang='grc' dir='ltr'>Ἐν</span> <span class='ocrx_word' id='word_1_415' title='bbox 2405 2590 2719 2664; x_wconf 80' lang='grc' dir='ltr'>καστελλίῳ</span> <span class='ocrx_word' id='word_1_416' title='bbox 2748 2591 2989 2646; x_wconf 85' lang='grc' dir='ltr'>Κανίνων</span> <span class='ocrx_word' id='word_1_417' title='bbox 3017 2591 3156 2666; x_wconf 91' lang='grc' dir='ltr'>πρὸς</span> <span class='ocrx_word' id='word_1_418' title='bbox 3189 2589 3403 2664; x_wconf 82' lang='grc' dir='ltr'>Μαρίας</span> 
     </span>
    </p>
   </div>
   <div class='ocr_carea' id='block_1_87' title="bbox 2288 2676 3444 2757">
    <p class='ocr_par' dir='ltr' id='par_1_87' title="bbox 2288 2676 3444 2757">
     <span class='ocr_line' id='line_1_87' title="bbox 2288 2676 3444 2757; baseline -0.004 -20"><span class='ocrx_word' id='word_1_419' title='bbox 2288 2678 2735 2757; x_wconf 75' lang='grc' dir='ltr'>Γυναικαδέλφης</span> <span class='ocrx_word' id='word_1_420' title='bbox 2762 2679 2998 2754; x_wconf 78' lang='grc' dir='ltr'>Μιχαὴλ</span> <span class='ocrx_word' id='word_1_421' title='bbox 3027 2683 3124 2734; x_wconf 82' lang='grc' dir='ltr'>τοῦ</span> <span class='ocrx_word' id='word_1_422' title='bbox 3156 2676 3444 2751; x_wconf 81' lang='grc' dir='ltr'>δεσπότου,</span> 
     </span>
    </p>
   </div>
   <div class='ocr_carea' id='block_1_88' title="bbox 2108 2768 3358 2846">
    <p class='ocr_par' dir='ltr' id='par_1_88' title="bbox 2108 2768 3358 2846">
     <span class='ocr_line' id='line_1_88' title="bbox 2108 2768 3358 2846; baseline -0.006 -18"><span class='ocrx_word' id='word_1_423' title='bbox 2108 2774 2250 2828; x_wconf 84' lang='grc'>9160</span> <span class='ocrx_word' id='word_1_424' title='bbox 2289 2769 2725 2846; x_wconf 85' lang='grc' dir='ltr'>Ἐρωτοδέσμαις</span> <span class='ocrx_word' id='word_1_425' title='bbox 2755 2768 3051 2840; x_wconf 78' lang='grc' dir='ltr'>ἀπατηθεὶς</span> <span class='ocrx_word' id='word_1_426' title='bbox 3078 2769 3164 2824; x_wconf 80' lang='grc' dir='ltr'>καὶ</span> <span class='ocrx_word' id='word_1_427' title='bbox 3198 2768 3358 2842; x_wconf 80' lang='grc' dir='ltr'>γάμῳ</span> 
     </span>
    </p>
   </div>
   <div class='ocr_carea' id='block_1_89' title="bbox 2284 2855 3433 2936">
    <p class='ocr_par' dir='ltr' id='par_1_89' title="bbox 2284 2855 3433 2936">
     <span class='ocr_line' id='line_1_89' title="bbox 2284 2855 3433 2936; baseline -0.003 -20"><span class='ocrx_word' id='word_1_428' title='bbox 2284 2862 2520 2936; x_wconf 71' lang='grc' dir='ltr'>Εἱρκτὴν</span> <span class='ocrx_word' id='word_1_429' title='bbox 2553 2858 2907 2934; x_wconf 86' lang='grc' dir='ltr'>κατακέκριτο</span> <span class='ocrx_word' id='word_1_430' title='bbox 2937 2857 3100 2914; x_wconf 85' lang='grc' dir='ltr'>κλοιὰ</span> <span class='ocrx_word' id='word_1_431' title='bbox 3128 2859 3216 2912; x_wconf 82' lang='grc' dir='ltr'>καὶ</span> <span class='ocrx_word' id='word_1_432' title='bbox 3248 2855 3433 2920; x_wconf 88' lang='grc' dir='ltr'>πέδας.</span> 
     </span>
    </p>
   </div>
   <div class='ocr_carea' id='block_1_90' title="bbox 2285 2945 3336 3023">
    <p class='ocr_par' dir='ltr' id='par_1_90' title="bbox 2285 2945 3336 3023">
     <span class='ocr_line' id='line_1_90' title="bbox 2285 2945 3336 3023; baseline -0.003 -19"><span class='ocrx_word' id='word_1_433' title='bbox 2285 2950 2386 3004; x_wconf 82' lang='grc' dir='ltr'>Καὶ</span> <span class='ocrx_word' id='word_1_434' title='bbox 2414 2954 2710 3020; x_wconf 74' lang='grc' dir='ltr'>τηνικαῦτα</span> <span class='ocrx_word' id='word_1_435' title='bbox 2742 2946 2972 3023; x_wconf 77' lang='grc' dir='ltr'>Μιχαὴλ</span> <span class='ocrx_word' id='word_1_436' title='bbox 3006 2949 3034 3002; x_wconf 83' lang='grc' dir='ltr'>ὁ</span> <span class='ocrx_word' id='word_1_437' title='bbox 3067 2945 3336 3017; x_wconf 80' lang='grc' dir='ltr'>δεσπότης</span> 
     </span>
    </p>
   </div>
   <div class='ocr_carea' id='block_1_91' title="bbox 2283 3031 3515 3113">
    <p class='ocr_par' dir='ltr' id='par_1_91' title="bbox 2283 3031 3515 3113">
     <span class='ocr_line' id='line_1_91' title="bbox 2283 3031 3515 3113; baseline -0.004 -18"><span class='ocrx_word' id='word_1_438' title='bbox 2283 3039 2394 3100; x_wconf 82' lang='grc' dir='ltr'>Τὰς</span> <span class='ocrx_word' id='word_1_439' title='bbox 2421 3039 2556 3112; x_wconf 80' lang='grc' dir='ltr'>πρὸς</span> <span class='ocrx_word' id='word_1_440' title='bbox 2582 3042 2880 3113; x_wconf 80' lang='grc' dir='ltr'>κρατοῦντα</span> <span class='ocrx_word' id='word_1_441' title='bbox 2911 3031 3204 3108; x_wconf 73' lang='grc' dir='ltr'>συμϐάσεις</span> <span class='ocrx_word' id='word_1_442' title='bbox 3232 3033 3515 3106; x_wconf 73' lang='grc' dir='ltr'>διαλύσας,</span> 
     </span>
    </p>
   </div>
   <div class='ocr_carea' id='block_1_92' title="bbox 2029 3124 3390 3228">
    <p class='ocr_par' dir='ltr' id='par_1_92' title="bbox 2029 3124 3390 3228">
     <span class='ocr_line' id='line_1_92' title="bbox 2029 3124 3390 3228; baseline -0.004 -43"><span class='ocrx_word' id='word_1_443' title='bbox 2029 3162 2070 3228; x_wconf 78' lang='lat' dir='ltr'>C</span> <span class='ocrx_word' id='word_1_444' title='bbox 2287 3128 2482 3204; x_wconf 85' lang='grc' dir='ltr'>Χώρας</span> <span class='ocrx_word' id='word_1_445' title='bbox 2515 3126 2673 3201; x_wconf 80' lang='grc' dir='ltr'>ἐπῄει</span> <span class='ocrx_word' id='word_1_446' title='bbox 2701 3125 3016 3200; x_wconf 77' lang='grc' dir='ltr'>Ῥωμαϊκὰς</span> <span class='ocrx_word' id='word_1_447' title='bbox 3046 3125 3138 3180; x_wconf 78' lang='grc' dir='ltr'>σὺν</span> <span class='ocrx_word' id='word_1_448' title='bbox 3173 3124 3390 3194; x_wconf 82' lang='grc' dir='ltr'>ὅπλοις,</span> 
     </span>
    </p>
   </div>
   <div class='ocr_carea' id='block_1_93' title="bbox 2109 3219 3284 3296">
    <p class='ocr_par' dir='ltr' id='par_1_93' title="bbox 2109 3219 3284 3296">
     <span class='ocr_line' id='line_1_93' title="bbox 2109 3219 3284 3296; baseline -0.005 -17"><span class='ocrx_word' id='word_1_449' title='bbox 2109 3225 2254 3280; x_wconf 86' lang='grc'>9165</span> <span class='ocrx_word' id='word_1_450' title='bbox 2291 3221 2471 3277; x_wconf 60' lang='lat' dir='ltr'>nam</span> <span class='ocrx_word' id='word_1_451' title='bbox 2500 3243 2558 3277; x_wconf 84' lang='grc' dir='ltr'>τε</span> <span class='ocrx_word' id='word_1_452' title='bbox 2587 3219 2893 3295; x_wconf 80' lang='grc' dir='ltr'>κατέδραμε</span> <span class='ocrx_word' id='word_1_453' title='bbox 2925 3219 3284 3296; x_wconf 85' lang='grc' dir='ltr'>Πελαγονίαν,</span> 
     </span>
    </p>
   </div>
   <div class='ocr_carea' id='block_1_94' title="bbox 2282 3307 3558 3386">
    <p class='ocr_par' dir='ltr' id='par_1_94' title="bbox 2282 3307 3558 3386">
     <span class='ocr_line' id='line_1_94' title="bbox 2282 3307 3558 3386; baseline -0.005 -17"><span class='ocrx_word' id='word_1_454' title='bbox 2282 3313 2384 3369; x_wconf 85' lang='grc' dir='ltr'>Καὶ</span> <span class='ocrx_word' id='word_1_455' title='bbox 2414 3312 2507 3366; x_wconf 86' lang='grc' dir='ltr'>τὸν</span> <span class='ocrx_word' id='word_1_456' title='bbox 2540 3310 2694 3386; x_wconf 80' lang='grc' dir='ltr'>πέριξ</span> <span class='ocrx_word' id='word_1_457' title='bbox 2728 3312 2938 3365; x_wconf 83' lang='grc' dir='ltr'>ἅπαντα</span> <span class='ocrx_word' id='word_1_458' title='bbox 2965 3314 3149 3386; x_wconf 81' lang='grc' dir='ltr'>χῶρον</span> <span class='ocrx_word' id='word_1_459' title='bbox 3182 3307 3510 3384; x_wconf 83' lang='grc' dir='ltr'>Πριλλάπου</span> <span class='ocrx_word' id='word_1_460' title='bbox 3543 3327 3558 3340; x_wconf 85' lang='grc'><strong>·</strong></span> 
     </span>
    </p>
   </div>
   <div class='ocr_carea' id='block_1_95' title="bbox 2281 3396 3519 3477">
    <p class='ocr_par' dir='ltr' id='par_1_95' title="bbox 2281 3396 3519 3477">
     <span class='ocr_line' id='line_1_95' title="bbox 2281 3396 3519 3477; baseline -0.003 -21"><span class='ocrx_word' id='word_1_461' title='bbox 2281 3401 2354 3456; x_wconf 88' lang='grc' dir='ltr'>Τὸ</span> <span class='ocrx_word' id='word_1_462' title='bbox 2385 3400 2647 3477; x_wconf 75' lang='grc' dir='ltr'>φρούριον</span> <span class='ocrx_word' id='word_1_463' title='bbox 2681 3399 2937 3456; x_wconf 76' lang='grc' dir='ltr'>λέλειπτο</span> <span class='ocrx_word' id='word_1_464' title='bbox 2975 3396 3296 3472; x_wconf 79' lang='grc' dir='ltr'>Πριλλάπου</span> <span class='ocrx_word' id='word_1_465' title='bbox 3332 3399 3519 3471; x_wconf 85' lang='grc' dir='ltr'>μόνον,</span> 
     </span>
    </p>
   </div>
   <div class='ocr_carea' id='block_1_96' title="bbox 2278 3483 3408 3565">
    <p class='ocr_par' dir='ltr' id='par_1_96' title="bbox 2278 3483 3408 3565">
     <span class='ocr_line' id='line_1_96' title="bbox 2278 3483 3408 3565; baseline -0.004 -19"><span class='ocrx_word' id='word_1_466' title='bbox 2278 3493 2454 3564; x_wconf 80' lang='grc' dir='ltr'>’Ὀπερ</span> <span class='ocrx_word' id='word_1_467' title='bbox 2485 3487 2802 3565; x_wconf 76' lang='grc' dir='ltr'>προδόντων</span> <span class='ocrx_word' id='word_1_468' title='bbox 2835 3483 3098 3544; x_wconf 73' lang='grc' dir='ltr'>συνέλαϐε</span> <span class='ocrx_word' id='word_1_469' title='bbox 3126 3487 3214 3542; x_wconf 81' lang='grc' dir='ltr'>καὶ</span> <span class='ocrx_word' id='word_1_470' title='bbox 3239 3485 3362 3542; x_wconf 88' lang='grc' dir='ltr'>τόδε</span> <span class='ocrx_word' id='word_1_471' title='bbox 3396 3507 3408 3520; x_wconf 86' lang='grc'><strong>·</strong></span> 
     </span>
    </p>
   </div>
   <div class='ocr_carea' id='block_1_97' title="bbox 2280 3573 3392 3653">
    <p class='ocr_par' dir='ltr' id='par_1_97' title="bbox 2280 3573 3392 3653">
     <span class='ocr_line' id='line_1_97' title="bbox 2280 3573 3392 3653; baseline -0.005 -17"><span class='ocrx_word' id='word_1_472' title='bbox 2280 3577 2685 3652; x_wconf 81' lang='grc' dir='ltr'>Ἀκροπολίτης</span> <span class='ocrx_word' id='word_1_473' title='bbox 2719 3576 2764 3634; x_wconf 86' lang='grc' dir='ltr'>δ’</span> <span class='ocrx_word' id='word_1_474' title='bbox 2799 3578 3034 3653; x_wconf 82' lang='grc' dir='ltr'>εὑρεθεὶς</span> <span class='ocrx_word' id='word_1_475' title='bbox 3067 3573 3218 3632; x_wconf 84' lang='grc' dir='ltr'>ἔνδον</span> <span class='ocrx_word' id='word_1_476' title='bbox 3250 3575 3392 3646; x_wconf 86' lang='grc' dir='ltr'>τότε,</span> 
     </span>
    </p>
   </div>
   <div class='ocr_carea' id='block_1_98' title="bbox 2098 3662 3304 3743">
    <p class='ocr_par' dir='ltr' id='par_1_98' title="bbox 2098 3662 3304 3743">
     <span class='ocr_line' id='line_1_98' title="bbox 2098 3662 3304 3743; baseline -0.003 -19"><span class='ocrx_word' id='word_1_477' title='bbox 2098 3671 2242 3726; x_wconf 88' lang='grc'>9170</span> <span class='ocrx_word' id='word_1_478' title='bbox 2281 3667 2584 3741; x_wconf 84' lang='grc' dir='ltr'>Ἐρύματός</span> <span class='ocrx_word' id='word_1_479' title='bbox 2613 3689 2666 3722; x_wconf 93' lang='grc' dir='ltr'>τι</span> <span class='ocrx_word' id='word_1_480' title='bbox 2695 3662 3018 3722; x_wconf 74' lang='grc' dir='ltr'>καταλαϐὼν</span> <span class='ocrx_word' id='word_1_481' title='bbox 3050 3667 3304 3743; x_wconf 81' lang='grc' dir='ltr'>πυργίον,</span> 
     </span>
    </p>
   </div>
   <div class='ocr_carea' id='block_1_99' title="bbox 2281 3750 3436 3830">
    <p class='ocr_par' dir='ltr' id='par_1_99' title="bbox 2281 3750 3436 3830">
     <span class='ocr_line' id='line_1_99' title="bbox 2281 3750 3436 3830; baseline -0.003 -18"><span class='ocrx_word' id='word_1_482' title='bbox 2281 3759 2424 3813; x_wconf 84' lang='grc' dir='ltr'>Ἐκεῖ</span> <span class='ocrx_word' id='word_1_483' title='bbox 2454 3754 2629 3830; x_wconf 77' lang='grc' dir='ltr'>διῆγε,</span> <span class='ocrx_word' id='word_1_484' title='bbox 2659 3755 2750 3810; x_wconf 86' lang='grc' dir='ltr'>καὶ</span> <span class='ocrx_word' id='word_1_485' title='bbox 2784 3750 2966 3810; x_wconf 79' lang='grc' dir='ltr'>λαϐὼν</span> <span class='ocrx_word' id='word_1_486' title='bbox 3001 3755 3136 3830; x_wconf 87' lang='grc' dir='ltr'>πρὸς</span> <span class='ocrx_word' id='word_1_487' title='bbox 3169 3752 3436 3810; x_wconf 79' lang='grc' dir='ltr'>δεσπότου</span> 
     </span>
    </p>
   </div>
   <div class='ocr_carea' id='block_1_100' title="bbox 2275 3845 3215 3923">
    <p class='ocr_par' dir='ltr' id='par_1_100' title="bbox 2275 3845 3215 3923">
     <span class='ocr_line' id='line_1_100' title="bbox 2275 3845 3215 3923; baseline -0.005 -20"><span class='ocrx_word' id='word_1_488' title='bbox 2275 3848 2472 3922; x_wconf 86' lang='grc' dir='ltr'>Ὃρκια</span> <span class='ocrx_word' id='word_1_489' title='bbox 2496 3850 2676 3900; x_wconf 83' lang='grc' dir='ltr'>κακῶν</span> <span class='ocrx_word' id='word_1_490' title='bbox 2708 3845 2888 3913; x_wconf 83' lang='grc' dir='ltr'>ἀπαθῆ</span> <span class='ocrx_word' id='word_1_491' title='bbox 2922 3845 3215 3923; x_wconf 73' lang='grc' dir='ltr'>πεφηνέναι</span> 
     </span>
    </p>
   </div>
   <div class='ocr_carea' id='block_1_101' title="bbox 2278 3931 3406 4008">
    <p class='ocr_par' dir='ltr' id='par_1_101' title="bbox 2278 3931 3406 4008">
     <span class='ocr_line' id='line_1_101' title="bbox 2278 3931 3406 4008; baseline -0.002 -19"><span class='ocrx_word' id='word_1_492' title='bbox 2278 3936 2378 3990; x_wconf 83' lang='grc' dir='ltr'>Καὶ</span> <span class='ocrx_word' id='word_1_493' title='bbox 2410 3935 2870 4008; x_wconf 71' lang='grc' dir='ltr'>παραπεμφθῆναι</span> <span class='ocrx_word' id='word_1_494' title='bbox 2905 3931 2962 3989; x_wconf 73' lang='grc' dir='ltr'>δὲ</span> <span class='ocrx_word' id='word_1_495' title='bbox 2992 3935 3125 4008; x_wconf 83' lang='grc' dir='ltr'>πρὸς</span> <span class='ocrx_word' id='word_1_496' title='bbox 3162 3931 3406 4008; x_wconf 77' lang='grc' dir='ltr'>βασιλέα,</span> 
     </span>
    </p>
   </div>
   <div class='ocr_carea' id='block_1_102' title="bbox 2278 4021 3341 4099">
    <p class='ocr_par' dir='ltr' id='par_1_102' title="bbox 2278 4021 3341 4099">
     <span class='ocr_line' id='line_1_102' title="bbox 2278 4021 3341 4099; baseline -0.003 -18"><span class='ocrx_word' id='word_1_497' title='bbox 2278 4025 2459 4082; x_wconf 81' lang='grc' dir='ltr'>Αὑτὸν</span> <span class='ocrx_word' id='word_1_498' title='bbox 2487 4021 2842 4099; x_wconf 83' lang='grc' dir='ltr'>παραδέδωκε</span> <span class='ocrx_word' id='word_1_499' title='bbox 2872 4025 2963 4077; x_wconf 71' lang='grc' dir='ltr'>σὺν</span> <span class='ocrx_word' id='word_1_500' title='bbox 2995 4027 3073 4095; x_wconf 81' lang='grc' dir='ltr'>τῷ</span> <span class='ocrx_word' id='word_1_501' title='bbox 3103 4021 3341 4096; x_wconf 84' lang='grc' dir='ltr'>πυργίῳ.</span> 
     </span>
    </p>
   </div>
   <div class='ocr_carea' id='block_1_103' title="bbox 2099 4109 3436 4190">
    <p class='ocr_par' dir='ltr' id='par_1_103' title="bbox 2099 4109 3436 4190">
     <span class='ocr_line' id='line_1_103' title="bbox 2099 4109 3436 4190; baseline -0.004 -19"><span class='ocrx_word' id='word_1_502' title='bbox 2099 4116 2242 4171; x_wconf 88' lang='grc'>9175</span> <span class='ocrx_word' id='word_1_503' title='bbox 2279 4115 2338 4172; x_wconf 89' lang='grc' dir='ltr'>Ὁ</span> <span class='ocrx_word' id='word_1_504' title='bbox 2372 4112 2606 4188; x_wconf 85' lang='grc' dir='ltr'>Μιχαὴλ</span> <span class='ocrx_word' id='word_1_505' title='bbox 2639 4110 2685 4166; x_wconf 82' lang='grc' dir='ltr'>δ’</span> <span class='ocrx_word' id='word_1_506' title='bbox 2717 4110 2945 4190; x_wconf 71' lang='grc' dir='ltr'>ἔφορκος</span> <span class='ocrx_word' id='word_1_507' title='bbox 2979 4109 3050 4166; x_wconf 78' lang='grc' dir='ltr'>ὢν</span> <span class='ocrx_word' id='word_1_508' title='bbox 3085 4113 3112 4166; x_wconf 85' lang='grc' dir='ltr'><strong>ὁ</strong></span> <span class='ocrx_word' id='word_1_509' title='bbox 3145 4109 3436 4182; x_wconf 81' lang='grc' dir='ltr'>δεσπότης,</span> 
     </span>
    </p>
   </div>
   <div class='ocr_carea' id='block_1_104' title="bbox 2277 4197 3361 4279">
    <p class='ocr_par' dir='ltr' id='par_1_104' title="bbox 2277 4197 3361 4279">
     <span class='ocr_line' id='line_1_104' title="bbox 2277 4197 3361 4279; baseline -0.002 -21"><span class='ocrx_word' id='word_1_510' title='bbox 2277 4208 2506 4276; x_wconf 86' lang='grc' dir='ltr'>Δεσμοῖς</span> <span class='ocrx_word' id='word_1_511' title='bbox 2535 4197 2856 4278; x_wconf 79' lang='grc' dir='ltr'>περιέϐαλεν</span> <span class='ocrx_word' id='word_1_512' title='bbox 2887 4202 3048 4256; x_wconf 80' lang='grc' dir='ltr'>αὐτὸν</span> <span class='ocrx_word' id='word_1_513' title='bbox 3081 4200 3361 4279; x_wconf 74' lang='grc' dir='ltr'>ἀφύκτοις.</span> 
     </span>
    </p>
   </div>
   <div class='ocr_carea' id='block_1_105' title="bbox 2271 4288 3529 4366">
    <p class='ocr_par' dir='ltr' id='par_1_105' title="bbox 2271 4288 3529 4366">
     <span class='ocr_line' id='line_1_105' title="bbox 2271 4288 3529 4366; baseline -0.005 -16"><span class='ocrx_word' id='word_1_514' title='bbox 2271 4295 2331 4350; x_wconf 88' lang='grc' dir='ltr'>Ὁ</span> <span class='ocrx_word' id='word_1_515' title='bbox 2366 4290 2411 4347; x_wconf 90' lang='grc' dir='ltr'>δ’</span> <span class='ocrx_word' id='word_1_516' title='bbox 2442 4290 2507 4346; x_wconf 66' lang='grc' dir='ltr'>αὖ</span> <span class='ocrx_word' id='word_1_517' title='bbox 2539 4289 2830 4363; x_wconf 75' lang='grc' dir='ltr'>Κομνηνδς</span> <span class='ocrx_word' id='word_1_518' title='bbox 2864 4288 3121 4366; x_wconf 81' lang='grc' dir='ltr'>Μιχαὴλ,</span> <span class='ocrx_word' id='word_1_519' title='bbox 3157 4291 3216 4344; x_wconf 76' lang='grc' dir='ltr'>οὗ</span> <span class='ocrx_word' id='word_1_520' title='bbox 3256 4288 3529 4352; x_wconf 78' lang='grc' dir='ltr'>πολλάκις</span> 
     </span>
    </p>
   </div>
   <div class='ocr_carea' id='block_1_106' title="bbox 2272 4379 3322 4455">
    <p class='ocr_par' dir='ltr' id='par_1_106' title="bbox 2272 4379 3322 4455">
     <span class='ocr_line' id='line_1_106' title="bbox 2272 4379 3322 4455; baseline -0.001 -20"><span class='ocrx_word' id='word_1_521' title='bbox 2272 4383 2510 4455; x_wconf 75' lang='grc' dir='ltr'>Μνήμην</span> <span class='ocrx_word' id='word_1_522' title='bbox 2545 4380 2876 4452; x_wconf 83' lang='grc' dir='ltr'>έποιησαμεν</span> <span class='ocrx_word' id='word_1_523' title='bbox 2912 4379 3102 4434; x_wconf 75' lang='grc' dir='ltr'>ἂνόπιν</span> <span class='ocrx_word' id='word_1_524' title='bbox 3131 4379 3322 4455; x_wconf 85' lang='grc' dir='ltr'>λόγου,</span> 
     </span>
    </p>
   </div>
   <div class='ocr_carea' id='block_1_107' title="bbox 2272 4463 3375 4548">
    <p class='ocr_par' dir='ltr' id='par_1_107' title="bbox 2272 4463 3375 4548">
     <span class='ocr_line' id='line_1_107' title="bbox 2272 4463 3375 4548; baseline -0.005 -20"><span class='ocrx_word' id='word_1_525' title='bbox 2272 4474 2473 4548; x_wconf 58' lang='lat' dir='ltr'>&quot;Optata</span> <span class='ocrx_word' id='word_1_526' title='bbox 2504 4463 2688 4523; x_wconf 75' lang='grc' dir='ltr'>λαϐὼν</span> <span class='ocrx_word' id='word_1_527' title='bbox 2721 4469 2886 4523; x_wconf 83' lang='grc' dir='ltr'>πιστά</span> <span class='ocrx_word' id='word_1_528' title='bbox 2915 4469 3048 4542; x_wconf 82' lang='grc' dir='ltr'>πρὸς</span> <span class='ocrx_word' id='word_1_529' title='bbox 3083 4467 3375 4544; x_wconf 81' lang='grc' dir='ltr'>βασιλέως,</span> 
     </span>
    </p>
   </div>
   <div class='ocr_carea' id='block_1_108' title="bbox 2092 4563 3526 4642">
    <p class='ocr_par' dir='ltr' id='par_1_108' title="bbox 2092 4563 3526 4642">
     <span class='ocr_line' id='line_1_108' title="bbox 2092 4563 3526 4628; baseline -0.004 0"><span class='ocrx_word' id='word_1_530' title='bbox 2092 4573 2236 4628; x_wconf 88' lang='grc'>9180</span> <span class='ocrx_word' id='word_1_531' title='bbox 2276 4569 2380 4624; x_wconf 62' lang='lat' dir='ltr'>II“</span> <span class='ocrx_word' id='word_1_532' title='bbox 2500 4564 2596 4584; x_wconf 64' lang='lat'>&quot;’</span> <span class='ocrx_word' id='word_1_533' title='bbox 2631 4564 2653 4584; x_wconf 84' lang='grc'>”</span> <span class='ocrx_word' id='word_1_534' title='bbox 2770 4565 2785 4594; x_wconf 64' lang='grc' dir='ltr'>ί</span> <span class='ocrx_word' id='word_1_535' title='bbox 2891 4565 2910 4590; x_wconf 48' lang='grc' dir='ltr'><em>ν</em></span> <span class='ocrx_word' id='word_1_536' title='bbox 3006 4565 3040 4596; x_wconf 81' lang='grc'>’·</span> <span class='ocrx_word' id='word_1_537' title='bbox 3078 4573 3155 4599; x_wconf 78' lang='grc'>’·“”’</span> <span class='ocrx_word' id='word_1_538' title='bbox 3305 4587 3325 4599; x_wconf 66' lang='grc'><strong><em>”</em></strong></span> <span class='ocrx_word' id='word_1_539' title='bbox 3375 4563 3416 4585; x_wconf 64' lang='grc'><strong>’“</strong></span> <span class='ocrx_word' id='word_1_540' title='bbox 3513 4587 3526 4600; x_wconf 89' lang='grc'><strong>·</strong></span> 
     </span>
     <span class='ocr_line' id='line_1_109' title="bbox 2327 4568 3480 4642; baseline -0.003 -20"><span class='ocrx_word' id='word_1_541' title='bbox 2327 4589 2420 4642; x_wconf 69' lang='grc' dir='ltr'>Γιος</span> <span class='ocrx_word' id='word_1_542' title='bbox 2450 4581 2577 4622; x_wconf 88' lang='grc' dir='ltr'>τονο</span> <span class='ocrx_word' id='word_1_543' title='bbox 2629 4571 2968 4636; x_wconf 71' lang='grc' dir='ltr'>επανιζευςεν</span> <span class='ocrx_word' id='word_1_544' title='bbox 3004 4587 3062 4620; x_wconf 74' lang='grc' dir='ltr'>εκ</span> <span class='ocrx_word' id='word_1_545' title='bbox 3101 4588 3188 4634; x_wconf 59' lang='grc' dir='ltr'>της</span> <span class='ocrx_word' id='word_1_546' title='bbox 3221 4568 3480 4639; x_wconf 57' lang='lat' dir='ltr'>llr-2,6100;</span> 
     </span>
    </p>
   </div>
   <div class='ocr_carea' id='block_1_109' title="bbox 2270 4653 3400 4736">
    <p class='ocr_par' dir='ltr' id='par_1_109' title="bbox 2270 4653 3400 4736">
     <span class='ocr_line' id='line_1_110' title="bbox 2270 4653 3279 4679; baseline -0.004 -6"><span class='ocrx_word' id='word_1_547' title='bbox 2270 4661 2291 4679; x_wconf 71' lang='grc' dir='ltr'><strong><em>τ</em></strong></span> <span class='ocrx_word' id='word_1_548' title='bbox 2373 4653 2396 4673; x_wconf 60' lang='grc' dir='ltr'>λ</span> <span class='ocrx_word' id='word_1_549' title='bbox 2437 4653 2447 4670; x_wconf 61' lang='grc' dir='ltr'><strong>ς</strong></span> <span class='ocrx_word' id='word_1_550' title='bbox 2725 4654 2738 4670; x_wconf 76' lang='lat'><strong><em>\</em></strong></span> <span class='ocrx_word' id='word_1_551' title='bbox 2814 4654 2828 4672; x_wconf 67' lang='grc' dir='ltr'><strong><em>τ</em></strong></span> <span class='ocrx_word' id='word_1_552' title='bbox 3060 4653 3083 4671; x_wconf 59' lang='grc' dir='ltr'><em>κ</em></span> <span class='ocrx_word' id='word_1_553' title='bbox 3104 4655 3113 4672; x_wconf 74' lang='grc' dir='ltr'><strong>ρ</strong></span> <span class='ocrx_word' id='word_1_554' title='bbox 3257 4655 3279 4670; x_wconf 69' lang='grc' dir='ltr'><strong><em>ν</em></strong></span> 
     </span>
     <span class='ocr_line' id='line_1_111' title="bbox 2296 4656 3400 4736; baseline -0.002 -25"><span class='ocrx_word' id='word_1_555' title='bbox 2296 4666 2338 4736; x_wconf 66' lang='grc' dir='ltr'><strong>ῼ</strong></span> <span class='ocrx_word' id='word_1_556' title='bbox 2370 4671 2495 4718; x_wconf 88' lang='grc' dir='ltr'>οους</span> <span class='ocrx_word' id='word_1_557' title='bbox 2526 4675 2777 4730; x_wconf 85' lang='grc' dir='ltr'>στρατιαν</span> <span class='ocrx_word' id='word_1_558' title='bbox 2812 4675 2870 4709; x_wconf 89' lang='grc' dir='ltr'>εκ</span> <span class='ocrx_word' id='word_1_559' title='bbox 2901 4656 3224 4711; x_wconf 83' lang='grc' dir='ltr'>Μακεοονων</span> <span class='ocrx_word' id='word_1_560' title='bbox 3253 4656 3400 4725; x_wconf 80' lang='grc' dir='ltr'>αναξ,</span> 
     </span>
    </p>
   </div>
   <div class='ocr_carea' id='block_1_110' title="bbox 2269 4741 3422 4821">
    <p class='ocr_par' dir='ltr' id='par_1_110' title="bbox 2269 4741 3422 4821">
     <span class='ocr_line' id='line_1_112' title="bbox 2269 4741 3422 4821; baseline -0.003 -19"><span class='ocrx_word' id='word_1_561' title='bbox 2269 4746 2366 4808; x_wconf 79' lang='grc' dir='ltr'>Εἷς</span> <span class='ocrx_word' id='word_1_562' title='bbox 2397 4745 2623 4818; x_wconf 72' lang='grc' dir='ltr'>ἑσπέραν</span> <span class='ocrx_word' id='word_1_563' title='bbox 2658 4742 2916 4821; x_wconf 72' lang='grc' dir='ltr'>πέπομφε</span> <span class='ocrx_word' id='word_1_564' title='bbox 2945 4745 3079 4798; x_wconf 73' lang='grc' dir='ltr'>κατὰ</span> <span class='ocrx_word' id='word_1_565' title='bbox 3111 4741 3374 4798; x_wconf 88' lang='grc' dir='ltr'>δεσπότου</span> <span class='ocrx_word' id='word_1_566' title='bbox 3408 4761 3422 4775; x_wconf 89' lang='grc'>⁶</span> 
     </span>
    </p>
   </div>
   <div class='ocr_carea' id='block_1_111' title="bbox 2268 4831 3345 4900">
    <p class='ocr_par' dir='ltr' id='par_1_111' title="bbox 2268 4831 3345 4900">
     <span class='ocr_line' id='line_1_113' title="bbox 2268 4831 3345 4900; baseline -0.005 -8"><span class='ocrx_word' id='word_1_567' title='bbox 2268 4835 2372 4893; x_wconf 82' lang='grc' dir='ltr'>Καὶ</span> <span class='ocrx_word' id='word_1_568' title='bbox 2402 4832 2719 4889; x_wconf 86' lang='grc' dir='ltr'>καταλαόὼν</span> <span class='ocrx_word' id='word_1_569' title='bbox 2755 4831 3148 4900; x_wconf 84' lang='grc' dir='ltr'>Θεσσαλονίκην</span> <span class='ocrx_word' id='word_1_570' title='bbox 3182 4831 3345 4888; x_wconf 86' lang='grc' dir='ltr'>πόλιν</span> 
     </span>
    </p>
   </div>
   <div class='ocr_carea' id='block_1_112' title="bbox 2265 4922 3417 4998">
    <p class='ocr_par' dir='ltr' id='par_1_112' title="bbox 2265 4922 3417 4998">
     <span class='ocr_line' id='line_1_114' title="bbox 2265 4922 3417 4998; baseline -0.005 -18"><span class='ocrx_word' id='word_1_571' title='bbox 2265 4925 2363 4980; x_wconf 84' lang='grc' dir='ltr'>Καί</span> <span class='ocrx_word' id='word_1_572' title='bbox 2397 4945 2502 4980; x_wconf 92' lang='grc' dir='ltr'>που</span> <span class='ocrx_word' id='word_1_573' title='bbox 2535 4923 2806 4987; x_wconf 81' lang='grc' dir='ltr'>συνελθὼν</span> <span class='ocrx_word' id='word_1_574' title='bbox 2837 4922 3069 4998; x_wconf 86' lang='grc' dir='ltr'>Μιχαὴλ</span> <span class='ocrx_word' id='word_1_575' title='bbox 3103 4923 3417 4996; x_wconf 76' lang='grc' dir='ltr'>Λασκαρίῳ,</span> 
     </span>
    </p>
   </div>
   <div class='ocr_carea' id='block_1_113' title="bbox 2083 5009 3479 5087">
    <p class='ocr_par' dir='ltr' id='par_1_113' title="bbox 2083 5009 3479 5087">
     <span class='ocr_line' id='line_1_115' title="bbox 2083 5009 3479 5087; baseline -0.006 -15"><span class='ocrx_word' id='word_1_576' title='bbox 2083 5016 2228 5072; x_wconf 87' lang='grc'>9185</span> <span class='ocrx_word' id='word_1_577' title='bbox 2267 5015 2373 5069; x_wconf 80' lang='grc' dir='ltr'>Σὺν</span> <span class='ocrx_word' id='word_1_578' title='bbox 2405 5009 2534 5085; x_wconf 73' lang='grc' dir='ltr'>τῷδ’</span> <span class='ocrx_word' id='word_1_579' title='bbox 2568 5010 2774 5082; x_wconf 79' lang='grc' dir='ltr'>ἐπῆλθε</span> <span class='ocrx_word' id='word_1_580' title='bbox 2802 5011 2869 5065; x_wconf 74' lang='grc' dir='ltr'>τὰ</span> <span class='ocrx_word' id='word_1_581' title='bbox 2902 5010 3040 5086; x_wconf 87' lang='grc' dir='ltr'>μέρη</span> <span class='ocrx_word' id='word_1_582' title='bbox 3072 5019 3173 5078; x_wconf 77' lang='grc' dir='ltr'>τῆς</span> <span class='ocrx_word' id='word_1_583' title='bbox 3206 5009 3479 5087; x_wconf 75' lang='grc' dir='ltr'>Βερροίας,</span> 
     </span>
    </p>
   </div>
   <div class='ocr_carea' id='block_1_114' title="bbox 2261 5097 3295 5177">
    <p class='ocr_par' dir='ltr' id='par_1_114' title="bbox 2261 5097 3295 5177">
     <span class='ocr_line' id='line_1_116' title="bbox 2261 5097 3295 5177; baseline -0.007 -17"><span class='ocrx_word' id='word_1_584' title='bbox 2261 5105 2365 5160; x_wconf 82' lang='grc' dir='ltr'>Καὶ</span> <span class='ocrx_word' id='word_1_585' title='bbox 2399 5102 2544 5158; x_wconf 85' lang='grc' dir='ltr'>λείαν</span> <span class='ocrx_word' id='word_1_586' title='bbox 2576 5099 2856 5170; x_wconf 75' lang='grc' dir='ltr'>ἀπήλασεν</span> <span class='ocrx_word' id='word_1_587' title='bbox 2890 5097 3037 5177; x_wconf 72' lang='grc' dir='ltr'>ἕνςρεν</span> <span class='ocrx_word' id='word_1_588' title='bbox 3075 5101 3295 5175; x_wconf 86' lang='grc' dir='ltr'>μυρίαν.</span> 
     </span>
    </p>
   </div>
   <div class='ocr_carea' id='block_1_115' title="bbox 2016 4525 2062 4588">
    <p class='ocr_par' dir='ltr' id='par_1_115' title="bbox 2016 4525 2062 4588">
     <span class='ocr_line' id='line_1_117' title="bbox 2016 4525 2062 4588; baseline 0 0"><span class='ocrx_word' id='word_1_589' title='bbox 2016 4525 2062 4588; x_wconf 94' lang='lat' dir='ltr'><strong>D</strong></span> 
     </span>
    </p>
   </div>
   <div class='ocr_carea' id='block_1_116' title="bbox 2260 5187 3424 5266">
    <p class='ocr_par' dir='ltr' id='par_1_116' title="bbox 2260 5187 3424 5266">
     <span class='ocr_line' id='line_1_118' title="bbox 2260 5187 3424 5266; baseline -0.007 -16"><span class='ocrx_word' id='word_1_590' title='bbox 2260 5196 2384 5250; x_wconf 82' lang='grc' dir='ltr'>Τῶν</span> <span class='ocrx_word' id='word_1_591' title='bbox 2413 5191 2746 5266; x_wconf 77' lang='grc' dir='ltr'>πραγμάτων</span> <span class='ocrx_word' id='word_1_592' title='bbox 2781 5187 2924 5244; x_wconf 71' lang='grc' dir='ltr'>οὕτω</span> <span class='ocrx_word' id='word_1_593' title='bbox 2952 5187 3008 5244; x_wconf 72' lang='grc' dir='ltr'>δὲ</span> <span class='ocrx_word' id='word_1_594' title='bbox 3039 5187 3424 5263; x_wconf 85' lang='grc' dir='ltr'>διακειμένων,</span> 
     </span>
    </p>
   </div>
   <div class='ocr_carea' id='block_1_117' title="bbox 2258 5275 3393 5354">
    <p class='ocr_par' dir='ltr' id='par_1_117' title="bbox 2258 5275 3393 5354">
     <span class='ocr_line' id='line_1_119' title="bbox 2258 5275 3393 5354; baseline -0.004 -18"><span class='ocrx_word' id='word_1_595' title='bbox 2258 5281 2363 5337; x_wconf 81' lang='grc' dir='ltr'>Καὶ</span> <span class='ocrx_word' id='word_1_596' title='bbox 2395 5275 2793 5354; x_wconf 73' lang='grc' dir='ltr'>Τριϐαλάρχης</span> <span class='ocrx_word' id='word_1_597' title='bbox 2825 5281 2858 5348; x_wconf 82' lang='grc' dir='ltr'>ἡ</span> <span class='ocrx_word' id='word_1_598' title='bbox 2893 5279 3146 5340; x_wconf 80' lang='grc' dir='ltr'>κάκιστος</span> <span class='ocrx_word' id='word_1_599' title='bbox 3177 5275 3393 5354; x_wconf 83' lang='grc' dir='ltr'>καρδία,</span> 
     </span>
    </p>
   </div>
   <div class='ocr_carea' id='block_1_118' title="bbox 2257 5366 3423 5446">
    <p class='ocr_par' dir='ltr' id='par_1_118' title="bbox 2257 5366 3423 5446">
     <span class='ocr_line' id='line_1_120' title="bbox 2257 5366 3423 5446; baseline -0.003 -21"><span class='ocrx_word' id='word_1_600' title='bbox 2257 5367 2593 5432; x_wconf 80' lang='grc' dir='ltr'>Ἔκσπονδος</span> <span class='ocrx_word' id='word_1_601' title='bbox 2626 5369 2784 5442; x_wconf 82' lang='grc' dir='ltr'>ἀνὴρ,</span> <span class='ocrx_word' id='word_1_602' title='bbox 2814 5368 3080 5445; x_wconf 72' lang='grc' dir='ltr'>ἀποφρὰς,</span> <span class='ocrx_word' id='word_1_603' title='bbox 3115 5366 3423 5446; x_wconf 66' lang='grc' dir='ltr'>μιαιφόνος,</span> 
     </span>
    </p>
   </div>
   <div class='ocr_carea' id='block_1_119' title="bbox 2076 5455 3300 5533">
    <p class='ocr_par' dir='ltr' id='par_1_119' title="bbox 2076 5455 3300 5533">
     <span class='ocr_line' id='line_1_121' title="bbox 2076 5455 3300 5533; baseline -0.004 -17"><span class='ocrx_word' id='word_1_604' title='bbox 2076 5461 2219 5518; x_wconf 86' lang='grc'>9190</span> <span class='ocrx_word' id='word_1_605' title='bbox 2256 5460 2414 5531; x_wconf 62' lang='grc' dir='ltr'>Ὑπὲρ</span> <span class='ocrx_word' id='word_1_606' title='bbox 2446 5456 2666 5533; x_wconf 77' lang='grc' dir='ltr'>χιλίους</span> <span class='ocrx_word' id='word_1_607' title='bbox 2701 5457 2951 5531; x_wconf 63' lang='grc' dir='ltr'>στρατιάν</span> <span class='ocrx_word' id='word_1_608' title='bbox 2984 5455 3300 5526; x_wconf 81' lang='grc' dir='ltr'>συναλίσας,</span> 
     </span>
    </p>
   </div>
   <div class='ocr_carea' id='block_1_120' title="bbox 2262 5544 3208 5623">
    <p class='ocr_par' dir='ltr' id='par_1_120' title="bbox 2262 5544 3208 5623">
     <span class='ocr_line' id='line_1_122' title="bbox 2262 5544 3208 5623; baseline -0.002 -20"><span class='ocrx_word' id='word_1_609' title='bbox 2262 5549 2337 5604; x_wconf 82' lang='grc' dir='ltr'>Τὰ</span> <span class='ocrx_word' id='word_1_610' title='bbox 2361 5547 2642 5622; x_wconf 76' lang='grc' dir='ltr'>Ῥωμαϊκᾶ</span> <span class='ocrx_word' id='word_1_611' title='bbox 2668 5544 2975 5622; x_wconf 75' lang='grc' dir='ltr'>κατέδραμε</span> <span class='ocrx_word' id='word_1_612' title='bbox 3005 5547 3208 5623; x_wconf 81' lang='grc' dir='ltr'>χωρία.</span> 
     </span>
    </p>
   </div>
   <div class='ocr_carea' id='block_1_121' title="bbox 2253 5632 3420 5714">
    <p class='ocr_par' dir='ltr' id='par_1_121' title="bbox 2253 5632 3420 5714">
     <span class='ocr_line' id='line_1_123' title="bbox 2253 5632 3420 5714; baseline -0.008 -16"><span class='ocrx_word' id='word_1_613' title='bbox 2253 5642 2311 5698; x_wconf 90' lang='grc' dir='ltr'>Ὁ</span> <span class='ocrx_word' id='word_1_614' title='bbox 2340 5637 2608 5710; x_wconf 82' lang='grc' dir='ltr'>δεσπότης</span> <span class='ocrx_word' id='word_1_615' title='bbox 2642 5635 2697 5693; x_wconf 71' lang='grc' dir='ltr'>δέ</span> <span class='ocrx_word' id='word_1_616' title='bbox 2731 5636 2971 5712; x_wconf 84' lang='grc' dir='ltr'>Μιχαὴλ</span> <span class='ocrx_word' id='word_1_617' title='bbox 2999 5636 3065 5692; x_wconf 78' lang='grc' dir='ltr'>τὰ</span> <span class='ocrx_word' id='word_1_618' title='bbox 3101 5637 3237 5714; x_wconf 86' lang='grc' dir='ltr'>πρὸς</span> <span class='ocrx_word' id='word_1_619' title='bbox 3270 5632 3420 5690; x_wconf 74' lang='grc' dir='ltr'>δύσιν</span> 
     </span>
    </p>
   </div>
   <div class='ocr_carea' id='block_1_122' title="bbox 3687 309 3795 365">
    <p class='ocr_par' dir='ltr' id='par_1_122' title="bbox 3687 309 3795 365">
     <span class='ocr_line' id='line_1_124' title="bbox 3687 309 3795 365; baseline 0 0"><span class='ocrx_word' id='word_1_620' title='bbox 3687 309 3795 365; x_wconf 85' lang='grc'>336</span> 
     </span>
    </p>
   </div>
  </div>
