  <div class='ocr_page' id='page_1' title='image "/cluster/home/n/w/nwhite01/storage/ocr_20150623/143/hvd.32044073502585/174.png"; bbox 0 0 4004 6200; ppageno 0'>
   <div class='ocr_carea' id='block_1_1' title="bbox 256 304 354 359">
    <p class='ocr_par' dir='ltr' id='par_1_1' title="bbox 256 304 354 359">
     <span class='ocr_line' id='line_1_1' title="bbox 256 304 354 359; baseline 0 -3"><span class='ocrx_word' id='word_1_1' title='bbox 256 304 354 359; x_wconf 85' lang='lat'>337</span> 
     </span>
    </p>
   </div>
   <div class='ocr_carea' id='block_1_2' title="bbox 422 417 1456 501">
    <p class='ocr_par' dir='ltr' id='par_1_2' title="bbox 422 417 1456 501">
     <span class='ocr_line' id='line_1_2' title="bbox 422 417 1456 501; baseline -0.006 -21"><span class='ocrx_word' id='word_1_2' title='bbox 422 429 599 501; x_wconf 76' lang='grc' dir='ltr'>Δῃῶν,</span> <span class='ocrx_word' id='word_1_3' title='bbox 631 423 856 499; x_wconf 79' lang='grc' dir='ltr'>ἐρημῶν</span> <span class='ocrx_word' id='word_1_4' title='bbox 891 424 991 479; x_wconf 79' lang='grc' dir='ltr'>οὐκ</span> <span class='ocrx_word' id='word_1_5' title='bbox 1018 422 1186 497; x_wconf 77' lang='grc' dir='ltr'>ἔληγε</span> <span class='ocrx_word' id='word_1_6' title='bbox 1214 417 1456 484; x_wconf 76' lang='grc' dir='ltr'>καθόλου</span> 
     </span>
    </p>
   </div>
   <div class='ocr_carea' id='block_1_3' title="bbox 418 510 1552 588">
    <p class='ocr_par' dir='ltr' id='par_1_3' title="bbox 418 510 1552 588">
     <span class='ocr_line' id='line_1_3' title="bbox 418 510 1552 588; baseline -0.005 -20"><span class='ocrx_word' id='word_1_7' title='bbox 418 516 522 570; x_wconf 82' lang='grc' dir='ltr'>Καὶ</span> <span class='ocrx_word' id='word_1_8' title='bbox 552 518 620 588; x_wconf 80' lang='grc' dir='ltr'>τῇ</span> <span class='ocrx_word' id='word_1_9' title='bbox 654 515 769 568; x_wconf 71' lang='grc' dir='ltr'>κατ’</span> <span class='ocrx_word' id='word_1_10' title='bbox 796 514 962 568; x_wconf 79' lang='grc' dir='ltr'>αὐτὸν</span> <span class='ocrx_word' id='word_1_11' title='bbox 995 511 1305 586; x_wconf 72' lang='grc' dir='ltr'>προστιθεὶς</span> <span class='ocrx_word' id='word_1_12' title='bbox 1338 510 1552 581; x_wconf 74' lang='grc' dir='ltr'>ἐξουσίᾳ</span> 
     </span>
    </p>
   </div>
   <div class='ocr_carea' id='block_1_4' title="bbox 254 599 1411 677">
    <p class='ocr_par' dir='ltr' id='par_1_4' title="bbox 254 599 1411 677">
     <span class='ocr_line' id='line_1_4' title="bbox 254 599 1411 677; baseline -0.007 -17"><span class='ocrx_word' id='word_1_13' title='bbox 254 606 383 661; x_wconf 84' lang='grc'><strong>9195</strong></span> <span class='ocrx_word' id='word_1_14' title='bbox 417 605 578 661; x_wconf 81' lang='grc' dir='ltr'>’Ὀθεν</span> <span class='ocrx_word' id='word_1_15' title='bbox 607 602 861 677; x_wconf 75' lang='grc' dir='ltr'>στρατιάν</span> <span class='ocrx_word' id='word_1_16' title='bbox 893 602 1085 669; x_wconf 67' lang='grc' dir='ltr'>ἱκανὴν</span> <span class='ocrx_word' id='word_1_17' title='bbox 1114 599 1411 674; x_wconf 78' lang='grc' dir='ltr'>ἀποκρίνας</span> 
     </span>
    </p>
   </div>
   <div class='ocr_carea' id='block_1_5' title="bbox 418 683 1564 765">
    <p class='ocr_par' dir='ltr' id='par_1_5' title="bbox 418 683 1564 765">
     <span class='ocr_line' id='line_1_5' title="bbox 418 683 1564 765; baseline -0.006 -17"><span class='ocrx_word' id='word_1_18' title='bbox 418 693 517 751; x_wconf 84' lang='grc' dir='ltr'>Ἥς</span> <span class='ocrx_word' id='word_1_19' title='bbox 546 693 771 765; x_wconf 70' lang='grc' dir='ltr'>ἡγεμὼν</span> <span class='ocrx_word' id='word_1_20' title='bbox 805 696 934 751; x_wconf 80' lang='grc' dir='ltr'>παῖς</span> <span class='ocrx_word' id='word_1_21' title='bbox 966 687 1247 764; x_wconf 85' lang='grc' dir='ltr'>Θεόδωρός</span> <span class='ocrx_word' id='word_1_22' title='bbox 1273 708 1358 749; x_wconf 92' lang='grc' dir='ltr'>τις</span> <span class='ocrx_word' id='word_1_23' title='bbox 1388 683 1564 757; x_wconf 81' lang='grc' dir='ltr'>νόθος,</span> 
     </span>
    </p>
   </div>
   <div class='ocr_carea' id='block_1_6' title="bbox 417 775 1563 855">
    <p class='ocr_par' dir='ltr' id='par_1_6' title="bbox 417 775 1563 855">
     <span class='ocr_line' id='line_1_6' title="bbox 417 775 1563 855; baseline -0.004 -20"><span class='ocrx_word' id='word_1_24' title='bbox 417 781 564 855; x_wconf 85' lang='grc' dir='ltr'>Πρὸς</span> <span class='ocrx_word' id='word_1_25' title='bbox 587 782 653 835; x_wconf 73' lang='grc' dir='ltr'>τὰ</span> <span class='ocrx_word' id='word_1_26' title='bbox 688 777 948 849; x_wconf 82' lang='grc' dir='ltr'>Βοδηνῶν</span> <span class='ocrx_word' id='word_1_27' title='bbox 983 775 1363 849; x_wconf 69' lang='grc' dir='ltr'>ἐξαποστέλλει</span> <span class='ocrx_word' id='word_1_28' title='bbox 1400 777 1563 851; x_wconf 82' lang='grc' dir='ltr'>μέρη·</span> 
     </span>
    </p>
   </div>
   <div class='ocr_carea' id='block_1_7' title="bbox 411 863 1553 943">
    <p class='ocr_par' dir='ltr' id='par_1_7' title="bbox 411 863 1553 943">
     <span class='ocr_line' id='line_1_7' title="bbox 411 863 1553 943; baseline -0.006 -18"><span class='ocrx_word' id='word_1_29' title='bbox 411 871 485 926; x_wconf 78' lang='grc' dir='ltr'><em>’Ἡ</em></span> <span class='ocrx_word' id='word_1_30' title='bbox 516 870 812 941; x_wconf 82' lang='grc' dir='ltr'>Ῥωμαϊκῴ</span> <span class='ocrx_word' id='word_1_31' title='bbox 847 868 1189 942; x_wconf 73' lang='grc' dir='ltr'>συντυχοῦσα</span> <span class='ocrx_word' id='word_1_32' title='bbox 1218 888 1322 920; x_wconf 88' lang='grc' dir='ltr'>που</span> <span class='ocrx_word' id='word_1_33' title='bbox 1352 863 1553 943; x_wconf 77' lang='grc' dir='ltr'>στίφει,</span> 
     </span>
    </p>
   </div>
   <div class='ocr_carea' id='block_1_8' title="bbox 412 953 1427 1031">
    <p class='ocr_par' dir='ltr' id='par_1_8' title="bbox 412 953 1427 1031">
     <span class='ocr_line' id='line_1_8' title="bbox 412 953 1427 1031; baseline -0.007 -16"><span class='ocrx_word' id='word_1_34' title='bbox 412 961 705 1030; x_wconf 80' lang='grc' dir='ltr'>Ἠττησεν,</span> <span class='ocrx_word' id='word_1_35' title='bbox 738 956 1019 1012; x_wconf 82' lang='grc' dir='ltr'>ἐσκέδασεν</span> <span class='ocrx_word' id='word_1_36' title='bbox 1054 957 1184 1011; x_wconf 82' lang='grc' dir='ltr'>αὐτὸ</span> <span class='ocrx_word' id='word_1_37' title='bbox 1208 953 1427 1031; x_wconf 80' lang='grc' dir='ltr'>ῥᾳδίως·</span> 
     </span>
    </p>
   </div>
   <div class='ocr_carea' id='block_1_9' title="bbox 248 1050 1503 1132">
    <p class='ocr_par' dir='ltr' id='par_1_9' title="bbox 248 1050 1503 1132">
     <span class='ocr_line' id='line_1_9' title="bbox 248 1050 1503 1132; baseline -0.008 -15"><span class='ocrx_word' id='word_1_38' title='bbox 248 1061 377 1117; x_wconf 74' lang='grc'>9200</span> <span class='ocrx_word' id='word_1_39' title='bbox 411 1060 479 1111; x_wconf 83' lang='grc' dir='ltr'><strong>Ὀ</strong></span> <span class='ocrx_word' id='word_1_40' title='bbox 508 1056 672 1132; x_wconf 70' lang='grc' dir='ltr'>γνοὺς</span> <span class='ocrx_word' id='word_1_41' title='bbox 704 1054 940 1131; x_wconf 82' lang='grc' dir='ltr'>Μιχαὴλ</span> <span class='ocrx_word' id='word_1_42' title='bbox 977 1053 1358 1129; x_wconf 69' lang='grc' dir='ltr'>Παλαιολόγος</span> <span class='ocrx_word' id='word_1_43' title='bbox 1376 1050 1503 1108; x_wconf 84' lang='grc' dir='ltr'>τόδε</span> 
     </span>
    </p>
   </div>
   <div class='ocr_carea' id='block_1_10' title="bbox 412 1139 1556 1221">
    <p class='ocr_par' dir='ltr' id='par_1_10' title="bbox 412 1139 1556 1221">
     <span class='ocr_line' id='line_1_10' title="bbox 412 1139 1556 1221; baseline -0.005 -20"><span class='ocrx_word' id='word_1_44' title='bbox 412 1148 585 1221; x_wconf 86' lang='grc' dir='ltr'>Ἀνὴρ</span> <span class='ocrx_word' id='word_1_45' title='bbox 619 1146 901 1221; x_wconf 77' lang='grc' dir='ltr'>μαχητὴς,</span> <span class='ocrx_word' id='word_1_46' title='bbox 931 1141 1207 1221; x_wconf 75' lang='grc' dir='ltr'>γεννάδας,</span> <span class='ocrx_word' id='word_1_47' title='bbox 1240 1139 1556 1215; x_wconf 81' lang='grc' dir='ltr'>Ῥωμαλέος</span> 
     </span>
    </p>
   </div>
   <div class='ocr_carea' id='block_1_11' title="bbox 408 1229 1502 1310">
    <p class='ocr_par' dir='ltr' id='par_1_11' title="bbox 408 1229 1502 1310">
     <span class='ocr_line' id='line_1_11' title="bbox 408 1229 1502 1310; baseline -0.005 -21"><span class='ocrx_word' id='word_1_48' title='bbox 408 1237 501 1297; x_wconf 80' lang='grc' dir='ltr'>Ὠς</span> <span class='ocrx_word' id='word_1_49' title='bbox 529 1236 677 1310; x_wconf 71' lang='grc' dir='ltr'>εἶχεν</span> <span class='ocrx_word' id='word_1_50' title='bbox 710 1234 995 1307; x_wconf 74' lang='grc' dir='ltr'>ἐξώρμησε</span> <span class='ocrx_word' id='word_1_51' title='bbox 1024 1234 1141 1287; x_wconf 82' lang='grc' dir='ltr'>κατ’</span> <span class='ocrx_word' id='word_1_52' title='bbox 1172 1229 1502 1286; x_wconf 79' lang='grc' dir='ltr'>ἀντιπάλων·</span> 
     </span>
    </p>
   </div>
   <div class='ocr_carea' id='block_1_12' title="bbox 406 1320 1529 1397">
    <p class='ocr_par' dir='ltr' id='par_1_12' title="bbox 406 1320 1529 1397">
     <span class='ocr_line' id='line_1_12' title="bbox 406 1320 1529 1397; baseline -0.009 -16"><span class='ocrx_word' id='word_1_53' title='bbox 406 1326 509 1381; x_wconf 83' lang='grc' dir='ltr'>Καί</span> <span class='ocrx_word' id='word_1_54' title='bbox 543 1345 665 1379; x_wconf 86' lang='grc' dir='ltr'>τινα</span> <span class='ocrx_word' id='word_1_55' title='bbox 696 1328 775 1395; x_wconf 80' lang='grc' dir='ltr'>τῷ</span> <span class='ocrx_word' id='word_1_56' title='bbox 806 1320 994 1397; x_wconf 79' lang='grc' dir='ltr'>δόρατι</span> <span class='ocrx_word' id='word_1_57' title='bbox 1024 1321 1234 1391; x_wconf 79' lang='grc' dir='ltr'>πλήξας</span> <span class='ocrx_word' id='word_1_58' title='bbox 1266 1320 1529 1390; x_wconf 71' lang='grc' dir='ltr'>ἱππότην,</span> 
     </span>
    </p>
   </div>
   <div class='ocr_carea' id='block_1_13' title="bbox 411 1409 1597 1488">
    <p class='ocr_par' dir='ltr' id='par_1_13' title="bbox 411 1409 1597 1488">
     <span class='ocr_line' id='line_1_13' title="bbox 411 1409 1597 1488; baseline -0.008 -16"><span class='ocrx_word' id='word_1_59' title='bbox 411 1414 536 1486; x_wconf 80' lang='grc' dir='ltr'>(Ἢν</span> <span class='ocrx_word' id='word_1_60' title='bbox 571 1412 618 1469; x_wconf 83' lang='grc' dir='ltr'>δ’</span> <span class='ocrx_word' id='word_1_61' title='bbox 648 1413 751 1488; x_wconf 78' lang='grc' dir='ltr'>ἄρα</span> <span class='ocrx_word' id='word_1_62' title='bbox 780 1410 1061 1487; x_wconf 80' lang='grc' dir='ltr'>Θεόδωρος</span> <span class='ocrx_word' id='word_1_63' title='bbox 1090 1417 1218 1474; x_wconf 85' lang='grc' dir='ltr'>παῖς</span> <span class='ocrx_word' id='word_1_64' title='bbox 1248 1409 1597 1481; x_wconf 85' lang='grc' dir='ltr'>ἀποστάτου),</span> 
     </span>
    </p>
   </div>
   <div class='ocr_carea' id='block_1_14' title="bbox 238 1496 1518 1579">
    <p class='ocr_par' dir='ltr' id='par_1_14' title="bbox 238 1496 1518 1579">
     <span class='ocr_line' id='line_1_14' title="bbox 238 1496 1518 1579; baseline -0.003 -20"><span class='ocrx_word' id='word_1_65' title='bbox 238 1506 366 1559; x_wconf 76' lang='grc'><strong>9205</strong></span> <span class='ocrx_word' id='word_1_66' title='bbox 409 1503 504 1564; x_wconf 69' lang='grc' dir='ltr'>Εἷς</span> <span class='ocrx_word' id='word_1_67' title='bbox 532 1510 632 1579; x_wconf 77' lang='grc' dir='ltr'>γῆν</span> <span class='ocrx_word' id='word_1_68' title='bbox 662 1496 1070 1571; x_wconf 85' lang='grc' dir='ltr'>καταϐέϐληκεν</span> <span class='ocrx_word' id='word_1_69' title='bbox 1104 1500 1153 1570; x_wconf 79' lang='grc' dir='ltr'>ἐξ</span> <span class='ocrx_word' id='word_1_70' title='bbox 1184 1496 1518 1577; x_wconf 67' lang='grc' dir='ltr'>ἐφεστρίδος.</span> 
     </span>
    </p>
   </div>
   <div class='ocr_carea' id='block_1_15' title="bbox 398 1583 1649 1666">
    <p class='ocr_par' dir='ltr' id='par_1_15' title="bbox 398 1583 1649 1666">
     <span class='ocr_line' id='line_1_15' title="bbox 398 1583 1649 1666; baseline -0.008 -15"><span class='ocrx_word' id='word_1_71' title='bbox 398 1594 462 1651; x_wconf 86' lang='grc' dir='ltr'><strong>Ὀ</strong></span> <span class='ocrx_word' id='word_1_72' title='bbox 492 1589 538 1647; x_wconf 82' lang='grc' dir='ltr'>δ’</span> <span class='ocrx_word' id='word_1_73' title='bbox 572 1589 637 1646; x_wconf 79' lang='grc' dir='ltr'>αὗ</span> <span class='ocrx_word' id='word_1_74' title='bbox 659 1595 939 1662; x_wconf 75' lang='grc' dir='ltr'>Κομνὴνῷ</span> <span class='ocrx_word' id='word_1_75' title='bbox 967 1587 1337 1666; x_wconf 87' lang='grc' dir='ltr'>προσδραμὼν</span> <span class='ocrx_word' id='word_1_76' title='bbox 1364 1583 1649 1659; x_wconf 77' lang='grc' dir='ltr'>ἠντιϐόλει</span> 
     </span>
    </p>
   </div>
   <div class='ocr_carea' id='block_1_16' title="bbox 400 1676 1572 1756">
    <p class='ocr_par' dir='ltr' id='par_1_16' title="bbox 400 1676 1572 1756">
     <span class='ocr_line' id='line_1_16' title="bbox 400 1676 1572 1756; baseline -0.016 -8"><span class='ocrx_word' id='word_1_77' title='bbox 400 1685 563 1749; x_wconf 81' lang='grc' dir='ltr'>Ζωῆς</span> <span class='ocrx_word' id='word_1_78' title='bbox 590 1702 647 1735; x_wconf 80' lang='grc' dir='ltr'>τε</span> <span class='ocrx_word' id='word_1_79' title='bbox 677 1682 838 1756; x_wconf 73' lang='grc' dir='ltr'>χάριν</span> <span class='ocrx_word' id='word_1_80' title='bbox 870 1682 956 1735; x_wconf 79' lang='grc' dir='ltr'>καὶ</span> <span class='ocrx_word' id='word_1_81' title='bbox 991 1683 1176 1755; x_wconf 78' lang='grc' dir='ltr'>ψυχῆς</span> <span class='ocrx_word' id='word_1_82' title='bbox 1207 1676 1572 1755; x_wconf 73' lang='grc' dir='ltr'>πεφιλμένης,</span> 
     </span>
    </p>
   </div>
   <div class='ocr_carea' id='block_1_17' title="bbox 395 1767 1580 1844">
    <p class='ocr_par' dir='ltr' id='par_1_17' title="bbox 395 1767 1580 1844">
     <span class='ocr_line' id='line_1_17' title="bbox 395 1767 1580 1844; baseline 0 -19"><span class='ocrx_word' id='word_1_83' title='bbox 395 1771 504 1826; x_wconf 79' lang='grc' dir='ltr'>Καὶ</span> <span class='ocrx_word' id='word_1_84' title='bbox 536 1774 853 1841; x_wconf 76' lang='grc' dir='ltr'>συμπαθοῦς</span> <span class='ocrx_word' id='word_1_85' title='bbox 884 1767 1046 1844; x_wconf 81' lang='grc' dir='ltr'>ἔτυχε</span> <span class='ocrx_word' id='word_1_86' title='bbox 1076 1769 1407 1843; x_wconf 75' lang='grc' dir='ltr'>συγγνώμης</span> <span class='ocrx_word' id='word_1_87' title='bbox 1437 1767 1580 1825; x_wconf 84' lang='grc' dir='ltr'>τότε.</span> 
     </span>
    </p>
   </div>
   <div class='ocr_carea' id='block_1_18' title="bbox 396 1856 1513 1934">
    <p class='ocr_par' dir='ltr' id='par_1_18' title="bbox 396 1856 1513 1934">
     <span class='ocr_line' id='line_1_18' title="bbox 396 1856 1513 1934; baseline -0.004 -20"><span class='ocrx_word' id='word_1_88' title='bbox 396 1858 551 1928; x_wconf 88' lang='grc' dir='ltr'>Πλὴν</span> <span class='ocrx_word' id='word_1_89' title='bbox 585 1861 842 1934; x_wconf 78' lang='grc' dir='ltr'>ἠγνοεῖτο</span> <span class='ocrx_word' id='word_1_90' title='bbox 870 1858 954 1920; x_wconf 88' lang='grc' dir='ltr'>τίς</span> <span class='ocrx_word' id='word_1_91' title='bbox 985 1856 1087 1933; x_wconf 79' lang='grc' dir='ltr'>ἄρα</span> <span class='ocrx_word' id='word_1_92' title='bbox 1111 1858 1199 1912; x_wconf 84' lang='grc' dir='ltr'>καὶ</span> <span class='ocrx_word' id='word_1_93' title='bbox 1229 1860 1513 1932; x_wconf 76' lang='grc' dir='ltr'>τυγχάνει·</span> 
     </span>
    </p>
   </div>
   <div class='ocr_carea' id='block_1_19' title="bbox 234 1944 1599 2025">
    <p class='ocr_par' dir='ltr' id='par_1_19' title="bbox 234 1944 1599 2025">
     <span class='ocr_line' id='line_1_19' title="bbox 234 1944 1599 2025; baseline -0.001 -21"><span class='ocrx_word' id='word_1_94' title='bbox 234 1950 361 2004; x_wconf 69' lang='lat'>9210</span> <span class='ocrx_word' id='word_1_95' title='bbox 397 1951 494 2019; x_wconf 84' lang='grc' dir='ltr'>Τῷ</span> <span class='ocrx_word' id='word_1_96' title='bbox 518 1969 601 2002; x_wconf 84' lang='grc' dir='ltr'>τοι</span> <span class='ocrx_word' id='word_1_97' title='bbox 634 1945 1004 2022; x_wconf 82' lang='grc' dir='ltr'>παραδίδωσιν</span> <span class='ocrx_word' id='word_1_98' title='bbox 1037 1944 1325 2025; x_wconf 73' lang='grc' dir='ltr'>φυλάσσειν</span> <span class='ocrx_word' id='word_1_99' title='bbox 1352 1944 1599 2021; x_wconf 79' lang='grc' dir='ltr'>Τοόρκῳ.</span> 
     </span>
    </p>
   </div>
   <div class='ocr_carea' id='block_1_20' title="bbox 386 2034 1583 2111">
    <p class='ocr_par' dir='ltr' id='par_1_20' title="bbox 386 2034 1583 2111">
     <span class='ocr_line' id='line_1_20' title="bbox 386 2034 1583 2111; baseline 0.001 -20"><span class='ocrx_word' id='word_1_100' title='bbox 386 2039 444 2090; x_wconf 86' lang='lat'>&#39;0</span> <span class='ocrx_word' id='word_1_101' title='bbox 478 2035 535 2091; x_wconf 77' lang='grc' dir='ltr'>δὲ</span> <span class='ocrx_word' id='word_1_102' title='bbox 566 2035 630 2091; x_wconf 72' lang='grc' dir='ltr'>αὖ</span> <span class='ocrx_word' id='word_1_103' title='bbox 662 2036 875 2111; x_wconf 68' lang='grc' dir='ltr'>φονεύει</span> <span class='ocrx_word' id='word_1_104' title='bbox 906 2037 993 2090; x_wconf 78' lang='grc' dir='ltr'>καὶ</span> <span class='ocrx_word' id='word_1_105' title='bbox 1026 2037 1377 2109; x_wconf 72' lang='grc' dir='ltr'>παραπέμπει</span> <span class='ocrx_word' id='word_1_106' title='bbox 1406 2034 1583 2110; x_wconf 79' lang='grc' dir='ltr'>μόρῳ.</span> 
     </span>
    </p>
   </div>
   <div class='ocr_carea' id='block_1_21' title="bbox 388 2122 1487 2201">
    <p class='ocr_par' dir='ltr' id='par_1_21' title="bbox 388 2122 1487 2201">
     <span class='ocr_line' id='line_1_21' title="bbox 388 2122 1487 2201; baseline -0.004 -18"><span class='ocrx_word' id='word_1_107' title='bbox 388 2128 554 2184; x_wconf 84' lang='grc' dir='ltr'>Τουτὶ</span> <span class='ocrx_word' id='word_1_108' title='bbox 590 2127 687 2199; x_wconf 81' lang='grc' dir='ltr'>μὶν</span> <span class='ocrx_word' id='word_1_109' title='bbox 721 2124 867 2180; x_wconf 73' lang='grc' dir='ltr'>οὕτω</span> <span class='ocrx_word' id='word_1_110' title='bbox 898 2124 1129 2201; x_wconf 78' lang='grc' dir='ltr'>Μιχαὴλ</span> <span class='ocrx_word' id='word_1_111' title='bbox 1162 2122 1487 2198; x_wconf 85' lang='grc' dir='ltr'>δεδραμένος</span> 
     </span>
    </p>
   </div>
   <div class='ocr_carea' id='block_1_22' title="bbox 387 2211 1571 2291">
    <p class='ocr_par' dir='ltr' id='par_1_22' title="bbox 387 2211 1571 2291">
     <span class='ocr_line' id='line_1_22' title="bbox 387 2211 1571 2291; baseline -0.003 -21"><span class='ocrx_word' id='word_1_112' title='bbox 387 2215 491 2270; x_wconf 75' lang='grc' dir='ltr'>Σὺν</span> <span class='ocrx_word' id='word_1_113' title='bbox 523 2221 643 2277; x_wconf 84' lang='grc' dir='ltr'>τοῖς</span> <span class='ocrx_word' id='word_1_114' title='bbox 670 2213 717 2269; x_wconf 88' lang='grc' dir='ltr'>δ’</span> <span class='ocrx_word' id='word_1_115' title='bbox 758 2215 847 2291; x_wconf 67' lang='grc' dir='ltr'>ὑφ’</span> <span class='ocrx_word' id='word_1_116' title='bbox 879 2214 1040 2269; x_wconf 71' lang='grc' dir='ltr'>αὐτὸν</span> <span class='ocrx_word' id='word_1_117' title='bbox 1074 2214 1316 2287; x_wconf 83' lang='grc' dir='ltr'>ἀρεϊκοῖς</span> <span class='ocrx_word' id='word_1_118' title='bbox 1346 2211 1571 2289; x_wconf 78' lang='grc' dir='ltr'>ἀνδράσι</span> 
     </span>
    </p>
   </div>
   <div class='ocr_carea' id='block_1_23' title="bbox 385 2301 1455 2382">
    <p class='ocr_par' dir='ltr' id='par_1_23' title="bbox 385 2301 1455 2382">
     <span class='ocr_line' id='line_1_23' title="bbox 385 2301 1455 2382; baseline 0 -23"><span class='ocrx_word' id='word_1_119' title='bbox 385 2304 773 2382; x_wconf 65' lang='grc' dir='ltr'>Παφλαγονίαν</span> <span class='ocrx_word' id='word_1_120' title='bbox 807 2301 1044 2378; x_wconf 78' lang='grc' dir='ltr'>πατρίδα</span> <span class='ocrx_word' id='word_1_121' title='bbox 1074 2325 1235 2375; x_wconf 84' lang='grc' dir='ltr'>κεκτη</span> <span class='ocrx_word' id='word_1_122' title='bbox 1249 2302 1455 2376; x_wconf 81' lang='grc' dir='ltr'>μένοις,</span> 
     </span>
    </p>
   </div>
   <div class='ocr_carea' id='block_1_24' title="bbox 224 2399 1648 2477">
    <p class='ocr_par' dir='ltr' id='par_1_24' title="bbox 224 2399 1648 2477">
     <span class='ocr_line' id='line_1_24' title="bbox 224 2399 1648 2477; baseline -0.003 -20"><span class='ocrx_word' id='word_1_123' title='bbox 224 2402 349 2458; x_wconf 82' lang='grc'><strong>9215</strong></span> <span class='ocrx_word' id='word_1_124' title='bbox 384 2400 643 2463; x_wconf 78' lang='grc' dir='ltr'>Πολλοὺς</span> <span class='ocrx_word' id='word_1_125' title='bbox 678 2403 772 2473; x_wconf 77' lang='grc' dir='ltr'>μὲν</span> <span class='ocrx_word' id='word_1_126' title='bbox 807 2399 964 2475; x_wconf 78' lang='grc' dir='ltr'>ἔργον</span> <span class='ocrx_word' id='word_1_127' title='bbox 992 2399 1280 2475; x_wconf 77' lang='grc' dir='ltr'>εἰργάσατο</span> <span class='ocrx_word' id='word_1_128' title='bbox 1308 2404 1404 2454; x_wconf 77' lang='grc' dir='ltr'>τοῦ</span> <span class='ocrx_word' id='word_1_129' title='bbox 1435 2399 1648 2477; x_wconf 78' lang='grc' dir='ltr'>ξίφους’</span> 
     </span>
    </p>
   </div>
   <div class='ocr_carea' id='block_1_25' title="bbox 384 2488 1440 2565">
    <p class='ocr_par' dir='ltr' id='par_1_25' title="bbox 384 2488 1440 2565">
     <span class='ocr_line' id='line_1_25' title="bbox 384 2488 1440 2565; baseline -0.003 -19"><span class='ocrx_word' id='word_1_130' title='bbox 384 2491 566 2553; x_wconf 71' lang='grc' dir='ltr'>Ζωοῦς</span> <span class='ocrx_word' id='word_1_131' title='bbox 597 2489 656 2544; x_wconf 71' lang='grc' dir='ltr'>δὲ</span> <span class='ocrx_word' id='word_1_132' title='bbox 690 2489 1018 2565; x_wconf 82' lang='grc' dir='ltr'>συνέσχηκεν</span> <span class='ocrx_word' id='word_1_133' title='bbox 1049 2489 1249 2544; x_wconf 83' lang='grc' dir='ltr'>εἷ’κοσιν</span> <span class='ocrx_word' id='word_1_134' title='bbox 1275 2488 1440 2544; x_wconf 80' lang='grc' dir='ltr'>πάλιν</span> 
     </span>
    </p>
   </div>
   <div class='ocr_carea' id='block_1_26' title="bbox 381 2578 1531 2655">
    <p class='ocr_par' dir='ltr' id='par_1_26' title="bbox 381 2578 1531 2655">
     <span class='ocr_line' id='line_1_26' title="bbox 381 2578 1531 2655; baseline -0.001 -19"><span class='ocrx_word' id='word_1_135' title='bbox 381 2578 623 2655; x_wconf 75' lang='grc' dir='ltr'>’Δνδρας</span> <span class='ocrx_word' id='word_1_136' title='bbox 650 2580 893 2654; x_wconf 81' lang='grc' dir='ltr'>τιμίους,</span> <span class='ocrx_word' id='word_1_137' title='bbox 926 2580 1204 2654; x_wconf 80' lang='grc' dir='ltr'>ἐγκρίτους</span> <span class='ocrx_word' id='word_1_138' title='bbox 1235 2579 1531 2653; x_wconf 78' lang='grc' dir='ltr'>ἀποστάτῃ.</span> 
     </span>
    </p>
   </div>
   <div class='ocr_carea' id='block_1_27' title="bbox 382 2664 1547 2745">
    <p class='ocr_par' dir='ltr' id='par_1_27' title="bbox 382 2664 1547 2745">
     <span class='ocr_line' id='line_1_27' title="bbox 382 2664 1547 2745; baseline -0.003 -20"><span class='ocrx_word' id='word_1_139' title='bbox 382 2673 569 2727; x_wconf 72' lang='grc' dir='ltr'>Ταῦτα</span> <span class='ocrx_word' id='word_1_140' title='bbox 602 2671 698 2743; x_wconf 75' lang='grc' dir='ltr'>μὲν</span> <span class='ocrx_word' id='word_1_141' title='bbox 732 2667 877 2724; x_wconf 75' lang='grc' dir='ltr'>οὕτω</span> <span class='ocrx_word' id='word_1_142' title='bbox 910 2664 1250 2741; x_wconf 84' lang='grc' dir='ltr'>συμϐέϐηκεν</span> <span class='ocrx_word' id='word_1_143' title='bbox 1286 2668 1359 2730; x_wconf 86' lang='grc' dir='ltr'>ὡς</span> <span class='ocrx_word' id='word_1_144' title='bbox 1392 2667 1547 2745; x_wconf 70' lang='grc' dir='ltr'>ἔφην’</span> 
     </span>
    </p>
   </div>
   <div class='ocr_carea' id='block_1_28' title="bbox 380 2758 1434 2836">
    <p class='ocr_par' dir='ltr' id='par_1_28' title="bbox 380 2758 1434 2836">
     <span class='ocr_line' id='line_1_28' title="bbox 380 2758 1434 2836; baseline -0.004 -19"><span class='ocrx_word' id='word_1_145' title='bbox 380 2761 444 2817; x_wconf 85' lang='grc' dir='ltr'><strong>Ὀ</strong></span> <span class='ocrx_word' id='word_1_146' title='bbox 476 2759 716 2835; x_wconf 79' lang='grc' dir='ltr'>Μιχαὴλ</span> <span class='ocrx_word' id='word_1_147' title='bbox 750 2758 1079 2836; x_wconf 83' lang='grc' dir='ltr'>Βουλγάρων</span> <span class='ocrx_word' id='word_1_148' title='bbox 1104 2758 1434 2834; x_wconf 73' lang='grc' dir='ltr'>ἀρχηγέτης,</span> 
     </span>
    </p>
   </div>
   <div class='ocr_carea' id='block_1_29' title="bbox 218 2846 1462 2924">
    <p class='ocr_par' dir='ltr' id='par_1_29' title="bbox 218 2846 1462 2924">
     <span class='ocr_line' id='line_1_29' title="bbox 218 2846 1462 2924; baseline -0.003 -21"><span class='ocrx_word' id='word_1_149' title='bbox 218 2849 343 2904; x_wconf 72' lang='grc'>9220</span> <span class='ocrx_word' id='word_1_150' title='bbox 378 2850 477 2909; x_wconf 70' lang='lat' dir='ltr'>&quot;Ur.</span> <span class='ocrx_word' id='word_1_151' title='bbox 512 2847 579 2917; x_wconf 85' lang='grc' dir='ltr'>δὴ</span> <span class='ocrx_word' id='word_1_152' title='bbox 608 2846 1043 2924; x_wconf 80' lang='grc' dir='ltr'>γυναικάδελφος</span> <span class='ocrx_word' id='word_1_153' title='bbox 1068 2848 1136 2917; x_wconf 80' lang='grc' dir='ltr'>ἦν</span> <span class='ocrx_word' id='word_1_154' title='bbox 1171 2846 1462 2923; x_wconf 81' lang='grc' dir='ltr'>βασιλέως,</span> 
     </span>
    </p>
   </div>
   <div class='ocr_carea' id='block_1_30' title="bbox 381 2933 1645 3013">
    <p class='ocr_par' dir='ltr' id='par_1_30' title="bbox 381 2933 1645 3013">
     <span class='ocr_line' id='line_1_30' title="bbox 381 2933 1645 3013; baseline -0.006 -18"><span class='ocrx_word' id='word_1_155' title='bbox 381 2938 617 3013; x_wconf 79' lang='grc' dir='ltr'>Ἐχθρὸς</span> <span class='ocrx_word' id='word_1_156' title='bbox 650 2935 696 2992; x_wconf 87' lang='grc' dir='ltr'>δ’</span> <span class='ocrx_word' id='word_1_157' title='bbox 730 2936 1000 2999; x_wconf 79' lang='grc' dir='ltr'>ἄσπονδος</span> <span class='ocrx_word' id='word_1_158' title='bbox 1032 2936 1288 2994; x_wconf 83' lang='grc' dir='ltr'>Αὐσόνων</span> <span class='ocrx_word' id='word_1_159' title='bbox 1317 2933 1645 3011; x_wconf 76' lang='grc' dir='ltr'>κραταρχίᾳ,</span> 
     </span>
    </p>
   </div>
   <div class='ocr_carea' id='block_1_31' title="bbox 378 3020 1532 3101">
    <p class='ocr_par' dir='ltr' id='par_1_31' title="bbox 378 3020 1532 3101">
     <span class='ocr_line' id='line_1_31' title="bbox 378 3020 1532 3101; baseline -0.003 -19"><span class='ocrx_word' id='word_1_160' title='bbox 378 3029 524 3101; x_wconf 75' lang='grc' dir='ltr'>Πρὸς</span> <span class='ocrx_word' id='word_1_161' title='bbox 554 3026 919 3099; x_wconf 73' lang='grc' dir='ltr'>Καλλιμᾶνου</span> <span class='ocrx_word' id='word_1_162' title='bbox 944 3026 1156 3099; x_wconf 86' lang='grc' dir='ltr'>καιρίαν</span> <span class='ocrx_word' id='word_1_163' title='bbox 1193 3020 1532 3101; x_wconf 84' lang='grc' dir='ltr'>βεϐλημένος</span> 
     </span>
    </p>
   </div>
   <div class='ocr_carea' id='block_1_32' title="bbox 376 3113 1558 3193">
    <p class='ocr_par' dir='ltr' id='par_1_32' title="bbox 376 3113 1558 3193">
     <span class='ocr_line' id='line_1_32' title="bbox 376 3113 1558 3193; baseline -0.003 -22"><span class='ocrx_word' id='word_1_164' title='bbox 376 3115 838 3193; x_wconf 77' lang='grc' dir='ltr'>Πρωτεξαδέλφου</span> <span class='ocrx_word' id='word_1_165' title='bbox 868 3121 1198 3193; x_wconf 88' lang='grc' dir='ltr'>προσγενοῦς</span> <span class='ocrx_word' id='word_1_166' title='bbox 1228 3113 1558 3190; x_wconf 77' lang='grc' dir='ltr'>πεφυκότος,</span> 
     </span>
    </p>
   </div>
   <div class='ocr_carea' id='block_1_33' title="bbox 377 3204 1414 3283">
    <p class='ocr_par' dir='ltr' id='par_1_33' title="bbox 377 3204 1414 3283">
     <span class='ocr_line' id='line_1_33' title="bbox 377 3204 1414 3283; baseline 0 -24"><span class='ocrx_word' id='word_1_167' title='bbox 377 3206 667 3277; x_wconf 79' lang='grc' dir='ltr'>Ἐξαπίνης</span> <span class='ocrx_word' id='word_1_168' title='bbox 698 3206 951 3271; x_wconf 84' lang='grc' dir='ltr'>τέθνηκεν</span> <span class='ocrx_word' id='word_1_169' title='bbox 985 3204 1223 3260; x_wconf 75' lang='grc' dir='ltr'>ἐκλιπὼν</span> <span class='ocrx_word' id='word_1_170' title='bbox 1257 3206 1414 3283; x_wconf 72' lang='grc' dir='ltr'>φάοςο</span> 
     </span>
    </p>
   </div>
   <div class='ocr_carea' id='block_1_34' title="bbox 212 3292 1523 3371">
    <p class='ocr_par' dir='ltr' id='par_1_34' title="bbox 212 3292 1523 3371">
     <span class='ocr_line' id='line_1_34' title="bbox 212 3292 1523 3371; baseline -0.002 -22"><span class='ocrx_word' id='word_1_171' title='bbox 212 3293 340 3349; x_wconf 76' lang='grc'>9225</span> <span class='ocrx_word' id='word_1_172' title='bbox 375 3294 453 3350; x_wconf 75' lang='grc' dir='ltr'>Οὗ</span> <span class='ocrx_word' id='word_1_173' title='bbox 583 3295 800 3368; x_wconf 73' lang='grc' dir='ltr'>γυναικὶ</span> <span class='ocrx_word' id='word_1_174' title='bbox 833 3295 1115 3371; x_wconf 67' lang='grc' dir='ltr'>σὀναφθεῖς</span> <span class='ocrx_word' id='word_1_175' title='bbox 1145 3292 1523 3366; x_wconf 78' lang='grc' dir='ltr'>Καλλιμάνος,</span> 
     </span>
    </p>
   </div>
   <div class='ocr_carea' id='block_1_35' title="bbox 372 3378 1688 3459">
    <p class='ocr_par' dir='ltr' id='par_1_35' title="bbox 372 3378 1688 3459">
     <span class='ocr_line' id='line_1_35' title="bbox 372 3378 1688 3459; baseline -0.002 -19"><span class='ocrx_word' id='word_1_176' title='bbox 372 3381 593 3455; x_wconf 80' lang='grc' dir='ltr'>Ἐδοξεν</span> <span class='ocrx_word' id='word_1_177' title='bbox 628 3385 809 3459; x_wconf 83' lang='grc' dir='ltr'>ἀρχὴν</span> <span class='ocrx_word' id='word_1_178' title='bbox 843 3378 1179 3456; x_wconf 83' lang='grc' dir='ltr'>προσλαϐεῖν</span> <span class='ocrx_word' id='word_1_179' title='bbox 1208 3382 1299 3437; x_wconf 84' lang='grc' dir='ltr'>καὶ</span> <span class='ocrx_word' id='word_1_180' title='bbox 1333 3380 1688 3457; x_wconf 85' lang='grc' dir='ltr'>Βουλγάρων.</span> 
     </span>
    </p>
   </div>
   <div class='ocr_carea' id='block_1_36' title="bbox 372 3470 1523 3547">
    <p class='ocr_par' dir='ltr' id='par_1_36' title="bbox 372 3470 1523 3547">
     <span class='ocr_line' id='line_1_36' title="bbox 372 3470 1523 3547; baseline -0.003 -19"><span class='ocrx_word' id='word_1_181' title='bbox 372 3471 555 3528; x_wconf 81' lang='grc' dir='ltr'>Ἀλλᾶ</span> <span class='ocrx_word' id='word_1_182' title='bbox 583 3473 784 3535; x_wconf 82' lang='grc' dir='ltr'>Ῥῶσος</span> <span class='ocrx_word' id='word_1_183' title='bbox 816 3470 991 3547; x_wconf 77' lang='grc' dir='ltr'>Οὖρος</span> <span class='ocrx_word' id='word_1_184' title='bbox 1026 3473 1120 3545; x_wconf 77' lang='grc' dir='ltr'>μὶν</span> <span class='ocrx_word' id='word_1_185' title='bbox 1154 3472 1229 3533; x_wconf 86' lang='grc' dir='ltr'>ὡς</span> <span class='ocrx_word' id='word_1_186' title='bbox 1262 3471 1523 3547; x_wconf 73' lang='grc' dir='ltr'>θυγατέρα</span> 
     </span>
    </p>
   </div>
   <div class='ocr_carea' id='block_1_37' title="bbox 372 3554 1600 3636">
    <p class='ocr_par' dir='ltr' id='par_1_37' title="bbox 372 3554 1600 3636">
     <span class='ocr_line' id='line_1_37' title="bbox 372 3554 1600 3636; baseline -0.002 -21"><span class='ocrx_word' id='word_1_187' title='bbox 372 3562 522 3616; x_wconf 75' lang='grc' dir='ltr'>Μετᾶ</span> <span class='ocrx_word' id='word_1_188' title='bbox 553 3566 806 3636; x_wconf 76' lang='grc' dir='ltr'>στρατιᾶς</span> <span class='ocrx_word' id='word_1_189' title='bbox 840 3562 1129 3633; x_wconf 88' lang='grc' dir='ltr'>συμπεσὼν</span> <span class='ocrx_word' id='word_1_190' title='bbox 1162 3554 1600 3635; x_wconf 87' lang='grc' dir='ltr'>προσλαμϐάνει·</span> 
     </span>
    </p>
   </div>
   <div class='ocr_carea' id='block_1_38' title="bbox 371 3646 1536 3722">
    <p class='ocr_par' dir='ltr' id='par_1_38' title="bbox 371 3646 1536 3722">
     <span class='ocr_line' id='line_1_38' title="bbox 371 3646 1536 3722; baseline 0.002 -19"><span class='ocrx_word' id='word_1_191' title='bbox 371 3648 664 3705; x_wconf 71' lang='grc' dir='ltr'>Φονεόεται</span> <span class='ocrx_word' id='word_1_192' title='bbox 697 3648 754 3704; x_wconf 69' lang='grc' dir='ltr'>δὲ</span> <span class='ocrx_word' id='word_1_193' title='bbox 784 3648 1143 3722; x_wconf 85' lang='grc' dir='ltr'>Καλλιμάνος</span> <span class='ocrx_word' id='word_1_194' title='bbox 1174 3646 1536 3721; x_wconf 76' lang='grc' dir='ltr'>Βουλγάροις.</span> 
     </span>
    </p>
   </div>
   <div class='ocr_carea' id='block_1_39' title="bbox 212 3743 1415 3822">
    <p class='ocr_par' dir='ltr' id='par_1_39' title="bbox 212 3743 1415 3822">
     <span class='ocr_line' id='line_1_39' title="bbox 212 3743 1415 3822; baseline -0.001 -23"><span class='ocrx_word' id='word_1_195' title='bbox 212 3746 338 3802; x_wconf 73' lang='grc'>9230</span> <span class='ocrx_word' id='word_1_196' title='bbox 371 3750 629 3822; x_wconf 79' lang='grc' dir='ltr'>Ἕρημον</span> <span class='ocrx_word' id='word_1_197' title='bbox 659 3744 856 3802; x_wconf 77' lang='grc' dir='ltr'>οὐκοῦν</span> <span class='ocrx_word' id='word_1_198' title='bbox 889 3746 1117 3821; x_wconf 83' lang='grc' dir='ltr'>γνησίου</span> <span class='ocrx_word' id='word_1_199' title='bbox 1148 3743 1415 3820; x_wconf 83' lang='grc' dir='ltr'>διαδόχου</span> 
     </span>
    </p>
   </div>
   <div class='ocr_carea' id='block_1_40' title="bbox 371 3832 1703 3910">
    <p class='ocr_par' dir='ltr' id='par_1_40' title="bbox 371 3832 1703 3910">
     <span class='ocr_line' id='line_1_40' title="bbox 371 3832 1703 3910; baseline -0.002 -21"><span class='ocrx_word' id='word_1_200' title='bbox 371 3837 615 3909; x_wconf 78' lang='grc' dir='ltr'>’Υπῆρχε</span> <span class='ocrx_word' id='word_1_201' title='bbox 648 3834 843 3890; x_wconf 82' lang='grc' dir='ltr'>λοιπὸν</span> <span class='ocrx_word' id='word_1_202' title='bbox 874 3836 937 3890; x_wconf 82' lang='grc' dir='ltr'>τὸ</span> <span class='ocrx_word' id='word_1_203' title='bbox 966 3836 1163 3910; x_wconf 87' lang='grc' dir='ltr'>κράτος</span> <span class='ocrx_word' id='word_1_204' title='bbox 1188 3840 1306 3898; x_wconf 83' lang='grc' dir='ltr'>τοῖς</span> <span class='ocrx_word' id='word_1_205' title='bbox 1337 3832 1703 3909; x_wconf 73' lang='grc' dir='ltr'>Βουλγεὶροις⁸</span> 
     </span>
    </p>
   </div>
   <div class='ocr_carea' id='block_1_41' title="bbox 368 3922 1633 4001">
    <p class='ocr_par' dir='ltr' id='par_1_41' title="bbox 368 3922 1633 4001">
     <span class='ocr_line' id='line_1_41' title="bbox 368 3922 1633 4001; baseline -0.002 -21"><span class='ocrx_word' id='word_1_206' title='bbox 368 3925 522 3980; x_wconf 84' lang='grc' dir='ltr'>Ἀλλ’</span> <span class='ocrx_word' id='word_1_207' title='bbox 551 3925 603 3978; x_wconf 80' lang='grc' dir='ltr'>οἷ</span> <span class='ocrx_word' id='word_1_208' title='bbox 634 3926 763 3999; x_wconf 84' lang='grc' dir='ltr'>παρ’</span> <span class='ocrx_word' id='word_1_209' title='bbox 790 3925 979 3986; x_wconf 74' lang='grc' dir='ltr'>αὐτοῖς</span> <span class='ocrx_word' id='word_1_210' title='bbox 1010 3922 1245 3999; x_wconf 83' lang='grc' dir='ltr'>ἔγκριτοι</span> <span class='ocrx_word' id='word_1_211' title='bbox 1280 3922 1633 4001; x_wconf 76' lang='grc' dir='ltr'>Βουληφόροι</span> 
     </span>
    </p>
   </div>
   <div class='ocr_carea' id='block_1_42' title="bbox 367 4010 1616 4089">
    <p class='ocr_par' dir='ltr' id='par_1_42' title="bbox 367 4010 1616 4089">
     <span class='ocr_line' id='line_1_42' title="bbox 367 4010 1616 4089; baseline -0.002 -20"><span class='ocrx_word' id='word_1_212' title='bbox 367 4014 729 4088; x_wconf 76' lang='grc' dir='ltr'>Ἀρχηγετεῖν</span> <span class='ocrx_word' id='word_1_213' title='bbox 755 4015 1043 4069; x_wconf 87' lang='grc' dir='ltr'>τάσσουσιν</span> <span class='ocrx_word' id='word_1_214' title='bbox 1076 4014 1254 4088; x_wconf 81' lang='grc' dir='ltr'>ἀρχῆς</span> <span class='ocrx_word' id='word_1_215' title='bbox 1287 4010 1616 4089; x_wconf 81' lang='grc' dir='ltr'>Βουλγάρων</span> 
     </span>
    </p>
   </div>
   <div class='ocr_carea' id='block_1_43' title="bbox 366 4101 1630 4176">
    <p class='ocr_par' dir='ltr' id='par_1_43' title="bbox 366 4101 1630 4176">
     <span class='ocr_line' id='line_1_43' title="bbox 366 4101 1630 4176; baseline -0.002 -18"><span class='ocrx_word' id='word_1_216' title='bbox 366 4103 575 4176; x_wconf 86' lang='grc' dir='ltr'>Τείχου</span> <span class='ocrx_word' id='word_1_217' title='bbox 602 4103 695 4157; x_wconf 86' lang='grc' dir='ltr'>τὸν</span> <span class='ocrx_word' id='word_1_218' title='bbox 728 4104 852 4158; x_wconf 83' lang='grc' dir='ltr'>Υἱὸν</span> <span class='ocrx_word' id='word_1_219' title='bbox 883 4104 973 4158; x_wconf 88' lang='grc' dir='ltr'>τὸν</span> <span class='ocrx_word' id='word_1_220' title='bbox 1003 4101 1170 4158; x_wconf 85' lang='grc' dir='ltr'>καλὸν</span> <span class='ocrx_word' id='word_1_221' title='bbox 1201 4106 1630 4158; x_wconf 85' lang='grc' dir='ltr'>Κωνσταντῖνον·</span> 
     </span>
    </p>
   </div>
   <div class='ocr_carea' id='block_1_44' title="bbox 204 4187 1444 4268">
    <p class='ocr_par' dir='ltr' id='par_1_44' title="bbox 204 4187 1444 4268">
     <span class='ocr_line' id='line_1_44' title="bbox 204 4187 1444 4268; baseline -0.002 -21"><span class='ocrx_word' id='word_1_222' title='bbox 204 4187 331 4247; x_wconf 72' lang='lat'>9335</span> <span class='ocrx_word' id='word_1_223' title='bbox 366 4192 455 4254; x_wconf 80' lang='grc' dir='ltr'>Ὠς</span> <span class='ocrx_word' id='word_1_224' title='bbox 486 4190 544 4246; x_wconf 70' lang='grc' dir='ltr'>ἂν</span> <span class='ocrx_word' id='word_1_225' title='bbox 581 4190 637 4247; x_wconf 75' lang='grc' dir='ltr'>δὲ</span> <span class='ocrx_word' id='word_1_226' title='bbox 666 4193 756 4247; x_wconf 77' lang='grc' dir='ltr'>καὶ</span> <span class='ocrx_word' id='word_1_227' title='bbox 790 4189 988 4266; x_wconf 79' lang='grc' dir='ltr'>δόξειεν</span> <span class='ocrx_word' id='word_1_228' title='bbox 1015 4193 1075 4246; x_wconf 76' lang='grc' dir='ltr'>ἐκ</span> <span class='ocrx_word' id='word_1_229' title='bbox 1102 4190 1444 4268; x_wconf 76' lang='grc' dir='ltr'>κληρουχίας</span> 
     </span>
    </p>
   </div>
   <div class='ocr_carea' id='block_1_45' title="bbox 365 4280 1499 4358">
    <p class='ocr_par' dir='ltr' id='par_1_45' title="bbox 365 4280 1499 4358">
     <span class='ocr_line' id='line_1_45' title="bbox 365 4280 1499 4358; baseline -0.005 -20"><span class='ocrx_word' id='word_1_230' title='bbox 365 4281 461 4342; x_wconf 74' lang='grc' dir='ltr'>Εἲς</span> <span class='ocrx_word' id='word_1_231' title='bbox 499 4280 863 4357; x_wconf 79' lang='grc' dir='ltr'>βουλγαρικὸν</span> <span class='ocrx_word' id='word_1_232' title='bbox 896 4280 1279 4358; x_wconf 84' lang='grc' dir='ltr'>ἐγκαθεστάναι</span> <span class='ocrx_word' id='word_1_233' title='bbox 1309 4280 1499 4355; x_wconf 88' lang='grc' dir='ltr'>θρόνον</span> 
     </span>
    </p>
   </div>
   <div class='ocr_carea' id='block_1_46' title="bbox 362 4366 1602 4445">
    <p class='ocr_par' dir='ltr' id='par_1_46' title="bbox 362 4366 1602 4445">
     <span class='ocr_line' id='line_1_46' title="bbox 362 4366 1602 4445; baseline -0.005 -18"><span class='ocrx_word' id='word_1_234' title='bbox 362 4371 647 4445; x_wconf 76' lang='grc' dir='ltr'>Ἐρίτιμοι</span> <span class='ocrx_word' id='word_1_235' title='bbox 680 4373 958 4445; x_wconf 84' lang='grc' dir='ltr'>πέμπουσι</span> <span class='ocrx_word' id='word_1_236' title='bbox 989 4366 1241 4445; x_wconf 81' lang='grc' dir='ltr'>πρέσϐεις</span> <span class='ocrx_word' id='word_1_237' title='bbox 1274 4366 1602 4444; x_wconf 82' lang='grc' dir='ltr'>Βουλγάρων</span> 
     </span>
    </p>
   </div>
   <div class='ocr_carea' id='block_1_47' title="bbox 368 4456 1562 4533">
    <p class='ocr_par' dir='ltr' id='par_1_47' title="bbox 368 4456 1562 4533">
     <span class='ocr_line' id='line_1_47' title="bbox 368 4456 1562 4533; baseline -0.002 -20"><span class='ocrx_word' id='word_1_238' title='bbox 368 4460 512 4532; x_wconf 59' lang='grc' dir='ltr'>Πρὸς</span> <span class='ocrx_word' id='word_1_239' title='bbox 539 4460 632 4515; x_wconf 78' lang='grc' dir='ltr'>τὸν</span> <span class='ocrx_word' id='word_1_240' title='bbox 664 4465 965 4532; x_wconf 69' lang='grc' dir='ltr'>κρατοῦντα</span> <span class='ocrx_word' id='word_1_241' title='bbox 1001 4457 1280 4533; x_wconf 86' lang='grc' dir='ltr'>Θεόδωρον</span> <span class='ocrx_word' id='word_1_242' title='bbox 1309 4456 1562 4514; x_wconf 82' lang='grc' dir='ltr'>Αὐσόνων</span> 
     </span>
    </p>
   </div>
   <div class='ocr_carea' id='block_1_48' title="bbox 364 4546 1516 4627">
    <p class='ocr_par' dir='ltr' id='par_1_48' title="bbox 364 4546 1516 4627">
     <span class='ocr_line' id='line_1_48' title="bbox 364 4546 1516 4627; baseline -0.004 -23"><span class='ocrx_word' id='word_1_243' title='bbox 364 4549 479 4604; x_wconf 82' lang='grc' dir='ltr'>Ἰνα</span> <span class='ocrx_word' id='word_1_244' title='bbox 510 4552 756 4627; x_wconf 70' lang='grc' dir='ltr'>συναφθῇ</span> <span class='ocrx_word' id='word_1_245' title='bbox 788 4552 865 4623; x_wconf 81' lang='grc' dir='ltr'>τῷ</span> <span class='ocrx_word' id='word_1_246' title='bbox 894 4550 1099 4625; x_wconf 88' lang='grc' dir='ltr'>Τείχου</span> <span class='ocrx_word' id='word_1_247' title='bbox 1133 4546 1516 4619; x_wconf 84' lang='grc' dir='ltr'>Κωνσταντίνῳ</span> 
     </span>
    </p>
   </div>
   <div class='ocr_carea' id='block_1_49' title="bbox 208 4644 1474 4723">
    <p class='ocr_par' dir='ltr' id='par_1_49' title="bbox 208 4644 1474 4723">
     <span class='ocr_line' id='line_1_49' title="bbox 208 4644 1474 4723; baseline -0.002 -23"><span class='ocrx_word' id='word_1_248' title='bbox 208 4644 334 4700; x_wconf 62' lang='grc'>9⁵240</span> <span class='ocrx_word' id='word_1_249' title='bbox 371 4648 583 4723; x_wconf 70' lang='grc' dir='ltr'>Εἰρήνη</span> <span class='ocrx_word' id='word_1_250' title='bbox 614 4649 809 4723; x_wconf 83' lang='grc' dir='ltr'>πρώτη</span> <span class='ocrx_word' id='word_1_251' title='bbox 842 4646 1002 4704; x_wconf 77' lang='grc' dir='ltr'>τοῦδε</span> <span class='ocrx_word' id='word_1_252' title='bbox 1027 4653 1135 4704; x_wconf 83' lang='grc' dir='ltr'>τῶν</span> <span class='ocrx_word' id='word_1_253' title='bbox 1168 4646 1474 4722; x_wconf 71' lang='grc' dir='ltr'>θυγατέρων</span> 
     </span>
    </p>
   </div>
   <div class='ocr_carea' id='block_1_50' title="bbox 371 4734 1634 4813">
    <p class='ocr_par' dir='ltr' id='par_1_50' title="bbox 371 4734 1634 4813">
     <span class='ocr_line' id='line_1_50' title="bbox 371 4734 1634 4813; baseline -0.003 -21"><span class='ocrx_word' id='word_1_254' title='bbox 371 4738 532 4792; x_wconf 72' lang='grc' dir='ltr'>Ἀσὰν</span> <span class='ocrx_word' id='word_1_255' title='bbox 563 4738 881 4812; x_wconf 79' lang='grc' dir='ltr'>κρατάρχου</span> <span class='ocrx_word' id='word_1_256' title='bbox 914 4737 1241 4813; x_wconf 82' lang='grc' dir='ltr'>Βουλγάρων</span> <span class='ocrx_word' id='word_1_257' title='bbox 1276 4735 1389 4791; x_wconf 79' lang='grc' dir='ltr'>οὐσ²</span> <span class='ocrx_word' id='word_1_258' title='bbox 1420 4734 1634 4809; x_wconf 80' lang='grc' dir='ltr'>ἐγγόνη·</span> 
     </span>
    </p>
   </div>
   <div class='ocr_carea' id='block_1_51' title="bbox 366 4815 1517 4893">
    <p class='ocr_par' dir='ltr' id='par_1_51' title="bbox 366 4815 1517 4893">
     <span class='ocr_line' id='line_1_51' title="bbox 366 4815 1517 4893; baseline -0.004 -20"><span class='ocrx_word' id='word_1_259' title='bbox 366 4817 433 4873; x_wconf 84' lang='grc' dir='ltr'>Ἀ</span> <span class='ocrx_word' id='word_1_260' title='bbox 466 4819 554 4871; x_wconf 75' lang='grc' dir='ltr'>καὶ</span> <span class='ocrx_word' id='word_1_261' title='bbox 586 4825 817 4892; x_wconf 81' lang='grc' dir='ltr'>περατοῖ</span> <span class='ocrx_word' id='word_1_262' title='bbox 847 4819 938 4873; x_wconf 77' lang='grc' dir='ltr'>σὺν</span> <span class='ocrx_word' id='word_1_263' title='bbox 972 4818 1253 4893; x_wconf 84' lang='grc' dir='ltr'>προθυμίᾳ</span> <span class='ocrx_word' id='word_1_264' title='bbox 1280 4815 1517 4891; x_wconf 84' lang='grc' dir='ltr'>κράτωρ.</span> 
     </span>
    </p>
   </div>
   <div class='ocr_carea' id='block_1_52' title="bbox 369 4904 1492 4983">
    <p class='ocr_par' dir='ltr' id='par_1_52' title="bbox 369 4904 1492 4983">
     <span class='ocr_line' id='line_1_52' title="bbox 369 4904 1492 4983; baseline -0.003 -23"><span class='ocrx_word' id='word_1_265' title='bbox 369 4906 511 4961; x_wconf 79' lang='grc' dir='ltr'>Ἐπιὶ</span> <span class='ocrx_word' id='word_1_266' title='bbox 548 4904 596 4961; x_wconf 85' lang='grc' dir='ltr'>δ’</span> <span class='ocrx_word' id='word_1_267' title='bbox 628 4908 656 4961; x_wconf 87' lang='grc' dir='ltr'><strong>ὁ</strong></span> <span class='ocrx_word' id='word_1_268' title='bbox 686 4907 884 4983; x_wconf 86' lang='grc' dir='ltr'>Τείχου</span> <span class='ocrx_word' id='word_1_269' title='bbox 914 4908 981 4977; x_wconf 79' lang='grc' dir='ltr'>ἦν</span> <span class='ocrx_word' id='word_1_270' title='bbox 1012 4907 1153 4983; x_wconf 82' lang='grc' dir='ltr'>ἔχων</span> <span class='ocrx_word' id='word_1_271' title='bbox 1190 4905 1492 4979; x_wconf 82' lang='grc' dir='ltr'>ὁμευνέτιν,</span> 
     </span>
    </p>
   </div>
   <div class='ocr_carea' id='block_1_53' title="bbox 366 4994 1479 5071">
    <p class='ocr_par' dir='ltr' id='par_1_53' title="bbox 366 4994 1479 5071">
     <span class='ocr_line' id='line_1_53' title="bbox 366 4994 1479 5071; baseline -0.002 -22"><span class='ocrx_word' id='word_1_272' title='bbox 366 4994 584 5065; x_wconf 67' lang='grc' dir='ltr'>Ταύτην</span> <span class='ocrx_word' id='word_1_273' title='bbox 619 4994 988 5069; x_wconf 77' lang='grc' dir='ltr'>διαζεύξαντες</span> <span class='ocrx_word' id='word_1_274' title='bbox 1017 4994 1211 5071; x_wconf 83' lang='grc' dir='ltr'>ἀνδρὸς</span> <span class='ocrx_word' id='word_1_275' title='bbox 1239 4994 1479 5067; x_wconf 83' lang='grc' dir='ltr'>ἀνόμως,</span> 
     </span>
    </p>
   </div>
   <div class='ocr_carea' id='block_1_54' title="bbox 206 5081 1552 5161">
    <p class='ocr_par' dir='ltr' id='par_1_54' title="bbox 206 5081 1552 5161">
     <span class='ocr_line' id='line_1_54' title="bbox 206 5081 1552 5161; baseline 0.004 -27"><span class='ocrx_word' id='word_1_276' title='bbox 206 5081 332 5137; x_wconf 69' lang='grc'>9245</span> <span class='ocrx_word' id='word_1_277' title='bbox 367 5082 462 5146; x_wconf 77' lang='grc' dir='ltr'>Εἷς</span> <span class='ocrx_word' id='word_1_278' title='bbox 492 5083 746 5161; x_wconf 70' lang='grc' dir='ltr'>φυλακὴν</span> <span class='ocrx_word' id='word_1_279' title='bbox 780 5086 1062 5158; x_wconf 87' lang='grc' dir='ltr'>πέμπουσι</span> <span class='ocrx_word' id='word_1_280' title='bbox 1094 5090 1174 5156; x_wconf 78' lang='grc' dir='ltr'>τῷ</span> <span class='ocrx_word' id='word_1_281' title='bbox 1205 5082 1552 5161; x_wconf 73' lang='grc' dir='ltr'>στεφηφόρῳ.</span> 
     </span>
    </p>
   </div>
   <div class='ocr_carea' id='block_1_55' title="bbox 368 5172 1384 5250">
    <p class='ocr_par' dir='ltr' id='par_1_55' title="bbox 368 5172 1384 5250">
     <span class='ocr_line' id='line_1_55' title="bbox 368 5172 1384 5250; baseline 0 -23"><span class='ocrx_word' id='word_1_282' title='bbox 368 5172 521 5227; x_wconf 81' lang='grc' dir='ltr'>Μετά</span> <span class='ocrx_word' id='word_1_283' title='bbox 552 5172 610 5228; x_wconf 68' lang='grc' dir='ltr'>δὲ</span> <span class='ocrx_word' id='word_1_284' title='bbox 638 5177 809 5229; x_wconf 72' lang='grc' dir='ltr'>ταῦτα</span> <span class='ocrx_word' id='word_1_285' title='bbox 839 5173 1205 5250; x_wconf 78' lang='grc' dir='ltr'>χαλεπωτάτῃ</span> <span class='ocrx_word' id='word_1_286' title='bbox 1241 5173 1384 5245; x_wconf 89' lang='grc' dir='ltr'>νόσῳ</span> 
     </span>
    </p>
   </div>
   <div class='ocr_carea' id='block_1_56' title="bbox 367 5261 1451 5338">
    <p class='ocr_par' dir='ltr' id='par_1_56' title="bbox 367 5261 1451 5338">
     <span class='ocr_line' id='line_1_56' title="bbox 367 5261 1451 5338; baseline 0.001 -24"><span class='ocrx_word' id='word_1_287' title='bbox 367 5264 684 5334; x_wconf 85' lang='grc' dir='ltr'>Περιπεσὼν</span> <span class='ocrx_word' id='word_1_288' title='bbox 715 5261 890 5318; x_wconf 86' lang='grc' dir='ltr'>ἔκειτο</span> <span class='ocrx_word' id='word_1_289' title='bbox 922 5265 1242 5338; x_wconf 80' lang='grc' dir='ltr'>κρατάρχης</span> <span class='ocrx_word' id='word_1_290' title='bbox 1273 5261 1451 5336; x_wconf 75' lang='grc' dir='ltr'>κλίνῃ·</span> 
     </span>
    </p>
   </div>
   <div class='ocr_carea' id='block_1_57' title="bbox 364 5346 1473 5427">
    <p class='ocr_par' dir='ltr' id='par_1_57' title="bbox 364 5346 1473 5427">
     <span class='ocr_line' id='line_1_57' title="bbox 364 5346 1473 5427; baseline -0.001 -22"><span class='ocrx_word' id='word_1_291' title='bbox 364 5349 427 5405; x_wconf 85' lang='grc' dir='ltr'>Ἡ</span> <span class='ocrx_word' id='word_1_292' title='bbox 455 5346 501 5403; x_wconf 81' lang='grc' dir='ltr'>δ’</span> <span class='ocrx_word' id='word_1_293' title='bbox 530 5350 599 5419; x_wconf 80' lang='grc' dir='ltr'>ἦν</span> <span class='ocrx_word' id='word_1_294' title='bbox 630 5351 983 5427; x_wconf 80' lang='grc' dir='ltr'>ἀνιάτρευτος</span> <span class='ocrx_word' id='word_1_295' title='bbox 1014 5348 1473 5422; x_wconf 84' lang='grc' dir='ltr'>’Δσκληπιάδαις,</span> 
     </span>
    </p>
   </div>
   <div class='ocr_carea' id='block_1_58' title="bbox 358 5435 1844 5518">
    <p class='ocr_par' dir='ltr' id='par_1_58' title="bbox 358 5435 1844 5518">
     <span class='ocr_line' id='line_1_58' title="bbox 358 5435 1844 5518; baseline 0 -24"><span class='ocrx_word' id='word_1_296' title='bbox 358 5436 460 5491; x_wconf 78' lang='grc' dir='ltr'>Καὶ</span> <span class='ocrx_word' id='word_1_297' title='bbox 539 5445 689 5515; x_wconf 60' lang='lat' dir='ltr'>aq.ch</span> <span class='ocrx_word' id='word_1_298' title='bbox 762 5443 980 5518; x_wconf 71' lang='grc' dir='ltr'>τέχναις</span> <span class='ocrx_word' id='word_1_299' title='bbox 1057 5438 1341 5515; x_wconf 75' lang='grc' dir='ltr'>ἄκαμπτος</span> <span class='ocrx_word' id='word_1_300' title='bbox 1419 5436 1533 5495; x_wconf 80' lang='grc' dir='ltr'>οὐδ’</span> <span class='ocrx_word' id='word_1_301' title='bbox 1600 5435 1844 5494; x_wconf 73' lang='grc' dir='ltr'>εἴκουσά-</span> 
     </span>
    </p>
   </div>
   <div class='ocr_carea' id='block_1_59' title="bbox 1606 5530 1768 5603">
    <p class='ocr_par' dir='ltr' id='par_1_59' title="bbox 1606 5530 1768 5603">
     <span class='ocr_line' id='line_1_59' title="bbox 1606 5530 1768 5603; baseline 0 -18"><span class='ocrx_word' id='word_1_302' title='bbox 1606 5530 1768 5603; x_wconf 87' lang='grc' dir='ltr'>[πως.</span> 
     </span>
    </p>
   </div>
   <div class='ocr_carea' id='block_1_60' title="bbox 203 5608 1557 5698">
    <p class='ocr_par' dir='ltr' id='par_1_60' title="bbox 203 5608 1557 5698">
     <span class='ocr_line' id='line_1_60' title="bbox 203 5608 1557 5698; baseline 0.001 -26"><span class='ocrx_word' id='word_1_303' title='bbox 203 5608 329 5672; x_wconf 77' lang='grc'>9250</span> <span class='ocrx_word' id='word_1_304' title='bbox 364 5617 558 5675; x_wconf 81' lang='grc' dir='ltr'>Τοίνυν</span> <span class='ocrx_word' id='word_1_305' title='bbox 592 5619 874 5695; x_wconf 74' lang='grc' dir='ltr'>ἀπογνοὺς</span> <span class='ocrx_word' id='word_1_306' title='bbox 898 5621 987 5678; x_wconf 87' lang='grc' dir='ltr'>καὶ</span> <span class='ocrx_word' id='word_1_307' title='bbox 1024 5618 1275 5698; x_wconf 78' lang='grc' dir='ltr'>διαγνοὺς</span> <span class='ocrx_word' id='word_1_308' title='bbox 1307 5618 1379 5682; x_wconf 83' lang='grc' dir='ltr'>ὡς</span> <span class='ocrx_word' id='word_1_309' title='bbox 1414 5615 1557 5692; x_wconf 71' lang='grc' dir='ltr'>δίον,</span> 
     </span>
    </p>
   </div>
   <div class='ocr_carea' id='block_1_61' title="bbox 1778 299 2138 352">
    <p class='ocr_par' dir='ltr' id='par_1_61' title="bbox 1778 299 2138 352">
     <span class='ocr_line' id='line_1_61' title="bbox 1778 299 2138 352; baseline 0.003 -1"><span class='ocrx_word' id='word_1_310' title='bbox 1778 299 2138 352; x_wconf 72' lang='grc' dir='ltr'>ΟΛΕΒΑΒΕΞ.</span> 
     </span>
    </p>
   </div>
   <div class='ocr_carea' id='block_1_62' title="bbox 1922 420 3198 500">
    <p class='ocr_par' dir='ltr' id='par_1_62' title="bbox 1922 420 3198 500">
     <span class='ocr_line' id='line_1_62' title="bbox 1922 420 3198 500; baseline 0.009 -25"><span class='ocrx_word' id='word_1_311' title='bbox 1922 423 1978 488; x_wconf 79' lang='grc' dir='ltr'><strong>Α</strong></span> <span class='ocrx_word' id='word_1_312' title='bbox 2008 420 2248 492; x_wconf 90' lang='lat' dir='ltr'>despota</span> <span class='ocrx_word' id='word_1_313' title='bbox 2287 424 2519 481; x_wconf 82' lang='lat' dir='ltr'>damnis</span> <span class='ocrx_word' id='word_1_314' title='bbox 2551 426 2884 500; x_wconf 85' lang='lat' dir='ltr'>omnigenis</span> <span class='ocrx_word' id='word_1_315' title='bbox 2917 428 3198 487; x_wconf 79' lang='lat' dir='ltr'>faciendis</span> 
     </span>
    </p>
   </div>
   <div class='ocr_carea' id='block_1_63' title="bbox 2009 512 3061 589">
    <p class='ocr_par' dir='ltr' id='par_1_63' title="bbox 2009 512 3061 589">
     <span class='ocr_line' id='line_1_63' title="bbox 2009 512 3061 589; baseline 0.01 -26"><span class='ocrx_word' id='word_1_316' title='bbox 2009 513 2066 564; x_wconf 92' lang='lat' dir='ltr'>et</span> <span class='ocrx_word' id='word_1_317' title='bbox 2096 527 2215 566; x_wconf 75' lang='lat' dir='ltr'>suaa</span> <span class='ocrx_word' id='word_1_318' title='bbox 2246 512 2456 570; x_wconf 91' lang='lat' dir='ltr'>ditioni</span> <span class='ocrx_word' id='word_1_319' title='bbox 2490 516 2661 572; x_wconf 90' lang='lat' dir='ltr'>terris</span> <span class='ocrx_word' id='word_1_320' title='bbox 2693 517 3061 589; x_wconf 83' lang='lat' dir='ltr'>subigendis.</span> 
     </span>
    </p>
   </div>
   <div class='ocr_carea' id='block_1_64' title="bbox 2010 598 3076 674">
    <p class='ocr_par' dir='ltr' id='par_1_64' title="bbox 2010 598 3076 674">
     <span class='ocr_line' id='line_1_64' title="bbox 2010 598 3076 674; baseline 0.008 -20"><span class='ocrx_word' id='word_1_321' title='bbox 2010 598 2153 655; x_wconf 88' lang='lat' dir='ltr'>Nam</span> <span class='ocrx_word' id='word_1_322' title='bbox 2188 609 2526 674; x_wconf 86' lang='lat' dir='ltr'>comparato</span> <span class='ocrx_word' id='word_1_323' title='bbox 2561 606 2767 662; x_wconf 90' lang='lat' dir='ltr'>idoneo</span> <span class='ocrx_word' id='word_1_324' title='bbox 2798 607 3076 673; x_wconf 85' lang='lat' dir='ltr'>exercitu,</span> 
     </span>
    </p>
   </div>
   <div class='ocr_carea' id='block_1_65' title="bbox 2006 692 3166 763">
    <p class='ocr_par' dir='ltr' id='par_1_65' title="bbox 2006 692 3166 763">
     <span class='ocr_line' id='line_1_65' title="bbox 2006 692 3166 763; baseline 0.007 -20"><span class='ocrx_word' id='word_1_325' title='bbox 2006 704 2177 758; x_wconf 88' lang='lat' dir='ltr'>quem</span> <span class='ocrx_word' id='word_1_326' title='bbox 2212 692 2391 748; x_wconf 90' lang='lat' dir='ltr'>notho</span> <span class='ocrx_word' id='word_1_327' title='bbox 2418 693 2536 750; x_wconf 84' lang='lat' dir='ltr'>filio</span> <span class='ocrx_word' id='word_1_328' title='bbox 2566 695 2869 753; x_wconf 88' lang='lat' dir='ltr'>Theodoro</span> <span class='ocrx_word' id='word_1_329' title='bbox 2902 697 3166 763; x_wconf 84' lang='lat' dir='ltr'>tradidit,</span> 
     </span>
    </p>
   </div>
   <div class='ocr_carea' id='block_1_66' title="bbox 1994 776 3178 857">
    <p class='ocr_par' dir='ltr' id='par_1_66' title="bbox 1994 776 3178 857">
     <span class='ocr_line' id='line_1_66' title="bbox 1994 776 3178 857; baseline 0.007 -26"><span class='ocrx_word' id='word_1_330' title='bbox 1994 776 2179 847; x_wconf 81' lang='lat' dir='ltr'>jussit</span> <span class='ocrx_word' id='word_1_331' title='bbox 2212 779 2486 839; x_wconf 86' lang='lat' dir='ltr'>invadere</span> <span class='ocrx_word' id='word_1_332' title='bbox 2516 783 2885 841; x_wconf 89' lang='lat' dir='ltr'>Bodenorum</span> <span class='ocrx_word' id='word_1_333' title='bbox 2922 802 3129 857; x_wconf 81' lang='lat' dir='ltr'>agrum</span> <span class='ocrx_word' id='word_1_334' title='bbox 3166 802 3178 839; x_wconf 92' lang='lat'><strong>:</strong></span> 
     </span>
    </p>
   </div>
   <div class='ocr_carea' id='block_1_67' title="bbox 2002 877 3239 957">
    <p class='ocr_par' dir='ltr' id='par_1_67' title="bbox 2002 877 3239 957">
     <span class='ocr_line' id='line_1_67' title="bbox 2002 877 3239 957; baseline 0.01 -28"><span class='ocrx_word' id='word_1_335' title='bbox 2002 880 2175 947; x_wconf 86' lang='lat' dir='ltr'>atque</span> <span class='ocrx_word' id='word_1_336' title='bbox 2208 877 2288 932; x_wconf 89' lang='lat' dir='ltr'>ibi</span> <span class='ocrx_word' id='word_1_337' title='bbox 2322 884 2554 937; x_wconf 89' lang='lat' dir='ltr'>nostras</span> <span class='ocrx_word' id='word_1_338' title='bbox 2587 899 2735 955; x_wconf 89' lang='lat' dir='ltr'>quas</span> <span class='ocrx_word' id='word_1_339' title='bbox 2766 885 3011 939; x_wconf 72' lang='lat' dir='ltr'>offendit</span> <span class='ocrx_word' id='word_1_340' title='bbox 3041 884 3239 957; x_wconf 88' lang='lat' dir='ltr'>copias</span> 
     </span>
    </p>
   </div>
   <div class='ocr_carea' id='block_1_68' title="bbox 1998 967 2945 1045">
    <p class='ocr_par' dir='ltr' id='par_1_68' title="bbox 1998 967 2945 1045">
     <span class='ocr_line' id='line_1_68' title="bbox 1998 967 2945 1045; baseline 0.01 -26"><span class='ocrx_word' id='word_1_341' title='bbox 1998 967 2156 1034; x_wconf 81' lang='lat' dir='ltr'>vicit,</span> <span class='ocrx_word' id='word_1_342' title='bbox 2190 967 2468 1039; x_wconf 85' lang='lat' dir='ltr'>dispersit</span> <span class='ocrx_word' id='word_1_343' title='bbox 2499 971 2653 1027; x_wconf 83' lang='lat' dir='ltr'>facili</span> <span class='ocrx_word' id='word_1_344' title='bbox 2690 974 2945 1045; x_wconf 83' lang='lat' dir='ltr'>negotio.</span> 
     </span>
    </p>
   </div>
   <div class='ocr_carea' id='block_1_69' title="bbox 1998 1054 2992 1135">
    <p class='ocr_par' dir='ltr' id='par_1_69' title="bbox 1998 1054 2992 1135">
     <span class='ocr_line' id='line_1_69' title="bbox 1998 1054 2992 1135; baseline 0.01 -27"><span class='ocrx_word' id='word_1_345' title='bbox 1998 1054 2243 1111; x_wconf 84' lang='lat' dir='ltr'>Michael</span> <span class='ocrx_word' id='word_1_346' title='bbox 2276 1074 2336 1114; x_wconf 91' lang='lat' dir='ltr'>re</span> <span class='ocrx_word' id='word_1_347' title='bbox 2366 1060 2600 1130; x_wconf 88' lang='lat' dir='ltr'>cognita</span> <span class='ocrx_word' id='word_1_348' title='bbox 2631 1061 2992 1135; x_wconf 69' lang='lat' dir='ltr'>Palaaologus</span> 
     </span>
    </p>
   </div>
   <div class='ocr_carea' id='block_1_70' title="bbox 1997 1143 3055 1220">
    <p class='ocr_par' dir='ltr' id='par_1_70' title="bbox 1997 1143 3055 1220">
     <span class='ocr_line' id='line_1_70' title="bbox 1997 1143 3055 1220; baseline 0.011 -23"><span class='ocrx_word' id='word_1_349' title='bbox 1997 1143 2242 1201; x_wconf 81' lang='lat' dir='ltr'>bellator</span> <span class='ocrx_word' id='word_1_350' title='bbox 2268 1146 2360 1202; x_wconf 87' lang='lat' dir='ltr'>vir</span> <span class='ocrx_word' id='word_1_351' title='bbox 2384 1150 2823 1219; x_wconf 81' lang='lat' dir='ltr'>magnanimus,</span> <span class='ocrx_word' id='word_1_352' title='bbox 2862 1152 3055 1220; x_wconf 80' lang='lat' dir='ltr'>fortis,</span> 
     </span>
    </p>
   </div>
   <div class='ocr_carea' id='block_1_71' title="bbox 1998 1234 3071 1305">
    <p class='ocr_par' dir='ltr' id='par_1_71' title="bbox 1998 1234 3071 1305">
     <span class='ocr_line' id='line_1_71' title="bbox 1998 1234 3071 1305; baseline 0.008 -19"><span class='ocrx_word' id='word_1_353' title='bbox 1998 1234 2247 1305; x_wconf 90' lang='lat' dir='ltr'>abrupta</span> <span class='ocrx_word' id='word_1_354' title='bbox 2278 1252 2441 1292; x_wconf 89' lang='lat' dir='ltr'>mora</span> <span class='ocrx_word' id='word_1_355' title='bbox 2476 1238 2741 1295; x_wconf 89' lang='lat' dir='ltr'>hostibus</span> <span class='ocrx_word' id='word_1_356' title='bbox 2775 1240 3031 1296; x_wconf 90' lang='lat' dir='ltr'>occurrit</span> <span class='ocrx_word' id='word_1_357' title='bbox 3060 1256 3071 1295; x_wconf 94' lang='lat'>:</span> 
     </span>
    </p>
   </div>
   <div class='ocr_carea' id='block_1_72' title="bbox 1995 1325 3284 1401">
    <p class='ocr_par' dir='ltr' id='par_1_72' title="bbox 1995 1325 3284 1401">
     <span class='ocr_line' id='line_1_72' title="bbox 1995 1325 3284 1401; baseline 0.006 -24"><span class='ocrx_word' id='word_1_358' title='bbox 1995 1325 2052 1377; x_wconf 90' lang='lat' dir='ltr'>et</span> <span class='ocrx_word' id='word_1_359' title='bbox 2082 1326 2398 1394; x_wconf 89' lang='lat' dir='ltr'>quemdam</span> <span class='ocrx_word' id='word_1_360' title='bbox 2440 1326 2608 1383; x_wconf 87' lang='lat' dir='ltr'>hasta</span> <span class='ocrx_word' id='word_1_361' title='bbox 2640 1330 2899 1400; x_wconf 88' lang='lat' dir='ltr'>equitem</span> <span class='ocrx_word' id='word_1_362' title='bbox 2935 1347 3284 1401; x_wconf 85' lang='lat' dir='ltr'>percussum</span> 
     </span>
    </p>
   </div>
   <div class='ocr_carea' id='block_1_73' title="bbox 1996 1412 3055 1493">
    <p class='ocr_par' dir='ltr' id='par_1_73' title="bbox 1996 1412 3055 1493">
     <span class='ocr_line' id='line_1_73' title="bbox 1996 1412 3055 1493; baseline 0.011 -27"><span class='ocrx_word' id='word_1_363' title='bbox 1996 1412 2142 1484; x_wconf 91' lang='lat' dir='ltr'>(erat</span> <span class='ocrx_word' id='word_1_364' title='bbox 2173 1416 2222 1470; x_wconf 90' lang='lat' dir='ltr'>is</span> <span class='ocrx_word' id='word_1_365' title='bbox 2255 1416 2411 1473; x_wconf 82' lang='lat' dir='ltr'>ﬁlius</span> <span class='ocrx_word' id='word_1_366' title='bbox 2443 1419 2650 1489; x_wconf 82' lang='lat' dir='ltr'>perfidi</span> <span class='ocrx_word' id='word_1_367' title='bbox 2683 1420 3055 1493; x_wconf 83' lang='lat' dir='ltr'>Theodorus)</span> 
     </span>
    </p>
   </div>
   <div class='ocr_carea' id='block_1_74' title="bbox 1994 1502 3101 1583">
    <p class='ocr_par' dir='ltr' id='par_1_74' title="bbox 1994 1502 3101 1583">
     <span class='ocr_line' id='line_1_74' title="bbox 1994 1502 3101 1583; baseline 0.01 -27"><span class='ocrx_word' id='word_1_368' title='bbox 1994 1502 2157 1558; x_wconf 86' lang='lat' dir='ltr'>humi</span> <span class='ocrx_word' id='word_1_369' title='bbox 2188 1507 2433 1577; x_wconf 87' lang='lat' dir='ltr'>projecit</span> <span class='ocrx_word' id='word_1_370' title='bbox 2455 1509 2730 1581; x_wconf 90' lang='lat' dir='ltr'>ephippio</span> <span class='ocrx_word' id='word_1_371' title='bbox 2763 1510 3101 1583; x_wconf 90' lang='lat' dir='ltr'>depulsum.</span> 
     </span>
    </p>
   </div>
   <div class='ocr_carea' id='block_1_75' title="bbox 1993 1590 3063 1672">
    <p class='ocr_par' dir='ltr' id='par_1_75' title="bbox 1993 1590 3063 1672">
     <span class='ocr_line' id='line_1_75' title="bbox 1993 1590 3063 1672; baseline 0.007 -25"><span class='ocrx_word' id='word_1_372' title='bbox 1993 1590 2097 1647; x_wconf 86' lang='lat' dir='ltr'>Ille</span> <span class='ocrx_word' id='word_1_373' title='bbox 2125 1596 2403 1650; x_wconf 91' lang='lat' dir='ltr'>Comneni</span> <span class='ocrx_word' id='word_1_374' title='bbox 2439 1598 2778 1667; x_wconf 85' lang='lat' dir='ltr'>provolutus</span> <span class='ocrx_word' id='word_1_375' title='bbox 2810 1600 3063 1672; x_wconf 87' lang='lat' dir='ltr'>genibus</span> 
     </span>
    </p>
   </div>
   <div class='ocr_carea' id='block_1_76' title="bbox 1992 1681 3012 1758">
    <p class='ocr_par' dir='ltr' id='par_1_76' title="bbox 1992 1681 3012 1758">
     <span class='ocr_line' id='line_1_76' title="bbox 1992 1681 3012 1758; baseline 0.007 -24"><span class='ocrx_word' id='word_1_376' title='bbox 1992 1681 2167 1736; x_wconf 90' lang='lat' dir='ltr'>vitam</span> <span class='ocrx_word' id='word_1_377' title='bbox 2201 1684 2445 1755; x_wconf 86' lang='lat' dir='ltr'>rogabat</span> <span class='ocrx_word' id='word_1_378' title='bbox 2474 1686 2586 1741; x_wconf 89' lang='lat' dir='ltr'>sibi</span> <span class='ocrx_word' id='word_1_379' title='bbox 2621 1692 3012 1758; x_wconf 86' lang='lat' dir='ltr'>conservaret,</span> 
     </span>
    </p>
   </div>
   <div class='ocr_carea' id='block_1_77' title="bbox 1905 1771 3214 1853">
    <p class='ocr_par' dir='ltr' id='par_1_77' title="bbox 1905 1771 3214 1853">
     <span class='ocr_line' id='line_1_77' title="bbox 1905 1771 3214 1853; baseline 0.006 -30"><span class='ocrx_word' id='word_1_380' title='bbox 1905 1789 1951 1853; x_wconf 83' lang='lat' dir='ltr'><strong>B</strong></span> <span class='ocrx_word' id='word_1_381' title='bbox 1993 1786 2169 1841; x_wconf 89' lang='lat' dir='ltr'>reque</span> <span class='ocrx_word' id='word_1_382' title='bbox 2198 1771 2329 1842; x_wconf 87' lang='lat' dir='ltr'>ipsa</span> <span class='ocrx_word' id='word_1_383' title='bbox 2356 1774 2585 1829; x_wconf 88' lang='lat' dir='ltr'>veniam</span> <span class='ocrx_word' id='word_1_384' title='bbox 2620 1775 2821 1830; x_wconf 88' lang='lat' dir='ltr'>mitem</span> <span class='ocrx_word' id='word_1_385' title='bbox 2855 1775 3214 1848; x_wconf 87' lang='lat' dir='ltr'>impetravit,</span> 
     </span>
    </p>
   </div>
   <div class='ocr_carea' id='block_1_78' title="bbox 1980 1864 3200 1936">
    <p class='ocr_par' dir='ltr' id='par_1_78' title="bbox 1980 1864 3200 1936">
     <span class='ocr_line' id='line_1_78' title="bbox 1980 1864 3200 1936; baseline 0.005 -23"><span class='ocrx_word' id='word_1_386' title='bbox 1980 1876 2320 1932; x_wconf 88' lang='lat' dir='ltr'>quanquam</span> <span class='ocrx_word' id='word_1_387' title='bbox 2347 1864 2474 1933; x_wconf 86' lang='lat' dir='ltr'>ejus</span> <span class='ocrx_word' id='word_1_388' title='bbox 2507 1864 2710 1936; x_wconf 89' lang='lat' dir='ltr'>ignota</span> <span class='ocrx_word' id='word_1_389' title='bbox 2744 1866 3001 1921; x_wconf 90' lang='lat' dir='ltr'>conditio</span> <span class='ocrx_word' id='word_1_390' title='bbox 3026 1869 3153 1920; x_wconf 91' lang='lat' dir='ltr'>erat</span> <span class='ocrx_word' id='word_1_391' title='bbox 3187 1882 3200 1919; x_wconf 88' lang='lat'><strong>:</strong></span> 
     </span>
    </p>
   </div>
   <div class='ocr_carea' id='block_1_79' title="bbox 1978 1956 3303 2030">
    <p class='ocr_par' dir='ltr' id='par_1_79' title="bbox 1978 1956 3303 2030">
     <span class='ocr_line' id='line_1_79' title="bbox 1978 1956 3303 2030; baseline 0.005 -19"><span class='ocrx_word' id='word_1_392' title='bbox 1978 1956 2291 2029; x_wconf 70' lang='lat' dir='ltr'>Turczeque</span> <span class='ocrx_word' id='word_1_393' title='bbox 2321 1959 2546 2015; x_wconf 89' lang='lat' dir='ltr'>homini</span> <span class='ocrx_word' id='word_1_394' title='bbox 2578 1962 2998 2017; x_wconf 88' lang='lat' dir='ltr'>custodiendus</span> <span class='ocrx_word' id='word_1_395' title='bbox 3030 1963 3303 2030; x_wconf 88' lang='lat' dir='ltr'>traditur,</span> 
     </span>
    </p>
   </div>
   <div class='ocr_carea' id='block_1_80' title="bbox 1977 2047 3244 2122">
    <p class='ocr_par' dir='ltr' id='par_1_80' title="bbox 1977 2047 3244 2122">
     <span class='ocr_line' id='line_1_80' title="bbox 1977 2047 3244 2122; baseline 0.003 -21"><span class='ocrx_word' id='word_1_396' title='bbox 1977 2047 2077 2117; x_wconf 87' lang='lat' dir='ltr'>qui</span> <span class='ocrx_word' id='word_1_397' title='bbox 2110 2048 2391 2104; x_wconf 89' lang='lat' dir='ltr'>miserum</span> <span class='ocrx_word' id='word_1_398' title='bbox 2427 2050 2721 2122; x_wconf 86' lang='lat' dir='ltr'>captivum</span> <span class='ocrx_word' id='word_1_399' title='bbox 2757 2050 2951 2122; x_wconf 91' lang='lat' dir='ltr'>gladio</span> <span class='ocrx_word' id='word_1_400' title='bbox 2987 2051 3244 2122; x_wconf 86' lang='lat' dir='ltr'>perimit.</span> 
     </span>
    </p>
   </div>
   <div class='ocr_carea' id='block_1_81' title="bbox 1975 2137 3247 2212">
    <p class='ocr_par' dir='ltr' id='par_1_81' title="bbox 1975 2137 3247 2212">
     <span class='ocr_line' id='line_1_81' title="bbox 1975 2137 3247 2212; baseline 0.003 -22"><span class='ocrx_word' id='word_1_401' title='bbox 1975 2141 2166 2208; x_wconf 86' lang='lat' dir='ltr'>Atque</span> <span class='ocrx_word' id='word_1_402' title='bbox 2197 2137 2348 2194; x_wconf 91' lang='lat' dir='ltr'>hanc</span> <span class='ocrx_word' id='word_1_403' title='bbox 2378 2139 2684 2195; x_wconf 88' lang='lat' dir='ltr'>victoriam</span> <span class='ocrx_word' id='word_1_404' title='bbox 2717 2139 2963 2195; x_wconf 86' lang='lat' dir='ltr'>Michael</span> <span class='ocrx_word' id='word_1_405' title='bbox 2998 2140 3247 2212; x_wconf 86' lang='lat' dir='ltr'>patravit</span> 
     </span>
    </p>
   </div>
   <div class='ocr_carea' id='block_1_82' title="bbox 1974 2225 3145 2301">
    <p class='ocr_par' dir='ltr' id='par_1_82' title="bbox 1974 2225 3145 2301">
     <span class='ocr_line' id='line_1_82' title="bbox 1974 2225 3145 2301; baseline 0.005 -22"><span class='ocrx_word' id='word_1_406' title='bbox 1974 2225 2388 2284; x_wconf 78' lang='lat' dir='ltr'>Mavortiorum</span> <span class='ocrx_word' id='word_1_407' title='bbox 2420 2246 2569 2301; x_wconf 89' lang='lat' dir='ltr'>quos</span> <span class='ocrx_word' id='word_1_408' title='bbox 2601 2230 2855 2285; x_wconf 89' lang='lat' dir='ltr'>ducebat</span> <span class='ocrx_word' id='word_1_409' title='bbox 2888 2228 3145 2285; x_wconf 85' lang='lat' dir='ltr'>militum</span> 
     </span>
    </p>
   </div>
   <div class='ocr_carea' id='block_1_83' title="bbox 1972 2318 3054 2391">
    <p class='ocr_par' dir='ltr' id='par_1_83' title="bbox 1972 2318 3054 2391">
     <span class='ocr_line' id='line_1_83' title="bbox 1972 2318 3054 2391; baseline 0.004 -22"><span class='ocrx_word' id='word_1_410' title='bbox 1972 2331 2146 2385; x_wconf 84' lang='lat' dir='ltr'>Opera</span> <span class='ocrx_word' id='word_1_411' title='bbox 2175 2332 2343 2387; x_wconf 88' lang='lat' dir='ltr'>usus,</span> <span class='ocrx_word' id='word_1_412' title='bbox 2369 2318 2558 2389; x_wconf 90' lang='lat' dir='ltr'>patria</span> <span class='ocrx_word' id='word_1_413' title='bbox 2588 2318 3054 2391; x_wconf 88' lang='lat' dir='ltr'>Paphlagonum.</span> 
     </span>
    </p>
   </div>
   <div class='ocr_carea' id='block_1_84' title="bbox 1970 2402 3153 2477">
    <p class='ocr_par' dir='ltr' id='par_1_84' title="bbox 1970 2402 3153 2477">
     <span class='ocr_line' id='line_1_84' title="bbox 1970 2402 3153 2477; baseline 0.005 -20"><span class='ocrx_word' id='word_1_414' title='bbox 1970 2402 2039 2457; x_wconf 86' lang='lat' dir='ltr'>Et</span> <span class='ocrx_word' id='word_1_415' title='bbox 2077 2403 2292 2460; x_wconf 87' lang='lat' dir='ltr'>multos</span> <span class='ocrx_word' id='word_1_416' title='bbox 2324 2406 2563 2477; x_wconf 89' lang='lat' dir='ltr'>quidem</span> <span class='ocrx_word' id='word_1_417' title='bbox 2599 2406 2898 2463; x_wconf 89' lang='lat' dir='ltr'>interemit</span> <span class='ocrx_word' id='word_1_418' title='bbox 2930 2408 3153 2475; x_wconf 88' lang='lat' dir='ltr'>hostes,</span> 
     </span>
    </p>
   </div>
   <div class='ocr_carea' id='block_1_85' title="bbox 1969 2494 2860 2569">
    <p class='ocr_par' dir='ltr' id='par_1_85' title="bbox 1969 2494 2860 2569">
     <span class='ocr_line' id='line_1_85' title="bbox 1969 2494 2860 2569; baseline 0.007 -23"><span class='ocrx_word' id='word_1_419' title='bbox 1969 2498 2249 2563; x_wconf 66' lang='lat' dir='ltr'>praeterea</span> <span class='ocrx_word' id='word_1_420' title='bbox 2275 2494 2482 2566; x_wconf 86' lang='lat' dir='ltr'>viginti</span> <span class='ocrx_word' id='word_1_421' title='bbox 2513 2496 2673 2551; x_wconf 90' lang='lat' dir='ltr'>vivos</span> <span class='ocrx_word' id='word_1_422' title='bbox 2704 2496 2860 2569; x_wconf 90' lang='lat' dir='ltr'>cepit</span> 
     </span>
    </p>
   </div>
   <div class='ocr_carea' id='block_1_86' title="bbox 1968 2580 2979 2654">
    <p class='ocr_par' dir='ltr' id='par_1_86' title="bbox 1968 2580 2979 2654">
     <span class='ocr_line' id='line_1_86' title="bbox 1968 2580 2979 2654; baseline 0.006 -19"><span class='ocrx_word' id='word_1_423' title='bbox 1968 2580 2121 2637; x_wconf 91' lang='lat' dir='ltr'>viros</span> <span class='ocrx_word' id='word_1_424' title='bbox 2152 2581 2416 2654; x_wconf 82' lang='lat' dir='ltr'>insignes</span> <span class='ocrx_word' id='word_1_425' title='bbox 2450 2584 2520 2639; x_wconf 89' lang='lat' dir='ltr'>de</span> <span class='ocrx_word' id='word_1_426' title='bbox 2554 2585 2792 2641; x_wconf 86' lang='lat' dir='ltr'>rebellis</span> <span class='ocrx_word' id='word_1_427' title='bbox 2826 2586 2979 2642; x_wconf 92' lang='lat' dir='ltr'>aula.</span> 
     </span>
    </p>
   </div>
   <div class='ocr_carea' id='block_1_87' title="bbox 1967 2671 3295 2747">
    <p class='ocr_par' dir='ltr' id='par_1_87' title="bbox 1967 2671 3295 2747">
     <span class='ocr_line' id='line_1_87' title="bbox 1967 2671 3295 2747; baseline 0.005 -25"><span class='ocrx_word' id='word_1_428' title='bbox 1967 2674 2154 2741; x_wconf 80' lang='lat' dir='ltr'>Atque</span> <span class='ocrx_word' id='word_1_429' title='bbox 2184 2671 2339 2727; x_wconf 92' lang='lat' dir='ltr'>hunc</span> <span class='ocrx_word' id='word_1_430' title='bbox 2374 2673 2648 2743; x_wconf 59' lang='lat' dir='ltr'>praedicta</span> <span class='ocrx_word' id='word_1_431' title='bbox 2681 2691 2771 2729; x_wconf 88' lang='lat' dir='ltr'>res</span> <span class='ocrx_word' id='word_1_432' title='bbox 2802 2677 3024 2731; x_wconf 83' lang='lat' dir='ltr'>exitum</span> <span class='ocrx_word' id='word_1_433' title='bbox 3066 2674 3295 2747; x_wconf 86' lang='lat' dir='ltr'>habuit,</span> 
     </span>
    </p>
   </div>
   <div class='ocr_carea' id='block_1_88' title="bbox 1968 2758 3193 2835">
    <p class='ocr_par' dir='ltr' id='par_1_88' title="bbox 1968 2758 3193 2835">
     <span class='ocr_line' id='line_1_88' title="bbox 1968 2758 3193 2835; baseline 0.005 -22"><span class='ocrx_word' id='word_1_434' title='bbox 1968 2758 2213 2815; x_wconf 87' lang='lat' dir='ltr'>Michael</span> <span class='ocrx_word' id='word_1_435' title='bbox 2246 2766 2441 2817; x_wconf 88' lang='lat' dir='ltr'>autem</span> <span class='ocrx_word' id='word_1_436' title='bbox 2476 2762 2858 2835; x_wconf 89' lang='lat' dir='ltr'>Bulgarorum</span> <span class='ocrx_word' id='word_1_437' title='bbox 2890 2764 3193 2833; x_wconf 91' lang='lat' dir='ltr'>dominus,</span> 
     </span>
    </p>
   </div>
   <div class='ocr_carea' id='block_1_89' title="bbox 1965 2848 2971 2923">
    <p class='ocr_par' dir='ltr' id='par_1_89' title="bbox 1965 2848 2971 2923">
     <span class='ocr_line' id='line_1_89' title="bbox 1965 2848 2971 2923; baseline 0.004 -22"><span class='ocrx_word' id='word_1_438' title='bbox 1965 2848 2136 2918; x_wconf 89' lang='lat' dir='ltr'>cujus</span> <span class='ocrx_word' id='word_1_439' title='bbox 2171 2866 2337 2905; x_wconf 89' lang='lat' dir='ltr'>soror</span> <span class='ocrx_word' id='word_1_440' title='bbox 2365 2852 2576 2907; x_wconf 62' lang='lat' dir='ltr'>Caesari</span> <span class='ocrx_word' id='word_1_441' title='bbox 2612 2856 2796 2923; x_wconf 89' lang='lat' dir='ltr'>nupta</span> <span class='ocrx_word' id='word_1_442' title='bbox 2829 2856 2971 2922; x_wconf 85' lang='lat' dir='ltr'>erat,</span> 
     </span>
    </p>
   </div>
   <div class='ocr_carea' id='block_1_90' title="bbox 1964 2938 3039 3012">
    <p class='ocr_par' dir='ltr' id='par_1_90' title="bbox 1964 2938 3039 3012">
     <span class='ocr_line' id='line_1_90' title="bbox 1964 2938 3039 3012; baseline 0.002 -21"><span class='ocrx_word' id='word_1_443' title='bbox 1964 2938 2148 2992; x_wconf 85' lang='lat' dir='ltr'>nostri</span> <span class='ocrx_word' id='word_1_444' title='bbox 2184 2939 2532 3011; x_wconf 82' lang='lat' dir='ltr'>faedifragus</span> <span class='ocrx_word' id='word_1_445' title='bbox 2564 2940 2751 2995; x_wconf 89' lang='lat' dir='ltr'>hostis</span> <span class='ocrx_word' id='word_1_446' title='bbox 2785 2940 3039 3012; x_wconf 90' lang='lat' dir='ltr'>imperii,</span> 
     </span>
    </p>
   </div>
   <div class='ocr_carea' id='block_1_91' title="bbox 1964 3028 2875 3084">
    <p class='ocr_par' dir='ltr' id='par_1_91' title="bbox 1964 3028 2875 3084">
     <span class='ocr_line' id='line_1_91' title="bbox 1964 3028 2875 3084; baseline 0.003 -4"><span class='ocrx_word' id='word_1_447' title='bbox 1964 3043 1996 3080; x_wconf 91' lang='lat' dir='ltr'>a</span> <span class='ocrx_word' id='word_1_448' title='bbox 2031 3028 2383 3083; x_wconf 84' lang='lat' dir='ltr'>consobrino</span> <span class='ocrx_word' id='word_1_449' title='bbox 2414 3045 2519 3083; x_wconf 89' lang='lat' dir='ltr'>suo</span> <span class='ocrx_word' id='word_1_450' title='bbox 2552 3028 2875 3084; x_wconf 89' lang='lat' dir='ltr'>Callimano</span> 
     </span>
    </p>
   </div>
   <div class='ocr_carea' id='block_1_92' title="bbox 1887 3113 3146 3213">
    <p class='ocr_par' dir='ltr' id='par_1_92' title="bbox 1887 3113 3146 3213">
     <span class='ocr_line' id='line_1_92' title="bbox 1887 3113 3146 3213; baseline 0.001 -45"><span class='ocrx_word' id='word_1_451' title='bbox 1887 3147 1928 3213; x_wconf 78' lang='lat' dir='ltr'>C</span> <span class='ocrx_word' id='word_1_452' title='bbox 1969 3114 2266 3169; x_wconf 80' lang='lat' dir='ltr'>mortifero</span> <span class='ocrx_word' id='word_1_453' title='bbox 2299 3119 2535 3187; x_wconf 88' lang='lat' dir='ltr'>repente</span> <span class='ocrx_word' id='word_1_454' title='bbox 2562 3132 2879 3186; x_wconf 88' lang='lat' dir='ltr'>percussus</span> <span class='ocrx_word' id='word_1_455' title='bbox 2908 3113 3146 3169; x_wconf 86' lang='lat' dir='ltr'>vulnere</span> 
     </span>
    </p>
   </div>
   <div class='ocr_carea' id='block_1_93' title="bbox 1967 3202 3217 3259">
    <p class='ocr_par' dir='ltr' id='par_1_93' title="bbox 1967 3202 3217 3259">
     <span class='ocr_line' id='line_1_93' title="bbox 1967 3202 3217 3259; baseline 0.001 -4"><span class='ocrx_word' id='word_1_456' title='bbox 1967 3202 2141 3257; x_wconf 78' lang='lat' dir='ltr'>vitam</span> <span class='ocrx_word' id='word_1_457' title='bbox 2174 3220 2303 3258; x_wconf 90' lang='lat' dir='ltr'>cum</span> <span class='ocrx_word' id='word_1_458' title='bbox 2338 3209 2523 3259; x_wconf 88' lang='lat' dir='ltr'>morte</span> <span class='ocrx_word' id='word_1_459' title='bbox 2554 3204 2748 3259; x_wconf 82' lang='lat' dir='ltr'>statim</span> <span class='ocrx_word' id='word_1_460' title='bbox 2782 3202 3169 3259; x_wconf 88' lang='lat' dir='ltr'>commutavit</span> <span class='ocrx_word' id='word_1_461' title='bbox 3202 3218 3217 3256; x_wconf 90' lang='lat'><strong>:</strong></span> 
     </span>
    </p>
   </div>
   <div class='ocr_carea' id='block_1_94' title="bbox 1963 3291 2939 3361">
    <p class='ocr_par' dir='ltr' id='par_1_94' title="bbox 1963 3291 2939 3361">
     <span class='ocr_line' id='line_1_94' title="bbox 1963 3291 2939 3361; baseline 0.002 -16"><span class='ocrx_word' id='word_1_462' title='bbox 1963 3291 2131 3361; x_wconf 90' lang='lat' dir='ltr'>cujus</span> <span class='ocrx_word' id='word_1_463' title='bbox 2162 3308 2339 3348; x_wconf 88' lang='lat' dir='ltr'>uxore</span> <span class='ocrx_word' id='word_1_464' title='bbox 2370 3293 2546 3347; x_wconf 87' lang='lat' dir='ltr'>ducta</span> <span class='ocrx_word' id='word_1_465' title='bbox 2573 3291 2939 3349; x_wconf 89' lang='lat' dir='ltr'>Callimanus</span> 
     </span>
    </p>
   </div>
   <div class='ocr_carea' id='block_1_95' title="bbox 1962 3379 3246 3453">
    <p class='ocr_par' dir='ltr' id='par_1_95' title="bbox 1962 3379 3246 3453">
     <span class='ocr_line' id='line_1_95' title="bbox 1962 3379 3246 3453; baseline 0.002 -19"><span class='ocrx_word' id='word_1_466' title='bbox 1962 3379 2123 3436; x_wconf 88' lang='lat' dir='ltr'>visus</span> <span class='ocrx_word' id='word_1_467' title='bbox 2154 3384 2245 3437; x_wconf 86' lang='lat' dir='ltr'>est</span> <span class='ocrx_word' id='word_1_468' title='bbox 2276 3397 2521 3453; x_wconf 88' lang='lat' dir='ltr'>regnum</span> <span class='ocrx_word' id='word_1_469' title='bbox 2555 3381 2816 3437; x_wconf 89' lang='lat' dir='ltr'>obtinere</span> <span class='ocrx_word' id='word_1_470' title='bbox 2846 3380 3246 3452; x_wconf 88' lang='lat' dir='ltr'>Bulgaricum.</span> 
     </span>
    </p>
   </div>
   <div class='ocr_carea' id='block_1_96' title="bbox 1963 3468 3252 3543">
    <p class='ocr_par' dir='ltr' id='par_1_96' title="bbox 1963 3468 3252 3543">
     <span class='ocr_line' id='line_1_96' title="bbox 1963 3468 3252 3543; baseline 0.002 -19"><span class='ocrx_word' id='word_1_471' title='bbox 1963 3468 2073 3525; x_wconf 90' lang='lat' dir='ltr'>Sed</span> <span class='ocrx_word' id='word_1_472' title='bbox 2110 3470 2267 3541; x_wconf 80' lang='lat' dir='ltr'>regis</span> <span class='ocrx_word' id='word_1_473' title='bbox 2299 3487 2464 3527; x_wconf 84' lang='lat' dir='ltr'>socer</span> <span class='ocrx_word' id='word_1_474' title='bbox 2494 3487 2809 3527; x_wconf 90' lang='lat' dir='ltr'>accurrens</span> <span class='ocrx_word' id='word_1_475' title='bbox 2835 3471 3252 3543; x_wconf 79' lang='lat' dir='ltr'>cumlexercitu</span> 
     </span>
    </p>
   </div>
   <div class='ocr_carea' id='block_1_97' title="bbox 1964 3557 3040 3631">
    <p class='ocr_par' dir='ltr' id='par_1_97' title="bbox 1964 3557 3040 3631">
     <span class='ocr_line' id='line_1_97' title="bbox 1964 3557 3040 3631; baseline 0.002 -18"><span class='ocrx_word' id='word_1_476' title='bbox 1964 3557 2154 3615; x_wconf 85' lang='lat' dir='ltr'>Rosus</span> <span class='ocrx_word' id='word_1_477' title='bbox 2191 3559 2339 3615; x_wconf 90' lang='lat' dir='ltr'>Urus</span> <span class='ocrx_word' id='word_1_478' title='bbox 2372 3559 2548 3616; x_wconf 80' lang='lat' dir='ltr'>filiam</span> <span class='ocrx_word' id='word_1_479' title='bbox 2582 3577 2749 3616; x_wconf 90' lang='lat' dir='ltr'>suam</span> <span class='ocrx_word' id='word_1_480' title='bbox 2785 3559 2993 3631; x_wconf 86' lang='lat' dir='ltr'>recipit</span> <span class='ocrx_word' id='word_1_481' title='bbox 3027 3577 3040 3615; x_wconf 91' lang='lat'><strong>:</strong></span> 
     </span>
    </p>
   </div>
   <div class='ocr_carea' id='block_1_98' title="bbox 1962 3648 3143 3721">
    <p class='ocr_par' dir='ltr' id='par_1_98' title="bbox 1962 3648 3143 3721">
     <span class='ocr_line' id='line_1_98' title="bbox 1962 3648 3143 3721; baseline 0.001 -18"><span class='ocrx_word' id='word_1_482' title='bbox 1962 3648 2368 3721; x_wconf 87' lang='lat' dir='ltr'>occiditurque</span> <span class='ocrx_word' id='word_1_483' title='bbox 2399 3668 2431 3705; x_wconf 93' lang='lat' dir='ltr'>a</span> <span class='ocrx_word' id='word_1_484' title='bbox 2466 3649 2729 3721; x_wconf 77' lang='lat' dir='ltr'>Bulgaria</span> <span class='ocrx_word' id='word_1_485' title='bbox 2759 3649 3143 3706; x_wconf 77' lang='lat' dir='ltr'>Callimanus.</span> 
     </span>
    </p>
   </div>
   <div class='ocr_carea' id='block_1_99' title="bbox 1960 3746 3144 3819">
    <p class='ocr_par' dir='ltr' id='par_1_99' title="bbox 1960 3746 3144 3819">
     <span class='ocr_line' id='line_1_99' title="bbox 1960 3746 3144 3819; baseline 0 -18"><span class='ocrx_word' id='word_1_486' title='bbox 1960 3746 2213 3819; x_wconf 88' lang='lat' dir='ltr'>Jamque</span> <span class='ocrx_word' id='word_1_487' title='bbox 2241 3748 2475 3803; x_wconf 90' lang='lat' dir='ltr'>carebat</span> <span class='ocrx_word' id='word_1_488' title='bbox 2504 3764 2841 3804; x_wconf 87' lang='lat' dir='ltr'>successore</span> <span class='ocrx_word' id='word_1_489' title='bbox 2882 3746 3144 3819; x_wconf 88' lang='lat' dir='ltr'>legitimo</span> 
     </span>
    </p>
   </div>
   <div class='ocr_carea' id='block_1_100' title="bbox 1962 3833 3194 3909">
    <p class='ocr_par' dir='ltr' id='par_1_100' title="bbox 1962 3833 3194 3909">
     <span class='ocr_line' id='line_1_100' title="bbox 1962 3833 3194 3909; baseline 0.002 -22"><span class='ocrx_word' id='word_1_490' title='bbox 1962 3833 2281 3906; x_wconf 73' lang='lat' dir='ltr'>Bulgaricaa</span> <span class='ocrx_word' id='word_1_491' title='bbox 2313 3836 2647 3909; x_wconf 64' lang='lat' dir='ltr'>reipublicae</span> <span class='ocrx_word' id='word_1_492' title='bbox 2676 3854 2891 3891; x_wconf 89' lang='lat' dir='ltr'>vacans</span> <span class='ocrx_word' id='word_1_493' title='bbox 2922 3836 3194 3890; x_wconf 89' lang='lat' dir='ltr'>thronus.</span> 
     </span>
    </p>
   </div>
   <div class='ocr_carea' id='block_1_101' title="bbox 1963 3922 3063 3993">
    <p class='ocr_par' dir='ltr' id='par_1_101' title="bbox 1963 3922 3063 3993">
     <span class='ocr_line' id='line_1_101' title="bbox 1963 3922 3063 3993; baseline 0.001 -17"><span class='ocrx_word' id='word_1_494' title='bbox 1963 3922 2063 3976; x_wconf 89' lang='lat' dir='ltr'>sed</span> <span class='ocrx_word' id='word_1_495' title='bbox 2096 3923 2408 3993; x_wconf 79' lang='lat' dir='ltr'>Optimates</span> <span class='ocrx_word' id='word_1_496' title='bbox 2440 3925 2633 3991; x_wconf 81' lang='lat' dir='ltr'>gentis</span> <span class='ocrx_word' id='word_1_497' title='bbox 2665 3941 2729 3979; x_wconf 89' lang='lat' dir='ltr'>ac</span> <span class='ocrx_word' id='word_1_498' title='bbox 2763 3928 3063 3980; x_wconf 86' lang='lat' dir='ltr'>senatores</span> 
     </span>
    </p>
   </div>
   <div class='ocr_carea' id='block_1_102' title="bbox 1962 4011 3169 4081">
    <p class='ocr_par' dir='ltr' id='par_1_102' title="bbox 1962 4011 3169 4081">
     <span class='ocr_line' id='line_1_102' title="bbox 1962 4011 3169 4081; baseline 0.001 -17"><span class='ocrx_word' id='word_1_499' title='bbox 1962 4011 2033 4064; x_wconf 91' lang='lat' dir='ltr'>ad</span> <span class='ocrx_word' id='word_1_500' title='bbox 2067 4011 2447 4081; x_wconf 86' lang='lat' dir='ltr'>Bulgarorum</span> <span class='ocrx_word' id='word_1_501' title='bbox 2480 4012 2755 4067; x_wconf 88' lang='lat' dir='ltr'>thronum</span> <span class='ocrx_word' id='word_1_502' title='bbox 2794 4014 3169 4067; x_wconf 89' lang='lat' dir='ltr'>advocarunt</span> 
     </span>
    </p>
   </div>
   <div class='ocr_carea' id='block_1_103' title="bbox 1961 4098 3185 4170">
    <p class='ocr_par' dir='ltr' id='par_1_103' title="bbox 1961 4098 3185 4170">
     <span class='ocr_line' id='line_1_103' title="bbox 1961 4098 3185 4170; baseline 0 -17"><span class='ocrx_word' id='word_1_503' title='bbox 1961 4098 2260 4170; x_wconf 86' lang='lat' dir='ltr'>egregium</span> <span class='ocrx_word' id='word_1_504' title='bbox 2293 4099 2457 4154; x_wconf 91' lang='lat' dir='ltr'>Tichi</span> <span class='ocrx_word' id='word_1_505' title='bbox 2490 4100 2675 4154; x_wconf 80' lang='lat' dir='ltr'>filium</span> <span class='ocrx_word' id='word_1_506' title='bbox 2709 4099 3185 4154; x_wconf 88' lang='lat' dir='ltr'>Constantinum.</span> 
     </span>
    </p>
   </div>
   <div class='ocr_carea' id='block_1_104' title="bbox 1960 4186 3074 4258">
    <p class='ocr_par' dir='ltr' id='par_1_104' title="bbox 1960 4186 3074 4258">
     <span class='ocr_line' id='line_1_104' title="bbox 1960 4186 3074 4258; baseline 0 -16"><span class='ocrx_word' id='word_1_507' title='bbox 1960 4191 2149 4257; x_wconf 86' lang='lat' dir='ltr'>Atque</span> <span class='ocrx_word' id='word_1_508' title='bbox 2180 4192 2244 4243; x_wconf 90' lang='lat' dir='ltr'>ut</span> <span class='ocrx_word' id='word_1_509' title='bbox 2274 4186 2532 4256; x_wconf 79' lang='lat' dir='ltr'>legitimo</span> <span class='ocrx_word' id='word_1_510' title='bbox 2560 4187 2915 4243; x_wconf 86' lang='lat' dir='ltr'>successoris</span> <span class='ocrx_word' id='word_1_511' title='bbox 2938 4188 3074 4258; x_wconf 88' lang='lat' dir='ltr'>jure</span> 
     </span>
    </p>
   </div>
   <div class='ocr_carea' id='block_1_105' title="bbox 1963 4277 3150 4351">
    <p class='ocr_par' dir='ltr' id='par_1_105' title="bbox 1963 4277 3150 4351">
     <span class='ocr_line' id='line_1_105' title="bbox 1963 4277 3150 4351; baseline -0.001 -19"><span class='ocrx_word' id='word_1_512' title='bbox 1963 4293 2206 4348; x_wconf 86' lang='lat' dir='ltr'>regnum</span> <span class='ocrx_word' id='word_1_513' title='bbox 2242 4278 2400 4332; x_wconf 90' lang='lat' dir='ltr'>adire</span> <span class='ocrx_word' id='word_1_514' title='bbox 2431 4278 2724 4334; x_wconf 90' lang='lat' dir='ltr'>videretur</span> <span class='ocrx_word' id='word_1_515' title='bbox 2754 4277 3150 4351; x_wconf 87' lang='lat' dir='ltr'>Bulgaricum,</span> 
     </span>
    </p>
   </div>
   <div class='ocr_carea' id='block_1_106' title="bbox 1962 4365 3183 4423">
    <p class='ocr_par' dir='ltr' id='par_1_106' title="bbox 1962 4365 3183 4423">
     <span class='ocr_line' id='line_1_106' title="bbox 1962 4365 3183 4423; baseline 0 -3"><span class='ocrx_word' id='word_1_516' title='bbox 1962 4367 2033 4421; x_wconf 88' lang='lat' dir='ltr'>ad</span> <span class='ocrx_word' id='word_1_517' title='bbox 2068 4365 2462 4421; x_wconf 82' lang='lat' dir='ltr'>Romanorum</span> <span class='ocrx_word' id='word_1_518' title='bbox 2496 4367 2775 4423; x_wconf 77' lang='lat' dir='ltr'>Caesarem</span> <span class='ocrx_word' id='word_1_519' title='bbox 2807 4367 3183 4422; x_wconf 89' lang='lat' dir='ltr'>Theodorum</span> 
     </span>
    </p>
   </div>
   <div class='ocr_carea' id='block_1_107' title="bbox 1963 4453 3031 4526">
    <p class='ocr_par' dir='ltr' id='par_1_107' title="bbox 1963 4453 3031 4526">
     <span class='ocr_line' id='line_1_107' title="bbox 1963 4453 3031 4526; baseline 0.002 -17"><span class='ocrx_word' id='word_1_520' title='bbox 1963 4453 2144 4509; x_wconf 87' lang='lat' dir='ltr'>mittit</span> <span class='ocrx_word' id='word_1_521' title='bbox 2173 4458 2414 4510; x_wconf 87' lang='lat' dir='ltr'>senatus</span> <span class='ocrx_word' id='word_1_522' title='bbox 2443 4453 2790 4525; x_wconf 85' lang='lat' dir='ltr'>legationem</span> <span class='ocrx_word' id='word_1_523' title='bbox 2828 4460 3031 4526; x_wconf 89' lang='lat' dir='ltr'>petens</span> 
     </span>
    </p>
   </div>
   <div class='ocr_carea' id='block_1_108' title="bbox 1956 4544 2978 4615">
    <p class='ocr_par' dir='ltr' id='par_1_108' title="bbox 1956 4544 2978 4615">
     <span class='ocr_line' id='line_1_108' title="bbox 1956 4544 2978 4615; baseline 0 -17"><span class='ocrx_word' id='word_1_524' title='bbox 1956 4545 2383 4615; x_wconf 86' lang='lat' dir='ltr'>utjungeretur</span> <span class='ocrx_word' id='word_1_525' title='bbox 2411 4544 2565 4599; x_wconf 92' lang='lat' dir='ltr'>dicto</span> <span class='ocrx_word' id='word_1_526' title='bbox 2596 4544 2978 4599; x_wconf 84' lang='lat' dir='ltr'>Constantino</span> 
     </span>
    </p>
   </div>
   <div class='ocr_carea' id='block_1_109' title="bbox 1962 4632 2974 4703">
    <p class='ocr_par' dir='ltr' id='par_1_109' title="bbox 1962 4632 2974 4703">
     <span class='ocr_line' id='line_1_109' title="bbox 1962 4632 2974 4703; baseline 0.001 -16"><span class='ocrx_word' id='word_1_527' title='bbox 1962 4633 2142 4688; x_wconf 73' lang='lat' dir='ltr'>Irenaa</span> <span class='ocrx_word' id='word_1_528' title='bbox 2173 4632 2290 4688; x_wconf 84' lang='lat' dir='ltr'>ﬁlia</span> <span class='ocrx_word' id='word_1_529' title='bbox 2319 4633 2561 4689; x_wconf 65' lang='lat' dir='ltr'>Caesaris</span> <span class='ocrx_word' id='word_1_530' title='bbox 2595 4637 2736 4688; x_wconf 90' lang='lat' dir='ltr'>natu</span> <span class='ocrx_word' id='word_1_531' title='bbox 2765 4633 2974 4703; x_wconf 89' lang='lat' dir='ltr'>major,</span> 
     </span>
    </p>
   </div>
   <div class='ocr_carea' id='block_1_110' title="bbox 1959 4722 3174 4795">
    <p class='ocr_par' dir='ltr' id='par_1_110' title="bbox 1959 4722 3174 4795">
     <span class='ocr_line' id='line_1_110' title="bbox 1959 4722 3174 4795; baseline 0 -18"><span class='ocrx_word' id='word_1_532' title='bbox 1959 4739 2087 4792; x_wconf 66' lang='lat' dir='ltr'>quae</span> <span class='ocrx_word' id='word_1_533' title='bbox 2118 4722 2327 4778; x_wconf 81' lang='lat' dir='ltr'>Asanis</span> <span class='ocrx_word' id='word_1_534' title='bbox 2358 4723 2512 4794; x_wconf 89' lang='lat' dir='ltr'>regis</span> <span class='ocrx_word' id='word_1_535' title='bbox 2535 4722 2771 4795; x_wconf 90' lang='lat' dir='ltr'>Bulgari</span> <span class='ocrx_word' id='word_1_536' title='bbox 2806 4722 2997 4795; x_wconf 89' lang='lat' dir='ltr'>neptis</span> <span class='ocrx_word' id='word_1_537' title='bbox 3028 4726 3174 4778; x_wconf 88' lang='lat' dir='ltr'>erat.</span> 
     </span>
    </p>
   </div>
   <div class='ocr_carea' id='block_1_111' title="bbox 1958 4812 3145 4868">
    <p class='ocr_par' dir='ltr' id='par_1_111' title="bbox 1958 4812 3145 4868">
     <span class='ocr_line' id='line_1_111' title="bbox 1958 4812 3145 4868; baseline 0.002 -4"><span class='ocrx_word' id='word_1_538' title='bbox 1958 4815 2028 4866; x_wconf 86' lang='lat' dir='ltr'>Et</span> <span class='ocrx_word' id='word_1_539' title='bbox 2055 4816 2241 4867; x_wconf 73' lang='lat' dir='ltr'>Caasar</span> <span class='ocrx_word' id='word_1_540' title='bbox 2270 4815 2468 4867; x_wconf 90' lang='lat' dir='ltr'>noster</span> <span class='ocrx_word' id='word_1_541' title='bbox 2499 4828 2619 4867; x_wconf 92' lang='lat' dir='ltr'>rem</span> <span class='ocrx_word' id='word_1_542' title='bbox 2654 4812 2901 4868; x_wconf 86' lang='lat' dir='ltr'>libenter</span> <span class='ocrx_word' id='word_1_543' title='bbox 2931 4812 3145 4868; x_wconf 88' lang='lat' dir='ltr'>annuit</span> 
     </span>
    </p>
   </div>
   <div class='ocr_carea' id='block_1_112' title="bbox 1958 4909 3191 4981">
    <p class='ocr_par' dir='ltr' id='par_1_112' title="bbox 1958 4909 3191 4981">
     <span class='ocr_line' id='line_1_112' title="bbox 1958 4909 3191 4981; baseline 0 -17"><span class='ocrx_word' id='word_1_544' title='bbox 1958 4909 2107 4964; x_wconf 92' lang='lat' dir='ltr'>Tum</span> <span class='ocrx_word' id='word_1_545' title='bbox 2137 4909 2277 4981; x_wconf 87' lang='lat' dir='ltr'>quia</span> <span class='ocrx_word' id='word_1_546' title='bbox 2298 4910 2425 4979; x_wconf 91' lang='lat' dir='ltr'>jam</span> <span class='ocrx_word' id='word_1_547' title='bbox 2457 4910 2839 4965; x_wconf 88' lang='lat' dir='ltr'>Constantino</span> <span class='ocrx_word' id='word_1_548' title='bbox 2870 4926 3015 4965; x_wconf 83' lang='lat' dir='ltr'>uxor</span> <span class='ocrx_word' id='word_1_549' title='bbox 3045 4913 3191 4978; x_wconf 91' lang='lat' dir='ltr'>erat,</span> 
     </span>
    </p>
   </div>
   <div class='ocr_carea' id='block_1_113' title="bbox 1957 4997 3081 5054">
    <p class='ocr_par' dir='ltr' id='par_1_113' title="bbox 1957 4997 3081 5054">
     <span class='ocr_line' id='line_1_113' title="bbox 1957 4997 3081 5054; baseline 0 -1"><span class='ocrx_word' id='word_1_550' title='bbox 1957 4998 2109 5053; x_wconf 88' lang='lat' dir='ltr'>hanc</span> <span class='ocrx_word' id='word_1_551' title='bbox 2140 5015 2173 5053; x_wconf 89' lang='lat' dir='ltr'>a</span> <span class='ocrx_word' id='word_1_552' title='bbox 2204 5014 2309 5053; x_wconf 90' lang='lat' dir='ltr'>suo</span> <span class='ocrx_word' id='word_1_553' title='bbox 2340 4997 2461 5052; x_wconf 91' lang='lat' dir='ltr'>viro</span> <span class='ocrx_word' id='word_1_554' title='bbox 2492 4998 2847 5054; x_wconf 81' lang='lat' dir='ltr'>abstractam</span> <span class='ocrx_word' id='word_1_555' title='bbox 2879 4998 3081 5054; x_wconf 86' lang='lat' dir='ltr'>illicite</span> 
     </span>
    </p>
   </div>
   <div class='ocr_carea' id='block_1_114' title="bbox 1958 5086 3069 5158">
    <p class='ocr_par' dir='ltr' id='par_1_114' title="bbox 1958 5086 3069 5158">
     <span class='ocr_line' id='line_1_114' title="bbox 1958 5086 3069 5158; baseline 0 -17"><span class='ocrx_word' id='word_1_556' title='bbox 1958 5086 2295 5158; x_wconf 91' lang='lat' dir='ltr'>imperatori</span> <span class='ocrx_word' id='word_1_557' title='bbox 2323 5087 2769 5143; x_wconf 84' lang='lat' dir='ltr'>custodiendam</span> <span class='ocrx_word' id='word_1_558' title='bbox 2805 5086 3069 5143; x_wconf 80' lang='lat' dir='ltr'>mittunt.</span> 
     </span>
    </p>
   </div>
   <div class='ocr_carea' id='block_1_115' title="bbox 1958 5175 3185 5250">
    <p class='ocr_par' dir='ltr' id='par_1_115' title="bbox 1958 5175 3185 5250">
     <span class='ocr_line' id='line_1_115' title="bbox 1958 5175 3185 5250; baseline 0.002 -20"><span class='ocrx_word' id='word_1_559' title='bbox 1958 5176 2157 5231; x_wconf 90' lang='lat' dir='ltr'>Morbo</span> <span class='ocrx_word' id='word_1_560' title='bbox 2190 5179 2319 5247; x_wconf 91' lang='lat' dir='ltr'>post</span> <span class='ocrx_word' id='word_1_561' title='bbox 2348 5176 2470 5232; x_wconf 73' lang='lat' dir='ltr'>haec</span> <span class='ocrx_word' id='word_1_562' title='bbox 2501 5181 2804 5249; x_wconf 89' lang='lat' dir='ltr'>correptus</span> <span class='ocrx_word' id='word_1_563' title='bbox 2834 5175 3185 5250; x_wconf 89' lang='lat' dir='ltr'>gravissimo</span> 
     </span>
    </p>
   </div>
   <div class='ocr_carea' id='block_1_116' title="bbox 1956 5264 3075 5333">
    <p class='ocr_par' dir='ltr' id='par_1_116' title="bbox 1956 5264 3075 5333">
     <span class='ocr_line' id='line_1_116' title="bbox 1956 5264 3075 5333; baseline 0.001 -12"><span class='ocrx_word' id='word_1_564' title='bbox 1956 5267 2144 5321; x_wconf 58' lang='lat' dir='ltr'>Caesar</span> <span class='ocrx_word' id='word_1_565' title='bbox 2173 5264 2513 5321; x_wconf 87' lang='lat' dir='ltr'>Theodorus</span> <span class='ocrx_word' id='word_1_566' title='bbox 2544 5267 2858 5322; x_wconf 86' lang='lat' dir='ltr'>tenebatur</span> <span class='ocrx_word' id='word_1_567' title='bbox 2886 5266 3034 5323; x_wconf 92' lang='lat' dir='ltr'>lecto</span> <span class='ocrx_word' id='word_1_568' title='bbox 3061 5284 3075 5333; x_wconf 88' lang='lat'><strong>;</strong></span> 
     </span>
    </p>
   </div>
   <div class='ocr_carea' id='block_1_117' title="bbox 1954 5354 3121 5425">
    <p class='ocr_par' dir='ltr' id='par_1_117' title="bbox 1954 5354 3121 5425">
     <span class='ocr_line' id='line_1_117' title="bbox 1954 5354 3121 5425; baseline -0.002 -15"><span class='ocrx_word' id='word_1_569' title='bbox 1954 5359 2009 5410; x_wconf 91' lang='lat' dir='ltr'>et</span> <span class='ocrx_word' id='word_1_570' title='bbox 2041 5354 2119 5409; x_wconf 88' lang='lat' dir='ltr'>nil</span> <span class='ocrx_word' id='word_1_571' title='bbox 2152 5355 2439 5410; x_wconf 88' lang='lat' dir='ltr'>medendo</span> <span class='ocrx_word' id='word_1_572' title='bbox 2472 5354 2857 5425; x_wconf 80' lang='lat' dir='ltr'>proficiebant</span> <span class='ocrx_word' id='word_1_573' title='bbox 2889 5354 3121 5421; x_wconf 88' lang='lat' dir='ltr'>medici,</span> 
     </span>
    </p>
   </div>
   <div class='ocr_carea' id='block_1_118' title="bbox 1953 5442 3142 5517">
    <p class='ocr_par' dir='ltr' id='par_1_118' title="bbox 1953 5442 3142 5517">
     <span class='ocr_line' id='line_1_118' title="bbox 1953 5442 3142 5517; baseline 0 -18"><span class='ocrx_word' id='word_1_574' title='bbox 1953 5447 2135 5499; x_wconf 89' lang='lat' dir='ltr'>artem</span> <span class='ocrx_word' id='word_1_575' title='bbox 2168 5442 2539 5516; x_wconf 86' lang='lat' dir='ltr'>Hippocratis</span> <span class='ocrx_word' id='word_1_576' title='bbox 2570 5449 2883 5517; x_wconf 87' lang='lat' dir='ltr'>superante</span> <span class='ocrx_word' id='word_1_577' title='bbox 2916 5445 3142 5501; x_wconf 89' lang='lat' dir='ltr'>morbo.</span> 
     </span>
    </p>
   </div>
   <div class='ocr_carea' id='block_1_119' title="bbox 1955 5620 3043 5695">
    <p class='ocr_par' dir='ltr' id='par_1_119' title="bbox 1955 5620 3043 5695">
     <span class='ocr_line' id='line_1_119' title="bbox 1955 5620 3043 5695; baseline 0 -20"><span class='ocrx_word' id='word_1_578' title='bbox 1955 5620 2141 5686; x_wconf 87' lang='lat' dir='ltr'>Quare</span> <span class='ocrx_word' id='word_1_579' title='bbox 2173 5634 2276 5694; x_wconf 85' lang='lat' dir='ltr'>spe</span> <span class='ocrx_word' id='word_1_580' title='bbox 2306 5620 2434 5677; x_wconf 80' lang='lat' dir='ltr'>vitae</span> <span class='ocrx_word' id='word_1_581' title='bbox 2466 5622 2785 5695; x_wconf 85' lang='lat' dir='ltr'>prudenter</span> <span class='ocrx_word' id='word_1_582' title='bbox 2815 5620 3043 5693; x_wconf 81' lang='lat' dir='ltr'>abjecta</span> 
     </span>
    </p>
   </div>
   <div class='ocr_carea' id='block_1_120' title="bbox 3557 308 3662 361">
    <p class='ocr_par' dir='ltr' id='par_1_120' title="bbox 3557 308 3662 361">
     <span class='ocr_line' id='line_1_120' title="bbox 3557 308 3662 361; baseline 0.01 -1"><span class='ocrx_word' id='word_1_583' title='bbox 3557 308 3662 361; x_wconf 86' lang='lat'>338</span> 
     </span>
    </p>
   </div>
  </div>
