4004 6200
328 314 434 370 339
1539 312 1909 368 ΕΡΗΒΕΜΙῙ

2172 314 2520 373 ΨΟΘΒΔΡΗΙ
3644 311 3753 366 340

333 436 817 508 ornamentisque
849 435 1024 508 regiis
1056 434 1342 507 depositis

2268 437 2454 513 Ῥίψας
2500 438 2566 492 τὰ
2615 433 2845 512 λαμπρὰ
2895 438 2995 490 τοῦ
3047 435 3277 510 κράτους
3331 433 3421 489 καὶ
3477 438 3575 488 τοῦ
3629 433 3751 490 στέ-

1977 591 1979 595 .
3565 529 3749 603 [φους.

334 615 607 674 monachi
639 616 830 671 Caesar
856 613 1049 670 induit
1079 613 1430 686 tuniculam,

2271 617 2345 671 Τὰ
2367 620 2475 671 τῶν
2509 620 2767 691 μοναχῶν
2800 611 3163 669 ἐνδιδύσκεται
3197 613 3331 690 ῥάκη

334 703 533 762 omnia
564 721 672 760 sua
703 703 991 760 conﬁtens
1022 709 1262 776 peccata

2270 705 2657 781 Ἒξαγορεύσας
2689 707 2863 759 πάντα
2889 705 2940 759 οἱ
2971 704 3321 778 πεπραγμένα

341 809 538 850 coram
570 792 914 849 hominibus
945 794 1045 849 sed
1082 793 1390 865 presertim
1425 799 1538 850 Deo

2273 796 2615 870 Ἐμπροσθεν
2652 794 2951 868 ἀνθρώπων
2983 815 3041 848 τε
3067 795 3156 848 καὶ
3187 797 3320 849 Θεοῦ
3351 791 3541 847 πλέον·

340 886 623 957 (namque
654 885 812 941 hunc
843 889 1242 941 transversum
1281 889 1521 957 egerant
1549 883 1834 940 illecebrae

2094 885 2237 941 9255
2274 884 2489 959 Πόρνης
2515 885 2614 960 γὰρ
2649 883 2809 943 οὗτος
2841 885 3119 961 σώφρονος
3155 880 3591 958 Θρυλλουμένης,

336 991 622 1047 amorque
653 975 832 1032 scorti
867 974 1082 1034 nobilis
1114 975 1268 1030 haud
1299 974 1571 1047 protriti).

2275 975 2385 1044 Την
2439 972 2618 1028 πίστιν
2683 973 2734 1028 έν
2794 977 2870 1045 νῷ
2947 967 3280 1046 προσλαϐὼν
3345 971 3435 1026 καὶ
3496 971 3588 1025 τὸν
3651 970 3761 1025 πό-

3486 1061 3603 1135 [θον
3641 1062 3759 1135 (86)

342 1154 644 1211 Accedens
674 1169 811 1226 ergo
842 1153 912 1209 ad
945 1152 1253 1226 Mitylenes
1285 1153 1628 1225 episcopum

2276 1156 2372 1225 Τῷ
2401 1153 2753 1227 ποιμενάρχῃ
2785 1149 3156 1228 προσδραμὼν
3187 1149 3505 1221 Μιτυλήνης

342 1243 436 1300 cui
468 1243 734 1300 conﬁteri
763 1242 975 1300 solitus
1007 1247 1244 1315 peccata
1273 1241 1482 1312 fuerat,

2277 1247 2342 1319 ’ῼ
2376 1241 2711 1317 σφαλμάτων
2734 1244 2798 1310 ἦν
2832 1240 3225 1296 ἀνακαλύπτων
3268 1239 3429 1315 βάρη,

343 1333 416 1387 ad
449 1332 629 1404 hujus
662 1333 842 1404 pedes
877 1332 1090 1388 accidit
1120 1336 1454 1404 prostratus
1485 1329 1656 1385 humi

2280 1331 2373 1393 Εἷς
2403 1328 2674 1408 τοῦδαφος
2707 1331 2987 1385 πέπτωκεν
3023 1329 3191 1385 αὐτοῦ
3219 1329 3354 1404 πρὸς
3386 1325 3579 1400 πόδας,

341 1437 560 1492 eosque
585 1420 793 1477 calidis
825 1421 1130 1493 perluebat
1159 1421 1457 1493 lacrymis,

2102 1422 2246 1475 9260
2284 1419 2388 1475 Καὶ
2419 1417 2611 1474 τούσδε
2641 1421 2864 1492 Θερμοῖς
2895 1417 3148 1493 δάκρυσιν
3182 1415 3479 1472 ἀποπλύνει

344 1527 446 1566 ceu
481 1510 782 1582 quondam
815 1510 1030 1566 Christi
1058 1510 1276 1566 femina
1308 1508 1598 1581 peccatrix
1631 1524 1644 1562 :

2281 1512 2370 1575 Ὠς
2400 1513 2525 1586 πρὶν
2556 1512 2692 1585 γυνη
2730 1507 2972 1586 βέϐηλος
3005 1515 3244 1586 Χριστοῦ
3273 1507 3559 1564 δεσπότου·

347 1614 532 1669 quare
561 1603 620 1654 et
652 1598 925 1654 madebat
950 1598 1089 1653 ﬂetu
1121 1597 1541 1669 pavimentum.

2281 1601 2369 1664 Ὡς
2401 1601 2489 1656 καὶ
2520 1601 2765 1676 γενέσθαι
2795 1599 2976 1672 πηλὸν
3011 1599 3068 1654 ἐκ
3095 1604 3203 1655 τῶν
3238 1597 3507 1676 δακρύων.

348 1691 541 1759 Atque
572 1688 692 1743 hinc
723 1689 898 1744 verba
927 1687 1266 1758 geminabat
1295 1687 1580 1742 conﬁtens
1615 1701 1628 1740 :

2283 1691 2630 1766 Ἐξαγορείας
2658 1695 2824 1746 ταῦτα
2855 1691 3113 1766 συνείρων
3147 1689 3357 1765 λόγοις·

351 1777 452 1845 Te,
486 1776 731 1846 Christe,
766 1776 1053 1848 dereliqui
1082 1795 1095 1845 ;
1130 1776 1420 1848 propitius
1450 1780 1596 1833 esto.

2033 1801 2080 1864 B
2291 1782 2382 1848 Σὲ,
2410 1782 2624 1854 Χριστέ,
2655 1781 2966 1836 κατέλιπνν·
2995 1779 3164 1842 ἵλεως
3197 1778 3307 1838 ἔσο.

359 1864 455 1921 Sic
488 1865 855 1921 continenter
883 1869 1152 1936 repetens
1180 1867 1370 1921 bonus
1401 1865 1615 1932 Caesar,

2115 1872 2258 1927 9265
2297 1870 2454 1927 Οὕτω
2488 1868 2760 1945 δεδρακὼς
2793 1875 3039 1945 συνεχῶς
3080 1870 3320 1946 χρηστὸς
3347 1869 3588 1944 κράτωρ,

363 1954 436 2010 ad
469 1954 758 2012 stationes
787 1955 1020 2011 transiit
1045 1954 1330 2023 ccclestes,

2295 1959 2436 2034 Πρὸς
2464 1960 2560 2022 τὰς
2595 1963 2762 2033 μονάς
2795 1956 2988 2035 βέϐηκε
3014 1961 3111 2022 τὰς
3141 1958 3444 2036 οὐρανίους,

361 2042 484 2099 ﬁlio
514 2044 852 2116 relinquens
884 2061 1129 2118 regnum
1157 2044 1371 2101 Joanni

2295 2051 2484 2106 Λιπὼν
2509 2051 2571 2105 τὸ
2602 2052 2799 2125 κράτος
2822 2047 2974 2104 παιδί
3004 2047 3084 2122 τῷ
3113 2051 3338 2124 Ἰωάννῃ

362 2133 631 2206 septenni
664 2135 846 2191 ferme
875 2139 1042 2191 aetate
1073 2139 1176 2191 aut
1205 2135 1379 2207 paulo
1412 2134 1668 2208 amplius
1702 2153 1715 2191 :

2295 2141 2570 2197 Ἑπταέτει
2602 2162 2706 2195 που
2735 2141 3066 2216 τυγχάνοντι
3098 2139 3187 2194 καὶ
3220 2139 3408 2194 πλέον·

358 2222 487 2295 ipse
511 2228 762 2295 quatuor
791 2226 1054 2282 nondum
1086 2226 1288 2298 plenos
1319 2242 1504 2282 annos

2295 2231 2479 2300 Μήπω
2508 2235 2757 2306 καθαρῶς
2789 2231 3043 2305 τέτταρας
3075 2228 3242 2294 ὅλους
3279 2229 3521 2304 χρόνους

361 2315 692 2368 Romanum
724 2319 955 2386 sceptro
989 2320 1217 2372 rexerat
1246 2315 1560 2388 imperium
1594 2332 1608 2371 :

2118 2320 2260 2374 9270
2296 2320 2410 2388 Τὴν
2438 2320 2756 2392 Ῥωμαϊκήν
2793 2318 2972 2382 ἷθύνας
3001 2319 3356 2394 κραταρχὶαν·

359 2399 449 2456 vir
475 2419 617 2459 sane
646 2403 860 2470 bonus,
891 2410 1166 2477 regnator
1195 2406 1529 2478 religiosus,

2299 2408 2464 2481 Ἀνήρ
2497 2406 2719 2482 ἀγαθὸς,
2753 2403 2978 2476 εὐσεϐὴς
3011 2407 3381 2483 αὐτοκράτωρ,

361 2488 587 2559 hilaris,
619 2490 895 2561 blandus,
926 2494 1184 2550 subditis
1224 2494 1552 2565 benivolus,

2297 2494 2485 2568 Ἢδὺς,
2518 2495 2731 2573 ἱλαρὸς,
2764 2497 2995 2569 εὐμενὴς
3031 2498 3319 2568 ὑπηκόοις,

355 2579 518 2636 omni
549 2580 816 2637 doctrina
843 2586 902 2637 et
927 2581 1136 2638 litteris
1167 2588 1444 2651 ornatus;

2294 2583 2463 2661 ’Ίδρις
2497 2585 2686 2661 σοφίας
2719 2583 3071 2656 παντοδαπῆς
3103 2586 3193 2641 καὶ
3225 2587 3425 2662 λόγων.

361 2669 552 2726 ﬁdelis
583 2669 813 2725 Domini
845 2673 1020 2743 atque
1044 2673 1303 2744 prudens
1337 2671 1596 2728 famulus

2300 2675 2494 2738 Πιστὸς
2531 2675 2755 2751 Κυρίου,
2787 2677 3059 2751 νουνεχὴς
3084 2675 3378 2752 ὑπηρέτης,

360 2757 462 2830 qui
493 2757 658 2831 regni
686 2757 975 2815 talentum
1009 2760 1335 2832 ampliavit,
1368 2760 1548 2828 auxit,

2121 2766 2263 2822 9275
2299 2765 2569 2820 Τάλαντον
2601 2761 2800 2836 αὔξων,
2831 2764 3120 2820 πλατύνων
3152 2765 3516 2842 κραταρχίας,

361 2851 418 2902 et
446 2847 866 2920 patrimonium
899 2852 1137 2906 strenue
1169 2849 1423 2921 protexit
1454 2867 1468 2905 :

2302 2860 2499 2928 Προκιν
2511 2851 2744 2909 δυνεύων
2775 2853 3032 2928 εὐψύχως
3051 2852 3158 2925 κλη
3171 2855 3416 2930 ρουχίας·

358 2935 634 3010 princeps
665 2937 973 3010 benignus,
1003 2940 1171 2994 tortis
1201 2940 1538 3010 imperator,

2297 2945 2457 3013 Ἃναξ
2489 2945 2794 3020 προσηνής,
2827 2943 2918 2998 καὶ
2951 2944 3256 3020 στρατηγὸς
3279 2942 3565 3018 γεννάδας,

361 3025 583 3098 quique
615 3027 674 3082 in
705 3027 965 3084 Ecclesia
995 3027 1140 3084 nihil
1173 3027 1486 3098 innovavit,

2299 3030 2484 3103 Μηδὲν
2512 3033 2839 3108 νεοχμώσας
2868 3055 2921 3089 τι
2950 3039 3052 3103 τῆς
3086 3031 3434 3104 Ἐκκλησίας,

357 3113 670 3172 laudabilis
699 3120 826 3173 tum
859 3117 974 3173 vita
1004 3122 1130 3174 tum
1163 3117 1449 3190 imperio;

2038 3156 2080 3223 C
2301 3122 2616 3184 Ἐπαινετός
2645 3143 2701 3177 τε
2725 3127 2821 3177 τοῦ
2858 3122 2981 3198 βίου
3011 3123 3099 3178 καὶ
3131 3127 3227 3179 τοῦ
3257 3123 3516 3200 κράτους,

355 3205 587 3277 egregio
615 3206 850 3263 demum
881 3225 949 3263 ex
977 3207 1087 3263 hac
1118 3211 1274 3264 terra
1303 3206 1558 3263 transitu

2041 3205 2080 3223 υ
2120 3213 2262 3268 9280
2301 3210 2404 3268 Καὶ
2439 3212 2772 3286 μακαριστὸς
2795 3218 2894 3280 τῆς
2923 3209 3098 3281 καλῆς
3127 3211 3401 3285 μετοικίας

356 3298 532 3366 atque
561 3295 782 3352 salubri
817 3297 1157 3369 poenitentia
1189 3296 1360 3352 felix!

2289 3300 2388 3354 Καὶ
2419 3302 2517 3368 τῆς
2555 3299 2837 3373 μετανοίας
2867 3321 2929 3375 γε
2956 3307 3058 3370 τῆς
3084 3302 3373 3375 σωτηρίου.

354 3382 622 3440 Delatum
654 3390 744 3442 est
771 3387 1018 3442 cadaver
1046 3386 1118 3442 ad
1146 3386 1478 3441 coenobium

2290 3389 2502 3446 Τούτου
2534 3388 2788 3452 θανόντος
2822 3389 2898 3451 εἷς
2928 3391 3102 3468 ταφὴν
3135 3391 3288 3445 νέκυν
3325 3392 3471 3469 φέρει

356 3489 390 3528 a
419 3477 580 3546 patre
609 3479 970 3532 exstructum
1000 3475 1349 3532 salutarium
1387 3477 1737 3547 martyrum,

2293 3479 2444 3547 Μενὴ
2478 3478 2702 3553 πατρῴα
2734 3477 3071 3555 Σωσάνδρων
3101 3478 3441 3553 κεκλημένη,

358 3562 459 3619 ubi
486 3567 544 3620 et
573 3564 850 3622 fundator
867 3566 1022 3637 jacet
1054 3565 1395 3622 honoriﬁce.

2291 3565 2369 3624 Οὖ
2401 3566 2488 3622 καὶ
2519 3570 2698 3643 πατὴρ
2728 3569 2963 3634 τέθαπτο
2997 3571 3167 3634 Θανὼν
3203 3568 3459 3642 ἐντίμως·

428 3725 748 3784 JOANNES
778 3725 1146 3783 THEODORI
1197 3727 1426 3782 FILIUS
1473 3727 1562 3783 ET
1613 3725 1934 3784 MICHAEL

2218 3731 2531 3787 ΙΩΛΝΝΗΣ
2571 3731 2616 3788 Ο
2654 3732 2782 3787 ΤΟΥ
2829 3733 3184 3788 ΘΕΟΔΩΡΟΥ
3222 3733 3342 3789 ΚΑΙ
3381 3731 3668 3787 ΜΙΧΑΗΛ

930 3802 1020 3852 ΡΑ
1033 3798 1430 3855 L/EOLOGUS.

2674 3805 3201 3861 ΠΑΛΑΙΟΛΟΓΟΣ.

361 3923 614 3983 Moriens
643 3923 987 3980 Theodorus
1017 3927 1136 3980 tres
1165 3923 1402 3997 reliquit
1435 3925 1594 3980 domi

2111 3928 2253 3983 9285
2293 3923 2466 3988 Οὗτος
2503 3923 2606 4002 βίῳ
2637 3923 2864 3982 λέλοιπε
2895 3924 3084 3982 παιδία
3111 3928 3256 4002 τρία,

360 4013 533 4082 ﬁlios,
567 4030 742 4086 quem
774 4013 890 4070 dixi
915 4013 1217 4087 parvulum
1249 4015 1533 4071 Joannem

2287 4016 2384 4072 "Ov
2414 4015 2645 4090 πρόσθεν
2677 4018 2826 4071 εἷπον
2858 4017 3246 4092 χαριτώνυμον
3277 4015 3393 4071 νέον

359 4102 646 4160 hearedem
680 4103 984 4177 dignitatis
1010 4109 1068 4160 et
1090 4105 1344 4176 imperii,

2287 4104 2611 4179 Κληροῦχον
2645 4103 2825 4181 ἀρχῆς
2853 4107 2943 4160 καί
2975 4103 3238 4182 διάδοχον
3267 4107 3526 4181 κράτους·

358 4192 624 4264 duasque
650 4192 928 4264 innuptas
956 4193 1201 4264 insuper
1231 4193 1628 4264 virgunculae,

2289 4193 2391 4249 Καὶ
2423 4193 2596 4264 Θηλεα
2626 4191 2672 4249 δ’
2703 4192 2872 4269 ἄζυγα
2902 4196 3040 4270 πρὸς
3069 4195 3249 4268 τούτῳ
3280 4193 3399 4265 δύο,

357 4281 678 4338 Eudociam
707 4280 977 4338 videlicet
1003 4299 1067 4337 ac
1097 4282 1483 4339 Theodoram.

2290 4279 2558 4338 Εὐδοκίαν
2589 4305 2648 4338 τε
2678 4283 2767 4338 καὶ
2799 4281 3080 4361 Θεοδώραν
3115 4286 3246 4359 ἅμα.

357 4371 506 4425 Nam
539 4370 728 4441 major
752 4374 893 4426 natu
925 4373 1088 4426 Irene
1117 4371 1298 4427 Ticho
1329 4374 1632 4442 nupserat,

2110 4371 2256 4426 9290
2293 4372 2490 4445 Πρώτη
2524 4370 2569 4426 δ’
2601 4371 2810 4448 Εἰρήνη
2842 4378 2922 4445 τῷ
2955 4374 3143 4449 Τείχῳ
3174 4375 3432 4451 συνεζύγη

359 4457 605 4515 Mariam
638 4458 922 4515 minorem
957 4461 1203 4514 duxerat
1234 4459 1598 4531 Nicephorus

2036 4519 2077 4542 ῃ
2286 4461 2349 4514 Ἡ
2383 4457 2603 4535 δευτέρα
2635 4459 2691 4516 δὲ
2723 4461 2904 4537 Μαρία
2931 4463 3231 4542 Νικηφὸρῳ

361 4547 542 4618 ﬁlius,
577 4553 640 4605 ut
669 4548 807 4617 dixi,
845 4549 1152 4604 Michaelis
1183 4519 1461 4620 despotic.

2537 4519 2546 4535 ι
2816 4519 2825 4537 ι
2935 4519 2951 4521 -
3062 4519 3102 4542 ιι
3156 4519 3164 4539 ι
3204 4520 3213 4536 .

2034 4519 2079 4582 Ι)
2290 4545 2449 4603 Παιδὶ
2481 4551 2738 4624 Μιχαὴλ,
2771 4551 2847 4613 ὡς
2875 4549 3096 4628 ἔφαμεν,
3131 4550 3415 4612 δεσπότου.

359 4637 583 4694 Tenera
615 4637 780 4709 plane
811 4641 975 4694 aetate
999 4638 1258 4694 Joannes
1289 4641 1416 4692 erat
1447 4656 1460 4704 ;

2287 4638 2578 4700 Νεώτατος
2613 4637 2660 4693 δ’
2689 4640 2755 4708 ἦν
2789 4646 2916 4702 παῖς
2961 4641 3211 4712 Ἰωάννης
3243 4643 3401 4698 πάνυ·

361 4727 744 4797 quamobrem
776 4742 986 4783 cavens
1013 4743 1113 4782 rex
1142 4729 1307 4796 pater
1339 4723 1538 4794 ﬁliolo,

2284 4728 2441 4790 ’Ὁθεν
2477 4725 2668 4790 δεδιὼς
2696 4728 2909 4784 τεκνίου
2941 4729 3112 4807 φύτης
3145 4732 3289 4804 ἅναξ,

361 4815 499 4872 huic
528 4813 824 4888 supremis
847 4814 1063 4871 tabulis
1094 4813 1406 4885 imperium
1439 4813 1707 4884 liquerat,

2110 4817 2251 4871 9295
2294 4817 2380 4872 Ἐν
2413 4813 2697 4888 διαθήκαις
2727 4817 2867 4890 τῷδε
2897 4820 3074 4874 λείπει
3104 4821 3166 4875 τὸ
3196 4823 3415 4895 κράτος,

361 4904 585 4961 adactis
616 4903 779 4977 prius
809 4904 867 4959 in
901 4902 1608 4973 sanctumjusjurandum

2289 4905 2526 4980 Πρόσθεν
2558 4902 2876 4983 προϐάντων
2909 4909 3106 4984 ὁρκίων
3141 4910 3449 4988 φρικαλεων

361 4993 616 5051 subditis
643 4992 932 5050 universis
963 5010 1031 5049 ac
1063 4992 1507 5064 magistratibus

2285 4995 2575 5064 Ὑπηκόοις
2605 4997 2770 5052 ἅπασι
2802 4996 2891 5052 καί
2921 5004 3036 5060 τοῖς
3067 4998 3119 5053 ἐν
3152 4999 3293 5055 τέλει

359 5089 427 5141 ut
450 5087 864 5141 conservarent
892 5082 1163 5139 stabilem
1196 5082 1375 5138 ﬁliolo
1409 5082 1583 5138 ﬁdem
1612 5100 1625 5140 :

2285 5085 2352 5140 Ἦ
2391 5085 2497 5157 μὴν
2530 5084 2779 5163 φυλάξειν
2812 5087 3005 5161 τεκνίῳ
3031 5089 3229 5159 πίστιν,
3260 5091 3469 5167 σχέσιν·

358 5191 533 5247 quem
561 5171 994 5231 commendavit
1023 5175 1226 5245 postea
1253 5171 1572 5240 tutoribus,

2287 5173 2419 5230 Εἶτα
2448 5172 2783 5251 παραδίδωσι
2814 5182 2931 5239 τοῖς
2961 5177 3298 5254 ἐπιτρόποις,

456 5377 541 5448 86)
575 5370 1152 5454 Ηί-ιτοἱῐιῐοιιῇείῐιτυε⁸
1178 5371 1314 5454 quid
1362 5372 1584 5454 spectet
1635 5369 2000 5454 hlicephorus
2109 5370 2468 5454 Ephraamius
2500 5389 2552 5427 v.
2597 5374 2777 5454 7996;
2812 5375 3087 5454 Aliatius
3109 5383 3300 5454 autem
3324 5379 3391 5454 in
3416 5381 3748 5454 adnotalio
3775 5418 3799 5430 -

363 5442 789 5524 subpraadictas
821 5442 1098 5524 orationis
1138 5443 1459 5524 initio,ﬂubl
1495 5442 1747 5524 graviter
1774 5442 2000 5497 invehi-
2113 5442 2383 5524 nibusad
2419 5445 2814 5524 acropolitam
2857 5464 2985 5524 cap.
3027 5450 3096 5503 52
3115 5451 3444 5524 ANicephori
3492 5456 3795 5524 ejusdem

363 5465 474 5506 suo
501 5465 789 5521 praedictis
821 5465 1098 5500 orationis
1138 5465 1327 5509 ιηιιιυ,
1363 5465 1459 5496 υυι
1495 5465 1745 5512 gravuer
1775 5465 2000 5497 invem-
2113 5465 2290 5499 nlDUS
2313 5465 2383 5498 ad
2419 5465 2814 5516 ACPOpOlllam
2857 5465 2922 5503 ca
2973 5491 2985 5505 .
3027 5465 3096 5503 az
3139 5465 3444 5521 Nicepnon
3492 5465 3794 5524 ejusdem

363 5528 462 5578 tur
490 5521 552 5577 in
581 5532 840 5603 amorem
875 5514 1266 5603 illegitim‘um.
1323 5515 1685 5603 Quali-993111
1717 5513 1998 5603 .loannem
2109 5515 2668 5603 recitat.episto.lam_
2712 5519 2783 5573 de
2838 5465 3047 5590 pell’ice
3104 5521 3351 5603 Joannis
3413 5529 3794 5603 Marcesina,

365 5587 919 5669 quoqueATheodori
949 5583 1401 5669 parentemoprie‘
1429 5583 1616 5642 oculis
1658 5583 1871 5669 habere
1897 5601 1996 5669 po“-
2110 5602 2289 5658 quam
2323 5583 2447 5658 ipse
2481 5583 3030 5661 Nicephorus'sacra
3064 5594 3185 5649 (ede
3214 5595 3564 5653 excluserat.

362 5656 706 5739 t'uit‘cujus
761 5663 823 5718 in
877 5656 1073 5716 amore
1129 5657 1504 5731 fragilitatem
1551 5660 1750 5714 noster
1805 5656 2000 5713 innuit
