4104 6204
330 324 437 379 341

330 450 481 505 9300
518 450 615 502 Ὦν
651 452 871 521 πρῶτος
906 447 1047 515 ὑπῆν
1083 447 1351 521 Γεώργιος
1380 442 1681 514 Μουζάλων

522 534 1131 614 Ιῐρωτοϐεστιάριοςῶν
1165 538 1262 605 τήν
1295 536 1466 606 ἀξίαν.

522 628 701 685 Ἀλλᾶ
728 632 975 703 τριταῖος
1011 624 1231 680 οὐδέπω
1262 626 1398 701 πρὸς
1429 630 1508 697 τῷ
1538 626 1697 702 τάφῳ

520 720 740 774 ’Ἐκειτο
770 717 959 791 νεκρὸς
990 714 1219 777 ἄνακτος
1246 714 1578 787 τεθειμένος,

520 806 619 861 Καὶ
652 806 810 861 πάντ’
838 805 1036 878 ἀναμὶξ
1070 805 1238 877 μεστά
1262 824 1320 859 τε
1349 802 1663 878 τρικυμίας.

331 908 481 963 9305
519 905 619 969 Εἲς
647 905 745 981 γὰρ
782 902 1121 978 Σωσάνδρων
1152 905 1252 973 τὴν
1286 903 1454 976 μονὴν
1491 900 1802 979 ἀφιγμένων

515 996 638 1050 Τῶν
673 994 724 1048 ἐν
752 992 897 1048 τέλει
928 1014 987 1048 τε
1011 994 1097 1047 καὶ
1131 989 1543 1065 στρατευμάτων
1578 987 1822 1063 στίφουςξ

514 1087 604 1145 Ὠς
636 1084 695 1138 ἃν
725 1084 876 1137 ὁσίαν
914 1087 1051 1146 θῶσι
1078 1082 1391 1151 τεθνηκότι,

515 1179 644 1235 Τοῖς
675 1173 1025 1249 κασιγνήτοις
1060 1177 1351 1244 συμπαρῆν
1384 1169 1474 1223 καὶ
1508 1164 1844 1237 Μουζάλων.

518 1262 619 1319 Καὶ
647 1268 750 1331 τῆς
783 1258 1093 1339 φρικώδους
1128 1260 1312 1324 θυσίας
1344 1256 1709 1331 τελουμένης,

326 1354 479 1409 9310
520 1349 830 1420 Μουζάλων
860 1350 1159 1425 παρίστατο
1195 1348 1287 1402 σὺν
1322 1346 1609 1422 ὁμογνίοις
1642 1366 1654 1379 ·

516 1438 677 1497 Ἀλλ’
709 1442 760 1494 οἱ
791 1438 1081 1513 γερουσίας
1111 1458 1169 1492 τε
1197 1437 1287 1491 καὶ
1318 1442 1426 1492 τῶν
1455 1435 1507 1490 έν
1536 1434 1681 1491 τέλει

514 1529 972 1603 Συσπειραθέντες
1003 1528 1197 1589 πάντες
1227 1526 1303 1588 εἷς
1335 1526 1670 1601 ὁμαιχμίαν,

514 1621 605 1680 Ὠς
637 1616 823 1693 ἄγριοι
853 1618 1017 1692 θῆρές
1042 1638 1101 1672 τε
1130 1615 1219 1671 καὶ
1255 1616 1633 1692 βροτοκτόνοι,

515 1707 639 1763 Ἐπὶ
675 1708 845 1780 μονήν
878 1705 1083 1775 ἥλαντο
1112 1706 1210 1773 τὴν
1245 1699 1561 1777 σεϐασμίαν,

322 1801 474 1855 9315
512 1795 961 1865 Ῥινηλατοῦντες
991 1792 1286 1868 ἐκλαφῦξαι
1319 1792 1409 1847 σὺν
1447 1792 1536 1867 βίᾳ

517 1880 1023 1961 Πρωτοϐεστιᾶριον
1055 1882 1146 1938 σὺν
1180 1883 1510 1955 ὁμαιμόνοις
1546 1900 1559 1911 ο

510 1975 618 2030 Σὺν
650 1976 998 2049 κασιγνήτοις
1022 1971 1326 2041 Μουζάλων
1355 1971 1690 2045 ᾐσθημένος,

512 2063 708 2123 Ἔνδον
741 2064 1017 2140 τραπέζης
1049 2065 1318 2137 παναγοῦς
1353 2056 1627 2115 ὗπεισέδυ.

510 2154 674 2211 Ἀλλ’
702 2156 755 2209 οἱ
789 2153 977 2229 μιαροὶ
1012 2155 1101 2207 καὶ
1134 2149 1350 2226 φονικοὶ
1379 2149 1507 2212 τοὺς
1535 2147 1771 2224 τρόπους

317 2256 470 2311 9320
509 2254 643 2309 Hoc?
680 2247 943 2329 βεϐήλοις
979 2248 1362 2322 εἰσδραμόντες
1394 2245 1591 2311 εὐθέως

512 2343 608 2405 Εἷς
644 2343 791 2416 ἱερὰν
821 2340 1089 2417 τράπεζαν
1121 2336 1468 2411 ἱλαστηρίου,

508 2431 828 2509 Ξιφηφόροι
860 2450 916 2484 τε
941 2429 1031 2483 καὶ
1061 2430 1237 2501 Θυμοῦ
1266 2424 1642 2497 πεπνευκότες,

510 2525 620 2576 Φεῦ
650 2514 895 2581 ἀσεϐείας
932 2512 1268 2594 βαρϐαρικῆς
1306 2515 1533 2590 μανίαςί

508 2606 767 2679 Μεληδὸν
801 2606 1113 2681 ἐκτέμνουσι
1143 2606 1272 2667 τοὺς
1301 2603 1592 2676 ἀναιτίους,

316 2703 466 2757 9325
507 2699 691 2754 Καίτοι
724 2695 990 2767 διαθήκης
1018 2717 1077 2750 τε
1104 2695 1195 2749 καὶ
1224 2698 1329 2749 τῶν
1361 2693 1559 2769 ὁρκίων

504 2792 733 2864 Τρανῶς
764 2808 822 2841 τι
853 2790 1033 2864 σαφῶς
1066 2784 1487 2859 ἀνεγνωσμένων
1517 2780 1701 2856 τρίτου

503 2877 627 2935 Ἐπῖ
658 2875 944 2952 γερουσίας
971 2895 1031 2928 τε
1060 2873 1149 2928 καὶ
1183 2869 1624 2947 στρατευμάτων,

497 2968 593 3021 Καὶ
627 2962 809 3021 τοῖσδε
834 2964 1033 3025 παντὸς
1067 2961 1316 3035 ἐμμένειν
1348 2959 1637 3034 είρηκότος
1671 2976 1685 2991 ’

502 3055 650 3112 Μετὰ
680 3052 738 3109 δὲ
767 3050 933 3124 τήνδε
955 3054 1055 3122 τήν
1086 3051 1259 3120 κακὴν
1292 3048 1640 3126 φονουργίαν,

301 3149 457 3204 9330
496 3144 571 3203 Oi"
592 3148 641 3220 γ’
677 3144 728 3200 ἐν
759 3141 907 3198 τέλει
936 3163 995 3197 τε
1022 3141 1112 3196 καὶ
1138 3139 1375 3216 λοχαγοὶ
1404 3140 1717 3215 ταγμάτων,

494 3234 713 3309 κλῆρος
744 3233 1094 3309 πατριάρχης
1123 3250 1180 3285 τε
1206 3229 1297 3285 σὺν
1327 3227 1651 3305 ἆρχιθύταις

501 3323 995 3399 Συνεισδραμόντες
1028 3321 1104 3383 είς
1140 3322 1265 3396 μίαν
1300 3320 1645 3394 συμφωνίαν,

500 3417 698 3489 Σκέψιν
732 3413 939 3469 ἐτίθουν
972 3410 1304 3487 πραγμάτων
1334 3412 1532 3463 κοινῶν
1565 3409 1752 3484 χάριν,

496 3505 590 3568 Τίς
620 3502 679 3558 ἂν
710 3497 1063 3577 κυϐερνήσειε
1092 3495 1557 3574 προσδεδεγμένος

307 3607 464 3662 9335
500 3606 613 3672 Τῆς
640 3604 959 3674 Ῥωμαϊκῆς
986 3595 1193 3654 ὁλκάδα
1220 3597 1558 3672 κραταρχίας
1591 3613 1607 3630 ·

492 3690 887 3749 Ἐπυνθάνοντο
916 3691 1208 3763 τοιγαροῦν
1236 3688 1371 3741 κατᾶ
1394 3685 1523 3760 γένη

503 3780 603 3839 Καὶ
633 3779 771 3835 κατᾶ
794 3780 939 3851 τάξιν
973 3776 1164 3837 πάντες
1195 3776 1246 3829 οἱ
1277 3779 1383 3831 τῶν
1416 3774 1465 3829 ἐν
1498 3773 1667 3832 τέλει.

490 3869 587 3925 Καὶ
617 3868 869 3925 πλείοσιν
898 3868 967 3936 ἦν
998 3868 1032 3935 ἡ
1068 3865 1210 3940 ῥοπὴ
1242 3863 1332 3920 καὶ
1362 3860 1559 3939 καρδία

484 3959 613 4018 Ἐπὶ
646 3957 930 4031 Κομνηνὸν
966 3953 1199 4030 Μιχαὴλ
1228 3952 1518 4027 τεταμένη.

294 4051 449 4107 9340
487 4050 644 4107 ’Όθεν
672 4048 725 4102 τί
763 4044 1002 4119 μακροὺς
1037 4041 1120 4098 δεῖ
1147 4044 1422 4118 περιάγειν
1455 4040 1728 4112 κύκλους;

485 4137 785 4212 Χειρίζεται
818 4133 885 4204 δὴ
916 4134 1014 4202 τήν
1048 4131 1315 4203 διοίκησιν
1347 4130 1493 4186 ὅλων

484 4226 583 4281 Καὶ
613 4228 942 4298 Ῥωμαϊκῶν
974 4222 1314 4298 πραγμάτων
1345 4223 1446 4291 τὴν
1473 4216 1733 4299 φροντίδα

486 4316 659 4377 Οὗτος
691 4312 931 4389 Μιχαὴλ
958 4308 1355 4386 Παλαιολόγων
1388 4311 1599 4387 γένους,

484 4403 822 4481 Δραστήριός
849 4423 932 4464 τις
960 4400 1050 4456 καὶ
1081 4400 1335 4479 πεφυκὼς
1365 4401 1503 4475 πρὸς
1532 4396 1679 4472 τόδε,

290 4506 443 4560 9345
486 4500 642 4565 Εἶδος
676 4499 1000 4578 προδεικνὺς
1027 4501 1173 4571 ἄξιον
1205 4498 1540 4574 τυραννίδος,

481 4592 793 4669 Βλοσσυρὸν
827 4591 961 4660 ἦθος
994 4590 1084 4644 καὶ
1117 4587 1387 4644 λεόντειον
1421 4589 1620 4665 φέρων,

479 4683 715 4758 Φρικτὸς
747 4680 840 4755 μὶν
872 4678 1115 4754 ἐχθροῖς,
1150 4677 1357 4752 ἥμερος
1392 4674 1439 4731 δ’
1483 4675 1769 4748 ὑπηκόοις,

479 4772 638 4844 Ἀναξ
670 4768 919 4846 ἀριστεὺς
950 4768 1038 4823 καὶ
1071 4767 1363 4842 στρατηγὸς
1394 4764 1672 4841 γεννάδας,

480 4865 676 4936 Πρῶτα
710 4860 804 4932 μὲν
840 4856 1055 4930 ἀξίωμα
1085 4850 1267 4911 λαϐὼν
1298 4853 1583 4927 δεσπότου,

288 4954 453 5021 9⁸35οι
478 4950 629 5007 Μετὰ
660 4948 717 5004 δὲ
751 4946 944 5023 μικρὸν
974 4945 1278 5005 ταινιωθεῖς
1306 4949 1385 5015 τῷ
1414 4943 1591 5022 στέφει

480 5042 614 5115 Παρ⁹
643 5037 946 5115 ἀρχιθῦτου
975 5034 1110 5089 κατᾶ
1128 5036 1226 5102 τήν
1259 5032 1529 5091 Νικαέων.

476 5130 652 5191 Οὗτος
686 5127 953 5187 Λατίνους
988 5122 1253 5197 ἐξελαύνει
1288 5121 1546 5198 πατρίδος

470 5224 578 5287 Τῆς
613 5213 1027 5274 Κωνσταντίνου
1062 5210 1346 5289 βασιλίδος
1379 5212 1603 5281 ἀστέων,

472 5305 880 5381 Ἐλευθερώσας
910 5300 1075 5374 τήνδε
1103 5301 1345 5359 Λατίνων
1378 5301 1517 5377 βίας.

288 5400 440 5455 9355
472 5402 616 5469 Τιμᾷ
647 5394 692 5450 δ’
725 5392 959 5471 ἀδελφὸν
992 5392 1277 5466 Κομνηνὸν
1311 5392 1565 5463 Ἰωάννην

475 5489 561 5559 Τῇ
592 5480 1092 5559 σεϐαστοκράτορος
1123 5480 1275 5542 εὐθὺς
1308 5481 1445 5553 ἀξίᾳ,

475 5571 645 5645 Ἔκδη
658 5595 761 5648 μον
792 5570 921 5629 ὅντα
948 5576 1064 5633 τοῖς
1094 5570 1212 5633 καθ’
1243 5570 1467 5645 ὶσπὲραν
1497 5570 1687 5635 τόποις
1713 5590 1727 5605 ο

478 5662 725 5735 ’Δλίξιον
756 5658 816 5719 δὶ
848 5656 1345 5738 Στρατηγόπουλον
1374 5659 1538 5716 πάλιν
1608 5702 1609 5705 η

1887 323 2243 377 CESARES.

2024 445 2081 513 Α
2111 463 2362 519 quorum
2393 450 2676 523 Georgius
2708 451 2934 507 Muzalo
2968 452 3197 525 primus
3226 458 3351 509 erat

2111 540 2539 608 protovestiarii
2571 545 2710 597 tunc
2742 540 2961 597 honore
2992 543 3263 615 fungens.

2108 629 2216 683 Sed
2248 630 2405 685 enim
2439 631 2687 686 necdum
2722 632 2984 687 triduum
3016 638 3318 705 peractum
3349 638 3474 690 erat

2109 732 2177 773 ex
2209 735 2323 789 quo
2356 720 2673 791 imperator
2702 721 2932 777 tumulo
2955 722 3210 793 jacebat,

2102 806 2344 880 jamque
2373 810 2699 866 aastuabant
2728 812 2927 867 omnia
2956 816 3235 884 tanquam
3268 828 3448 881 mare,

2105 896 2371 970 Namque
2400 900 2468 955 ad
2500 900 2829 956 emnobium
2862 900 3212 958 salutarium
3244 911 3571 976 martyrum

2106 987 2435 1059 progressis
2460 988 2905 1061 magistratibus
2932 996 3107 1063 atque
3139 991 3399 1049 exercitu

2106 1081 2169 1131 ut
2190 1077 2441 1149 principi
2472 1078 2745 1134 defuncto
2768 1079 2932 1150 justa
2962 1079 3275 1149 solverent,

2102 1175 2325 1232 analo
2356 1192 2590 1249 quoque
2620 1193 2755 1234 cum
2791 1179 3085 1250 germanis
3115 1180 3295 1236 venit.

2106 1265 2252 1320 Dum
2279 1282 2414 1337 ergo
2445 1283 2613 1323 sacra
2640 1267 2969 1323 celebratur
2996 1269 3200 1338 missa,

2102 1353 2400 1410 Muzalone
2430 1371 2564 1411 cum
2597 1355 2879 1412 fratribus
2912 1358 3203 1429 adstante,

2101 1458 2171 1498 en
2205 1448 2505 1501 senatores
2528 1444 2745 1517 aliique
2776 1447 3161 1519 magistratus

2101 1534 2533 1605 conspiratione
2565 1534 2830 1590 unanimi
2866 1537 3139 1607 conﬂata,

2099 1638 2199 1677 ceu
2229 1622 2558 1678 furibundae
2590 1624 2719 1680 fere
2752 1628 2929 1696 atque
2960 1625 3270 1681 homicidae

2098 1711 2156 1765 in
2185 1717 2454 1768 sanctum
2488 1714 2709 1769 cursim
2743 1713 2978 1769 irruunt
3009 1715 3341 1771 ccenobium

2017 1817 2067 1883 Β
2097 1800 2169 1856 ob
2201 1802 2575 1858 lacerandum
2607 1802 2876 1859 violentis
2907 1804 3207 1875 unguibus

2096 1906 2231 1945 cum
2262 1891 2387 1947 suis
2417 1892 2713 1963 germanis
2743 1892 3257 1964 protovestiarium
3290 1910 3303 1948 :

2093 1979 2189 2049 qui
2223 1996 2283 2035 re
2313 1980 2629 2050 intellecta,
2663 1982 2774 2035 sub
2803 1980 3032 2053 asylum
3065 1998 3299 2037 sacrum

2094 2084 2309 2123 mensae
2340 2068 2725 2124 sanctissimas
2761 2072 2977 2141 raptim
3011 2070 3427 2141 confugerunt.

2089 2156 2305 2213 Verum
2338 2156 2571 2213 scelesti
2601 2157 2687 2213 illi
2719 2162 2775 2213 et
2805 2158 3169 2231 sanguinarii

2091 2244 2333 2315 pollutis
2361 2245 2608 2317 pedibus
2639 2246 2931 2315 penetrale
2960 2246 3216 2318 ingressi

2088 2350 2277 2405 usque
2310 2334 2380 2389 ad
2414 2351 2529 2391 arts
2558 2336 2813 2406 paciﬁca
2848 2351 3113 2391 mensam
3148 2352 3402 2405 sacram,

2088 2422 2372 2479 districtis
2401 2423 2612 2495 gladiis
2644 2423 2863 2494 turgidi
2896 2424 3113 2491 furore,

2086 2511 2218 2568 hem
2252 2517 2468 2568 tetrum
2500 2512 2732 2569 scelus!
2768 2513 2903 2569 hem
2936 2514 3159 2568 rabiem
3192 2514 3561 2570 barbaricam
3590 2514 3601 2568 l

2087 2611 2381 2666 frustatim
2415 2610 2627 2682 gladiis
2661 2611 3003 2667 innocentes
3034 2613 3285 2668 caedunt.

2084 2700 2203 2756 Etsi
2236 2717 2522 2772 supremas
2552 2699 2765 2756 tabula:
2797 2705 2887 2756 ter
2919 2702 3148 2757 fuerant

2081 2806 2214 2847 cum
2248 2792 2599 2846 sacramenti
2633 2791 2882 2847 formula
2915 2790 3197 2862 praelecta?

2080 2896 2274 2937 coram
2304 2885 2510 2937 senatu
2543 2884 2599 2936 et
2628 2896 2821 2935 coram
2853 2880 3225 2948 exercitibus,

2080 2970 2180 3042 qui
2212 2987 2275 3026 se
2303 2970 2362 3025 in
2393 2969 2672 3039 obsequio
2702 2969 2821 3025 fore
2853 2969 3048 3024 cuncti
3077 2969 3368 3024 dixerant.

2077 3060 2212 3114 Post
2242 3059 2391 3115 hanc
2424 3058 2728 3114 scelestam
2762 3062 3152 3130 perpetratam
3185 3057 3423 3123 caedem,

2078 3147 2278 3203 civiles
2309 3146 2688 3219 magistratus
2717 3151 2777 3201 et
2804 3147 2985 3201 duces
3015 3144 3294 3211 militum,

2077 3236 2267 3292 clerus
2298 3251 2433 3292 cum
2461 3234 2793 3307 patriarcha
2820 3233 3070 3303 aliisque
3099 3233 3416 3306 episcopis,

2077 3327 2149 3382 ad
2182 3325 2343 3397 regni
2368 3323 2550 3381 veluti
2582 3331 2855 3379 coeuntes
2886 3322 3150 3390 comitia,

2077 3416 2148 3471 de
2178 3413 2509 3486 reipublicae
2537 3429 2770 3469 summa
2799 3412 3223 3480 deliberabant,

2074 3506 2350 3577 quisnam
2375 3503 2643 3560 videlicet
2672 3503 2733 3558 in
2764 3502 3055 3557 demortui
3086 3501 3211 3558 loco

2074 3603 2319 3661 Romani
2350 3602 2583 3674 imperii
2615 3616 2821 3658 navem
2854 3602 3013 3656 clavo
3045 3603 3273 3672 regeret
3306 3615 3320 3657 :

2072 3698 2127 3750 et
2157 3692 2516 3764 rogabantur
2545 3689 2831 3746 nobilium
2867 3690 3173 3745 sententiae

2071 3800 2173 3855 per
2204 3781 2470 3854 singulas
2502 3779 2752 3837 familias
2782 3794 3001 3851 perque
3031 3779 3287 3835 ordines.

2068 3874 2149 3927 Ac
2180 3871 2595 3942 suffragiorum
2628 3885 2768 3924 sane
2800 3869 2989 3939 major
3018 3883 3302 3923 numerus

2066 3964 2433 4018 Comnenum
2465 3958 2814 4030 designabat
2846 3955 3205 4013 Michaelem.

2066 4051 2182 4107 Cur
2209 4066 2347 4122 ergo
2378 4048 2571 4120 longis
2602 4048 2864 4101 differam
2898 4062 3019 4101 rem
3044 4044 3414 4102 sermonibus
3435 4046 3463 4101 ?

2065 4139 2167 4194 Rei
2199 4137 2445 4211 publica:
2486 4135 2769 4191 universae
2802 4134 3175 4189 moderamen

2063 4227 2425 4298 Romanique
2447 4223 2676 4297 imperii
2709 4240 2849 4278 cura
2876 4222 3130 4277 traditur

2063 4318 2199 4373 huic
2230 4314 2502 4372 Michaeli
2537 4318 2707 4387 gente
2740 4312 3097 4382 Palaeologo;

2062 4407 2163 4480 qui
2194 4407 2285 4462 vir
2313 4410 2437 4462 erat
2456 4406 2660 4461 efﬁcax
2690 4408 2747 4460 et
2776 4404 2859 4458 rei
2901 4403 3171 4474 idoneus,

2060 4496 2321 4568 corporis
2353 4496 2597 4551 formam
2632 4509 2809 4565 regno
2841 4492 3077 4562 dignam
3112 4508 3354 4564 gerens;

1980 4550 2030 4613 Β
2060 4600 2259 4641 severo
2286 4600 2446 4640 more
2476 4587 2534 4639 et
2561 4581 2723 4637 vultu
2754 4580 3118 4649 truculento;

2057 4674 2329 4730 hostibus
2360 4672 2789 4739 forminandus,
2822 4670 3007 4726 comis
3037 4670 3291 4727 subditis
3318 4696 3332 4739 ;

2057 4764 2319 4837 Optimus
2353 4763 2645 4835 princeps,
2678 4766 2736 4817 et
2768 4760 2935 4816 fortis
2966 4760 3308 4832 imperator.

2059 4863 2115 4917 Is
2145 4861 2331 4933 primo
2354 4860 2578 4932 accepit
2606 4860 2954 4932 dignitatem
2987 4859 3242 4931 despotaa
3277 4877 3289 4915 :

2057 4952 2233 5023 paulo
2267 4955 2399 5023 post
2427 4955 2621 5005 autem
2653 4949 2712 5003 in
2748 4949 2892 5004 urbe
2924 4948 3156 5003 Nicaana

2057 5058 2089 5096 a
2121 5040 2445 5110 patriarcha
2476 5041 2787 5095 stemmate
2817 5043 2907 5093 est
2938 5038 3270 5094 redimitus.

2058 5130 2161 5185 Hic
2187 5134 2296 5196 est,
2327 5129 2429 5201 qui
2469 5132 2672 5184 nostra
2703 5127 2893 5199 patria
2924 5126 3163 5183 Latinos
3193 5128 3435 5200 expulit,

2056 5217 2439 5291 reginamque
2469 5216 2701 5272 urbium
2724 5216 3293 5289 Constantinopolim

2054 5308 2259 5363 Latino
2281 5308 2428 5379 jugo
2457 5306 2701 5361 liberam
2736 5305 3008 5362 assuerit.

2058 5398 2111 5452 Is
2140 5399 2502 5452 Comnenum
2533 5395 2815 5451 Joannem
2849 5395 3083 5450 fratrem
3119 5411 3293 5451 suum

2054 5486 2269 5542 creavit
2294 5486 2421 5542 sine
2450 5498 2614 5540 mora
2643 5484 3184 5539 sebastocratorem.

2053 5590 2392 5648 quanquam
2422 5574 2722 5631 absentem
2754 5572 2814 5628 in
2846 5571 3141 5643 Hesperiis
3171 5571 3438 5644 partibus

2048 5660 2518 5738 Strategopulum
2550 5661 2793 5735 insuper
2819 5658 3082 5717 Alexium

3657 328 3761 384 3552
