4004 6200
383 290 492 349 343
535 286 537 288 ·
1595 284 1964 339 arenam"

1595 284 1970 339 EPEREMII
2007 281 2575 342 CHRONOGBAPHI

385 417 458 472 ad
491 412 796 471 domestici
818 410 1014 482 magni
1047 409 1305 466 ofﬁcium
1336 407 1513 480 legit:

387 505 572 561 alium
605 501 859 573 denique
890 501 1124 556 fratrem
1154 499 1605 555 Constantinum

387 597 651 651 Caesarea
677 591 965 662 dignitate
996 589 1379 660 conspicuum
1413 589 1566 654 fecit,

387 687 564 752 atque
595 679 667 735 ad
700 679 977 735 tuendam
1002 677 1164 733 misit
1194 675 1672 749 Paphlagoniam,

381 770 466 826 Ad
499 767 844 824 Michaelem
876 785 1008 824 vero
1042 768 1254 840 legavit
1284 768 1586 838 despotam

386 856 610 914 Philem
641 857 1011 914 Theodorum
1043 857 1115 914 ob
1148 857 1455 930 petendam
1485 872 1686 928 pacem

385 946 1034 1018 constringendumque
1064 945 1364 1002 vinculum
1396 944 1690 1014 amicitiae,

384 1036 892 1108 reposcendasque
926 1035 1171 1108 imperio
1203 1051 1363 1092 arces
1397 1033 1624 1106 aliquot
1656 1049 1670 1090 :

385 1132 682 1204 simulque
715 1138 778 1188 ut
808 1133 953 1188 duos
988 1133 1245 1205 captivos
1279 1132 1434 1188 tristi
1467 1132 1746 1188 eximeret

385 1221 783 1293 Acropolitam
817 1239 1043 1278 carcere
1077 1226 1132 1277 et
1163 1221 1582 1278 Chabaronem.

387 1311 637 1382 Despota
667 1314 864 1366 tamen
895 1311 1082 1367 durus
1112 1314 1170 1367 et
1201 1311 1572 1366 refractarius

387 1399 761 1470 imperatoris
792 1399 1142 1472 legationem
1172 1399 1381 1467 audiit,

387 1502 494 1543 nec
524 1487 844 1559 postulanti
880 1489 1206 1561 quidquam
1236 1505 1479 1559 prorsus
1509 1487 1742 1544 annuit.

385 1577 774 1642 Quamobrem
801 1577 1119 1649 imperator
1145 1577 1230 1632 ira
1256 1577 1513 1650 percitus

387 1667 629 1737 scripsit
655 1667 725 1722 ad
763 1667 1000 1721 fratrem
1033 1668 1582 1736 sebastocratorem,

387 1755 490 1828 qui
521 1754 579 1810 in
612 1753 930 1819 occidente,
964 1760 1027 1810 ut
1058 1754 1177 1810 dixi
1208 1756 1546 1811 versabatur

389 1859 524 1899 cum
555 1843 787 1899 selectis
815 1844 1068 1900 ducibus
1106 1850 1163 1900 et
1192 1861 1324 1900 cum
1358 1844 1634 1913 exercitu,

387 1937 453 1988 ut
479 1931 745 1988 Michaeli
780 1932 998 1989 bellum
1026 1934 1264 1990 inferret
1292 1934 1564 2005 despotae.

385 2022 550 2087 Quod
577 2021 698 2094 jam
731 2027 1094 2079 commotum
1120 2024 1364 2095 despota
1393 2040 1770 2095 cognoscens,

382 2113 483 2183 qui
517 2111 840 2168 Castoriam
871 2129 1008 2168 cum
1040 2113 1219 2169 armis
1251 2112 1562 2182 insidebat,

379 2202 579 2272 fugam
614 2201 868 2272 arripuit
895 2219 999 2274 per
1028 2207 1353 2274 prieruptos
1382 2200 1564 2260 locos.

382 2297 828 2355 Sebastocrator
855 2304 1053 2357 autem
1085 2303 1170 2358 sic
1200 2300 1541 2374 diﬂ'ugiente

380 2385 683 2444 Michaelis
714 2389 970 2445 exercitu
1000 2391 1356 2458 adversario,

381 2473 670 2546 impetum
700 2477 838 2534 fecit
868 2483 1076 2534 contra
1107 2481 1281 2536 urbes
1313 2483 1569 2552 despotaa

380 2563 703 2634 Bulgarum
737 2566 1132 2636 patriarcham
1165 2585 1364 2624 secum
1397 2571 1621 2626 ducens

381 2651 710 2708 Cabasilam
730 2653 930 2709 divum
963 2656 1442 2722 Constantinum,

379 2741 552 2812 cujus
584 2741 836 2816 egregiis
866 2744 1105 2800 monitis
1135 2749 1192 2799 et
1221 2744 1484 2801 consiliis

380 2827 661 2901 inclytam
694 2832 1010 2902 acquisivit
1035 2833 1238 2888 urbem
1270 2832 1480 2890 Achrin
1515 2851 1528 2889 :

383 2918 648 2975 Dealolin
676 2920 891 2978 deinde
919 2938 1113 2978 arcem
1145 2922 1390 2979 alteram

383 3007 675 3065 machinis
703 3015 761 3066 et
788 3010 929 3066 belli
959 3011 1176 3068 viribus
1207 3012 1580 3084 expugnavit.

385 3095 548 3151 Tunc
576 3096 820 3154 Michael
847 3099 917 3156 de
947 3116 1182 3156 summa
1211 3100 1524 3169 sollicitus,

384 3188 674 3258 quotquot
704 3187 952 3245 habebat
983 3189 1166 3261 copiis
1193 3191 1582 3262 congregatis,

381 3273 604 3330 Latinis
634 3291 867 3347 quoque
895 3279 1220 3350 assumptis
1251 3279 1637 3337 auxiliaribus

377 3363 450 3419 ab
482 3363 710 3420 Achaiae
746 3366 1031 3440 principe,
1063 3368 1391 3438 Siciliaque
1419 3388 1452 3424 ει
1481 3386 1637 3442 rege,

379 3468 635 3524 quorum
669 3459 916 3528 uterque
947 3461 1069 3512 erat
1097 3473 1275 3528 gener
1305 3458 1581 3529 despotic,

379 3541 454 3598 ad
488 3544 967 3601 committendam
997 3545 1138 3600 exiit
1169 3546 1477 3602 nobiscum
1513 3563 1792 3619 pugnam.

380 3641 729 3698 Praeteriens
759 3658 895 3714 ergo
927 3643 1088 3698 Stani
1120 3643 1398 3715 Soscique
1425 3660 1588 3699 arces

383 3734 442 3786 et
468 3730 789 3805 Pelagonia:
837 3731 1120 3788 humilem
1156 3732 1475 3805 planitiem,

383 3818 594 3892 Prilapi
629 3825 869 3894 propter
893 3821 1158 3878 constitit
1188 3822 1526 3894 praesidium
1563 3838 1576 3878 :

379 3907 482 3962 ubi
513 3924 576 3964 se
599 3911 869 3983 angustis
903 3927 1150 3967 cernens
1179 3916 1509 3968 versantem
1544 3918 1741 3982 rebus,

378 3996 746 4071 fortunaeque
780 4000 966 4056 aleam
1002 3999 1420 4072 periculosam.

379 4091 558 4142 noctu
588 4088 844 4160 profugit
876 4106 1010 4145 cum
1045 4089 1166 4146 filio
1197 4089 1543 4162 Nicephoro,

380 4175 700 4231 exercitum
730 4177 790 4232 in
822 4178 1032 4234 castris
1067 4179 1189 4235 illic
1220 4180 1518 4236 deserens.

383 4263 494 4319 Sed
522 4269 717 4320 tamen
749 4282 920 4322 mane
954 4273 1188 4338 postero
1219 4285 1312 4324 res
1343 4275 1650 4337 nocturna,

380 4369 450 4408 ex
482 4352 571 4408 his
602 4370 730 4425 quae
757 4359 900 4410 sunt
929 4362 1156 4426 secuta,
1190 4358 1358 4413 nobis
1391 4358 1604 4413 notuit.

379 4441 520 4498 Pars
549 4442 707 4498 enim
738 4443 840 4499 illa
869 4446 1172 4517 cepiai'um
1205 4447 1482 4518 despotic,

375 4547 502 4600 quas
534 4536 745 4589 nostra
776 4534 971 4605 gentis
1005 4535 1191 4591 milite
1221 4535 1466 4591 conﬂata
1496 4538 1641 4603 erat,

375 4635 510 4675 cum
541 4619 678 4678 viris
711 4639 774 4678 se
804 4623 1103 4680 nobilibus
1136 4629 1312 4695 atque
1343 4622 1595 4679 ducibus

373 4711 819 4768 sebastocratori
851 4713 1093 4768 tradidit
1119 4712 1327 4770 Joanni
1360 4729 1375 4768 :

373 4811 550 4878 atque
580 4808 638 4863 in
670 4808 762 4864 his
792 4815 913 4865 erat
943 4810 1221 4882 fugientis
1251 4811 1499 4880 despotic

376 4896 746 4955 adulterinus
777 4899 1018 4970 quidam
1049 4899 1301 4956 Joannes
1331 4899 1511 4956 (ilius.

377 4985 527 5041 Tum
559 4987 862 5044 auxiliaris
892 4992 1141 5044 cunctus
1177 4988 1419 5044 Latinus
1451 4988 1620 5045 miles

373 5073 580 5131 vinclis
611 5076 891 5133 astrictus
922 5094 1054 5132 cum
1082 5077 1312 5133 Achaia:
1346 5079 1607 5150 principe

373 5163 660 5221 dimissus
687 5171 776 5222 est
802 5167 875 5222 ad
906 5168 1184 5224 Cmsarem
1217 5169 1497 5240 captivus.

371 5252 675 5310 Provincia
701 5259 898 5312 autem
933 5257 1125 5312 omnis
1154 5272 1284 5312 cum
1322 5257 1615 5313 urbeculis

370 5341 432 5398 in
464 5348 722 5399 nostram
754 5345 930 5401 cessit
961 5345 1202 5401 subdita
1234 5346 1538 5401 ditionem.

371 5431 576 5488 Postea
605 5433 965 5490 domesticus
999 5451 1246 5506 magnus
1280 5433 1540 5503 Alexius,

371 5521 515 5578 Raul
540 5526 793 5580 Joannes
823 5527 881 5578 et
907 5523 1324 5596 Srategopulus

371 5630 560 5690 usque
589 5617 662 5674 ad
693 5615 976 5688 oppidum
1008 5620 1158 5672 Artis
1191 5615 1598 5689 decurrerunt,

2060 419 2115 486 Α
2323 402 2700 482 Προύϐάλλετ⁹
2730 410 2806 474 εἷς
2834 410 3084 488 μέγιστον
3116 415 3169 472 έν
3195 415 3543 493 δομεστίκοις
3569 440 3587 459 ⁸

2139 495 2281 551 9360
2322 501 2715 556 Κωνσταντῖνον
2744 499 2916 557 ἄλλον
2948 501 3004 560 δὲ
3033 506 3301 583 σύγγονον
3335 507 3504 565 πάλιν

2320 589 2397 659 Τῇ
2431 589 2738 664 Καισαρικῇ
2769 593 3059 658 ταινιώσας
3086 595 3284 669 ταινίᾳ,

2316 675 2615 753 Πρόμαχον
2646 678 2933 737 ἀπέστειλε
2963 685 3071 738 τῶν
3105 685 3478 764 Παφλαγόνων
3518 707 3534 722 ⁸

2318 765 2418 854 Καὶ
2450 767 2585 842 πρὸς
2619 770 2850 846 Μιχαὴλ
2880 769 3195 854 έκπέπομφε
3233 773 3500 849 δεσπότην

2315 853 2422 910 Τὸν
2457 855 2636 926 Φιλῆν
2670 856 2973 936 Θεόδωρον,
3009 853 3173 919 αίτῶν
3208 863 3394 942 φιλίαν

2138 949 2281 1006 9365
2321 950 2632 1042 Σύνδεσμον
2662 954 2887 1033 εἰρήνης
2916 959 3006 1015 καὶ
3035 965 3135 1028 τῆς
3165 964 3504 1042 συμφωνίας,

2318 1039 2421 1132 Καί
2449 1063 2566 1132 τινα
2595 1042 2756 1132 λῦσαι
2787 1049 3062 1126 φρουρίων
3088 1039 3386 1125 Ῥωμαίδιο
3587 1125 3596 1132 _

2317 1129 2460 1217 Πρός
2495 1127 2542 1185 δ’
2571 1130 2636 1186 αὖ
2664 1136 3084 1212 καθειργμένους
3121 1161 3175 1216 γε
3203 1146 3308 1196 τῶν
3352 1142 3401 1217 ἐξ
3434 1127 3697 1201 Αὐσόνων

2318 1213 2628 1284 Χαϐάρωνά
2653 1243 2709 1277 τε
2736 1225 2826 1278 καὶ
2855 1227 2947 1281 τὸν
2979 1229 3406 1304 Ἀκροπολίτην.

2314 1305 2571 1400 ’Δλλζῆν
2602 1311 2828 1382 ἀπειθὴς
2860 1315 3096 1392 Μιχαὴλ
3128 1320 3264 1395 πρὸς
3295 1321 3424 1384 τοὺς
3457 1321 3666 1400 λόγους

2139 1395 2280 1450 9370
2320 1391 2744 1469 Πρεσϐευτικοὺς
2773 1400 3022 1475 ἄνακτος,
3057 1405 3314 1484 ἄτεγκτος
3345 1410 3505 1484 πάνυ,

2317 1486 2422 1541 Καὶ
2455 1485 2756 1560 μηδοτιοῦν
2785 1490 3018 1550 ἐκτελῶν
3049 1494 3384 1572 αἰτουμένων
3417 1522 3429 1534 °

2313 1577 2474 1640 ’Όθεν
2507 1577 2790 1665 βαρυνθεὶς
2822 1583 3080 1658 βασιλεὺς
3105 1587 3313 1643 τούτων
3341 1589 3502 1665 χόλῳ

2432 1661 2884 1749 σεϐαστοκράτορι
2919 1677 3166 1751 συγγόνῳ
3193 1661 3385 1757 γράφει

2059 1777 2107 1842 Β
2316 1756 2445 1812 Τοῖς
2477 1757 2614 1814 κατά
2643 1756 2851 1834 δυσμὴν
2884 1763 3177 1838 έμμὲνοντί
3206 1756 3320 1823 που
3339 1771 3555 1843 τόποις,

2138 1849 2282 1906 9375
2319 1851 2470 1906 Μετᾶ
2498 1861 2750 1928 στρατιᾶς
2778 1856 2868 1911 καὶ
2901 1867 3215 1937 στρατηγῶν
3249 1862 3511 1940 ἐκκρίτων

2317 1939 2519 2030 Μάχην
2555 1947 2785 2018 συνάψαι
2810 1947 3044 2023 Μιχαὴλ
3076 1955 3154 2023 τῷ
3187 1939 3443 2030 δεσπότῃ.

2314 2029 2415 2084 Καέ
2447 2031 2611 2086 τοῦτο
2636 2031 2875 2108 δρῶντος
2907 2039 3082 2103 συνεὶς
3113 2041 3141 2096 ὁ
3169 2039 3437 2115 δεσπότης

2313 2122 2537 2194 Στρατῷ
2567 2126 3009 2202 συνυπάρχοντος
3040 2128 3093 2185 έν
3125 2133 3400 2208 Καστορίᾳ

2311 2209 2494 2285 Φυγᾶς
2521 2210 2734 2284 ἀπέπτη
2767 2218 2884 2270 κατ’
2916 2215 3290 2294 ἀποκρήμνων
3324 2222 3532 2282 τόπων,

2133 2298 2276 2353 9380
2317 2293 2774 2380 Σεϐαστοκράτωρ
2808 2301 2854 2359 δ’
2885 2293 3475 2386 ἰκποδὼνγὺπαρξάσης

2310 2386 2463 2443 Οὕτω
2489 2397 2741 2466 στρατιᾶς
2768 2395 2999 2470 Μιχαὴλ
3031 2398 3364 2475 ἀντιμάχου,

2312 2477 2442 2532 Κατ’
2468 2478 2669 2535 ἀστέων
2703 2480 2928 2556 ὣσμησε
2955 2491 3063 2541 τῶν
3084 2491 3180 2542 τοῦ
3212 2486 3499 2564 δεσπότου,

2311 2567 2497 2658 Ἑχων
2533 2571 2650 2642 μεθ’
2681 2573 2849 2658 αὐτοῦ
2879 2576 3263 2653 ποιμενάρχην
3305 2577 3643 2658 Βουλγάρων

2311 2656 2410 2710 Τὸν
2445 2658 2586 2713 θεῖον
2617 2656 2924 2719 Καϐάσιλαν
2956 2666 3047 2720 τὸν
3081 2656 3484 2726 Κωνσταντῖνον
3519 2692 3532 2706 ·

2135 2744 2277 2800 9385
2316 2745 2392 2801 Οὔ
2421 2750 2724 2813 νουθεσίαις
2749 2752 2838 2807 καὶ
2869 2753 3062 2818 καλαῖς
3096 2753 3460 2830 συμϐουλίαις

2315 2831 2482 2889 Πόλιν
2515 2841 2889 2925 παρεστήσατο
2921 2841 3144 2916 κλεινὴν
3175 2847 3432 2925 Ἀχρίδος
3466 2869 3479 2882 ·

2309 2924 2535 2981 Ἔπειτα
2567 2924 2828 2986 Δεάϐολιν
2863 2931 3003 2988 ἄλλο
3035 2924 3307 3012 φρουρίων

2311 3014 2442 3104 Ταῖς
2473 3020 2914 3095 μηχανουργίαις
2943 3044 3002 3078 τε
3031 3025 3119 3080 καὶ
3157 3027 3343 3102 μάχης
3374 3028 3558 3104 νόμῳ.

2059 3145 2103 3212 C
2320 3101 2706 3179 Ἐξαπορηθεὶς
2735 3108 2969 3183 Μιχαὴλ
3000 3115 3128 3185 γοῦν
3160 3101 3282 3176 τοῖς
3323 3101 3504 3190 ὅλοις,

2139 3199 2281 3255 9390
2321 3200 2571 3257 Ἐνοῦσαν
2603 3204 2754 3266 αύτῳ
2787 3208 3039 3266 στρατιὰν
3071 3209 3361 3266 συναλίσας

2381 3211 2571 3257 »οὖσαν
2603 3211 2754 3278 αὐτῳ
2787 3211 3039 3282 στρατιὰν
3071 3211 3361 3276 συναλίσας

2315 3289 2420 3345 Καὶ
2449 3295 2817 3369 Συμμαχικὸν
2849 3293 3179 3372 προσλαϐὼν
3210 3298 3271 3356 ἐκ
3300 3303 3546 3359 Λατίνων

2314 3380 2437 3435 Τῶν
2467 3378 2628 3436 τοῦδε
2655 3379 2919 3459 γαμϐρῶν
2955 3387 3255 3462 πρίγκιπός
3280 3391 3330 3446 τ’
3362 3392 3588 3468 ’Λχαΐας

2317 3468 2420 3558 Καὶ
2453 3469 2697 3558 Σικελῶν
2725 3469 2995 3548 ἄρχοντος
3026 3473 3202 3533 ἄλλου
3231 3479 3494 3558 νυμφίου,

2317 3555 2410 3619 Εἰς
2439 3557 2854 3634 ἀντιπαράταξιν
2887 3564 3016 3632 ἧκεν
3049 3566 3307 3622 Αὐσόνων
3345 3555 3359 3601 έ

2133 3645 2277 3701 9395
2316 3647 2518 3701 Στανὸν
2548 3651 2897 3726 παραμείψας
2928 3649 3005 3722 δὲ,
3040 3656 3260 3711 Σωσκὸν
3294 3657 3496 3734 χωρία.

2313 3737 2410 3790 Καὶ
2442 3735 2782 3813 Πελαγονίας
2817 3737 2875 3795 δὲ
2901 3741 2996 3804 τὰς
3021 3741 3280 3808 πεδιάδας

2311 3824 2518 3900 ’Δγχοῦ
2542 3826 2868 3901 Πριλλάπου
2899 3832 3163 3907 φρουρίου
3193 3837 3494 3908 κατεστάθη
3536 3857 3550 3871 ·

2310 3913 2475 3969 Κάκεῖ
2505 3912 2734 3971 συνιδὼν
2768 3918 2845 3980 ὡς
2871 3918 3023 3973 στενά
3051 3920 3104 3974 οἱ
3134 3923 3392 3998 τυγχάνει

2308 4003 2384 4057 Τά
2409 4010 2511 4073 τῆς
2539 4004 2718 4080 τύχης
2751 4007 2955 4062 ἅπαντα
2984 4007 3073 4062 καὶ
3104 4007 3294 4086 πλήρη
3327 4011 3521 4085 ζάλης,

2130 4101 2272 4156 9400
2308 4101 2538 4178 Νύκτωρ
2571 4102 2776 4178 ἀπέδρα
2805 4105 2898 4160 σὺν
2928 4109 3101 4181 τέκνῳ
3124 4110 3450 4187 Νικηφόρῳ,

2310 4193 2692 4266 Σκηνούμενον
2727 4195 3035 4270 στράτευμα
3064 4197 3240 4254 λιπὼν
3274 4199 3481 4257 αὐτόθι.

2307 4283 2513 4338 Ἕωθεν
2545 4283 2739 4358 ἀμέλει
2773 4283 2830 4340 δὶ
2859 4283 3260 4362 διεγνωσμένου

2309 4371 2393 4425 Τά
2420 4369 2581 4428 τοῦδε
2608 4372 2706 4429 τοῦ
2737 4371 3014 4450 δράματος
3047 4376 3107 4432 ἐκ
3135 4383 3245 4433 τῶν
3274 4379 3644 4457 πραγμάτων,

2052 4501 2099 4565 D
2128 4546 2190 4565 Α,
2237 4547 2265 4565 ,,
2307 4460 2661 4565 ,“PW‘WEW
2697 4465 2794 4536 μὶν
2823 4463 2882 4519 ἐκ
2907 4465 3192 4542 φάλαγγος
3219 4464 3486 4524 δεσπότου

2307 4635 2412 4690 Σὺν
2444 4640 2861 4718 ταγματάρχαις
2893 4640 3116 4717 ἀνδράσι
3146 4649 3192 4699 τ’
3219 4643 3492 4721 ἐριτίμοις

2304 4730 2392 4798 Τῷ
2423 4723 2882 4806 σεϐαστοκρατορι
2913 4733 3288 4807 χαριτωνύμῳ
3322 4753 3336 4768 ⁸

2303 4815 2392 4872 Ἑν
2426 4818 2509 4881 οἷς
2537 4839 2599 4893 γε
2631 4821 2951 4876 συντέτακτο
2980 4823 3069 4878 καὶ
3098 4828 3228 4888 παῖς
3254 4844 3338 4885 τις
3365 4824 3529 4890 νόθος

2302 4905 2364 4962 Ὀ
2398 4907 2656 4978 Ἰωάννης
2683 4914 2780 4965 τοῦ
2808 4909 3048 4988 φυγάδος
3075 4909 3362 4970 δεσπότου.

2122 4993 2263 5049 9410
2304 4997 2666 5072 Συμμαχικὸν
2701 4999 2912 5073 ξύμπαν
2943 4999 3001 5056 δὲ
3029 5001 3272 5058 Λατίνων
3298 4999 3489 5078 γένους

2304 5084 2410 5139 Σὺν
2441 5085 2670 5162 Ἀχαίας
2703 5089 3051 5166 συσχεθέντες
3082 5091 3386 5168 πριγκίπῳ,

2306 5175 2447 5250 Πρὸς
2476 5175 2567 5230 τὸν
2596 5179 2911 5254 κρατάρχην
2946 5179 3246 5251 ἐστάλησαν
3279 5180 3329 5235 ἐν
3363 5179 3582 5244 πέδαις.

2300 5265 2470 5335 Χώρα
2499 5261 2556 5319 δὲ
2585 5271 2730 5322 πᾶσα
2759 5266 2850 5322 σὺν
2882 5268 3204 5345 πολιχνίοις
3233 5267 3388 5332 ὅλοις

2298 5354 2392 5425 Τῷ
2421 5354 2715 5429 Ῥωμαϊκῷ
2741 5357 3112 5431 καθυπεκλίθη
3140 5363 3346 5434 κράτει.

2119 5441 2263 5498 9445
2301 5440 2543 5515 ’Λλέξιος
2571 5449 2702 5518 γοῦν
2735 5446 2788 5502 ἐν
2819 5444 3167 5521 δομεστίκοις
3203 5449 3366 5526 μέγας

2299 5533 2800 5607 Στρατηγόπουλος
2819 5539 2907 5593 καὶ
2940 5537 3134 5594 Ῥαοὺλ
3169 5539 3422 5608 Ἰωάννης

2295 5620 2402 5679 Καὶ
2431 5621 2628 5700 μέχρις
2653 5624 2822 5700 αὐτῆς
2853 5623 3194 5705 κατέδραμον
3221 5633 3323 5702 τῆς
3346 5627 3585 5706 ’Δρτης,

3691 301 3802 356 344
