4004 6200
223 309 321 366 345

390 429 823 501 Λεηλατοῦντες,
857 422 1200 503 ἑκτρίὸοντες
1231 426 1476 502 ἑσχάτως

387 520 591 592 Χώραν
624 516 861 593 Μιχαὴλ
895 514 1162 571 δεσπότου
1194 517 1286 571 σὺν
1320 513 1627 591 φρουρίοις.

226 613 351 668 9420
392 603 857 681 Σεϐαστοκάάτωρ
890 607 1152 676 Ἰωάννης
1185 602 1231 660 δ’
1262 606 1327 660 αὗ
1358 603 1521 660 πάλιν

391 698 543 771 Πρὸς
576 697 792 770 ΙΙάτραν
826 694 1145 770 ἐστράτευσε
1174 695 1272 763 νην
1296 693 1559 769 νεωτέραν

392 789 583 861 ’Έχων
622 786 737 858 μεθ’
769 784 937 840 αὐτοῦ
967 784 1059 839 καὶ
1088 784 1180 839 τὸν
1208 784 1323 838 υἱὸν
1357 780 1645 837 δεσπότου.

396 876 477 934 Οὗ
509 877 644 954 φθὰς
687 873 1092 947 ἱμνημόνευσεν
1123 874 1311 928 ἀνόπιν
1342 866 1529 947 Λόγος,

392 966 581 1026 Ὀστις
609 965 702 1018 σὺν
738 962 936 1025 ἄλλοις
964 959 1269 1038 ἀπνδράσας
1302 960 1540 1036 μετρίοις

234 1066 359 1121 9ί25
395 1062 597 1138 Τρέχει
628 1061 765 1137 πρὸς
799 1062 969 1115 αὐτοῦ
996 1059 1201 1137 πατὲρα
1229 1060 1320 1115 τὸν
1355 1057 1645 1128 δεσπότην,

394 1154 617 1222 Νήσους
648 1149 1018 1225 περιπλέοντα
1041 1150 1135 1211 τὰς
1170 1146 1565 1226 άμφιρῥότους,

392 1244 504 1311 Τήν
536 1246 643 1295 τῶν
676 1238 1007 1318 Κεφαλήνων
1038 1260 1098 1294 τε
1125 1240 1213 1293 καὶ
1243 1239 1348 1307 τὴΑ
1378 1233 1644 1306 Λευκάδα,

398 1332 649 1403 Ἔρημος
683 1330 755 1382 ὧν
786 1326 978 1392 άολιος
1007 1329 1187 1402 ἀρχῆς
1221 1324 1500 1401 πατρίδος·

394 1420 544 1475 Ἐπεὶ
572 1415 619 1473 δ’
652 1416 991 1491 ἕπανὲδραμε
1023 1417 1158 1493 πρὸς
1187 1415 1282 1471 τὸν
1314 1416 1541 1489 πατέρα,

234 1512 362 1567 9530
403 1508 505 1562 Σὺν
536 1504 669 1580 τῷδ’
699 1506 958 1581 ἀθροίσας
988 1507 1242 1581 στρατιὰν
1276 1506 1338 1560 οὐ
1374 1504 1617 1578 μετρίαν,

396 1599 506 1665 Τήν
537 1596 858 1668 Ῥωμαϊκὴν
888 1592 1162 1665 ἐξελαύνει
1196 1594 1463 1669 μακρόθεν

403 1690 583 1760 Ὅρων
617 1688 855 1747 παλαιᾶς
887 1684 1146 1758 Ἠπείρου
1180 1685 1368 1760 μάχης
1397 1683 1573 1758 νόμῳ.

404 1774 579 1831 Ἀλλά
608 1775 888 1849 χαριτώνυ
898 1794 1001 1846 μος
1033 1767 1474 1847 σεϐαστοκράτωρ
1486 1819 1499 1841 ,

402 1866 504 1920 Καὶ
532 1862 685 1919 τοῦδ’
717 1864 905 1938 ἑκυρὸς
934 1868 1339 1924 Κωνσταντῖνος
1368 1862 1639 1936 Τορνίκης

240 1957 367 2012 9435
403 1957 487 2010 Ἐν
515 1958 582 2028 τῇ
612 1955 903 2027 Λαμψάκῳ
937 1952 1153 2029 βασιλεῖ
1181 1952 1587 2028 προσηλθὲτην·

404 2046 497 2099 Καὶ
528 2045 619 2098 τὸν
657 2045 752 2116 μὲν
784 2040 1123 2117 αὐτάδελφον
1155 2041 1320 2096 αὐτοῦ
1351 2041 1449 2109 τήν
1474 2042 1636 2116 χάριν

397 2136 487 2205 Τῷ
518 2131 828 2204 δεσποτικῷ
857 2136 1061 2186 ταινιοῖ
1092 2131 1335 2205 Λαμπρῴ
1367 2131 1567 2207 στέφει·

394 2222 485 2285 Εἷς
517 2223 667 2295 ἀξίαν
704 2219 764 2277 δὲ
786 2216 1312 2296 σεϐαστοκρατορίας

399 2306 745 2379 Ἀναϐιϐάζει
776 2310 1047 2385 Τορνίκην
1077 2312 1503 2365 Κωνσταντῖνον·

238 2413 362 2468 8H0
399 2409 644 2480 ’Λλὲξεον
678 2406 737 2463 δὲ
771 2406 1275 2483 Στρατηγόπουλον
1302 2407 1468 2463 πάλιν

402 2497 495 2560 Εἰς
524 2498 808 2571 Καισάρων
841 2494 1013 2572 ἤγαγε
1041 2496 1296 2571 λαμπράν
1330 2497 1502 2567 ἀξίαν·

394 2587 495 2645 Τὸν
531 2588 774 2660 Καίσαρα
804 2584 863 2641 δὲ
894 2586 1157 2660 σύγγονον
1189 2590 1592 2642 Κωνσταντῖνον

400 2677 493 2739 Εἷς
525 2671 1005 2750 σεϐαστοκράτορα
1032 2675 1122 2729 καὶ
1146 2672 1288 2731 τόνδ’
1320 2674 1521 2749 ἀνάγει·

406 2765 555 2834 Πλὴν
590 2771 925 2843 χρυσουφεῖς
956 2764 1146 2827 ἀετοὺς
1177 2771 1360 2842 φορεῖν
1389 2764 1543 2839 νίμει

241 2857 363 2913 6H5
400 2856 481 2910 Ἐν
512 2861 634 2919 τοῖς
663 2852 934 2923 πεδίλοις,
968 2856 1299 2930 παράσημον
1330 2855 1496 2927 ἀξίας.

397 2947 565 3020 Ἥρος
598 2942 645 2999 δ’
677 2942 1097 3018 ἐπιλάμψαντος
1126 2942 1260 3020 ἄρας
1294 2944 1599 3017 Λαμψάκου

407 3034 564 3103 Ἀναξ
592 3031 831 3109 Μιχαὴλ
862 3031 954 3086 σὺν
989 3032 1382 3107 στρατεύμασιν
1412 3029 1567 3095 ὅλοις

403 3122 835 3198 Ἐπιστρατεύειν
865 3125 935 3195 τῇ
968 3121 1371 3177 Κωνσταντίνου
1409 3118 1593 3192 πόλει,

403 3211 472 3268 Ei’
495 3232 613 3273 πως
643 3208 854 3284 δυνηθῇ
893 3212 1185 3280 Δατινικῆς
1217 3210 1407 3273 κακίας

242 3298 369 3355 9450
406 3300 801 3374 Ἐλευθερῶσαι
829 3296 994 3369 τήνδε
1021 3305 1141 3361 ταῖς
1172 3298 1549 3374 στρατηγίαις.

396 3389 500 3443 Καὶ
528 3389 679 3443 ταῦτ’
711 3386 883 3442 ἐποίει
912 3392 1033 3450 τοῖς
1066 3386 1255 3462 λόγοις
1280 3384 1645 3459 πεπεισμένος

401 3476 521 3552 Οὐχ
548 3478 717 3546 ἦττον
747 3475 887 3552 ἤπερ
917 3481 997 3548 τῷ
1029 3476 1443 3551 στρατευμάτων
1478 3475 1673 3543 σθένει,

404 3564 631 3641 Ἀνδρος
663 3567 901 3621 Λατίνου
921 3563 1121 3635 κλῆσιν
1153 3563 1475 3622 Ἀσελδεκάε

405 3652 572 3710 Πόλιν
605 3652 910 3729 προδώσειν
948 3652 1164 3729 βασιλεῖ
1193 3652 1565 3730 προφαμένου.

247 3749 373 3807 9455
411 3753 558 3809 Ἐπεὶ
592 3751 639 3807 δ’
670 3750 1082 3825 ἐπεστράτευσεν
1109 3750 1164 3805 ἐτ
1196 3748 1498 3821 Βυζαντίδι,

405 3842 503 3895 Καὶ
534 3844 781 3915 φανερῶς
810 3837 1017 3915 ἔγνωκε
1042 3841 1111 3894 τά
1136 3846 1238 3909 τῆς
1269 3840 1501 3909 ἀπάτης,

404 3928 569 3993 Αὖθις
601 3929 946 3999 ἐπανέζευξεν
978 3928 1054 3989 εἷς
1082 3925 1157 3983 ’έω
1185 3928 1408 3995 τόπους,

402 4019 563 4081 Ἔνθα
592 4017 914 4093 προσελθὼν
941 4016 1206 4090 Τορνίκης
1238 4016 1297 4072 ὲκ
1331 4017 1563 4078 Νικαίας

406 4109 483 4160 Δι’
514 4106 788 4180 Ἀρσὲνιον
823 4105 1073 4181 λιπαρῶς
1101 4101 1385 4175 ἠντιϐόλει

242 4195 374 4251 9460
408 4196 495 4258 Ὠς
523 4195 787 4271 ἐγκρατὴς
818 4215 1028 4269 γενοιτο
1058 4193 1222 4249 πάλιν
1253 4199 1350 4249 τοῦ
1382 4194 1599 4271 θρόνου·

403 4285 555 4341 Ἐπεὶ
585 4286 692 4360 γὰρ
724 4284 981 4360 ἐστέρητο
1012 4286 1280 4358 ποιμένος
1309 4283 1503 4361 θρόνος

406 4375 559 4448 Ἀρτι
590 4374 847 4437 θανόντος
877 4374 1105 4452 Ἐφέσου
1136 4375 1455 4449 Νικηφόρου

406 4465 498 4526 Ὃς
528 4460 595 4531 δὴ
633 4464 888 4539 μετήχθη
923 4463 1060 4539 πρὸς
1095 4462 1288 4538 θρόνον
1321 4459 1664 4532 Βυζαντίδος·

406 4554 515 4609 Τοῦ
546 4549 595 4607 δ’
626 4552 911 4627 Ἀρσενίου
938 4557 1130 4608 τοῦτον
1163 4552 1559 4625 ἀπειπαμένου,

240 4646 371 4703 9465
408 4646 614 4704 Ἐδεῖτο
648 4646 817 4704 πάλιν
848 4647 1008 4705 τόνδε
1038 4644 1226 4704 λαϐεῖν
1256 4650 1348 4705 τὸν
1382 4649 1597 4725 θρόνον·

407 4737 642 4794 Δνὲσνουν
672 4736 719 4793 δ’
748 4740 921 4811 ἑαυτῷ
949 4737 1334 4815 ποιμενάρχην
1368 4740 1443 4811 μή
1477 4736 1651 4793 θὲλων

405 4830 629 4903 *Λρχειν
664 4825 942 4903 βασιλεὺς,
975 4826 1347 4904 παρακλήσεις
1378 4828 1606 4904 ἠκύρου.

411 4916 581 4979 Οὗτος
610 4917 713 4993 γὰρ
749 4917 1028 4992 ’Δρσὲνιος
1062 4915 1135 4972 ὢν
1164 4917 1459 4993 ἀρχιθότης

412 5005 600 5083 Στὲφει
636 5004 870 5080 Μιχαὴλ
900 5010 981 5077 τῷ
1009 5026 1345 5081 κραταρχιας
1380 5005 1582 5083 στέφει,

237 5090 368 5147 9470
404 5100 633 5151 ’Δνακτα
660 5092 838 5165 δείξας
868 5094 1226 5171 αὐτοκράτορ’
1256 5096 1531 5153 Αὐσόνων·

405 5187 627 5239 Ἔπειτα
658 5182 845 5262 φανεὶς
878 5180 1150 5257 δυσμενὴς
1185 5183 1283 5239 οὐκ
1308 5182 1409 5239 οἶδ’
1449 5185 1600 5247 ὅπως

403 5270 503 5325 Σὺν
549 5270 894 5349 Ἀνδρονίκῳ
925 5270 1179 5347 Σάρδεων
1212 5273 1478 5349 ἀρχιθότῃ

411 5363 546 5435 Πρὸς
577 5360 624 5418 δ’
656 5361 721 5417 αὗ
752 5361 1016 5433 Μανουὴλ
1047 5367 1127 5435 τῷ
1157 5361 1615 5433 Θεσσαλονικέων,

413 5454 559 5525 Novi;
589 5447 973 5525 παραδέδωκεν
1004 5450 1164 5506 αὐτὸν
1199 5448 1422 5529 διάγειν,

243 5532 377 5592 9475
417 5538 580 5595 Έκὼν
615 5538 893 5601 λελοιπὼς
921 5538 1020 5609 τὴν
1052 5537 1165 5595 λεὼ
1190 5538 1500 5617 προεδρίαν·

412 5630 561 5699 Ὅθεν
599 5625 858 5711 βασιλεὺς
882 5632 1279 5706 ποιμεναρχῶν
1307 5629 1369 5688 τὸ
1402 5628 1587 5709 στίφος

1746 302 2113 357 ΟΕΒΔΒΕΒ.

1906 426 1961 493 Α
1992 426 2357 498 diripientes,
2388 429 2644 485 vastitati
2677 430 2881 485 dantes

1984 527 2197 579 terram
2226 541 2509 597 arcesque
2537 526 2842 583 Michaelis
2873 527 3131 597 despotas

1985 612 2429 670 Sebastocrator
2456 616 2667 671 deinde
2694 617 2957 671 Joannes

1983 702 2056 757 ad
2088 719 2265 759 novas
2296 708 2505 760 Patras
2538 706 2813 777 produxit
2842 705 3189 771 exercitum,

1983 790 2209 847 habens
2242 792 2299 847 in
2331 794 2610 849 comitatu
2642 794 2831 849 ﬁlium
2864 794 3121 864 despotaa

1983 880 2253 951 spurium
2283 881 2450 937 illum
2482 883 2552 937 de
2578 899 2693 954 quo
2718 888 2872 938 retro
2903 882 3161 937 diximus
3196 900 3210 940 :

1985 969 2086 1041 qui
2120 970 2257 1042 fuga
2287 968 2522 1043 elapsus
2554 988 2687 1027 cum
2720 972 2922 1043 paucis
2953 972 3274 1027 comitibus

1984 1058 2198 1130 raptim
2232 1076 2501 1115 reversus
2529 1066 2619 1115 est
2645 1063 2715 1115 ad
2748 1065 2968 1132 patrem
3000 1061 3325 1132 despotam,

1984 1158 2085 1228 qui
2116 1158 2425 1214 oberrabat
2455 1158 2680 1230 cymbis
2713 1158 2868 1215 circa
2898 1158 3125 1215 insulas

1984 1246 2399 1318 Cephaleniam
2433 1247 2633 1302 infelix
2663 1254 2840 1319 atque
2872 1247 3195 1304 Leucadem

1982 1334 2142 1390 exsul
2177 1340 2234 1391 et
2260 1336 2447 1407 patrio
2480 1336 2768 1407 spoliatus
2800 1354 2996 1407 regno.
3146 1332 3147 1335 “

1984 1425 2096 1479 Sed
2128 1427 2286 1480 enim
2317 1431 2451 1497 post
2480 1442 2777 1481 reversum
2809 1428 2879 1481 ad
2909 1444 2970 1482 se
2993 1428 3179 1482 ﬁlium

1982 1514 2339 1584 recuperatis
2365 1514 2555 1569 adhuc
2580 1531 2694 1570 non
2730 1516 2919 1587 parvis
2950 1516 3156 1586 cepiis,

1982 1603 2300 1658 exercitum
2333 1608 2651 1659 nostratem
2683 1604 2885 1675 procul
2915 1604 3139 1676 expulit

1982 1691 2227 1763 antiqua
2255 1692 2426 1763 Epiro
2457 1693 2637 1748 armis
2668 1692 3040 1748 debellatum.

1909 1804 1955 1867 Β
1983 1782 2415 1837 Sebastocrator
2443 1782 2675 1837 interim
2706 1783 2960 1837 Joannes

1984 1887 2119 1925 cum
2152 1871 2531 1926 Constantino
2563 1887 2762 1926 socero
2790 1871 3037 1928 Tornice

1982 1957 2395 2030 imperatorem
2428 1960 2563 2014 Lam
2574 1958 2733 2031 psaci
2773 1963 3167 2014 convenerunt
3191 1982 3206 2024 ς

1984 2047 2037 2104 is
2059 2052 2254 2103 autem
2276 2048 2511 2103 fratrem
2542 2053 2777 2119 propter
2805 2064 2869 2103 ea
2901 2063 3030 2118 quae
3059 2048 3317 2116 gesserat

1986 2136 2229 2192 sublimi
2261 2136 2542 2208 dignitate
2571 2136 2799 2193 ornavit
2823 2137 3077 2207 despotm
3112 2152 3126 2191 :

1984 2225 2412 2297 Tornicemque
2441 2225 2621 2281 simul
2652 2225 3102 2281 Constantinum

1986 2324 2279 2394 promovit
2306 2325 2375 2378 ad
2408 2323 2667 2379 ofﬁcium
2700 2322 3183 2379 sebastocratoris
3215 2336 3229 2376 :

1984 2410 2063 2466 ite
2094 2429 2121 2461 'l
2149 2410 2411 2466 Alexium
2445 2411 2923 2483 Strategopulum

1985 2500 2293 2571 splendido
2323 2500 2495 2556 titulo
2527 2500 2819 2556 decoravit
2846 2499 3113 2567 Caesaris,

1985 2589 2369 2645 Constantino
2399 2588 2656 2661 denique
2689 2590 2850 2644 fratri
2882 2590 3094 2644 Caesari

1985 2678 2465 2735 sebastocratoris
2497 2678 2707 2734 detulit
2736 2680 3047 2746 honorem;

1986 2783 2193 2822 aureas
2217 2768 2461 2838 insuper
2480 2768 2709 2838 aquilas
2741 2767 3032 2823 concessit

1985 2855 2268 2911 indicium
2301 2856 2605 2927 dignitatis
2636 2862 2865 2927 gestare
2895 2857 2953 2909 in
2976 2853 3205 2909 calceis.

1986 2946 2116 3002 Mox
2144 2961 2277 3001 vere
2307 2950 2526 3015 exorto,
2559 2950 2877 3016 Lampsaco
2907 2943 3216 2997 discedens

1988 3051 2118 3090 cum
2144 3035 2328 3104 copiis
2360 3033 2587 3090 cunctis
2618 3034 2935 3103 imperator
2967 3032 3204 3087 Michael

1989 3123 2553 3194 Constantinopolim
2582 3138 2786 3177 versus
2813 3121 3024 3175 direxit
3055 3121 3199 3186 iter;

1992 3211 2272 3268 nimirum
2303 3216 2649 3282 experturus
2679 3228 2751 3265 an
2784 3214 2907 3265 arte
2939 3208 3149 3264 bellica

1984 3300 2133 3356 hanc
2165 3306 2361 3372 posset
2380 3301 2526 3371 jugo
2558 3300 2755 3355 Latino
2786 3299 3132 3356 subducere.

1984 3389 2167 3461 quue
2200 3391 2465 3445 tentabat
2493 3388 2796 3445 confidens
2824 3387 3135 3459 promissis

1984 3488 2167 3557 (haud
2202 3503 2343 3543 sane
2373 3486 2567 3543 secius
2597 3503 2773 3556 quam
2801 3486 3022 3541 viribus
3053 3483 3282 3540 bellicis

1984 3576 2171 3632 Latini
2202 3576 2332 3641 viri,
2365 3576 2458 3633 cui
2491 3592 2698 3632 nomen
2733 3576 3064 3643 Aseldecae,

1988 3667 2191 3721 urbem
2224 3666 2569 3737 spondentis
2599 3664 2768 3721 nobis
2798 3665 3185 3737 proditurum.

1985 3756 2094 3810 Sed
2126 3754 2227 3809 ubi
2248 3755 2497 3810 accessit
2514 3755 2583 3809 ad
2616 3754 2870 3826 Byzantii
2904 3753 3136 3820 moenia,

1987 3858 2167 3913 seque
2196 3843 2506 3914 deceptum
2539 3842 2723 3897 sensit
2754 3842 3088 3912 imperator,

1986 3931 2048 3986 in
2081 3930 2365 3986 orientem
2398 3931 2557 3987 ﬂexit
2588 3947 2826 3985 cursum
2858 3931 3072 3984 denuo.

1988 4018 2071 4073 lbi
2102 4018 2332 4075 Nicaana
2360 4020 2419 4074 in
2452 4019 2597 4074 urbe
2627 4018 2861 4073 obvium
2895 4016 3101 4071 habuit

1986 4108 2291 4164 Tornicem
2324 4107 2754 4181 supplicantem
2781 4110 2845 4161 ut
2874 4104 3157 4161 Arsenius

1988 4195 2435 4269 patriarchalem
2469 4198 2664 4252 sedem
2695 4198 3083 4267 recuperaret.

1988 4287 2133 4343 Nam
2165 4285 2449 4341 destituta
2480 4283 2736 4341 Ecclesia
2765 4288 2994 4356 pastore
3022 4283 3211 4338 fuerat

1990 4382 2221 4432 mortuo
2251 4393 2439 4449 nuper
2471 4376 2724 4449 Ephesio
2754 4375 3076 4446 Nicephoro

1990 4465 2152 4521 illinc
2180 4467 2464 4522 translato
2493 4466 2566 4522 ad
2600 4465 2797 4521 sedem
2830 4462 3238 4536 Byzantinam;

1989 4571 2167 4626 quam
2201 4572 2333 4611 cum
2376 4555 2657 4613 Arsenius
2688 4558 2898 4627 sponte
2927 4552 3305 4619 deseruisset,

1993 4670 2151 4708 nunc
2173 4669 2235 4709 se
2264 4654 2494 4710 volebat
2523 4669 2731 4709 rursus
2762 4653 2820 4707 in
2851 4668 2976 4707 eam
3010 4650 3262 4706 restitui.

1990 4740 2206 4798 Verum
2250 4742 2545 4798 infensum
2574 4741 2963 4814 patriarcham
2998 4755 3283 4811 respuens

1993 4830 2231 4886 obtrudi
2263 4831 2375 4887 sibi
2408 4831 2647 4889 Michael
2682 4831 2995 4898 abnuebat,

1994 4918 2098 4975 Hic
2121 4937 2260 4977 sane
2288 4920 2572 4976 Arsenius
2603 4921 2862 4993 pontifex
2890 4920 3032 4975 dum
3065 4922 3220 4974 esset

1996 5009 2217 5081 regiam
2250 5026 2523 5065 coronam
2556 5010 2820 5065 Michaeli
2852 5010 3235 5080 imposuerat,

1996 5100 2443 5171 Romanumque
2475 5099 2689 5154 fecerat
2716 5098 3153 5169 imperatorem.

1998 5186 2131 5241 Mox
2161 5186 2429 5244 Michaeli
2456 5187 2652 5245 nescio
2678 5205 2783 5244 cur
2806 5187 3010 5254 iratus,

1998 5292 2134 5332 cum
2164 5278 2498 5334 Andronico
2518 5278 2785 5333 Sardium
2807 5278 3103 5349 episcopo,

1995 5370 2053 5420 et
2078 5365 2344 5423 Manuale
2374 5366 2904 5437 Thessalonicensi,

1992 5455 2061 5509 ad
2097 5456 2435 5514 monasterii
2468 5456 2727 5528 quietem
2768 5471 2830 5511 se
2858 5454 3203 5523 contulerat,

1993 5549 2200 5616 sponte
2227 5544 2474 5603 dimissa
2503 5544 2821 5616 Byzantina
2850 5545 3009 5603 sede.

1992 5631 2178 5698 Quare
2198 5637 2519 5711 imperator
2546 5650 2616 5693 ex
2644 5633 2851 5707 synodi
2882 5633 3173 5691 sententia

3534 302 3639 356 346
