4104 6204
366 306 472 362 347
1581 299 1955 352 EPHRBMII
2001 294 2573 351 CHBONOGRAPHI

367 431 800 504 metropolitam
833 425 1046 498 Ephesi
1079 425 1476 498 Nicephorum

370 525 438 578 ad
471 517 820 593 Byzantines
847 513 1064 570 infulas
1089 514 1490 570 transtulerat.

366 610 530 665 Nunc
564 605 896 679 postulante
927 620 1136 659 rursus
1170 602 1440 669 utilitate,

367 697 567 752 volens
597 693 824 760 nolens,
858 697 925 748 ut
953 691 1190 760 dicitur,
1233 691 1480 748 Tornice
1508 692 1734 759 orante,

366 786 560 840 sedem
586 781 830 838 Arsenio
863 781 1056 837 reddit
1082 781 1424 851 imperator.

367 871 464 926 Hic
498 870 607 926 fuit
636 869 776 924 dicti
807 869 996 925 exitus
1031 866 1268 939 negotii.

363 961 644 1016 Idoneum
678 962 882 1030 postea
903 957 1214 1014 collectum
1245 956 1562 1012 exercitum

365 1048 775 1122 Strategopulo
801 1045 1016 1103 Caesari
1046 1046 1434 1114 demandans,

363 1140 524 1195 misit
552 1138 623 1194 ad
653 1137 969 1208 Hesperios
998 1135 1373 1190 debellandos
1405 1134 1626 1188 hostes.

365 1237 566 1293 Obiter
596 1244 791 1292 tamen
823 1241 881 1291 et
911 1234 1251 1306 Byzantium
1287 1232 1473 1289 visere

356 1325 560 1396 jussit,
588 1329 646 1380 et
676 1324 759 1378 illi
790 1324 982 1378 minas
1013 1326 1330 1378 ostentare.

370 1417 483 1471 Res
516 1414 598 1470 ita
621 1419 711 1470 est
741 1417 891 1468 acta.
925 1413 1118 1468 Czesar
1144 1411 1283 1466 illuc
1313 1409 1554 1466 veniens

371 1504 615 1560 armatis
646 1518 884 1557 vacuam
911 1501 1294 1571 deprehendit
1326 1501 1548 1565 urbem,

372 1593 512 1665 quia
541 1591 713 1663 paulo
737 1595 871 1646 ante
901 1589 1110 1645 classis
1141 1587 1398 1660 profecta
1420 1591 1548 1642 erat

371 1684 443 1738 ad
476 1680 845 1752 spoliandam
876 1678 1130 1734 insulam
1166 1676 1588 1749 Daphnusiam.

368 1772 441 1827 Ut
474 1787 610 1842 ergo
646 1774 817 1825 noctu
850 1768 1100 1824 accessit
1125 1768 1197 1824 ad
1226 1768 1442 1822 mmnia
1471 1771 1661 1822 Caesar

366 1861 612 1917 comites
644 1858 869 1914 habens
901 1859 1188 1930 quosdam
1221 1873 1290 1912 ex
1319 1859 1463 1912 urbe
1503 1856 1800 1927 perfugas,

367 1949 439 2005 ab
475 1947 568 2004 his
599 1947 709 2002 fuit
738 1947 952 2002 certior
973 1947 1184 2016 factus,
1214 1962 1345 2002 esse
1370 1945 1694 2016 antiquitus

370 2037 580 2094 urbani
617 2036 912 2108 quoddam
947 2036 1101 2090 muri
1134 2036 1396 2091 foramen
1429 2039 1657 2106 patens.

369 2127 645 2182 Protinus
676 2141 813 2196 ergo
845 2124 1073 2181 adstitit
1101 2124 1184 2178 illi
1209 2124 1334 2180 loco
1370 2139 1383 2179 :

371 2215 471 2270 ubi
503 2215 899 2285 introgressus
933 2229 1036 2285 per
1067 2214 1330 2268 foramen
1365 2210 1534 2268 miles

369 2303 617 2374 reliquis
647 2303 820 2358 sociis
849 2302 1017 2358 valde
1056 2301 1360 2358 audaciam
1394 2301 1588 2372 auxit;

369 2395 452 2449 ita
482 2399 548 2450 ut
577 2393 734 2449 aliud
768 2386 900 2450 mox
932 2394 1250 2465 penetrarit
1279 2393 1450 2450 miles
1475 2410 1490 2461 ;

368 2484 581 2539 deinde
609 2485 842 2548 tertius,
879 2489 1057 2553 atque
1094 2484 1165 2538 ad
1196 2488 1525 2538 extremum
1560 2481 1898 2552 quindecim
1927 2497 1940 2536 :

329 2627 334 2632 .
370 2580 471 2653 qui
504 2579 783 2636 continuo
815 2578 1082 2634 refractis
1116 2578 1410 2634 introrsus
1439 2578 1626 2650 portis

377 2673 676 2741 patentem
704 2667 935 2724 cunctis
965 2666 1151 2739 copiis
1185 2668 1448 2722 fecerunt
1487 2666 1737 2722 aditum.

377 2762 447 2812 At
467 2758 622 2814 cives
645 2757 964 2830 improviso
996 2754 1247 2829 perculsi
1280 2772 1418 2811 casu

371 2848 433 2903 in
457 2846 855 2904 subterraneis
885 2845 1076 2918 adytis
1107 2845 1389 2918 cellisque
1416 2845 1634 2901 abditis

375 2937 435 2992 in
468 2936 703 3009 angulis
739 2935 1006 2992 obscuris
1037 2935 1339 3006 sacrisque
1369 2934 1610 3006 templis

369 3025 459 3083 vel
491 3025 866 3083 monasteriis
903 3029 1088 3082 semet
1117 3024 1562 3080 abstrudebant.

371 3116 612 3172 Latinus
644 3119 840 3172 autem
872 3118 1063 3171 Caesar
1092 3114 1410 3170 Balduinus

369 3205 589 3262 cursim
619 3222 683 3261 se
713 3205 940 3278 regium
972 3203 1223 3260 contulit
1251 3203 1322 3258 ad
1357 3202 1666 3274 palatium,

369 3311 441 3350 ex
470 3309 588 3365 quo
619 3293 790 3348 celeri
824 3309 967 3349 nave
987 3293 1048 3348 in
1080 3293 1330 3363 patriam
1358 3292 1528 3364 fugit.

371 3382 616 3437 Interim
646 3386 844 3437 noster
881 3381 1050 3437 miles
1081 3380 1372 3452 spoliabat
1395 3381 1622 3444 urbem,

368 3469 494 3525 vias
534 3485 918 3534 concursans,
945 3469 1104 3524 vicos
1124 3473 1181 3524 et
1215 3469 1584 3540 angiportus,

367 3556 498 3614 Jam
532 3574 661 3629 qua
692 3558 765 3612 ad
797 3557 1197 3628 Daphnusiam
1227 3556 1435 3612 classis
1465 3555 1649 3611 iverat

371 3646 644 3719 cognovit
673 3647 839 3702 urbis
871 3663 1070 3702 casum
1104 3647 1258 3717 apud
1289 3645 1604 3718 Anaplum,

370 3736 706 3809 raptimque
738 3736 811 3791 ad
837 3736 966 3807 ejus
988 3735 1232 3792 tutelam
1257 3734 1587 3791 advolabat.

368 3825 584 3880 Verum
608 3826 736 3896 jam
771 3829 969 3881 noster
1001 3823 1168 3880 miles
1193 3825 1431 3880 Latinas
1453 3824 1658 3880 domos

367 3915 502 3987 igne
531 3914 796 3986 subjecto
828 3919 1071 3971 cunctas
1102 3914 1517 3970 concremabat
1545 3929 1560 3968 :

371 4020 498 4076 qua:
529 4019 623 4060 res
654 4020 682 4060 e
716 4005 864 4060 mari
897 4003 1101 4077 procul
1135 4008 1398 4077 spectata
1429 4001 1614 4074 Italis,

370 4093 583 4149 horum
607 4093 870 4150 cohibuit
900 4094 1206 4164 impetum,
1238 4093 1520 4166 dispersit
1559 4093 1832 4160 classem,

366 4190 460 4248 Sic
491 4192 563 4247 ad
594 4191 922 4249 Romanum
951 4191 1125 4248 rediit
1154 4191 1470 4264 imperium

367 4280 904 4354 Constantinopolis
935 4281 1170 4337 urbium
1202 4281 1422 4352 regina,

373 4369 696 4427 Indictione
726 4375 960 4442 quarta,
991 4371 1133 4427 Julii
1165 4371 1392 4428 mensis

368 4457 578 4530 quinta
608 4475 788 4530 supra
813 4460 1152 4516 vicesimam
1188 4459 1424 4516 labente
1453 4459 1566 4514 die.

369 4543 524 4602 anno
555 4563 622 4602 ex
652 4564 765 4618 quo
794 4549 1052 4605 mundus
1084 4549 1200 4606 Deo
1233 4554 1467 4606 creante
1493 4549 1668 4621 coepit

366 4634 787 4692 sexmillesimo
818 4641 875 4693 et
903 4637 1442 4710 septingentesimo.

369 4728 764 4796 praetereaque
786 4742 939 4782 nono
967 4730 1024 4782 et
1049 4728 1430 4801 sexagesimo.

368 4813 489 4868 Sub
519 4812 798 4870 Italorum
820 4815 1081 4871 hostium
1115 4816 1396 4872 dominio.

368 4901 801 4974 quinquaginta
828 4909 886 4961 et
915 4909 1044 4961 octo
1075 4922 1260 4962 annos
1291 4907 1500 4963 fuerat.

365 5000 654 5058 Nimirum
685 5003 800 5060 Deo
832 5003 1102 5061 collibuit
1131 5009 1195 5061 ut
1223 5005 1592 5063 Constantini

367 5090 630 5146 omnium
661 5091 880 5165 linguis
911 5092 1204 5151 celebrata
1232 5094 1436 5152 civitas

366 5195 498 5234 vere
529 5181 736 5237 mundi
769 5183 1121 5239 miraculum
1154 5189 1211 5240 et
1233 5201 1513 5257 magnum
1544 5184 1722 5240 decus

361 5267 708 5326 liberaretur
735 5271 1071 5328 Latinorum
1103 5274 1411 5345 tyrannide

363 5359 668 5430 nostrique
697 5360 929 5434 imperii
960 5379 1168 5419 rursus
1198 5363 1407 5419 ditioni
1439 5361 1756 5419 accederet.

359 5447 608 5504 Michael
639 5448 963 5522 imperator
991 5455 1132 5507 tunc
1163 5451 1466 5509 diversans

360 5537 431 5591 ad
463 5537 807 5594 Meteorium
839 5539 1029 5597 audiit
1060 5545 1301 5613 repente

361 5623 639 5682 nuntium
667 5642 955 5684 remoram
984 5627 1284 5702 voluptate
1314 5628 1554 5704 plenum

3209 510 3551 585 .

3284 601 3431 672 ,

2111 688 2256 742 9480
2497 687 2666 758 ,
2806 709 2956 766 ,

3103 779 3316 852 ,

2802 861 3166 938 ,

3088 954 3402 1025 ,

2115 1145 2258 1199 9485

3031 1499 3366 1573 ,

2117 1588 2260 1643 9490

3284 1861 3517 1933 ,

2115 2045 2261 2100 9495
3187 2044 3382 2102 .

3354 2133 3555 2205 ,

3074 2224 3476 2299 ,

3271 2399 3461 2472 ,

2116 2492 2258 2548 9500
2630 2488 2827 2558 ,

3333 2668 3502 2731 .

2811 2841 2989 2918 ,
3338 2845 3502 2922 ,

2119 2938 2263 2993 9505
3231 2935 3454 3010 ,

3281 3022 3508 3100 .

2043 3121 2086 3188 C

3231 3202 3462 3277 ,

3307 3289 3566 3369 .

2119 3393 2260 3448 9510

3293 3475 3535 3555 .

3373 3658 3560 3732 ,

3224 3747 3408 3822 ,

2119 3839 2262 3896 9515

3090 4016 3379 4091 ,

2783 4106 2884 4161 .
3247 4103 3466 4160 *

2121 4286 2262 4341 9520

3173 4372 3317 4442 ,

2045 4493 2095 4558 D
3157 4461 3412 4532 ,

2301 4554 2497 4614 "Exeo:

2121 4741 2264 4797 6525
3288 4735 3431 4796 .

2119 5185 2262 5239 9530

3151 5363 3360 5441 ,

2116 5627 2259 5688 9535
2834 5650 2918 5688 .

3689 295 3806 350 348
