4104 6204
314 272 433 328 349

508 396 653 468 Πρὸς
675 395 1019 469 κασιγνήτης
1050 391 1318 471 φιλτάτης
1350 394 1646 471 Εὐλογίας,

504 484 597 545 Ὠς
624 484 727 553 τὴν
766 480 1141 558 περιλάλητον
1177 484 1341 537 ἅπασι
1370 482 1534 538 πόλιν

505 570 884 645 Περιπολοῦσι
916 570 985 626 τὰ
1014 571 1178 647 στίφη
1210 577 1320 626 τῶν
1352 572 1632 629 Αὐσόνων·

512 662 627 717 Εἶτ’
659 658 902 736 ἄγγελός
932 681 1017 723 τις
1049 658 1121 715 ὢν
1155 663 1351 731 Θεατὴς
1380 664 1715 738 πραγμάτων

323 754 473 808 9540
513 752 725 815 Ἐλθὼν
768 755 952 824 σαφῶς
982 747 1212 824 ἤγγειλε
1239 753 1306 805 τά
1334 752 1707 827 πεπραγμένα·

511 840 663 898 Μετὰ
696 839 752 894 δὲ
788 840 983 913 μικρὸν
1012 840 1104 894 καὶ
1137 837 1478 916 λατινάρχου
1510 842 1701 920 στέφος

510 927 699 984 Πέδιλ’
732 927 941 1004 ἐρυθρὰν
961 929 1051 983 καὶ
1092 926 1369 1002 βασιλειον
1404 930 1554 1004 ξίφος

513 1017 811 1092 Κομίζεται
853 1015 920 1086 δὴ
958 1016 1177 1090 βασιλεῖ
1203 1023 1310 1072 τῶν
1347 1018 1621 1075 Αὐσόνων·

508 1112 609 1171 "Oc
641 1106 709 1178 δὴ
740 1108 987 1183 ταχύνας
1017 1104 1428 1182 καταλαμϐάνει
1460 1110 1623 1165 πόλιν

321 1200 477 1255 9545
513 1198 613 1253 Καί
645 1218 753 1253 που
782 1199 1193 1267 κατεσκήνωσεν
1226 1199 1398 1268 αὐτῆς
1427 1197 1690 1269 πλησίον.

510 1285 623 1343 Εἶτ’
653 1282 957 1350 ἀναϐάντος
986 1287 1081 1340 τοῦ
1114 1284 1386 1361 προέδρου
1418 1288 1658 1357 Κυζίκου

513 1375 607 1436 Εἷς
641 1396 768 1430 τινα
797 1374 1019 1451 πύργων
1050 1376 1155 1444 τῆς
1181 1375 1364 1445 πύλης
1392 1374 1649 1451 χρυσέας,

513 1465 685 1536 Αὐτῷ
714 1485 981 1533 συνουσης
1015 1464 1227 1526 εἲκόνος
1260 1460 1560 1538 σεϐασμίας

512 1557 627 1624 Τῆς
664 1551 1080 1628 μητρανάνδρου
1110 1554 1200 1608 καὶ
1232 1557 1580 1627 πανυμνήτου
1614 1554 1811 1631 Κόρης,

324 1645 477 1700 9550
513 1644 606 1704 Ὠς
642 1644 717 1714 μὴ
749 1642 1020 1717 παρόντος
1049 1642 1313 1715 ποιμένος
1345 1642 1678 1713 Βυζαντίδος

517 1735 635 1803 Θεῷ
664 1733 708 1785 τ’
740 1730 1154 1804 ἀναπίμποντος
1187 1731 1352 1807 εὐχὰς
1384 1733 1624 1807 Δεσπότῃ

516 1821 709 1877 Πίπτει
746 1820 1001 1896 βασιλεὺς
1030 1820 1316 1897 ἀκαλυφής
1346 1821 1421 1883 εἰς
1451 1822 1646 1896 χθόνα,

518 1912 717 1971 Πάντες
745 1930 805 1964 τι
836 1909 1235 1982 συμπίπτουσιν
1266 1910 1414 1983 αὐτῷ
1442 1911 1693 1970 κατόπιν.

512 2000 663 2054 Μετᾶ
696 1996 754 2053 δὲ
785 2002 1186 2076 συμπηήρωσιν
1219 1999 1594 2075 εὐχαριστίας,

326 2091 482 2146 9555
520 2086 763 2157 Εἷσῆλθε
792 2086 976 2159 πύλην
1012 2090 1241 2163 χρυσέαν
1274 2091 1616 2167 στεφηφόρος

514 2180 659 2252 Πεζῇ
696 2176 931 2253 βαδίζων
964 2176 1016 2239 ἐς
1053 2180 1223 2251 μονήν
1250 2183 1347 2232 τοῦ
1382 2176 1666 2251 Στουδίου,

518 2270 709 2342 Ἔχων
740 2264 1003 2338 σεϐαστήν
1040 2269 1518 2324 εῗκόντΘεοτόκου

514 2357 862 2431 Ἔμπροσθεν
896 2357 1145 2429 ἡγμὲνην
1176 2376 1234 2411 τε
1258 2355 1347 2410 καὶ
1376 2358 1723 2430 τιμωμένην·

516 2445 685 2500 Κάκεῖ
716 2442 999 2507 λελοιπὼς
1025 2444 1207 2500 εἰκόνα
1233 2440 1547 2518 σεϐασμίαν,

328 2537 483 2591 9560
522 2536 777 2609 Ἐφππος
796 2536 927 2603 ἧκεν
963 2533 1039 2596 εἰς
1070 2539 1204 2589 Θεοῦ
1241 2537 1345 2589 νεὼ
1380 2534 1568 2609 μέγαν·

517 2626 623 2679 Καῖ
652 2625 1059 2699 προσκυνήσας,
1093 2622 1492 2698 εὐχαριστήσας
1523 2625 1636 2697 ἅμα

518 2716 613 2785 Τῷ
643 2714 1074 2787 πανσθενουργῷ,
1106 2718 1502 2789 θαυματουργῷ
1525 2714 1784 2789 Δεσπότῃ,

521 2802 676 2859 Μετᾶ
704 2809 1048 2879 προπομπῆς
1085 2802 1378 2879 βασιλικῆς
1405 2803 1495 2857 καὶ
1519 2803 1730 2878 κρότων

522 2891 764 2958 Εἷσῆλθε
793 2892 1004 2969 χαίρων
1029 2891 1105 2954 εἰς
1139 2892 1434 2968 ἀνάκτορον
1467 2893 1626 2968 μέγα.

326 3063 436 3120 Καὶ
464 3066 859 3139 ποιμεναρχῷν
888 3061 980 3117 τὸν
1027 3061 1329 3137 κατάλογον
1375 3061 1564 3139 σκόπει
1609 3066 1815 3139 Ρώμης
1851 3064 1991 3137 νέας,

730 3133 1004 3207 Βελτιστε,
1031 3141 1132 3205 τῆς
1175 3133 1600 3193 Κώνσταντίνου.

317 3254 478 3309 9565
506 3252 568 3305 Ἢ
598 3251 1001 3326 πρωτόκλητος
1035 3248 1292 3327 Ἀνδρέας
1314 3251 1638 3307 ἀποστόλων

515 3345 626 3407 Τῆς
658 3333 922 3403 εὐςεϐείας
958 3337 1394 3415 ἐγκατασπείρων
1429 3339 1623 3415 σρόρον

519 3430 652 3489 Τοῖς
686 3433 972 3490 Ποντικοῖς
1004 3427 1235 3501 κλίμασι
1266 3428 1357 3483 καὶ
1392 3429 1642 3492 Βιθυνίας

518 3514 664 3589 ’0δῷ
692 3518 927 3590 προϊὼν,
957 3519 1049 3572 καὶ
1080 3515 1376 3586 Βυζαντίὸα
1406 3518 1613 3595 φθάνει·

515 3608 617 3662 Ἦν
651 3602 946 3681 φαιδρύνας
979 3602 1243 3682 δόγμασιν
1266 3605 1448 3669 ἐνθέου
1481 3605 1671 3683 Λόγου,

318 3698 476 3754 9570
512 3697 729 3770 Χριστῷ
758 3696 805 3749 τ’
837 3694 1050 3770 ἀγείρας
1076 3691 1306 3750 εὐσεϐῶν
1341 3693 1632 3766 ἐκκλησίας

515 3784 821 3859 Εὐκτήριον
848 3785 1037 3856 τεύξας
1065 3806 1124 3840 τε
1151 3790 1269 3847 τοῖς
1299 3792 1519 3846 πιστοῖς
1550 3782 1718 3858 δόμον

516 3875 607 3929 Ἐν
635 3870 980 3947 Χρυσοπόλει
1009 3876 1079 3947 τῇ
1111 3872 1427 3948 κεκλημένῃ
1452 3873 1635 3942 πόλει⁹

514 3962 845 4019 Ἐπίσκοπον
876 3962 1089 4033 τίθησιν
1117 3963 1169 4018 έν
1202 3963 1369 4037 ταύτῃ
1400 3965 1616 4038 Στάχυν
1649 3965 1786 4037 (87),

1873 277 2233 333 ΟΕΒΔΒΕΒ.

2022 399 2075 467 Α
2108 400 2476 474 signiﬁcante
2510 404 2665 460 dulci
2690 418 2885 460 sorore
2917 400 3191 472 Eulogia;

2110 508 2321 563 nempe
2349 495 2503 565 quod
2536 494 2742 549 urbem
2776 493 2935 548 orbis
2968 489 3433 546 famosissimum

2099 580 2225 650 jam
2259 587 2644 654 occupassent
2673 581 2913 654 agmina
2944 582 3222 636 Romana.

2104 670 2326 726 Deinde
2356 672 2602 727 nuntius
2635 672 2737 743 qui
2770 675 3062 742 spectator
3091 670 3300 739 fuerat,

2105 760 2293 814 adfuit
2322 777 2465 831 pure
2495 766 2718 832 gestam
2751 777 2871 816 rem
2905 758 3264 831 signiﬁcans.

2106 848 2236 903 Mox
2265 848 2524 921 insignia
2552 850 2792 906 Caesaris
2823 848 3036 916 Latini,

2107 953 2406 1006 coronam,
2438 941 2648 995 rubros
2674 939 2920 1005 calceos,
2955 938 3180 1009 regium
3212 951 3435 1006 ensem,

2106 1025 2283 1082 allata
2316 1032 2515 1084 noster
2545 1028 2867 1099 imperator
2896 1025 3126 1097 accipit,

2108 1116 2210 1187 qui
2244 1118 2680 1189 properandum
2716 1116 2947 1173 censuit
2975 1116 3045 1171 ad
3079 1114 3309 1179 urbem,

2106 1222 2211 1261 nec
2243 1206 2444 1278 procul
2476 1207 2576 1262 illa
2605 1207 2912 1263 stationem
2942 1204 3114 1275 cepit.

2104 1297 2232 1349 Mox
2264 1297 2404 1366 quia
2435 1296 2691 1365 Byzantii
2720 1293 3054 1367 patriarcha
3082 1292 3281 1348 aberat

2105 1384 2292 1456 Cyzici
2323 1385 2570 1441 antistes
2603 1384 2852 1440 contulit
2881 1400 2943 1439 se
2973 1382 3031 1437 in
3055 1381 3266 1437 turrim

2107 1490 2234 1544 quae
2267 1490 2445 1545 super
2475 1490 2651 1530 aurea
2689 1479 2855 1546 porta
2887 1471 3159 1527 sublimis
3190 1470 3428 1538 eminet,

2106 1562 2299 1618 delata
2328 1579 2528 1619 secum
2559 1564 2891 1618 veneranda
2922 1562 3178 1631 imagine

2105 1655 2196 1706 ter
2223 1651 2490 1723 gloriosae
2522 1651 2781 1724 Virginis
2805 1650 3080 1722 Deiparae,

2028 1756 2074 1821 Β
2106 1741 2306 1812 ibique
2338 1758 2529 1796 sacras
2554 1741 2804 1796 Domino
2840 1738 3057 1810 peregit
3085 1753 3304 1808 preces.

2106 1830 2346 1885 Interim
2375 1831 2530 1885 nudo
2562 1830 2747 1901 capite
2791 1828 3106 1901 procubuit
3127 1826 3293 1881 humi

2101 1918 2394 1991 princeps,
2428 1918 2722 1990 simulque
2753 1916 2943 1973 omnis
2969 1915 3281 1988 procubuit
3312 1912 3582 1986 populus.

2100 2008 2356 2064 Peractis
2379 2012 2574 2064 autem
2610 2008 2851 2064 Domino
2884 2007 2992 2061 rite
3022 2003 3247 2076 gratiis,

2101 2102 2328 2169 portam
2360 2098 2686 2169 ingreditur
2718 2099 3032 2168 imperator
3061 2099 3336 2161 Auream,

2102 2187 2369 2256 pedester
2396 2202 2643 2257 pergens
2674 2186 2746 2241 ad
2777 2183 3107 2241 emnobium
3129 2181 3345 2247 Studii,

2101 2280 2331 2330 sectans
2364 2280 2677 2346 augustam
2708 2274 2967 2345 Deiparaa
3004 2271 3323 2343 imaginem

2102 2381 2215 2434 prae
2248 2380 2310 2419 se
2340 2368 2627 2435 gestatam
2658 2362 3008 2435 hymnisque
3039 2360 3410 2417 celebratam.

2102 2452 2242 2507 Exin
2278 2451 2475 2507 relicta
2505 2451 2577 2507 ad
2612 2452 2887 2508 Studium
2919 2449 3196 2522 imagine,

2106 2556 2286 2611 eques
2318 2540 2388 2594 ad
2421 2541 2604 2595 eadem
2637 2540 2738 2595 Dei
2770 2540 3061 2612 processit
3092 2537 3430 2607 maximam,

2104 2629 2204 2684 ubi
2238 2630 2476 2685 adorato
2507 2629 2676 2684 altari
2707 2633 2764 2684 et
2795 2628 3001 2701 gratiis
3042 2628 3189 2683 actis

2103 2719 2491 2791 omnipotenti
2524 2718 2861 2791 prodigiose
2893 2718 2978 2773 Nu
2992 2716 3158 2783 mini,

2102 2824 2236 2863 eum
2268 2807 2426 2880 regia
2457 2825 2694 2881 pompa,
2728 2807 3035 2878 plausibus
3067 2803 3583 2875 concrepantibus,

2105 2897 2551 2969 imperatorium
2583 2896 2750 2953 laatus
2786 2896 3070 2968 palatium
3104 2894 3271 2950 adiit.

3652 278 3762 334 350

2180 3065 2656 3123 Patriarcharum
2699 3066 2883 3135 accipe
2929 3080 3077 3118 nunc
3106 3061 3424 3135 catalogum
3452 3059 3684 3115 novellae

2533 3139 2718 3194 Romae
2756 3134 3324 3205 ϐόηδιαηιίηοροιεοδ.

2105 3253 2518 3325 Apostolorum
2551 3254 2810 3307 Andreas
2842 3249 3201 3323 protocletus

2109 3345 2248 3399 dum
2283 3341 2582 3413 religionis
2612 3357 2743 3397 vere
2774 3356 2974 3396 semen
3010 3342 3314 3411 spargeret

2110 3449 2214 3504 per
2245 3432 2407 3487 Ponti
2437 3430 2704 3503 regiones
2739 3447 2805 3486 ac
2837 3428 3124 3501 Bithynia:

2110 3521 2260 3578 ultra
2284 3537 2631 3593 progressus
2653 3519 2917 3592 pervenit
2947 3517 3294 3591 Byzantium
3321 3535 3334 3583 ;

2108 3626 2282 3681 quam
2314 3626 2449 3666 cum
2478 3610 2674 3665 divino
2705 3610 2880 3665 verbo
2914 3608 3275 3664 illustrasset
3307 3604 3513 3660 urbem

2107 3704 2164 3755 et
2192 3698 2560 3756 conflavisset
2586 3698 2817 3755 Christo
2847 3697 3212 3755 credentium
3245 3698 3481 3751 coetum.

2107 3790 2290 3845 aedem
2320 3788 2523 3845 orandi
2554 3804 2734 3844 causa
2766 3788 2876 3857 piis
2919 3785 3193 3841 ﬁdelibus

2107 3877 2412 3932 aedificavit
2443 3876 2707 3949 proxima
2738 3876 2797 3931 in
2828 3874 3192 3947 Chrysopoli,

2106 3966 2527 4036 constituitque
2553 3965 2895 4037 episcopum
2930 3964 3010 4018 ibi
3043 3962 3299 4033 Stachyn

513 4055 651 4109 ’Ένα
684 4057 935 4125 μαθητῶν
968 4048 1349 4125 ἑϐδομήκοντα
1380 4052 1584 4127 Λόγου·

317 4143 477 4198 9575
514 4142 615 4203 ’Ός
647 4142 921 4215 ποιμάνας
953 4142 1240 4216 θρέμματα
1268 4141 1454 4205 καλῶς
1486 4140 1777 4213 Δεσπότου,

2107 4057 2178 4112 de
2207 4054 2583 4128 septuaginta
2606 4052 2916 4125 discipulis
2948 4067 3129 4106 unum
3167 4066 3180 4105 :

2109 4144 2208 4218 qui
2242 4142 2654 4200 administrate
2680 4145 2838 4198 recte
2868 4156 3043 4214 grege
3072 4137 3327 4206 Domini,

2101 4328 2167 4381 ut
2197 4325 2281 4392 fit,
2334 4322 2519 4379 nimio
2560 4336 2782 4388 amore,
2830 4321 2919 4377 vel
2968 4322 3041 4377 ob
3089 4320 3232 4376 falsa
3282 4316 3753 4392 exaggerandum

2105 4389 2401 4470 Byzantini
2458 4394 2835 4470 episcopatus
2892 4393 3328 4470 antiquitatem“,
3365 4394 3589 4470 contra
3644 4389 3754 4470 Bo:-

2104 4461 2287 4547 rri'anzs
2347 4461 3415 4547 Ecclesiaan'preerogativas,.conﬁcta
3467 4461 3598 4515 fuit.
3655 4464 3754 4547 .E'J'st

2099 4541 2280 4609 igitur
2342 4539 2570 4609 primus
2622 4530 2895 4609 Byzantii
2942 4535 3227 4609 indubius
3284 4534 3595 4609 episcopus
3639 4530 3754 4609 ille

2097 4602 2511 4682 Metrophanes
2544 4608 2653 4663 sub
2669 4602 3065 4682 :Qo‘nstantino
3096 4602 3374 4682 Magno—5
3424 4602 3510 4658 vel
3536 4602 3751 4682 potius

2101 4684 2211 4739 sub
2243 4674 2454 4738 severo
2487 4680 2633 4750 imp.
2668 4679 3106 4750 Philadelphus,
3160 4674 3501 4750 secundum
3533 4674 3754 4750 Simeo-

2094 4772 2231 4811 nem
2265 4746 2723 4823 Metaphrastem
2763 4767 2776 4804 :
2812 4746 3001 4821 neque
3053 4750 3208 4823 enim
3259 4746 3539 4823 credibile
3588 4746 3747 4823 vide-

2092 4832 2190 4882 tur
2238 4817 2581 4897 Byzantium
2638 4822 2793 4897 haud
2849 4817 3168 4897 ignobilem
3228 4822 3441 4897 urbem
3491 4817 3755 4897 caruisse

2093 4888 2367 4970 episco'po
2399 4909 2588 4970 usque
2618 4895 2688 4970 ad
2714 4888 3067 4949 novae'urbis
3101 4895 3497 4970 fundatorem,
3528 4888 3613 4970 vel
3641 4906 3747 4959 po-

2091 4960 2210 5025 ti'us
2240 4960 2453 5023 veteris
2491 4960 2910 5036 'ampliatorem
2963 4983 3241 5038 magnum
3275 4960 3748 5038 Constantinum.

2084 5038 2465 5110 Philadelpho
2520 5033 2620 5092 dat
2642 5033 3089 5110 successorem-
3113 5036 3501 5107 Metaphasles
3558 5033 3742 5110 Euge-

2093 5113 2295 5179 nium;
2330 5103 2469 5166 huic
2529 5108 2834 5179 Rufinum,
2866 5109 3119 5180 denique
3150 5103 3361 5164 Ruﬁno
3410 5103 3742 5180 Metropha-

2094 5202 2248 5242 nem.
2283 5176 2649 5239 Constantini
2680 5197 2797 5235 arvo
2817 5176 2827 5179 ἡ
2847 5176 3159 5236 viventem.
3196 5181 3321 5236 Non
3345 5176 3613 5249 agnoscit
3636 5191 3741 5249 au-

2086 5261 2204 5312 tem
2236 5261 2362 5311 tum
2421 5251 2554 5309 falsi
2607 5251 2876 5307 Dorothei
2936 5258 3063 5308 tum
3124 5254 3295 5308 etiam
3349 5244 3475 5321 ejus
3508 5244 3741 5321 asseclae

2085 5327 2396 5398 Ephraemii
2450 5324 2753 5396 catalogus
2799 5324 2906 5380 hos
2951 5325 3256 5396 episcOpus
3286 5318 3737 5398 Plﬁladpiphqm,

2084 5394 2388 5471 Eugenium
2418 5403 2476 5471 et
2504 5394 2765 5471 Ruﬁnum
2786 5413 2808 5457 ,'
2859 5394 3008 5471 quos
3036 5394 3239 5471 tam—en
3262 5394 3441 5471 _solos
3488 5394 3733 5470 Maurini

2084 5467 2355 5528 monachi
2414 5470 2473 5524 in
2536 5485 2644 5524 sua
2704 5468 3085 5539 chronologia
3134 5467 3451 5539 prudenter
3481 5467 3735 5539 scripse-

2082 5547 2273 5599 runt:
2327 5542 2589 5612 itemque
2642 5540 2715 5595 ab
2768 5538 2862 5597 his
2911 5534 3105 5597 tribus
3134 5534 3480 5609 'Lequinius
3524 5534 3731 5587 seriem

2082 5629 2252 5671 suam
2286 5610 2604 5670 exorditur.

403 4322 630 4398 (87)_Be
659 4320 1562 4398 Byzantinorumepiscoporum
1618 4326 1754 4398 ante
1805 4327 1991 4381 Cons-
2019 4334 2066 4398 D

316 4394 769 4480 tapt‘ini‘Magni
799 4395 1225 4480 atatem-falsa.
1243 4394 1413 4480 serie,
1465 4415 1499 4453 a
1551 4397 1769 4480 Stachy
1804 4412 1992 4480 usque

316 4467 401 4522 ad
434 4466 709 4539 Probum,
745 4465 885 4539 satis
916 4471 1125 4537 praeter
1154 4466 1300 4523 alios
1332 4469 1615 4525 disseruit
1664 4465 1989 4539 Le’quinius

316 4539 383 4592 in
424 4537 661 4593 Orientis
694 4537 1005 4593 Christiani
1035 4542 1192 4592 tomo
1224 4540 1434 4609 primo.
1497 4540 1615 4595 Hoc
1658 4537 1813 4597 certe
1863 4558 1985 4597 rec-

315 4611 567 4685 tissime
597 4608 1412 4685 di_citur,suppositumillum
1432 4612 1722 4685 Dorotheo
1745 4613 1987 4685 martyri

312 4680 619 4755 libellum,
651 4680 712 4755 in
735 4696 851 4751 quo
885 4680 1161 4751 praedicta
1192 4682 1372 4738 series
1426 4683 1793 4755 proponitur,
1827 4680 1983 4739 haud

315 4757 468 4827 ante
499 4753 784 4827 Photiana
816 4757 1077 4827 tempora
1120 4754 1304 4810 fuisse
1336 4753 1649 4810 conﬁctum
1678 4770 1690 4820 ;
1725 4755 1984 4827 quando-

315 4824 659 4897 quidem_et
692 4823 788 4878 ille
818 4822 1269 4897 Byzantinnrum
1316 4822 1977 4897 episcoporum'catalo-

316 4893 463 4967 gus,
497 4895 598 4966 qui
630 4912 661 4967 a
693 4910 785 4949 me
816 4893 881 4948 iu'
916 4894 1276 4952 collectionis
1332 4893 1623 4952 Vaticanis
1686 4896 1985 4953 volumine

312 4966 517 5040 primo
550 4966 826 5040 recitatus
858 4971 946 5021 est
977 4967 1186 5023 seriem
1222 4967 1382 5023 illam
1414 4970 1681 5040 ignorat;
1729 4970 1865 5040 quia
1894 4971 1982 5023 vi-

311 5038 536 5093 delicet
566 5040 618 5095 is
642 5038 944 5109 catalogus
976 5045 1275 5095 auctorem
1326 5038 1606 5097 Pho'tiano
1662 5039 1982 5096 schismate

308 5110 839 5183 senioremibabet.
880 5110 1107 5183 Desinit
1136 5113 1292 5168 enim
1344 5114 1401 5168 in
1461 5112 1754 5168 Methodio
1787 5114 1830 5177 Ι,
1862 5113 1966 5183 qui

309 5187 593 5255 sanetum
623 5182 792 5237 illum
832 5182 1128 5255 Ignatium
1168 5184 1484 5255 praecessit,
1538 5188 1741 5239 contra
1793 5199 1969 5254 quem

312 5254 591 5327 Photius
625 5253 1329 5327 tyrannusdebacchatus
1380 5261 1489 5312 est.
1547 5253 1971 5327 Ephraam’ium,

316 5325 927 5398 praesentis‘catalogi
984 5333 1305 5398 auctorem,
1366 5325 1744 5385 schismatico
1794 5328 1978 5383 fuisse

308 5396 723 5479 anim_o,_s.atis
753 5396 1165 5479 cognoscimus
1190 5415 1260 5479 ιςξι
1289 5396 1469 5479 Αιρξίί
1503 5400 1600 5479 I_II,
1653 5398 1970 5479 Theodori-

308 5486 431 5543 que
465 5472 511 5535 Ι,
545 5468 719 5543 Vitis.
752 5470 807 5543 Is
837 5468 1039 5543 igitur,
1074 5474 1137 5523 ut
1168 5470 1262 5543 alii
1298 5472 1453 5540 paris
1500 5470 1792 5543 dogmatis
1842 5487 1969 5542 par-

310 5541 592 5613 tiumque
624 5540 804 5596 Graci
832 5539 1046 5595 seriem
1078 5539 1439 5612 prtedictam,
1473 5539 1662 5613 invi-ta,
1702 5539 1974 5613 licet've-

304 5610 511 5682 ritate;
541 5626 660 5669 non
692 5614 783 5667 est
809 5610 1159 5682 aspernatus
1186 5628 1203 5686 ε
1236 5624 1365 5686 quae
1398 5611 1489 5672 vel
1518 5612 1719 5688 patria
1749 5610 1970 5686 gloriae,
