4004 6200
203 315 307 373 353

366 438 716 511 Λυμαντικὸς
745 434 914 498 λύκος
931 456 1040 505 τις,
1076 436 1137 492 ού
1167 435 1387 511 νομεὺς,
1421 436 1567 503 ὅλως

368 526 805 604 Ηαρεισφθαρεὶς
836 520 993 582 ἔλαθε
1023 524 1232 602 ποίμνῃ
1267 528 1561 583 Δεσπότου’

200 620 333 675 9635
369 618 467 673 Ὀν
496 615 773 676 ἀπελάσας
807 616 1181 679 Κωνστάντιος
1202 620 1300 671 τοῦ
1328 616 1523 697 θρόνου

372 707 450 760 Δι’
481 704 574 767 οῦς
606 726 668 779 γε
698 703 1065 779 προύξὲνησεο
1098 702 1317 767 ἀδίκους
1346 705 1566 785 ιρόνους,

366 795 466 852 Καὶ
505 794 723 867 μᾶλλον
758 796 949 867 οἷσπερ
983 795 1129 869 ίερον
1161 796 1365 871 πατρὸς
1397 796 1549 851 νὲκυν

365 884 738 956 Ἀνακομίσας
772 880 924 937 ὦπτο
955 888 1085 937 νποοῦ
1113 883 1378 959 Κηρύκων

368 972 461 1034 Εἷς
496 971 754 1029 Ἀκακίου
792 971 1068 1048 μάρτυρος
1101 974 1245 1027 θεῖον
1281 971 1473 1048 δόμον,

194 1064 326 1118 ὥω
364 1059 591 1131 ’Άδοξον
626 1058 888 1133 Εὖδόξιον
924 1062 1139 1136 Ἀρείου
1172 1062 1332 1137 φίλον

368 1152 751 1221 Ἀντικάθιστᾷ
783 1148 948 1204 λύκον
983 1150 1098 1205 ἀντὶ
1132 1153 1415 1225 ποιμένος·

366 1241 463 1301 "0:.
495 1238 781 1314 τυγχάνων
813 1237 1084 1315 πρόεδρος
1116 1241 1525 1314 Γερμανικείας,

361 1330 494 1385 Εἶτα
522 1328 819 1403 κατασχὼν
852 1328 1203 1403 Ἀντιοχείας
1233 1330 1443 1405 θρόνον,

364 1417 541 1479 Τὲλος
572 1421 827 1492 τυραννεῖ
856 1416 948 1471 καὶ
980 1419 1171 1493 θρόνον
1205 1417 1556 1488 Βυζαντίδος.

188 1517 322 1571 9645
361 1516 504 1589 Πρὸς
530 1512 716 1570 τοῖσδε
746 1514 1072 1589 Δημόφιλος
1104 1516 1311 1589 μύστης
1344 1515 1559 1591 Ἀρείου

361 1603 694 1665 Ἐπίσκοπός
725 1625 809 1667 τις
838 1603 1086 1680 Βερρόης
1114 1612 1214 1675 τῆς
1244 1605 1295 1659 ἐν
1322 1606 1503 1680 Θρᾴκῃ

359 1694 689 1754 Metu-reﬁci:
720 1689 929 1768 ᾔσχυνε
950 1694 1052 1761 τὴν
1084 1692 1401 1769 προεδρίαν,

354 1780 539 1857 Ούπερ
567 1784 630 1837 τὸ
669 1783 822 1857 βιοῦν
855 1781 1290 1857 ἐκμετρησαντος
1326 1784 1500 1859 μόρῳ,

352 1870 623 1947 Εύάργιός
649 1893 733 1933 τις
765 1868 1085 1946 ὀρθοδοξίας
1110 1870 1269 1949 φίλος

186 1962 321 2016 9650
358 1958 663 2035 Προεδρίαν
696 1959 893 2039 εἴληφε
922 1967 1023 2030 τῆς
1056 1963 1462 2017 Κωνσταντίνου

359 2050 503 2123 Πρὸς
536 2050 835 2104 Εύσταθῖου
862 2056 1202 2127 μακαριστοῦ
1233 2051 1518 2125 ποιμένος,

353 2142 539 2202 Ὅστις
570 2140 709 2215 πρὸς
734 2139 1040 2201 Οὐάλεντος
1062 2140 1267 2211 ἐξώσθη
1300 2142 1515 2215 Θρόνου,

366 2225 526 2297 Μηδὲ
561 2228 743 2304 βραχύ
767 2250 821 2283 τι
850 2233 949 2283 τοῦ
983 2228 1201 2304 λάχους
1230 2229 1577 2305 γεγευμένος,

358 2318 488 2373 Εἶτα
508 2317 750 2389 προέστη
784 2318 1032 2391 κοσμίως
1061 2316 1392 2390 Ἐκκλησίας

184 2408 317 2463 9655
352 2408 415 2464 Ὀ
440 2409 717 2484 γρῆγορος
742 2412 895 2473 νοῦς,
918 2411 952 2477 ἡ
980 2408 1242 2481 θεηγόρος
1272 2406 1411 2483 λύρα

351 2499 470 2567 Θεῷ
497 2497 745 2565 κινηθεὶς
777 2496 915 2571 πρὸς
943 2491 1266 2572 κυϐέρνησιν
1301 2497 1521 2572 θρόνου,

354 2590 536 2647 Ὀστις
567 2582 767 2655 ἀνέτλη
805 2585 1031 2659 μυρίους
1057 2585 1186 2647 τοὺς
1225 2584 1511 2648 κινδύνους

353 2676 719 2750 ’Υπερμαχῶν
749 2675 1023 2730 κάλλιστα
1049 2682 1149 2744 τῆς
1178 2675 1528 2747 Ἐκκλησίας’

353 2766 470 2837 Ἐφ’
505 2764 567 2817 οὗ
600 2765 826 2834 συνέστη
860 2764 998 2819 κατὰ
1020 2762 1359 2821 Μακεδονίου

185 2859 321 2916 9660
359 2862 670 2935 Ἀθροισμα
703 2862 898 2916 σεπτὸν
931 2860 1158 2917 συνόδου
1184 2869 1285 2932 τῆς
1316 2860 1566 2937 δευτέρας

373 2956 460 3004 Ἕν
495 2948 741 3025 βασιλιδι
770 2954 839 3024 τῇ
874 2952 1286 3007 Κωνοταντίνου
1317 2951 1495 3007 πόλει.

350 3041 708 3115 Αῦθαιρὲτως
737 3039 936 3095 τούτου
970 3037 1027 3094 δὲ
1059 3040 1321 3104 λιπόντος
1347 3041 1535 3117 θρόνον

356 3130 418 3185 Ἡ
449 3127 678 3193 σύνοδος
709 3129 928 3204 χρίουσι
962 3131 1198 3203 ποιμὲνα
1226 3130 1385 3185 πόλει

348 3217 652 3293 Νεκτάριον
688 3216 982 3291 λάμποντα
1017 3217 1120 3292 βίῳ
1149 3221 1237 3273 καὶ
1270 3218 1441 3295 λόγῳ,

180 3309 315 3365 9665
355 3306 754 3381 Συγκλητικῶν
782 3328 839 3361 τε
873 3308 960 3361 καὶ
996 3305 1294 3382 περιδόξων
1334 3304 1450 3377 ἕνα,

354 3397 754 3471 Χριστώνυμον
787 3396 908 3468 μὲν,
943 3396 1190 3468 ἀμύητον
1222 3393 1268 3450 δ’
1298 3396 1481 3451 εἲσὲτι·

350 3488 449 3540 Ὃν
486 3486 598 3558 ἅμα
633 3485 972 3561 βαπτίζουσι,
1004 3485 1223 3561 χρίουσι
1258 3486 1445 3557 θύτην.

356 3576 546 3648 Οῦπερ
584 3574 1019 3647 μεταλλάξαντος
1059 3574 1264 3651 εύαγῶς
1301 3574 1438 3650 βίον,

354 3662 528 3725 Κλὲτς
561 3668 841 3737 μοναστῶν
876 3666 987 3737 ἅμα
1016 3664 1105 3719 καὶ
1139 3659 1517 3740 πρεσϐυτέρων

248 3755 317 3809 70
359 3755 553 3825 Στόμα
582 3755 645 3808 τὸ
675 3758 914 3829 χρυσοῦν
946 3756 981 3822 ἡ
1016 3751 1299 3815 Θεόσδοτος
1331 3755 1519 3829 χάρις,

350 3844 414 3899 ἸΙ
452 3847 559 3896 τῶν
592 3843 775 3917 λόγων
806 3842 1066 3912 θάλασσα,
1100 3842 1256 3920 φύσις
1286 3845 1320 3912 ἡ
1356 3842 1500 3913 ξένη,

352 3933 634 4005 Λαμπτήρ
666 3932 905 4005 καθάπερ
942 3932 1144 4006 ἀρετῶν
1174 3930 1408 4004 λάμπων
1444 3930 1563 4010 φάει

349 4022 444 4090 Ἐξ
478 4017 775 4095 Ἀντιόχου
804 4019 1145 4095 κατηύγασεν
1179 4020 1375 4082 ἐνθέως

351 4116 473 4179 Τῆς
502 4109 915 4166 Κωνσταντίνου
944 4110 1038 4164 τὸν
1070 4109 1394 4183 περικλυτὸν
1428 4110 1642 4185 θρόνον,

180 4209 317 4264 9675
356 4210 429 4265 Ἢ
469 4206 683 4279 μᾶλλον
718 4206 888 4262 εἰπεῖν
912 4208 1012 4275 τήν
1044 4206 1409 4282 τετράκλιμον
1440 4208 1615 4261 κτίσιν

355 4294 750 4357 Διδασκαλίαις
782 4293 1062 4373 ταιδρύνει
1093 4306 1232 4365 καθη
1245 4295 1427 4369 μέραν,

358 4383 712 4455 Οἳκουμένης
744 4382 906 4452 ἥλιος
937 4381 1009 4437 ὤν
1044 4384 1421 4460 ψυχοτρόφος.

348 4471 431 4529 Οὗ
464 4477 562 4526 τοῦ
595 4472 794 4541 θρόνου
824 4476 920 4549 φεῦ
957 4472 969 4528 Ι
1003 4471 1401 4533 ἀπελασθὲντος
1432 4468 1637 4546 φθόνῳ,

357 4561 456 4622 Εἷς
489 4558 534 4615 δ’
564 4558 893 4628 ἀλλοδαπὴν
925 4558 1325 4635 ἐκδιωχθέντος
1349 4560 1521 4635 χθόνα

178 4652 312 4707 9680
349 4652 463 4717 Τὴν
498 4648 548 4703 ἐν
583 4652 863 4721 Κομάνοις
889 4648 1125 4725 ἐσχάτην
1154 4649 1407 4724 ἐρημίαν,

349 4741 432 4797 Οῦ
467 4738 800 4811 μακαριστὸν
833 4734 963 4813 ἔσχε
991 4738 1081 4793 καὶ
1110 4740 1285 4813 τέρμα
1319 4738 1465 4813 βίου,

352 4828 596 4903 Γηραιὸς
625 4829 920 4901 Ἀρσάκιος
952 4825 1206 4903 ἔμψυχος
1243 4828 1399 4891 νὲκυς

356 4916 509 4985 Πρὸς
543 4914 832 4990 βασιλίδος
859 4915 1215 4991 ἐγκατεστάθη
1252 4916 1425 4990 θρόνῳ

355 5002 649 5075 Εύδοξίας,
684 5009 781 5081 φεῦ
808 5007 924 5066 οἷος
957 5000 1028 5058 ὤν
1068 5006 1204 5077 μετὰ
1230 5007 1347 5059 τίνα
1382 5007 1394 5061 l

181 5106 315 5161 W585
354 5105 495 5161 Μετ’
522 5103 682 5172 ἣλιον
724 5102 969 5175 ζόῳωσις
996 5102 1090 5157 εἶτ’
1119 5103 1375 5176 ἀκοσμία.

350 5193 570 5251 Τούτου
603 5194 1071 5267 καταστρέψαντος
1103 5193 1154 5248 ὲν
1189 5194 1364 5269 θρόνῳ
1399 5194 1535 5269 βίον,

352 5279 734 5358 Πρεσϐύτερός
768 5303 849 5344 τις
886 5277 1126 5351 εὐλαϐὴς
1153 5282 1483 5353 Ἐκκλησίας

344 5374 560 5441 Κλησιν
596 5372 869 5435 Ἀττικὸς,
901 5371 1195 5447 ἐμπρέπων
1230 5370 1357 5447 βίῳ,
1392 5372 1570 5447 λόγῳ,

346 5467 565 5537 Κοσμεῖ
595 5460 862 5537 καθίδραν
896 5464 1045 5539 ἱεράν
1079 5462 1427 5532 Βκζαντιδος.

180 5552 309 5610 95w
348 5555 487 5611 Μεθ’
527 5554 585 5607 ὅν
613 5573 701 5613 τις
736 5551 1004 5614 Σισίννιος
1037 5553 1174 5627 ἀνὴρ
1215 5547 1516 5625 πρεςϐύτης

350 5649 467 5713 Τῆς
497 5645 611 5698 κατ’
646 5640 864 5697 Ἐλαίαν
898 5636 972 5695 ὤν
1006 5642 1174 5712 Θύτης
1204 5640 1520 5713 ἐκκλησίας,

1730 320 2089 375 ΟΒΒΔΗΕΒ.

1880 444 1936 511 Α
1963 458 2159 507 vorax,
2192 459 2307 499 non
2341 449 2557 516 pastor,
2591 444 2688 500 ille
2719 445 3295 507 Pneumatomachus

1964 532 2024 586 in
2056 547 2291 604 gregem
2324 532 2557 588 Domini
2600 532 2932 589 clanculum
2967 534 3177 608 irrupit
3212 554 3226 593 :

1963 620 2145 675 donec
2176 637 2306 676 eum
2342 622 2481 676 sede
2512 621 2736 694 pepulit
2766 622 3165 696 Constantius,

1962 714 2199 781 propter
2224 714 2489 781 patratas
2523 712 2730 780 caedes,
2755 716 2811 767 et
2841 714 3164 784 praesertim

1962 803 2197 870 propter
2225 798 2577 855 translatum
2612 800 2981 856 Constantini
3015 804 3200 873 patris

1962 903 2195 943 sacrum
2221 888 2468 944 cadaver
2496 905 2527 944 e
2559 889 2776 961 templo
2806 890 3218 961 Apostolorum

1958 976 2027 1030 ad
2062 977 2338 1049 martyris
2368 977 2562 1033 Acacii
2596 995 2822 1034 sacram
2855 981 3037 1035 eadem
3074 998 3086 1039 :

1966 1075 2393 1148 substituitque
2424 1076 2707 1133 infamem
2740 1078 2878 1134 huic
2913 1080 3237 1138 Eudoxium

1955 1165 2074 1219 Arii
2108 1166 2464 1237 studiosum,
2496 1165 2703 1238 lupum
2738 1184 2841 1239 pro
2873 1174 3143 1240 pastore;

1954 1253 2212 1325 quicum
2244 1255 2450 1311 fuisset
2481 1256 2695 1328 praesul
2726 1258 3127 1328 Germaniciae,

1954 1342 2376 1399 Antiochenam
2412 1350 2615 1417 postea
2646 1347 2932 1402 tenuisset
2964 1349 3184 1419 sedem,

1949 1431 2200 1504 denique
2231 1439 2285 1488 et
2315 1434 2691 1505 Byzantinam
2724 1435 2922 1507 inique
2952 1437 3184 1493 invasit.

1947 1520 2195 1575 Secutus
2228 1526 2318 1577 est
2349 1522 2730 1593 Demophilus
2760 1526 2875 1578 Arii
2910 1526 3240 1598 discipulus

1947 1610 2047 1682 qui
2077 1624 2145 1665 ex
2176 1610 2515 1682 episcopatu
2551 1612 2885 1667 Berrohoeas
2915 1614 3191 1669 Threiciae

1943 1698 2288 1765 translatus,
2322 1699 2479 1754 hunc
2508 1701 2825 1771 primatum
2861 1702 3151 1759 decoravit
3182 1720 3196 1760 :

1865 1806 1913 1869 Β
1945 1797 2114 1867 cujus
2144 1813 2276 1851 cum
2306 1797 2482 1852 vitam
2516 1798 2696 1852 fatum
2731 1799 3084 1871 abrupisset,

1943 1885 2227 1957 Evagrius
2258 1886 2591 1942 orthodoxa:
2620 1892 2791 1943 tenax
2823 1888 2952 1943 fidei

1945 1994 1977 2031 a
2004 1977 2181 2032 beatae
2207 1979 2498 2033 memoriae
2520 1979 2827 2035 Eustathio
2859 1981 3130 2053 episcopo

1945 2066 2004 2119 in
2030 2066 2346 2138 Byzantina
2372 2067 2508 2122 sede
2540 2068 2957 2137 constituitur;

1944 2155 2046 2226 qui
2074 2156 2273 2210 statim
2307 2173 2340 2211 a
2370 2155 2611 2212 Valente
2641 2157 2801 2212 exsul
2834 2158 3095 2229 pellitur,

1946 2260 2018 2298 ne
2048 2260 2253 2315 parum
2285 2244 2521 2316 quidem
2547 2246 2855 2317 degustato
2889 2247 3128 2304 honore.

1946 2332 2160 2388 Deinde
2190 2333 2424 2404 praefuit
2455 2335 2765 2407 magnifice
2799 2335 3061 2392 Ecclesiae

1945 2421 2261 2493 Gregorius
2292 2422 2417 2495 lyra
2444 2426 2502 2478 et
2531 2430 2726 2479 animo
2762 2425 3068 2498 theologus

1945 2528 1977 2565 a
2008 2510 2123 2565 Deo
2157 2516 2459 2583 promotus
2487 2513 2559 2567 ad
2586 2512 2742 2567 sedis
2774 2515 3240 2586 gubernaculum
3269 2532 3281 2571 :

1946 2600 2046 2670 qui
2076 2616 2137 2655 se
2169 2600 2497 2657 innumeris
2530 2601 2744 2657 obtulit
2778 2602 3054 2675 periculis

1946 2689 2087 2743 dum
2120 2689 2256 2744 forti
2288 2706 2467 2745 manu
2500 2692 2751 2763 protegit
2780 2692 3125 2752 Ecclesiam.

1943 2778 2064 2832 Sub
2094 2777 2205 2831 hoc
2227 2777 2446 2834 coaluit
2475 2784 2676 2835 contra
2707 2780 3115 2837 Macedoniam

1946 2866 2204 2921 secunda
2232 2867 2465 2922 Patrum
2495 2870 2827 2923 veneranda
2857 2871 3118 2940 synodus

1945 2957 2002 3009 in
2036 2956 2401 3010 Constantini
2432 2957 2591 3027 regia
2615 2957 2939 3027 metropoli.

1943 3043 2219 3115 Gregorio
2253 3049 2460 3115 sponte
2486 3045 2684 3099 sedem
2718 3045 3109 3115 relinquente,

1870 3169 1911 3234 Ο
1951 3133 2211 3204 synodus
2243 3133 2369 3187 urbi
2404 3133 2642 3234 praeficit
2675 3137 2968 3203 pastorem

1950 3220 2282 3276 Nectarium
2315 3221 2429 3275 vita
2458 3225 2515 3275 et
2545 3219 2756 3276 litteris
2790 3221 3129 3292 fulgentem,

1949 3314 2273 3365 senatorem
2307 3309 2562 3365 nobilem
2596 3315 2654 3365 et
2679 3310 3042 3381 optimatem,

1948 3397 2229 3455 asseclam
2262 3398 2499 3463 Christi,
2532 3399 2631 3454 sed
2666 3399 2923 3453 nondum
2955 3397 3251 3454 initiatum
3284 3415 3299 3454 :

1949 3505 2129 3561 quare
2160 3488 2456 3560 baptizant
2489 3488 2666 3543 simul
2698 3492 2753 3543 et
2783 3495 3032 3559 mystam
3067 3493 3316 3559 ungunt.

1948 3588 2139 3659 Atque
2168 3586 2278 3641 hoc
2310 3589 2510 3641 sancte
2539 3585 2717 3640 vitam
2751 3584 3158 3655 concludente,

1949 3675 2367 3731 monachorum
2400 3674 2545 3729 illud
2578 3676 2757 3730 decus
2788 3680 2843 3729 et
2872 3674 3238 3747 presbyterii,

1948 3781 2191 3820 aureum
2226 3780 2313 3830 os,
2346 3763 2572 3818 cmlitus
2603 3763 2792 3836 gratia
2822 3764 2977 3831 data,

1950 3870 2108 3909 mare
2140 3852 2505 3921 eloquentiae,
2540 3851 2843 3923 ingenium
2884 3851 3311 3923 prodigiosum,

1944 3943 2229 3997 virtutum
2264 3940 2393 3996 luce
2424 3940 2743 4013 splendens
2768 3946 3049 4011 tanquam
3083 3940 3334 4013 lampas,

1946 4029 2256 4087 Antiochia
2286 4028 2564 4084 divinitus
2596 4029 2815 4083 effulsit

1946 4121 2015 4175 ad
2051 4117 2427 4192 Byzantinam
2461 4118 2926 4174 collustrandam
2962 4118 3159 4173 sedem
3187 4135 3202 4185 ;

1946 4209 2035 4264 vel
2070 4208 2262 4280 potius
2296 4207 2569 4263 universo
2595 4206 2787 4262 illuxit
2821 4209 3060 4277 mundo,

1949 4314 2122 4370 quem
2157 4296 2491 4367 magisterio
2523 4313 2627 4351 suo
2660 4296 2920 4367 quotidie
2950 4295 3271 4368 illuminat,

1952 4403 2085 4442 vere
2116 4384 2371 4441 universi
2403 4384 2564 4440 orbis
2594 4383 2681 4439 sol
2710 4384 2998 4439 viviﬁcus.

1953 4480 2141 4547 Atque
2165 4474 2275 4529 hoc
2301 4474 2438 4528 sede
2470 4473 2540 4527 ab
2567 4474 2779 4528 invidis
2806 4473 3047 4545 expulso

1950 4571 2126 4636 atque
2159 4564 2230 4619 ad
2263 4568 2568 4618 extraneas
2596 4562 2906 4631 proterrito
2933 4563 3222 4634 regiones,

1948 4670 2157 4724 nempe
2188 4653 2258 4708 ad
2287 4652 2658 4707 Comanicam
2693 4651 2856 4706 Ponti
2890 4650 3294 4723 solitudinem,

1950 4743 2050 4797 ubi
2081 4747 2137 4798 et
2167 4743 2405 4796 beatum
2438 4740 2647 4795 habuit
2676 4740 2803 4795 vitae
2830 4740 3149 4795 terminum
3178 4761 3192 4809 ;

1949 4839 2284 4912 decrepitus
2316 4838 2583 4893 Arsacias
2615 4843 2672 4893 et
2700 4838 2794 4892 vix
2823 4837 3057 4908 spirans

1949 4928 2221 4985 Eudoxiae
2247 4927 2422 4998 jussu
2457 4932 2719 4997 augustae
2749 4927 2807 4981 in
2840 4928 3120 4999 pastorali

1948 5017 2162 5091 (qualis
2195 5020 2325 5088 post
2357 5020 2639 5087 quantum
2670 5016 2707 5087 l)
2740 5020 2835 5071 sed
2870 5017 3286 5085 constituitur;

1950 5122 2161 5178 nempe
2189 5109 2319 5177 post
2349 5103 2529 5160 solem
2561 5105 2811 5160 tenebras
2844 5110 2902 5161 et
2930 5107 3222 5163 confusio.

1950 5198 2068 5252 Hoc
2097 5196 2274 5250 vitam
2303 5194 2479 5249 simul
2507 5196 2827 5268 sedemque
2855 5195 3241 5269 relinquente,

1948 5286 2176 5341 Atticus
2207 5283 2419 5337 ﬂorens
2452 5283 2715 5339 moribus
2746 5289 2802 5339 et
2829 5284 3063 5355 litteris,

1949 5375 2051 5447 qui
2087 5374 2216 5445 pius
2240 5374 2364 5426 erat
2396 5373 2698 5445 presbyter
2728 5374 3016 5437 Ecclesiae,

1949 5478 2175 5521 sacram
2209 5461 2438 5517 ornavit
2467 5462 2804 5517 cathedram
2842 5463 3121 5534 Byzantii.

1946 5555 2082 5609 Post
2115 5554 2270 5606 hunc
2300 5552 2649 5622 grandaevus
2675 5556 2839 5607 aetate
2868 5552 3185 5619 Sisinnius,

1946 5640 2246 5699 Eccclesias
2278 5641 2553 5697 sacerdos
2587 5642 2654 5697 ad
2690 5641 2889 5697 Oleam
2922 5640 3143 5711 positis,

3510 329 3616 388 354
