4004 6200
402 293 510 351 355
1612 288 1873 342 EPHRE
1881 288 1983 341 Ml]

1612 288 1873 342 ΕΡΗΒΕ
1881 288 1984 341 M11
2019 283 2587 343 CHRONOGRAPHI

392 419 582 489 utilis,
617 415 803 486 mitis,
834 411 1206 469 venerandus
1238 411 1457 483 pastor.

385 512 508 576 Quo
542 510 795 573 mortuo,
829 499 1132 558 Nestorius
1161 500 1435 556 sacerdos
1466 497 1606 555 olim

385 596 754 654 Antiochense
787 591 1075 657 Ecclesiae,
1110 589 1276 662 impii
1305 589 1624 662 dogmatis,

383 691 719 761 protervum
751 699 837 747 os,
864 685 922 738 et
953 680 1188 760 animus
1220 679 1524 751 profanus,

380 775 776 844 exitiosusque
807 771 1006 842 lupus,
1040 770 1240 825 sedem
1271 767 1481 824 insilit.

383 869 568 935 Atque
599 862 651 918 is
683 866 880 916 tamen
911 862 1121 914 exutus
1152 857 1458 930 dignitate,

379 963 520 1035 quia
550 961 888 1034 spuriorum
921 959 1266 1029 dogmatum
1300 960 1502 1013 auctor
1531 959 1680 1024 erat,

379 1054 450 1108 ab
483 1050 774 1124 Ephesino
808 1047 979 1103 tertio
1010 1045 1258 1101 concilio

383 1141 477 1197 cui
509 1143 753 1211 praeerat
778 1135 1030 1206 Cyrillus
1060 1133 1512 1201 Alevandrinus,

375 1233 537 1302 justo
572 1228 632 1282 in
663 1227 934 1282 exsilium
967 1223 1208 1296 pellitur
1230 1221 1476 1293 judicio.

383 1319 601 1374 Deinde
633 1315 786 1372 sedit
816 1313 1134 1387 Byzantina
1162 1311 1222 1367 in
1255 1311 1536 1367 cathedra

381 1409 557 1463 homo
588 1407 911 1473 Romanus,
934 1400 1200 1457 Ecclesiae
1235 1401 1533 1467 sacerdos,

377 1496 768 1552 Maximianus
800 1489 1156 1548 orthodoxiae
1186 1487 1480 1544 columen.

380 1590 700 1655 Postquam
733 1581 828 1636 hic
859 1585 1074 1635 terram
1107 1594 1242 1633 cum
1275 1575 1416 1633 cmlo
1443 1575 1849 1645 commutavit,

378 1674 568 1728 Patris
598 1669 997 1742 Chrysostomi
1030 1667 1278 1722 dilectus
1309 1664 1641 1738 discipulus

377 1779 543 1817 sacer
572 1765 803 1815 creatur
834 1755 1167 1828 patriarcha
1197 1753 1438 1810 Proclus
1470 1771 1482 1809 :

377 1850 479 1922 qui
514 1848 819 1904 ordinatus
850 1845 989 1900 olim
1024 1850 1224 1916 pastor
1252 1843 1436 1915 Cyzici

375 1957 410 1995 a
438 1939 606 1993 beato
637 1934 898 1991 Sisinnio
932 1933 1288 2006 patriarcha,

376 2047 410 2083 a
440 2028 733 2100 Cyzicenis
763 2026 960 2080 nescio
993 2039 1096 2078 cur
1125 2022 1419 2093 exclusus,

376 2119 610 2175 interim
644 2133 860 2172 vacuus
891 2115 962 2169 ab
993 2114 1184 2170 ofﬁcio
1215 2115 1426 2182 fuerat,

376 2225 533 2265 nunc
562 2207 633 2262 ad
667 2204 926 2277 Byzantii
959 2207 1265 2274 promotus
1294 2207 1384 2258 est
1413 2201 1771 2258 cathedram.

377 2304 746 2361 Dominicum
781 2302 875 2356 hic
909 2317 1142 2373 gregem
1171 2305 1326 2356 recte
1358 2300 1536 2372 pavit,

378 2392 770 2462 mortalesque
801 2390 1039 2446 exuvias
1073 2391 1343 2462 magistri
1373 2391 1466 2446 sui

371 2481 598 2540 curavit
626 2479 1024 2552 pervehendas
1056 2480 1127 2534 ad
1161 2479 1549 2550 metropolim.

372 2571 574 2628 Proclo
607 2586 672 2624 ex
706 2568 970 2624 convictu
1004 2567 1308 2622 hominum
1341 2567 1573 2622 sublato

372 2661 680 2717 Flavianus
709 2658 826 2712 veri
859 2657 1150 2727 dogmatis
1182 2656 1454 2712 defensor

377 2748 646 2805 Ecclesiae
681 2751 892 2801 nostrae
922 2736 1226 2816 presbyter
1254 2744 1532 2801 alumnus

375 2838 786 2911 pontificatum
817 2835 961 2890 adiit
994 2835 1168 2905 digne
1197 2835 1540 2890 admodum.

376 2930 509 2984 Post
538 2942 711 2997 quem
743 2925 1098 2980 exatinctum
1131 2940 1200 2979 ex
1231 2924 1386 2980 calce
1417 2924 1675 2981 Dioscori

369 3019 430 3073 in
463 3015 756 3090 Ephesius
781 3014 1003 3086 synodo
1034 3013 1382 3085 latrocinali,

369 3107 470 3162 ubi
504 3109 790 3160 rectorum
824 3104 1166 3172 dogmatum
1199 3107 1490 3175 protector
1517 3106 1662 3174 erat,

369 3194 644 3250 sacerdos
669 3191 980 3247 Anatolius
1014 3191 1450 3248 Alexandrinus

367 3296 602 3347 creatur
630 3295 829 3362 pastor
853 3288 1440 3360 ConstantinOpoleos
1465 3309 1480 3358 ;

367 3380 544 3452 opilio
576 3380 786 3444 bonus,
822 3383 992 3434 rectas
1018 3379 1151 3433 fidei
1184 3379 1386 3442 turris,

369 3470 480 3526 sub
512 3486 628 3542 quo
659 3466 890 3524 concilii
920 3467 1114 3538 quarti
1145 3483 1309 3522 sacer
1338 3471 1522 3522 cmtus

371 3558 596 3615 utiliter
624 3557 986 3614 Chalcedone
1017 3561 1408 3626 congregatus

367 3649 626 3705 alienum
657 3645 974 3702 declaravit
1004 3645 1074 3699 ab
1107 3644 1367 3700 Ecclesia

363 3734 822 3792 Alexandrinum
858 3733 1138 3788 miserum
1177 3733 1536 3802 Dioscorum,

368 3840 501 3880 cum
526 3823 844 3895 Eutychete
877 3827 933 3877 et
963 3821 1096 3878 aliis
1124 3824 1282 3893 paris
1313 3823 1575 3879 furfuris.

370 3914 577 3968 Postea
607 3911 946 3968 Gennadius
977 3911 1063 3966 vir
1087 3911 1378 3984 egregius,

371 4001 504 4056 fidei
538 4005 712 4072 typus
744 4006 802 4056 et
822 4001 1013 4056 omnis
1046 4000 1393 4070 honestatis,

372 4089 639 4145 Ecclesiae
672 4088 955 4146 alumnus
983 4089 1160 4146 simul
1192 4096 1251 4147 et
1277 4093 1570 4162 sacerdos,

365 4178 593 4234 clavum
626 4178 884 4249 suscepit
915 4182 1234 4250 regendum
1267 4181 1553 4237 Ecclesia}.

371 4271 502 4323 Post
532 4284 706 4338 quem
740 4267 983 4323 Aeacius
1014 4269 1411 4340 orphanorum
1446 4287 1680 4342 praeses,

367 4358 666 4430 presbyter
693 4355 984 4426 Ecclesiae,
1018 4360 1115 4413 sed
1152 4364 1311 4414 secta
1341 4359 1658 4430 pessimus,

367 4445 826 4520 patriarchatum
859 4445 1125 4517 improbe
1154 4447 1470 4518 subripuit.

368 4547 424 4602 Is
458 4545 634 4601 etiam
667 4549 938 4616 quartam
969 4550 1359 4604 venerandam
1386 4547 1701 4617 synodum,

367 4640 656 4707 quantum
686 4633 741 4689 in
777 4635 904 4706 ipso
935 4641 1077 4703 erat,
1113 4635 1361 4692 abolevit
1393 4635 1585 4692 miser.

367 4729 506 4781 Post
535 4724 691 4779 hunc
723 4723 942 4796 duplici
965 4741 1096 4781 vere
1126 4725 1479 4780 exstinctum
1512 4731 1697 4783 morte

351 4813 623 4870 Flavitas
652 4813 955 4886 presbyter
988 4813 1313 4869 ministerio
1345 4815 1615 4872 addictus

367 4903 427 4958 in
459 4903 680 4975 templo
709 4901 937 4958 Thecla:
968 4902 1242 4975 martyris
1273 4905 1429 4976 apud
1460 4910 1656 4976 Sycas,

365 4994 646 5067 profanus
678 4997 735 5050 et
764 4993 1150 5067 blasphemus
1182 4996 1614 5070 monophysita,

365 5087 543 5155 atque
573 5082 845 5138 Acaciani
874 5085 1167 5156 dogmatis
1199 5090 1472 5151 sectator,

369 5171 831 5244 patriarchatum
863 5179 1066 5230 contra
1089 5175 1192 5244 jus
1223 5174 1497 5230 obtinuit.

369 5264 484 5318 lloc
514 5264 709 5316 autem
745 5262 916 5319 breve
946 5267 1178 5318 mortuo
1210 5268 1344 5334 post
1374 5268 1622 5336 tempus,

363 5349 726 5423 Enphemius
759 5354 917 5405 tanto
950 5351 1163 5421 dignus
1198 5352 1519 5406 sacerdotio

367 5441 670 5513 presbyter
699 5439 926 5512 pridem
960 5440 1018 5495 in
1051 5439 1309 5496 Ecclesia
1342 5441 1460 5509 Dei,

364 5529 724 5603 Neapolique
750 5546 962 5601 praeses
993 5529 1416 5602 orphanorum,

366 5622 438 5678 ad
471 5635 771 5678 summam
803 5619 1140 5677 cathedram
1174 5621 1395 5692 optime
1426 5619 1702 5694 deligitur
1733 5637 1746 5676 :

2075 409 2130 476 Α
2333 411 2535 481 Πρᾶος,
2565 406 2792 483 γεραρὸς
2824 409 2912 462 καὶ
2941 405 3141 481 νομεὺς
3161 405 3540 486 ψυχοτρόφος.

2328 495 2530 550 Τοότου
2559 496 2832 566 θανόντος,
2866 497 3157 571 Νεστόριός
3187 519 3269 560 τις
3303 499 3469 568 θύτης

2331 588 2446 652 Τῆς
2481 586 2772 663 Ἀντιόχου
2804 583 3068 657 δυσσεϐὴς
3095 588 3184 644 καὶ
3217 591 3507 665 κακόφρων

2157 674 2300 730 9695
2342 678 2530 749 Στόμα
2557 673 2825 752 βδελυρὸν
2857 679 2947 732 καὶ
2982 673 3223 752 βέϐηλος
3254 676 3473 754 καρδία,

2326 767 2394 821 Ἠ
2429 763 2646 839 λυμεὼν
2680 765 2848 828 λύκος
2878 787 2980 835 τις,
3016 764 3237 839 ἐμπηδᾷ
3267 768 3464 840 θρόνῳ·

2328 856 2512 916 Ὅστις
2539 854 2846 930 γυμνωθεὶς
2876 853 3176 926 ἱερωσύνης
3206 854 3401 928 θρόνου

2329 943 2406 995 Δι’
2438 944 2571 1016 ἅπερ
2605 942 2871 1013 ἠρεύξατο
2904 940 3154 1018 δόγματα
3182 943 3317 1007 νόθα

2327 1031 2472 1107 Ηρὸς
2505 1029 2734 1087 συνόδου
2764 1032 2952 1106 τρίτης
2983 1033 3083 1102 τὴς
3117 1031 3167 1087 έν
3202 1032 3412 1108 Ἐφέσῳ

2145 1131 2286 1185 9700
2326 1135 2427 1192 "Il:
2462 1131 2777 1204 προστάτης
2806 1128 3087 1203 Κύριλλος
3119 1126 3554 1206 Ἀλεξανδρείας,

2325 1218 2421 1280 Εἲς
2453 1218 2658 1292 έξορίαν
2692 1217 3037 1290 ἀπελήλαται
3079 1217 3226 1294 δικῃ.

2325 1308 2435 1366 Εἶτ’
2462 1309 2756 1383 ἐγκατέστη
2789 1315 2869 1381 τῷ
2901 1307 3223 1378 Βυζαντίδος
3257 1309 3432 1384 θρόνῳ

2321 1399 2470 1454 Γένει
2494 1404 2766 1470 Ῥωμαῖος
2795 1398 2886 1454 καὶ
2917 1397 3080 1468 θύτης
3113 1396 3438 1468 Ἑκκλησίας

2319 1488 2656 1562 Μαξιμιανὸς
2685 1485 3003 1561 ὀρθοδοξίας
3037 1489 3212 1564 βάσις·

2143 1580 2290 1635 9705
2330 1580 2498 1642 Γῆθεν
2535 1579 2894 1651 μεταστάντος
2937 1575 2994 1632 δὲ
3023 1575 3181 1632 τοῦδε
3211 1578 3348 1652 πρὸς
3378 1575 3581 1646 πόλον,

2319 1667 2544 1736 Μύστης
2575 1664 2808 1743 φιλητὸς
2834 1670 2930 1722 τυῦ
2962 1667 3170 1740 Ηατρὸς
3191 1666 3588 1741 Χρυσοστόμου

2064 1765 2112 1826 Β
2319 1755 2644 1812 Καθίσταται
2675 1754 2945 1832 πρόεδρος
2972 1757 3118 1833 ἱερὸς
3145 1756 3417 1828 Πρόκλος,

2313 1848 2498 1908 Ὅστις
2528 1867 2588 1921 γε
2618 1847 2863 1920 χρισθεὶς
2895 1843 3278 1922 ποιμενάρχης
3313 1844 3555 1914 Κυζίκου

2307 1935 2448 2010 Πρὸς
2492 1934 2736 1990 Σισινίου
2773 1938 3107 2008 μακαριστοῦ
3138 1935 3402 2008 ποιμένος

2126 2027 2266 2080 9710
2307 2023 2408 2080 Καὶ
2442 2028 2760 2094 Κυζικηνοῖς
2794 2024 2869 2096 μὴ
2902 2021 3116 2097 δεχθεὶς
3148 2021 3248 2077 ούκ
3279 2020 3380 2078 οἷδ’
3413 2021 3567 2077 ὅπως

2305 2115 2483 2189 "Awa
2509 2111 2724 2186 σχολὴν
2757 2109 2814 2166 δὲ
2841 2111 2932 2166 τὸν
2968 2109 3229 2183 διαμέσου
3262 2110 3484 2185 χρόνον,

2304 2203 2424 2257 Τότ¹
2455 2201 2531 2266 εἷς
2559 2199 2821 2277 καθέδραν
2854 2199 3026 2275 ᾑρὲθη
3059 2197 3405 2269 Βυζαντίδος.

2307 2292 2550 2364 Ποίμνην
2585 2289 2641 2344 δὲ
2671 2293 2856 2353 καλῶς
2886 2291 3258 2362 ποιμάναντος
3291 2288 3572 2345 Δεσπότου

2307 2379 2648 2436 Διδασκὰλου
2680 2379 2839 2454 σῶμά
2867 2401 2926 2434 τε
2956 2380 3387 2455 συνηργηκότοςο

2127 2483 2270 2537 9715
2308 2478 2771 2552 Ἀνακομισθῆναί
2799 2499 2861 2553 γε
2898 2478 3032 2553 πρὸς
3062 2476 3226 2534 πόλιν
3253 2478 3506 2553 κράτους,

2308 2553 2450 2626 Et“.
2471 2567 2732 2631 λιπόντος
2757 2572 2999 2644 γηγενῶν
3032 2567 3344 2642 παροικίαν,

2307 2661 2518 2735 Ὀρθῶν
2543 2657 2837 2732 πρόμαχος
2862 2652 3176 2719 Φλαϐιανὸς
3207 2654 3493 2732 δογμάτων

2305 2742 2673 2821 Πρεσϐύτερος
2703 2747 2976 2823 τρόφιμος
3007 2743 3080 2800 ὥν
3109 2745 3437 2816 Ἐκκλησίας

2305 2833 2601 2912 Προεδρίαν
2633 2833 2826 2913 εἷ’Ληφε
2861 2833 2989 2907 μάλ’
3018 2834 3271 2906 ἐπαξίως.

2125 2931 2267 2985 9720
2306 2927 2487 3000 Οὗπερ
2521 2925 2773 2989 θανόντος
2807 2924 3049 2980 λακτίσει
3082 2925 3379 3000 Διοσκόρου

2305 3019 2393 3070 Ἐν
2427 3013 2686 3091 Ἐφεσίων
2718 3014 2994 3088 λῃστρικῷ
3024 3012 3280 3088 συνεδρίῳ

2047 3131 2089 3196 C
2307 3108 2394 3168 Ὠς
2427 3103 2885 3177 ὕπερασπίζοντος
2920 3101 3440 3196 όρθῶνᾼδογμάτων,

2307 3195 2482 3265 Θύτης
2519 3192 2836 3254 Ἀνατόλιος
2871 3190 3278 3268 Ἀλεξανδρείας

2302 3285 2516 3356 [Ιοιμήν
2552 3279 2901 3338 ἆναδέδεικτο
2923 3285 3022 3346 τῆς
3057 3281 3458 3336 Κωνσταντίνιιυ

2119 3377 2262 3431 9725
2299 3371 2515 3445 Νομεῦς
2548 3371 2772 3445 ἀγαθὸς,
2805 3371 3014 3444 πύρλος
3044 3367 3378 3444 ὁρθοδοξίας·

2301 3463 2418 3539 Ἐφ’
2449 3461 2509 3515 οὗ
2538 3461 2800 3533 τετάρτης
2828 3457 3056 3514 συνόδου
3087 3461 3229 3512 θεῖον
3264 3457 3450 3537 στίφος

2300 3550 2498 3611 Καλῶς
2529 3549 2747 3612 ἀλισθὶν
2784 3547 2835 3602 ἐν
2869 3546 3029 3602 πόλει
3061 3545 3372 3618 Χαλκηδόνι

2301 3639 2627 3714 Ἀλλοτριον
2658 3637 2838 3706 τίθησι
2871 3639 2968 3706 τῆς
3001 3636 3328 3707 Ἐκκλησίας

2301 3729 2594 3804 Διόσκορον
2627 3724 2890 3797 δύστηνον
2924 3723 3332 3798 Ἀλεξανδρείας

2119 3831 2260 3886 9730
2299 3827 2434 3900 ”Αμ⁹
2464 3825 2706 3900 Εύτυχεῖ
2732 3845 2789 3879 τε
2817 3824 2907 3878 καὶ
2938 3823 3115 3900 σφίσιν
3150 3823 3511 3898 ὁμοτρόποις.

2300 3919 2525 3973 Ἔπειτα
2555 3911 2840 3974 Γεννάδιος
2872 3913 3010 3988 ἀνὴρ
3042 3911 3321 3988 γεννάδας,

2297 4008 2411 4074 Τῆς
2444 3999 2717 4074 εὐσεϐείας
2747 4002 2837 4057 καὶ
2867 4001 3039 4056 καλοὸ
3071 4002 3270 4063 παντὸς
3305 4001 3498 4064 τύπος.

2297 4092 2622 4163 Ἐκκλησίας
2651 4091 2921 4169 τρόφιμος
2948 4091 3061 4163 ἅμα
3099 4091 3188 4146 καὶ
3221 4090 3407 4162 θύτης,

2295 4182 2430 4244 Τοὺς
2463 4179 2651 4242 οἶάκας
2685 4179 2830 4244 ἴθυνε
2858 4186 2957 4248 τῆς
2991 4179 3342 4250 Ἐκκλησίας.

2117 4275 2258 4330 9735
2299 4272 2426 4326 Μεθ’
2456 4271 2512 4325 δν
2542 4291 2632 4324 τισ
2661 4268 2910 4330 Ἀκάκιος
2955 4265 3382 4346 ὁρφανοτρόφός,

2297 4359 2631 4430 Ἐκκλησίασ
2661 4358 2826 4428 θύτης
2858 4378 2916 4412 τε
2948 4359 3209 4418 κάκιστος
3237 4352 3419 4430 σέϐας,

2044 4485 2090 4549 D
2297 4453 2488 4511 Κακῶς
2519 4448 2900 4524 ἐπεισέφρησεν
2929 4450 2998 4520 τῇ
3034 4445 3317 4522 προεδρίᾳο

2295 4542 2482 4600 ’Ὁστις
2513 4539 2774 4612 τετάρτην
2806 4533 3029 4590 σύνοδον
3066 4531 3358 4608 σεϐασμίαν

2299 4630 2377 4688 Τό
2408 4631 2457 4706 γ’
2486 4628 2562 4690 εἷς
2596 4628 2784 4683 ἑαυτὸν
2819 4628 3012 4699 ἀκυροῖ
3041 4629 3248 4704 ψήφοις
3278 4626 3474 4690 τάλας.

2119 4735 2261 4789 9740
2297 4728 2508 4786 Τούτου
2539 4728 2796 4789 θανόντος
2825 4726 2915 4781 τὸν
2942 4723 3171 4781 διπλοῦν
3205 4724 3375 4788 ὅντως
3414 4727 3587 4800 μόρον

2299 4819 2467 4892 Ἀνὴρ
2503 4811 2784 4878 Φλαϐίτας
2817 4816 3091 4892 μάρτυρος
3120 4820 3251 4870 ναοῦ
3281 4815 3497 4888 Θέκλης

2298 4910 2409 4965 Τοῦ
2431 4908 2564 4962 κατὰ
2597 4911 2772 4966 Συκᾶς
2799 4902 3148 4978 διακειμένου
3179 4905 3365 4976 θύτης,

2304 4996 2564 5072 Ἀνίερος,
2604 4993 2823 5071 βλάσφη
2837 5015 2959 5068 μος,
2992 4993 3346 5070 Οἷοφυσίτης,

2301 5085 2540 5156 Ἀκακίῳ
2573 5084 2852 5155 σύμπνους
2884 5083 2972 5137 καὶ
3007 5085 3275 5161 σύμφρων
3311 5078 3495 5151 σέϐας,

2122 5179 2266 5234 9745
2307 5173 2567 5244 Ἀναξίως
2603 5170 2804 5246 ἔσχηκε
2831 5173 2930 5241 τὴν
2955 5170 3270 5246 προεδρίαν.

2302 5263 2510 5322 Τούτου
2541 5261 2964 5331 τελευτήσαντος
2996 5259 3046 5315 ἐν
3084 5262 3284 5336 βραχεῖ
3313 5261 3525 5336 χρόνῳ,

2302 5353 2452 5430 Εύφή
2465 5371 2587 5423 μιος
2617 5351 2761 5422 ἄξιος
2797 5350 3078 5426 ἷέραρχίας

2302 5437 2669 5518 Πρεσϐύτερος
2707 5441 2801 5512 μὲν
2832 5447 2933 5509 τῆς
2961 5443 3094 5496 Θεοῦ
3124 5442 3176 5514 γ’
3199 5438 3489 5511 Εκκλησία

2298 5534 2406 5600 Τῆς
2430 5527 2475 5584 δ’
2506 5529 2571 5583 αῦ
2599 5527 2922 5591 Νεαπόλεως
2945 5528 3378 5607 ὁρφανοτρόφος,

2121 5626 2262 5682 9750
2303 5617 2611 5680 Ιιιστεύεται
2643 5616 2911 5674 κάλλιστα
2941 5620 3039 5688 τήν
3071 5618 3400 5694 προστασίαν
