4104 6204
257 294 369 351 357

446 421 633 481 Ὃσιος
657 417 819 493 ἀνὴρ,
848 416 1153 496 όρθοδόξων
1184 420 1517 498 προστάτης,

445 510 648 564 "Ovnv'
679 509 977 582 άναθέματι
1009 511 1086 583 μὴ
1115 511 1476 585 πεπεισμένον

447 592 865 653 Καθυποϐαλεῖν
900 596 1129 653 σύνοδον
1158 596 1477 675 τρισολῦίαν

447 688 540 743 Ἑν
572 684 889 756 Χαλκηδόνι
921 687 1326 752 συναλισθεῖσαν
1358 689 1531 745 πάλαι

256 779 410 835 9755
447 776 617 846 Ἀναξ
650 775 999 839 Ἀναστάσιος
1029 772 1275 833 ἐκϐαλὼν
1311 778 1529 855 θρόνου,

446 866 681 936 Τίθησιν
713 864 983 941 ἐξόριστον
1016 865 1195 939 ἀδίκῳ
1224 865 1369 942 δικῃ·

444 957 825 1024 Ἀντικαθιστᾷ
851 953 898 1009 δ’
929 954 1008 1017 εἷς
1037 956 1232 1028 θρόνον
1266 953 1592 1025 Βυζαντίδος

446 1047 665 1097 Σκευῶν
704 1043 1119 1122 μέγανίρύλακα
1146 1052 1247 1114 τῆς
1283 1044 1612 1117 Ἐκκλησίας

447 1136 605 1186 Θεῖον
636 1129 972 1187 Μακεδόνων
1004 1131 1063 1188 ἐκ
1092 1129 1492 1209 πρεσϐυτέρωνο

251 1225 405 1278 9760
442 1224 544 1279 "Ov
576 1224 837 1293 ἀθετῆσαι
872 1222 1147 1297 μηδαμῶς
1179 1226 1289 1300 ᾑρη
1304 1227 1463 1299 μένον

441 1310 752 1384 Εἱρημένον
787 1311 1039 1384 σύστημα
1071 1318 1280 1369 σεπτῶν
1312 1314 1591 1389 Πατέρων,

442 1400 545 1462 Εἷς
576 1400 831 1475 Εὐχάϊτα
861 1399 1149 1477 φυγαδεύει
1178 1404 1281 1472 τὴν
1314 1398 1503 1459 πόλιν.

448 1491 724 1562 Τιμόθεον
759 1487 807 1544 δ’
835 1489 1027 1564 ἄτιμον
1061 1490 1421 1567 ἐγκαθιδρύει,

448 1578 626 1649 Θύτην
663 1580 759 1653 μὲν
790 1576 939 1650 ὄντα,
976 1581 1357 1658 σκευοφύλακά
1385 1584 1428 1636 θ’
1462 1584 1575 1655 ἅμα

251 1678 407 1732 9765
438 1676 774 1745 Ἐκκλησίας
805 1677 957 1751 πρὶν,
988 1679 1258 1753 αἱρετικὸν
1290 1677 1337 1734 δ’
1362 1680 1427 1735 αὖ
1460 1676 1645 1750 σέϐας,

446 1765 813 1840 Ὀρθόφροσιν
843 1768 1016 1842 ἄχθος
1046 1789 1099 1821 τι
1133 1768 1362 1845 φανέντα
1396 1770 1554 1845 μέγα.

444 1855 653 1909 Τούτου
683 1856 1156 1930 καταστρέψαντος
1182 1857 1390 1921 ἀθλίως
1428 1860 1568 1933 βίον,

451 1946 715 2015 Ἰωάννης
743 1944 1053 2019 σύγκελλος
1088 1948 1200 2020 ἅμα
1230 1950 1317 2002 καὶ
1354 1949 1544 2020 θύτης,

453 2032 603 2088 Γένει
636 2031 1004 2104 Καππαδόκης
1036 2033 1116 2104 δὲ,
1150 2030 1418 2108 λαμϐάνει
1452 2038 1665 2111 θρόνον·

256 2124 415 2178 9770
454 2124 637 2199 Οὗπερ
662 2122 1094 2194 τελευτήσαντος
1127 2124 1178 2179 ἐν
1210 2124 1496 2202 προεδρίᾳ,

456 2214 778 2284 Ἐπιφάνιος
811 2210 1056 2289 ἐμφανὴς
1087 2212 1160 2268 ὣν
1193 2219 1283 2269 τὸν
1319 2214 1434 2290 βίον

456 2296 831 2377 Πρεσϐύτερος
864 2302 1167 2377 σύγκελλος
1198 2302 1327 2380 ἔσχε
1354 2305 1444 2359 τὸν
1478 2306 1691 2380 θρόνον.

450 2391 661 2447 Τούτου
703 2390 961 2454 θανόντος
993 2393 1256 2465 ’Λνθιμος
1285 2396 1697 2469 Τραπεζοῦντος

451 2476 754 2550 Ἑπιϐάτης
786 2478 1028 2536 δέδεικτο
1059 2484 1157 2536 τοῦ
1189 2487 1387 2537 σεπτοῦ
1420 2484 1635 2556 θρόνου,

253 2580 410 2633 9775
449 2579 641 2636 Νοσῶν
676 2572 926 2653 Σεϐήρου
956 2579 1045 2633 καὶ
1081 2578 1384 2654 Διοσκόρου
1414 2580 1595 2650 νόσον,

447 2668 543 2724 ⁸ον
573 2667 881 2741 Ἀγαπητὸς
911 2666 1157 2731 καθελὼν
1188 2670 1408 2741 Ῥώμης
1436 2671 1641 2733 πάπας.

449 2757 546 2817 Εἰς
576 2756 956 2831 ποιμενάρχην
985 2760 1086 2826 τῆς
1121 2756 1404 2833 βασιλίδος
1439 2759 1581 2835 χρίει

448 2848 639 2915 Μηνᾶν
674 2844 827 2921 λόγῳ
858 2844 1148 2918 λάμποντα
1175 2847 1266 2901 καὶ
1304 2849 1408 2922 βίῳ
1437 2846 1603 2903 πλέον

444 2933 780 3005 Ἐκκλησίας
808 2934 1078 3014 τρόφιμον
1108 2932 1236 2991 ὄντα
1265 2936 1354 2991 καὶ
1390 2938 1555 3008 θύτην

290 3026 407 3080 780
446 3021 831 3100 Ἀλεξανδρέα,
860 3029 969 3079 τῶν
1003 3026 1243 3099 Σαμψὼν
1278 3024 1588 3101 ξενοδόχον.

443 3110 625 3188 Οὗπερ
656 3112 1094 3186 μεταλλάξαντος
1127 3113 1330 3189 εύαγῶς
1365 3114 1482 3190 βίον

445 3200 715 3277 Εὖτύχιός
744 3224 829 3265 τις
858 3204 946 3257 καὶ
986 3205 1262 3275 μοναστής
1292 3206 1379 3258 καὶ
1411 3204 1575 3275 θύτης

443 3293 635 3361 Μανῆς
665 3292 785 3346 κατ’
814 3291 1108 3364 Ἀμάσειαν
1142 3292 1519 3368 εὐαγεστάτης,

438 3380 628 3456 Λόγων
663 3382 876 3457 ἑταῖρος
907 3382 1103 3458 ἀρετῆς
1134 3385 1185 3437 τ’
1216 3382 1280 3436 αὖ
1310 3381 1565 3458 ἐργάτης,

248 3481 403 3535 9785
440 3480 661 3553 Νομεῦς
690 3481 890 3555 ἀγαθὸς
923 3482 1073 3535 ὧπτο
1108 3486 1343 3555 Χριστοῦ
1370 3482 1722 3558 θρεμμάτων·

438 3572 558 3647 Ἐιρ’
588 3572 650 3625 οὗ
682 3592 744 3646 γε
774 3570 1035 3643 πέμπτης
1068 3569 1295 3627 συνόδου
1330 3578 1477 3635 θεῖον
1512 3575 1696 3652 στίφος

440 3661 645 3720 Καλῶς
675 3660 893 3723 ἀλισθὲν
929 3660 981 3715 έν
1015 3659 1258 3736 βασιλίδι
1291 3660 1450 3716 πόλει

444 3753 717 3824 Στοιχοῦν
746 3748 1006 3826 τετάρτης
1041 3748 1267 3805 συνόδου
1299 3751 1464 3813 θείοις
1497 3752 1646 3826 ὅροις

440 3838 644 3901 Αύτοῖς
679 3860 742 3914 γε
772 3841 1162 3914 συγγράμμασι
1192 3840 1284 3895 τὸν
1320 3840 1600 3916 Ὠριγένην

250 3931 403 3985 9790
442 3929 675 3999 Τίθησιν
708 3928 1039 4004 ἐκκήρυκνον
1075 3931 1188 4003 ἅμα
1220 3927 1444 4003 Διδύμῳ

442 4020 542 4071 Καὶ
574 4016 857 4092 Θεόδωρον
886 4020 980 4073 τὸν
1008 4026 1106 4089 τῆς
1128 4019 1523 4093 Μοψουεστίας.

443 4109 786 4180 Ἑξωσμένυυ
819 4109 1011 4175 θρόνου
1040 4106 1096 4162 δὲ
1126 4106 1275 4163 τοῦδ’
1306 4109 1581 4184 Εὐτυχίου

438 4198 558 4270 Ἐφ’
588 4196 759 4269 οὗπερ
792 4195 1058 4272 ἐξήλεγχε
1086 4198 1177 4253 τὸν
1210 4197 1436 4273 βασιλέα

438 4286 629 4361 Δόγμα
661 4287 930 4361 στυγητὸν
962 4288 1297 4361 κρατύνοντα
1328 4287 1415 4341 καὶ
1449 4286 1603 4351 νόθον

244 4384 396 4437 9795
435 4384 561 4439 Τῶν
596 4383 771 4456 σάρκα
802 4383 1043 4458 φθαρτὴν
1102 4383 1177 4454 μή
1212 4380 1486 4457 λεγόντων
1523 4390 1676 4459 σχεῖν
1714 4384 1917 4460 Λόγον,

436 4470 821 4546 Σχολαστικός
850 4492 934 4532 τις
970 4466 1196 4540 εὐσεϐὴς
1226 4473 1479 4542 Ἰωάννης

434 4563 550 4625 Τῆς
583 4560 881 4633 Ἀντιόχου
911 4560 1198 4635 τυγχάνων
1234 4562 1539 4633 θυηπόλος,

434 4646 730 4723 Προεδρίαν
766 4646 962 4722 εἴληφε
989 4655 1090 4717 τῆς
1125 4651 1555 4706 Κωνσταντίνου.

432 4736 794 4813 Χρησαμένου
822 4736 971 4792 τέλει
1005 4735 1062 4791 δὲ
1091 4735 1250 4792 τοῦδε
1278 4744 1375 4793 τοῦ
1414 4738 1561 4815 βίου,

242 4830 398 4885 9800
436 4829 538 4883 Καὶ
570 4825 743 4881 πάλιν
776 4826 1049 4901 Εύτύχιος
1070 4826 1289 4903 εὐτυχεῖ
1312 4829 1520 4903 θρόνον.

434 4918 566 4974 Μεθ’
599 4917 657 4970 δν
690 4916 1000 4991 καθωράϊσε
1027 4918 1125 4986 τὴν
1160 4917 1509 4987 Ἐκκλησίαν,

434 5009 605 5082 Ἀνὴρ
636 5008 1050 5082 χαριτώνυμος,
1082 5003 1274 5063 ὄλϐιον
1308 5011 1465 5084 κάρα,

432 5098 752 5167 Νηστευτὴς
782 5097 1145 5170 τοῦπώνυμον
1181 5097 1229 5169 ἐξ
1262 5094 1432 5173 ἔργων
1467 5101 1643 5178 φέρων

428 5184 761 5256 Ἐκκλησίας
788 5186 1057 5262 τρόφιμος
1089 5192 1161 5241 ὧν
1190 5189 1276 5242 καὶ
1314 5187 1555 5260 λευΐτης,

229 5277 389 5331 9805
424 5275 743 5351 Σύγκελλος
771 5274 916 5346 ἀξίαν
950 5273 1009 5329 δὲ
1041 5276 1351 5349 Πνεύματος
1383 5276 1576 5351 δόμος,

425 5367 519 5429 Ὀς
550 5364 858 5438 Μαυρίκιον
885 5370 1090 5419 ταινιοῖ
1121 5366 1363 5441 λαμπρῷ
1396 5367 1595 5446 στέφει.

419 5454 630 5510 Τούτου
660 5452 704 5509 δ’
738 5454 1109 5519 ἀναλύσαντος
1141 5456 1215 5517 εἷς
1255 5457 1431 5519 θείους
1464 5455 1695 5531 δόμους,

425 5539 697 5618 Κυριακός
728 5565 813 5607 τις
843 5545 1135 5618 οἰκονόμος
1167 5546 1255 5599 καὶ
1289 5545 1454 5616 θύτης

427 5637 558 5689 Θεοῦ
593 5634 842 5710 μεγάλης
873 5635 1029 5711 ἁγίας
1063 5632 1414 5707 Ἐκκλησίας,

1814 300 2174 356 CESARBS.

1964 428 2019 493 Α
2048 423 2139 479 vir
2168 428 2411 481 sanctus
2437 428 2494 481 et
2523 429 2815 497 protector
2841 428 3303 487 orthodoxorum
3337 447 3355 488 :

2042 528 2220 584 quem
2250 518 2592 569 renuentem
2623 514 2875 571 subdere
2906 516 3267 574 anathemati

2038 602 2276 659 beatum
2309 602 2477 659 illum
2509 609 2723 661 ccntum
2756 606 3170 678 episcoporum

2039 691 2139 763 qui
2169 691 2529 749 Chalcedone
2561 694 2701 750 olim
2734 699 2968 751 coactus
2997 697 3208 766 fuerat,

2038 780 2228 836 Casar
2252 798 2283 837 e
2308 782 2443 837 sede
2475 783 2699 855 depulit
2728 785 3083 841 Anastasius

2038 874 2442 943 extorremque
2474 872 2603 927 fecit
2633 872 2822 928 edicto
2854 873 3060 944 iniquo
3095 892 3109 930 :

2040 969 2287 1039 ejusque
2316 968 2442 1024 loco
2470 970 2540 1024 ad
2573 970 2912 1027 cathedram
2945 973 3202 1042 Byzantii

2038 1057 2244 1112 extulit
2274 1074 2554 1129 magnum
2588 1059 2852 1116 Ecclesia:
2884 1062 3362 1134 scevophylacem

2037 1148 2234 1204 divum
2263 1149 2667 1205 Macedonium
2700 1155 2835 1206 tunc
2869 1152 3296 1222 presbyterum,

2036 1253 2211 1307 quem
2244 1237 2383 1293 item
2416 1244 2758 1296 renuentem
2788 1240 3105 1297 valedicere

2035 1326 2308 1397 praedicto
2339 1327 2576 1382 Patrum
2604 1329 2787 1384 nobili
2814 1330 3057 1386 concilio

2034 1415 2101 1469 ad
2138 1414 2339 1471 urbem
2370 1416 2769 1473 Euchaiticam
2802 1418 2992 1473 Caesar
3019 1418 3242 1491 expulit
3274 1460 3286 1473 .

2036 1502 2530 1576 Timotheumque
2562 1496 2885 1577 ignobilem
2914 1508 3188 1575 obtrusit,

2035 1591 2395 1647 sacerdotem
2428 1592 2667 1664 quidem
2700 1598 2757 1649 et
2788 1595 3268 1667 scevophylacem

2038 1680 2305 1736 Ecclesiae
2340 1681 2586 1752 pridem,
2622 1684 2720 1737 sed
2756 1682 2965 1738 hazresi
2996 1682 3289 1754 pollutum
3326 1701 3339 1739 :

1964 1780 2011 1845 B
2040 1778 2098 1833 id
2133 1781 2287 1850 quod
2320 1779 2619 1851 aegerrime
2649 1780 2909 1835 tulerunt
2940 1780 3270 1836 orthodoxi.

1955 3137 1997 3204 C

1948 4504 1993 4567 D

2042 1872 2176 1924 Post
2205 1869 2382 1939 hujus
2414 1873 2609 1924 autem
2644 1870 2933 1925 infelicem
2963 1871 3214 1938 obitum,

2041 1958 2337 2030 syncellus
2367 1957 2547 2014 simul
2577 1962 2634 2013 et
2665 1959 2967 2030 presbyter
2993 1958 3250 2014 Joannes

2042 2048 2353 2119 Cappadox
2382 2053 2553 2120 gente
2583 2048 2779 2103 sedem
2812 2048 3133 2120 occupavit.

2042 2137 2179 2192 Post
2202 2153 2375 2207 quem
2412 2138 2664 2208 pastoris
2694 2137 2753 2191 in
2784 2152 3025 2192 munere
3056 2137 3422 2203 defunctum,

2042 2225 2369 2297 splendidis
2395 2226 2707 2298 praedictus
2738 2227 3096 2297 Epiphanius
3130 2226 3396 2282 moribus

2041 2316 2343 2387 presbyter
2366 2320 2423 2371 et
2448 2316 2743 2385 syncellus
2772 2317 2843 2371 ad
2877 2318 3076 2372 sedem
3108 2317 3288 2372 venit.

2041 2406 2159 2461 Hoc
2186 2421 2418 2477 quoque
2450 2409 2702 2471 mortuo,
2736 2405 3163 2477 Trapezuntius
3191 2403 3512 2460 Anthimus

2037 2494 2236 2549 sedem
2265 2493 2703 2549 sanctissimam
2734 2495 2936 2563 jussus
2964 2499 3054 2550 est
3080 2492 3489 2559 conscendere,

2038 2599 2377 2655 quanquam
2408 2587 2614 2639 Severo
2648 2583 2880 2639 deditus
2909 2588 2965 2638 et
2999 2584 3269 2639 Dioscoro
3304 2598 3318 2637 :

2038 2690 2153 2745 quo
2184 2677 2379 2728 tamen
2407 2675 2702 2745 Agapetus
2734 2674 2927 2729 Romaa
2960 2690 3109 2745 papa

2035 2765 2429 2831 exauctorato,
2462 2762 2595 2817 fecit
2629 2762 3025 2833 patriarcham

2035 2852 2307 2907 Mennam
2339 2850 2797 2907 Alexandrinum
2829 2850 3103 2906 facundia
3129 2848 3351 2904 clarum

2036 2944 2342 3013 magisque
2373 2941 2657 3008 moribus,
2688 2940 2997 2995 alumnum
3040 2938 3399 2993 sacerdotem

2036 3029 2322 3097 Ecclesiae,
2354 3028 2715 3083 xenodochio
2748 3029 3082 3099 praefectum
3111 3023 3475 3097 Sampsonis.

2035 3130 2156 3193 Quo
2189 3129 2280 3199 pie
2314 3128 2619 3182 mortalem
2653 3128 2957 3181 deserente
2986 3125 3192 3191 vitam,

2033 3216 2354 3290 Eutychius
2385 3215 2618 3287 quidam
2648 3215 2974 3270 monachus
3006 3219 3064 3270 et
3096 3213 3368 3269 sacerdos

2031 3324 2100 3363 ex
2128 3310 2415 3362 Amaseno
2447 3304 2821 3361 sanctissimo
2853 3304 3115 3360 ccenobio

2031 3396 2256 3453 amicus
2289 3396 2640 3463 litterarum,
2670 3394 2904 3450 virtutis
2936 3399 3162 3461 auctor,

2029 3485 2348 3541 Christiani
2382 3486 2571 3540 bonus
2605 3487 2803 3555 pastor
2834 3482 3000 3538 ovilis
3034 3483 3165 3538 fuit.

2031 3577 2151 3633 Sub
2182 3591 2249 3631 eo
2281 3574 2499 3645 quintae
2534 3574 2740 3642 synodi
2773 3574 2944 3628 divus
2975 3576 3159 3627 coetus

2030 3665 2211 3738 regali
2242 3665 2302 3719 in
2336 3664 2479 3719 urbe
2506 3663 2616 3718 rite
2648 3666 3063 3734 congregatus,

2028 3754 2312 3809 insistens
2343 3755 2562 3823 quartae
2595 3750 2801 3819 synodi
2832 3749 3160 3805 canonibus

2029 3842 2292 3914 ipsisque
2322 3841 2587 3911 ejusdem
2624 3838 2915 3904 formulis,
2951 3837 3259 3909 Origenem

2028 3932 2196 4002 ejecit
2228 3931 2299 3986 ab
2331 3929 2603 3995 Ecclesia,
2639 3928 2935 3998 simulque
2966 3926 3303 3997 Didymum,

2026 4029 2081 4076 et
2100 4020 2471 4075 Theodorum
2504 4018 2874 4088 Mopsuestia:
2906 4016 3267 4087 episcopum.

2028 4109 2305 4183 Eulychio
2338 4113 2541 4180 postea
2570 4106 2848 4162 cathedra
2878 4104 3149 4175 depulso,

2028 4204 2330 4272 pr0pterea
2360 4198 2514 4269 quod
2548 4194 3018 4268 reprehendisset
3048 4194 3356 4257 Caesarem,

2028 4291 2126 4362 qui
2163 4287 2375 4343 falsum
2410 4288 2623 4358 dogma
2654 4291 2711 4340 et
2743 4284 3068 4356 pessimum
3103 4282 3334 4337 fovebat

2026 4390 2097 4444 de
2129 4386 2342 4443 Christi
2370 4386 2428 4440 in
2464 4390 2617 4440 terra
2648 4399 2820 4439 carne
2851 4378 3287 4451 incorruptibili
3316 4395 3329 4444 ;

2026 4477 2411 4533 scholasticus
2440 4474 2700 4529 Joannes
2732 4472 2905 4527 homo
2932 4470 3064 4541 pius

2026 4567 2392 4623 Antioohena
2423 4581 2491 4620 ex
2521 4564 2665 4618 urbe
2696 4567 2834 4617 tunc
2860 4560 3130 4615 sacerdos

2028 4655 2485 4729 patriarchatum
2515 4652 2657 4708 adiit
2684 4649 3095 4720 Byzantinum.

2026 4748 2133 4803 Sed
2172 4746 2269 4801 ubi
2304 4746 2352 4801 is
2384 4759 2617 4815 quoque
2648 4742 2772 4796 vitae
2807 4744 3020 4794 metam
3051 4736 3266 4808 attigit,

2025 4853 2230 4892 rursus
2262 4832 2578 4905 Eutychius
2603 4831 2662 4886 in
2694 4830 2828 4886 sede
2853 4826 3252 4884 constituitur.

2023 4928 2160 4982 Post
2192 4940 2367 4997 quem
2400 4921 2668 4978 Ecclesiae
2699 4918 3045 4991 splendidus
3071 4914 3269 4971 illuxit

2023 5016 2280 5071 Joannes
2305 5014 2469 5079 alter,
2502 5011 2678 5067 homo
2713 5007 3113 5075 beatissimus,

2024 5105 2217 5159 dictus
2247 5117 2447 5157 verace
2478 5100 2647 5155 titulo
2679 5099 3009 5169 Jejunator,

2023 5193 2124 5267 qui
2156 5191 2429 5248 Ecclesiaa
2456 5188 2737 5245 alumnus
2767 5187 2956 5243 fuerat
2984 5188 3041 5241 et
3070 5184 3247 5240 levita

2023 5282 2432 5356 syncellusque
2463 5278 2653 5335 officio
2683 5278 2741 5333 in
2768 5277 2890 5332 aede
2916 5274 3191 5346 Spiritus.

2022 5373 2125 5428 Hic
2154 5369 2497 5426 Mauricium
2530 5366 2820 5424 redimivit
2855 5368 3183 5421 stemmate.

2022 5464 2168 5519 Cum
2200 5468 2397 5516 autem
2425 5476 2669 5532 superas
2701 5456 2942 5512 adiisset
2973 5455 3165 5519 sedes,

2020 5553 2299 5623 Cyriacus
2331 5566 2671 5606 csconomus
2700 5552 2757 5603 et
2788 5545 3058 5602 sacerdos

2022 5659 2247 5716 magnae
2278 5645 2455 5713 atque
2488 5642 2704 5696 sanctae
2734 5636 2833 5693 Dei
2867 5633 3140 5691 Ecclesiae
