4004 6200
328 311 434 369 359
1542 283 1909 341 EPHRE‘MU

1542 283 1916 341 EPHREMII
1952 276 2349 336 CHRONOGR
2356 277 2522 332 ΔΡΗΙ

327 451 561 497 sacrum
592 425 876 489 successit
904 423 965 478 in
996 417 1430 494 pontiﬁcatum,

329 527 562 584 divinus
589 519 676 575 vir
700 521 756 573 et
786 508 1141 570 orthodoxia
1173 504 1464 562 columen.

330 619 450 681 Quo
482 609 788 665 deserente
819 609 1118 657 terrenum
1151 595 1303 650 hunc
1337 591 1680 665 primatum,

333 705 403 760 ad
431 700 714 756 Thomam
749 689 1121 748 sacellarium
1151 690 1209 743 et
1241 682 1609 740 sacerdotem

333 790 590 846 defertur
621 782 818 858 populi
851 796 1017 836 sacer
1047 775 1438 849 principatus,

333 875 717 951 apostolicum
746 869 1044 926 hominem
1078 859 1614 937 religiosissimum.

335 975 476 1031 Huic
507 973 756 1030 eolarem
790 965 1079 1026 desereuti
1108 965 1297 1020 lucem

334 1080 642 1122 successor
673 1063 844 1116 datus
872 1063 962 1114 est
986 1055 1158 1112 levita
1191 1047 1457 1109 Ecclesia

334 1150 766 1227 ptoohotrOphii
802 1148 1108 1222 praefectus
1139 1143 1208 1198 ad
1243 1145 1475 1212 portum
1509 1133 1705 1227 Phrixi

336 1223 575 1316 éergius
607 1239 868 1313 pollutus
900 1235 1177 1306 dogmate
1209 1223 1698 1298 monophysitico.

335 1335 437 1390 Cui
472 1329 739 1388 morienti
775 1326 1028 1399 Pyrrhus
1059 1318 1442 1377 substituitur

335 1422 493 1477 haud
527 1419 724 1474 minus
747 1415 947 1486 Sergio
973 1411 1180 1468 haresi
1210 1410 1547 1475 corruptus.

337 1511 474 1566 Erat
504 1510 552 1565 is
585 1523 806 1580 magna
838 1503 1134 1577 presbyter
1162 1496 1450 1562 Ecclesia,

336 1599 646 1672 praefectus
672 1593 1120 1655 monachorum,
1152 1584 1399 1643 cauobii
1431 1582 1614 1638 abbas

335 1669 492 1760 quod
523 1691 612 1742 est
638 1689 802 1740 trans
829 1683 1037 1738 fretum
1069 1678 1128 1732 in
1162 1677 1303 1732 urbe
1335 1669 1701 1746 Chrysopoli,

338 1776 521 1832 divini
552 1774 726 1830 Verbi
759 1770 930 1829 Matri
962 1769 1298 1824 dedicatum

337 1863 786 1937 autiquitusque
814 1858 1115 1915 conditum
1148 1873 1182 1911 a
1212 1851 1560 1926 Philippico.

336 1959 654 2026 Postquam
688 1949 968 2023 expulsus
1003 1945 1257 2019 Pyrrhus
1287 1941 1543 1999 Ecclesia
1574 1938 1701 2008 fuit,

336 2051 554 2108 Paulus
587 2048 854 2105 Ecclesia
885 2059 1223 2102 oeconomus
1253 2045 1310 2097 et
1340 2038 1630 2107 sacerdos,

339 2157 556 2212 prases
587 2139 919 2206 custodum,
953 2136 1227 2205 dogmate
1256 2143 1588 2202 perversus,

339 2232 526 2286 semet
555 2227 686 2284 ovili
723 2223 1006 2282 obstrusit
1035 2227 1318 2294 tauquam
1354 2218 1552 2290 lupus.

340 2323 478 2374 Post
507 2333 681 2390 quem
717 2315 1058 2371 defunctum
1091 2311 1271 2382 impie
1293 2309 1352 2364 in
1389 2303 1714 2362 ministerio

335 2407 538 2463 sedem
572 2403 934 2476 recuperavit
962 2403 1154 2456 denuo
1185 2397 1462 2471 Pyrrhus.

339 2494 553 2550 Deinde
580 2494 786 2549 Petrus
817 2490 1112 2562 pessimus
1141 2488 1212 2542 ad
1247 2487 1448 2541 sedem
1473 2483 1653 2550 venit,

335 2582 515 2639 levita
544 2581 835 2645 Ecclesia,
863 2594 1082 2650 praess
1114 2571 1564 2647 ptochotrophii,

335 2668 792 2733 referendarius,
825 2670 1176 2736 curatorque
1207 2677 1412 2718 senum

332 2761 390 2816 in
418 2777 484 2816 eo
515 2758 672 2830 quod
709 2760 798 2811 est
825 2754 1067 2827 Neapoli
1103 2749 1552 2825 ptochodochio,

333 2848 516 2920 Sergii
549 2845 870 2918 Pyrrhique
902 2849 959 2898 et
988 2841 1149 2898 Pauli
1182 2844 1414 2896 sectans
1445 2837 1738 2895 haresim.

335 2938 455 2994 Hoc
487 2951 683 3008 passo,
717 2937 783 2988 ut
814 2949 945 2988 vere
977 2932 1190 2998 dicam,
1225 2932 1468 2984 mortem
1500 2927 1817 3000 duplicem,

343 3025 512 3083 Alius
541 3024 793 3079 Thomas
825 3019 1179 3078 orthodoxia
1212 3035 1440 3086 amans,

335 3115 435 3188 qui
465 3113 734 3171 Ecclesia
766 3110 1043 3167 alumnus
1073 3112 1196 3164 erat
1224 3113 1282 3162 et
1309 3107 1503 3172 levita,

333 3203 606 3278 praeclare
636 3200 984 3275 gubernavit
1013 3198 1228 3256 Christi
1260 3195 1602 3252 Ecclesiam.

332 3306 520 3374 Atque
549 3301 661 3356 hoc
692 3300 786 3372 pie
817 3297 1203 3354 concludeute
1228 3296 1429 3367 vitam,

338 3389 747 3463 pontificatum
781 3388 927 3444 adiit
953 3388 1234 3451 Joannes,

335 3479 609 3535 sacerdos
639 3481 696 3533 et
727 3476 1095 3550 protecdicus
1124 3472 1415 3542 Ecclesia,

335 3567 742 3641 scevophylax,
775 3565 1092 3638 syncellus,
1125 3568 1180 3619 et
1207 3578 1566 3628 acouomus,

335 3663 393 3715 et
417 3656 730 3732 gerocomii
765 3655 1051 3711 Rosorum
1085 3651 1445 3708 Dexiocratis

338 3749 647 3819 prafectus
676 3763 689 3813 ;
727 3748 923 3816 pastor
955 3742 1116 3798 utilis
1146 3741 1302 3798 ovili.

337 3839 460 3902 Quo
494 3835 800 3902 moriente,
831 3833 1008 3889 levita
1035 3830 1476 3901 Constantinus,

333 3940 607 3980 vasorum
642 3926 840 3978 custos
870 3921 926 3976 in
962 3920 1220 3977 Ecclesia
1253 3920 1369 3975 Dei.

336 4012 675 4085 periodeuta
706 4010 970 4067 Thracia
1004 4014 1059 4066 et
1081 4008 1453 4077 Macedonia,

339 4102 410 4158 ad
443 4100 711 4157 Ecclesia
743 4104 1105 4156 summatum
1137 4104 1226 4156 est
1249 4103 1596 4172 provectus;

341 4201 623 4273 probatus
652 4199 758 4267 vir,
790 4203 848 4255 et
869 4200 1047 4256 decus
1075 4198 1554 4255 orthodoxorum.

341 4289 460 4345 Hoc
491 4287 550 4343 iu
582 4304 861 4362 suprema
891 4288 1171 4344 cathedra
1201 4289 1525 4355 demortuo,

341 4394 506 4434 sacer
532 4377 872 4434 Theodorus
897 4377 1114 4434 Christi
1148 4377 1243 4433 Dei
1272 4377 1543 4432 sacerdos

341 4471 681 4524 sanctorum
713 4467 771 4521 in
805 4465 1063 4522 Ecclesia
1095 4483 1365 4523 vasorum
1398 4467 1619 4534 custos,

339 4555 633 4629 syncellus
660 4555 964 4628 dignitate,
1000 4556 1303 4627 prafectus
1329 4551 1656 4622 monachis,

339 4660 578 4700 summa
601 4660 735 4698 cum
765 4643 940 4698 laude
977 4643 1208 4715 prafuit
1233 4641 1521 4708 Ecclesia,

341 4739 515 4806 atque
544 4733 864 4788 orthodoxa
905 4733 1180 4804 dogmata
1209 4730 1488 4787 defendit.

338 4824 444 4878 Sed
480 4829 674 4878 tamen
711 4821 818 4878 hoc
854 4822 1074 4894 injuste
1105 4819 1350 4893 depulso
1383 4820 1520 4875 sede

341 4912 624 4985 Georgius
653 4910 965 4984 religiosus
991 4910 1202 4967 Christi
1238 4911 1561 4983 presbyter,

346 5002 444 5072 qui
477 5018 752 5057 summus
781 5004 905 5057 erat
938 4999 1325 5074 scevOphylax
1349 4999 1640 5067 Ecclesia,

342 5096 400 5147 et
429 5091 724 5165 syncellus
757 5089 934 5145 etiam
969 5090 1335 5162 patriarcha,

340 5182 718 5254 pontiﬁcatus
743 5196 988 5236 munere
1013 5180 1172 5252 fungi
1198 5179 1391 5252 capit,

344 5269 518 5340 epilio
551 5270 763 5335 bonus,
798 5273 996 5324 custos
1029 5267 1236 5323 divina
1270 5269 1415 5342 legis
1451 5287 1463 5323 :

345 5361 453 5416 sub
489 5375 626 5431 quo,
661 5359 974 5414 mandante
1005 5358 1229 5414 Caesare
1258 5358 1644 5415 Constantino

346 5449 665 5506 orthodoxe
699 5447 961 5520 principe
993 5447 1309 5521 Pogonato,

346 5540 581 5595 divinus
610 5537 948 5594 veneranda
981 5541 1167 5594 catus
1197 5537 1400 5611 synodi

347 5628 521 5700 regali
556 5628 612 5684 iu
646 5625 788 5683 urbe
818 5626 926 5682 rite
955 5632 1340 5705 congregatus

2004 405 2058 474 Α
2085 401 2227 457 9810
2263 399 2377 467 Τὴν
2405 398 2552 473 ἱερὰν
2586 391 2810 468 εἴληφεν
2843 387 3151 466 ΐεραρχίαν,

2265 486 2421 544 Θεῑός
2459 506 2543 548 τις
2576 483 2712 558 ἀνὴρ
2745 477 3060 557 όρθοδοξίας
3093 475 3309 538 στύλος.

2264 574 2481 635 Τούτου
2513 571 2773 632 λιπόντος
2799 570 2899 639 τὴν
2933 567 3078 623 κάτω
3107 562 3424 641 προεδρίαν,

2263 669 2464 738 Θωμᾶς
2497 660 2860 736 σακελλάριος
2889 657 3005 731 ἅμα
3031 655 3121 711 καὶ
3154 655 3320 724 θύτης

2268 753 2580 812 Πιστεύεται
2611 748 2678 818 δὴ
2709 749 2806 817 τήν
2835 746 2947 804 λεὼ
2977 743 3328 821 προστασίαν,

2084 846 2228 902 9815
2265 841 2683 911 Ἀποστολικὸς,
2711 831 3091 896 εὐσεϐέστατος
3121 827 3303 894 σέϐας.

2265 930 2449 1007 Οὗπερ
2479 931 2541 986 τὸ
2575 929 2708 1008 φάος
2739 923 3133 987 ἐκλελοιπότος
3159 919 3304 990 τόδε,

2265 1020 2651 1088 Ἀντικατὲστη
2685 1013 2906 1086 λευίτης
2947 1009 3276 1082 Ἐκκληθίας

2267 1107 2676 1186 ΙΙτωχοτρόφος
2701 1126 2760 1160 τε
2791 1103 3016 1177 λιμένος
3044 1105 3152 1186 τῶν
3182 1103 3281 1155 τοῦ
3313 1098 3519 1175 Φρίξου

2265 1201 2490 1276 Σᾶργιος
2524 1197 2660 1272 ἀνὴρ
2692 1192 3027 1271 Οἶοφυσίτης
3058 1185 3239 1251 σέϐας.

2087 1303 2230 1358 9820
2267 1298 2480 1357 Τούτου
2512 1296 2791 1364 θανόντος,
2823 1291 3177 1358 ἀντικατέστη
3211 1285 3447 1365 Πύρρος,

2268 1389 2435 1462 Ἀνὴρ
2465 1385 2661 1459 ὅμοιος
2696 1381 2902 1456 Σεργίῳ
2931 1380 3068 1436 κατᾶ
3100 1372 3281 1448 σὲϐας,

2267 1477 2445 1546 Θύτης
2479 1473 2722 1549 μεγάλης
2748 1474 2845 1526 τοῦ
2875 1473 3010 1525 Θεοῦ
3043 1463 3396 1537 Ἐκκλησίας,

2267 1571 2497 1642 ’Ἄρχων
2528 1562 2787 1637 σεμνείων
2819 1560 2907 1615 καὶ
2943 1564 3116 1632 μονῆς
3146 1553 3436 1624 ὶπιστάτης

2269 1660 2356 1716 Ἐν
2388 1653 2730 1732 Χρυσοπόλει
2763 1648 3110 1724 διακειμένης
3138 1646 3328 1724 πέραν,

2013 1773 2062 1839 Β
2089 1752 2232 1808 9825
2271 1745 2584 1839 Ἀνειμὲνης
2616 1739 2673 1797 δὲ
2702 1740 2770 1816 τῇ
2799 1737 3143 1839 Θεοῦλδςητρὶ
3175 1735 3355 1839 Λόγου

2267 1838 2380 1904 Τῆς
2412 1833 2736 1903 Φιλιππικῷ
2767 1826 3117 1896 συσταθείσης
3148 1825 3255 1900 πρὸ
3281 1820 3525 1898 χρόνων.

2263 1923 2474 1982 Τούτου
2506 1919 2838 1996 διωχθέντος
2873 1913 2930 1971 δὶ
2958 1922 3057 1984 τῆς
3091 1910 3428 1982 Ἐκκλησίας

2265 2009 2571 2083 Οἰκονόμος
2599 2007 2690 2063 καὶ
2722 2006 2889 2076 θύτης
2919 2010 3022 2072 τῆς
3049 1998 3383 2070 Ἐκκλησὶας

2267 2102 2407 2157 Κᾶπὶ
2436 2099 2691 2178 φυλακῶν
2726 2088 2990 2162 δυσσεϐὴς
3018 2089 3236 2153 Ηαῦλος
3271 2083 3428 2149 σέϐας

2087 2206 2228 2262 9830
2267 2198 2676 2275 Παρεισεφθᾶρη
2708 2191 2952 2266 ποιμνίῳ
2979 2212 3064 2254 τις
3089 2189 3162 2251 ὡς
3196 2186 3384 2248 λύκος.

2266 2295 2442 2364 Οῦπερ
2483 2286 2738 2352 θανόντος
2769 2275 3042 2342 δυσσεϐῶς
3073 2278 3124 2334 ὲν
3154 2281 3232 2350 τῷ
3263 2275 3466 2353 θρόνῳ,

2264 2380 2362 2436 Καὶ
2387 2378 2550 2433 πάλιν
2583 2367 2826 2430 ἀπὲλαϐε
2853 2372 2944 2426 τὸν
2975 2367 3168 2444 θρόνον
3202 2364 3440 2442 Πύρρος.

2265 2471 2398 2528 Εἶτα
2437 2467 2641 2541 ῐιὲτρος
2669 2466 2924 2525 κάκιστος
2953 2456 3085 2534 ἔσχε
3110 2458 3204 2513 τὸν
3237 2457 3454 2533 θρόνον,

2265 2555 2595 2628 Ἐκκλησίας
2619 2550 2692 2608 ὥν
2727 2549 2951 2620 λευΐτης
2980 2545 3403 2623 πτωχοτρόφος,

2085 2653 2228 2708 9835
2266 2647 2362 2704 Καὶ
2399 2639 2838 2723 ραιφερενδάριος
2867 2638 2957 2694 καὶ
2988 2635 3312 2714 γηροκόμος

2264 2741 2369 2792 Τοῦ
2398 2736 2534 2791 κατὰ
2564 2730 2837 2788 Νεάπολιν
2869 2727 3149 2804 πτωχείου
3179 2726 3326 2793 τότε,

2267 2825 2542 2903 Σύμφρων
2577 2819 2805 2896 Σεργίου
2835 2816 2926 2873 καὶ
2958 2815 3293 2903 Πύρρου-καὶ
3325 2809 3576 2871 Παύλου.

2263 2898 2470 2971 Τούτου
2501 2911 2750 2976 θανόντος
2779 2909 2871 2963 τὸν
2902 2904 3130 2969 διπλοῦν
3165 2898 3338 2967 ὅντως
3369 2900 3566 2978 μόρον,

2265 3009 2464 3077 Θωμᾶς
2496 3023 2579 3062 τις
2611 2997 2781 3060 ἄλλος
2814 2993 3127 3070 όρθοδοξῖας
3159 2990 3321 3071 φίλος

2008 3129 2052 3196 C
2089 3107 2232 3164 9840
2270 3097 2899 3196 Ἐκκλησίαςςτρόφιμος
2929 3092 3002 3148 ὣν
3032 3091 3122 3147 καὶ
3154 3089 3377 3196 λευΐτης

2269 3194 2506 3267 Χριστοῦ
2533 3185 2719 3248 καλῶς
2754 3184 2898 3238 ἷὉυνε
2923 3185 3023 3252 τὴν
3057 3178 3411 3251 Ἐκκλησίαν.

2266 3283 2444 3355 Οὗπερ
2481 3275 2918 3352 μεταλλάξαντος
2951 3267 3186 3332 εὐσεϐῶς
3220 3269 3359 3346 βίον,

2268 3372 2522 3438 Ἰωάννης
2551 3365 2746 3443 εἴληφε
2773 3364 2872 3432 τήν
2907 3357 3226 3438 προεδρίαν,

2267 3458 2443 3530 Θύτης
2472 3477 2531 3512 τε
2555 3450 2930 3532 πρωτὲκδικος
2961 3451 3035 3504 ὥν
3066 3446 3420 3518 Ἐκκλησίας,

2089 3555 2234 3611 9845
2270 3552 2376 3608 Καῖ
2405 3543 2767 3623 σκευοφύλαξ,
2800 3538 3127 3615 σύγκελλος,
3161 3535 3480 3610 οἰκονόμος,

2271 3636 2596 3714 Γηροκόμος
2625 3654 2684 3688 τε
2711 3634 2930 3688 Ῥωσῶν
2959 3629 3344 3702 Δεξιοκράτους

2273 3713 2516 3800 ΙΙοῖμνην
2547 3719 2808 3797 ποδηγῶν
2841 3719 2978 3796 πρὸς
3004 3717 3180 3790 νομὰς
3209 3713 3634 3794 ψυχοτρόφους.

2276 3815 2492 3875 Τούτου
2521 3811 2775 3878 θανόντος
2804 3812 3210 3868 Κωνσταντῖνος
3248 3801 3472 3875 Λευίτης

2274 3904 2372 3961 Καὶ
2403 3900 2740 3979 σκευοφύλαξ
2770 3898 2873 3965 τῆς
2904 3901 3037 3953 Θεοῦ
3064 3897 3115 3970 γ’
3145 3893 3494 3966 Ἐκκλησίας,

2095 4001 2239 4058 9850
2279 3992 2646 4070 Ιῐεριοδευτὴς
2677 3988 2915 4065 Θρᾴκης,
2949 3983 3282 4046 Μακεδονίας

2232 4093 2242 4100 ’
2278 4082 2620 4160 Ἀρχιθύτής
2651 4077 2892 4134 δὲδεικτο
2921 4082 3022 4160 τῆς
3053 4072 3405 4160 Ἐκκλησίας·

2279 4159 2590 4245 Σπουδαῖος
2621 4166 2780 4241 ἀνὴρ,
2817 4159 3219 4242 εὐσεϐοφρόνων
3249 4159 3434 4223 κλίος.

2276 4260 2489 4320 Τούτου
2518 4255 2922 4315 καταλύσαντος
2954 4251 3006 4308 ἒν
3036 4251 3211 4323 θρόνῳ
3246 4250 3387 4327 βίον,

2274 4348 2554 4424 Θεόδωρός
2581 4367 2665 4408 τις
2695 4345 2841 4420 ἱερὸς
2873 4345 3112 4418 Χριστοῦ
3143 4340 3310 4411 Θύτης

2095 4455 2238 4510 9855
2277 4446 2604 4518 Ἑκκλησίας
2634 4445 2681 4500 τ’
2713 4441 2776 4498 αῦ
2805 4442 2965 4517 ἱερῶν
2996 4445 3196 4495 σκευῶν
3229 4438 3428 4514 φύλαξ,

2271 4542 2492 4615 Ἀρχων
2530 4538 2708 4608 μονῶν
2740 4553 2818 4600 τε,
2851 4527 3148 4606 σύγκεΑλος
3177 4529 3275 4596 τὴν
3309 4527 3482 4599 ἀξίαν,

2269 4626 2600 4704 Προΐστπιται
2629 4621 2898 4678 κάλλιστα
2925 4625 3027 4688 τῆς
3060 4616 3407 4688 Ἐκκλησίας,

2270 4703 2473 4796 Ὀρθῶν
2505 4715 2816 4791 προμαχῶν
2847 4703 3078 4764 εὐσεϐῶν
3110 4728 3168 4762 τε
3200 4704 3518 4781 δογμάτων.

2166 4794 2378 4868 Τούτου
2412 4804 2656 4882 ῥιφέντος
2687 4798 2889 4860 ἀδίκως
2919 4797 3163 4869 ποίμνης
3195 4794 3414 4872 θρόνου,

2095 4903 2238 4959 9860
2274 4889 2550 4973 Κεώργιὸς
2579 4912 2663 4952 τις
2691 4883 2932 4957 εὐλαϐὴς
2960 4888 3200 4963 Χριστοῦ
3229 4885 3394 4955 Θύτης

2276 4984 2660 5056 Ἐκκλησίαςος
2683 4982 2896 5055 ἐγεστος
2929 4977 3002 5032 ὣν
3036 4975 3396 5054 σκευοφύλαξ,

2017 4491 2062 4555 D

2276 5076 2382 5134 Καὶ
2412 5070 2786 5146 ποιμενάρχου
2820 5065 3121 5144 σύγκελλος
3149 5066 3248 5134 τὴν
3282 5063 3455 5138 ἀξίαν,

2275 5161 2604 5236 Ἐκκλησίας
2639 5158 2833 5237 εἷ’ληφε
2861 5159 2959 5227 τὴν
2989 5153 3303 5233 προεδρίαν,

2276 5253 2489 5329 Νομεῦς
2517 5251 2717 5325 ἀγαθὸς
2749 5249 2836 5303 καὶ
2871 5251 3006 5304 Θεοῦ
3034 5245 3215 5318 νόμων
3243 5242 3439 5321 φύλαξ’

2098 5351 2242 5410 9865
2277 5348 2395 5422 Ἐφ’
2427 5343 2488 5397 οὗ
2517 5337 2760 5396 κελεύσει
2790 5335 3062 5412 κράτορος
3093 5333 3506 5389 Κωνσταντίνου

2279 5428 2639 5509 Ὀρθόφρονός
2666 5449 2727 5503 γε
2756 5423 3065 5495 τούπῖκλην
3099 5422 3443 5499 Πωγωνάτου

2277 5526 2474 5591 Ἐκτῆς
2503 5513 2765 5587 σεϐαστῆς
2791 5512 3021 5571 συνόδου
3053 5518 3194 5577 θεῖον
3228 5510 3417 5589 στίφος

2278 5620 2363 5672 Ἐν
2399 5604 2643 5688 βασιλίδι
2677 5603 2992 5670 συναλισθὶν
3023 5606 3092 5677 τῇ
3122 5599 3308 5671 πόλει,

3633 259 3744 316 360
