4004 6200
224 295 315 352 361

388 418 515 476 Ἐπί
541 441 605 497 γε
632 421 868 498 Χριστοῦ
895 424 994 479 τοῦ
1024 424 1374 500 θεανθρώπου
1405 425 1584 501 Λόγου

227 511 352 565 9870
392 515 590 572 Καλῶς
623 508 976 587 ἐδογμάτισεν
1010 509 1418 593 εὖσεϐοιρρονως

392 600 583 661 Διττᾶς
618 600 869 672 θελήσεις
897 602 987 657 καὶ
1019 603 1203 680 φύσεις
1234 605 1547 679 ἡνωμὲνας,

389 696 429 744 K
474 691 489 710 ἱ
578 691 591 708 1
1133 693 1151 715 ἰ

435 711 490 744 αι
520 711 697 745 πάντα
725 692 1061 768 κατῄσχυνεν
1079 695 1442 772 Οιοφυσίτην,

389 784 467 840 Οὗ
494 786 657 857 γῆθεν
692 784 1000 859 ἀπάραντος
1042 786 1120 850 εἷς
1145 787 1345 857 σκητὰς
1374 784 1501 859 ἄνω,

390 870 675 945 Θεόδωρος
706 872 772 927 αὖ
803 870 1179 948 ἀπολαμϐάνει
1216 876 1428 951 θρόνον.

221 966 348 1022 9875
388 965 596 1018 Τούτου
633 964 997 1037 μεταστάντος
1031 963 1089 1019 δὲ
1116 966 1251 1040 πρὸς
1282 967 1409 1022 Θεὸν
1447 966 1625 1041 μόρῳ,

384 1055 482 1109 Ἐκ
509 1051 805 1127 βασιλείων
832 1054 1137 1129 ἀσηκρῆτίς
1165 1076 1245 1117 τις
1280 1054 1495 1118 Παῦλος

387 1148 762 1215 Ποιμαντικῆς
791 1142 955 1220 ἔτυχε
984 1145 1073 1199 καὶ
1104 1142 1413 1219 προεδρίας,

390 1236 765 1303 Ποιμαντικῆς
796 1232 941 1303 ἄξιος
967 1232 1039 1287 ὥν
1072 1234 1161 1288 καὶ
1191 1238 1288 1287 τοῦ
1329 1235 1541 1307 θρόνου.

386 1320 487 1375 Καὶ
514 1317 675 1375 τοῦδε
698 1321 762 1376 τὸ
796 1325 892 1390 ζῆν
922 1321 1355 1398 ἐκμετρήσαντος
1389 1321 1565 1398 μόρῳ,

218 1412 349 1467 9880
388 1408 720 1472 Καλλίνικός
752 1432 837 1475 τις
864 1409 1125 1487 γεννάδας
1154 1410 1436 1483 θυηπόλος

385 1499 487 1554 Καὶ
520 1498 857 1577 σκευοφύλαξ
890 1500 1222 1576 Βλαχερνῶν
1252 1500 1570 1573 ἐκκλησίας,

383 1590 547 1663 ’Δνὴρ
581 1587 739 1664 λόγῳ
777 1588 882 1664 βίῳ
910 1611 968 1644 τε
996 1591 1182 1652 καλῶς
1212 1589 1532 1663 ἐμπρέπων,

385 1675 582 1735 Λαϐὼν
615 1677 943 1755 ἐκυϐέρνησε
970 1682 1070 1750 τὴν
1104 1679 1451 1752 Ἐκκλησίαν·

381 1774 605 1827 Ὄθτινα
634 1771 995 1844 Ῥινότμητος
1027 1768 1153 1841 ἄναξ
1178 1768 1383 1832 ἀδίκως

217 1862 347 1917 9885
386 1861 569 1933 Πηρὸν
600 1857 876 1935 δεδρακὼς
910 1859 1178 1933 ἐξελαύνει
1208 1864 1305 1915 τοῦ
1335 1861 1551 1934 θρόνου.

434 1954 563 2023 ὖρον
599 1945 647 2002 δ’
674 1949 766 2003 ἀπ’
797 1947 1159 2025 Ἀμάστριδος
1188 1949 1404 2026 ἀγαγὼν
1448 1949 1613 2021 θύτην

380 2036 737 2113 Ἕγκλειστον
771 2033 919 2111 ὄντα,
944 2038 1325 2114 ποιμενάρχην
1357 2036 1610 2094 δεικνύει⁶

370 2128 470 2184 Ὃν
502 2127 843 2190 Φιλιππικὸς
874 2127 1131 2204 βασιλεὺς
1160 2130 1188 2183 ὁ
1216 2126 1497 2201 Βαρδάνης

368 2218 824 2292 Ὑπερμαχοῦντα
856 2214 1146 2292 δογμάτων
1174 2221 1284 2273 τῶν
1325 2218 1514 2273 ἐνθέιυν

207 2304 333 2359 Q90
370 2305 577 2379 Θρόνου
606 2325 666 2359 τε
696 2305 938 2378 ποίμνης
967 2305 1241 2369 ἀπελάσας
1271 2302 1493 2376 ἀδίκως,

360 2394 745 2464 Ἀντικαθιστᾷ
779 2392 999 2465 Αευΐτην
1036 2395 1310 2466 Ἰωάννην.

363 2483 526 2536 Ὄντα
556 2480 1001 2558 χαρτουλλάριον
1035 2482 1385 2557 οἷκονομείου

362 2566 573 2645 Ἀνδρα
605 2572 890 2647 στυγητὸν,
923 2570 1229 2647 Εὐτυχοῦς,
1261 2572 1562 2648 Διοσκόρου

360 2659 681 2736 Ὀμόφρονα
716 2659 923 2732 μύστην
956 2682 1036 2730 τι,
1064 2668 1164 2730 τῆς
1192 2662 1434 2734 ποίμνης
1474 2662 1664 2733 λύκον,

204 2747 327 2802 9895
361 2748 459 2808 ’Ὀς
490 2743 758 2821 ἐξεϐλήθη
791 2753 888 2804 τοῦ
918 2749 1113 2824 θρόνου
1143 2749 1273 2823 μάλ’
1303 2749 1547 2815 ἐνδίκως.

360 2836 537 2906 Θύτης
573 2836 630 2892 δὲ
659 2839 895 2915 Χριστοῦ
924 2838 1013 2893 καὶ
1044 2840 1244 2913 νομεὺς
1274 2840 1627 2918 ψυχοτρόφος

356 2932 511 2990 Θεῖος
544 2928 815 3001 Γερμανὸς
844 2929 1061 3003 ἀρεταῖς
1093 2928 1327 3001 λάμπων
1362 2929 1572 3006 λόγοις,

358 3016 481 3072 Ἑπὶ
515 3015 746 3092 λυχνίαν
779 3016 1007 3081 ἐντεθεὶς
1040 3015 1113 3080 ὣς
1141 3040 1225 3080 τις
1259 3016 1462 3094 λύχνος

356 3106 468 3173 Τῆς
502 3106 918 3161 Κωνσταντίνου
947 3110 1027 3178 τῷ
1057 3108 1338 3181 περιόπτῳ
1371 3107 1568 3182 θρόνῳ,

194 3191 323 3247 9900
358 3192 535 3268 Λόγον
571 3191 828 3269 διδαχαῖς
860 3193 1277 3269 κατελάμπρυνε
1306 3195 1476 3251 κτίσιν
1505 3198 1640 3270 (90).

353 3283 544 3343 Ὅστις
577 3278 915 3357 προϐληθεὶς
945 3285 1328 3359 ποιμενάρχης
1362 3284 1596 3353 Κυζίκου

356 3372 455 3426 Καὶ
485 3378 605 3433 τοῖς
636 3371 807 3427 ἐκεῖσε
839 3373 917 3445 μὴ
952 3370 1163 3447 δεχθεὶς
1196 3372 1294 3427 οὐκ
1324 3370 1426 3427 οἶδ’
1458 3374 1608 3439 ὅπως

355 3460 524 3528 ’Υπῆν
568 3458 861 3535 σχολάζων
893 3459 985 3515 τὸν
1021 3458 1283 3533 διαμέσου
1314 3462 1538 3537 χρόνονο

357 3549 681 3612 Μετατεθείς
713 3546 769 3604 δὲ
798 3550 935 3623 πρὸς
969 3549 1294 3619 Βυζαντίδος
1327 3552 1541 3625 θρόνον,

192 3636 320 3693 9905
356 3638 605 3712 Ιιοίμνην
637 3636 1025 3715 καθωδήγησεν
1046 3636 1477 3714 εὐσεϐοφρόνως,

353 3726 517 3784 Τοόδ⁹
550 3726 951 3793 ἀπελασθὲντος
982 3726 1038 3783 δὲ
1065 3733 1245 3791 κακῶς
1275 3733 1371 3784 τοῦ
1404 3729 1598 3804 θρόνου

363 3818 503 3892 Πρὸς
530 3820 803 3892 κράτορος
833 3820 1064 3880 Λέοντος
1095 3817 1144 3890 ἐξ
1180 3818 1444 3892 Ἰσαυρίας

360 3908 588 3979 Πρώτου
618 3901 896 3961 σεϐαστῶν
930 3907 1152 3961 εἰκόνων
1178 3906 1505 3978 καταλύτου,

360 3995 472 4072 Ἐφ’
504 3997 655 4070 ᾧπερ
691 3994 955 4071 ἐξηλεγχε
981 4001 1177 4051 τοῦτον
1208 3996 1422 4065 ἐνθέως,

187 4082 321 4139 9910
360 4082 525 4149 Νέκυς
552 4087 669 4157 (91)
699 4088 1051 4147 Ἀναστάσιος
1082 4084 1303 4140 εἲκόνων
1335 4085 1504 4155 λύτης

361 4169 730 4250 Πρεσϐύτερος
763 4173 1067 4248 σύγκελλος
1098 4175 1172 4229 ὥν
1202 4173 1552 4245 Ἐκκλησίας,
1620 4236 1665 4257 ,τ

361 4264 610 4335 Ποίμνην
640 4268 889 4334 τυραννεῖ
921 4258 1253 4336 παραλαϐὼν
1284 4263 1376 4317 τὸν
1411 4250 1629 4337 θρόνον..

360 4352 646 4414 Μισθωτὸς
680 4351 922 4426 οἰκτρὸς,
953 4349 1204 4423 ἄντικρυς
1237 4350 1402 4413 λύκος
1432 4352 1655 4428 φθόρος,

360 4440 453 4501 ’ος
486 4444 708 4515 πρῶτος
736 4442 968 4509 ἡθέτησε
995 4441 1165 4514 τιμὴν
1198 4440 1440 4495 εἰκόνων.

192 4527 327 4584 9915
360 4528 573 4584 Τούτου
606 4526 840 4583 διπλοῦν
869 4528 1091 4584 θάνατον
1131 4529 1519 4607 ὑφεστηκότος,

366 4623 771 4680 Κωνσταντῖνος
804 4616 992 4681 ἅθλιος
1026 4618 1266 4674 Συλαίου
1302 4618 1467 4681 λύκος

366 4707 701 4781 Ἀναστασίῳ
731 4709 885 4763 πάντ’
916 4707 1114 4771 ἐοικὼς
1143 4708 1218 4771 είς
1250 4703 1428 4777 σέϐας,

370 4797 594 4873 Σχολὴν
626 4796 794 4875 ἄγων,
826 4799 1037 4872 ἥρπασε
1064 4800 1154 4855 τὸν
1191 4806 1333 4864 θεῖον
1368 4800 1581 4874 θρόνον·

367 4889 587 4944 ’Ὀντινα
619 4888 1016 4962 Κοπρώνυμος,
1050 4888 1181 4943 αἰνῶ
1208 4890 1275 4957 α’,
1305 4887 1349 4943 ὦ
1382 4886 1530 4960 δίκη,

196 4974 332 5030 9920
370 4977 567 5048 Θρόνου
597 4978 944 5039 κατασπάσας
973 4998 1033 5053 γε
1060 4977 1149 5031 καὶ
1185 4976 1315 5050 μάλ’
1347 4975 1592 5047 ἐνδίκως,

367 5066 467 5136 (ού
500 5066 733 5127 πίστεως
764 5066 828 5119 αὗ
861 5063 985 5120 οὐδὲ
1017 5064 1302 5142 δογμάτων
1336 5067 1520 5143 χάριν)

367 5155 593 5225 Ἐθηκεν
622 5154 896 5232 ἐξόριστον
930 5155 1003 5218 εἰς
1031 5154 1344 5231 ἀλλοτρίαν·

1749 302 2111 365 CESABES.

1897 432 1952 498 Α
1983 431 2054 486 de
2083 431 2297 488 Christi
2329 434 2501 490 Verbi
2533 437 2787 493 essentia
2814 438 3261 514 theanthropica

1980 525 2198 577 rectam
2232 525 2584 581 sententiam
2615 527 2859 597 protulit
2884 534 2940 585 et
2970 530 3343 603 catholicam,

1980 610 2129 666 duas
2150 610 2483 669 voluntates
2515 620 2778 672 statuens
2808 622 2865 673 et
2894 619 3041 675 duas
3072 625 3317 677 naturas

1979 701 2362 769 conjunctae;
2396 720 2600 760 omnes
2631 706 2923 763 damnans
2958 708 3421 783 MonOphysitas.

1979 788 2222 861 Georgio
2256 807 2387 846 mox
2416 792 2700 850 translato
2732 798 2802 850 ad
2831 797 3000 853 sedes
3030 815 3293 869 superas,

1976 875 2189 933 iterum
2221 879 2557 936 Theodorus
2588 883 2808 955 recepit
2840 886 3078 957 pedum.

1977 965 2100 1029 Quo
2126 970 2465 1024 transeunte
2496 972 2566 1025 ad
2600 973 2911 1029 Dominum
2945 992 3047 1047 per
3077 977 3327 1048 obitum,

1976 1053 2191 1111 Paulus
2220 1057 2316 1127 qui
2350 1058 2406 1111 in
2441 1060 2600 1131 regia
2631 1066 2752 1116 erat
2781 1079 2814 1117 a
2845 1065 3083 1120 secretis

1975 1146 2350 1215 patriarchali
2383 1148 2603 1206 honore
2632 1151 2952 1222 insignitus
2986 1153 3120 1221 fuit,

1975 1233 2187 1305 dignus
2219 1253 2415 1293 revera
2446 1240 2725 1309 postorali
2762 1258 3025 1298 munere.

1972 1326 2111 1378 Post
2142 1325 2295 1381 hunc
2320 1331 2619 1385 communi
2652 1331 2769 1385 fato
2801 1336 3140 1404 exemptum
3172 1333 3340 1404 vivis,

1972 1411 2287 1471 Callinicus
2316 1417 2586 1489 egregius
2617 1418 2718 1474 Dei
2749 1422 3024 1477 sacerdos

1971 1501 2029 1556 in
2056 1501 2507 1560 Blachernarum
2542 1507 2763 1580 templo
2792 1526 3069 1566 vasorum
3103 1517 3318 1580 custos,

1968 1590 2059 1647 vir
2088 1590 2297 1647 litteris
2324 1597 2379 1648 et
2404 1595 2668 1651 moribus
2700 1602 2999 1667 spectatus
3033 1601 3378 1669 admodum,

1969 1677 2240 1736 Ecclesiae
2271 1697 2473 1737 curam
2504 1686 2900 1755 gubernanda:
2923 1690 3149 1759 excepit
3183 1705 3197 1743 :

1890 1784 1940 1850 B
1973 1784 2146 1839 quem
2171 1769 2580 1826 Rhinotmetus
2611 1776 2799 1829 Caesar
2826 1773 3027 1845 iniquo
3059 1777 3229 1846 jussu

1973 1857 2160 1913 oculis
2191 1864 2541 1915 excaecatum
2576 1862 2714 1917 sede
2746 1863 2974 1934 pepulit
3005 1880 3020 1919 :

1971 1946 2398 2021 substituitque
2427 1950 2639 2022 Cyrum
2672 1966 2741 2006 ex
2769 1951 3105 2008 Amastride

1967 2036 2396 2108 presbyterum,
2431 2054 2461 2093 e
2495 2040 2801 2097 monachis
2832 2058 2977 2113 quos
3007 2042 3175 2098 aiunt
3204 2042 3487 2102 inclusos.

1963 2125 2071 2179 Sed
2104 2125 2263 2182 hunc
2294 2127 2489 2183 divina
2520 2130 2798 2202 dogmata
2828 2136 3084 2187 tuentem

1963 2211 2329 2287 Philippicus
2358 2218 2650 2274 Bardanes
2683 2220 2906 2291 potitus
2938 2224 3166 2293 sceptro

1959 2304 2253 2359 sententia
2282 2304 2505 2376 injusta
2535 2308 2761 2379 pepulit
2792 2308 2952 2379 ovili,

1956 2388 2310 2463 levitamque
2341 2396 2410 2449 ad
2447 2397 2646 2451 sedem
2676 2397 2963 2453 Joannem
2998 2399 3228 2473 extulit,

1955 2480 2057 2550 qui
2090 2489 2490 2540 oeconomatus
2522 2490 2649 2541 erat
2678 2486 3099 2555 chartularius,

1954 2568 2417 2627 abominandum
2450 2573 2775 2645 hominem,
2808 2576 3115 2648 Eutycheti

1952 2657 2349 2732 Dioscoroque
2380 2663 2668 2730 deditum,
2704 2664 2761 2719 in
2793 2681 2969 2737 grege
3000 2666 3244 2739 lupum;

1951 2746 2050 2817 qui
2082 2749 2318 2804 demum
2353 2752 2490 2806 sede
2524 2752 2731 2822 pulsus
2761 2758 2850 2808 est
2872 2754 3230 2824 justissime.

1946 2839 2229 2894 Sacerdos
2263 2845 2459 2896 autem
2493 2842 2704 2898 Christi
2736 2848 2793 2898 et
2825 2850 3026 2914 pastor
3058 2847 3245 2901 bonus

1948 2926 2116 2982 divus
2146 2927 2496 2997 Germanus,
2532 2931 2741 2987 litteris
2772 2949 2838 2987 ac
2869 2933 3183 2989 virtutibus

1948 3014 2291 3086 splendens,
2315 3017 2555 3073 lucerna
2584 3019 2759 3073 veluti
2789 3020 2846 3073 in
2880 3020 3255 3089 candelabro,

1950 3120 1979 3159 e
2012 3104 2329 3175 Byzantina
2359 3107 2585 3161 eminus
2617 3107 2932 3175 conspicua
2964 3110 3101 3163 sede

1946 3192 2237 3248 sermonis
2272 3193 2611 3265 magisterio
2642 3195 2872 3250 effulsit
2899 3197 3045 3250 orbi.

1944 3281 2356 3351 Cyzicenorum
2392 3288 2589 3354 pastor
2618 3282 2840 3339 electus
2876 3286 3101 3353 fuerat;

1944 3372 2045 3425 sed
2078 3370 2277 3426 nescio
2308 3388 2413 3427 cur
2443 3372 2514 3427 ab
2545 3372 2664 3428 illis
2698 3390 2812 3428 non
2846 3380 3137 3446 receptus,

1944 3460 2181 3515 interim
2215 3462 2433 3516 mansit
2464 3478 2669 3532 expers
2701 3461 3031 3519 ministerio
3068 3480 3081 3519 :

1947 3556 2150 3622 postea
2177 3551 2495 3606 translatus
2527 3552 2596 3606 ad
2631 3552 3009 3623 Byzantinam
3042 3554 3243 3609 sedem

1943 3656 2177 3711 gregem
2202 3640 2602 3696 Christianum
2632 3641 2807 3697 rectis
2840 3642 3087 3697 minavit
3117 3642 3365 3699 semitis.

1943 3730 2051 3783 Sed
2085 3729 2238 3784 enim
2271 3729 2428 3785 hunc
2460 3730 2701 3785 sceleste
2739 3730 2987 3787 detraxit
3020 3732 3156 3787 sede

1945 3819 2052 3873 Leo
2084 3818 2275 3872 Czesar
2308 3820 2624 3883 Isauricus,
2659 3822 2760 3891 qui
2794 3820 3010 3875 bellum

1945 3907 2171 3978 primus
2201 3907 2413 3961 indixit
2443 3910 2666 3963 sanctis
2692 3908 3073 3978 imaginibus,

1943 3998 2287 4068 objurgante
2320 3997 2598 4052 divinitus
2630 3999 2939 4053 Germano.

1944 4086 2241 4141 Successit
2271 4085 2417 4140 falso
2450 4087 2688 4141 nomine
2720 4086 3069 4141 Anastasius

1943 4173 2244 4245 presbyter
2273 4178 2326 4228 et
2360 4173 2655 4246 syncellus
2686 4175 2743 4229 in
2776 4174 3055 4238 Ecclesia,

1941 4262 2039 4317 sed
2063 4261 2480 4317 iconomachus
2512 4266 2568 4316 et
2596 4266 2885 4333 tyrannus
2918 4262 3136 4335 gregis,

1944 4351 2341 4406 mercenarius
2373 4351 2571 4421 miser,
2602 4351 2781 4422 lupus
2807 4351 3111 4419 exitiosus,

1945 4441 2044 4512 qui
2075 4440 2355 4495 honorem
2393 4440 2620 4511 primus
2651 4439 2952 4511 abrogavit
2982 4441 3331 4513 imaginum.

1867 4499 1914 4564 D
1948 4499 2065 4584 θοι)
2095 4499 2411 4600 temporali
2440 4537 2622 4584 morte
2654 4499 2985 4601 aeternaque
3015 4499 3329 4599 exsutincto,

1948 4618 2150 4675 infelix
2181 4618 2600 4673 Constantinus
2628 4617 2793 4690 Sylaai
2824 4617 3028 4691 lupus,

1952 4725 2056 4779 par
2084 4707 2393 4763 Anastasio
2426 4708 2719 4779 dogmatis
2750 4708 3070 4779 impietate,

1952 4798 2330 4851 munere‘suo
2362 4812 2605 4862 vacuus,
2637 4796 2849 4852 invasit
2878 4798 3075 4853 sedem
3102 4814 3117 4853 :

1952 4901 2124 4956 quem
2156 4889 2557 4958 Copronymus
2590 4890 2808 4953 tamen,
2840 4887 2950 4942 vah
2979 4887 2991 4942 l
3018 4888 3185 4958 justa
3215 4902 3386 4960 pmna

1953 4974 2089 5028 sede
2120 4974 2369 5029 detraxit
2398 4991 2536 5030 sane
2569 4974 3069 5031 merentissimum

1952 5062 2348 5134 (nequaquam
2385 5063 2519 5117 ﬁdei
2552 5080 2731 5119 causa
2760 5081 2951 5135 neque
2980 5065 3371 5138 dogmatum),

1953 5155 2011 5205 et
2041 5152 2241 5222 procul
2277 5152 2419 5207 urbe
2450 5152 2676 5223 pepulit
2704 5159 2990 5209 extorrem
3030 5171 3042 5209 :

3526 313 3635 379 362

260 5338 374 5418 (90)
402 5339 887 5418 Germani‘hujus
920 5340 1581 5418 proliaumTractatum
1614 5340 1844 5418 devites

1967 5330 2542 5418 Lum‘ex‘alio‘cod'i‘ce
2571 5332 2857 5418 protuli..
2912 5406 2927 5418 _
3111 5409 3120 5418 _
3234 5406 3245 5418 .
3350 5405 3362 5418 .
3452 5402 3464 5415 ν

196 5403 642 5487 “nmquam,
676 5403 984 5487 ίρθάίωᾲἔ,
1006 5412 1185 5487 [ἔφη
1212 5412 1270 5466 in
1305 5412 1670 5487 0911ec§ioni3
1688 5413 1843 5487 γεμί,
1957 5473 1994 5487 η
2024 5403 2136 5474 (91)
2169 5405 2409 5487 argutia
2438 5404 2746 5487 Ephraemii
2776 5409 2866 5461 est
2897 5406 3287 5487 decen-traria
3316 5403 3604 5487 significa-

194 5495 353 5555 με,
377 5481 673 5539 volumine
700 5485 743 5553 l’
866 5473 1147 5552 285.315;
1206 5485 1362 5555 quod
1408 5484 1695 5555 scriptum
1953 5473 2113 5529 tione
2153 5474 2307 5535 νέκυς
2351 5488 2409 5532 et.
2452 5473 2801 5549 ἀναστάσιος,
2830 5478 2998 5549 quasi
3047 5473 3479 5548 viviﬁcangvel
3507 5489 3603 5528 re-

199 5499 345 5535 sane
377 5499 673 5539 voxumnne
700 5499 743 5553 ι,
822 5524 832 5537 .
866 5499 1147 5552 uso-51:);
1206 5499 1362 5555 quoa
1408 5499 1695 5555 scriptum
1728 5499 1841 5539 sim
1955 5499 2113 5529 ιιυυυ
2153 5499 2202 5527 νε

199 5550 433 5627 Photius
462 5556 519 5610 in
552 5499 1063 5627 Amphiﬁichianis
1092 5560 1501 5627 usurpaverat,
1532 5556 1627 5627 uti
1668 5553 1841 5612 docui
1951 5561 2202 5617 δανθεηεο

196 5623 323 5681 eoll.
357 5629 530 5697 prad.
561 5631 604 5682 t.
639 5623 712 5698 II,
740 5643 796 5700 p.
828 5626 957 5699 682,
991 5627 1092 5683 ubi
1121 5623 1389 5698 ejusdem
1441 5626 1845 5699 complemen-

508 5743 775 5806 ΡΑτιιοι..
824 5744 935 5805 Gl.
989 5741 1248 5804 CXLIII.

3207 5744 3285 5805 12
