4034 6200
328 294 440 352 363
577 257 582 264 ’
1160 271 1164 277 ’
1539 283 1910 340 EPHREMII

1160 271 1164 277 ’
1539 283 1910 340 EPHREMII
1947 281 2521 338 CHRONOGRAPHI

329 419 540 476 deinde
572 432 778 472 rursus
806 412 1150 484 Byzantium
1182 415 1539 482 revocatum,

332 506 794 580 impositumque
825 500 1005 558 asello
1036 501 1468 567 circumduxit;

333 598 594 665 dumque
622 593 933 648 ederentur
965 589 1088 646 ludi
1120 591 1180 644 in
1213 589 1404 645 stadio
1434 592 1756 658 equestres,

334 685 615 740 miserum
647 679 768 735 illic
790 680 976 750 jussit
1006 678 1266 733 truncari
1299 677 1489 749 capite
1524 695 1536 732 :

329 786 506 843 quem
538 773 674 824 ante
704 772 1030 824 extremum
1062 767 1732 836 ictumyinterrogarunt,

328 865 528 914 utrum
560 857 831 930 probaret
863 856 1152 927 synodum
1186 854 1633 912 Iconomacham
1663 873 1677 921 ;

329 963 388 1013 et
419 970 760 1029 quanquam
792 953 938 1008 dixit
967 958 1121 1008 recte
1149 952 1406 1008 sensisse
1435 952 1752 1023 synodum,

332 1045 518 1101 nihilo
543 1049 740 1100 tamen
778 1043 977 1097 minus
1007 1046 1362 1097 truncarunt
1391 1039 1604 1112 capite.

335 1134 632 1191 Successit
654 1131 792 1187 huic
823 1131 1057 1186 Nicetas
1087 1129 1396 1186 eunuchus
1428 1145 1654 1196 servus,

334 1223 455 1280 imo
489 1221 850 1292 mancipium
879 1219 991 1275 vile
1019 1224 1078 1275 et
1109 1219 1587 1288 inscitissimum,

336 1312 748 1386 Apostolorum
778 1311 1086 1383 presbyter
1115 1309 1173 1364 in
1208 1310 1350 1377 (ede,

341 1398 846 1472 scevophylaxque
875 1397 1079 1468 templi
1109 1397 1676 1468 Chalcopratiorum,

343 1491 665 1544 advocatus
696 1485 963 1542 Ecclesiae
990 1491 1046 1541 et
1077 1485 1506 1555 coenobiarcha,

341 1583 680 1634 sanctarum
715 1574 929 1631 Christi
960 1575 1288 1646 imaginum
1321 1575 1676 1644 destructor,

343 1667 443 1738 qui
476 1665 716 1737 irrepsit
746 1665 807 1719 in
839 1663 988 1719 ovile
1020 1669 1302 1734 tanquam
1336 1663 1483 1718 lues.

343 1759 484 1812 Post
513 1756 672 1811 hunc
704 1753 965 1812 Nicetam
998 1753 1058 1806 in
1091 1752 1282 1808 ofﬁcio
1315 1756 1615 1807 mortuum

343 1845 561 1901 Paulus
591 1844 777 1916 Cypro
809 1842 1094 1897 oriundus
1126 1847 1184 1897 et
1211 1843 1299 1896 vir
1330 1841 1536 1908 laicus,

344 1949 537 2006 neque
568 1948 869 1989 sacrarum
899 1935 1210 1987 venerator
1241 1931 1589 2003 imaginum,

344 2024 416 2079 ad
450 2021 882 2079 hierarchicum
915 2020 1072 2076 venit
1103 2021 1520 2093 principatum.

344 2112 449 2167 Hic
483 2111 686 2166 morbo
720 2114 990 2181 arreptus
1022 2109 1364 2164 cathedram
1397 2108 1677 2179 deseruit,

345 2205 720 2270 atratumque
753 2205 810 2255 et
839 2205 1078 2254 tonsum
1109 2215 1172 2254 se
1203 2198 1338 2253 fecit
1370 2198 1748 2268 monachum,

346 2306 600 2345 mcerens
631 2289 957 2361 lugensque
988 2289 1142 2360 quod
1179 2288 1386 2343 fuisset
1411 2288 1625 2360 pressu!

347 2380 490 2436 dum
524 2385 828 2436 vexaretur
858 2379 1189 2435 miserrime
1222 2377 1502 2448 Ecclesia,

349 2475 407 2526 et
438 2473 590 2542 quod
627 2471 916 2541 imagines
949 2469 1058 2525 coli
1091 2469 1397 2525 vetuisset.

348 2560 516 2615 Hunc
546 2559 910 2614 internuntio
942 2557 1126 2613 misso
1158 2562 1496 2628 regnatores

355 2649 641 2720 quidnam
675 2647 996 2720 gerendum
1023 2651 1181 2702 esset
1213 2647 1646 2717 interrogarunt
1678 2663 1691 2700 :

349 2746 658 2817 respondit
687 2745 759 2814 is,
792 2745 1112 2816 cogendam
1145 2759 1274 2798 esse
1306 2743 1596 2814 synodum

349 2852 480 2906 qua:
515 2833 690 2890 malis
713 2833 943 2890 obviam
979 2834 1089 2888 iret
1117 2832 1560 2901 mcumenicam,

350 2924 752 2996 onitatemque
784 2921 1046 2978 Ecclesiae
1078 2922 1524 2992 procurandum,

351 3028 540 3085 neque
574 3012 784 3069 salutis
815 3010 992 3068 aliam
1022 3027 1187 3083 spem
1219 3027 1348 3067 esse
1380 3010 1688 3082 reliquam.

351 3103 440 3159 Illi
473 3103 721 3158 remisso
753 3102 981 3172 nuntio,
1010 3101 1297 3173 rogabant
1326 3101 1518 3156 denuo
1551 3116 1566 3155 :

350 3193 468 3248 Cur
497 3197 694 3247 autem
730 3197 792 3247 tu
825 3208 960 3247 cum
994 3191 1332 3247 cathedram
1368 3191 1562 3246 adires

347 3281 614 3336 colendis
634 3279 995 3352 imaginibus
1023 3280 1376 3335 interdixisti
1396 3277 1423 3332 ‘I

351 3369 454 3426 Ille
479 3369 766 3424 incusavit
797 3369 1135 3441 principum
1166 3369 1490 3423 vesaniam.

356 3458 426 3512 Et
457 3473 612 3510 nunc
639 3456 709 3510 ad
743 3456 929 3510 Deum
961 3454 1309 3525 confugiens
1337 3470 1472 3508 cum
1507 3452 1784 3525 lacrymis

361 3543 751 3600 universalem
781 3543 1040 3614 judicem
1075 3542 1348 3597 exorabat

363 3650 435 3689 ne
467 3633 538 3688 de
569 3649 631 3688 se
658 3649 763 3688 ceu
797 3630 1477 3703 patriarchajudicaret;

364 3731 660 3804 pauloque
691 3734 822 3803 post
853 3729 1082 3784 devenit
1113 3730 1182 3783 ad
1214 3729 1344 3784 vitae
1367 3728 1708 3784 terminum.

366 3820 588 3876 Deinde
609 3835 837 3875 sacram
873 3817 1186 3874 illustravit
1217 3819 1415 3874 sedem

363 3911 640 3966 Tarasius
671 3915 844 3965 rectae
876 3908 1009 3963 ﬁdei
1043 3909 1334 3975 defensor,

357 3999 572 4056 litteris
602 4015 766 4071 aeque
796 4003 852 4055 et
883 3998 1147 4053 moribus
1175 3997 1447 4068 insignis,

362 4088 794 4159 protasecretis,
825 4087 1037 4143 nobilis
1071 4087 1253 4158 stirpe
1284 4090 1338 4141 et
1369 4088 1565 4142 animo
1601 4102 1613 4142 :

356 4177 467 4232 sub
499 4194 614 4248 quo
646 4176 914 4233 convenit
945 4177 1016 4232 ad
1047 4175 1340 4231 Nicaenam
1376 4177 1578 4231 urbem

352 4266 819 4321 venerandorum
847 4270 1084 4320 Patrum
1119 4264 1437 4319 concilium
1475 4264 1816 4336 septimum,

353 4354 455 4425 qui
486 4355 869 4410 decreverunt
899 4355 1082 4409 sacris
1116 4353 1478 4425 imaginibus

351 4445 713 4499 reddendum
745 4459 875 4499 esse
907 4448 969 4497 ut
995 4446 1166 4498 antea
1197 4442 1476 4498 honorem
1505 4442 1770 4498 debitum
1807 4459 1822 4498 :

351 4541 754 4614 Nicetamque,
790 4541 1192 4611 Anastasium,
1223 4548 1274 4596 et
1304 4541 1780 4612 Constantinum,

349 4631 741 4687 mercenarios
771 4646 988 4697 revera,
1025 4647 1138 4686 non
1173 4634 1460 4701 pastores,

347 4721 720 4776 anathemate
740 4721 904 4791 justo
933 4719 1329 4791 perculerunt.

340 4812 469 4866 Jam
501 4826 636 4865 cum
667 4809 942 4864 Tarasius
974 4809 1044 4864 ad
1077 4825 1349 4864 securum
1384 4814 1613 4880 portum

341 4914 411 4954 ex
441 4903 788 4970 tempestate
819 4899 944 4953 vita:
976 4898 1299 4970 appulisset
1331 4915 1564 4969 navem,

341 4987 500 5043 sedis
531 5005 597 5044 ac
629 5003 855 5044 morum
885 4989 1102 5060 pariter
1133 5005 1440 5044 successor

338 5073 700 5146 Nicephorus
731 5075 950 5131 electus
980 5081 1069 5131 est
1099 5076 1535 5147 protasecretis,

335 5162 425 5217 vir
453 5180 593 5220 sane
625 5165 807 5236 stirpe
842 5165 1021 5219 nobili
1052 5169 1108 5220 et
1140 5164 1425 5236 patricius

332 5251 664 5310 divinorum
699 5256 1046 5324 dogmatum
1078 5253 1322 5309 tutelam
1350 5268 1578 5321 gerens,

331 5346 503 5412 atque
533 5349 598 5399 ut
628 5360 734 5414 par
762 5348 887 5398 erat
915 5342 1132 5398 Christi
1166 5357 1399 5412 gregem
1433 5345 1765 5413 protegens.

328 5429 502 5486 Porro
531 5430 690 5487 hunc
720 5429 854 5486 ovili
888 5430 1113 5502 depulit
1144 5447 1209 5486 ac
1241 5430 1378 5486 sede

325 5519 644 5576 Armenius
676 5519 772 5574 ille
806 5520 1015 5575 merito
1042 5521 1238 5575 dictus
1272 5520 1406 5586 Leo,

325 5606 464 5678 quia
494 5609 881 5665 dissidentem
912 5609 1189 5682 dogmate
1219 5607 1454 5664 videbat

2007 411 2062 476 Α
2271 406 2366 460 Καὶ
2398 406 2719 482 καταγαγὼν
2751 403 2906 469 αὖθις
2937 401 3095 458 αὐτὸν
3129 401 3204 463 εἷς
3237 398 3406 456 πόλιν

2264 491 2620 557 Ἐπιϐιϐἀσας
2649 494 2742 550 καὶ
2775 488 3142 568 θριαμϐεύσας
3181 486 3294 562 ὄνῳ

2085 584 2228 639 9925
2263 583 2656 658 Ἱπποδρομίας
2689 583 2936 660 ἠγμένης
2965 581 3017 636 ἐν
3053 577 3256 651 σταδίῳ

2265 674 2537 747 Τέτμηκεν
2571 675 2737 729 αὐτοῦ⁹
2765 674 2865 742 τὴν
2898 668 3202 733 παναθλίαν
3234 666 3426 742 κάρανο

2267 763 2363 820 Ὃν
2391 762 2554 836 ἤρετο
2585 763 2711 838 πρὶν
2741 761 2984 817 ἐκλιπεῖν
3017 761 3158 836 ξίφει
3198 758 3341 834 βίον,

2270 851 2333 905 Εἰ
2366 850 2587 907 σύνοδον
2622 852 2856 928 στέργειε
2884 852 2982 919 τήν
3013 871 3140 919 κατ,
3172 847 3419 902 εἱκόνων.

2272 941 2370 995 Καὶ
2398 939 2562 1012 τήνδε
2591 940 2775 1003 καλῶς
2810 941 3057 1016 φαμένου
3089 936 3443 1012 δογματίσαι,

2093 1039 2236 1094 9930
2273 1038 2396 1113 Οὗχ
2418 1038 2583 1108 ἧττον
2615 1037 2944 1112 ἐκτέτμηκεν
2977 1037 3145 1091 αὐτοῦ
3169 1035 3270 1102 τὴν
3303 1032 3490 1108 χάραν

2274 1129 2403 1191 Μεθ’
2434 1128 2492 1181 ὃν
2524 1129 2763 1199 Νικήτας
2793 1125 3048 1198 ἐκτομίας
3083 1123 3358 1196 οἰκότριψ,

2275 1215 2506 1272 Μᾶλλον
2541 1215 2598 1272 δὲ
2627 1219 2718 1272 καὶ
2745 1214 3038 1292 τρίδουλος
3073 1215 3292 1287 ἀμαθὴς
3323 1213 3491 1279 πάνυ,

2281 1303 2656 1382 Πρεσϐύτερος
2691 1307 2787 1380 μὲν
2817 1306 3076 1380 κηρύκων
3111 1305 3262 1367 θείου
3294 1299 3498 1376 δόμου,

2290 1395 2441 1451 Ναοῦ
2472 1395 2809 1470 σκευοφύλαξ
2842 1393 2898 1449 δὲ
2932 1392 3412 1469 χαλκοπρατείων,

2099 1487 2244 1542 9935
2281 1488 2506 1561 ’Ἄρχων
2537 1485 2822 1558 σεμνείων,
2855 1479 3067 1545 ἔκδικός
3099 1484 3149 1537 τ’
3177 1480 3532 1552 Ἐκκλησίας,

2279 1576 2514 1646 Χριστοῦ
2548 1569 2817 1633 σεϐαστῶν
2851 1573 3075 1628 εἶκόνων
3105 1569 3456 1646 καθαιρετης,

2283 1666 2494 1738 Ποίμνῃ
2524 1666 2922 1740 παρεισέφρησε
2943 1663 3083 1726 καθά
3108 1682 3192 1722 τις
3225 1659 3402 1732 λύμη.

2025 1781 2076 1846 Β
2282 1753 2489 1810 Τούτου
2529 1751 2996 1828 καταστρέψαντος
3027 1750 3078 1806 έν
3114 1751 3291 1824 θρόνῳ
3327 1748 3467 1824 βίον,

2289 1844 2380 1898 Ἧκ
2409 1841 2617 1898 λαϊκῶν
2651 1841 2866 1903 ΙΙαῦλός
2895 1863 2978 1904 τις
3005 1840 3143 1914 ἀνὴρ
3176 1838 3458 1913 Κυπρόθεν

2109 1942 2250 1997 9940
2289 1939 2366 1997 Ού
2396 1941 2757 2014 χρηματίζων
2784 1939 3169 2012 προαυνητὴς
3211 1935 3454 2005 εἴκόνων,

2285 2027 2582 2106 Προεδρίαν
2617 2030 2840 2107 εἴληφεν
2869 2029 3179 2104 ἱεραρχίας.

2287 2117 2459 2180 Οὗτος
2491 2121 2731 2189 νοσήσας
2759 2118 2848 2172 καὶ
2873 2117 3050 2172 λιπὼν
3083 2113 3377 2189 προεδρίαν

2287 2210 2446 2282 Μονῇ
2477 2208 2797 2284 προσελθὼν
2826 2209 3062 2282 κείρεται
3101 2205 3480 2284 μελαμφόρος,

2289 2297 2518 2369 Στένων,
2552 2295 2798 2374 δακρύων
2833 2301 2918 2360 οἷς
2941 2298 3175 2370 κατέσχε
3203 2296 3294 2350 τὸν
3331 2294 3525 2369 θρόνον

2107 2388 2249 2443 9445
2287 2386 2612 2456 Ἐκκλησίας
2644 2386 2901 2462 αἴσχιστα
2930 2386 3396 2462 τυραννουμένης,

2287 2473 2386 2528 Καί
2419 2475 2614 2538 σεπτάς
2640 2476 2872 2546 ἠθέτησε
2899 2480 3062 2548 τιμᾷν
3097 2473 3336 2537 είκόνας⁹

2285 2565 2385 2619 Ὀν
2416 2564 2469 2618 οἱ
2503 2563 2885 2638 βασιλεύοντες
2915 2561 3316 2625 ἀπεσταλκότες

2287 2654 2522 2729 ’Ήροντο
2553 2653 2767 2716 τούτοις
2804 2651 3093 2718 ὑποθέσθαι
3126 2652 3388 2728 πρακτὲαο

2287 2743 2356 2798 Ἦ
2393 2739 2439 2796 δ’
2470 2743 2550 2812 ὃς,
2587 2740 2874 2798 Συνελθεῖν
2909 2739 3132 2796 σύνοδον
3167 2738 3251 2795 δεῖ
3279 2737 3535 2816 ῙΙατέρων

2109 2833 2252 2888 9950
2288 2831 2690 2904 Οἶκουμενικήν
2719 2831 2795 2896 είς
2824 2829 2964 2886 ί¹ασιν
2994 2839 3094 2900 τῆς
3121 2831 3306 2886 νόσου.

2293 2919 2633 2991 Ἐκκλησιῶν
2669 2923 2717 2985 θ’
2745 2918 2936 2976 ἕνωσιν
2968 2917 3408 2996 ἀπεσχισμένωνο

2290 3008 2516 3074 Ἀλλως
2543 3015 2730 3085 τυχεῖν
2758 3011 2862 3086 γὰρ
2893 3011 2992 3066 οὐκ
3023 3009 3096 3065 ἔνι
3130 3007 3430 3084 σωτηρίας.

2034 3137 2078 3206 c
2293 3100 2360 3156 Οἱ
2391 3095 2437 3153 δ’
2466 3099 2764 3176 ἀντεπῆγον
2794 3097 2927 3173 τῷδ’
2954 3099 3265 3162 ἐπιστάντες
3301 3095 3492 3152 πάλιν·

2301 3190 2344 3206 tr
2389 3189 2401 3204 I
2482 3193 2508 3204 ο
2747 3187 2771 3206 δ
2818 3189 2830 3206 1
2961 3188 2974 3206 \
3072 3188 3112 3206 "
3132 3187 3152 3206 Χ
3275 3185 3296 3206 Ἴ
3397 3181 3458 3206 ρο

2033 4501 2078 4566 D

2300 3189 2403 3245 Καὶ
2433 3193 2574 3260 πῶς,
2605 3187 2894 3264 προεδρίαν
2926 3188 2988 3244 σὺ
3023 3187 3245 3262 μέλλων
3275 3181 3602 3260 λαμϐάνειν,

2121 3285 2264 3341 9955
2305 3285 2714 3360 Ἀπηγόρευσας
2745 3286 3113 3361 προσκύνησιν
3157 3286 3420 3355 είκόνων;

2297 3379 2353 3427 Ὁ
2383 3371 2430 3428 δ’
2461 3373 2525 3429 αὖ
2555 3375 2896 3450 κρατούντων
2925 3377 3117 3450 ᾐτιᾶτο
3153 3373 3366 3448 μανίαν·

2301 3465 2458 3521 ’Όθεν
2487 3465 2687 3519 στένων
2715 3469 2806 3519 νῦν
2833 3465 3260 3543 προσπεφευγὼς
3292 3461 3477 3538 Κυρίῳ

2299 3553 2668 3608 Κατικετεύων
2702 3551 2952 3630 λιπαρῶς
2983 3555 3176 3627 κριτὴν
3206 3552 3375 3623 ὅλων,

2297 3643 2386 3706 Ὡς
2415 3645 2797 3718 ποιμενάρχην
2834 3646 2908 3716 μὴ
2941 3644 3192 3717 κριθῆναί
3239 3662 3305 3714 με
3328 3642 3528 3715 κρίσει⁶

2119 3733 2262 3787 9960
2302 3731 2452 3789 Μετᾶ
2481 3729 2536 3786 δὲ
2569 3733 2762 3807 μικρὸν
2796 3731 3086 3787 ἀπολείπει
3113 3732 3205 3786 τὸν
3241 3731 3377 3806 βίον.

2296 3823 2426 3876 Μεθ’
2457 3822 2514 3875 ὃν
2545 3822 2908 3898 κατηγλὰϊσεν
2939 3823 3084 3894 ἱερὸν
3113 3822 3305 3896 θρόνον

2297 3911 2564 3984 Ταράσιος
2596 3915 2891 3986 πρόμαχος
2925 3907 3261 3985 όρθοδοξίας,

2297 3999 2688 4072 Κοσμούμενος
2721 4000 2825 4076 βίῳ
2853 4021 2912 4054 τε
2938 3999 3180 4075 λαμπρῷ
3209 3998 3298 4053 καὶ
3330 3997 3509 4070 λόγῳ⁹

2297 4094 2778 4162 Πρωτασηκρῆτις,
2812 4089 3039 4163 εὐγενὴς
3069 4088 3278 4163 ψυχὴν,
3313 4083 3502 4159 δέμαςο

2115 4179 2258 4234 9965
2293 4179 2412 4252 Ἐφ’
2442 4177 2503 4232 οὗ
2535 4178 2760 4248 συνέστη
2794 4179 2929 4233 κατᾶ
2950 4177 3171 4232 Νίκαιαν
3205 4175 3369 4231 πόλιν

2292 4272 2401 4335 Τῆς
2431 4263 2673 4339 ἑϐδόμης
2707 4269 2979 4342 ἄθροισμα
3010 4270 3215 4321 σεπτῶν
3249 4263 3528 4339 Πατέρων·

2291 4353 2357 4414 Ο’ί
2387 4358 2475 4411 καὶ
2507 4362 2761 4430 κυροῦσιν
2795 4357 3003 4418 εἶ’κόνας
3035 4351 3332 4429 σεϐασμίας

2291 4446 2378 4506 Ὠς
2407 4445 2532 4519 πρὶν
2559 4451 2722 4519 τιμᾷν
2753 4468 2811 4501 τε
2841 4447 2928 4501 καὶ
2961 4441 3133 4500 σέϐειν
3163 4443 3392 4513 ἐπαξίως

2284 4533 2454 4589 Νέκυν
2486 4532 2532 4588 δ’
2563 4536 2912 4590 Ἀναστάσιον
2940 4534 3030 4589 καὶ
3063 4536 3472 4587 Κωνσταντῖνον

2104 4632 2246 4686 9970
2286 4629 2390 4684 Σὺν
2417 4635 2496 4702 τῷ
2524 4633 2738 4702 Νικήτᾳ
2769 4631 3016 4705 μισθίους
3046 4629 3108 4685 οὗ
3141 4628 3410 4702 ποιμένας

2281 4723 2605 4794 Ἀναθέματι
2637 4721 2962 4798 παρέδωκακ
2992 4720 3242 4783 εἰκότως.

2281 4811 2422 4882 Πρὸς
2453 4811 2722 4884 νηνέμους
2755 4809 2812 4866 δὲ
2843 4809 3076 4885 λιμένας
3107 4807 3380 4885 Ταρασίου

2281 4899 2404 4954 Βίον
2431 4900 2861 4973 καθορμίσαντος
2893 4900 2953 4955 ἐκ
2982 4900 3272 4975 τρικυμίας

2279 4986 2549 5064 Διάδοχος
2583 4991 2775 5065 θρόνου
2805 5011 2863 5045 τε
2888 4987 3049 5044 τοῦδε
3079 4988 3169 5044 καὶ
3190 4983 3398 5064 τρόπου

2097 5080 2240 5135 9975
2277 5079 2594 5154 Νικηφόρος
2627 5076 2867 5134 δέδεικτο
2898 5085 3381 5154 πρωτασηκρῆτις.

2275 5168 2442 5241 Ἀνήρ
2470 5189 2552 5229 τις
2585 5162 2755 5232 ὅντως
2785 5168 3023 5242 εὐγενὴς,
3061 5163 3415 5240 εὐπατρίδης,

2272 5254 2711 5330 Προκινδυνιύων
2747 5255 3036 5333 δογμάτων
3063 5261 3174 5310 τῶν
3209 5254 3432 5320 ἐνθέων.

2267 5349 2510 5418 Χριστοῦ
2538 5367 2595 5401 τε
2625 5345 2869 5419 ποίμνης
2903 5343 3223 5421 ὓπεραθλῶν
3249 5345 3324 5406 ὠς
3357 5344 3537 5417 θέμις,

2268 5434 2490 5490 Ὀντινα
2514 5435 2754 5508 ποίμνης
2787 5433 3061 5497 ἀπελάσας
3094 5433 3186 5488 καὶ
3217 5434 3414 5508 θρόνου

2088 5525 2230 5580 9980
2269 5523 2354 5594 Ἐξ
2381 5523 2677 5598 Ἀρμενίας
2709 5525 3062 5599 θηριώνυμος
3096 5523 3246 5579 Λέων

2264 5614 2363 5676 Οἷς
2395 5618 2812 5691 συμφρονοῦντα
2845 5611 3118 5689 μηδαμῶς
3149 5608 3295 5689 ἔχων
3330 5605 3489 5674 σέϐας
