4034 6200
350 377 462 436 367
1575 363 1943 418 ΕΡΗΒΕΜῙ]

2180 360 2552 418 NOGRAPHI
3665 348 3773 406 368

2334 488 2427 539 Ὃν
2466 481 2720 556 ἐξελάσας
2756 479 2853 535 τοῦ
2884 478 3085 555 θρόνου
3116 475 3282 554 σοφὸς
3311 475 3462 530 Λέων

2341 571 2718 648 Τετραγαμίας
2752 569 2885 645 ἄγος
2916 567 2977 624 ού
3008 565 3346 643 δεδεγμένον,

2343 660 2614 734 Εὗθύμιον
2651 658 2951 735 σύγκελλον
2985 653 3344 731 ἐγκαθιδρύει.

353 507 524 558 Hunc
553 495 826 570 spoliavit
854 493 1080 548 honore
1109 491 1222 546 Leo
1251 489 1497 561 Sapiens
2037 481 2094 548 Α

353 593 592 664 quartas
620 587 917 642 vetantem
951 578 1243 638 celebrari
1277 577 1536 650 nuptias,

350 675 788 752 syucellamque
819 670 1220 742 Euthymium
1252 685 1352 740 pro
1383 684 1450 724 eo
1481 664 1813 723 constituit.

362 767 579 822 Verum
613 763 720 819 hoc
753 761 885 834 ipso
917 760 1203 832 dignitate
1235 762 1406 813 exuto

359 855 577 912 iterum
611 850 888 908 Nicolaus
918 849 1137 920 recepit
1163 848 1383 904 sedem.

361 944 472 1000 Sed
508 942 618 998 hoc
649 941 952 1007 defuncto,
983 937 1320 1009 Stephanus
1351 938 1679 991 Amasenus

363 1029 684 1086 eunuchus
716 1026 892 1099 t‘rugi,
925 1025 1200 1081 sacerdos
1231 1024 1564 1091 ordinatus,

369 1118 784 1192 pontiﬁcatum
812 1131 976 1170 nova:
1005 1117 1200 1169 Roma
1232 1111 1507 1168 obtinuit.

367 1208 664 1279 Stephano
689 1205 1029 1261 communis
1063 1203 1164 1258 t'ati
1195 1200 1482 1256 exstincto
1513 1199 1760 1267 viribus,

369 1297 435 1351 ﬁt
466 1293 804 1367 patriarcha
835 1290 1424 1362 Constantinopoleos

369 1383 698 1450 monachus
725 1381 1024 1454 Tryphon,
1058 1379 1370 1451 religiosus
1405 1393 1584 1434 senex
1617 1394 1633 1434 :

368 1499 545 1555 quem
573 1485 888 1554 postquam
917 1481 1054 1535 sede
1086 1477 1442 1550 depulerunt
1473 1477 1626 1541 dolo,

365 1571 617 1630 Romani
646 1569 1026 1641 imperatoris
1059 1566 1396 1622 eunuchum
1428 1565 1619 1620 ﬁlium

370 1661 607 1717 nomine
637 1656 1145 1728 Theophylactum
1181 1656 1330 1727 pedo
1364 1655 1588 1710 donant
1623 1670 1637 1708 :

374 1749 475 1821 qui
508 1763 697 1819 neque
727 1749 928 1802 sancte
958 1745 1102 1799 vixit
1133 1760 1236 1799 nec
1268 1742 1661 1815 pastoraliter,

378 1839 479 1894 sed
508 1834 805 1892 venationi
837 1849 1069 1905 semper
1098 1834 1354 1888 absurde
1385 1832 1643 1901 deditus,

379 1926 549 1998 equis
581 1923 910 1979 nutriendis
940 1927 997 1978 et
1021 1923 1239 1978 cursim
1269 1921 1627 1978 exercendis.

379 2016 499 2071 Hoc
527 2013 657 2068 vitae
681 2017 738 2068 et
767 2011 1077 2084 dignitatis
1111 2010 1353 2066 faciente
1384 2011 1586 2078 finem,

379 2108 690 2177 promotus
718 2106 812 2158 est
837 2105 902 2156 ut
932 2106 1089 2156 esset
1119 2100 1216 2156 Dei
1251 2100 1512 2172 pontifex

380 2193 598 2264 dignus
630 2207 932 2246 sacrorum
967 2190 1132 2262 apice
1163 2189 1536 2262 Polyeuctus,

377 2280 651 2354 egregius
683 2295 826 2336 sane
855 2279 947 2334 vir
974 2277 1324 2351 cunctisque
1355 2276 1654 2347 amabilis,

378 2371 564 2443 gloria
594 2369 1038 2438 monachorum,
1070 2368 1358 2422 virtutum
1386 2371 1590 2438 typus,

379 2458 661 2514 doctrinae
693 2456 821 2512 luce
847 2457 1044 2512 clarus
1075 2457 1176 2512 sed
1212 2456 1397 2528 magis
1429 2455 1716 2510 moribus.

381 2555 501 2611 Hoc
529 2553 712 2610 etiam
745 2552 1112 2623 relinquente
1145 2553 1425 2606 caducam
1459 2552 1666 2616 vitam,

382 2642 601 2700 insedit
631 2641 975 2698 cathedram
1005 2640 1262 2695 Basilius
1296 2639 1620 2695 monachus

387 2733 580 2788 dictus
613 2749 646 2786 a
679 2731 865 2803 patria
893 2728 1068 2800 vulgo
1099 2729 1596 2785 Scamandrenus.

391 2821 536 2876 Huic
567 2821 847 2892 abrogato
880 2819 1149 2890 posthinc
1176 2818 1543 2890 pontificatu,

393 2909 528 2981 pius
557 2909 847 2964 Antonius
878 2907 949 2962 de
976 2907 1164 2962 Studii
1199 2907 1464 2962 ccenobio

390 3001 458 3056 fit
488 2997 824 3070 patriarcha
855 2997 1184 3069 Byzantines
1217 2997 1404 3052 urbis.

387 3087 531 3144 Exin
558 3087 840 3142 honorem
874 3086 1181 3141 abdicante
1209 3085 1481 3150 Antonio,

386 3175 662 3234 Nicolaus
693 3175 1038 3247 cognomine
1067 3174 1498 3247 Chrysoherges

387 3270 623 3321 evectus
653 3269 741 3319 est
766 3265 837 3318 ad
872 3265 1067 3319 sedem
1102 3263 1581 3331 famosissimum,

389 3356 512 3420 Quo
542 3358 887 3408 transeunte
918 3353 988 3407 ad
1023 3353 1253 3406 Domini
1284 3358 1662 3422 conspectum

395 3440 676 3512 magister
705 3440 1042 3494 cathedram
1077 3440 1295 3494 insedit
1323 3440 1640 3510 Sisinnius,

391 3529 609 3584 litteris
641 3528 870 3594 doctus,
897 3526 1210 3593 medicina,
1243 3531 1300 3582 et
1331 3527 1589 3598 legibus,

398 3617 499 3689 qui
529 3615 876 3670 afﬁnitatum
915 3613 1153 3685 scripsit
1176 3615 1374 3684 justos
1408 3616 1646 3685 gradus.

400 3709 718 3775 Postquam
753 3701 989 3758 vitalem
1020 3702 1210 3758 lucem
1243 3702 1336 3757 hic
1369 3703 1649 3771 deseruit,

402 3809 628 3851 sacram
662 3791 885 3861 excepit
914 3791 1264 3861 dignitatem
1299 3791 1539 3862 Sergius

407 3880 651 3938 cumobii
683 3879 965 3935 alumnus
997 3880 1283 3934 Manuelis
1313 3880 1474 3935 dicti.

407 3973 542 4029 Post
572 3973 744 4043 cujus
775 3972 1003 4027 obitum
1033 3971 1241 4042 praesul
1273 3970 1654 4027 constituitur

404 4061 750 4116 Eustathius
783 4061 1054 4132 princeps
1085 4060 1557 4132 presbyterorum

402 4151 499 4221 qui
531 4150 590 4204 in
623 4151 743 4205 inde
776 4147 1034 4221 palatina
1065 4165 1186 4204 rem
1221 4164 1446 4204 sacram
1478 4154 1706 4205 curant.

406 4248 520 4302 Hoc
547 4262 777 4318 quoque
806 4247 934 4301 vitae
966 4247 1285 4301 terminum
1315 4247 1661 4318 attingente,

403 4335 620 4408 potitus
653 4339 744 4391 est
775 4334 1008 4392 houore-
1029 4335 1267 4391 Alexius
1299 4337 1648 4405 monachus,

402 4423 790 4480 ecclesiarcha
820 4425 879 4479 in
912 4425 1100 4479 Studii
1133 4426 1421 4492 coenobio,

400 4513 490 4567 vir
521 4511 801 4584 liberalis,
833 4512 1178 4584 splendidus
1209 4515 1499 4570 sacerdos.

402 4601 525 4666 Quo
559 4606 760 4657 sancto
792 4601 1176 4659 concludente
1206 4603 1383 4657 vitam
1417 4604 1604 4669 obitu,

401 4688 645 4744 Michael
678 4695 1064 4762 cognomento
1095 4691 1428 4747 Cerularius

401 4777 618 4834 nobilis
646 4779 736 4834 vir
765 4779 1127 4850 professione
1158 4781 1483 4836 monachus

398 4867 813 4940 episcoporum
847 4868 1057 4940 praesul
1089 4871 1468 4926 constituitur
1501 4888 1515 4926 :

399 4966 774 5022 turbulentus
804 4967 1000 5035 homo,
1032 4973 1399 5042 contemptor
1430 4969 1624 5043 legum
1650 4991 1665 5042 ;

399 5069 576 5126 quem
607 5056 866 5112 Isaacius
897 5057 1090 5114 Cresar
1117 5059 1445 5116 detractum
1479 5061 1616 5117 sede

400 5159 518 5200 non
545 5143 671 5200 sine
703 5145 834 5201 dolo
869 5146 1031 5202 misit
1060 5147 1121 5203 in
1153 5147 1454 5206 exsilium.

399 5233 580 5298 Cujus
613 5239 742 5304 post
771 5235 998 5290 obitum
1032 5237 1310 5292 cathedra
1344 5239 1566 5309 potitur

399 5326 454 5376 et
487 5322 817 5392 patriarcha
851 5341 1100 5396 magnus
1130 5327 1509 5382 constituitur

399 5409 695 5467 Lichudes
723 5412 979 5468 eviratus
1006 5415 1447 5485 Constantinus,

399 5500 500 5571 qui
531 5500 820 5571 dignitate
849 5508 974 5557 erat
1005 5505 1490 5574 protovestiarius
1521 5523 1535 5562 :

398 5587 684 5658 probatus
710 5588 906 5657 homo,
941 5591 1099 5662 pius,
1125 5596 1182 5647 et
1203 5592 1318 5649 Deo
1349 5594 1622 5664 dilectus,

397 5675 460 5730 in
491 5676 859 5748 negotiorum
890 5679 1262 5751 publicorum
1293 5700 1434 5742 cura

2131 749 2304 806 10040
2343 749 2560 806 Τούτου
2593 745 2924 822 διωχθέντος
2956 743 3013 799 δὲ
3041 749 3140 810 τῆς
3165 739 3476 819 προεδρίας,

2342 840 2517 895 Πάλιν
2551 840 2580 893 ὁ
2611 836 2885 898 Νικόλαος
2917 833 3046 910 ἔσχε
3073 835 3163 889 τὸν
3198 830 3408 907 θρόνον.

2343 927 2557 984 Τούτου
2589 926 2860 994 θανόντος,
2895 926 3169 1002 Στέφανος
3202 921 3495 995 Ἀμασείας

2351 1015 2656 1080 Σπουδαῖος
2688 1015 2951 1090 εὐνοῦχός
2977 1033 3082 1083 τις,
3112 1012 3260 1087 ἱερὸς
3296 1010 3485 1082 θύτης,

2345 1108 2570 1180 Ῥώμης
2599 1107 2721 1168 νέας
2751 1103 2952 1182 εἴληφε
2979 1105 3078 1172 τὴν
3105 1097 3422 1176 προεδρίαν.

2135 1208 2311 1264 10045
2348 1205 2560 1262 Τούτου
2587 1205 2649 1260 τὸ
2685 1204 2836 1280 βιοῦν
2869 1199 3274 1261 καταλύσαντος
3306 1197 3482 1274 μόρῳ,

2347 1292 2667 1368 Ἀρχιερεὺς
2693 1289 2935 1347 δέδεικτο
2964 1297 3068 1360 τῆς
3099 1288 3507 1346 Κωνσταντίνου

2346 1383 2579 1462 Τρύφων
2613 1383 2909 1455 μοναστής,
2943 1373 3184 1450 εὐλαϐής
3215 1399 3273 1433 τε
3301 1376 3391 1432 καὶ
3423 1380 3598 1454 γέρων
3632 1394 3648 1408 ·

2342 1470 2498 1528 Τοῦδ’
2523 1470 2890 1535 ἄπελαθέντος
2918 1467 2976 1524 δὲ
3007 1473 3102 1523 τοῦ
3135 1468 3331 1543 θρόνου
3363 1463 3540 1540 δόλῳ,

2347 1563 2630 1636 Εὐνοῦχος
2662 1561 2778 1622 υἱὸς
2809 1557 3094 1631 Ῥωμανοῦ
3130 1554 3399 1633 βασιλέως

2137 1654 2311 1710 10050
2348 1649 2554 1716 Κλῆτιν
2588 1647 2970 1727 Θεοφύλακτος
3001 1647 3162 1721 αὐχεῖ
3189 1646 3281 1701 τὸν
3317 1645 3533 1719 θρόνον,

2348 1739 2468 1815 Οὐχ
2497 1739 2702 1814 εύαγῶς
2741 1743 2844 1808 ζῶν
2878 1735 3003 1793 οὐδὲ
3031 1735 3168 1791 κατά
3187 1735 3473 1808 ποιμένας,

2058 1836 2106 1902 Β
2352 1829 2709 1903 Κυνηγεσίοις
2737 1827 3124 1903 προστετηκὼς
3149 1823 3195 1880 δ’
3224 1823 3492 1896 ἐκτόπως,

2351 1919 2483 1979 Ταῖς
2507 1915 2868 1989 ἱππομανίαις
2899 1936 2958 1970 τε
2986 1914 3076 1969 καὶ
3107 1913 3314 1969 τούτων
3345 1910 3594 1989 δρόμοις.

2352 2007 2563 2064 Τούτου
2593 2004 3056 2081 καταστρέψαντος
3087 2003 3137 2059 ἐν
3172 1998 3349 2075 θρόνῳ
3382 2002 3521 2079 βίον,

2142 2099 2319 2157 40055
2358 2096 2742 2165 Ἀντικατέστη
2777 2095 3166 2169 ποιμενάρχης
3197 2092 3402 2168 Κυρίου

2355 2183 2700 2248 Πολύευκτος
2730 2182 2877 2257 ἄξιος
2904 2182 3213 2258 ἱεραρχίας,

2354 2273 2618 2330 Εὖκταῖον
2654 2270 2825 2334 ὅντως
2857 2279 3054 2348 χρῆμα
3083 2269 3174 2325 καὶ
3205 2274 3334 2324 πᾶσι
3361 2267 3548 2347 φίλον,

2362 2362 2531 2424 Κλέος
2565 2366 2875 2436 μοναστῶν,
2908 2360 3110 2435 ἀρετῶν
3136 2360 3323 2414 πασῶν
3351 2359 3547 2431 τύπος,

2361 2452 2681 2528 Διαπρέπων
2717 2450 2866 2525 λόγῳ
2890 2450 2981 2505 καὶ
3011 2449 3200 2526 τρόπῳ
3229 2446 3416 2504 πλέον.

2150 2554 2324 2610 10060
2360 2549 2524 2608 Τοῦό¹
2550 2549 2939 2610 ἐκλελοιπότος
2970 2547 3027 2603 δὲ
3054 2548 3145 2604 τὸν
3179 2547 3410 2625 φθαρτὸν
3447 2546 3584 2623 βίον,

2364 2639 2624 2714 Μοναχὸς
2659 2637 2941 2700 Βασίλειος
2973 2634 3101 2713 ἔσχε
3130 2637 3221 2691 τὸν
3254 2635 3440 2713 θρόνον

2364 2731 2456 2784 Ἐκ
2484 2736 2585 2798 τῆς
2614 2725 2872 2802 πατρίδος
2908 2723 3337 2799 Σκαμανδρηνὸς
3367 2727 3464 2794 τήν
3499 2729 3644 2790 θέσιν
3675 2744 3690 2759 ⁸

2363 2818 2778 2893 Καθαιρεθέντος
2804 2813 2966 2870 τοῦδε
2993 2822 3093 2884 τῆς
3125 2811 3437 2890 προεδρίας,

2366 2905 2651 2967 Ἀντώνιός
2678 2926 2759 2967 τις
2792 2899 3030 2973 εὐλαϐὴς
3063 2905 3091 2958 ὁ
3123 2899 3413 2973 στουδίτης

2151 2996 2329 3053 10065
2367 2989 2704 3070 Ἀρχιθύτης
2732 2999 2940 3068 πέφηνε
2968 2999 3068 3063 τῆς
3099 2989 3450 3061 Βυζαντίδος.

2363 3087 2468 3138 Τοῖ’)
2503 3081 2550 3138 δ’
2578 3081 2876 3142 Ἀντωνίου
2909 3086 3083 3147 θῶκον
3117 3081 3514 3154 ἀπειπαμένου,

2075 3190 2118 3256 C
2368 3174 2430 3231 Ὁ
2462 3171 2736 3235 Νικόλαος
2763 3166 3149 3248 Χρυσοϐέργης
3175 3167 3482 3242 τούπίκλην

2370 3261 2463 3324 Εἷς
2494 3260 2639 3317 τόνδ’
2671 3261 2889 3336 ἀνήχθη
2921 3261 3010 3315 τὸν
3036 3259 3364 3334 περίπυστον
3399 3258 3616 3334 θρόνον.

2367 3351 2578 3408 Τούτου
2613 3350 2972 3424 μεταστάντος
3005 3346 3063 3404 δὲ
3091 3349 3227 3421 πρὸς
3256 3348 3347 3403 τὸν
3377 3345 3677 3422 Δεσπότην,

2156 3450 2330 3506 10070
2370 3444 2611 3523 Κατέσχε
2643 3447 2879 3509 Σισίνιος
2915 3449 3211 3522 μάγιστρος
3242 3444 3458 3520 θρόνον,

2371 3535 2626 3599 Παιδείας
2657 3533 2796 3612 ἴδρις
2829 3536 3080 3613 ἴατρικῆς
3108 3536 3195 3590 καὶ
3229 3535 3440 3608 νόμων,

2372 3625 2626 3700 Βαθμοὺς
2659 3627 2686 3681 ὁ
2719 3625 2929 3688 συνθεὶς
2963 3622 3313 3700 συγγενικοὺς
3343 3623 3636 3697 ἐννόμους.

2373 3715 2586 3773 Τούτου
2619 3715 2875 3780 θανόντος
2903 3715 2990 3769 καὶ
3025 3712 3353 3775 λελοιπότος
3386 3713 3542 3790 φάος,

2375 3807 2566 3870 Μονῆς
2596 3805 2876 3881 προεστὼς
2910 3802 3176 3872 Μανουῆλ
3206 3801 3557 3874 κεκλῃμένης

2165 3897 2338 3952 10075
2378 3895 2606 3971 Σέργιος
2637 3893 2773 3967 ἀνὴρ
2805 3887 3223 3968 παραλαμϐάνει
3257 3891 3470 3969 θρόνον.

2375 3983 2582 4039 Τούτου
2615 3984 2870 4046 θανόντος
2905 3983 3281 4059 ἐγκαθίσταται
3313 3981 3490 4057 θρόνῳ

2379 4073 2605 4150 Πρῶτός
2633 4096 2714 4136 τις
2741 4074 3037 4138 Εὖστάθιος
3060 4074 3112 4128 ἐν
3145 4068 3532 4148 πρεσϐυτέροις

2376 4165 2496 4221 Τῶν
2531 4163 2583 4218 ἐν
2621 4161 2922 4240 βασιλείοις
2951 4184 3010 4239 γε
3039 4162 3499 4238 κατειλεγμένων.

2373 4253 2475 4311 Καὶ
2505 4252 2664 4310 τοῦδε
2691 4255 2754 4309 τὸ
2789 4254 2884 4328 ζῇν
2919 4253 3348 4328 έκμετρήσαντος
3383 4250 3563 4327 μόρῳ,

2159 4353 2340 4410 40080
2379 4349 2834 4428 Ἑκκλησιάρχης
2861 4359 2963 4422 τῆς
2998 4359 3166 4425 μονῆς
3194 4355 3292 4406 τοῦ
3325 4347 3592 4405 Στουδίου

2375 4443 2635 4518 Μοναχὸς
2665 4440 2909 4514 Ἀλέξιος
2937 4440 3137 4515 εἴληφε
3169 4442 3360 4516 θρόνον
3395 4458 3410 4472 ⁸

2084 4559 2133 4624 D
2377 4531 2539 4624 Ἀῌνήρ
2575 4527 2985 4624 μεγαλόδωρος,
3019 4525 3213 4591 ὄλϐιος
3247 4527 3436 4598 θύτης.

2376 4618 2557 4694 Οὗπερ
2595 4617 3030 4692 μεταλλάξαντος
3065 4619 3279 4693 εύαγῶς
3314 4617 3456 4692 βίον,

2376 4706 2579 4773 Κλῆσιν
2611 4707 2847 4783 Μιχαὴλ
2876 4705 3256 4784 Κηρουλάριος
3286 4708 3428 4770 θέσιν

2161 4799 2336 4855 10085
2373 4795 2731 4873 Εὐπατριδῶν
2765 4799 2841 4860 εἷς
2863 4799 2950 4853 καὶ
2982 4796 3340 4872 μονοτρόπων
3369 4795 3487 4869 ἅμα
3551 4860 3560 4866 _

2375 4885 2694 4951 Καθίσταται
2728 4885 2994 4962 πρόεδρος
3024 4887 3439 4962 ἀρχιποιμένων
3477 4902 3492 4917 ⁸

2373 4977 2723 5052 Θερμουργὸς
2754 4976 2914 5051 ἀνὴρ,
2950 4976 3262 5052 ὑπερόπτης
3291 4980 3400 5031 τῶν
3432 4974 3641 5048 νόμων.

2369 5067 2464 5123 Ὀν
2497 5066 2816 5142 καταγαγὼν
2848 5064 3112 5128 Ἰσαάκιος
3144 5067 3363 5142 θρόνου,

2375 5154 2468 5216 Εἰς
2503 5153 2707 5230 έξορίαν
2741 5156 3066 5230 παρέπεμψε
3097 5154 3191 5210 σὺν
3223 5151 3394 5227 δόλῳ.

2159 5244 2337 5301 40090
2374 5245 2544 5308 Ἔνθα
2574 5244 2852 5316 θανόντος,
2886 5242 3264 5321 ἐγκαθίδρυται
3299 5243 3480 5320 θρόνῳ

2375 5332 2471 5387 Καὶ
2502 5333 2882 5408 ποιμενάρχης
2915 5331 3284 5390 ἀναδείκνυται
3317 5333 3485 5409 μέγας

2374 5421 2776 5484 Κωνσταντῖνός
2802 5445 2887 5486 τις
2921 5422 3182 5497 ἐκτομίας
3216 5419 3558 5497 Λειχούδης,

2374 5506 2883 5590 Πρωτοϐεστιάριος
2915 5510 2987 5569 ὢν
3019 5515 3119 5584 τὴν
3154 5513 3324 5584 ἀξίαν,

2375 5596 2682 5664 Σπουδαῖος
2711 5598 2902 5674 ὄντως,
2934 5599 3198 5676 εὐλαϐὴς,
3231 5605 3349 5675 Θεῷ
3378 5598 3564 5680 φίλος,

2163 5690 2339 5750 10095
2376 5691 2465 5750 Ἐν
2494 5687 2789 5765 δημοσίαις
2818 5693 3159 5770 πραγμάτων
3201 5689 3571 5768 λειτουργίαις
