  <div class='ocr_page' id='page_1' title='image "/cluster/home/n/w/nwhite01/storage/ocr_20150623/143/hvd.32044073502585/190.png"; bbox 0 0 4034 6200; ppageno 0'>
   <div class='ocr_carea' id='block_1_1' title="bbox 228 278 2138 338">
    <p class='ocr_par' dir='ltr' id='par_1_1' title="bbox 228 278 2138 338">
     <span class='ocr_line' id='line_1_1' title="bbox 228 278 2138 338; baseline -0.003 0"><span class='ocrx_word' id='word_1_1' title='bbox 228 281 347 338; x_wconf 80' lang='lat'>369</span> <span class='ocrx_word' id='word_1_2' title='bbox 1778 278 2138 335; x_wconf 69' lang='lat' dir='ltr'>CEBARES.</span> 
     </span>
    </p>
   </div>
   <div class='ocr_carea' id='block_1_2' title="bbox 460 404 1549 482">
    <p class='ocr_par' dir='ltr' id='par_1_2' title="bbox 460 404 1549 482">
     <span class='ocr_line' id='line_1_2' title="bbox 460 404 1549 482; baseline -0.005 -18"><span class='ocrx_word' id='word_1_3' title='bbox 460 406 659 468; x_wconf 77' lang='grc' dir='ltr'>Φανεῖς</span> <span class='ocrx_word' id='word_1_4' title='bbox 692 406 952 482; x_wconf 82' lang='grc' dir='ltr'>ἀμεμφής</span> <span class='ocrx_word' id='word_1_5' title='bbox 985 404 1357 477; x_wconf 80' lang='grc' dir='ltr'>ἀνεπίληπτος</span> <span class='ocrx_word' id='word_1_6' title='bbox 1390 404 1549 474; x_wconf 83' lang='grc' dir='ltr'>πάνυ,</span> 
     </span>
    </p>
   </div>
   <div class='ocr_carea' id='block_1_3' title="bbox 460 494 1646 571">
    <p class='ocr_par' dir='ltr' id='par_1_3' title="bbox 460 494 1646 571">
     <span class='ocr_line' id='line_1_3' title="bbox 460 494 1646 571; baseline -0.003 -18"><span class='ocrx_word' id='word_1_7' title='bbox 460 495 668 569; x_wconf 74' lang='grc' dir='ltr'>Πολ)ιῷ</span> <span class='ocrx_word' id='word_1_8' title='bbox 703 494 760 550; x_wconf 77' lang='grc' dir='ltr'>δὲ</span> <span class='ocrx_word' id='word_1_9' title='bbox 794 494 1011 569; x_wconf 79' lang='grc' dir='ltr'>μᾶλλον</span> <span class='ocrx_word' id='word_1_10' title='bbox 1046 496 1099 551; x_wconf 79' lang='grc' dir='ltr'>ἐν</span> <span class='ocrx_word' id='word_1_11' title='bbox 1124 496 1310 552; x_wconf 86' lang='grc' dir='ltr'>καλῶν</span> <span class='ocrx_word' id='word_1_12' title='bbox 1339 495 1646 571; x_wconf 81' lang='grc' dir='ltr'>ἐργασιαις.</span> 
     </span>
    </p>
   </div>
   <div class='ocr_carea' id='block_1_4' title="bbox 461 583 1551 661">
    <p class='ocr_par' dir='ltr' id='par_1_4' title="bbox 461 583 1551 661">
     <span class='ocr_line' id='line_1_4' title="bbox 461 583 1551 661; baseline -0.005 -17"><span class='ocrx_word' id='word_1_13' title='bbox 461 587 539 644; x_wconf 83' lang='grc' dir='ltr'>Οὗ</span> <span class='ocrx_word' id='word_1_14' title='bbox 569 587 657 640; x_wconf 84' lang='grc' dir='ltr'>τὸν</span> <span class='ocrx_word' id='word_1_15' title='bbox 692 586 936 659; x_wconf 84' lang='grc' dir='ltr'>παρόντα</span> <span class='ocrx_word' id='word_1_16' title='bbox 973 583 1378 647; x_wconf 71' lang='grc' dir='ltr'>καταλύσαντος</span> <span class='ocrx_word' id='word_1_17' title='bbox 1412 586 1551 661; x_wconf 87' lang='grc' dir='ltr'>βίον,</span> 
     </span>
    </p>
   </div>
   <div class='ocr_carea' id='block_1_5' title="bbox 460 672 1383 751">
    <p class='ocr_par' dir='ltr' id='par_1_5' title="bbox 460 672 1383 751">
     <span class='ocr_line' id='line_1_5' title="bbox 460 672 1383 751; baseline -0.002 -23"><span class='ocrx_word' id='word_1_18' title='bbox 460 676 515 728; x_wconf 82' lang='grc' dir='ltr'><strong>Ὀ</strong></span> <span class='ocrx_word' id='word_1_19' title='bbox 546 672 843 751; x_wconf 77' lang='grc' dir='ltr'>Ξιφιλῖνος</span> <span class='ocrx_word' id='word_1_20' title='bbox 878 673 1091 748; x_wconf 78' lang='grc' dir='ltr'>χαρίεις</span> <span class='ocrx_word' id='word_1_21' title='bbox 1124 675 1383 744; x_wconf 78' lang='grc' dir='ltr'>Ἰωάννης</span> 
     </span>
    </p>
   </div>
   <div class='ocr_carea' id='block_1_6' title="bbox 238 760 1464 839">
    <p class='ocr_par' dir='ltr' id='par_1_6' title="bbox 238 760 1464 839">
     <span class='ocr_line' id='line_1_6' title="bbox 238 760 1464 839; baseline -0.004 -18"><span class='ocrx_word' id='word_1_22' title='bbox 238 764 419 823; x_wconf 88' lang='grc'><strong>10100</strong></span> <span class='ocrx_word' id='word_1_23' title='bbox 462 762 794 833; x_wconf 85' lang='grc' dir='ltr'>Ἐκκλησίας</span> <span class='ocrx_word' id='word_1_24' title='bbox 826 762 991 817; x_wconf 78' lang='grc' dir='ltr'>ἰθύνει</span> <span class='ocrx_word' id='word_1_25' title='bbox 1024 764 1121 832; x_wconf 79' lang='grc' dir='ltr'>τὴν</span> <span class='ocrx_word' id='word_1_26' title='bbox 1152 760 1464 839; x_wconf 74' lang='grc' dir='ltr'>προεδρίαν,</span> 
     </span>
    </p>
   </div>
   <div class='ocr_carea' id='block_1_7' title="bbox 458 851 1701 928">
    <p class='ocr_par' dir='ltr' id='par_1_7' title="bbox 458 851 1701 928">
     <span class='ocr_line' id='line_1_7' title="bbox 458 851 1701 928; baseline -0.001 -22"><span class='ocrx_word' id='word_1_27' title='bbox 458 854 595 925; x_wconf 82' lang='grc' dir='ltr'>Βίῳ,</span> <span class='ocrx_word' id='word_1_28' title='bbox 632 852 784 927; x_wconf 86' lang='grc' dir='ltr'>λόγῳ</span> <span class='ocrx_word' id='word_1_29' title='bbox 816 854 954 927; x_wconf 86' lang='grc' dir='ltr'>γένει</span> <span class='ocrx_word' id='word_1_30' title='bbox 986 873 1045 907; x_wconf 83' lang='grc' dir='ltr'>τε</span> <span class='ocrx_word' id='word_1_31' title='bbox 1075 851 1344 926; x_wconf 82' lang='grc' dir='ltr'>λαμπρῶς</span> <span class='ocrx_word' id='word_1_32' title='bbox 1384 851 1701 928; x_wconf 83' lang='grc' dir='ltr'>ἐμπρέπων’</span> 
     </span>
    </p>
   </div>
   <div class='ocr_carea' id='block_1_8' title="bbox 457 940 1716 1018">
    <p class='ocr_par' dir='ltr' id='par_1_8' title="bbox 457 940 1716 1018">
     <span class='ocr_line' id='line_1_8' title="bbox 457 940 1716 1018; baseline -0.001 -22"><span class='ocrx_word' id='word_1_33' title='bbox 457 945 555 1007; x_wconf 84' lang='grc' dir='ltr'>’Ὀς</span> <span class='ocrx_word' id='word_1_34' title='bbox 582 942 815 1017; x_wconf 78' lang='grc' dir='ltr'>πρόσθεν</span> <span class='ocrx_word' id='word_1_35' title='bbox 848 940 920 996; x_wconf 82' lang='grc' dir='ltr'>ὤν</span> <span class='ocrx_word' id='word_1_36' title='bbox 952 944 1029 1004; x_wconf 83' lang='grc' dir='ltr'>εἴς</span> <span class='ocrx_word' id='word_1_37' title='bbox 1061 941 1289 1018; x_wconf 82' lang='grc' dir='ltr'>εὑγενῶν</span> <span class='ocrx_word' id='word_1_38' title='bbox 1322 946 1428 997; x_wconf 88' lang='grc' dir='ltr'>τῶν</span> <span class='ocrx_word' id='word_1_39' title='bbox 1463 941 1514 996; x_wconf 71' lang='grc' dir='ltr'>ἐν</span> <span class='ocrx_word' id='word_1_40' title='bbox 1546 940 1716 1011; x_wconf 84' lang='grc' dir='ltr'>τέλει,</span> 
     </span>
    </p>
   </div>
   <div class='ocr_carea' id='block_1_9' title="bbox 460 1028 1643 1105">
    <p class='ocr_par' dir='ltr' id='par_1_9' title="bbox 460 1028 1643 1105">
     <span class='ocr_line' id='line_1_9' title="bbox 460 1028 1643 1105; baseline -0.003 -16"><span class='ocrx_word' id='word_1_41' title='bbox 460 1032 680 1105; x_wconf 83' lang='grc' dir='ltr'>Κόσμον</span> <span class='ocrx_word' id='word_1_42' title='bbox 717 1031 1018 1099; x_wconf 85' lang='grc' dir='ltr'>λελοίπὼς,</span> <span class='ocrx_word' id='word_1_43' title='bbox 1051 1034 1118 1085; x_wconf 81' lang='grc' dir='ltr'>τά</span> <span class='ocrx_word' id='word_1_44' title='bbox 1152 1036 1412 1105; x_wconf 86' lang='grc' dir='ltr'>μοναχῶν</span> <span class='ocrx_word' id='word_1_45' title='bbox 1457 1028 1643 1099; x_wconf 84' lang='grc' dir='ltr'>ὑπέδυ,</span> 
     </span>
    </p>
   </div>
   <div class='ocr_carea' id='block_1_10' title="bbox 459 1118 1573 1197">
    <p class='ocr_par' dir='ltr' id='par_1_10' title="bbox 459 1118 1573 1197">
     <span class='ocr_line' id='line_1_10' title="bbox 459 1118 1573 1197; baseline -0.002 -21"><span class='ocrx_word' id='word_1_46' title='bbox 459 1121 560 1176; x_wconf 78' lang='grc' dir='ltr'>Καὶ</span> <span class='ocrx_word' id='word_1_47' title='bbox 590 1123 980 1197; x_wconf 81' lang='grc' dir='ltr'>ποιμενάρχης</span> <span class='ocrx_word' id='word_1_48' title='bbox 1014 1120 1202 1196; x_wconf 77' lang='grc' dir='ltr'>ἐκρίθη</span> <span class='ocrx_word' id='word_1_49' title='bbox 1240 1118 1573 1189; x_wconf 82' lang='grc' dir='ltr'>Βυζαντίδος</span> 
     </span>
    </p>
   </div>
   <div class='ocr_carea' id='block_1_11' title="bbox 237 1214 1631 1294">
    <p class='ocr_par' dir='ltr' id='par_1_11' title="bbox 237 1214 1631 1294">
     <span class='ocr_line' id='line_1_11' title="bbox 237 1214 1631 1294; baseline -0.003 -18"><span class='ocrx_word' id='word_1_50' title='bbox 237 1221 421 1279; x_wconf 84' lang='grc'><strong>10105</strong></span> <span class='ocrx_word' id='word_1_51' title='bbox 458 1219 668 1277; x_wconf 83' lang='grc' dir='ltr'>Τούτου</span> <span class='ocrx_word' id='word_1_52' title='bbox 696 1221 792 1274; x_wconf 86' lang='grc' dir='ltr'>τὸν</span> <span class='ocrx_word' id='word_1_53' title='bbox 825 1218 1165 1291; x_wconf 82' lang='grc' dir='ltr'>ἀνθρώπινον</span> <span class='ocrx_word' id='word_1_54' title='bbox 1198 1214 1452 1280; x_wconf 74' lang='grc' dir='ltr'>ἐκϐάντος</span> <span class='ocrx_word' id='word_1_55' title='bbox 1490 1220 1631 1294; x_wconf 87' lang='grc' dir='ltr'>βίον,</span> 
     </span>
    </p>
   </div>
   <div class='ocr_carea' id='block_1_12' title="bbox 459 1306 1472 1383">
    <p class='ocr_par' dir='ltr' id='par_1_12' title="bbox 459 1306 1472 1383">
     <span class='ocr_line' id='line_1_12' title="bbox 459 1306 1472 1383; baseline -0.002 -20"><span class='ocrx_word' id='word_1_56' title='bbox 459 1314 683 1382; x_wconf 80' lang='grc' dir='ltr'>Κοσμᾶς</span> <span class='ocrx_word' id='word_1_57' title='bbox 718 1308 965 1383; x_wconf 86' lang='grc' dir='ltr'>μοναχὸς</span> <span class='ocrx_word' id='word_1_58' title='bbox 1001 1306 1414 1383; x_wconf 87' lang='grc' dir='ltr'>Ἰεροσολυμίτη</span> <span class='ocrx_word' id='word_1_59' title='bbox 1426 1330 1472 1377; x_wconf 93' lang='grc' dir='ltr'>ς,</span> 
     </span>
    </p>
   </div>
   <div class='ocr_carea' id='block_1_13' title="bbox 457 1394 1496 1473">
    <p class='ocr_par' dir='ltr' id='par_1_13' title="bbox 457 1394 1496 1473">
     <span class='ocr_line' id='line_1_13' title="bbox 457 1394 1496 1473; baseline -0.003 -20"><span class='ocrx_word' id='word_1_60' title='bbox 457 1399 628 1473; x_wconf 80' lang='grc' dir='ltr'>Ἀνὴρ</span> <span class='ocrx_word' id='word_1_61' title='bbox 658 1397 879 1471; x_wconf 81' lang='grc' dir='ltr'>ἀγαθὸς,</span> <span class='ocrx_word' id='word_1_62' title='bbox 914 1398 1117 1473; x_wconf 82' lang='grc' dir='ltr'>ἀρετῶν</span> <span class='ocrx_word' id='word_1_63' title='bbox 1150 1398 1294 1460; x_wconf 85' lang='grc' dir='ltr'>θεῖος</span> <span class='ocrx_word' id='word_1_64' title='bbox 1324 1394 1496 1468; x_wconf 84' lang='grc' dir='ltr'>δόμος</span> 
     </span>
    </p>
   </div>
   <div class='ocr_carea' id='block_1_14' title="bbox 455 1483 1510 1561">
    <p class='ocr_par' dir='ltr' id='par_1_14' title="bbox 455 1483 1510 1561">
     <span class='ocr_line' id='line_1_14' title="bbox 455 1483 1510 1561; baseline -0.002 -18"><span class='ocrx_word' id='word_1_65' title='bbox 455 1487 759 1561; x_wconf 84' lang='grc' dir='ltr'>Χειρίζεται</span> <span class='ocrx_word' id='word_1_66' title='bbox 795 1484 861 1554; x_wconf 74' lang='grc' dir='ltr'>δὴ</span> <span class='ocrx_word' id='word_1_67' title='bbox 892 1487 992 1555; x_wconf 71' lang='grc' dir='ltr'>τὴν</span> <span class='ocrx_word' id='word_1_68' title='bbox 1018 1483 1127 1540; x_wconf 88' lang='grc' dir='ltr'>λεὼ</span> <span class='ocrx_word' id='word_1_69' title='bbox 1158 1486 1510 1560; x_wconf 80' lang='grc' dir='ltr'>προστασίαν.</span> 
     </span>
    </p>
   </div>
   <div class='ocr_carea' id='block_1_15' title="bbox 458 1574 1725 1651">
    <p class='ocr_par' dir='ltr' id='par_1_15' title="bbox 458 1574 1725 1651">
     <span class='ocr_line' id='line_1_15' title="bbox 458 1574 1725 1651; baseline -0.002 -17"><span class='ocrx_word' id='word_1_70' title='bbox 458 1579 557 1639; x_wconf 86' lang='grc' dir='ltr'>’Ός</span> <span class='ocrx_word' id='word_1_71' title='bbox 589 1575 965 1651; x_wconf 80' lang='grc' dir='ltr'>δυσχεραίνων</span> <span class='ocrx_word' id='word_1_72' title='bbox 997 1578 1332 1651; x_wconf 78' lang='grc' dir='ltr'>πραγμάτων</span> <span class='ocrx_word' id='word_1_73' title='bbox 1365 1575 1434 1650; x_wconf 73' lang='grc' dir='ltr'>τῇ</span> <span class='ocrx_word' id='word_1_74' title='bbox 1468 1574 1725 1651; x_wconf 80' lang='grc' dir='ltr'>συγχύσει</span> 
     </span>
    </p>
   </div>
   <div class='ocr_carea' id='block_1_16' title="bbox 233 1664 1401 1740">
    <p class='ocr_par' dir='ltr' id='par_1_16' title="bbox 233 1664 1401 1740">
     <span class='ocr_line' id='line_1_16' title="bbox 233 1664 1401 1740; baseline -0.009 -13"><span class='ocrx_word' id='word_1_75' title='bbox 233 1671 420 1727; x_wconf 88' lang='grc'><strong>10110</strong></span> <span class='ocrx_word' id='word_1_76' title='bbox 459 1667 632 1723; x_wconf 81' lang='grc' dir='ltr'>Ἐκὼν</span> <span class='ocrx_word' id='word_1_77' title='bbox 674 1664 1043 1740; x_wconf 80' lang='grc' dir='ltr'>ἀπηγόρευσεν</span> <span class='ocrx_word' id='word_1_78' title='bbox 1077 1664 1401 1738; x_wconf 76' lang='grc' dir='ltr'>ἱερωσύνην,</span> 
     </span>
    </p>
   </div>
   <div class='ocr_carea' id='block_1_17' title="bbox 456 1752 1723 1828">
    <p class='ocr_par' dir='ltr' id='par_1_17' title="bbox 456 1752 1723 1828">
     <span class='ocr_line' id='line_1_17' title="bbox 456 1752 1723 1828; baseline -0.003 -17"><span class='ocrx_word' id='word_1_79' title='bbox 456 1755 659 1817; x_wconf 83' lang='grc' dir='ltr'>Καλῶς</span> <span class='ocrx_word' id='word_1_80' title='bbox 690 1755 954 1817; x_wconf 79' lang='grc' dir='ltr'>ὑπεκστὰς</span> <span class='ocrx_word' id='word_1_81' title='bbox 980 1755 1069 1807; x_wconf 84' lang='grc' dir='ltr'>καὶ</span> <span class='ocrx_word' id='word_1_82' title='bbox 1102 1752 1297 1828; x_wconf 90' lang='grc' dir='ltr'>θρόνου</span> <span class='ocrx_word' id='word_1_83' title='bbox 1328 1753 1415 1807; x_wconf 85' lang='grc' dir='ltr'>καὶ</span> <span class='ocrx_word' id='word_1_84' title='bbox 1440 1752 1723 1827; x_wconf 83' lang='grc' dir='ltr'>ποιμνίου,</span> 
     </span>
    </p>
   </div>
   <div class='ocr_carea' id='block_1_18' title="bbox 456 1842 1546 1920">
    <p class='ocr_par' dir='ltr' id='par_1_18' title="bbox 456 1842 1546 1920">
     <span class='ocr_line' id='line_1_18' title="bbox 456 1842 1546 1920; baseline -0.005 -19"><span class='ocrx_word' id='word_1_85' title='bbox 456 1846 570 1902; x_wconf 70' lang='grc' dir='ltr'>Εἶτ’</span> <span class='ocrx_word' id='word_1_86' title='bbox 602 1844 891 1920; x_wconf 76' lang='grc' dir='ltr'>ἐγκατέστη</span> <span class='ocrx_word' id='word_1_87' title='bbox 922 1847 1002 1915; x_wconf 80' lang='grc' dir='ltr'>τῷ</span> <span class='ocrx_word' id='word_1_88' title='bbox 1032 1842 1338 1916; x_wconf 80' lang='grc' dir='ltr'>πανυψήλῳ</span> <span class='ocrx_word' id='word_1_89' title='bbox 1368 1842 1546 1916; x_wconf 80' lang='grc' dir='ltr'>θρόνῳ</span> 
     </span>
    </p>
   </div>
   <div class='ocr_carea' id='block_1_19' title="bbox 460 1930 1547 2009">
    <p class='ocr_par' dir='ltr' id='par_1_19' title="bbox 460 1930 1547 2009">
     <span class='ocr_line' id='line_1_19' title="bbox 460 1930 1547 2009; baseline -0.003 -21"><span class='ocrx_word' id='word_1_90' title='bbox 460 1935 726 2009; x_wconf 88' lang='grc' dir='ltr'>Μοναχὸς</span> <span class='ocrx_word' id='word_1_91' title='bbox 760 1933 1093 2006; x_wconf 76' lang='grc' dir='ltr'>Εὑστράτιος</span> <span class='ocrx_word' id='word_1_92' title='bbox 1118 1930 1351 2007; x_wconf 78' lang='grc' dir='ltr'>Γαριδᾶς</span> <span class='ocrx_word' id='word_1_93' title='bbox 1381 1932 1547 2003; x_wconf 79' lang='grc' dir='ltr'>θέσιν,</span> 
     </span>
    </p>
   </div>
   <div class='ocr_carea' id='block_1_20' title="bbox 460 2022 1730 2099">
    <p class='ocr_par' dir='ltr' id='par_1_20' title="bbox 460 2022 1730 2099">
     <span class='ocr_line' id='line_1_20' title="bbox 460 2022 1730 2099; baseline -0.004 -19"><span class='ocrx_word' id='word_1_94' title='bbox 460 2024 607 2098; x_wconf 81' lang='grc' dir='ltr'>Πρὸς</span> <span class='ocrx_word' id='word_1_95' title='bbox 640 2029 743 2077; x_wconf 74' lang='grc' dir='ltr'>πᾶν</span> <span class='ocrx_word' id='word_1_96' title='bbox 772 2025 954 2077; x_wconf 77' lang='grc' dir='ltr'>ὁτιοῦν</span> <span class='ocrx_word' id='word_1_97' title='bbox 992 2024 1068 2096; x_wconf 76' lang='grc' dir='ltr'>μὴ</span> <span class='ocrx_word' id='word_1_98' title='bbox 1100 2022 1353 2099; x_wconf 88' lang='grc' dir='ltr'>πεφυκὼς</span> <span class='ocrx_word' id='word_1_99' title='bbox 1381 2022 1730 2096; x_wconf 84' lang='grc' dir='ltr'>κρειττόνων,</span> 
     </span>
    </p>
   </div>
   <div class='ocr_carea' id='block_1_21' title="bbox 233 2118 1556 2194">
    <p class='ocr_par' dir='ltr' id='par_1_21' title="bbox 233 2118 1556 2194">
     <span class='ocr_line' id='line_1_21' title="bbox 233 2118 1556 2194; baseline -0.007 -13"><span class='ocrx_word' id='word_1_100' title='bbox 233 2125 422 2181; x_wconf 90' lang='grc'><strong>10115</strong></span> <span class='ocrx_word' id='word_1_101' title='bbox 458 2119 803 2183; x_wconf 79' lang='grc' dir='ltr'>Παιδεύσεως</span> <span class='ocrx_word' id='word_1_102' title='bbox 826 2120 1056 2193; x_wconf 76' lang='grc' dir='ltr'>ἄμοιρος</span> <span class='ocrx_word' id='word_1_103' title='bbox 1090 2118 1203 2193; x_wconf 77' lang='grc' dir='ltr'>ἅμα</span> <span class='ocrx_word' id='word_1_104' title='bbox 1232 2120 1320 2175; x_wconf 85' lang='grc' dir='ltr'>καὶ</span> <span class='ocrx_word' id='word_1_105' title='bbox 1354 2119 1556 2194; x_wconf 88' lang='grc' dir='ltr'>λόγων,</span> 
     </span>
    </p>
   </div>
   <div class='ocr_carea' id='block_1_22' title="bbox 452 2207 1525 2286">
    <p class='ocr_par' dir='ltr' id='par_1_22' title="bbox 452 2207 1525 2286">
     <span class='ocr_line' id='line_1_22' title="bbox 452 2207 1525 2286; baseline -0.006 -18"><span class='ocrx_word' id='word_1_106' title='bbox 452 2211 697 2286; x_wconf 70' lang='grc' dir='ltr'>Ἡσυχία</span> <span class='ocrx_word' id='word_1_107' title='bbox 724 2231 803 2282; x_wconf 90' lang='grc' dir='ltr'>τε,</span> <span class='ocrx_word' id='word_1_108' title='bbox 837 2209 1033 2285; x_wconf 76' lang='grc' dir='ltr'>γωνίᾳ,</span> <span class='ocrx_word' id='word_1_109' title='bbox 1062 2207 1276 2282; x_wconf 74' lang='grc' dir='ltr'>μᾶλλον</span> <span class='ocrx_word' id='word_1_110' title='bbox 1306 2207 1525 2283; x_wconf 84' lang='grc' dir='ltr'>πρέπων</span> 
     </span>
    </p>
   </div>
   <div class='ocr_carea' id='block_1_23' title="bbox 452 2295 1424 2376">
    <p class='ocr_par' dir='ltr' id='par_1_23' title="bbox 452 2295 1424 2376">
     <span class='ocr_line' id='line_1_23' title="bbox 452 2295 1424 2376; baseline -0.005 -19"><span class='ocrx_word' id='word_1_111' title='bbox 452 2302 518 2357; x_wconf 81' lang='grc' dir='ltr'><em>Ἥ</em></span> <span class='ocrx_word' id='word_1_112' title='bbox 545 2300 849 2376; x_wconf 82' lang='grc' dir='ltr'>προστασίᾳ</span> <span class='ocrx_word' id='word_1_113' title='bbox 876 2300 967 2353; x_wconf 83' lang='grc' dir='ltr'>καὶ</span> <span class='ocrx_word' id='word_1_114' title='bbox 1001 2298 1111 2353; x_wconf 88' lang='grc' dir='ltr'>λεὼ</span> <span class='ocrx_word' id='word_1_115' title='bbox 1143 2295 1424 2373; x_wconf 84' lang='grc' dir='ltr'>προεδρίᾳ.</span> 
     </span>
    </p>
   </div>
   <div class='ocr_carea' id='block_1_24' title="bbox 450 2384 1570 2462">
    <p class='ocr_par' dir='ltr' id='par_1_24' title="bbox 450 2384 1570 2462">
     <span class='ocr_line' id='line_1_24' title="bbox 450 2384 1570 2462; baseline -0.005 -16"><span class='ocrx_word' id='word_1_116' title='bbox 450 2387 609 2447; x_wconf 79' lang='grc' dir='ltr'>Τεῦδ⁹</span> <span class='ocrx_word' id='word_1_117' title='bbox 634 2387 1000 2452; x_wconf 83' lang='grc' dir='ltr'>ἀπελαθέντος</span> <span class='ocrx_word' id='word_1_118' title='bbox 1031 2408 1091 2461; x_wconf 91' lang='grc' dir='ltr'>γε</span> <span class='ocrx_word' id='word_1_119' title='bbox 1120 2394 1219 2455; x_wconf 78' lang='grc' dir='ltr'>τῆς</span> <span class='ocrx_word' id='word_1_120' title='bbox 1248 2384 1570 2462; x_wconf 88' lang='grc' dir='ltr'>προεδρίας,</span> 
     </span>
    </p>
   </div>
   <div class='ocr_carea' id='block_1_25' title="bbox 450 2471 1525 2554">
    <p class='ocr_par' dir='ltr' id='par_1_25' title="bbox 450 2471 1525 2554">
     <span class='ocr_line' id='line_1_25' title="bbox 450 2471 1525 2554; baseline -0.005 -20"><span class='ocrx_word' id='word_1_121' title='bbox 450 2481 639 2540; x_wconf 87' lang='grc' dir='ltr'>Ὀσιος</span> <span class='ocrx_word' id='word_1_122' title='bbox 665 2479 823 2554; x_wconf 74' lang='grc' dir='ltr'>ἀνὴρ,</span> <span class='ocrx_word' id='word_1_123' title='bbox 859 2471 1117 2544; x_wconf 76' lang='grc' dir='ltr'>εὐλαϐὴς,</span> <span class='ocrx_word' id='word_1_124' title='bbox 1151 2481 1322 2551; x_wconf 85' lang='grc' dir='ltr'>πρᾶος</span> <span class='ocrx_word' id='word_1_125' title='bbox 1349 2477 1525 2554; x_wconf 74' lang='grc' dir='ltr'>φύσει,</span> 
     </span>
    </p>
   </div>
   <div class='ocr_carea' id='block_1_26' title="bbox 229 2562 1464 2643">
    <p class='ocr_par' dir='ltr' id='par_1_26' title="bbox 229 2562 1464 2643">
     <span class='ocr_line' id='line_1_26' title="bbox 229 2562 1464 2643; baseline -0.008 -15"><span class='ocrx_word' id='word_1_126' title='bbox 229 2571 415 2628; x_wconf 85' lang='grc'><strong>10120</strong></span> <span class='ocrx_word' id='word_1_127' title='bbox 455 2573 572 2640; x_wconf 80' lang='grc' dir='ltr'>Θεῷ</span> <span class='ocrx_word' id='word_1_128' title='bbox 602 2562 940 2643; x_wconf 74' lang='grc' dir='ltr'>προϐληθεὶς</span> <span class='ocrx_word' id='word_1_129' title='bbox 972 2565 1250 2627; x_wconf 84' lang='grc' dir='ltr'>Νικόλαος</span> <span class='ocrx_word' id='word_1_130' title='bbox 1282 2564 1464 2635; x_wconf 80' lang='grc' dir='ltr'>ἀξίως,</span> 
     </span>
    </p>
   </div>
   <div class='ocr_carea' id='block_1_27' title="bbox 454 2653 1506 2733">
    <p class='ocr_par' dir='ltr' id='par_1_27' title="bbox 454 2653 1506 2733">
     <span class='ocr_line' id='line_1_27' title="bbox 454 2653 1506 2733; baseline -0.003 -21"><span class='ocrx_word' id='word_1_131' title='bbox 454 2660 721 2733; x_wconf 74' lang='grc' dir='ltr'>Μοναχὸς</span> <span class='ocrx_word' id='word_1_132' title='bbox 750 2655 1082 2731; x_wconf 76' lang='grc' dir='ltr'>ἐλλόγιμος,</span> <span class='ocrx_word' id='word_1_133' title='bbox 1112 2653 1258 2729; x_wconf 71' lang='grc' dir='ltr'>ἄξιος</span> <span class='ocrx_word' id='word_1_134' title='bbox 1291 2657 1506 2730; x_wconf 85' lang='grc' dir='ltr'>θρόνου,</span> 
     </span>
    </p>
   </div>
   <div class='ocr_carea' id='block_1_28' title="bbox 460 2743 1469 2822">
    <p class='ocr_par' dir='ltr' id='par_1_28' title="bbox 460 2743 1469 2822">
     <span class='ocr_line' id='line_1_28' title="bbox 460 2743 1469 2822; baseline -0.002 -18"><span class='ocrx_word' id='word_1_135' title='bbox 460 2746 793 2817; x_wconf 81' lang='grc' dir='ltr'>Ἐκκλησίας</span> <span class='ocrx_word' id='word_1_136' title='bbox 826 2743 997 2810; x_wconf 65' lang='grc' dir='ltr'>ἴθυνεν</span> <span class='ocrx_word' id='word_1_137' title='bbox 1031 2745 1106 2808; x_wconf 86' lang='grc' dir='ltr'>ὡς</span> <span class='ocrx_word' id='word_1_138' title='bbox 1140 2750 1256 2818; x_wconf 88' lang='grc' dir='ltr'>Θεῷ</span> <span class='ocrx_word' id='word_1_139' title='bbox 1287 2745 1469 2822; x_wconf 58' lang='grc' dir='ltr'>φίλον.</span> 
     </span>
    </p>
   </div>
   <div class='ocr_carea' id='block_1_29' title="bbox 458 2833 1717 2909">
    <p class='ocr_par' dir='ltr' id='par_1_29' title="bbox 458 2833 1717 2909">
     <span class='ocr_line' id='line_1_29' title="bbox 458 2833 1717 2909; baseline -0.003 -16"><span class='ocrx_word' id='word_1_140' title='bbox 458 2836 677 2895; x_wconf 70' lang='grc' dir='ltr'>Τούτοᾶ</span> <span class='ocrx_word' id='word_1_141' title='bbox 710 2856 1068 2909; x_wconf 83' lang='grc' dir='ltr'>μετασταντος</span> <span class='ocrx_word' id='word_1_142' title='bbox 1102 2833 1158 2890; x_wconf 74' lang='grc' dir='ltr'>δὲ</span> <span class='ocrx_word' id='word_1_143' title='bbox 1188 2836 1322 2909; x_wconf 88' lang='grc' dir='ltr'>πρὸς</span> <span class='ocrx_word' id='word_1_144' title='bbox 1355 2834 1532 2897; x_wconf 89' lang='grc' dir='ltr'>θείους</span> <span class='ocrx_word' id='word_1_145' title='bbox 1571 2834 1717 2907; x_wconf 90' lang='grc' dir='ltr'>νόας,</span> 
     </span>
    </p>
   </div>
   <div class='ocr_carea' id='block_1_30' title="bbox 456 2923 1589 3001">
    <p class='ocr_par' dir='ltr' id='par_1_30' title="bbox 456 2923 1589 3001">
     <span class='ocr_line' id='line_1_30' title="bbox 456 2923 1589 3001; baseline -0.004 -19"><span class='ocrx_word' id='word_1_146' title='bbox 456 2928 623 3001; x_wconf 70' lang='grc' dir='ltr'>Ἀνὴρ</span> <span class='ocrx_word' id='word_1_147' title='bbox 656 2927 1044 3001; x_wconf 87' lang='grc' dir='ltr'>χαριτώνυμος</span> <span class='ocrx_word' id='word_1_148' title='bbox 1075 2924 1366 3000; x_wconf 79' lang='grc' dir='ltr'>ἐμπρέπων</span> <span class='ocrx_word' id='word_1_149' title='bbox 1401 2923 1589 2999; x_wconf 81' lang='grc' dir='ltr'>λόγοις</span> 
     </span>
    </p>
   </div>
   <div class='ocr_carea' id='block_1_31' title="bbox 237 3010 1471 3091">
    <p class='ocr_par' dir='ltr' id='par_1_31' title="bbox 237 3010 1471 3091">
     <span class='ocr_line' id='line_1_31' title="bbox 237 3010 1471 3091; baseline -0.008 -16"><span class='ocrx_word' id='word_1_150' title='bbox 237 3018 417 3075; x_wconf 83' lang='grc'><strong>10125</strong></span> <span class='ocrx_word' id='word_1_151' title='bbox 462 3016 840 3091; x_wconf 67' lang='grc' dir='ltr'>Ἱερομνήμων</span> <span class='ocrx_word' id='word_1_152' title='bbox 874 3011 1094 3083; x_wconf 78' lang='grc' dir='ltr'>λευίτης</span> <span class='ocrx_word' id='word_1_153' title='bbox 1124 3010 1471 3082; x_wconf 85' lang='grc' dir='ltr'>Ἐκκλησίας,</span> 
     </span>
    </p>
   </div>
   <div class='ocr_carea' id='block_1_32' title="bbox 454 3099 1514 3177">
    <p class='ocr_par' dir='ltr' id='par_1_32' title="bbox 454 3099 1514 3177">
     <span class='ocr_line' id='line_1_32' title="bbox 454 3099 1514 3177; baseline -0.004 -18"><span class='ocrx_word' id='word_1_154' title='bbox 454 3109 544 3177; x_wconf 81' lang='grc' dir='ltr'>Τῷ</span> <span class='ocrx_word' id='word_1_155' title='bbox 571 3107 869 3173; x_wconf 80' lang='grc' dir='ltr'>τηνικαῦτα</span> <span class='ocrx_word' id='word_1_156' title='bbox 898 3102 1119 3174; x_wconf 91' lang='grc' dir='ltr'>ποιμένι</span> <span class='ocrx_word' id='word_1_157' title='bbox 1155 3099 1514 3173; x_wconf 85' lang='grc' dir='ltr'>Χαλκηδόνος</span> 
     </span>
    </p>
   </div>
   <div class='ocr_carea' id='block_1_33' title="bbox 456 3190 1695 3269">
    <p class='ocr_par' dir='ltr' id='par_1_33' title="bbox 456 3190 1695 3269">
     <span class='ocr_line' id='line_1_33' title="bbox 456 3190 1695 3269; baseline -0.002 -22"><span class='ocrx_word' id='word_1_158' title='bbox 456 3197 668 3269; x_wconf 81' lang='grc' dir='ltr'>Ἀγχοῦ</span> <span class='ocrx_word' id='word_1_159' title='bbox 698 3194 815 3247; x_wconf 86' lang='grc' dir='ltr'>καθ’</span> <span class='ocrx_word' id='word_1_160' title='bbox 844 3196 979 3266; x_wconf 82' lang='grc' dir='ltr'>αἷμα</span> <span class='ocrx_word' id='word_1_161' title='bbox 1009 3192 1096 3247; x_wconf 75' lang='grc' dir='ltr'>καὶ</span> <span class='ocrx_word' id='word_1_162' title='bbox 1128 3190 1282 3267; x_wconf 85' lang='grc' dir='ltr'>γένος</span> <span class='ocrx_word' id='word_1_163' title='bbox 1316 3192 1695 3264; x_wconf 80' lang='grc' dir='ltr'>συνημμάνος,</span> 
     </span>
    </p>
   </div>
   <div class='ocr_carea' id='block_1_34' title="bbox 454 3280 1584 3358">
    <p class='ocr_par' dir='ltr' id='par_1_34' title="bbox 454 3280 1584 3358">
     <span class='ocr_line' id='line_1_34' title="bbox 454 3280 1584 3358; baseline -0.007 -17"><span class='ocrx_word' id='word_1_164' title='bbox 454 3284 535 3341; x_wconf 85' lang='grc' dir='ltr'>Τὸ</span> <span class='ocrx_word' id='word_1_165' title='bbox 569 3281 614 3337; x_wconf 85' lang='grc' dir='ltr'>δ’</span> <span class='ocrx_word' id='word_1_166' title='bbox 646 3282 922 3358; x_wconf 81' lang='grc' dir='ltr'>ἀγαπητὸς</span> <span class='ocrx_word' id='word_1_167' title='bbox 953 3283 1029 3343; x_wconf 88' lang='grc' dir='ltr'>ὡς</span> <span class='ocrx_word' id='word_1_168' title='bbox 1057 3280 1347 3353; x_wconf 81' lang='grc' dir='ltr'>ἐπώνυμον</span> <span class='ocrx_word' id='word_1_169' title='bbox 1386 3280 1584 3357; x_wconf 72' lang='grc' dir='ltr'>φέρῳν,</span> 
     </span>
    </p>
   </div>
   <div class='ocr_carea' id='block_1_35' title="bbox 455 3366 1613 3446">
    <p class='ocr_par' dir='ltr' id='par_1_35' title="bbox 455 3366 1613 3446">
     <span class='ocr_line' id='line_1_35' title="bbox 455 3366 1613 3446; baseline -0.003 -20"><span class='ocrx_word' id='word_1_170' title='bbox 455 3372 741 3446; x_wconf 76' lang='grc' dir='ltr'>Ἀνάγεται</span> <span class='ocrx_word' id='word_1_171' title='bbox 773 3369 840 3439; x_wconf 73' lang='grc' dir='ltr'>δή</span> <span class='ocrx_word' id='word_1_172' title='bbox 872 3370 1011 3446; x_wconf 81' lang='grc' dir='ltr'>πρὸς</span> <span class='ocrx_word' id='word_1_173' title='bbox 1044 3371 1234 3444; x_wconf 81' lang='grc' dir='ltr'>θρόνον</span> <span class='ocrx_word' id='word_1_174' title='bbox 1266 3366 1613 3438; x_wconf 83' lang='grc' dir='ltr'>Βυζαντίδος.</span> 
     </span>
    </p>
   </div>
   <div class='ocr_carea' id='block_1_36' title="bbox 234 3459 1542 3536">
    <p class='ocr_par' dir='ltr' id='par_1_36' title="bbox 234 3459 1542 3536">
     <span class='ocr_line' id='line_1_36' title="bbox 234 3459 1542 3536; baseline -0.008 -14"><span class='ocrx_word' id='word_1_175' title='bbox 234 3466 417 3522; x_wconf 84' lang='grc'><strong>10130</strong></span> <span class='ocrx_word' id='word_1_176' title='bbox 454 3462 533 3520; x_wconf 81' lang='grc' dir='ltr'>Οὗ</span> <span class='ocrx_word' id='word_1_177' title='bbox 562 3463 658 3517; x_wconf 89' lang='grc' dir='ltr'>τὸν</span> <span class='ocrx_word' id='word_1_178' title='bbox 680 3462 920 3536; x_wconf 88' lang='grc' dir='ltr'>παρόντα</span> <span class='ocrx_word' id='word_1_179' title='bbox 943 3459 1370 3533; x_wconf 83' lang='grc' dir='ltr'>καταλείψαντος</span> <span class='ocrx_word' id='word_1_180' title='bbox 1403 3459 1542 3533; x_wconf 87' lang='grc' dir='ltr'>βίον,</span> 
     </span>
    </p>
   </div>
   <div class='ocr_carea' id='block_1_37' title="bbox 460 3545 1605 3627">
    <p class='ocr_par' dir='ltr' id='par_1_37' title="bbox 460 3545 1605 3627">
     <span class='ocr_line' id='line_1_37' title="bbox 460 3545 1605 3627; baseline -0.005 -21"><span class='ocrx_word' id='word_1_181' title='bbox 460 3557 726 3620; x_wconf 79' lang='grc' dir='ltr'>Στυππῆς</span> <span class='ocrx_word' id='word_1_182' title='bbox 754 3551 903 3607; x_wconf 81' lang='grc' dir='ltr'>Κέων</span> <span class='ocrx_word' id='word_1_183' title='bbox 938 3548 1132 3627; x_wconf 69' lang='grc' dir='ltr'>εἷ’ληφε</span> <span class='ocrx_word' id='word_1_184' title='bbox 1159 3549 1260 3616; x_wconf 75' lang='grc' dir='ltr'>τὴν</span> <span class='ocrx_word' id='word_1_185' title='bbox 1294 3545 1605 3623; x_wconf 85' lang='grc' dir='ltr'>προεδρίαν,</span> 
     </span>
    </p>
   </div>
   <div class='ocr_carea' id='block_1_38' title="bbox 461 3634 1530 3713">
    <p class='ocr_par' dir='ltr' id='par_1_38' title="bbox 461 3634 1530 3713">
     <span class='ocr_line' id='line_1_38' title="bbox 461 3634 1530 3713; baseline -0.006 -17"><span class='ocrx_word' id='word_1_186' title='bbox 461 3640 778 3713; x_wconf 76' lang='grc' dir='ltr'>Οἶκονόμος</span> <span class='ocrx_word' id='word_1_187' title='bbox 810 3634 906 3709; x_wconf 79' lang='grc' dir='ltr'>ὤν,</span> <span class='ocrx_word' id='word_1_188' title='bbox 939 3636 1159 3707; x_wconf 48' lang='lat' dir='ltr'>huic“</span> <span class='ocrx_word' id='word_1_189' title='bbox 1184 3636 1530 3707; x_wconf 85' lang='grc' dir='ltr'>Ἐκκλησιας.</span> 
     </span>
    </p>
   </div>
   <div class='ocr_carea' id='block_1_39' title="bbox 462 3727 1652 3804">
    <p class='ocr_par' dir='ltr' id='par_1_39' title="bbox 462 3727 1652 3804">
     <span class='ocr_line' id='line_1_39' title="bbox 462 3727 1652 3804; baseline -0.004 -17"><span class='ocrx_word' id='word_1_190' title='bbox 462 3734 562 3787; x_wconf 73' lang='grc' dir='ltr'>Καὶ</span> <span class='ocrx_word' id='word_1_191' title='bbox 593 3731 756 3787; x_wconf 88' lang='grc' dir='ltr'>τοῦδε</span> <span class='ocrx_word' id='word_1_192' title='bbox 783 3733 845 3786; x_wconf 89' lang='grc' dir='ltr'>τὸ</span> <span class='ocrx_word' id='word_1_193' title='bbox 881 3734 976 3799; x_wconf 78' lang='grc' dir='ltr'>ζῆν</span> <span class='ocrx_word' id='word_1_194' title='bbox 1010 3729 1060 3784; x_wconf 81' lang='grc' dir='ltr'>έν</span> <span class='ocrx_word' id='word_1_195' title='bbox 1098 3729 1272 3804; x_wconf 85' lang='grc' dir='ltr'>θρόνῳ</span> <span class='ocrx_word' id='word_1_196' title='bbox 1304 3727 1652 3799; x_wconf 84' lang='grc' dir='ltr'>λελοιπότος,</span> 
     </span>
    </p>
   </div>
   <div class='ocr_carea' id='block_1_40' title="bbox 465 3816 1626 3897">
    <p class='ocr_par' dir='ltr' id='par_1_40' title="bbox 465 3816 1626 3897">
     <span class='ocr_line' id='line_1_40' title="bbox 465 3816 1626 3897; baseline -0.005 -20"><span class='ocrx_word' id='word_1_197' title='bbox 465 3818 740 3897; x_wconf 85' lang='grc' dir='ltr'>Πρόεδρος</span> <span class='ocrx_word' id='word_1_198' title='bbox 768 3816 917 3891; x_wconf 81' lang='grc' dir='ltr'>ὤσθη</span> <span class='ocrx_word' id='word_1_199' title='bbox 950 3819 1328 3893; x_wconf 84' lang='grc' dir='ltr'>ποιμενάρχης</span> <span class='ocrx_word' id='word_1_200' title='bbox 1358 3819 1421 3873; x_wconf 78' lang='grc' dir='ltr'>αὗ</span> <span class='ocrx_word' id='word_1_201' title='bbox 1458 3818 1626 3892; x_wconf 82' lang='grc' dir='ltr'>μέγας</span> 
     </span>
    </p>
   </div>
   <div class='ocr_carea' id='block_1_41' title="bbox 248 3911 1724 3992">
    <p class='ocr_par' dir='ltr' id='par_1_41' title="bbox 248 3911 1724 3992">
     <span class='ocr_line' id='line_1_41' title="bbox 248 3911 1724 3992; baseline -0.009 -14"><span class='ocrx_word' id='word_1_202' title='bbox 248 3922 427 3979; x_wconf 84' lang='grc'><strong>10135</strong></span> <span class='ocrx_word' id='word_1_203' title='bbox 467 3920 675 3992; x_wconf 84' lang='grc' dir='ltr'>Σεμνὸς</span> <span class='ocrx_word' id='word_1_204' title='bbox 706 3915 937 3991; x_wconf 78' lang='grc' dir='ltr'>Μιχαὴλ</span> <span class='ocrx_word' id='word_1_205' title='bbox 968 3916 1185 3992; x_wconf 83' lang='grc' dir='ltr'>ἀρεταῖς</span> <span class='ocrx_word' id='word_1_206' title='bbox 1219 3913 1477 3987; x_wconf 61' lang='grc' dir='ltr'>λάμπων,</span> <span class='ocrx_word' id='word_1_207' title='bbox 1511 3911 1724 3987; x_wconf 90' lang='grc' dir='ltr'>λόγοις,</span> 
     </span>
    </p>
   </div>
   <div class='ocr_carea' id='block_1_42' title="bbox 463 4002 1575 4081">
    <p class='ocr_par' dir='ltr' id='par_1_42' title="bbox 463 4002 1575 4081">
     <span class='ocr_line' id='line_1_42' title="bbox 463 4002 1575 4081; baseline -0.007 -18"><span class='ocrx_word' id='word_1_208' title='bbox 463 4014 653 4076; x_wconf 62' lang='lat' dir='ltr'>Mevi:</span> <span class='ocrx_word' id='word_1_209' title='bbox 683 4006 960 4081; x_wconf 83' lang='grc' dir='ltr'>προεστὼς</span> <span class='ocrx_word' id='word_1_210' title='bbox 994 4005 1222 4081; x_wconf 83' lang='grc' dir='ltr'>εὖαγοῦς</span> <span class='ocrx_word' id='word_1_211' title='bbox 1245 4010 1341 4073; x_wconf 78' lang='grc' dir='ltr'>τῆς</span> <span class='ocrx_word' id='word_1_212' title='bbox 1372 4002 1575 4074; x_wconf 81' lang='grc' dir='ltr'>Ὀξείας</span> 
     </span>
    </p>
   </div>
   <div class='ocr_carea' id='block_1_43' title="bbox 464 4094 1438 4169">
    <p class='ocr_par' dir='ltr' id='par_1_43' title="bbox 464 4094 1438 4169">
     <span class='ocr_line' id='line_1_43' title="bbox 464 4094 1438 4169; baseline -0.009 -15"><span class='ocrx_word' id='word_1_213' title='bbox 464 4101 652 4158; x_wconf 74' lang='lat' dir='ltr'>&quot;Oc-rt;</span> <span class='ocrx_word' id='word_1_214' title='bbox 682 4096 818 4151; x_wconf 64' lang='grc' dir='ltr'>ἑκὼν</span> <span class='ocrx_word' id='word_1_215' title='bbox 842 4094 1100 4152; x_wconf 75' lang='grc' dir='ltr'>λέλοιπεν</span> <span class='ocrx_word' id='word_1_216' title='bbox 1132 4094 1438 4169; x_wconf 69' lang='grc' dir='ltr'>ἱεραρχίανο</span> 
     </span>
    </p>
   </div>
   <div class='ocr_carea' id='block_1_44' title="bbox 465 4178 1611 4263">
    <p class='ocr_par' dir='ltr' id='par_1_44' title="bbox 465 4178 1611 4263">
     <span class='ocr_line' id='line_1_44' title="bbox 465 4178 1611 4263; baseline -0.009 -20"><span class='ocrx_word' id='word_1_217' title='bbox 465 4188 612 4263; x_wconf 83' lang='grc' dir='ltr'>Πρὸς</span> <span class='ocrx_word' id='word_1_218' title='bbox 642 4183 835 4256; x_wconf 86' lang='grc' dir='ltr'>νησίδα</span> <span class='ocrx_word' id='word_1_219' title='bbox 869 4182 927 4241; x_wconf 71' lang='grc' dir='ltr'>δὲ</span> <span class='ocrx_word' id='word_1_220' title='bbox 953 4187 1045 4239; x_wconf 79' lang='grc' dir='ltr'>καὶ</span> <span class='ocrx_word' id='word_1_221' title='bbox 1080 4183 1251 4257; x_wconf 85' lang='grc' dir='ltr'>μονὴν</span> <span class='ocrx_word' id='word_1_222' title='bbox 1278 4189 1378 4251; x_wconf 83' lang='grc' dir='ltr'>τῆς</span> <span class='ocrx_word' id='word_1_223' title='bbox 1406 4178 1611 4251; x_wconf 80' lang='grc' dir='ltr'>Ὀξείας</span> 
     </span>
    </p>
   </div>
   <div class='ocr_carea' id='block_1_45' title="bbox 464 4269 1552 4349">
    <p class='ocr_par' dir='ltr' id='par_1_45' title="bbox 464 4269 1552 4349">
     <span class='ocr_line' id='line_1_45' title="bbox 464 4269 1552 4349; baseline -0.009 -18"><span class='ocrx_word' id='word_1_224' title='bbox 464 4272 930 4349; x_wconf 85' lang='grc' dir='ltr'>Ἔπαναδραμὼν,</span> <span class='ocrx_word' id='word_1_225' title='bbox 967 4273 1184 4334; x_wconf 79' lang='grc' dir='ltr'>ὑποθεὶς</span> <span class='ocrx_word' id='word_1_226' title='bbox 1220 4272 1311 4325; x_wconf 87' lang='grc' dir='ltr'>τὸν</span> <span class='ocrx_word' id='word_1_227' title='bbox 1346 4269 1552 4343; x_wconf 84' lang='grc' dir='ltr'>αὐχένα</span> 
     </span>
    </p>
   </div>
   <div class='ocr_carea' id='block_1_46' title="bbox 258 4356 1649 4437">
    <p class='ocr_par' dir='ltr' id='par_1_46' title="bbox 258 4356 1649 4437">
     <span class='ocr_line' id='line_1_46' title="bbox 258 4356 1649 4437; baseline -0.007 -13"><span class='ocrx_word' id='word_1_228' title='bbox 258 4368 435 4424; x_wconf 74' lang='grc'><strong>10140</strong></span> <span class='ocrx_word' id='word_1_229' title='bbox 473 4367 622 4423; x_wconf 86' lang='grc' dir='ltr'>Ναοῦ</span> <span class='ocrx_word' id='word_1_230' title='bbox 652 4363 801 4437; x_wconf 78' lang='grc' dir='ltr'>πύλῃ</span> <span class='ocrx_word' id='word_1_231' title='bbox 831 4361 1093 4437; x_wconf 85' lang='grc' dir='ltr'>δόχμιον,</span> <span class='ocrx_word' id='word_1_232' title='bbox 1124 4356 1168 4415; x_wconf 81' lang='grc' dir='ltr'>ὤ</span> <span class='ocrx_word' id='word_1_233' title='bbox 1198 4361 1375 4433; x_wconf 85' lang='grc' dir='ltr'>πράου</span> <span class='ocrx_word' id='word_1_234' title='bbox 1403 4356 1649 4433; x_wconf 76' lang='grc' dir='ltr'>τρόπουι</span> 
     </span>
    </p>
   </div>
   <div class='ocr_carea' id='block_1_47' title="bbox 470 4447 1543 4529">
    <p class='ocr_par' dir='ltr' id='par_1_47' title="bbox 470 4447 1543 4529">
     <span class='ocr_line' id='line_1_47' title="bbox 470 4447 1543 4529; baseline -0.007 -19"><span class='ocrx_word' id='word_1_235' title='bbox 470 4459 664 4510; x_wconf 83' lang='grc' dir='ltr'>Ιιατεῖν</span> <span class='ocrx_word' id='word_1_236' title='bbox 691 4459 951 4529; x_wconf 84' lang='grc' dir='ltr'>παρεῖχεν</span> <span class='ocrx_word' id='word_1_237' title='bbox 975 4451 1199 4506; x_wconf 77' lang='grc' dir='ltr'>εἰσιοῦσι</span> <span class='ocrx_word' id='word_1_238' title='bbox 1227 4448 1320 4505; x_wconf 77' lang='grc' dir='ltr'>τόν</span> <span class='ocrx_word' id='word_1_239' title='bbox 1351 4447 1543 4522; x_wconf 72' lang='grc' dir='ltr'>δόμοψ</span> 
     </span>
    </p>
   </div>
   <div class='ocr_carea' id='block_1_48' title="bbox 472 4535 1608 4622">
    <p class='ocr_par' dir='ltr' id='par_1_48' title="bbox 472 4535 1608 4622">
     <span class='ocr_line' id='line_1_48' title="bbox 472 4535 1608 4622; baseline -0.009 -21"><span class='ocrx_word' id='word_1_240' title='bbox 472 4545 588 4622; x_wconf 80' lang='grc' dir='ltr'>Ἐφ’</span> <span class='ocrx_word' id='word_1_241' title='bbox 621 4545 705 4604; x_wconf 77' lang='grc' dir='ltr'>οἷς</span> <span class='ocrx_word' id='word_1_242' title='bbox 731 4542 967 4603; x_wconf 82' lang='grc' dir='ltr'>ἀποστὰς</span> <span class='ocrx_word' id='word_1_243' title='bbox 998 4547 1098 4610; x_wconf 85' lang='grc' dir='ltr'>τῆς</span> <span class='ocrx_word' id='word_1_244' title='bbox 1135 4546 1305 4613; x_wconf 82' lang='grc' dir='ltr'>μονῆς</span> <span class='ocrx_word' id='word_1_245' title='bbox 1335 4546 1434 4609; x_wconf 85' lang='grc' dir='ltr'>τῆς</span> <span class='ocrx_word' id='word_1_246' title='bbox 1466 4535 1608 4600; x_wconf 75' lang='grc' dir='ltr'>ΐδίας</span> 
     </span>
    </p>
   </div>
   <div class='ocr_carea' id='block_1_49' title="bbox 475 4625 1532 4709">
    <p class='ocr_par' dir='ltr' id='par_1_49' title="bbox 475 4625 1532 4709">
     <span class='ocr_line' id='line_1_49' title="bbox 475 4625 1532 4709; baseline -0.005 -19"><span class='ocrx_word' id='word_1_247' title='bbox 475 4631 833 4709; x_wconf 80' lang='grc' dir='ltr'>Ἀξυμφόρως</span> <span class='ocrx_word' id='word_1_248' title='bbox 867 4628 1061 4708; x_wconf 65' lang='grc' dir='ltr'>εἴληφε</span> <span class='ocrx_word' id='word_1_249' title='bbox 1088 4630 1187 4699; x_wconf 77' lang='grc' dir='ltr'>τήν</span> <span class='ocrx_word' id='word_1_250' title='bbox 1217 4625 1532 4704; x_wconf 82' lang='grc' dir='ltr'>προεδρίαν.</span> 
     </span>
    </p>
   </div>
   <div class='ocr_carea' id='block_1_50' title="bbox 474 4715 1629 4795">
    <p class='ocr_par' dir='ltr' id='par_1_50' title="bbox 474 4715 1629 4795">
     <span class='ocr_line' id='line_1_50' title="bbox 474 4715 1629 4795; baseline -0.01 -15"><span class='ocrx_word' id='word_1_251' title='bbox 474 4722 634 4781; x_wconf 66' lang='grc' dir='ltr'>Οὕτω</span> <span class='ocrx_word' id='word_1_252' title='bbox 670 4722 1031 4795; x_wconf 65' lang='grc' dir='ltr'>μεταστάντος</span> <span class='ocrx_word' id='word_1_253' title='bbox 1064 4718 1122 4774; x_wconf 73' lang='grc' dir='ltr'>δὲ</span> <span class='ocrx_word' id='word_1_254' title='bbox 1152 4715 1380 4786; x_wconf 84' lang='grc' dir='ltr'>Μικαήλ</span> <span class='ocrx_word' id='word_1_255' title='bbox 1413 4716 1629 4791; x_wconf 72' lang='grc' dir='ltr'>θρόνου,</span> 
     </span>
    </p>
   </div>
   <div class='ocr_carea' id='block_1_51' title="bbox 268 4814 1559 4893">
    <p class='ocr_par' dir='ltr' id='par_1_51' title="bbox 268 4814 1559 4893">
     <span class='ocr_line' id='line_1_51' title="bbox 268 4814 1559 4893; baseline -0.009 -15"><span class='ocrx_word' id='word_1_256' title='bbox 268 4821 440 4878; x_wconf 72' lang='grc'><strong>10145</strong></span> <span class='ocrx_word' id='word_1_257' title='bbox 477 4822 698 4893; x_wconf 77' lang='grc' dir='ltr'>Κοσμᾶς</span> <span class='ocrx_word' id='word_1_258' title='bbox 732 4819 979 4879; x_wconf 84' lang='grc' dir='ltr'>Ἀττικὸς</span> <span class='ocrx_word' id='word_1_259' title='bbox 1010 4819 1218 4890; x_wconf 90' lang='grc' dir='ltr'>κόσμος</span> <span class='ocrx_word' id='word_1_260' title='bbox 1248 4814 1559 4892; x_wconf 77' lang='grc' dir='ltr'>ἱεραρχίας,</span> 
     </span>
    </p>
   </div>
   <div class='ocr_carea' id='block_1_52' title="bbox 468 4904 1483 4985">
    <p class='ocr_par' dir='ltr' id='par_1_52' title="bbox 468 4904 1483 4985">
     <span class='ocr_line' id='line_1_52' title="bbox 468 4904 1483 4985; baseline -0.008 -20"><span class='ocrx_word' id='word_1_261' title='bbox 468 4912 587 4966; x_wconf 83' lang='grc' dir='ltr'>Τῶν</span> <span class='ocrx_word' id='word_1_262' title='bbox 622 4910 828 4985; x_wconf 81' lang='grc' dir='ltr'>ἀρετῶν</span> <span class='ocrx_word' id='word_1_263' title='bbox 862 4904 1076 4982; x_wconf 74' lang='grc' dir='ltr'>ὄχημα,</span> <span class='ocrx_word' id='word_1_264' title='bbox 1100 4904 1284 4961; x_wconf 90' lang='grc' dir='ltr'>καλῶν</span> <span class='ocrx_word' id='word_1_265' title='bbox 1314 4904 1483 4969; x_wconf 72' lang='grc' dir='ltr'>ἑστία,</span> 
     </span>
    </p>
   </div>
   <div class='ocr_carea' id='block_1_53' title="bbox 467 4986 1787 5077">
    <p class='ocr_par' dir='ltr' id='par_1_53' title="bbox 467 4986 1787 5077">
     <span class='ocr_line' id='line_1_53' title="bbox 467 4986 1787 5077; baseline -0.007 -23"><span class='ocrx_word' id='word_1_266' title='bbox 467 4996 821 5077; x_wconf 82' lang='grc' dir='ltr'>Προφητικός</span> <span class='ocrx_word' id='word_1_267' title='bbox 849 5017 940 5058; x_wconf 90' lang='grc' dir='ltr'>τις</span> <span class='ocrx_word' id='word_1_268' title='bbox 973 4995 1063 5049; x_wconf 86' lang='grc' dir='ltr'>καὶ</span> <span class='ocrx_word' id='word_1_269' title='bbox 1094 4994 1156 5049; x_wconf 78' lang='grc' dir='ltr'>τὰ</span> <span class='ocrx_word' id='word_1_270' title='bbox 1193 4993 1401 5067; x_wconf 86' lang='grc' dir='ltr'>μέλλον</span> <span class='ocrx_word' id='word_1_271' title='bbox 1435 4986 1787 5067; x_wconf 76' lang='grc' dir='ltr'>προϐλέπων,</span> 
     </span>
    </p>
   </div>
   <div class='ocr_carea' id='block_1_54' title="bbox 470 5081 1674 5164">
    <p class='ocr_par' dir='ltr' id='par_1_54' title="bbox 470 5081 1674 5164">
     <span class='ocr_line' id='line_1_54' title="bbox 470 5081 1674 5164; baseline -0.007 -21"><span class='ocrx_word' id='word_1_272' title='bbox 470 5088 811 5164; x_wconf 72' lang='grc' dir='ltr'>Ἀρχιθὺτης</span> <span class='ocrx_word' id='word_1_273' title='bbox 842 5083 1085 5141; x_wconf 78' lang='grc' dir='ltr'>δέδεικτο</span> <span class='ocrx_word' id='word_1_274' title='bbox 1114 5091 1212 5153; x_wconf 80' lang='grc' dir='ltr'>τῆς</span> <span class='ocrx_word' id='word_1_275' title='bbox 1242 5081 1674 5151; x_wconf 83' lang='grc' dir='ltr'>Κωνσταντίνου,</span> 
     </span>
    </p>
   </div>
   <div class='ocr_carea' id='block_1_55' title="bbox 469 5173 1672 5253">
    <p class='ocr_par' dir='ltr' id='par_1_55' title="bbox 469 5173 1672 5253">
     <span class='ocr_line' id='line_1_55' title="bbox 469 5173 1672 5253; baseline -0.007 -20"><span class='ocrx_word' id='word_1_276' title='bbox 469 5180 687 5252; x_wconf 74' lang='grc' dir='ltr'>Ποιμήν</span> <span class='ocrx_word' id='word_1_277' title='bbox 717 5176 918 5253; x_wconf 80' lang='grc' dir='ltr'>ἀγαθὸς</span> <span class='ocrx_word' id='word_1_278' title='bbox 948 5174 1039 5231; x_wconf 80' lang='grc' dir='ltr'>καὶ</span> <span class='ocrx_word' id='word_1_279' title='bbox 1072 5173 1269 5247; x_wconf 76' lang='grc' dir='ltr'>νομεὺς</span> <span class='ocrx_word' id='word_1_280' title='bbox 1301 5173 1672 5250; x_wconf 84' lang='grc' dir='ltr'>ψυχοτρόφος·</span> 
     </span>
    </p>
   </div>
   <div class='ocr_carea' id='block_1_56' title="bbox 274 5262 1629 5342">
    <p class='ocr_par' dir='ltr' id='par_1_56' title="bbox 274 5262 1629 5342">
     <span class='ocr_line' id='line_1_56' title="bbox 274 5262 1629 5342; baseline -0.006 -19"><span class='ocrx_word' id='word_1_281' title='bbox 274 5269 439 5325; x_wconf 86' lang='grc'><strong>10150</strong></span> <span class='ocrx_word' id='word_1_282' title='bbox 471 5270 674 5342; x_wconf 85' lang='grc' dir='ltr'>Ὀνπερ</span> <span class='ocrx_word' id='word_1_283' title='bbox 707 5264 928 5331; x_wconf 84' lang='grc' dir='ltr'>καθεῖλε</span> <span class='ocrx_word' id='word_1_284' title='bbox 956 5262 1223 5334; x_wconf 79' lang='grc' dir='ltr'>Μανουὴλ</span> <span class='ocrx_word' id='word_1_285' title='bbox 1261 5262 1385 5333; x_wconf 79' lang='grc' dir='ltr'>ἄναξ</span> <span class='ocrx_word' id='word_1_286' title='bbox 1418 5262 1629 5336; x_wconf 89' lang='grc' dir='ltr'>θρόνου,</span> 
     </span>
    </p>
   </div>
   <div class='ocr_carea' id='block_1_57' title="bbox 478 5351 1701 5431">
    <p class='ocr_par' dir='ltr' id='par_1_57' title="bbox 478 5351 1701 5431">
     <span class='ocr_line' id='line_1_57' title="bbox 478 5351 1701 5431; baseline -0.007 -19"><span class='ocrx_word' id='word_1_287' title='bbox 478 5356 706 5419; x_wconf 76' lang='grc' dir='ltr'>Ψευδεῖς</span> <span class='ocrx_word' id='word_1_288' title='bbox 740 5356 1043 5431; x_wconf 78' lang='grc' dir='ltr'>προφάσεις</span> <span class='ocrx_word' id='word_1_289' title='bbox 1072 5353 1248 5415; x_wconf 77' lang='grc' dir='ltr'>αἲτιας</span> <span class='ocrx_word' id='word_1_290' title='bbox 1265 5374 1324 5408; x_wconf 90' lang='grc' dir='ltr'>τε</span> <span class='ocrx_word' id='word_1_291' title='bbox 1357 5351 1701 5425; x_wconf 83' lang='grc' dir='ltr'>συμπλάσας.</span> 
     </span>
    </p>
   </div>
   <div class='ocr_carea' id='block_1_58' title="bbox 476 5436 1713 5519">
    <p class='ocr_par' dir='ltr' id='par_1_58' title="bbox 476 5436 1713 5519">
     <span class='ocr_line' id='line_1_58' title="bbox 476 5436 1713 5519; baseline -0.005 -19"><span class='ocrx_word' id='word_1_292' title='bbox 476 5446 642 5502; x_wconf 88' lang='grc' dir='ltr'>Ὀθεν</span> <span class='ocrx_word' id='word_1_293' title='bbox 672 5443 979 5519; x_wconf 82' lang='grc' dir='ltr'>προαχθεὶς</span> <span class='ocrx_word' id='word_1_294' title='bbox 1012 5442 1399 5516; x_wconf 86' lang='grc' dir='ltr'>ποιμενάρχης</span> <span class='ocrx_word' id='word_1_295' title='bbox 1429 5442 1455 5494; x_wconf 87' lang='grc' dir='ltr'>ὁ</span> <span class='ocrx_word' id='word_1_296' title='bbox 1492 5436 1713 5514; x_wconf 83' lang='grc' dir='ltr'>βλέπων</span> 
     </span>
    </p>
   </div>
   <div class='ocr_carea' id='block_1_59' title="bbox 478 5528 1634 5608">
    <p class='ocr_par' dir='ltr' id='par_1_59' title="bbox 478 5528 1634 5608">
     <span class='ocr_line' id='line_1_59' title="bbox 478 5528 1634 5608; baseline -0.008 -16"><span class='ocrx_word' id='word_1_297' title='bbox 478 5536 548 5592; x_wconf 85' lang='grc' dir='ltr'>’Ή</span> <span class='ocrx_word' id='word_1_298' title='bbox 584 5535 691 5608; x_wconf 70' lang='grc' dir='ltr'>μὴν</span> <span class='ocrx_word' id='word_1_299' title='bbox 730 5537 905 5607; x_wconf 85' lang='grc' dir='ltr'>μενεῖν</span> <span class='ocrx_word' id='word_1_300' title='bbox 932 5529 1171 5606; x_wconf 82' lang='grc' dir='ltr'>ἇίκαρπον</span> <span class='ocrx_word' id='word_1_301' title='bbox 1211 5528 1435 5606; x_wconf 68' lang='grc' dir='ltr'>ἄρρενος</span> <span class='ocrx_word' id='word_1_302' title='bbox 1464 5529 1634 5584; x_wconf 77' lang='grc' dir='ltr'>τόκου</span> 
     </span>
    </p>
   </div>
   <div class='ocr_carea' id='block_1_60' title="bbox 482 5615 1581 5700">
    <p class='ocr_par' dir='ltr' id='par_1_60' title="bbox 482 5615 1581 5700">
     <span class='ocr_line' id='line_1_60' title="bbox 482 5615 1581 5700; baseline -0.005 -22"><span class='ocrx_word' id='word_1_303' title='bbox 482 5625 707 5699; x_wconf 73' lang='grc' dir='ltr'>Μήτραν</span> <span class='ocrx_word' id='word_1_304' title='bbox 736 5622 1112 5700; x_wconf 83' lang='grc' dir='ltr'>προηγόρευσε</span> <span class='ocrx_word' id='word_1_305' title='bbox 1140 5624 1241 5690; x_wconf 85' lang='grc' dir='ltr'>υῆς</span> <span class='ocrx_word' id='word_1_306' title='bbox 1274 5615 1581 5681; x_wconf 85' lang='grc' dir='ltr'>Βασιλίδος.</span> 
     </span>
    </p>
   </div>
   <div class='ocr_carea' id='block_1_61' title="bbox 1930 405 3243 485">
    <p class='ocr_par' dir='ltr' id='par_1_61' title="bbox 1930 405 3243 485">
     <span class='ocr_line' id='line_1_61' title="bbox 1930 405 3243 485; baseline 0.006 -24"><span class='ocrx_word' id='word_1_307' title='bbox 1930 405 1987 471; x_wconf 80' lang='grc' dir='ltr'><strong>Α</strong></span> <span class='ocrx_word' id='word_1_308' title='bbox 2017 405 2143 463; x_wconf 91' lang='lat' dir='ltr'>sine</span> <span class='ocrx_word' id='word_1_309' title='bbox 2175 411 2430 480; x_wconf 67' lang='lat' dir='ltr'>querela</span> <span class='ocrx_word' id='word_1_310' title='bbox 2460 411 2731 468; x_wconf 88' lang='lat' dir='ltr'>inventus</span> <span class='ocrx_word' id='word_1_311' title='bbox 2763 418 2820 469; x_wconf 87' lang='lat' dir='ltr'>et</span> <span class='ocrx_word' id='word_1_312' title='bbox 2845 412 3243 485; x_wconf 88' lang='lat' dir='ltr'>inculpabilis,</span> 
     </span>
    </p>
   </div>
   <div class='ocr_carea' id='block_1_62' title="bbox 2015 497 3163 557">
    <p class='ocr_par' dir='ltr' id='par_1_62' title="bbox 2015 497 3163 557">
     <span class='ocr_line' id='line_1_62' title="bbox 2015 497 3163 557; baseline 0.005 -7"><span class='ocrx_word' id='word_1_313' title='bbox 2015 497 2233 553; x_wconf 88' lang='lat' dir='ltr'>nedum</span> <span class='ocrx_word' id='word_1_314' title='bbox 2266 499 2326 553; x_wconf 90' lang='lat' dir='ltr'>in</span> <span class='ocrx_word' id='word_1_315' title='bbox 2359 500 2439 556; x_wconf 85' lang='lat' dir='ltr'>rei</span> <span class='ocrx_word' id='word_1_316' title='bbox 2474 503 2785 557; x_wconf 78' lang='lat' dir='ltr'>sanctioris</span> <span class='ocrx_word' id='word_1_317' title='bbox 2819 502 3163 557; x_wconf 90' lang='lat' dir='ltr'>ministerio.</span> 
     </span>
    </p>
   </div>
   <div class='ocr_carea' id='block_1_63' title="bbox 2014 590 3131 661">
    <p class='ocr_par' dir='ltr' id='par_1_63' title="bbox 2014 590 3131 661">
     <span class='ocr_line' id='line_1_63' title="bbox 2014 590 3131 661; baseline 0.005 -21"><span class='ocrx_word' id='word_1_318' title='bbox 2014 592 2186 656; x_wconf 89' lang='lat' dir='ltr'>atque</span> <span class='ocrx_word' id='word_1_319' title='bbox 2219 590 2324 643; x_wconf 91' lang='lat' dir='ltr'>hoc</span> <span class='ocrx_word' id='word_1_320' title='bbox 2358 590 2537 645; x_wconf 87' lang='lat' dir='ltr'>etiam</span> <span class='ocrx_word' id='word_1_321' title='bbox 2569 592 2904 647; x_wconf 75' lang='lat' dir='ltr'>dimittente</span> <span class='ocrx_word' id='word_1_322' title='bbox 2934 592 3131 661; x_wconf 88' lang='lat' dir='ltr'>vitam,</span> 
     </span>
    </p>
   </div>
   <div class='ocr_carea' id='block_1_64' title="bbox 2012 676 3081 752">
    <p class='ocr_par' dir='ltr' id='par_1_64' title="bbox 2012 676 3081 752">
     <span class='ocr_line' id='line_1_64' title="bbox 2012 676 3081 752; baseline 0.007 -23"><span class='ocrx_word' id='word_1_323' title='bbox 2012 676 2102 729; x_wconf 90' lang='lat' dir='ltr'>vir</span> <span class='ocrx_word' id='word_1_324' title='bbox 2130 678 2426 749; x_wconf 72' lang='lat' dir='ltr'>gratiosus</span> <span class='ocrx_word' id='word_1_325' title='bbox 2457 680 2795 752; x_wconf 86' lang='lat' dir='ltr'>Xipbilinus</span> <span class='ocrx_word' id='word_1_326' title='bbox 2824 681 3081 737; x_wconf 77' lang='lat' dir='ltr'>Joannes</span> 
     </span>
    </p>
   </div>
   <div class='ocr_carea' id='block_1_65' title="bbox 2016 765 3147 842">
    <p class='ocr_par' dir='ltr' id='par_1_65' title="bbox 2016 765 3147 842">
     <span class='ocr_line' id='line_1_65' title="bbox 2016 765 3147 842; baseline 0.004 -23"><span class='ocrx_word' id='word_1_327' title='bbox 2016 765 2272 821; x_wconf 68' lang='lat' dir='ltr'>Ecclesia:</span> <span class='ocrx_word' id='word_1_328' title='bbox 2303 771 2477 840; x_wconf 72' lang='lat' dir='ltr'>coepit</span> <span class='ocrx_word' id='word_1_329' title='bbox 2500 787 2697 842; x_wconf 87' lang='lat' dir='ltr'>regere</span> <span class='ocrx_word' id='word_1_330' title='bbox 2729 771 3147 842; x_wconf 78' lang='lat' dir='ltr'>principatum,</span> 
     </span>
    </p>
   </div>
   <div class='ocr_carea' id='block_1_66' title="bbox 2014 855 3173 931">
    <p class='ocr_par' dir='ltr' id='par_1_66' title="bbox 2014 855 3173 931">
     <span class='ocr_line' id='line_1_66' title="bbox 2014 855 3173 931; baseline 0.006 -24"><span class='ocrx_word' id='word_1_331' title='bbox 2014 855 2215 926; x_wconf 77' lang='lat' dir='ltr'>stirpe,</span> <span class='ocrx_word' id='word_1_332' title='bbox 2250 857 2385 927; x_wconf 88' lang='lat' dir='ltr'>vita,</span> <span class='ocrx_word' id='word_1_333' title='bbox 2419 859 2632 914; x_wconf 86' lang='lat' dir='ltr'>litteris</span> <span class='ocrx_word' id='word_1_334' title='bbox 2664 860 2931 931; x_wconf 87' lang='lat' dir='ltr'>apprime</span> <span class='ocrx_word' id='word_1_335' title='bbox 2954 858 3173 929; x_wconf 90' lang='lat' dir='ltr'>clarus,</span> 
     </span>
    </p>
   </div>
   <div class='ocr_carea' id='block_1_67' title="bbox 2015 943 3113 1016">
    <p class='ocr_par' dir='ltr' id='par_1_67' title="bbox 2015 943 3113 1016">
     <span class='ocr_line' id='line_1_67' title="bbox 2015 943 3113 1016; baseline 0.005 -19"><span class='ocrx_word' id='word_1_336' title='bbox 2015 943 2230 1000; x_wconf 85' lang='lat' dir='ltr'>nobilis</span> <span class='ocrx_word' id='word_1_337' title='bbox 2262 949 2559 1016; x_wconf 89' lang='lat' dir='ltr'>quondam</span> <span class='ocrx_word' id='word_1_338' title='bbox 2592 948 2744 1004; x_wconf 89' lang='lat' dir='ltr'>inter</span> <span class='ocrx_word' id='word_1_339' title='bbox 2773 954 3073 1004; x_wconf 76' lang='lat' dir='ltr'>senatores</span> <span class='ocrx_word' id='word_1_340' title='bbox 3101 966 3113 1014; x_wconf 90' lang='lat'>;</span> 
     </span>
    </p>
   </div>
   <div class='ocr_carea' id='block_1_68' title="bbox 2013 1032 3384 1105">
    <p class='ocr_par' dir='ltr' id='par_1_68' title="bbox 2013 1032 3384 1105">
     <span class='ocr_line' id='line_1_68' title="bbox 2013 1032 3384 1105; baseline 0.004 -19"><span class='ocrx_word' id='word_1_341' title='bbox 2013 1032 2223 1088; x_wconf 90' lang='lat' dir='ltr'>deinde</span> <span class='ocrx_word' id='word_1_342' title='bbox 2252 1036 2471 1091; x_wconf 91' lang='lat' dir='ltr'>omisso</span> <span class='ocrx_word' id='word_1_343' title='bbox 2504 1038 2721 1093; x_wconf 89' lang='lat' dir='ltr'>mundo</span> <span class='ocrx_word' id='word_1_344' title='bbox 2753 1055 2815 1093; x_wconf 92' lang='lat' dir='ltr'>se</span> <span class='ocrx_word' id='word_1_345' title='bbox 2848 1038 2983 1093; x_wconf 87' lang='lat' dir='ltr'>fecit</span> <span class='ocrx_word' id='word_1_346' title='bbox 3009 1036 3384 1105; x_wconf 90' lang='lat' dir='ltr'>monachum,</span> 
     </span>
    </p>
   </div>
   <div class='ocr_carea' id='block_1_69' title="bbox 2013 1132 3117 1205">
    <p class='ocr_par' dir='ltr' id='par_1_69' title="bbox 2013 1132 3117 1205">
     <span class='ocr_line' id='line_1_69' title="bbox 2013 1132 3117 1205; baseline 0.005 -21"><span class='ocrx_word' id='word_1_347' title='bbox 2013 1132 2249 1202; x_wconf 79' lang='lat' dir='ltr'>Byzanti</span> <span class='ocrx_word' id='word_1_348' title='bbox 2281 1134 2520 1189; x_wconf 89' lang='lat' dir='ltr'>demum</span> <span class='ocrx_word' id='word_1_349' title='bbox 2554 1135 2736 1190; x_wconf 84' lang='lat' dir='ltr'>evasit</span> <span class='ocrx_word' id='word_1_350' title='bbox 2767 1134 3117 1205; x_wconf 83' lang='lat' dir='ltr'>patriarcha.</span> 
     </span>
    </p>
   </div>
   <div class='ocr_carea' id='block_1_70' title="bbox 2010 1220 3245 1297">
    <p class='ocr_par' dir='ltr' id='par_1_70' title="bbox 2010 1220 3245 1297">
     <span class='ocr_line' id='line_1_70' title="bbox 2010 1220 3245 1297; baseline 0.002 -21"><span class='ocrx_word' id='word_1_351' title='bbox 2010 1220 2276 1278; x_wconf 89' lang='lat' dir='ltr'>Jamvero</span> <span class='ocrx_word' id='word_1_352' title='bbox 2308 1223 2418 1279; x_wconf 92' lang='lat' dir='ltr'>hoc</span> <span class='ocrx_word' id='word_1_353' title='bbox 2456 1224 2738 1281; x_wconf 85' lang='lat' dir='ltr'>humanis</span> <span class='ocrx_word' id='word_1_354' title='bbox 2770 1230 3037 1297; x_wconf 86' lang='lat' dir='ltr'>exempto</span> <span class='ocrx_word' id='word_1_355' title='bbox 3070 1224 3245 1280; x_wconf 84' lang='lat' dir='ltr'>rebus</span> 
     </span>
    </p>
   </div>
   <div class='ocr_carea' id='block_1_71' title="bbox 2012 1311 3144 1385">
    <p class='ocr_par' dir='ltr' id='par_1_71' title="bbox 2012 1311 3144 1385">
     <span class='ocr_line' id='line_1_71' title="bbox 2012 1311 3144 1385; baseline 0.004 -21"><span class='ocrx_word' id='word_1_356' title='bbox 2012 1311 2333 1367; x_wconf 85' lang='lat' dir='ltr'>monachus</span> <span class='ocrx_word' id='word_1_357' title='bbox 2364 1312 2608 1369; x_wconf 89' lang='lat' dir='ltr'>Cosmas</span> <span class='ocrx_word' id='word_1_358' title='bbox 2642 1314 3144 1385; x_wconf 85' lang='lat' dir='ltr'>Hierosolymites,</span> 
     </span>
    </p>
   </div>
   <div class='ocr_carea' id='block_1_72' title="bbox 2013 1398 3303 1470">
    <p class='ocr_par' dir='ltr' id='par_1_72' title="bbox 2013 1398 3303 1470">
     <span class='ocr_line' id='line_1_72' title="bbox 2013 1398 3303 1470; baseline 0.004 -19"><span class='ocrx_word' id='word_1_359' title='bbox 2013 1398 2097 1453; x_wconf 89' lang='lat' dir='ltr'>vir</span> <span class='ocrx_word' id='word_1_360' title='bbox 2128 1399 2313 1455; x_wconf 89' lang='lat' dir='ltr'>bonus</span> <span class='ocrx_word' id='word_1_361' title='bbox 2342 1407 2397 1457; x_wconf 92' lang='lat' dir='ltr'>et</span> <span class='ocrx_word' id='word_1_362' title='bbox 2427 1402 2711 1457; x_wconf 86' lang='lat' dir='ltr'>virtutum</span> <span class='ocrx_word' id='word_1_363' title='bbox 2745 1404 3061 1458; x_wconf 83' lang='lat' dir='ltr'>thesaurus</span> <span class='ocrx_word' id='word_1_364' title='bbox 3094 1401 3303 1470; x_wconf 87' lang='lat' dir='ltr'>mirus,</span> 
     </span>
    </p>
   </div>
   <div class='ocr_carea' id='block_1_73' title="bbox 2010 1488 3172 1563">
    <p class='ocr_par' dir='ltr' id='par_1_73' title="bbox 2010 1488 3172 1563">
     <span class='ocr_line' id='line_1_73' title="bbox 2010 1488 3172 1563; baseline 0.006 -22"><span class='ocrx_word' id='word_1_365' title='bbox 2010 1488 2208 1559; x_wconf 91' lang='lat' dir='ltr'>populi</span> <span class='ocrx_word' id='word_1_366' title='bbox 2236 1490 2457 1561; x_wconf 90' lang='lat' dir='ltr'>accepit</span> <span class='ocrx_word' id='word_1_367' title='bbox 2486 1508 2719 1547; x_wconf 90' lang='lat' dir='ltr'>sacrum</span> <span class='ocrx_word' id='word_1_368' title='bbox 2753 1492 3172 1563; x_wconf 88' lang='lat' dir='ltr'>principatum.</span> 
     </span>
    </p>
   </div>
   <div class='ocr_carea' id='block_1_74' title="bbox 2009 1576 3167 1649">
    <p class='ocr_par' dir='ltr' id='par_1_74' title="bbox 2009 1576 3167 1649">
     <span class='ocr_line' id='line_1_74' title="bbox 2009 1576 3167 1649; baseline 0.004 -19"><span class='ocrx_word' id='word_1_369' title='bbox 2009 1576 2119 1631; x_wconf 91' lang='lat' dir='ltr'>Sed</span> <span class='ocrx_word' id='word_1_370' title='bbox 2152 1578 2309 1633; x_wconf 89' lang='lat' dir='ltr'>enim</span> <span class='ocrx_word' id='word_1_371' title='bbox 2338 1580 2388 1635; x_wconf 89' lang='lat' dir='ltr'>is</span> <span class='ocrx_word' id='word_1_372' title='bbox 2418 1582 2685 1635; x_wconf 89' lang='lat' dir='ltr'>turbatas</span> <span class='ocrx_word' id='word_1_373' title='bbox 2716 1598 2806 1636; x_wconf 89' lang='lat' dir='ltr'>res</span> <span class='ocrx_word' id='word_1_374' title='bbox 2840 1580 3167 1649; x_wconf 83' lang='lat' dir='ltr'>fastidiens,</span> 
     </span>
    </p>
   </div>
   <div class='ocr_carea' id='block_1_75' title="bbox 2008 1668 3253 1738">
    <p class='ocr_par' dir='ltr' id='par_1_75' title="bbox 2008 1668 3253 1738">
     <span class='ocr_line' id='line_1_75' title="bbox 2008 1668 3253 1738; baseline 0.003 -19"><span class='ocrx_word' id='word_1_375' title='bbox 2008 1671 2216 1737; x_wconf 89' lang='lat' dir='ltr'>sponte</span> <span class='ocrx_word' id='word_1_376' title='bbox 2247 1668 2533 1723; x_wconf 86' lang='lat' dir='ltr'>abdicavit</span> <span class='ocrx_word' id='word_1_377' title='bbox 2563 1686 2794 1725; x_wconf 89' lang='lat' dir='ltr'>sacrum</span> <span class='ocrx_word' id='word_1_378' title='bbox 2830 1668 3253 1738; x_wconf 87' lang='lat' dir='ltr'>ministerium,</span> 
     </span>
    </p>
   </div>
   <div class='ocr_carea' id='block_1_76' title="bbox 1932 1755 3125 1829">
    <p class='ocr_par' dir='ltr' id='par_1_76' title="bbox 1932 1755 3125 1829">
     <span class='ocr_line' id='line_1_76' title="bbox 1932 1755 3125 1829; baseline 0.002 -20"><span class='ocrx_word' id='word_1_379' title='bbox 1932 1765 1979 1829; x_wconf 80' lang='grc' dir='ltr'><strong>Β</strong></span> <span class='ocrx_word' id='word_1_380' title='bbox 2009 1755 2142 1809; x_wconf 87' lang='lat' dir='ltr'>sede</span> <span class='ocrx_word' id='word_1_381' title='bbox 2172 1761 2229 1811; x_wconf 90' lang='lat' dir='ltr'>et</span> <span class='ocrx_word' id='word_1_382' title='bbox 2258 1757 2391 1812; x_wconf 86' lang='lat' dir='ltr'>ovili</span> <span class='ocrx_word' id='word_1_383' title='bbox 2421 1760 2701 1814; x_wconf 88' lang='lat' dir='ltr'>secedens</span> <span class='ocrx_word' id='word_1_384' title='bbox 2732 1757 3125 1813; x_wconf 90' lang='lat' dir='ltr'>laudabiliter.</span> 
     </span>
    </p>
   </div>
   <div class='ocr_carea' id='block_1_77' title="bbox 2010 1844 3127 1903">
    <p class='ocr_par' dir='ltr' id='par_1_77' title="bbox 2010 1844 3127 1903">
     <span class='ocr_line' id='line_1_77' title="bbox 2010 1844 3127 1903; baseline 0.003 -5"><span class='ocrx_word' id='word_1_385' title='bbox 2010 1844 2148 1899; x_wconf 83' lang='lat' dir='ltr'>Exin</span> <span class='ocrx_word' id='word_1_386' title='bbox 2183 1846 2461 1901; x_wconf 86' lang='lat' dir='ltr'>statuitur</span> <span class='ocrx_word' id='word_1_387' title='bbox 2490 1847 2549 1902; x_wconf 90' lang='lat' dir='ltr'>in</span> <span class='ocrx_word' id='word_1_388' title='bbox 2576 1847 2815 1903; x_wconf 89' lang='lat' dir='ltr'>sublimi</span> <span class='ocrx_word' id='word_1_389' title='bbox 2847 1848 3127 1903; x_wconf 83' lang='lat' dir='ltr'>cathedra</span> 
     </span>
    </p>
   </div>
   <div class='ocr_carea' id='block_1_78' title="bbox 2007 1934 3401 2009">
    <p class='ocr_par' dir='ltr' id='par_1_78' title="bbox 2007 1934 3401 2009">
     <span class='ocr_line' id='line_1_78' title="bbox 2007 1934 3401 2009; baseline 0.001 -21"><span class='ocrx_word' id='word_1_390' title='bbox 2007 1934 2340 1990; x_wconf 88' lang='lat' dir='ltr'>Eustratius</span> <span class='ocrx_word' id='word_1_391' title='bbox 2371 1937 2693 1992; x_wconf 90' lang='lat' dir='ltr'>monachus</span> <span class='ocrx_word' id='word_1_392' title='bbox 2726 1940 3115 2009; x_wconf 88' lang='lat' dir='ltr'>cognomento</span> <span class='ocrx_word' id='word_1_393' title='bbox 3147 1934 3401 1990; x_wconf 82' lang='lat' dir='ltr'>Garidas</span> 
     </span>
    </p>
   </div>
   <div class='ocr_carea' id='block_1_79' title="bbox 2006 2032 3379 2105">
    <p class='ocr_par' dir='ltr' id='par_1_79' title="bbox 2006 2032 3379 2105">
     <span class='ocr_line' id='line_1_79' title="bbox 2006 2032 3379 2105; baseline 0.001 -19"><span class='ocrx_word' id='word_1_394' title='bbox 2006 2033 2075 2087; x_wconf 91' lang='lat' dir='ltr'>ad</span> <span class='ocrx_word' id='word_1_395' title='bbox 2110 2032 2333 2087; x_wconf 91' lang='lat' dir='ltr'>nullam</span> <span class='ocrx_word' id='word_1_396' title='bbox 2362 2050 2481 2088; x_wconf 90' lang='lat' dir='ltr'>rem</span> <span class='ocrx_word' id='word_1_397' title='bbox 2515 2035 2848 2105; x_wconf 69' lang='lat' dir='ltr'>praeclaram</span> <span class='ocrx_word' id='word_1_398' title='bbox 2882 2032 3379 2103; x_wconf 74' lang='lat' dir='ltr'>naturaioloneus,</span> 
     </span>
    </p>
   </div>
   <div class='ocr_carea' id='block_1_80' title="bbox 2007 2122 3107 2193">
    <p class='ocr_par' dir='ltr' id='par_1_80' title="bbox 2007 2122 3107 2193">
     <span class='ocr_line' id='line_1_80' title="bbox 2007 2122 3107 2193; baseline -0.001 -16"><span class='ocrx_word' id='word_1_399' title='bbox 2007 2137 2185 2193; x_wconf 85' lang='lat' dir='ltr'>egens</span> <span class='ocrx_word' id='word_1_400' title='bbox 2216 2122 2493 2178; x_wconf 66' lang='lat' dir='ltr'>doctrinae</span> <span class='ocrx_word' id='word_1_401' title='bbox 2524 2125 2719 2179; x_wconf 90' lang='lat' dir='ltr'>omnis</span> <span class='ocrx_word' id='word_1_402' title='bbox 2751 2123 3107 2191; x_wconf 87' lang='lat' dir='ltr'>litterarum,</span> 
     </span>
    </p>
   </div>
   <div class='ocr_carea' id='block_1_81' title="bbox 2008 2210 3030 2284">
    <p class='ocr_par' dir='ltr' id='par_1_81' title="bbox 2008 2210 3030 2284">
     <span class='ocr_line' id='line_1_81' title="bbox 2008 2210 3030 2284; baseline 0.001 -19"><span class='ocrx_word' id='word_1_403' title='bbox 2008 2210 2244 2281; x_wconf 83' lang='lat' dir='ltr'>angulis</span> <span class='ocrx_word' id='word_1_404' title='bbox 2275 2217 2332 2266; x_wconf 90' lang='lat' dir='ltr'>et</span> <span class='ocrx_word' id='word_1_405' title='bbox 2363 2212 2598 2268; x_wconf 89' lang='lat' dir='ltr'>silentio</span> <span class='ocrx_word' id='word_1_406' title='bbox 2630 2212 2802 2284; x_wconf 87' lang='lat' dir='ltr'>longe</span> <span class='ocrx_word' id='word_1_407' title='bbox 2834 2212 3030 2283; x_wconf 89' lang='lat' dir='ltr'>aptior</span> 
     </span>
    </p>
   </div>
   <div class='ocr_carea' id='block_1_82' title="bbox 2008 2300 3150 2374">
    <p class='ocr_par' dir='ltr' id='par_1_82' title="bbox 2008 2300 3150 2374">
     <span class='ocr_line' id='line_1_82' title="bbox 2008 2300 3150 2374; baseline 0.004 -20"><span class='ocrx_word' id='word_1_408' title='bbox 2008 2316 2185 2371; x_wconf 90' lang='lat' dir='ltr'>quam</span> <span class='ocrx_word' id='word_1_409' title='bbox 2219 2300 2488 2372; x_wconf 87' lang='lat' dir='ltr'>dignitati</span> <span class='ocrx_word' id='word_1_410' title='bbox 2522 2307 2577 2356; x_wconf 91' lang='lat' dir='ltr'>et</span> <span class='ocrx_word' id='word_1_411' title='bbox 2607 2302 2808 2374; x_wconf 88' lang='lat' dir='ltr'>pepuli</span> <span class='ocrx_word' id='word_1_412' title='bbox 2841 2300 3150 2374; x_wconf 89' lang='lat' dir='ltr'>primatui.</span> 
     </span>
    </p>
   </div>
   <div class='ocr_carea' id='block_1_83' title="bbox 2006 2389 3170 2461">
    <p class='ocr_par' dir='ltr' id='par_1_83' title="bbox 2006 2389 3170 2461">
     <span class='ocr_line' id='line_1_83' title="bbox 2006 2389 3170 2461; baseline 0.002 -18"><span class='ocrx_word' id='word_1_413' title='bbox 2006 2389 2154 2461; x_wconf 86' lang='lat' dir='ltr'>Ergo</span> <span class='ocrx_word' id='word_1_414' title='bbox 2185 2394 2317 2459; x_wconf 91' lang='lat' dir='ltr'>post</span> <span class='ocrx_word' id='word_1_415' title='bbox 2344 2389 2501 2445; x_wconf 90' lang='lat' dir='ltr'>hunc</span> <span class='ocrx_word' id='word_1_416' title='bbox 2530 2391 2783 2461; x_wconf 86' lang='lat' dir='ltr'>ejectum</span> <span class='ocrx_word' id='word_1_417' title='bbox 2817 2390 3170 2456; x_wconf 90' lang='lat' dir='ltr'>ministerio,</span> 
     </span>
    </p>
   </div>
   <div class='ocr_carea' id='block_1_84' title="bbox 2004 2477 3204 2551">
    <p class='ocr_par' dir='ltr' id='par_1_84' title="bbox 2004 2477 3204 2551">
     <span class='ocr_line' id='line_1_84' title="bbox 2004 2477 3204 2551; baseline 0.002 -20"><span class='ocrx_word' id='word_1_418' title='bbox 2004 2477 2092 2532; x_wconf 89' lang='lat' dir='ltr'>vir</span> <span class='ocrx_word' id='word_1_419' title='bbox 2120 2484 2381 2547; x_wconf 83' lang='lat' dir='ltr'>sanctus,</span> <span class='ocrx_word' id='word_1_420' title='bbox 2412 2479 2746 2551; x_wconf 89' lang='lat' dir='ltr'>religiosus,</span> <span class='ocrx_word' id='word_1_421' title='bbox 2778 2480 2906 2535; x_wconf 90' lang='lat' dir='ltr'>miti</span> <span class='ocrx_word' id='word_1_422' title='bbox 2941 2478 3204 2551; x_wconf 88' lang='lat' dir='ltr'>ingenio,</span> 
     </span>
    </p>
   </div>
   <div class='ocr_carea' id='block_1_85' title="bbox 2004 2565 2959 2633">
    <p class='ocr_par' dir='ltr' id='par_1_85' title="bbox 2004 2565 2959 2633">
     <span class='ocr_line' id='line_1_85' title="bbox 2004 2565 2959 2633; baseline 0.001 -11"><span class='ocrx_word' id='word_1_423' title='bbox 2004 2566 2119 2622; x_wconf 92' lang='lat' dir='ltr'>Deo</span> <span class='ocrx_word' id='word_1_424' title='bbox 2152 2565 2379 2622; x_wconf 88' lang='lat' dir='ltr'>volente</span> <span class='ocrx_word' id='word_1_425' title='bbox 2407 2567 2631 2624; x_wconf 88' lang='lat' dir='ltr'>electus</span> <span class='ocrx_word' id='word_1_426' title='bbox 2662 2568 2959 2633; x_wconf 89' lang='lat' dir='ltr'>Nicolaus,</span> 
     </span>
    </p>
   </div>
   <div class='ocr_carea' id='block_1_86' title="bbox 2006 2656 3091 2729">
    <p class='ocr_par' dir='ltr' id='par_1_86' title="bbox 2006 2656 3091 2729">
     <span class='ocr_line' id='line_1_86' title="bbox 2006 2656 3091 2729; baseline 0 -18"><span class='ocrx_word' id='word_1_427' title='bbox 2006 2656 2330 2712; x_wconf 88' lang='lat' dir='ltr'>monachus</span> <span class='ocrx_word' id='word_1_428' title='bbox 2360 2657 2651 2725; x_wconf 91' lang='lat' dir='ltr'>eruditus,</span> <span class='ocrx_word' id='word_1_429' title='bbox 2684 2660 2822 2714; x_wconf 89' lang='lat' dir='ltr'>sede</span> <span class='ocrx_word' id='word_1_430' title='bbox 2852 2657 3091 2729; x_wconf 88' lang='lat' dir='ltr'>dignus,</span> 
     </span>
    </p>
   </div>
   <div class='ocr_carea' id='block_1_87' title="bbox 2005 2745 3158 2818">
    <p class='ocr_par' dir='ltr' id='par_1_87' title="bbox 2005 2745 3158 2818">
     <span class='ocr_line' id='line_1_87' title="bbox 2005 2745 3158 2818; baseline -0.001 -17"><span class='ocrx_word' id='word_1_431' title='bbox 2005 2745 2273 2801; x_wconf 64' lang='lat' dir='ltr'>Ecclesia</span> <span class='ocrx_word' id='word_1_432' title='bbox 2306 2762 2429 2802; x_wconf 89' lang='lat' dir='ltr'>rem</span> <span class='ocrx_word' id='word_1_433' title='bbox 2462 2747 2675 2802; x_wconf 82' lang='lat' dir='ltr'>direxit</span> <span class='ocrx_word' id='word_1_434' title='bbox 2706 2752 2770 2802; x_wconf 88' lang='lat' dir='ltr'>ut</span> <span class='ocrx_word' id='word_1_435' title='bbox 2800 2747 2916 2801; x_wconf 90' lang='lat' dir='ltr'>Deo</span> <span class='ocrx_word' id='word_1_436' title='bbox 2950 2746 3158 2818; x_wconf 89' lang='lat' dir='ltr'>placet.</span> 
     </span>
    </p>
   </div>
   <div class='ocr_carea' id='block_1_88' title="bbox 2004 2832 3230 2906">
    <p class='ocr_par' dir='ltr' id='par_1_88' title="bbox 2004 2832 3230 2906">
     <span class='ocr_line' id='line_1_88' title="bbox 2004 2832 3230 2906; baseline -0.002 -16"><span class='ocrx_word' id='word_1_437' title='bbox 2004 2832 2241 2890; x_wconf 89' lang='lat' dir='ltr'>Nicolao</span> <span class='ocrx_word' id='word_1_438' title='bbox 2273 2839 2615 2892; x_wconf 80' lang='lat' dir='ltr'>transeunte</span> <span class='ocrx_word' id='word_1_439' title='bbox 2646 2836 2716 2891; x_wconf 93' lang='lat' dir='ltr'>ad</span> <span class='ocrx_word' id='word_1_440' title='bbox 2750 2842 2933 2891; x_wconf 75' lang='lat' dir='ltr'>cretus</span> <span class='ocrx_word' id='word_1_441' title='bbox 2964 2850 3230 2906; x_wconf 89' lang='lat' dir='ltr'>superos.</span> 
     </span>
    </p>
   </div>
   <div class='ocr_carea' id='block_1_89' title="bbox 2002 2932 3091 3000">
    <p class='ocr_par' dir='ltr' id='par_1_89' title="bbox 2002 2932 3091 3000">
     <span class='ocr_line' id='line_1_89' title="bbox 2002 2932 3091 3000; baseline -0.002 -12"><span class='ocrx_word' id='word_1_442' title='bbox 2002 2932 2257 2989; x_wconf 86' lang='lat' dir='ltr'>Joannes</span> <span class='ocrx_word' id='word_1_443' title='bbox 2287 2933 2460 2990; x_wconf 91' lang='lat' dir='ltr'>laude</span> <span class='ocrx_word' id='word_1_444' title='bbox 2494 2934 2819 2990; x_wconf 89' lang='lat' dir='ltr'>litterarum</span> <span class='ocrx_word' id='word_1_445' title='bbox 2855 2934 3091 3000; x_wconf 85' lang='lat' dir='ltr'>florens,</span> 
     </span>
    </p>
   </div>
   <div class='ocr_carea' id='block_1_90' title="bbox 2005 3020 3080 3089">
    <p class='ocr_par' dir='ltr' id='par_1_90' title="bbox 2005 3020 3080 3089">
     <span class='ocr_line' id='line_1_90' title="bbox 2005 3020 3080 3089; baseline -0.005 -11"><span class='ocrx_word' id='word_1_446' title='bbox 2005 3021 2469 3089; x_wconf 89' lang='lat' dir='ltr'>hieromnemon,</span> <span class='ocrx_word' id='word_1_447' title='bbox 2504 3028 2561 3078; x_wconf 93' lang='lat' dir='ltr'>et</span> <span class='ocrx_word' id='word_1_448' title='bbox 2594 3023 2764 3077; x_wconf 87' lang='lat' dir='ltr'>levita</span> <span class='ocrx_word' id='word_1_449' title='bbox 2795 3020 3080 3082; x_wconf 75' lang='lat' dir='ltr'>Ecclesize,</span> 
     </span>
    </p>
   </div>
   <div class='ocr_carea' id='block_1_91' title="bbox 2006 3110 3119 3182">
    <p class='ocr_par' dir='ltr' id='par_1_91' title="bbox 2006 3110 3119 3182">
     <span class='ocr_line' id='line_1_91' title="bbox 2006 3110 3119 3182; baseline -0.004 -16"><span class='ocrx_word' id='word_1_450' title='bbox 2006 3111 2465 3166; x_wconf 84' lang='lat' dir='ltr'>Chalcedonensi</span> <span class='ocrx_word' id='word_1_451' title='bbox 2499 3110 2733 3182; x_wconf 69' lang='lat' dir='ltr'>praesuli</span> <span class='ocrx_word' id='word_1_452' title='bbox 2767 3110 3119 3179; x_wconf 86' lang='lat' dir='ltr'>conjunctus</span> 
     </span>
    </p>
   </div>
   <div class='ocr_carea' id='block_1_92' title="bbox 2007 3198 3079 3271">
    <p class='ocr_par' dir='ltr' id='par_1_92' title="bbox 2007 3198 3079 3271">
     <span class='ocr_line' id='line_1_92' title="bbox 2007 3198 3079 3271; baseline -0.007 -14"><span class='ocrx_word' id='word_1_453' title='bbox 2007 3200 2318 3271; x_wconf 81' lang='lat' dir='ltr'>sanguinis</span> <span class='ocrx_word' id='word_1_454' title='bbox 2336 3201 2467 3271; x_wconf 86' lang='lat' dir='ltr'>jure</span> <span class='ocrx_word' id='word_1_455' title='bbox 2492 3216 2558 3255; x_wconf 91' lang='lat' dir='ltr'>ac</span> <span class='ocrx_word' id='word_1_456' title='bbox 2588 3198 3079 3263; x_wconf 90' lang='lat' dir='ltr'>neccessitudine,</span> 
     </span>
    </p>
   </div>
   <div class='ocr_carea' id='block_1_93' title="bbox 2006 3284 3209 3359">
    <p class='ocr_par' dir='ltr' id='par_1_93' title="bbox 2006 3284 3209 3359">
     <span class='ocr_line' id='line_1_93' title="bbox 2006 3284 3209 3359; baseline -0.004 -15"><span class='ocrx_word' id='word_1_457' title='bbox 2006 3290 2258 3345; x_wconf 87' lang='lat' dir='ltr'>dilectus</span> <span class='ocrx_word' id='word_1_458' title='bbox 2289 3289 2401 3343; x_wconf 91' lang='lat' dir='ltr'>dici</span> <span class='ocrx_word' id='word_1_459' title='bbox 2434 3305 2535 3343; x_wconf 91' lang='lat' dir='ltr'>ceu</span> <span class='ocrx_word' id='word_1_460' title='bbox 2570 3292 2955 3359; x_wconf 88' lang='lat' dir='ltr'>cognomento</span> <span class='ocrx_word' id='word_1_461' title='bbox 2978 3284 3209 3355; x_wconf 85' lang='lat' dir='ltr'>solitus,</span> 
     </span>
    </p>
   </div>
   <div class='ocr_carea' id='block_1_94' title="bbox 2007 3374 3187 3451">
    <p class='ocr_par' dir='ltr' id='par_1_94' title="bbox 2007 3374 3187 3451">
     <span class='ocr_line' id='line_1_94' title="bbox 2007 3374 3187 3451; baseline -0.004 -16"><span class='ocrx_word' id='word_1_462' title='bbox 2007 3380 2080 3435; x_wconf 89' lang='lat' dir='ltr'>ad</span> <span class='ocrx_word' id='word_1_463' title='bbox 2111 3378 2492 3451; x_wconf 82' lang='lat' dir='ltr'>Byzantinam</span> <span class='ocrx_word' id='word_1_464' title='bbox 2523 3376 2864 3433; x_wconf 89' lang='lat' dir='ltr'>cathedram</span> <span class='ocrx_word' id='word_1_465' title='bbox 2896 3374 3187 3431; x_wconf 87' lang='lat' dir='ltr'>evehitur.</span> 
     </span>
    </p>
   </div>
   <div class='ocr_carea' id='block_1_95' title="bbox 2007 3464 3155 3537">
    <p class='ocr_par' dir='ltr' id='par_1_95' title="bbox 2007 3464 3155 3537">
     <span class='ocr_line' id='line_1_95' title="bbox 2007 3464 3155 3537; baseline -0.006 -14"><span class='ocrx_word' id='word_1_466' title='bbox 2007 3469 2129 3533; x_wconf 89' lang='lat' dir='ltr'>Quo</span> <span class='ocrx_word' id='word_1_467' title='bbox 2161 3467 2604 3537; x_wconf 86' lang='lat' dir='ltr'>derelinquente</span> <span class='ocrx_word' id='word_1_468' title='bbox 2634 3466 2916 3521; x_wconf 89' lang='lat' dir='ltr'>caducam</span> <span class='ocrx_word' id='word_1_469' title='bbox 2951 3464 3155 3529; x_wconf 88' lang='lat' dir='ltr'>vitam,</span> 
     </span>
    </p>
   </div>
   <div class='ocr_carea' id='block_1_96' title="bbox 2007 3556 3038 3630">
    <p class='ocr_par' dir='ltr' id='par_1_96' title="bbox 2007 3556 3038 3630">
     <span class='ocr_line' id='line_1_96' title="bbox 2007 3556 3038 3630; baseline -0.006 -17"><span class='ocrx_word' id='word_1_470' title='bbox 2007 3558 2414 3630; x_wconf 79' lang='lat' dir='ltr'>pontificatum</span> <span class='ocrx_word' id='word_1_471' title='bbox 2454 3556 2599 3611; x_wconf 89' lang='lat' dir='ltr'>adiit</span> <span class='ocrx_word' id='word_1_472' title='bbox 2627 3560 2875 3628; x_wconf 81' lang='lat' dir='ltr'>Styppes</span> <span class='ocrx_word' id='word_1_473' title='bbox 2906 3558 3038 3616; x_wconf 89' lang='lat' dir='ltr'>Leo,</span> 
     </span>
    </p>
   </div>
   <div class='ocr_carea' id='block_1_97' title="bbox 2008 3644 3103 3717">
    <p class='ocr_par' dir='ltr' id='par_1_97' title="bbox 2008 3644 3103 3717">
     <span class='ocr_line' id='line_1_97' title="bbox 2008 3644 3103 3717; baseline -0.003 -17"><span class='ocrx_word' id='word_1_474' title='bbox 2008 3648 2422 3717; x_wconf 72' lang='lat' dir='ltr'>Ecclesiaajam</span> <span class='ocrx_word' id='word_1_475' title='bbox 2453 3662 2791 3701; x_wconf 79' lang='lat' dir='ltr'>mconomus</span> <span class='ocrx_word' id='word_1_476' title='bbox 2823 3649 2878 3699; x_wconf 92' lang='lat' dir='ltr'>et</span> <span class='ocrx_word' id='word_1_477' title='bbox 2910 3644 3103 3698; x_wconf 85' lang='lat' dir='ltr'>levita.</span> 
     </span>
    </p>
   </div>
   <div class='ocr_carea' id='block_1_98' title="bbox 2009 3734 3196 3800">
    <p class='ocr_par' dir='ltr' id='par_1_98' title="bbox 2009 3734 3196 3800">
     <span class='ocr_line' id='line_1_98' title="bbox 2009 3734 3196 3800; baseline -0.005 -7"><span class='ocrx_word' id='word_1_478' title='bbox 2009 3738 2127 3793; x_wconf 88' lang='lat' dir='ltr'>Hoc</span> <span class='ocrx_word' id='word_1_479' title='bbox 2160 3736 2334 3792; x_wconf 90' lang='lat' dir='ltr'>etiam</span> <span class='ocrx_word' id='word_1_480' title='bbox 2369 3735 2545 3791; x_wconf 87' lang='lat' dir='ltr'>vitam</span> <span class='ocrx_word' id='word_1_481' title='bbox 2578 3734 2635 3789; x_wconf 89' lang='lat' dir='ltr'>in</span> <span class='ocrx_word' id='word_1_482' title='bbox 2670 3735 2807 3790; x_wconf 89' lang='lat' dir='ltr'>sede</span> <span class='ocrx_word' id='word_1_483' title='bbox 2839 3734 3196 3800; x_wconf 88' lang='lat' dir='ltr'>dimittente,</span> 
     </span>
    </p>
   </div>
   <div class='ocr_carea' id='block_1_99' title="bbox 2011 3821 3213 3897">
    <p class='ocr_par' dir='ltr' id='par_1_99' title="bbox 2011 3821 3213 3897">
     <span class='ocr_line' id='line_1_99' title="bbox 2011 3821 3213 3897; baseline -0.007 -15"><span class='ocrx_word' id='word_1_484' title='bbox 2011 3842 2264 3897; x_wconf 87' lang='lat' dir='ltr'>magnus</span> <span class='ocrx_word' id='word_1_485' title='bbox 2297 3824 2583 3896; x_wconf 89' lang='lat' dir='ltr'>processit</span> <span class='ocrx_word' id='word_1_486' title='bbox 2615 3823 2875 3894; x_wconf 83' lang='lat' dir='ltr'>pontifex</span> <span class='ocrx_word' id='word_1_487' title='bbox 2905 3828 2963 3876; x_wconf 89' lang='lat' dir='ltr'>et</span> <span class='ocrx_word' id='word_1_488' title='bbox 2994 3821 3213 3891; x_wconf 88' lang='lat' dir='ltr'>primas</span> 
     </span>
    </p>
   </div>
   <div class='ocr_carea' id='block_1_100' title="bbox 2008 3910 3170 3972">
    <p class='ocr_par' dir='ltr' id='par_1_100' title="bbox 2008 3910 3170 3972">
     <span class='ocr_line' id='line_1_100' title="bbox 2008 3910 3170 3972; baseline -0.007 -1"><span class='ocrx_word' id='word_1_489' title='bbox 2008 3915 2221 3972; x_wconf 89' lang='lat' dir='ltr'>litteris</span> <span class='ocrx_word' id='word_1_490' title='bbox 2250 3914 2498 3971; x_wconf 83' lang='lat' dir='ltr'>Michael</span> <span class='ocrx_word' id='word_1_491' title='bbox 2532 3912 2729 3967; x_wconf 86' lang='lat' dir='ltr'>clarus</span> <span class='ocrx_word' id='word_1_492' title='bbox 2760 3917 2817 3966; x_wconf 92' lang='lat' dir='ltr'>et</span> <span class='ocrx_word' id='word_1_493' title='bbox 2850 3910 3170 3965; x_wconf 82' lang='lat' dir='ltr'>virtutibus</span> 
     </span>
    </p>
   </div>
   <div class='ocr_carea' id='block_1_101' title="bbox 2014 3998 3061 4072">
    <p class='ocr_par' dir='ltr' id='par_1_101' title="bbox 2014 3998 3061 4072">
     <span class='ocr_line' id='line_1_101' title="bbox 2014 3998 3061 4072; baseline -0.008 -12"><span class='ocrx_word' id='word_1_494' title='bbox 2014 4004 2203 4061; x_wconf 87' lang='lat' dir='ltr'>sancti</span> <span class='ocrx_word' id='word_1_495' title='bbox 2240 4001 2488 4058; x_wconf 82' lang='lat' dir='ltr'>ccsnobii</span> <span class='ocrx_word' id='word_1_496' title='bbox 2524 4016 2741 4072; x_wconf 68' lang='lat' dir='ltr'>praeces</span> <span class='ocrx_word' id='word_1_497' title='bbox 2775 3998 3011 4055; x_wconf 81' lang='lat' dir='ltr'>Uxitani</span> <span class='ocrx_word' id='word_1_498' title='bbox 3048 4016 3061 4052; x_wconf 88' lang='lat'><strong>:</strong></span> 
     </span>
    </p>
   </div>
   <div class='ocr_carea' id='block_1_102' title="bbox 2014 4083 3241 4165">
    <p class='ocr_par' dir='ltr' id='par_1_102' title="bbox 2014 4083 3241 4165">
     <span class='ocr_line' id='line_1_102' title="bbox 2014 4083 3241 4165; baseline -0.01 -16"><span class='ocrx_word' id='word_1_499' title='bbox 2014 4094 2114 4165; x_wconf 90' lang='lat' dir='ltr'>qui</span> <span class='ocrx_word' id='word_1_500' title='bbox 2150 4098 2344 4147; x_wconf 90' lang='lat' dir='ltr'>tamen</span> <span class='ocrx_word' id='word_1_501' title='bbox 2376 4097 2582 4162; x_wconf 86' lang='lat' dir='ltr'>sponte</span> <span class='ocrx_word' id='word_1_502' title='bbox 2613 4088 2895 4144; x_wconf 91' lang='lat' dir='ltr'>honorem</span> <span class='ocrx_word' id='word_1_503' title='bbox 2928 4083 3241 4150; x_wconf 89' lang='lat' dir='ltr'>abdicavit,</span> 
     </span>
    </p>
   </div>
   <div class='ocr_carea' id='block_1_103' title="bbox 2021 4172 3183 4254">
    <p class='ocr_par' dir='ltr' id='par_1_103' title="bbox 2021 4172 3183 4254">
     <span class='ocr_line' id='line_1_103' title="bbox 2021 4172 3183 4254; baseline -0.01 -15"><span class='ocrx_word' id='word_1_504' title='bbox 2021 4187 2201 4254; x_wconf 91' lang='lat' dir='ltr'>atque</span> <span class='ocrx_word' id='word_1_505' title='bbox 2232 4181 2305 4237; x_wconf 91' lang='lat' dir='ltr'>ad</span> <span class='ocrx_word' id='word_1_506' title='bbox 2336 4180 2487 4236; x_wconf 73' lang='lat' dir='ltr'>Oxiaa</span> <span class='ocrx_word' id='word_1_507' title='bbox 2520 4176 2947 4233; x_wconf 90' lang='lat' dir='ltr'>monasterium</span> <span class='ocrx_word' id='word_1_508' title='bbox 2981 4172 3183 4229; x_wconf 74' lang='lat' dir='ltr'>insulae</span> 
     </span>
    </p>
   </div>
   <div class='ocr_carea' id='block_1_104' title="bbox 2015 4264 3202 4338">
    <p class='ocr_par' dir='ltr' id='par_1_104' title="bbox 2015 4264 3202 4338">
     <span class='ocr_line' id='line_1_104' title="bbox 2015 4264 3202 4338; baseline -0.01 -11"><span class='ocrx_word' id='word_1_509' title='bbox 2015 4286 2303 4336; x_wconf 87' lang='lat' dir='ltr'>reversus,</span> <span class='ocrx_word' id='word_1_510' title='bbox 2336 4266 2553 4322; x_wconf 90' lang='lat' dir='ltr'>collum</span> <span class='ocrx_word' id='word_1_511' title='bbox 2587 4264 2838 4338; x_wconf 69' lang='lat' dir='ltr'>praabuit</span> <span class='ocrx_word' id='word_1_512' title='bbox 2869 4267 3202 4333; x_wconf 81' lang='lat' dir='ltr'>protentam</span> 
     </span>
    </p>
   </div>
   <div class='ocr_carea' id='block_1_105' title="bbox 2015 4348 3360 4431">
    <p class='ocr_par' dir='ltr' id='par_1_105' title="bbox 2015 4348 3360 4431">
     <span class='ocr_line' id='line_1_105' title="bbox 2015 4348 3360 4431; baseline -0.009 -16"><span class='ocrx_word' id='word_1_513' title='bbox 2015 4360 2076 4415; x_wconf 91' lang='lat' dir='ltr'>in</span> <span class='ocrx_word' id='word_1_514' title='bbox 2107 4357 2312 4431; x_wconf 88' lang='lat' dir='ltr'>templi</span> <span class='ocrx_word' id='word_1_515' title='bbox 2350 4356 2595 4423; x_wconf 84' lang='lat' dir='ltr'>foribus,</span> <span class='ocrx_word' id='word_1_516' title='bbox 2630 4353 2773 4427; x_wconf 90' lang='lat' dir='ltr'>proh</span> <span class='ocrx_word' id='word_1_517' title='bbox 2809 4348 3360 4407; x_wconf 76' lang='lat' dir='ltr'>mansuetudinem!</span> 
     </span>
    </p>
   </div>
   <div class='ocr_carea' id='block_1_106' title="bbox 2018 4446 3457 4530">
    <p class='ocr_par' dir='ltr' id='par_1_106' title="bbox 2018 4446 3457 4530">
     <span class='ocr_line' id='line_1_106' title="bbox 2018 4446 3457 4530; baseline -0.01 -16"><span class='ocrx_word' id='word_1_518' title='bbox 2018 4455 2477 4530; x_wconf 81' lang='lat' dir='ltr'>ingredientium</span> <span class='ocrx_word' id='word_1_519' title='bbox 2509 4453 2775 4508; x_wconf 89' lang='lat' dir='ltr'>omnium</span> <span class='ocrx_word' id='word_1_520' title='bbox 2809 4450 3156 4506; x_wconf 88' lang='lat' dir='ltr'>calcandum</span> <span class='ocrx_word' id='word_1_521' title='bbox 3190 4446 3457 4519; x_wconf 90' lang='lat' dir='ltr'>pedibus,</span> 
     </span>
    </p>
   </div>
   <div class='ocr_carea' id='block_1_107' title="bbox 1941 4507 3185 4621">
    <p class='ocr_par' dir='ltr' id='par_1_107' title="bbox 1941 4507 3185 4621">
     <span class='ocr_line' id='line_1_107' title="bbox 1941 4507 3185 4621; baseline -0.012 -14"><span class='ocrx_word' id='word_1_522' title='bbox 1941 4507 1991 4575; x_wconf 72' lang='grc' dir='ltr'><strong>Β</strong></span> <span class='ocrx_word' id='word_1_523' title='bbox 2021 4507 2809 4621; x_wconf 47' lang='grc' dir='ltr'>ρ-ῐίδρίῦεοῖιιῦοάοωηοὺὶο</span> <span class='ocrx_word' id='word_1_524' title='bbox 2842 4538 3046 4594; x_wconf 88' lang='lat' dir='ltr'>relicto</span> <span class='ocrx_word' id='word_1_525' title='bbox 3079 4553 3185 4593; x_wconf 90' lang='lat' dir='ltr'>suo</span> 
     </span>
    </p>
   </div>
   <div class='ocr_carea' id='block_1_108' title="bbox 2022 4628 2973 4701">
    <p class='ocr_par' dir='ltr' id='par_1_108' title="bbox 2022 4628 2973 4701">
     <span class='ocr_line' id='line_1_108' title="bbox 2022 4628 2973 4701; baseline -0.008 -11"><span class='ocrx_word' id='word_1_526' title='bbox 2022 4633 2294 4691; x_wconf 85' lang='lat' dir='ltr'>inutilem</span> <span class='ocrx_word' id='word_1_527' title='bbox 2324 4634 2605 4688; x_wconf 88' lang='lat' dir='ltr'>honorem</span> <span class='ocrx_word' id='word_1_528' title='bbox 2639 4628 2973 4701; x_wconf 90' lang='lat' dir='ltr'>recepisset.</span> 
     </span>
    </p>
   </div>
   <div class='ocr_carea' id='block_1_109' title="bbox 2024 4718 3017 4786">
    <p class='ocr_par' dir='ltr' id='par_1_109' title="bbox 2024 4718 3017 4786">
     <span class='ocr_line' id='line_1_109' title="bbox 2024 4718 3017 4786; baseline -0.012 -4"><span class='ocrx_word' id='word_1_529' title='bbox 2024 4726 2118 4782; x_wconf 91' lang='lat' dir='ltr'>Sic</span> <span class='ocrx_word' id='word_1_530' title='bbox 2150 4721 2426 4781; x_wconf 84' lang='lat' dir='ltr'>Michaele</span> <span class='ocrx_word' id='word_1_531' title='bbox 2457 4722 2762 4776; x_wconf 80' lang='lat' dir='ltr'>deserente</span> <span class='ocrx_word' id='word_1_532' title='bbox 2796 4718 3017 4786; x_wconf 89' lang='lat' dir='ltr'>sedem,</span> 
     </span>
    </p>
   </div>
   <div class='ocr_carea' id='block_1_110' title="bbox 2024 4807 3093 4870">
    <p class='ocr_par' dir='ltr' id='par_1_110' title="bbox 2024 4807 3093 4870">
     <span class='ocr_line' id='line_1_110' title="bbox 2024 4807 3093 4870; baseline -0.01 0"><span class='ocrx_word' id='word_1_533' title='bbox 2024 4814 2245 4870; x_wconf 77' lang='lat' dir='ltr'>Atticus</span> <span class='ocrx_word' id='word_1_534' title='bbox 2276 4815 2516 4867; x_wconf 87' lang='lat' dir='ltr'>Cosmas</span> <span class='ocrx_word' id='word_1_535' title='bbox 2548 4807 2859 4865; x_wconf 84' lang='lat' dir='ltr'>sacerdotii</span> <span class='ocrx_word' id='word_1_536' title='bbox 2890 4807 3093 4870; x_wconf 88' lang='lat' dir='ltr'>decus,</span> 
     </span>
    </p>
   </div>
   <div class='ocr_carea' id='block_1_111' title="bbox 2024 4896 3124 4968">
    <p class='ocr_par' dir='ltr' id='par_1_111' title="bbox 2024 4896 3124 4968">
     <span class='ocr_line' id='line_1_111' title="bbox 2024 4896 3124 4968; baseline -0.009 -9"><span class='ocrx_word' id='word_1_537' title='bbox 2024 4904 2237 4960; x_wconf 90' lang='lat' dir='ltr'>cinnus</span> <span class='ocrx_word' id='word_1_538' title='bbox 2264 4902 2571 4968; x_wconf 89' lang='lat' dir='ltr'>virtutum,</span> <span class='ocrx_word' id='word_1_539' title='bbox 2605 4896 2929 4952; x_wconf 80' lang='lat' dir='ltr'>honestatis</span> <span class='ocrx_word' id='word_1_540' title='bbox 2959 4911 3124 4965; x_wconf 84' lang='lat' dir='ltr'>apex,</span> 
     </span>
    </p>
   </div>
   <div class='ocr_carea' id='block_1_112' title="bbox 2026 4983 3200 5063">
    <p class='ocr_par' dir='ltr' id='par_1_112' title="bbox 2026 4983 3200 5063">
     <span class='ocr_line' id='line_1_112' title="bbox 2026 4983 3200 5063; baseline -0.01 -14"><span class='ocrx_word' id='word_1_541' title='bbox 2026 4990 2235 5063; x_wconf 81' lang='lat' dir='ltr'>spiritu</span> <span class='ocrx_word' id='word_1_542' title='bbox 2266 5004 2500 5061; x_wconf 89' lang='lat' dir='ltr'>quoque</span> <span class='ocrx_word' id='word_1_543' title='bbox 2532 4986 2810 5059; x_wconf 65' lang='lat' dir='ltr'>praeditus</span> <span class='ocrx_word' id='word_1_544' title='bbox 2843 4983 3200 5056; x_wconf 89' lang='lat' dir='ltr'>prophetico,</span> 
     </span>
    </p>
   </div>
   <div class='ocr_carea' id='block_1_113' title="bbox 2026 5072 3201 5153">
    <p class='ocr_par' dir='ltr' id='par_1_113' title="bbox 2026 5072 3201 5153">
     <span class='ocr_line' id='line_1_113' title="bbox 2026 5072 3201 5153; baseline -0.009 -17"><span class='ocrx_word' id='word_1_545' title='bbox 2026 5079 2313 5153; x_wconf 86' lang='lat' dir='ltr'>processit</span> <span class='ocrx_word' id='word_1_546' title='bbox 2344 5076 2556 5149; x_wconf 68' lang='lat' dir='ltr'>praesul</span> <span class='ocrx_word' id='word_1_547' title='bbox 2589 5072 3201 5144; x_wconf 88' lang='lat' dir='ltr'>Constantinopoleos,</span> 
     </span>
    </p>
   </div>
   <div class='ocr_carea' id='block_1_114' title="bbox 2026 5163 3171 5236">
    <p class='ocr_par' dir='ltr' id='par_1_114' title="bbox 2026 5163 3171 5236">
     <span class='ocr_line' id='line_1_114' title="bbox 2026 5163 3171 5236; baseline -0.009 -10"><span class='ocrx_word' id='word_1_548' title='bbox 2026 5170 2285 5227; x_wconf 85' lang='lat' dir='ltr'>nutritor</span> <span class='ocrx_word' id='word_1_549' title='bbox 2314 5167 2670 5233; x_wconf 89' lang='lat' dir='ltr'>animarum,</span> <span class='ocrx_word' id='word_1_550' title='bbox 2706 5169 2902 5236; x_wconf 87' lang='lat' dir='ltr'>pastor</span> <span class='ocrx_word' id='word_1_551' title='bbox 2930 5163 3121 5218; x_wconf 90' lang='lat' dir='ltr'>bonus</span> <span class='ocrx_word' id='word_1_552' title='bbox 3157 5176 3171 5215; x_wconf 90' lang='lat'><strong>:</strong></span> 
     </span>
    </p>
   </div>
   <div class='ocr_carea' id='block_1_115' title="bbox 2026 5252 3341 5331">
    <p class='ocr_par' dir='ltr' id='par_1_115' title="bbox 2026 5252 3341 5331">
     <span class='ocr_line' id='line_1_115' title="bbox 2026 5252 3341 5331; baseline -0.008 -17"><span class='ocrx_word' id='word_1_553' title='bbox 2026 5275 2199 5331; x_wconf 90' lang='lat' dir='ltr'>quem</span> <span class='ocrx_word' id='word_1_554' title='bbox 2233 5262 2428 5313; x_wconf 90' lang='lat' dir='ltr'>tamen</span> <span class='ocrx_word' id='word_1_555' title='bbox 2463 5254 2858 5310; x_wconf 86' lang='lat' dir='ltr'>exauctoravit</span> <span class='ocrx_word' id='word_1_556' title='bbox 2888 5252 3118 5308; x_wconf 86' lang='lat' dir='ltr'>Manuel</span> <span class='ocrx_word' id='word_1_557' title='bbox 3151 5254 3341 5305; x_wconf 62' lang='lat' dir='ltr'>Caesar</span> 
     </span>
    </p>
   </div>
   <div class='ocr_carea' id='block_1_116' title="bbox 2026 5342 3063 5405">
    <p class='ocr_par' dir='ltr' id='par_1_116' title="bbox 2026 5342 3063 5405">
     <span class='ocr_line' id='line_1_116' title="bbox 2026 5342 3063 5405; baseline -0.009 -1"><span class='ocrx_word' id='word_1_558' title='bbox 2026 5348 2155 5405; x_wconf 84' lang='lat' dir='ltr'>falsi</span> <span class='ocrx_word' id='word_1_559' title='bbox 2190 5347 2437 5402; x_wconf 86' lang='lat' dir='ltr'>conﬁcto</span> <span class='ocrx_word' id='word_1_560' title='bbox 2470 5342 2739 5399; x_wconf 88' lang='lat' dir='ltr'>criminis</span> <span class='ocrx_word' id='word_1_561' title='bbox 2769 5342 3012 5397; x_wconf 89' lang='lat' dir='ltr'>obtentu</span> <span class='ocrx_word' id='word_1_562' title='bbox 3050 5357 3063 5395; x_wconf 88' lang='lat'><strong>:</strong></span> 
     </span>
    </p>
   </div>
   <div class='ocr_carea' id='block_1_117' title="bbox 2028 5430 3323 5511">
    <p class='ocr_par' dir='ltr' id='par_1_117' title="bbox 2028 5430 3323 5511">
     <span class='ocr_line' id='line_1_117' title="bbox 2028 5430 3323 5511; baseline -0.008 -18"><span class='ocrx_word' id='word_1_563' title='bbox 2028 5453 2207 5511; x_wconf 88' lang='lat' dir='ltr'>quare</span> <span class='ocrx_word' id='word_1_564' title='bbox 2237 5435 2296 5491; x_wconf 89' lang='lat' dir='ltr'>in</span> <span class='ocrx_word' id='word_1_565' title='bbox 2322 5434 2613 5507; x_wconf 91' lang='lat' dir='ltr'>judicium</span> <span class='ocrx_word' id='word_1_566' title='bbox 2647 5431 2981 5505; x_wconf 86' lang='lat' dir='ltr'>patriarcha</span> <span class='ocrx_word' id='word_1_567' title='bbox 3014 5430 3323 5495; x_wconf 88' lang='lat' dir='ltr'>adductus,</span> 
     </span>
    </p>
   </div>
   <div class='ocr_carea' id='block_1_118' title="bbox 2026 5519 3010 5598">
    <p class='ocr_par' dir='ltr' id='par_1_118' title="bbox 2026 5519 3010 5598">
     <span class='ocr_line' id='line_1_118' title="bbox 2026 5519 3010 5598; baseline -0.01 -15"><span class='ocrx_word' id='word_1_568' title='bbox 2026 5528 2108 5584; x_wconf 90' lang='lat' dir='ltr'>ait</span> <span class='ocrx_word' id='word_1_569' title='bbox 2137 5525 2500 5598; x_wconf 87' lang='lat' dir='ltr'>prophetans</span> <span class='ocrx_word' id='word_1_570' title='bbox 2529 5526 2762 5577; x_wconf 87' lang='lat' dir='ltr'>uterum</span> <span class='ocrx_word' id='word_1_571' title='bbox 2798 5519 3010 5592; x_wconf 70' lang='lat' dir='ltr'>reginas</span> 
     </span>
    </p>
   </div>
   <div class='ocr_carea' id='block_1_119' title="bbox 2028 5609 3089 5686">
    <p class='ocr_par' dir='ltr' id='par_1_119' title="bbox 2028 5609 3089 5686">
     <span class='ocr_line' id='line_1_119' title="bbox 2028 5609 3089 5686; baseline -0.009 -13"><span class='ocrx_word' id='word_1_572' title='bbox 2028 5614 2292 5673; x_wconf 88' lang='lat' dir='ltr'>mascula</span> <span class='ocrx_word' id='word_1_573' title='bbox 2323 5611 2481 5686; x_wconf 89' lang='lat' dir='ltr'>prole</span> <span class='ocrx_word' id='word_1_574' title='bbox 2510 5609 2769 5669; x_wconf 87' lang='lat' dir='ltr'>sterilem</span> <span class='ocrx_word' id='word_1_575' title='bbox 2799 5610 3089 5665; x_wconf 78' lang='lat' dir='ltr'>futurum.</span> 
     </span>
    </p>
   </div>
   <div class='ocr_carea' id='block_1_120' title="bbox 3558 287 3664 344">
    <p class='ocr_par' dir='ltr' id='par_1_120' title="bbox 3558 287 3664 344">
     <span class='ocr_line' id='line_1_120' title="bbox 3558 287 3664 344; baseline -0.019 1"><span class='ocrx_word' id='word_1_576' title='bbox 3558 287 3664 344; x_wconf 88' lang='lat'>370</span> 
     </span>
    </p>
   </div>
  </div>
