4034 6200
272 271 376 328 371
1493 264 1865 321 ΕΡΗΒΕΜΙῘ

1493 264 1866 321 EPHBEMII
1905 261 2483 322 CHBONOGRAPHI

277 399 584 455 Posterum
607 399 840 466 tempus
870 392 1095 448 dictum
1127 391 1532 448 comfirmavit.

277 489 410 546 Jam
445 502 657 558 magno
687 483 817 539 duci
850 480 1222 554 imperatoris
1251 496 1463 553 genero

281 577 354 632 ob
384 575 442 630 id
477 572 723 628 minanti
746 571 1000 642 graviter
1032 570 1531 642 Contostepbano,

281 670 338 720 et
367 663 560 718 dirum
594 659 815 732 aliquid
851 661 1041 715 facere
1071 659 1308 725 volenti,

281 750 550 824 pradixit
578 749 774 821 ipsum
809 749 1131 820 periturum
1165 748 1377 821 lapide.

281 840 607 910 Utrumque
636 838 863 893 dictum
895 839 1054 894 exitu
1087 855 1201 894 non
1225 839 1432 894 caruit.

282 933 425 984 Post
453 928 727 984 Cosmam
761 932 957 983 autem
1001 926 1228 984 Muzalo
1257 927 1530 985 Nicolaus

281 1017 468 1090 Cypro
499 1016 824 1072 translatus
849 1016 1165 1072 Ecclesiam
1193 1018 1562 1088 gubernavit,

288 1108 479 1180 ipsius
511 1105 785 1163 Ecclesia:
813 1107 1090 1162 alumnus
1121 1111 1178 1161 et
1205 1107 1398 1175 levita,

287 1212 590 1252 sacrarum
624 1196 784 1250 Pauli
815 1195 1104 1267 interpres
1136 1194 1488 1264 litterarum,

287 1285 456 1357 Cypri
491 1284 703 1340 deinde
726 1284 908 1340 factus
938 1284 1314 1356 archipraesul
1351 1303 1364 1340 :

290 1391 470 1446 quam
503 1378 702 1429 tamen
733 1375 933 1430 sedem
969 1374 1258 1430 abdicavit
1288 1379 1489 1445 postea

287 1478 537 1534 perosus
570 1462 963 1518 humanarum
995 1461 1302 1518 colluviem
1336 1480 1555 1520 rerum-

291 1556 434 1607 Cum
479 1569 613 1608 vero
641 1553 866 1608 otiosus
897 1559 1050 1607 esset
1078 1551 1582 1626 Constantinopoli

293 1641 661 1712 ccenobiique
699 1657 914 1714 praeses
951 1641 1023 1696 ad
1055 1641 1438 1712 Cosmidium,

296 1734 442 1786 tunc
473 1731 712 1802 quidem
747 1731 1118 1802 Byzantinam
1155 1732 1381 1802 excepit
1412 1734 1635 1805 sedem,

303 1816 414 1874 hac
447 1823 644 1874 tamen
679 1818 808 1890 ipsa
839 1822 1047 1890 sponte
1077 1818 1212 1873 dein
1244 1820 1507 1878 recessit.

309 1910 754 1980 Theodotusque
786 1909 1110 1965 monachus
1143 1915 1200 1966 et
1230 1913 1502 1968 sacerdos

314 2015 528 2072 praeses
559 1998 808 2055 cmnobii
837 1997 1054 2054 Christi
1081 2000 1464 2071 resurgentis,

313 2089 470 2160 quod
502 2106 657 2144 nunc
688 2088 1062 2145 concluditur
1092 2088 1325 2144 mmniis
1359 2094 1763 2168 metropoleos,

310 2179 564 2233 donatus
595 2183 686 2233 est
713 2178 1048 2249 Byzantinis
1080 2181 1307 2238 infulis.

308 2267 490 2338 Cujus
520 2269 816 2323 demortui
847 2267 1190 2327 Chliarenus
1223 2274 1422 2335 sedem

310 2356 536 2427 excepit
557 2357 1000 2430 Constantinus,
1033 2361 1092 2414 in
1126 2361 1227 2416 Dei
1261 2362 1524 2420 Ecclesia

310 2444 668 2518 prepositus
701 2445 917 2503 sacello
948 2453 1006 2504 et
1035 2448 1232 2517 levita,

306 2536 494 2606 Atque
527 2534 632 2589 hoc
663 2534 842 2589 etiam
876 2536 1183 2605 moriente,
1217 2543 1406 2596 Lucas

304 2622 618 2696 religiosus
647 2622 1080 2697 Cbrysoberges
1113 2628 1460 2699 monachus,

308 2713 538 2785 egregie
561 2712 804 2768 functus
825 2713 1112 2770 hactenus
1143 2719 1262 2772 vita
1291 2718 1567 2786 ascetica,

311 2819 416 2873 pro
447 2802 574 2859 suis
601 2802 831 2859 meritis
863 2804 933 2858 ad
968 2803 1188 2861 infulas
1216 2806 1472 2863 devenit.

309 2891 448 2947 Post
477 2891 693 2947 Lucam
725 2891 971 2948 Michael
1003 2891 1179 2949 levita
1209 2895 1554 2952 sacellarius

309 2978 802 3052 philosophorum
835 2979 1091 3054 hypatus
1121 2983 1394 3040 Anchiali

307 3067 522 3125 tiaram
553 3069 933 3142 Byzantinam
964 3073 1195 3146 egregie
1226 3075 1473 3134 ornavit.

306 3159 500 3230 Atque
529 3158 638 3214 hoc
668 3159 959 3216 translato
993 3162 1064 3216 ad
1097 3163 1312 3220 caerula
1340 3181 1621 3239 superna,

308 3247 631 3318 Eugeniota
656 3250 985 3306 monachus
1016 3252 1291 3309 sacerdos

309 3335 570 3391 coenobio
601 3335 1027 3409 Manganorum
1060 3344 1200 3394 tunc
1230 3343 1604 3414 praepositus,

310 3423 551 3478 nomine
583 3423 886 3492 Cbaritcn,
917 3428 1108 3482 sedem
1141 3430 1464 3499 occupavit.

315 3511 432 3567 Hoc
464 3513 766 3568 deserente
797 3519 1097 3570 terrenum
1130 3515 1476 3588 incolatum,

312 3600 680 3656 Theodosius
710 3601 808 3671 qui
843 3603 899 3656 in
930 3603 1158 3657 Boradii
1195 3607 1458 3662 coenobio
1502 3607 1750 3680 vixerat,

314 3691 401 3745 vir
425 3705 567 3745 sane
598 3688 798 3746 bonus
819 3695 875 3746 et
901 3691 1079 3747 decus
1111 3693 1557 3768 monachorum,

314 3777 636 3834 Ecclesiam
667 3777 882 3834 Christi
916 3779 1064 3834 rexit
1092 3781 1488 3843 laudabiliter.

316 3867 374 3923 Is
405 3871 601 3923 tamen
636 3883 871 3923 sacrum
905 3867 1186 3925 honorem
1220 3871 1528 3928 abdicavit.

315 3957 418 4011 Cui
449 3957 648 4012 sedem
679 3973 925 4014 vacuam
958 3964 1167 4030 sponte
1199 3961 1575 4034 relinquenti,

313 4048 782 4102 venerandarum
822 4049 1004 4104 haeres
1037 4049 1359 4107 infularum

313 4136 602 4192 successit
635 4135 887 4193 Basilius
922 4137 1293 4210 Camaterus,

310 4227 398 4281 vir
415 4225 707 4296 eruditus,
741 4227 1186 4300 cbartophylax,
1217 4230 1392 4287 levita
1419 4249 1433 4302 ;

317 4330 492 4386 quem
527 4315 781 4371 Isaacius
812 4315 1129 4388 imperator
1156 4319 1418 4392 Angelus

311 4405 686 4475 pontiﬁcatus
716 4404 876 4459 exuit
905 4404 1124 4464 honore

312 4491 475 4548 falsis
507 4493 746 4549 omnino
771 4494 1236 4553 circumventum
1263 4500 1642 4558 criminibus.

311 4585 424 4637 Pro
455 4599 572 4654 quo
603 4581 833 4638 levitam
867 4583 1133 4641 Ecclesia:
1157 4588 1531 4646 sacellarium

312 4671 547 4729 nomine
577 4671 836 4729 Nicetam
869 4676 1217 4746 cognomine
1248 4677 1584 4736 Muntancm

311 4762 564 4818 Tithono
595 4761 996 4834 Thucrithue
1025 4766 1396 4824 annosiorem

311 4851 526 4907 creavit
559 4849 864 4923 praesulem
896 4855 1480 4930 Constantinopoleos
1513 4876 1527 4917 :

308 4957 486 5013 quem
514 4940 822 5012 ceteroqui
855 4943 1028 5012 paulo
1061 4948 1192 5016 post
1221 4947 1497 5020 deposuit

302 5034 584 5102 tanquam
619 5031 814 5086 eﬁ‘zetaa
847 5033 1034 5088 atatis
1066 5051 1131 5089 ac
1161 5035 1410 5092 delirum
1447 5055 1461 5094 :

303 5119 732 5192 substituitque
761 5122 1130 5193 professione
1164 5127 1525 5182 monachum

303 5210 744 5280 asceticumque
775 5209 1073 5266 hominem
1103 5215 1414 5269 Leontium
1450 5215 1676 5282 mitem,

303 5315 334 5355 e
365 5297 616 5354 collibus
646 5298 919 5354 Auxentii
949 5299 1005 5354 in
1035 5301 1239 5355 urbem
1264 5302 1629 5371 pertrahens.

300 5387 682 5462 Atque-hunc
713 5387 827 5443 sibi
859 5405 893 5444 a
924 5387 1161 5458 Virgine
1192 5389 1460 5462 Deipara,

378 5602 490 5675 (94)
521 5599 726 5658 Recole
752 5615 880 5673 qua
911 5600 1029 5659 dixi
1060 5603 1133 5660 ad
1163 5606 1330 5662 Vers.
1362 5605 1522 5666 4747.

1951 385 2009 452 Α
2037 388 2214 445 10155
2253 387 2356 445 Καὶ
2384 393 2553 445 ταῦτα
2584 384 2928 464 συμϐέϐηκεν
2959 389 3166 465 ὑστέρῳ
3195 388 3406 465 χρόνῳ·

2249 479 2411 534 Δουκὶ
2446 479 2669 556 μεγάλῳ
2700 479 2789 535 καὶ
2811 484 3141 552 κρατοῦντος
3166 478 3390 556 νυμφίῳ

2251 569 2668 646 Κοντοστεφάνῳ
2699 569 2835 643 πρὸς
2867 566 2982 624 τόδ’
3012 567 3372 640 ἠπειληκότι,

2254 661 2448 731 Δρᾶςαι
2481 655 2734 719 δ’σάεικὶς
2763 655 2908 712 τόνδ’
2938 652 3358 728 ἐπιϐεϐληκότι,

2250 748 2442 821 ’Ἐχειν
2475 752 2706 822 προεῖπε
2731 747 2823 802 τὸν
2850 743 2940 801 διὰ
2970 746 3127 810 λίθου
3169 746 3359 821 μόρον.

2045 835 2217 890 10160
2255 831 2459 906 Εῗλησε
2489 833 2534 889 δ’
2565 835 2732 913 ἄμφω
2755 836 2823 890 τὰ
2851 835 3233 912 προλεχθὲντα
3261 835 3446 899 τέλος.

2257 925 2391 988 Μεθ’
2423 923 2481 979 ὅν
2514 923 2823 994 Μουζάλων
2851 926 3128 987 Νικόλαος
3160 925 3442 999 Κυπρόθεν

2257 1013 2582 1076 Μετατεθεὶς
2616 1013 2764 1069 ἴθυνε
2790 1016 2890 1084 τὴν
2926 1012 3281 1085 Ἐκκλησίαν,

2261 1103 2428 1175 Ἀνήρ
2457 1122 2751 1180 τροφιμος,
2785 1101 3010 1173 λευΐτης
3042 1101 3398 1174 Ἐκκλησίας,

2262 1188 2597 1254 Διδάσκαλος
2626 1193 2676 1246 τ’
2706 1189 2771 1246 αὖ
2801 1213 2908 1246 των
2940 1190 3164 1248 Παύλου
3195 1191 3382 1268 λόγων
3415 1194 3550 1268 (94),

2049 1281 2224 1335 10165
2262 1279 2374 1336 Εἶτ’
2404 1279 2708 1354 ἀρχιθύτης
2739 1278 3031 1356 ἀνεδείχθη
3070 1281 3346 1356 Κυπρίων.

2264 1369 2361 1422 Καὶ
2395 1367 2752 1446 δυσχεραίνας
2781 1371 3118 1445 πραγμάτων
3148 1373 3218 1444 τῇ
3250 1369 3508 1448 συγχύσει

2266 1458 2465 1532 Θρόνον
2498 1460 2848 1533 παρῃτήσατο
2879 1459 2968 1514 καὶ
2998 1457 3314 1533 προεδρίαν.

2265 1543 2600 1610 Βακάντιϐος
2630 1544 2676 1601 δ’
2704 1542 2778 1601 ὥν
2812 1545 2866 1602 ἰν
2901 1546 3144 1623 βασιλίδι
3177 1547 3340 1604 πόλει

2269 1637 2368 1690 Καὶ
2400 1633 2704 1709 Κόσμιδίου
2729 1643 2832 1706 τῆς
2865 1644 3037 1710 μονῆς
3074 1637 3386 1708 ἐπιστάτης,

1985 1756 2034 1820 Β
2065 1726 2240 1782 10170
2279 1723 2490 1800 Εἵληφε
2520 1726 2694 1780 θῶκον
2727 1726 2828 1820 τῆς
2859 1723 3222 1820 ιῖυζαντίδοςτ
3251 1727 3428 1820 tersi

2277 1815 2619 1888 Αὺθαιρέτως
2647 1813 2848 1870 τούτου
2880 1812 2938 1870 δὲ
2970 1813 3232 1879 λιπόντος
3266 1816 3482 1892 θρόνον,

2277 1901 2538 1966 Θεόδοτός
2566 1925 2649 1966 τις
2680 1905 2769 1960 καὶ
2808 1906 3051 1980 μοναχὸς
3077 1905 3168 1961 καὶ
3193 1906 3358 1976 θύτης

2277 1992 2458 2060 Movit;
2488 1996 2767 2068 προεστὼς
2795 1995 3132 2057 ἀναστάσεως
3162 1995 3342 2072 Λόγου

2277 2085 2393 2152 Τῆς
2424 2081 2475 2137 ἐν
2503 2081 2663 2138 πόλει
2693 2088 2784 2138 νῦν
2812 2086 3070 2158 κειμένης
3100 2084 3344 2160 βασιλίδι

2069 2174 2242 2230 10175
2279 2169 2553 2247 Πρόεδρος
2588 2168 2744 2252 ὤφθη
2774 2180 2874 2243 τῆς
2909 2179 3325 2230 Κωνσταντῖνου
3358 2175 3579 2252 θρόνου,

2280 2261 2456 2334 Οὗπερ
2485 2263 2760 2331 θανόντος,
2794 2266 3201 2325 Κωνσταντῖνος
3234 2263 3459 2334 λευῗτης

2281 2339 2386 2408 Καὶ
2415 2349 2710 2408 σακελλίου
2737 2359 2839 2422 τῆς
2870 2357 3004 2408 Θεοῦ
3031 2354 3083 2428 γ’
3110 2350 3444 2425 Ἐκκλησίας

2279 2441 2341 2497 Ὁ
2368 2442 2680 2516 Χλιαρηνὸς
2711 2436 3132 2517 παραλαμϐάνει
3167 2443 3382 2517 θρόνον*

2283 2528 2386 2586 Καὶ
2415 2527 2573 2585 τοῦδε
2607 2530 2723 2606 βίον
2759 2531 3196 2605 ὲκμετρῆσαντος
3231 2534 3387 2606 μόρῳ

2068 2619 2243 2674 10180
2283 2623 2489 2677 Λουκᾶς
2521 2621 2763 2695 μοναχὸς
2790 2615 3015 2689 εὐσεϐὴς
3056 2616 3484 2698 Χρυσοϐἐργης.,

2282 2709 2606 2778 Ἀσκητικὸν
2635 2707 2931 2765 κάλλιπον
2961 2710 3134 2765 ἀνύων
3164 2711 3302 2786 βίον,

2280 2797 2544 2870 Ἐπαξίως
2575 2793 2778 2873 ἔσχηκε
2809 2801 2910 2869 την
2946 2796 3260 2875 προεδρίαν.

2280 2886 2412 2950 Μεθ’
2441 2886 2499 2941 ὃν
2533 2885 2770 2962 Μιχαὴλ
2805 2884 3028 2960 λεῦῖτης
3058 2886 3352 2945 σακελλίου

2283 2974 2618 3052 Φιλοσόφων
2649 2975 2854 3040 ὕπατος
2881 2982 2980 3032 τοῦ
3014 2978 3326 3054 ’Δγχιάλου

2070 3064 2249 3123 10185
2289 3069 2496 3138 Κοσμεῖ
2520 3065 2711 3141 θρόνον
2743 3065 3014 3123 κάλλιστα
3040 3071 3142 3134 τῆς
3170 3066 3601 3126 Κωνσταντίνου.

2081 3111 2245 3123 .-.η
2289 3111 2495 3138 ..-η-ν.
2525 3111 2708 3141 γυ-.
2745 3111 3014 3123 ......,..-...
3050 3111 3140 3134 ...ς
3170 3111 3601 3126 ...πυ-...Νη

1989 3111 2033 3184 C
2284 3153 2489 3210 Τούτου
2524 3157 2885 3227 μεταστάντος
2911 3153 2968 3211 δὲ
2997 3157 3136 3233 πρὸς
3163 3154 3342 3213 πόλου
3375 3156 3611 3221 πλάτος.

2285 3243 2655 3318 Εὐγενειώτης
2687 3243 2740 3300 ἐν
2773 3245 3139 3322 μονοτρόποις
3169 3246 3338 3318 Θύτης

2283 3335 2476 3403 Μονῆς
2508 3335 2788 3406 προεστὼς
2816 3338 3168 3411 χρηματίσας
3197 3338 3527 3412 Μαγγάνων,

2279 3421 2483 3488 Κλῆσιν
2515 3423 2780 3499 Χαρίτων,
2805 3420 3225 3501 παραλαμϐάνει
3259 3425 3476 3502 θρόνον.

2069 3513 2244 3568 10190
2280 3512 2488 3567 Τούτου
2511 3509 2770 3576 λιπόντος
2799 3515 2898 3583 τήν
2931 3516 3080 3570 κάτω
3111 3515 3423 3590 παροικίαν,

2287 3597 2572 3664 Θεοδόσιος
2601 3599 2662 3656 ἐκ
2695 3609 2864 3674 μονῆς
2897 3601 3190 3679 Βοραδίου,

2283 3691 2450 3766 Ἀνὴρ
2482 3691 2679 3766 ἀγαθὸς
2710 3692 2800 3747 καὶ
2835 3693 3194 3768 μονοτρόπων
3233 3696 3418 3765 κλέος,

2286 3785 2528 3856 Χριστοῦ
2555 3781 2740 3844 καλῶς
2773 3782 2920 3847 ἴθυνε
2949 3784 3048 3852 τὴν
3081 3781 3432 3855 Ἐκκλησίαν.

2285 3869 2489 3924 Τούτου
2521 3869 2781 3935 λιπόντος
2808 3872 3095 3948 ἱεραρχίας
3119 3869 3332 3950 θρόνον,

2080 3960 2254 4016 10195
2291 3959 2589 4022 Ἑκουσίως
2617 3981 2677 4016 τε
2700 3961 2790 4015 τὸν
2823 3960 3012 4037 θρόνον
3037 3959 3390 4036 λελοιπότος,

2290 4047 2572 4111 Βασίλειός
2601 4071 2682 4112 τις
2713 4051 3040 4125 Καματηρὸς
3068 4052 3396 4123 τούπίκλην,

2290 4139 2490 4213 Λόγιος
2519 4141 2678 4215 ἀνὴρ,
2713 4138 3088 4218 χαρτοφύλαξ,
3122 4139 3334 4213 λεῒτηςν

2289 4227 2666 4296 Ἀντικατέστη
2698 4234 2776 4302 τῷ
2802 4225 3084 4304 σεϐασμίῳ
3111 4231 3312 4306 θρόνῳ·

2291 4318 2385 4370 "Ov
2417 4315 2685 4392 Ἄγγελος
2718 4319 2868 4392 σχὼν
2905 4320 3172 4382 Ἰσαάκιος
3201 4321 3398 4394 κράτος

2081 4407 2253 4463 10200
2291 4408 2574 4482 Κατήγαγε
2594 4407 2788 4481 θρόνου
2809 4429 2866 4462 τε
2897 4407 2987 4462 καὶ
3017 4406 3333 4484 προεδρίας,

1995 4477 2045 4542 D
2291 4477 2508 4558 Συνθεὶς
2526 4477 2827 4573 νπρόιράσεις
2863 4477 3137 4553 παντάπαν
3160 4477 3514 4575 ἀνευλ-όγους.

2283 4584 2653 4660 Σακελλάριον
2688 4585 2908 4657 λευῖτην
2942 4585 2989 4642 δ’
3021 4586 3347 4660 Ἐκκλησίας

2281 4673 2490 4743 Κλῆσιν
2523 4677 2784 4747 Νικήταν,
2814 4678 3136 4748 Μουντάνην
3170 4675 3229 4732 δὲ
3256 4676 3588 4751 τούπίκλην,

2280 4763 2611 4842 Παλαίτερόν
2645 4787 2708 4841 γε
2736 4768 2986 4824 Τιθωνοῦ
3016 4769 3108 4822 καὶ
3140 4768 3463 4844 Θουκρίτου,

2070 4855 2242 4911 10205
2276 4855 2609 4930 ’Λρχιθύτην
2635 4852 2868 4910 δείκνυσι
2891 4863 2993 4926 τῆς
3025 4858 3455 4914 Κωνσταντίνου·

2279 4942 2427 4998 Μετὰ
2459 4943 2650 5018 μικρὸν
2687 4940 2744 4998 δὲ
2763 4949 2859 4999 τοῦ
2892 4944 3088 5020 θρόνου
3120 4945 3470 5011 κατασπάσας

2278 5033 2366 5096 Ὠς
2397 5031 2569 5110 ἀφελῆ
2601 5054 2658 5088 τε
2678 5033 2768 5087 καὶ
2802 5033 2990 5110 χρόνῳ
3023 5035 3377 5111 παρειμένον,

2277 5120 2479 5198 Ἄνδρα
2516 5125 2760 5199 μοναχὸν
2793 5124 2990 5201 ἀρετῆς
3022 5121 3132 5181 ὅντ’
3161 5127 3416 5203 ἐργάτην,

2273 5212 2370 5266 Τὸν
2401 5212 2572 5284 πρᾶον
2606 5213 2854 5270 Λεόντιον
2889 5213 3249 5289 ἐγκαθιδρύει,

2065 5302 2238 5357 10210
2270 5301 2466 5366 Λόφων
2499 5303 2588 5356 ἀπ’
2620 5303 2797 5358 αὐτων
2833 5305 3047 5380 ἀγαγὼν
3084 5305 3401 5380 Αὐξεντίου·

2272 5392 2366 5449 ⁸ον
2398 5388 2540 5464 τῷδε
2561 5389 2728 5466 δεῖξαι
2759 5395 2856 5465 τὴν
2887 5393 3244 5472 ἀπείρανδρον
3280 5396 3468 5472 Κόρην
