4034 6200
272 303 384 360 373

488 428 734 505 Ἔφασκε
763 424 955 487 νυκτὸς
985 421 1275 497 συλλόγων
1308 424 1713 499 ἠθροισμένων,

492 513 654 577 Εἶδός
686 535 767 583 τε,
797 512 1022 584 κλῆσιν,
1055 514 1250 586 ἀρετὴν
1280 510 1433 567 τοῦδ’
1465 514 1746 587 εὐστόχως

494 603 699 665 Καλῶς
732 602 1098 676 διαγράψασαν
1129 602 1203 663 ὡς
1234 601 1289 657 ἐν
1318 602 1506 671 εἰκόνι,

272 700 454 756 10215
494 694 671 753 Ἀλλά
700 715 760 769 γε
786 694 877 747 καὶ
906 690 1052 747 τόνδ’
1086 692 1373 747 ἀπελαύνει
1404 697 1499 747 τοῦ
1532 692 1748 766 θρόνου,

492 784 677 842 Πάντα
706 781 949 858 παριδὼν
980 784 1047 837 τὰ
1073 783 1549 857 προηγορευμένα·

495 875 795 930 Μετάοεσιν
829 870 887 926 δὲ
919 869 1331 946 δραματουργεῖ
1358 871 1647 943 ποιμένος’

489 963 827 1038 Ἀρχιθύτην
861 964 964 1035 γὰρ
997 965 1097 1026 τῆς
1122 962 1265 1015 Σιὼν
1305 968 1404 1029 τῆς
1432 961 1584 1035 ἁγίας

492 1050 706 1121 Κλῆσιν
740 1048 1029 1120 θεοδόσιον
1064 1053 1177 1123 (95)
1210 1054 1381 1125 φῦντα
1412 1051 1680 1123 Λατίνων,

262 1155 451 1211 10220
493 1148 693 1216 Ἐθάδα
722 1152 836 1223 (96)
864 1146 1007 1221 τῷδε
1036 1150 1126 1202 καὶ
1158 1150 1475 1223 προήγορον
1503 1148 1757 1224 κράτους,

491 1241 587 1303 Εἷς
623 1245 802 1303 θῶκον
834 1238 1069 1313 ἀνήγαγε
1096 1244 1195 1307 τῆς
1231 1239 1663 1295 Κωνσταντίνου.

490 1328 645 1388 Ἀλλ’
678 1326 839 1383 οὐδὲν
876 1328 1129 1383 ἀπώνατο
1158 1334 1260 1396 τῆς
1292 1328 1640 1403 κακουργίας·

490 1421 731 1495 ’Δμφοῖν
764 1418 866 1491 γὰρ
900 1416 1241 1471 ἐκπέπτωκεν
1273 1417 1580 1491 ἱεραρχίαιν

487 1510 588 1566 Καὶ
622 1504 786 1563 τῶνδ’
815 1505 1028 1579 ἀτίμως
1058 1507 1085 1560 ὁ
1115 1501 1455 1575 προϐληθεὶς
1496 1506 1752 1577 ἀκρίτως.

252 1602 446 1658 10225
484 1604 716 1655 Ἔπειτα
745 1597 1017 1671 Γεώργιος
1050 1597 1079 1650 ὁ
1109 1593 1405 1673 Ξιφιλῖνος
1554 1656 1563 1664 ,

489 1685 840 1764 Σκευοηρύλαξ
874 1687 948 1740 ὧν
976 1687 1076 1753 τῆς
1101 1689 1236 1740 Θεοῦ
1268 1686 1321 1758 γ’
1351 1684 1679 1756 Ἑκκλησίας

486 1776 862 1847 Ποιμαντικήν
894 1772 1094 1851 εἴληφε
1116 1774 1203 1828 καὶ
1236 1771 1528 1848 προεδρίαν

488 1866 702 1923 Τούτου
732 1859 988 1926 θανόντος
1017 1863 1391 1937 ἐγκαθίσταται
1423 1864 1599 1939 θρόνῳ
1633 1867 1743 1939 (98)

484 1956 547 2012 Ὁ
576 1954 906 2027 Καματηρὸς
938 1952 1133 2020 εὐεπὴς
1168 1953 1442 2023 Ἰωάννης,

255 2047 447 2103 10230
485 2041 656 2118 Ἶδρις
688 2042 879 2115 σοφίας
902 2039 1255 2110 παντοδαπῆς
1286 2042 1376 2096 καὶ
1409 2041 1607 2117 λόγων,

480 2129 799 2204 Ἐπήϐολός
828 2152 887 2185 τε
919 2130 1209 2206 δογμάτων
1240 2136 1347 2186 τῶν
1375 2128 1594 2201 ἐνθέων,

482 2220 812 2291 Ἐκκλησίας
846 2220 918 2274 ὥν
955 2218 1197 2291 λευίτης,
1232 2222 1602 2297 χαρτοφύλαξ’

475 2311 599 2387 Ἐφ’
628 2309 690 2365 οὗ
720 2310 1132 2383 παρεστήσαντο
1165 2314 1385 2364 Λατῖνοι
1417 2310 1603 2365 πόλιν·

476 2402 579 2463 ’ος
611 2398 879 2470 ἐξελαθεὶς
910 2396 1197 2473 δυστυχῶς
1226 2401 1362 2473 πρὸς
1394 2399 1637 2454 Λατίνων

244 2502 433 2557 10235
475 2498 684 2572 Θρόνου
716 2494 978 2571 πατρίδος
1008 2502 1109 2566 τῆς
1138 2503 1341 2568 σεμνῆς
1392 2499 1502 2569 (99)
1558 2495 1913 2569 Βυζαντίδος,

477 2588 639 2645 Oi.st
669 2583 1066 2659 Διδυμότειχον
1102 2585 1180 2646 εἷς
1212 2582 1601 2662 ἄστν)ἰρθάσας,

476 2678 645 2734 Ἔνθα
678 2675 852 2729 θανὼν
887 2672 1073 2729 ἔλιπεν
1104 2671 1270 2743 ἡλίου
1302 2676 1455 2751 φάος,

473 2768 630 2823 Μετὰ
660 2762 718 2818 δὲ
746 2768 937 2818 τοῦτον
966 2763 1224 2835 ποιμένες
1259 2760 1576 2838 βυζαντίδος

475 2856 642 2912 Οὗτοι
674 2848 1099 2926 προεϐλήθησαν
1133 2851 1186 2906 ἐν
1212 2853 1480 2908 Νικαέων·

244 2948 427 3003 10240
466 2949 705 3020 Πρῶτος
735 2942 963 3016 Μιχαὴλ
995 2941 1368 3017 Αὐτωρειανὸς
1399 2941 1541 3006 θέσιν

476 3031 873 3108 Βακελλάριος,
906 3030 1091 3101 λευίτη
1104 3053 1127 3093 ς
1154 3030 1509 3102 Ἐκκλησίας,

471 3121 649 3199 Ἴδρις
675 3123 867 3200 σοφίας
895 3128 1170 3193 κοσμικῆς
1204 3122 1352 3183 θείας
1385 3124 1515 3195 ἅμα.

473 3213 657 3281 Οὖπερ
691 3208 1117 3284 μεταλλάξαντες
1152 3209 1202 3264 ἐν
1235 3210 1414 3284 θρόνῳ
1458 3210 1597 3286 βίον,

473 3299 756 3376 Θεόδωρος
789 3298 983 3377 εἴληφε
1006 3300 1107 3369 τὴν
1138 3296 1428 3374 προεδρίαν

244 3396 429 3451 10245
473 3388 801 3459 Ἐκκλησίας
836 3384 908 3443 ὤν
943 3386 1188 3459 λευίτης,
1223 3388 1595 3465 χαρτοιρύλαξ,

470 3480 851 3551 Τούπώνυμον
888 3479 1039 3553 σχὼν
1070 3478 1362 3551 Εἷρηνικὸς
1396 3479 1687 3555 πατρόθεν,

472 3569 806 3645 Φιλοσόφων
840 3567 1040 3623 ὕπατον
1074 3568 1239 3640 ἀξίαν,
1274 3565 1496 3643 λόγους.

474 3661 579 3717 Καὶ
603 3656 765 3713 τοῦδε
798 3657 1053 3721 θανόντος
1084 3654 1161 3728 δὲ,
1191 3659 1291 3726 τήν
1325 3656 1612 3734 προεδρίαν

472 3750 724 3821 Μάξιμος
757 3747 920 3822 αὐχεῖ
947 3747 1035 3801 καὶ
1073 3746 1334 3821 μοναχὸς,
1366 3747 1455 3801 καὶ
1490 3748 1656 3819 Ούτης

248 3853 435 3909 10250
473 3850 664 3917 Μονῆς
693 3846 974 3922 προεστὼς
1008 3844 1228 3921 εὖαγοῠς
1258 3847 1596 3918 ἀκοιμήτων.

472 3939 609 4003 Μεθ’
640 3938 698 3991 ’ὸν
730 3933 993 4003 Μανουὴλ
1030 3934 1342 4013 Φιλόσοφῡς
1372 3937 1463 3990 τὸν
1494 3934 1685 4011 λόγον,

474 4027 662 4100 Φύλαξ
694 4020 926 4101 ἀκριϐὴς
958 4025 1048 4078 καὶ
1079 4023 1263 4096 νόμων
1296 4024 1384 4079 καὶ
1416 4023 1675 4081 κανόνων.

473 4116 685 4175 Τούτου
718 4115 1007 4175 λειπόντος
1038 4115 1137 4180 τὴν
1167 4113 1314 4166 κάτω
1346 4114 1657 4187 παροικίαν,

469 4205 654 4269 Πολῦς
679 4204 955 4279 Γερμανὸς
995 4203 1085 4257 τὸν
1120 4202 1237 4277 βίον
1271 4201 1360 4256 καὶ
1391 4208 1481 4257 τὸν
1516 4202 1684 4277 λόγον

241 4311 432 4365 10255
472 4304 809 4379 Ἀρχιθύτης
844 4299 1108 4355 δὲδεικται
1140 4306 1237 4369 τῆς
1270 4301 1702 4374 Κωνσταντίνου,

474 4395 642 4467 Ἀνῆρ
680 4392 979 4466 μοναστῆς,
1011 4389 1099 4443 καὶ
1128 4393 1262 4443 Θεοῦ
1295 4389 1600 4459 θυηπόλος,

470 4484 674 4557 Αύχῶν
710 4474 1010 4535 ’Δνάπϐουν
1044 4475 1276 4552 πατρίδα
1310 4476 1707 4554 Προποντίδος,

472 4569 801 4641 Ἐκκλησίας
829 4568 1100 4643 τρόφιμος
1136 4563 1208 4621 ὢν
1240 4574 1338 4637 τῆς
1368 4567 1419 4623 ἐν
1456 4568 1637 4624 πόλιν

471 4660 608 4717 Εἶτα
642 4661 901 4732 μονάσας,
931 4658 1022 4711 καὶ
1055 4656 1239 4734 φανεὶς
1266 4661 1397 4712 Θεοῦ
1423 4655 1635 4733 λάτρις,

252 4752 436 4809 10260
473 4748 733 4824 Γεωργίῳ
768 4748 999 4823 μάρτυρι
1028 4746 1119 4800 καὶ
1150 4744 1505 4823 πεφιλμένος,

469 4836 684 4912 ’Έλαχε
714 4834 956 4910 ποίμνην
986 4834 1187 4898 ἰθύνειν
1220 4831 1571 4902 Βυζαντίδος.

318 4985 442 5056 (95)
471 4983 565 5056 Sic
594 4982 772 5056 etiam
806 4998 857 5035 ν.
890 4982 1052 5037 6030.
1075 4980 1253 5056 Atqui
1286 4979 1918 5056 hu_nc_pa_ssim_appel-

944 5068 1092 5123 quos
1124 5051 1277 5106 inter
1328 5051 1667 5106 Methodius
1697 5051 1852 5107 infra
1883 5072 1916 5109 a

241 5128 423 5183 nobis
453 5127 743 5182 edendos.
774 5126 880 5179 Sed
928 5124 1083 5179 enim
1139 5124 1423 5178 Dosz'thous
1456 5123 1599 5177 nihil
1635 5124 1791 5179 aliud
1827 5131 1918 5181 est

243 5201 359 5255 nisi
398 5197 745 5255 metathesis
794 5199 891 5249 τοῦ
946 5194 1285 5249 Theodosius.
1321 5195 1415 5250 Sic
1463 5196 1514 5249 in
1551 5194 1679 5249 coll.
1715 5196 1841 5250 Vat.
1871 5202 1910 5249 t.

244 5273 321 5340 II,
356 5289 415 5338 p.
449 5270 575 5337 441,
612 5284 787 5339 quem
830 5267 1107 5338 Polybius
1142 5266 1536 5340 appellaverat
1572 5268 1911 5336 Theotinum,

248 5338 545 5399 Diodorus
574 5338 708 5396 cum
741 5342 1186 5411 anagrammate
1217 5338 1359 5411 dicit
1392 5340 1744 5411 Timotheum.

314 5415 439 5483 (96)
473 5412 724 5467 Allatius
755 5412 825 5466 de
858 5406 1026 5467 Cons.
1064 5411 1267 5480 p.702,
1301 5410 1527 5483 legebat
1559 5406 1763 5477 ενοάδε,
1785 5427 1913 5480 qua

463 5484 674 5539 melior
722 5483 894 5538 lectio
937 5482 1184 5538 videtur.
1234 5482 1423 5537 Codex
1472 5489 1666 5537 tamen
1718 5486 1914 5537 noster

243 5054 376 5111 lant
409 5054 511 5111 alii
564 5054 911 5117 Dositheum,

249 5486 404 5540 mihi
463 5486 674 5539 melior
722 5486 894 5538 lectio
937 5486 1184 5538 videtur.
1234 5486 1344 5537 Cod

248 5563 381 5612 tum
417 5556 511 5611 hic
542 5561 669 5611 tum
706 5572 762 5610 v.
790 5556 925 5609 6031
964 5554 1141 5609 habet
1170 5549 1352 5613 ἐθᾶὃα.

322 5630 441 5700 (97)
484 5628 715 5685 Recitat
764 5632 881 5683 tres
941 5626 1045 5683 hos
1101 5625 1173 5680 de
1232 5623 1533 5696 Xiphilino
1591 5623 1910 5681 versiculos

1818 298 2179 356 CESABBS.

1971 427 2025 493 Α
2056 426 2287 484 dicebat
2319 432 2577 488 Isaacius
2610 433 2825 488 astanti
2859 434 3067 503 turba,

2055 523 2225 573 noctu
2260 526 2680 588 monstratum,
2714 528 2770 577 et
2800 523 3019 577 alfabre
3050 524 3407 595 descriptam

3542 312 3711 385 .374

2052 609 2309 677 corporis
2340 612 2594 681 speciem
2630 627 2764 665 cum
2798 610 3009 667 virtute
3038 629 3103 667 ac
3137 613 3392 670 nomine.

2051 696 2244 751 Nihilo
2278 704 2465 754 tamen
2499 701 2697 755 minus
2729 701 2885 755 hunc
2918 702 3055 756 sede
3085 702 3311 774 depulit

2049 792 2251 857 postea
2281 788 2568 844 dictorum
2605 790 2908 861 negligens
2935 807 3197 846 suorum.

2048 873 2312 945 Namque
2342 878 2659 933 transferre
2689 878 2874 933 voluit
2906 878 3268 951 episcopum.

2046 966 2266 1018 Sancta
2302 982 2509 1037 nempe
2537 966 2728 1021 Sionis
2768 966 3162 1036 patriarcham

2048 1054 2227 1125 stirpe
2262 1056 2555 1125 Latinum,
2587 1058 2981 1113 Theodosium
3016 1060 3275 1130 nomine,

2045 1145 2339 1215 cognitum
2376 1146 2509 1214 sibi,
2542 1151 2717 1217 atque
2753 1147 2983 1217 imperii
3014 1152 3233 1215 vatem,

2042 1235 2114 1289 ad
2147 1235 2493 1306 Byzantinas
2523 1236 2741 1291 infulas
2776 1238 3059 1308 provexit.

2043 1324 2152 1379 Sed
2187 1325 2409 1380 homini
2443 1326 2522 1380 nil
2556 1328 2776 1397 profuit
2810 1328 2944 1381 facti
2978 1330 3229 1400 novitas,

2042 1415 2330 1470 ambobus
2361 1416 2519 1471 enim
2553 1418 2900 1473 sacerdotiis
2931 1418 3148 1474 excidit

2040 1521 2168 1567 cum
2202 1506 2543 1577 ignominia,
2578 1508 2844 1576 nequiter
2874 1508 3119 1563 electus.

2036 1599 2283 1651 Secutus
2315 1601 2403 1651 est
2434 1596 2719 1669 Georgius
2751 1597 3095 1668 Xiphilinus

2038 1704 2067 1742 e
2096 1686 2506 1759 scevophylace
2538 1687 2595 1740 in
2627 1687 2885 1741 Ecclesia
2916 1688 3015 1742 Dei

1958 1791 2005 1856 Β
2036 1777 2107 1832 ad
2140 1776 2487 1848 pastoralem
2521 1776 2859 1831 cathedram
2896 1776 3229 1832 subvectus.

2044 1869 2158 1923 Hoc
2186 1866 2307 1921 vita
2338 1867 2555 1933 functo,
2589 1866 2900 1922 stationem
2932 1868 3238 1937 occupavit

2041 1958 2157 2014 oris
2189 1957 2424 2013 facundi
2455 1958 2711 2013 Joannes
2743 1960 3083 2012 Camaterus

2039 2049 2347 2121 omnigena
2380 2047 2714 2103 cumulatus
2748 2048 3039 2119 sapientia
3069 2065 3135 2103 ac
3166 2048 3377 2104 litteris

2037 2143 2093 2193 et
2123 2137 2454 2191 divinorum
2489 2138 2831 2207 dogmatum
2865 2135 3347 2203 callentissimus,

2036 2231 2209 2282 antea
2238 2226 2408 2281 levita
2439 2225 2706 2281 Ecclesia
2738 2229 2794 2281 et
2820 2225 3259 2297 chartophylax.

2035 2317 2151 2371 Sub
2183 2332 2249 2371 eo
2282 2316 2652 2386 metropolim
2689 2316 2877 2371 Latini
2909 2320 3411 2386 expugnaverunt.

2036 2406 2425 2473 Quamobrem
2458 2405 2770 2461 infeliciter
2800 2406 2871 2461 ab
2905 2405 2997 2460 his
3030 2406 3309 2477 expulsus

2034 2498 2171 2554 sede
2203 2502 2377 2568 atque
2409 2496 2562 2551 alma
2597 2497 2785 2567 patria
2815 2496 3342 2567 Constantinopoli,

2033 2588 2507 2660 Didymotichum
2543 2586 2851 2641 transtulit
2879 2586 3213 2656 stationem,

2031 2679 2231 2750 ibique
2264 2676 2477 2732 clausit
2508 2676 2708 2731 oculos
2743 2676 2905 2731 vitali
2938 2676 3078 2731 luci.

2031 2769 2167 2824 Post
2197 2768 2353 2823 hunc
2391 2771 2655 2839 pastores
2689 2766 2853 2822 urbis
2888 2765 3217 2838 Byzantina

2030 2860 2089 2915 hi
2122 2860 2473 2914 creabantur
2503 2857 2561 2911 in
2590 2856 2803 2929 oppido
2836 2856 3045 2911 Nicaa.

2031 2950 2258 3005 Primus
2289 2952 2379 3003 est
2408 2946 2675 3016 Michael,
2709 2947 2903 3001 dictus
2936 2946 3315 3013 Autorianus,

2028 3040 2298 3095 Ecclesia
2332 3036 2677 3093 sacellarius
2708 3041 2765 3091 et
2792 3035 2985 3101 levita,

1949 3147 1991 3216 α
2032 3130 2346 3188 mundanis
2379 3127 2592 3182 litteris
2625 3126 2958 3216 divinisque
2991 3125 3323 3216 abundans.

2022 3225 2163 3280 Post
2194 3235 2365 3291 quem
2400 3217 2458 3271 in
2494 3217 2630 3272 sede
2661 3215 3038 3282 exstinctum,
3071 3214 3413 3270 Theodorus

2023 3310 2175 3369 sacri
2209 3308 2498 3380 primatus
2530 3305 2673 3361 adiit
2706 3306 3014 3373 honorem,

2023 3408 2195 3463 antea
2225 3399 2401 3456 levita
2430 3397 2698 3453 Ecclesia
2732 3402 2788 3453 et
2818 3396 3257 3468 chartophylax,

2024 3490 2233 3551 Irenici
2266 3503 2588 3561 cognomen
2621 3504 2651 3540 a
2683 3491 2845 3557 patre
2879 3484 3141 3553 trahens,

2022 3584 2082 3638 in
2117 3578 2332 3637 studiis
2364 3575 2788 3649 philosophicis
2824 3575 3007 3647 gradu
3050 3575 3316 3646 hypatus.

2022 3674 2144 3738 Quo
2179 3668 2486 3735 moriente,
2521 3682 2698 3720 sacra
2731 3664 2813 3718 rei
2846 3664 3166 3735 primatum

2021 3760 2311 3817 Maximus
2343 3756 2481 3811 tulit
2511 3754 2838 3810 monachus
2870 3754 3166 3823 sacerdos,

2022 3852 2455 3906 Acametarum
2491 3843 2842 3915 praepositus
2875 3842 3160 3898 coenobio.

2024 3938 2161 3993 Post
2191 3936 2349 3990 hunc
2383 3931 2773 4005 philosophus
2804 3931 3067 3986 oratione
3097 3930 3347 4001 Manuel,

2023 4027 2217 4099 legum
2251 4025 2523 4081 defensor
2554 4038 2968 4093 canonumque
2999 4021 3262 4078 sedulus.

2021 4120 2142 4182 Quo
2173 4117 2480 4171 deserente
2512 4118 2809 4168 terrenum
2844 4111 3190 4178 incolatum,

2021 4208 2216 4264 clarus
2249 4205 2516 4261 doctrina
2549 4212 2602 4259 et
2634 4204 2900 4258 moribus
2932 4203 3263 4259 Germanus

2022 4303 2255 4355 creatur
2285 4296 2497 4368 prasul
2531 4294 3142 4366 Constantinopoleos,

2023 4386 2112 4442 vir
2143 4384 2560 4440 monachatum
2596 4383 2899 4454 proﬁtens,
2928 4382 3029 4437 Dei
3062 4384 3355 4450 sacerdos,

1952 4508 1990 4569 υ
2026 4477 2239 4569 oppido
2272 4476 2563 4569 oriundus
2593 4474 2817 4569 Anaplo
2842 4475 2907 4569 in
2945 4476 3319 4569 Dropontide,

2023 4568 2083 4623 in
2117 4568 2261 4623 urbe
2293 4583 2326 4621 a
2356 4566 2604 4637 pueritia
2637 4564 2905 4620 Ecclesia
2936 4564 3234 4634 alumnus,

2030 4657 2240 4713 deinde
2273 4656 2459 4711 factus
2492 4655 2815 4711 monachus
2847 4657 2902 4710 et
2930 4654 3032 4711 Dei
3066 4655 3356 4723 minister,

2028 4766 2201 4805 carus
2233 4748 2521 4819 pracipue
2554 4747 2795 4819 martyri
2828 4746 3103 4817 Georgio;

2028 4843 2327 4913 postremo
2357 4838 2714 4911 Byzantinus
2746 4838 2928 4894 evasit
2956 4842 3170 4910 pastor.

2023 4981 2273 5039 Allatius
2298 4983 2369 5037 de
2399 4982 2663 5053 Georgiis
2698 5000 2752 5053 p.
2786 4983 2912 5052 664,
2947 4983 3038 5039 ed.
3072 4983 3293 5039 Fabric.

2099 5056 2211 5137 (98)
2238 5056 2319 5137 Eg:
2367 5054 2793 5137 lioqversiculo
2843 5071 3027 5137 usque
3078 5056 3147 5109 ad
3179 5074 3232 5110 v.
3268 5056 3441 5137 10310
3492 5056 3677 5137 habes

2027 5127 2391 5197 patriarchas
2448 5126 3163 5198 ConstantinOpolitanos,
3216 5129 3314 5198 qui
3367 5128 3421 5181 in
3474 5130 3677 5185 exsilio

2025 5198 2191 5252 electi
2218 5199 2473 5255 fuerunt.
2501 5198 2652 5270 apud
2680 5196 2955 5252 Allntium
2982 5199 3052 5252 de
3072 5196 3462 5254 Consensione
3485 5200 3585 5257 lib.
3615 5219 3676 5270 ιι,

2024 5286 2153 5340 cap.
2188 5271 2269 5337 14,
2304 5286 2360 5340 p.
2392 5270 2515 5322 7%.
2554 5269 2693 5323 Item
2731 5270 2941 5340 partim
2988 5270 3047 5324 in
3094 5272 3229 5326 adn.
3264 5273 3335 5327 ad
3371 5269 3675 5343 Acropolié

2024 5345 2142 5394 tam
2178 5357 2302 5394 can.
2333 5341 2387 5394 6.

2022 5345 2142 5395 tam
2178 5357 2302 5396 can.
2333 5345 2387 5394 6.

2022 5358 2142 5395 tam
2178 5358 2302 5412 cap.
2333 5358 2387 5394 υ.

2009 5418 2013 5422 ’
2069 5412 2206 5484 (99)
2243 5411 2491 5484 Allatius
2522 5411 2580 5466 in
2615 5416 2867 5482 utroque
2917 5412 3090 5468 citato
3135 5412 3260 5469 loco
3294 5430 3394 5484 pro
3446 5417 3672 5482 σεμνῆς,

2023 5483 2211 5548 alma.
2257 5484 2399 5552 legit
2447 5481 2606 5553 ἐμῆς,
2640 5481 2792 5538 mea.
2843 5487 2993 5537 Num
3046 5500 3182 5554 ergo
3232 5481 3365 5539 hinc
3412 5481 3538 5538 orta
3585 5492 3676 5539 est

2024 5555 2239 5610 Allatio
2282 5554 2476 5625 opinio
2527 5557 2679 5625 quod
2730 5554 3038 5625 Ephramii
3091 5556 3270 5624 patria
3325 5556 3669 5624 Byzantium

2024 5627 2229 5695 fuerit;
2264 5627 2743 5701 quandoquidem
2774 5644 2907 5682 eum
2955 5626 3213 5697 appellat
3257 5625 3675 5697 Byzantinum?
