4034 6200
302 206 413 264 375
1525 204 1900 261 EPHREMII
1933 198 2508 256 CHBONOGRAPHI
3613 198 3736 256 376

304 335 414 391 Sed
447 334 556 391 hoc
587 350 689 406 per
717 333 944 389 obitum
982 336 1331 388 transeunte
1361 331 1436 387 ad
1469 329 1783 387 Dominum

1991 325 2046 391 Α
2287 320 2498 380 Τούτου
2527 323 2887 395 μεταστάντος
2916 319 2974 378 δὲ
3003 324 3140 398 πρὸς
3165 323 3257 378 τὸν
3292 323 3567 393 Δισπότην

307 429 364 479 et
395 422 742 495 patriarchis
773 421 992 477 sanctis
1026 425 1468 486 connumerato,

2273 412 2372 466 Καὶ
2404 412 2766 489 συναφθέντος
2798 417 3156 487 πατριαρχῶν
3198 411 3402 487 ἀγίοις,

306 510 634 568 Melhodius
666 511 805 565 item
839 510 1166 566 monachus
1199 515 1254 566 et
1289 512 1383 566 Dei
1420 509 1716 579 sacerdos,

2278 498 2551 564 Μεθόδιός
2581 523 2665 562 τις
2691 502 2783 556 καὶ
2819 501 3065 576 μοναχὸς
3089 500 3180 557 καὶ
3213 500 3399 572 θύτης,

308 606 450 656 tunc
482 599 789 672 Hyacinthi
825 600 1144 671 praesidens
1174 599 1465 666 cmnobio,

2064 590 2238 646 10265
2277 591 2476 662 Μονῆςι
2493 590 2773 665 προεστὼς
2805 594 2905 655 τῆς
2933 591 3218 645 Ὑακίνθου
3237 591 3381 660 τότε,

304 694 566 760 tempore
597 690 790 744 sedem
827 688 1013 745 tenuit
1045 689 1412 745 brevissimo.

2277 679 2400 735 Ἐπὶ
2437 679 2736 755 βράχιστον
2772 679 3038 735 ἀπολαύει
3065 684 3164 734 τοῦ
3195 681 3411 755 θρόνου·

306 779 430 842 Quo
463 779 820 834 moribunda
851 779 1160 834 deserente
1192 781 1478 846 membra,

2275 768 2456 844 Οὗπερ
2489 771 2761 840 θανόντος,
2792 769 2882 824 καὶ
2914 765 3172 831 λιπόντος
3202 769 3294 824 τὸν
3331 769 3476 846 βίον,

309 869 528 940 pedum
559 869 847 940 corripuit
876 868 1108 924 Manuel
1141 869 1611 941 archipresbyter

2275 857 2336 914 Ὀ
2366 859 2728 934 πρωτοθύτης
2758 857 3024 928 Μανουήλ
3054 855 3184 935 ἔσχε
3215 859 3405 933 θρόνον

308 957 471 1026 cleri,
502 959 601 1029 qui
636 974 866 1014 sacram
898 959 1079 1014 isdem
1113 958 1314 1030 palatii
1344 965 1535 1026 curat;

2274 948 2397 1003 Τῶν
2429 945 2480 1001 ἐν
2515 947 2780 1022 βσιλείοις
2808 969 2870 1023 γε
2894 946 3351 1022 κατειλεγμένων,

307 1062 488 1104 senex
519 1047 831 1120 benignus,
865 1048 1192 1103 mansuetis
1229 1048 1517 1103 moribus.

2065 1037 2245 1092 10270
2282 1034 2460 1111 Γέρων
2493 1039 2803 1112 προσηνὴς,
2837 1038 3119 1114 μειλίχιος
3149 1041 3242 1094 τὸν
3268 1039 3496 1115 τρόπον.

309 1143 500 1208 Atque
530 1135 640 1192 hoc
671 1138 848 1192 etiam
881 1137 1263 1192 concludente
1290 1138 1490 1200 vitam,

2279 1128 2638 1199 Χρησαμὲνου
2666 1125 2812 1183 τέλει
2848 1125 2904 1183 δὶ
2931 1125 3091 1184 τοῦδε
3119 1132 3216 1182 τοῦ
3246 1129 3389 1204 βίου,

311 1225 596 1282 Arsenius
626 1225 778 1280 inter
808 1226 1130 1281 monachos
1162 1231 1377 1297 pietate
1410 1224 1660 1298 fulgens,

2278 1215 2556 1290 Ἀρσὲνιός
2583 1238 2667 1278 τις
2700 1212 2937 1287 εὐλαϐὴς
2969 1219 3347 1292 μονοτρόπων,

308 1313 592 1368 virtutum
624 1313 838 1368 eximia
868 1319 1044 1386 atque
1076 1315 1336 1368 animata
1368 1315 1561 1384 sedes,

2279 1306 2403 1360 Τῶν
2437 1307 2639 1380 ἀρετῶν
2672 1305 2993 1374 κάλλιστος,
3025 1302 3278 1382 ἔμψυχος
3312 1306 3499 1381 θρόνος

311 1402 532 1458 electus
563 1409 655 1458 est
686 1403 948 1474 Byzantii
980 1403 1334 1475 patriarcha.

2281 1392 2375 1455 Εἷς
2409 1395 2791 1469 ποιμενάρχην
2826 1394 2995 1469 ᾑρέθη
3030 1393 3381 1465 Βυζαντίδος,

312 1495 368 1549 Is
400 1496 573 1546 natus
605 1493 846 1563 quidem
878 1500 996 1548 erat
1029 1493 1086 1547 in
1121 1493 1259 1548 urbe
1287 1491 1475 1564 regia;

2069 1483 2242 1538 10275
2283 1483 2474 1559 Σειράν
2507 1483 2696 1557 γένους
2721 1481 2898 1538 ἕλκων
2927 1485 3020 1557 μὲν
3053 1483 3112 1538 ἐκ
3142 1484 3431 1553 Βυζαντίου

313 1583 414 1638 sed
449 1582 508 1636 in
539 1581 791 1636 Nieaanis
825 1582 1199 1637 monasteriis
1232 1587 1434 1652 postea

2281 1571 2468 1645 Κύμην
2497 1569 2555 1626 δὲ
2584 1572 2768 1647 χαρεὶς
2799 1572 2849 1627 ἐν
2886 1578 3079 1644 μοναῖς
3107 1580 3206 1643 τῆς
3237 1573 3490 1642 Νικαίας,

311 1671 648 1726 totonderat
674 1669 980 1742 capillum,
1012 1675 1070 1725 et
1100 1670 1282 1725 abbas
1311 1671 1498 1726 fuerat
1533 1687 1546 1724 :

1993 1697 2039 1761 Β
2279 1661 2384 1715 Καὶ
2415 1657 2550 1734 τῇδε,
2578 1659 2814 1736 δειχθείς
2845 1661 2954 1732 ml;
2969 1661 3144 1734 μονῆς
3172 1661 3488 1732 ἐπιστάτης·

312 1776 470 1814 nunc
501 1759 802 1815 solitarius
834 1759 935 1814 uni
967 1759 1084 1815 Deo
1117 1760 1358 1815 vacabat

1995 1749 2038 1761 ”
2287 1749 2404 1814 Εἶθ’
2435 1751 2728 1824 ἡσυχάζων
2756 1750 2847 1805 καὶ
2878 1755 2993 1822 Θεῷ
3013 1749 3369 1826 προσανέχων

314 1849 378 1904 In
411 1847 813 1920 Apolloniadis
846 1848 1010 1904 urbis
1039 1848 1366 1915 asceteriis;

2287 1839 2372 1894 Ἐν
2405 1836 2856 1900 Ἀπολλωνιάδος
2889 1838 3250 1913 ἀσκητηρίοις

315 1954 431 2010 quo
466 1943 726 2006 tempore
761 1937 1008 1994 Nicaam
1045 1938 1153 1993 fuit
1184 1938 1407 1993 accitus

2076 1929 2250 1984 10280
2290 1928 2518 2002 Ἀφ’ίκτο
2547 1927 2775 1996 κληθεὶς
2806 1927 2884 1992 εἷς
2909 1928 3071 1985 πόλιν
3104 1927 3348 1986 Νικαέων

310 2043 345 2082 a
375 2025 681 2082 Theodoro
711 2030 933 2082 Cassare
964 2027 1226 2082 Romano
1263 2043 1275 2080 :

2286 2016 2428 2092 Πρὸς
2453 2020 2552 2071 τοῦ
2579 2021 2904 2092 κρατοῦντος
2932 2016 3184 2074 Αὐσόνων
3218 2016 3523 2094 Θεοδώρου·

311 2115 411 2170 ubi
445 2114 688 2186 expletis
718 2118 948 2172 cunctis
981 2115 1248 2171 Ecclesiae
1282 2115 1562 2188 gradibus

2284 2106 2387 2163 Καὶ
2417 2105 2590 2161 πάντα
2625 2107 2831 2182 βαθμὸν
2865 2107 3059 2169 ἀνύσας
3087 2105 3417 2179 Ἐκκλησίας

309 2203 380 2258 ad
413 2220 713 2258 summum
756 2203 1100 2259 hierarchiai
1135 2206 1399 2276 pervenit
1430 2205 1676 2276 apicem.

2287 2195 2383 2259 Εἲς
2413 2194 2550 2269 seu:
2581 2193 2727 2272 ἤρθη
2759 2198 3168 2273 ποιμεναρχίας
3198 2199 3357 2274 μέγα.

306 2293 447 2347 Cum
481 2295 676 2346 autem
711 2297 922 2363 sponte
952 2293 1279 2349 dimisisset
1309 2294 1550 2365 pedum,

2286 2285 2638 2360 Αὐθαιρὲτως
2672 2284 2867 2340 τούτου
2899 2284 2957 2341 δὲ
2989 2287 3244 2350 λιπόντος
3277 2287 3488 2364 θρόνον,

307 2381 695 2436 monasticam
729 2381 987 2452 quietem
1021 2383 1115 2453 pie
1145 2389 1438 2455 repetens,

2074 2375 2252 2430 10285
2289 2371 2536 2448 Movﬁﬁi
2565 2373 2726 2429 αὐτὸν
2759 2374 2967 2450 εὐαγῶς
2999 2373 3300 2440 δεδωκότος

307 2469 379 2524 ad
412 2470 799 2542 Byzantinum
831 2471 1068 2525 transiit
1099 2471 1583 2542 patriarchatum,

2283 2463 2595 2538 Ν.κηφόρος
2626 2462 2893 2539 πρόεδρος
2922 2464 2994 2519 ὣν
3028 2466 3287 2543 Ἐφεσίων

308 2557 696 2630 Ephesiorum
730 2557 1097 2630 Nicephorus
1129 2559 1610 2632 archiepiscopus

2284 2550 2584 2627 Προεδρίαν
2616 2550 2812 2632 εἷ’ληφε
2840 2561 2940 2624 τῆς
2975 2557 3402 2626 Κωνσταντίνου,

309 2648 409 2719 qui
440 2645 580 2703 olim
616 2647 815 2719 palatii
849 2648 1039 2703 fuerat
1069 2648 1560 2721 archipresbyter,

2281 2643 2382 2704 Ὀς
2416 2641 2776 2717 ἀρχιλευίτης
2809 2645 2934 2721 πρὶν
2968 2645 3034 2714 ἦν
3063 2643 3353 2713 παλατίου,

309 2736 598 2792 lnnoeens
625 2736 736 2805 vir,
769 2740 1090 2808 perpetuus
1121 2737 1489 2794 Parthenius.

1977 2734 1980 2738 ’
2279 2732 2450 2804 Ἀνὴρ
2484 2731 2766 2810 ἀμεμφής,
2796 2736 3088 2808 παρθένιος
3119 2737 3197 2810 (1)
3229 2733 3318 2791 διὰ
3342 2735 3487 2812 βίου.

306 2827 496 2897 Atque
529 2825 633 2881 hoc
665 2825 865 2881 sedem
900 2843 1033 2882 cum
1062 2826 1176 2882 vita
1206 2827 1530 2894 deserente,

2071 2820 2251 2877 10290
2288 2819 2502 2878 Τούτου
2530 2818 2954 2891 τελευτήσαντος
2986 2821 3037 2877 ἰν
3069 2821 3331 2900 προεδρίᾳ

306 2914 586 2970 Arsenius
618 2914 846 2986 primus
878 2913 1134 2969 liberata
1168 2914 1330 2970 urbis

2280 2909 2556 2978 Ἀρσένιος
2586 2910 2892 2984 πρώτιστος
2923 2908 3302 2986 ἀπολαμϐάνει

303 3019 538 3058 sacrum
572 3002 936 3076 recuperavit
961 3003 1381 3077 principatum.

1991 3063 2026 3077 ﬂ
2279 3001 2385 3067 Τῆς
2419 2995 2699 3074 βασιλίδος
2731 2999 2879 3075 ἱερὰν
2908 2997 3219 3076 προεδρίαν·

302 3092 412 3148 Sed
447 3093 602 3148 idem
637 3063 837 3164 postea
865 3063 1174 3164 depositus
1197 3095 1491 3151 sententia

1985 3063 2028 3131 α
2279 3063 2595 3162 Καθαιρέσει
2623 3063 2820 3143 τούτού
2851 3085 2909 3144 δὲ
2945 3063 3365 3166 καθυπηγμὲνου

299 3181 709 3252 episcOporum
741 3180 1424 3254 aliorumquejudicum,

2276 3177 2421 3252 Πρὸς
2451 3183 2842 3254 ποιμεναρχῶν
2877 3179 2968 3234 καὶ
2996 3177 3263 3235 δικαστῶν
3293 3185 3399 3237 τῶν
3429 3180 3579 3256 τότε,

299 3269 673 3340 Eeolesiaque
705 3270 1021 3325 abscedere
1052 3282 1312 3340 coactus,

2061 3264 2241 3322 10395
2277 3267 2386 3321 Εἶτ’
2417 3265 2783 3331 ἀπελαθὲντος
2810 3289 2870 3322 τε
2896 3275 2997 3338 τῆς
3039 3268 3385 3342 Ἐκκλησίας,

300 3359 358 3412 in
395 3357 836 3412 Prmeonnesum
869 3356 1129 3413 insulam
1164 3360 1525 3429 deportatur.

2275 3355 2370 3419 Εἷς
2398 3357 2769 3428 Προικόνησον
2804 3356 2850 3412 δ’
2881 3357 3221 3434 ἀπαχθέντος
3256 3358 3469 3432 νησῖδα,

301 3446 748 3516 Germanusque
779 3445 992 3515 praesul
1031 3447 1144 3501 Had
1157 3447 1441 3519 rianopoli

2272 3450 2387 3514 Τῆς
2421 3441 2708 3522 Ἀδριανοῦ
2734 3447 3007 3521 Γερμανὸς
3036 3447 3366 3525 ἀρχιθύτης,

299 3535 624 3592 translatus
655 3538 743 3590 est
774 3534 846 3588 ad
881 3535 1084 3589 urbem
1116 3535 1504 3592 Constantini.

2273 3533 2569 3590 Μεταθέσει
2603 3531 2843 3591 δέδεικτο
2873 3537 2962 3592 καὶ
2994 3535 3341 3607 Βυζαντίδος.

302 3625 518 3680 Verum
549 3623 838 3680 Germano
869 3622 1180 3680 abdicante
1212 3625 1517 3694 honorem,

2272 3623 2476 3678 Τούτου
2506 3627 2829 3699 παραιτήσει
2862 3623 2919 3682 δὲ
2950 3625 3214 3692 λιπόντος
3243 3627 3460 3703 θρόνον,

299 3713 594 3785 Josephus
627 3717 798 3769 rectm
828 3712 1127 3785 religionis
1159 3715 1456 3786 columen,

2063 3714 2237 3769 10300
2274 3714 2437 3790 Ἀνὴρ
2469 3715 2660 3787 Ἰωσὴρ
2697 3713 3012 3790 ὀρθοδοξίας
3043 3717 3242 3781 στύλος
3270 3721 3368 3791 (2),

302 3803 778 3876 presbyterorum
810 3803 992 3859 decus
1023 3808 1079 3858 et
1111 3805 1536 3862 monachorum

2277 3803 2444 3868 Κλὲος
2476 3809 2756 3877 μοναστῶν
2789 3806 2904 3879 ἅμα
2931 3807 3020 3862 καὶ
3061 3802 3465 3884 πρεσϐυτέρων,

300 3896 502 3949 saneto
533 3891 795 3947 emnobio
827 3891 1176 3963 praepositus
1210 3893 1452 3961 Galesii,

2275 3895 2469 3963 Μονῆς
2502 3894 2784 3968 προεστὼς
2815 3896 3040 3970 εὐαγοῦς
3070 3896 3367 3968 Γαλησίου,

299 3981 482 4051 mitis,
515 3979 830 4051 benignus,
863 3980 1075 4036 divinae
1107 3980 1253 4053 legis
1285 4000 1576 4055 reverens,

2275 3986 2476 4057 Πρᾶος,
2510 3984 2724 4057 χαρίεις
2751 3983 2841 4038 καὶ
2869 3990 3000 4040 Θεοῦ
3029 3984 3245 4062 τρέμων
3275 3985 3501 4062 νόμους³

297 4070 554 4128 nutritor
581 4085 922 4140 egenorum,
956 4075 1168 4127 natura
1205 4072 1488 4145 clemens,

2273 4072 2701 4148 Πτωχοτρόφος,
2729 4071 3035 4150 φίλοικτος,
3071 4071 3454 4153 σύσπλαγχνος
3487 4077 3672 4155 φύσει,

298 4157 766 4232 patriarcharum
800 4159 1089 4215 celebrem
1123 4159 1339 4218 insedit
1368 4163 1647 4220 thronum

2061 4161 2238 4217 10305
2275 4161 2369 4223 Εἷς
2393 4167 2748 4237 πατριαρχῶν
2778 4163 2872 4218 τὸν
2905 4163 3232 4238 περίπυστον
3277 4161 3465 4239 θρόνον

299 4248 477 4320 digne
507 4251 564 4303 et
594 4247 893 4304 canonicis
925 4249 1144 4321 regulis
1175 4250 1414 4309 electus.

2273 4251 2548 4325 Ἀνάγετςι
2582 4247 2648 4320 δὴ
2679 4255 3006 4314 κανονικῶς.
3035 4251 3219 4326 ἀξίως,

302 4337 358 4393 Is
389 4338 548 4409 regio
582 4337 640 4392 in
673 4336 826 4394 clero
857 4339 1162 4411 presbyter
1192 4341 1330 4397 olim
1365 4343 1574 4412 fuerat,

2273 4337 2501 4413 Κλήρου
2530 4339 2714 4395 πέλων
2747 4342 2824 4402 εἷς
2855 4345 2952 4396 τοῦ
2986 4341 3266 4417 βασιλείου
3296 4341 3492 4412 πάλαι,

304 4426 644 4498 sanctisque
676 4426 901 4498 nuptiis
932 4426 1114 4482 filiam
1148 4436 1549 4500 procreaverat
1582 4449 1596 4488 :

1983 4433 2030 4497 Ι)
2274 4429 2464 4500 Γήμας
2495 4448 2554 4482 τι
2583 4432 2798 4501 σεμνῶς
2824 4429 2914 4483 καὶ
2942 4429 3113 4485 τεκὼν
3144 4431 3429 4507 θυγατέρα·

303 4520 508 4589 postea
537 4531 668 4571 vero
699 4516 976 4572 viduatus
1006 4519 1276 4591 conjuge,

2274 4517 2386 4573 Εἶτ’
2415 4511 2712 4573 ἀποϐαλὼν
2749 4518 2961 4592 θανάτῳ
2991 4522 3311 4588 συνευνέτιν,

307 4604 692 4662 monasticam
728 4605 1025 4676 professus
1057 4607 1310 4664 libenter
1339 4609 1515 4666 vitam

2061 4609 2238 4664 10310
2278 4606 2373 4660 Kal
2401 4606 2469 4661 τά
2501 4611 2759 4682 μοναχῶν
2791 4607 2994 4670 ὀποδὺς
3029 4609 3358 4685 ὁμοψύχως,

307 4694 634 4751 caelestium
668 4695 952 4750 virtutum
988 4713 1122 4752 arca
1153 4699 1426 4771 apparuit
1459 4717 1473 4758 :

2273 4697 2448 4770 Ὠφθη
2483 4693 2702 4771 δοχεῖον
2736 4696 2940 4773 ἀρετῶν
2971 4702 3079 4752 τῶν
3112 4697 3328 4763 ἐνθέων·

308 4783 439 4842 exin
467 4783 714 4840 caanobii
748 4783 1004 4841 Galesini
1038 4786 1244 4858 abbas,

2277 4787 2741 4860 Ἐπειταζποιμῆν
2773 4793 2874 4856 τῆς
2911 4793 3084 4860 μονῆς
3116 4787 3410 4859 Γαλησίου,

307 4873 622 4945 episcOpus
655 4878 946 4946 postremo
975 4879 1033 4930 et
1063 4892 1314 4948 magnus
1345 4878 1624 4950 pontifex.

2279 4874 2378 4930 Καὶ
2411 4875 2794 4951 ποιμενὸίρχης
2829 4875 3133 4952 ἀρχιθύτης
3161 4877 3208 4931 τ’
3239 4875 3303 4932 αὗ
3337 4878 3527 4954 μέγας.

303 4964 446 5018 Cum
482 4966 672 5018 autem
707 4961 990 5020 Italorum
1023 4964 1239 5036 dogma
1270 4966 1487 5024 invasit

2281 4963 2429 5017 Ἐπεὶ
2463 4961 2509 5018 δ’
2540 4961 2765 5019 Ἰταλῶν
2795 4961 2973 5038 δόγμα
3000 4968 3405 5043 παρεισεφθάρη

305 5050 625 5108 Eeclesiam
659 5056 920 5109 nostram
952 5053 1108 5110 haud
1143 5054 1539 5124 laudabiliter,

2070 5053 2245 5110 103l5
2281 5053 2367 5108 Ἐν
2395 5055 2463 5126 τῇ
2494 5053 2614 5107 καθ’
2643 5054 2791 5125 ἡμᾶς
2822 5051 2883 5107 ού
2915 5051 3098 5117 καλῶς
3129 5053 3431 5130 Ἑκκλησίᾳ
3459 5059 3539 5132 (3)

490 5247 742 5332 ᾼΠείὶιιξ
769 5246 957 5332 habet
980 5249 1268 5332 παρθένος.
1295 5323 1308 5332 _
1522 5329 1529 5332 _
1687 5325 1699 5332 _
1724 5327 1739 5332 _
1785 5327 1797 5332 _

2143 5256 2649 5332 (3)_Ephraam_ium
2707 5257 2972 5313 animum
3024 5275 3266 5332 prorsus
3315 5276 3519 5332 gerere
3572 5262 3729 5318 schi-

383 5322 462 5400 (2_)
496 5319 994 5400 lmo_schis_matis
1035 5319 1900 5400 tenacissimus,atqueidcirco
1930 5344 1964 5384 a
2072 5319 2408 5398 smaticum,
2444 5327 2606 5397 alibi,
2639 5345 2874 5400 quoque
2916 5319 3417 5400 cognovimusilet
3447 5351 3606 5389 nunc
3635 5335 3728 5389 his

312 5391 591 5472 hlichaele
622 5391 944 5472 Balapologo
971 5393 1116 5464 imp.
1142 5396 1278 5449 sede
1304 5391 1704 5472 ejectusfquia
1727 5415 1963 5472 concor-
2073 5400 2334 5455 factiosis
2365 5391 2422 5454 in
2452 5391 3086 5472 Josephum'laudib'us
3119 5391 3327 5459 rursus
3359 5406 3723 5460 demonstra-

316 5464 424 5545 diae
456 5477 590 5516 cum
627 5460 1400 5545 Ecclesia—hornanahqua'm
1432 5460 1744 5545 praedictus
1775 5471 1966 5545 impe-
2071 5478 2187 5527 tur.
2222 5471 2347 5527 Non
2379 5477 2469 5526 est
2485 5460 2691 5545 autem
2741 5473 2832 5545 hic
2871 5471 3035 5528 locus
3066 5475 3362 5530 refutandi
3391 5476 3724 5533 Graecorum

315 5539 476 5590 rator
503 5532 932 5607 conciliaverat,
961 5532 1333 5596 subscribere
1363 5532 1568 5597 noluit.
1860 5532 1879 5545 ’
2074 5557 2300 5601 errores
2330 5546 2388 5600 et
2416 5543 2705 5614 schisma;
2737 5543 2796 5600 id
2820 5545 2976 5617 quod
2995 5545 3124 5617 jam
3155 5546 3488 5605 doctissimi
3518 5532 3724 5607 eatboé
