4004 6200
256 268 353 325 377
1405 292 1408 296 '
1767 272 2131 329 CAESARIS.

446 391 649 447 Τούτου
679 389 1019 456 διιθόνοντος
1048 386 1281 453 εὐσεϐῶς
1312 394 1527 469 θρόνον,

454 483 553 539 Καὶ
578 479 710 553 τῷδ’
743 480 950 550 ἐπῆκτο
980 478 1100 535 τάδ’
1126 480 1368 536 ἐπαινεῖν
1398 504 1480 544 τις
1517 482 1628 559 βίᾳ,

448 572 509 628 Ὀ
542 568 586 625 δ’
615 571 857 633 ακλινῶς
886 567 1130 645 ἥδραστο
1166 568 1454 647 δογμάτων
1493 572 1662 647 βάσει·

448 655 810 717 Ἐκϐάλλεται
845 658 911 729 δὴ
944 664 1042 715 τοῦ
1075 662 1270 736 θρόνου
1304 659 1433 733 μάλ’
1466 661 1693 730 ἀδίκως,

259 752 413 808 10320
448 751 538 813 Ὠς
569 748 889 825 ὑπεραθλῶν
927 747 1222 825 δογμάτων
1256 750 1431 825 ὀρθῶν
1466 748 1621 825 ἄγαν,

444 840 538 901 Εἷς
570 837 616 893 δ’
648 836 978 907 ἀλλοδαπὴν
1010 838 1371 894 ἀπελαύνεται
1405 839 1601 914 χθόνα,

444 929 843 1002 Καθαιρετικήν
876 930 1058 1005 ψῆφον
1091 929 1509 1003 ἀρχιποιμὲνων

446 1016 863 1093 Σχεδιασάντων
893 1017 1030 1072 κατά
1060 1014 1207 1072 τοῦδ⁹
1237 1016 1519 1085 ἀναιτίως’

447 1107 609 1165 Τοῦτ’
640 1106 1003 1168 ἀπελαθέντπ
1038 1104 1096 1161 δὲ
1118 1113 1221 1176 τῆς
1251 1107 1608 1180 προστασίας,

253 1200 408 1254 10325
443 1198 703 1267 Ἰωάννης
733 1217 817 1258 τις
847 1197 949 1265 τήν
981 1196 1274 1265 ἐπίκλησιν
1306 1197 1511 1259 Βὲκκος

439 1288 824 1356 Ἀντικατὲστη
857 1290 1186 1364 συμφρονῶν
1221 1291 1337 1349 τοῖς
1368 1286 1647 1348 Λατίνοις.

439 1376 769 1447 Ἑκκλησίας
802 1374 877 1431 ὢν
906 1374 1263 1453 χαρτοφόλαξ
1297 1375 1544 1449 λευίτης,

437 1466 609 1539 Ἀνήρ
645 1466 812 1541 σοφός
841 1486 926 1526 τις
956 1464 1391 1539 ἐντεθραμμένος
1422 1465 1640 1540 λόγοις.

438 1553 607 1612 Τοῦδ’
639 1552 1040 1629 ἐκδιωχθέντος
1072 1551 1129 1608 δὲ
1157 1561 1261 1623 τῆς
1293 1556 1630 1625 ἙκκΛησίας

248 1646 404 1702 10330
440 1644 628 1700 Νεόσει
661 1648 988 1718 κρατοῦντος
1020 1638 1274 1705 εὐσεϐοῦς
1305 1642 1654 1717 Ἀνδρονίκου
1686 1647 1762 1719 (4)

439 1735 605 1806 Ζήλῳ
633 1753 692 1787 τε
722 1736 954 1799 πιστῶν,
985 1733 1061 1794 ὡς
1087 1733 1388 1807 προμάχου
1420 1733 1662 1787 Λατίνων

440 1820 613 1879 Πάλιν
643 1824 722 1895 (5)
754 1822 958 1891 Ἰωσὴφ
991 1816 1373 1894 ἀπολαμϐάνει
1404 1822 1619 1897 θρόνον

437 1912 621 1985 Οὗπερ
654 1908 915 1971 λιπόντος
946 1910 1037 1964 τὸν
1075 1910 1189 1984 βίον
1220 1912 1308 1964 καὶ
1337 1910 1429 1965 τὸν
1464 1907 1680 1987 θρόνον,

436 1999 619 2076 Σοφός
646 2021 734 2061 τις
766 1999 901 2072 ἀνὴρ
935 2001 1237 2075 Γρηγόριος
1268 2000 1545 2074 Κυπρόθεν

251 2092 406 2147 10335
441 2090 635 2163 Λόγων
671 2093 853 2165 σοφῶν
886 2085 1179 2160 παίδευμα,
1213 2094 1430 2161 μουσῶν
1465 2088 1634 2162 ἑστία,
1696 2148 1703 2153 _

432 2179 523 2241 Εἷς
559 2182 917 2255 πατριαρχῶν
949 2172 1300 2232 ἀνεϐιϐάσθαι
1342 2178 1559 2251 θρόνον·

431 2270 623 2331 Ὅστις
650 2265 920 2343 πατρίδος
947 2266 1038 2320 καὶ
1068 2274 1339 2342 πατρικῆς
1372 2267 1545 2330 οἰκίας

432 2358 616 2432 Φυγάς
645 2358 883 2431 ὑπάρξας
916 2361 1045 2418 παῖς
1076 2354 1153 2410 ἔτι
1186 2377 1274 2411 πω
1303 2357 1619 2431 τυγχάνων,

437 2443 783 2507 Παιδεόσεως
813 2444 976 2521 ἔρωτι
1007 2445 1097 2499 καὶ
1133 2447 1476 2519 μαθημάτων

248 2536 399 2592 10340
434 2534 647 2593 Ἐλθὼν
676 2541 922 2590 κατοικεῖ
949 2535 1087 2608 πρὸς
1115 2534 1279 2590 πόλιν
1313 2536 1723 2592 Κωνσταντίνου

432 2624 613 2680 Αὐτὸν
644 2621 702 2679 δὲ
737 2626 1051 2698 μαθήμασιν
1084 2621 1275 2688 ἐκδοὺς
1304 2624 1395 2679 καὶ
1426 2625 1616 2688 πόνοις

438 2715 670 2790 Ἀφῖκτο
699 2713 836 2785 πρὸς
869 2711 1005 2789 μέγα
1026 2734 1080 2768 τι
1110 2710 1360 2776 παιδείας
1398 2714 1583 2790 βάθος·

430 2802 566 2859 Εἶτα
592 2802 860 2864 καταστὰς
891 2801 1176 2877 γνώριμος
1206 2804 1536 2879 στεφηωόρῳ

434 2892 531 2945 Καὶ
566 2890 849 2967 συνταγείς
880 2889 1078 2964 κλήρῳ
1105 2912 1164 2945 τε
1192 2891 1288 2946 τοῦ
1319 2891 1611 2963 παλατίου,

247 2980 401 3035 10345
435 2979 773 3055 Ἀρχιθότης
802 2978 1010 3057 πέφηνε
1036 2986 1135 3050 τῆς
1167 2980 1597 3051 Κωνσταντίνιυ,

429 3069 512 3126 Τὰ
539 3073 651 3123 τῶν
684 3072 945 3144 μοναχῶν
977 3068 1104 3143 πρὶν
1133 3067 1431 3139 τελεσθεὶς,
1474 3070 1547 3131 ὠς
1579 3066 1699 3134 ἔθος

428 3157 779 3230 Αὐθαιρέτως
804 3156 1000 3211 τούτου
1028 3154 1083 3212 δὲ
1110 3155 1368 3219 λιπόντος
1397 3158 1611 3233 θρόνον,

426 3245 746 3309 Ἀθανάσιος
779 3245 839 3301 ἐκ
866 3245 1044 3315 καλῆς
1074 3247 1314 3322 ἡσυχίας

430 3336 764 3406 Ἀσκητικός
791 3356 875 3398 τις
907 3335 960 3389 ἐν
997 3336 1365 3409 μονοτρόποις
1396 3336 1586 3406 θύτης,

236 3424 388 3481 10350
423 3424 691 3487 Γεννάδας
724 3425 885 3499 ἀνὴρ,
913 3426 1236 3500 καρτερικὸς
1267 3427 1404 3501 πρὸς
1438 3426 1661 3494 πόνους,

430 3515 816 3584 Ἀντικατὲστη
850 3519 931 3587 τῷ
958 3512 1286 3583 Βυζαντίδος
1318 3515 1520 3587 θρόνῳ.

428 3603 645 3660 Τούτου
676 3605 1001 3675 παραιτήσει
1036 3601 1094 3658 δὶ
1124 3602 1384 3667 λιπόντος
1420 3604 1638 3679 θρόνον,

430 3695 624 3755 Ὅσιος
657 3692 797 3767 ἀνὴρ
830 3687 1072 3762 εὐλαϐὴς
1106 3694 1389 3764 Ἰωάννης,

432 3781 703 3854 Γαληνὸς,
738 3781 1100 3849 εὖέντευκτος,
1134 3782 1337 3859 ἀρετῶν
1371 3783 1584 3858 θρόνος,

244 3868 397 3925 10%5
432 3868 607 3932 Κλέος
640 3875 903 3946 μοναχῶν
936 3873 1049 3944 ἅμα
1078 3871 1165 3925 καὶ
1191 3866 1594 3947 πρεσϐυτέρων,

432 3960 605 4015 [1λὲον
642 3957 701 4014 δὲ
728 3958 987 4015 πλουτῶν
1023 3961 1307 4035 πραότητα
1334 3959 1583 4037 καρδίας,

434 4048 705 4119 Ἐπαξίως
733 4047 933 4127 εἴληφε
962 4051 1061 4119 τήν
1093 4047 1406 4125 προεδρίαν.

430 4138 607 4212 Ὠρμη
620 4139 785 4210 μένος
820 4139 918 4211 μὶν
950 4137 1009 4193 ἔκ
1042 4143 1222 4214 μερῶν
1254 4134 1616 4216 Μεσημϐρίας
1653 4143 1751 4214 (6),

430 4228 641 4298 Γάμοις
673 4224 950 4298 ὁμιλήσας
984 4224 1041 4282 δὲ
1074 4232 1293 4300 σεμνοῖς
1322 4227 1374 4281 ἐν
1412 4227 1539 4303 βίῳ,

241 4314 396 4371 10360
432 4316 531 4370 Καὶ
562 4312 763 4378 παιδὸς
792 4315 976 4393 ὀφθεὶς
1002 4312 1224 4393 ἄρρενος
1256 4317 1605 4395 φυτοσπόρος

3551 280 3657 336 378

1921 398 1977 466 Α
2005 398 2097 470 pie
2125 400 2380 473 Josepho
2411 403 2608 458 sedem
2642 403 3027 475 gubernante,

2001 489 2126 559 ipse
2157 492 2227 545 ad
2262 508 2620 547 consensum
2652 494 2706 547 vi
2734 492 3224 564 compellebatur,

2002 579 2099 632 sed
2134 580 2389 648 perstitit
2422 582 2701 635 immotus
2735 581 2791 634 in
2826 580 2951 636 basi
2981 580 3347 652 dogmatum.

2000 667 2242 722 Pellitur
2272 685 2408 740 ergo
2441 671 2578 725 sede
2601 670 2827 740 judicio
2862 670 3085 741 iniquo.

2000 761 2306 827 propterea
2336 759 2490 828 quod
2527 776 2626 829 pro
2660 763 2815 814 recto
2858 760 3145 830 pugnaret
3174 758 3467 829 dogmate,

2000 850 2173 916 atque
2209 846 2263 899 in
2298 853 2641 902 extraneum
2669 849 3010 917 deportatur
3040 846 3257 914 solum,

2000 940 2312 1007 postquam
2348 941 2611 1006 pastores
2644 937 2818 1009 primi
2851 941 3057 992 contra
3090 937 3412 993 innocuum

2000 1024 2387 1095 depositionis
2419 1024 2677 1081 tulerant
2707 1026 3084 1081 sententiam.

2005 1112 2146 1167 Post
2175 1113 2332 1168 hunc
2364 1119 2653 1169 remotum
2686 1130 2912 1170 summo
2944 1114 3361 1184 gubernaculo,

1996 1201 2252 1258 Joannes
2284 1202 2525 1274 quidam
2557 1208 2942 1274 cognomento
2974 1207 3197 1259 Vcccus

1998 1292 2279 1347 suffectus
2310 1297 2417 1359 est,
2453 1292 2823 1348 consentiens
2856 1309 2988 1347 curn
3024 1292 3268 1357 Latinis,

1998 1380 2418 1453 chartophylax
2449 1380 2713 1436 Ecclesiae
2746 1399 2811 1437 ac
2844 1381 3039 1447 levita,

1994 1469 2085 1523 vir
2112 1486 2253 1524 sane
2284 1470 2522 1540 sapiens
2556 1475 2612 1524 et
2642 1469 2856 1525 litteris
2885 1471 3233 1525 innutritus.

1997 1557 2105 1611 Sed
2141 1556 2295 1611 hunc
2325 1556 2583 1612 Ecclesia
2614 1558 2840 1630 pepulit
2869 1558 3128 1613 ﬁdelium
3164 1558 3323 1614 zelus

1996 1652 2051 1700 et
2078 1646 2155 1717 pii
2190 1646 2488 1716 regnantis
2505 1652 2701 1713 nutus
2736 1647 3069 1712 Andronici,

1997 1740 2060 1789 ut
2094 1735 2426 1791 Latinarum
2459 1736 2717 1807 partium
2744 1736 3110 1803 studiosum;

1991 1827 2047 1879 et
2077 1841 2244 1879 suam
2279 1825 2494 1897 recepit
2523 1825 2862 1881 cathedram
2894 1824 3204 1895 Josephus.

1994 1914 2116 1978 Quo
2148 1914 2474 1985 deponcnte
2505 1932 2639 1970 cum
2670 1914 2860 1969 ofﬁcio
2890 1914 3092 1978 vitam,

1992 2002 2306 2075 Gregorius
2339 2004 2574 2074 sapiens
2603 2004 2690 2059 vir
2715 2004 3003 2059 oriundus
3034 2002 3219 2075 Cypro

1991 2090 2267 2146 alumnus
2295 2092 2716 2162 doctrinarum,
2750 2108 3055 2148 musarum
3090 2108 3210 2159 ara,

1992 2182 2061 2234 ad
2098 2180 2819 2254 patriarchazzdignitatem
2848 2182 3024 2237 venit.

1990 2271 2097 2326 Hic
2131 2272 2335 2343 patriis
2368 2271 2593 2326 laribus
2628 2272 2932 2343 patrioque
2962 2271 3087 2327 solo

1984 2360 2109 2429 jam
2144 2360 2342 2428 indaga
2372 2362 2588 2415 teneris
2620 2359 2895 2414 exsulans
2923 2358 3284 2432 unguiculis,

1992 2448 2485 2505 addiscendarum
2521 2450 2771 2520 cupidus
2800 2448 3250 2520 disciplinarum

1993 2538 2264 2610 migravit
2294 2538 2625 2610 inquilinus
2655 2536 3222 2608 Constantinopolim
3262 2552 3275 2590 :

1992 2628 2090 2682 ubi
2121 2644 2184 2682 se
2215 2628 2431 2683 studiis
2460 2628 2699 2682 tradens
2731 2626 3171 2699 impensissime

1993 2732 2272 2788 magnum
2306 2716 2600 2787 sapientiae
2634 2716 2923 2787 congessit
2955 2716 3299 2771 thesaurum
3333 2732 3346 2769 :

1992 2807 2148 2860 unde
2178 2806 2446 2875 regnanti
2478 2805 2688 2861 Caesari
2716 2806 2781 2860 ﬁt
2811 2805 3105 2877 cognitus,

1992 2894 2464 2968 adscribiturque
2496 2894 2648 2951 clero
2680 2894 2963 2966 palatino,

1991 2989 2048 3039 et
2075 2985 2427 3054 Byzantinus
2456 2985 2707 3054 denique
2737 2988 2967 3038 creatur
2997 2980 3232 3053 praesul,

1994 3071 2266 3127 monachi
2297 3071 2539 3127 adscitis
2567 3076 2761 3137 antea,
2793 3075 2857 3124 ut
2889 3086 3016 3125 mos
3046 3073 3155 3137 est,
3189 3069 3472 3125 vestibus.

1998 3163 2111 3216 Hoc
2141 3166 2337 3215 autem
2370 3165 2578 3232 sponte
2609 3159 2890 3215 honorem
2924 3160 3276 3230 deponente,

1989 3255 2197 3306 sancta
2225 3249 2583 3305 Athanasius
2614 3249 2853 3305 veniens
2884 3248 3202 3304 solitudine

1990 3339 2280 3396 asceticus
2309 3343 2366 3394 et
2396 3339 2700 3411 presbyter
2728 3338 2881 3393 inter
2912 3338 3252 3403 monachos,

1991 3430 2407 3502 magnanimus
2439 3429 2543 3496 vir,
2579 3427 2844 3482 laborum
2882 3426 3372 3500 patientissimus,

1990 3517 2203 3590 praesul
2238 3517 2524 3589 processit
2557 3517 2720 3571 urbis
2753 3518 3103 3589 Byzantinze.

1989 3607 2107 3663 Hoc
2138 3608 2277 3662 item
2311 3622 2538 3662 sacram
2570 3606 2879 3660 abdicante
2910 3606 3132 3671 sedem,

1988 3697 2076 3751 vir
2107 3697 2240 3767 pius
2268 3696 2525 3751 Joannes
2556 3694 2865 3750 sanctitate
2898 3692 3151 3766 fulgens,

1990 3786 2269 3853 affabilis,
2300 3784 2680 3855 tranquillus,
2711 3784 2998 3838 virtutum
3030 3783 3264 3853 cinnus,

1991 3873 2337 3947 presbyterii
2369 3874 2546 3929 decus
2578 3871 2757 3928 simul
2790 3877 2845 3928 et
2877 3871 3287 3939 monacbatus,

1990 3966 2252 4035 apprime
2282 3967 2475 4018 tamen
2508 3962 2668 4017 dives
2702 3960 3181 4025 mansuetudine,

1989 4054 2163 4123 digne
2194 4056 2500 4106 assecutus
2532 4056 2621 4104 est
2652 4051 2889 4105 honoris
2922 4048 3172 4120 apicem.

1988 4142 2091 4197 Hic
2121 4140 2406 4195 oriundus
2441 4138 2707 4211 partibus
2740 4137 3103 4193 Mesembria!

1988 4229 2214 4301 nuptiis
2245 4244 2479 4299 quoque
2509 4228 2569 4282 in
2599 4225 2811 4282 seculo
2842 4226 3161 4282 contractis

1987 4317 2234 4375 masculi
2266 4316 2371 4372 ﬁlii
2400 4316 2581 4372 edidit
2610 4315 2947 4389 progegiem
2981 4332 2994 4371 :

244 4524 325 4604 lici
376 4530 794 4604 praestiterunt,
826 4531 1102 4604 princeps
1132 4530 1371 4602 quidem
1407 4533 1611 4589 merito
1643 4538 1699 4589 et
1741 4533 1876 4588 infi-
1908 4521 1956 4582 D
1988 4551 2120 4589 cum
2153 4533 2416 4588 Romana
2457 4531 2712 4587 Ecclesia
2755 4530 2992 4604 scriptis
3040 4530 3403 4604 doctissimis
3433 4532 3634 4604 defen-

243 4601 352 4677 nita
380 4600 1103 4677 docirina‘Allatius,_tu‘m
1137 4600 1447 4677 Arcadius.
1473 4604 1875 4677 Caryophilus,

245 4669 461 4755 Paleas,
484 4674 921 4755 Papadqpulus,
948 4675 1501 4755 Baronius,‘Nata_lis
1531 4669 1873 4755 Ales-under;

244 4739 544 4828 Ecquinius
567 4739 655 4828 'in
688 4739 928 4828 dissert,
960 4751 1018 4801 et
1067 4739 1344 4828 panopl.,_
1361 4746 1577 4828 aliique
1607 4739 1871 4828 piurimi:

244 4811 745 4890 De'defensoribus
774 4817 1011 4888 quidem
1062 4811 1278 4873 Graecis
1320 4811 1544 4890 leges-is
1593 4811 1874 4875 Allatium

245 4883 549 4966 desynod.
604 4883 814 4966 Ephes3
853 4904 977 4959 cap.
1012 4905 1154 4966 LVII,
1181 4883 1507 4966 p._371.iEx
1535 4890 1872 4966 iis_autem,

245 4960 331 5024 qui
358 4963 497 5014 tunc
540 4960 913 5033 concordiam
948 4976 1083 5033 cum
1132 4960 1352 5016 Latinis
1384 4962 1779 5033 dogmatibus,
1813 4964 1871 5019 id

243 5034 319 5081 est
344 5044 471 5084 cum
505 5030 856 5085 orthodoxia
885 5032 1021 5086 tuiti
1054 5038 1217 5099 sunt,
1243 5034 1391 5088 duos
1423 5030 1749 5089 memorare
1779 5051 1875 5089 sa-

244 5100 309 5177 tis
335 5106 455 5177 e_st_;
504 5117 760 5177 quorum
811 5104 1453 5177 primusii‘iicephorus
1492 5104 1873 5177 Blemmyda,

245 5169 305 5247 ab
345 5169 671 5247 prrsEmio
716 5169 917 5247 nostro
967 5191 1019 5228 ν.
1052 5169 1380 5247 8939.ἐᾳιι.
1415 5176 1627 5232 eximia
1676 5169 1871 5244 laude,

244 5244 503 5321 tanquam
536 5245 843 5316 sapientiae
871 5245 1234 5321 coryphaeus
1256 5244 1317 5303 et
1343 5244 1751 5319 'patriarcbatu
1784 5250 1870 5303 di-

241 5314 569 5393 gnissimus,
607 5314 1159 5393 exornatusi'alter
1203 5314 1458 5393 Joannes
1490 5323 1732 5393 Vaccus,
1767 5337 1866 5375 cu—

237 5386 323 5458 jus
350 5386 480 5458 item
515 5388 808 5458 sapientia
837 5388 908 5443 ab
939 5388 1265 5458 Ephraamio
1286 5407 1341 5445 ν.
1368 5392 1541 5446 10346
1572 5391 1867 5458 laudatur,

244 5456 327 5544 qui
347 5456 520 5544 llectis
550 5456 900 5544 Biemrnydaa
929 5456 1219 5544 scriptis.
1241 5479 1274 5516 a
1322 5462 1640 5544 schismate
1670 5464 1739 5544 ad
1772 5456 1868 5544 of

244 5528 558 5606 thcdoxiam
588 5528 860 5606 transiit,_
883 5535 963 5606 u_t_
978 5532 1062 5588 ait
1077 5528 1473 5606 'Pacbymeres
1506 5534 1645 5591 bist.
1678 5535 1747 5603 V,
1780 5537 1866 5604 15,

243 5599 684 5667 patriarcbatum
751 5602 1037 5664 catholico
1100 5599 1315 5679 gessit,
1374 5599 1869 5681 concordiamque

1987 4606 2091 4671 dit,
2126 4611 2182 4659 et
2207 4622 2393 4675 usque
2434 4604 2503 4659 ad
2542 4619 2829 4659 carcerem
2860 4603 3205 4675 obitumque
3237 4603 3496 4658 retinuit.
3531 4603 3633 4659 Le-

1986 4678 2142 4747 gesis
2176 4674 2334 4731 Vecdi
2387 4680 2803 4731 testamentum
2848 4675 3003 4746 apud
3033 4674 3314 4730 Allatium
3347 4675 3444 4731 Gr.
3477 4674 3631 4733 orth.

2054 4765 2131 4901 (15
2149 4765 2452 4901 ίίίίιῗιίῖυω
2483 4817 2854 4901 Annd‘ronicus
2885 4816 2957 4886 Il,
2979 4833 3114 4901 cum
3142 4833 3388 4901 regnum
3422 4817 3631 4901 adiret,

1984 4891 2053 4946 ad
2108 4889 2161 4945 id
2219 4895 2456 4945 coactus
2514 4890 2624 4944 fuit
2685 4889 2934 4944 factione
2988 4889 3523 4961 schismaticorum,
3568 4896 3635 4947 ut

1983 4961 2229 5017 historia
2261 4961 2573 5017 notissima
2608 4962 2807 5015 tradit.

2053 5033 2129 5104 (5)
2163 5034 2307 5088 Hinc
2364 5050 2553 5105 usque
2610 5034 2680 5087 ad
2736 5049 2789 5086 ν.
2854 5032 3028 5087 10363
3083 5031 3269 5105 edidit
3312 5032 3629 5088 versiculos

1981 5104 2233 5176 Allaiius
2282 5107 2340 5159 in
2385 5104 2478 5176 op.
2512 5107 2584 5160 De
2611 5121 2757 5159 cons.
2794 5121 2848 5175 p.
2880 5106 3006 5165 776,
3041 5105 3182 5176 etin
3217 5104 3630 5176 dissertatione

1983 5174 2508 5257 de.Georgiis,.ijbi
2558 5176 2679 5257 agit
2732 5174 2807 5257 de
2856 5174 3474 5257 patriarcha‘Gecrgio
3513 5179 3627 5257 _Cy-

2024 5244 2129 5314 rio,
2163 5244 2267 5318 qui
2294 5246 2509 5302 dicitur
2554 5244 2729 5301 etiam
2763 5246 3097 5318 Gregorius.
3130 5244 3409 5318 Allatius:
3430 5244 3625 5318 autem

2024 5263 2129 5314 rio,
2163 5264 2263 5318 qui
2294 5263 2509 5302 dicitur
2554 5263 2729 5301 etiam
2763 5263 3097 5318 Gregorius.
3130 5263 3381 5302 [manus
3430 5263 3625 5300 antem

1980 5263 2229 5444 Egebat,
2256 5336 2354 5376 seu
2388 5324 2540 5373 certe
2571 5318 2799 5383 edebat,
2821 5337 2926 5371 που
2958 5336 3061 5390 pro
3090 5320 3277 5385 nw,'et
3309 5314 3492 5375 ἰνδοὺς
3526 5331 3628 5386 pro

2006 5410 2038 5443 κ
2076 5410 2194 5444 ους.

2006 5410 2194 5450 κοους.

2049 5464 2127 5534 (6)
2165 5461 2511 5534 Lequiniusi
2533 5460 2693 5534 dicit
2725 5460 3043 5534 oriundum
3075 5458 3354 5534 sozopoli.
3377 5456 3622 5534 V_Verum

1979 5526 2231 5616 nti-aque
2259 5526 2411 5616 urbe
2461 5531 2805 5616 Mesembria
2835 5536 2895 5616 et
2919 5526 3239 5616 S-ozopolnis'
3266 5527 3516 5616 pertinet
3546 5526 3617 5583 ad

1979 5602 2480 5675 Haemimontium,
2514 5620 2617 5660 nec
2646 5602 2811 5659 valde
2840 5603 3059 5659 distant
3087 5602 3240 5657 inter
3266 5614 3350 5656 se.
