4034 6200
243 296 351 352 379
1458 292 1830 348 EPHREMII
1865 285 2436 343 CHRONOGRAPHI
3541 273 3671 331 380

244 425 453 496 sponte
485 420 728 476 dimisso
760 421 961 490 postea
986 416 1282 490 coujugio,

1915 413 1971 479 Α
2210 406 2382 465 Ἐκών
2414 427 2474 462 τε
2501 405 2678 461 λιπὼν
2709 409 2957 481 γαμετῆς
2985 401 3287 470 συνοικίαν,

245 491 404 569 diam
436 509 816 566 asceticorum
849 507 1026 562 vitam
1063 506 1315 579 praetulit
1349 523 1362 562 :

2206 496 2524 568 Ἀσκητικὸν
2559 492 2880 568 προῦκρινεν
2914 491 3094 556 ἔνθεον
3131 491 3270 566 βίον·
3349 509 3352 513 ·

245 602 305 658 in
339 617 452 670 quo
482 598 612 653 vita;
645 596 942 667 proposito
974 596 1074 650 diu
1108 597 1451 668 persistens,

2207 588 2535 648 Ἐνστάσεως
2567 584 2658 641 οὖν
2693 582 3108 657 συμπροϊούσης
3147 580 3271 656 βίῳ,

245 669 497 760 denique
528 702 687 741 nove
721 685 919 740 Romae
949 686 1013 739 fit
1045 685 1398 757 patriarcha.

2207 678 2427 749 Ῥώμης
2459 674 2680 750 ἐδείχθη
2713 674 3068 749 πατριάρχης
3093 677 3193 740 τῆς
3220 669 3363 732 νέας.

244 778 354 832 Sed
392 781 702 848 postquam
735 780 946 846 sponte
973 775 1022 830 is
1051 775 1225 830 etiam
1259 775 1486 830 dimisit
1515 773 1754 845 pedum,

1995 768 2171 824 40365
2208 766 2414 821 Τούτου
2447 763 2492 820 δ’
2524 765 2744 826 ἑκόντος
2775 761 3145 823 ἀπολιπόντος
3173 760 3389 836 θρόνον,

243 865 460 920 iterum
494 865 852 920 Athanasius
882 865 953 919 ad
989 864 1181 920 sedem
1215 865 1374 920 venit
1405 879 1418 918 :

2210 853 2380 910 Πάλιν
2416 856 2733 918 Ἀθανάσιος
2765 850 2894 927 ἔσχε
2923 852 3014 906 τὸν
3044 849 3257 922 θρόνον·

244 955 402 1028 quod
435 970 564 1010 cum
601 954 652 1008 is
687 971 893 1009 rursus
928 955 1154 1025 pondus
1191 953 1533 1023 iastidisset,

2209 944 2314 1004 Καὶ
2342 943 2500 999 τόνδε
2532 941 2746 998 λοιπὼν
2772 942 2927 1005 αὖθις
2970 938 3368 1012 ἀπειπαμένου,

244 1044 433 1116 Cyzici
465 1043 698 1116 Niphon
733 1042 1059 1098 translatus
1087 1043 1322 1098 dioecesi

2207 1035 2498 1090 Μιταθέσει
2531 1031 2773 1088 δὲδεικτο
2804 1029 3039 1100 Κυζίκου
3070 1029 3259 1106 Νίφων

247 1134 512 1206 reginam
549 1133 779 1188 urbium
817 1132 964 1188 rexit
986 1132 1341 1204 patriarcha;

2207 1130 2314 1194 Τῆς
2351 1119 2636 1199 βασιλίδος
2664 1122 2865 1176 ἄστεων
2901 1117 3223 1194 ἀρχιθύτης’

247 1223 333 1278 vir
367 1222 746 1292 monachalis,
779 1223 954 1277 rebus
987 1222 1229 1293 agendis
1265 1238 1461 1294 sagax,

1999 1218 2174 1274 10370
2213 1215 2375 1287 ’Λνήρ
2411 1211 2672 1288 μοναχὸς,
2707 1209 2968 1285 ἀγχίνους
2998 1206 3052 1262 ἐν
3075 1204 3386 1282 πρακτέοις,

251 1311 547 1367 communi
581 1310 816 1381 quidem
848 1327 1053 1382 expers
1082 1311 1430 1379 eruditione,

2213 1299 2555 1365 [Ιαιδεύσεως
2588 1301 2682 1375 μὶν
2713 1297 2882 1368 ἀδαὴς
2913 1295 3224 1374 ἐγκυκλίου,

250 1403 352 1456 sed
386 1400 644 1471 prudens
677 1417 871 1455 rerum
904 1381 961 1456 et
992 1399 1238 1455 afﬂuens
1271 1400 1526 1471 ingenio,

2212 1387 2526 1463 Ἐπήϐολος
2559 1387 2617 1444 δὲ
2644 1388 2735 1444 καὶ
2765 1391 2973 1467 φρενῶν
3005 1381 3415 1458 πεπλησμένας,

249 1489 515 1544 Berrboaa
546 1494 721 1544 natus
750 1488 1008 1544 occiduis
1040 1489 1098 1542 in
1132 1489 1487 1560 regionibus,

2059 1537 2061 1539 ,
2213 1481 2472 1557 Βὲῤῥοιαν
2505 1479 2691 1554 αὐχῶν
2723 1480 2823 1546 τὴν
2855 1474 3079 1546 δυτικήν
3108 1472 3363 1548 πατρίδα,

248 1576 426 1633 lauris
462 1577 808 1649 praepositus
838 1577 898 1631 in
929 1577 1156 1632 Athone
1188 1581 1404 1643 monte,

2214 1573 2428 1648 Λαύρας
2456 1568 2689 1643 ὑπάρξας
2713 1567 3024 1642 προστάτης
3054 1571 3155 1634 τῆς
3182 1565 3298 1619 κατ’
3323 1565 3491 1628 Ἄθω·

251 1666 620 1738 metropolita
652 1669 851 1737 postea
884 1665 1072 1720 factus
1102 1666 1312 1738 Cyzici,

1999 1665 2174 1720 10375
2216 1662 2345 1718 Εἶτα
2365 1661 2596 1730 κατέστη
2629 1657 3016 1730 ποιμενάρχης
3043 1653 3282 1723 Κυζίκου

247 1757 500 1826 denique
534 1755 722 1810 tenuit
756 1755 1012 1824 pontifex
1039 1755 1623 1826 Constantinopolim.

1923 1765 1968 1830 Β
2213 1752 2315 1809 Καὶ
2346 1749 2693 1826 πατριάρχης
2721 1744 2889 1817 τῆσδε
2920 1743 3347 1800 Κωνσταντίνου.

247 1849 465 1900 Verum
498 1849 554 1900 et
583 1843 679 1899 hic
708 1843 902 1899 libello
936 1845 1211 1899 honorem
1244 1845 1498 1901 abdicat.

2209 1838 2373 1898 Τοῢδ’
2406 1839 2646 1916 ἰγγραφῇ
2675 1835 2734 1892 δὲ
2762 1840 2939 1891 θῶκον
2973 1835 3367 1906 ἀπειπαμένου,

244 1936 505 1991 Joannes
536 1937 730 1989 autem
765 1938 1146 2006 cognomento
1187 1933 1362 2006 Glyca

2213 1929 2464 2000 Ἰωάννης
2489 1949 2572 1990 τις
2605 1928 2634 1982 ὁ
2664 1925 2872 1988 Γλυκὺς
2903 1923 2962 1980 δὲ
2987 1922 3291 1992 τούπίκλην

246 2024 336 2078 vir
365 2023 715 2089 senatorius,
747 2026 805 2077 et
833 2039 1043 2078 cursus
1077 2022 1396 2094 logotheta,

2215 2017 2590 2094 Συγκλητικός
2617 2037 2676 2071 τε
2706 2014 2796 2069 καὶ
2826 2014 3123 2089 λογοθὲτης
3155 2010 3385 2088 δρόμου,

246 2113 617 2185 optimatium
650 2113 721 2167 de
752 2129 995 2168 numero
1027 2116 1084 2167 et
1112 2112 1517 2179 doctissimus,

2003 2112 2176 2168 10380
2214 2112 2311 2172 Εἷς
2343 2107 2416 2162 ὢν
2444 2106 2679 2183 ἀρίστων
2710 2105 2799 2159 καὶ
2835 2106 3021 2181 σοφῶν
3055 2100 3238 2176 Λόγων
3271 2097 3438 2175 ἴδρις,

247 2201 446 2273 populi
479 2217 712 2256 sacrum
747 2200 1124 2272 praesidatum
1161 2201 1324 2257 adiit.

2214 2197 2515 2273 Χειρίζεται
2546 2193 2613 2264 δὴ
2645 2195 2744 2263 τήν
2777 2191 2890 2248 λεὼ
2918 2190 3246 2268 προστασίαν

249 2293 373 2355 Quo
405 2289 748 2360 dignitetem
782 2290 1001 2361 pariter
1031 2291 1362 2358 abdicante,

2217 2288 2316 2342 Καὶ
2344 2282 2494 2340 τοῦδ’
2523 2284 2732 2358 ὁμοίως
2767 2286 2944 2347 θῶκον
2976 2279 3374 2352 ἀπειπαμένου,

252 2377 594 2434 Gerasimus
619 2378 706 2432 vir
737 2379 1101 2435 monasticus
1132 2397 1198 2434 ac
1231 2382 1552 2454 presbyter,

2217 2376 2516 2453 Γεράσιμός
2547 2396 2629 2437 τις
2659 2373 2750 2429 καὶ
2777 2372 3020 2448 μοναχὸς
3049 2370 3141 2426 καὶ
3173 2370 3360 2442 θύτης,

252 2468 353 2539 qui
386 2466 752 2538 Philadelphi
784 2467 843 2521 in
876 2469 1020 2522 urbe
1050 2475 1224 2525 natus
1255 2469 1461 2538 fuerat,

2218 2467 2386 2523 Πόλιν
2420 2463 2824 2541 Φιλαδέλφειαν
2857 2462 3045 2538 αὐχῶν
3068 2457 3325 2537 πατρίδα,

253 2559 310 2611 et
337 2555 767 2611 Sosandrorum
799 2560 1026 2611 rexerat
1055 2559 1505 2629 monasterium,

2007 2561 2182 2618 10385
2217 2563 2403 2626 Μονῆς
2433 2555 2710 2631 προεστὼς
2737 2551 3087 2630 χρηματίσας
3119 2547 3487 2626 Σωσάνδρων,

255 2644 662 2717 pontiﬁcatum
699 2644 887 2699 tenuit
918 2645 1190 2717 Byzantii.

2220 2645 2514 2724 Προεδρίαν
2547 2645 2742 2724 εἷ’ληφε
2769 2651 2870 2712 τῆς
2900 2642 3335 2700 Κωνσταντίνου.

255 2737 518 2806 Cumque
549 2734 641 2790 hic
673 2734 731 2788 in
765 2736 901 2791 sede
932 2740 1203 2791 mortuus
1235 2736 1462 2808 fuisset,

2217 2737 2431 2796 Τούτου
2459 2737 2521 2792 τὸ
2557 2737 2709 2811 βιοῦν
2737 2735 2788 2790 ἓν
2823 2734 2999 2810 θρόνῳ
3028 2731 3385 2801 λελοιπότος,

256 2824 584 2880 monachus
616 2824 801 2881 Isaias
836 2825 1047 2896 pietate
1078 2825 1332 2899 insignis

2220 2829 2386 2902 Ἀνὴρ
2424 2827 2667 2902 μοναχὸς
2697 2819 2938 2892 εὐλαϐὴς
2971 2821 3195 2884 Ἠσαίας

255 2914 573 2985 benignus,
605 2916 992 2983 venerandus,
1029 2917 1334 2974 modestus
1363 2935 1556 2988 senex,

2223 2925 2422 2996 Πρᾶος,
2450 2919 2678 2996 γεραρὸς
2707 2917 2798 2972 καὶ
2823 2914 3200 2993 ταπεινόφρων
3231 2915 3430 2991 γέρων,

254 3003 509 3059 natalem
545 3003 767 3060 habens
797 3009 1010 3061 terram
1044 3006 1285 3078 Epirum
1317 3012 1596 3080 veterem,

2010 3013 2183 3069 10390
2222 3009 2396 3072 Κλέος
2431 3012 2714 3083 μοναστῶν
2736 3011 2843 3062 τῶν
2882 3005 3146 3082 βιούντων
3171 3005 3289 3060 κατ’
3318 3005 3491 3077 Ἀθω,

250 3091 476 3148 Athone
510 3093 568 3146 in
601 3099 801 3150 monte
829 3095 1252 3152 monachorum
1285 3097 1493 3169 gloria,

1929 3140 1972 3208 α
2223 3103 2486 3175 ’Ἤπειρον
2515 3097 2701 3174 αὐχῶν
2733 3093 2968 3173 πατρίδα
2998 3093 3346 3170 παλαιτὲραν,

2223 3188 2287 3208 σει,
2355 3189 2409 3208 ΠΙ
2528 3189 2542 3204 π
2600 3189 2614 3208 Ι
2758 3207 2767 3208 κ
2818 3206 2868 3208 7-
2916 3183 3210 3208 ,_A,__----I_-_

255 3181 688 3253 patriarchatus
719 3183 913 3257 attigit
942 3201 1246 3242 summum
1281 3186 1526 3259 apicem.

2223 3188 2321 3252 Εἰς
2353 3189 2488 3263 ὕψος
2519 3189 2777 3259 ἆνήνεκτο
2807 3183 3233 3259 ποιμεναρχίας.

324 3360 400 3428 ('7)
433 3361 752 3447 Habet‘hos
795 3381 1000 3447 versus
1026 3368 1096 3423 de
1127 3369 1303 3441 Glyca
1333 3369 1584 3426 Allatius
1633 3371 1693 3428 in
1743 3373 1885 3430 diss.
1921 3375 1993 3430 de
2025 3373 2288 3447 Georgiis
2319 3390 2375 3445 p.
2406 3371 2511 3427 638
2544 3371 2658 3444 (ed.
2692 3368 2945 3438 Fabric.)
2975 3367 3078 3424 ubi
3127 3363 3525 3438 Ephremium
3559 3379 3678 3419 no-

253 3435 442 3487 strum
474 3433 731 3504 appellat
757 3439 1108 3493 monachum.

276 3630 2162 3660 W—
2184 3655 2428 3660 7#

3376 3640 3444 3658 :3;
3447 3640 3668 3658 7—7
3653 3640 3662 3641 ⁷⁷

1628 3812 1786 3859 ANNO
1829 3813 2037 3860 DOMINI
2079 3815 2194 3860 MCC
2204 3816 2282 3860 XX

1076 4000 2920 4207 THEOLEPTUS'

467 4346 2114 4481 PHILADELPHIENSIS
2234 4358 3436 4483 METROPOLITA

1719 4755 2181 4844 NOTITIA

1033 4923 1374 5000 (Φιλοκαλία
1402 4934 1509 4986 τῶν
1543 4931 1703 5004 ἱερῶν
1732 4935 2031 5003 νηπτικῶν.
2064 4933 2304 4992 Venetis
2341 4933 2481 4990 1782
2510 4933 2608 4990 fol.

1290 4926 1374 4983 λία
1402 4934 1509 4986 τῶν
1543 4931 1703 5004 ἱερῶν
1732 4935 2031 5003 νηπτικῶν.
2064 4933 2304 4992 Venetis
2341 4933 2481 4990 1782
2510 4933 2608 4990 fol.
2643 4950 2698 5007 p.
2732 4934 2883 5005 855.)

319 5269 675 5344 Theoleptus
708 5272 807 5328 ille
829 5289 1081 5344 magnus
1107 5277 1163 5328 et
1192 5274 1789 5346 Philadelphiensium
1825 5276 1906 5331 lu-

2086 5275 2405 5346 Θεόληπτος
2460 5278 2487 5331 ὁ
2541 5277 2705 5352 μέγας
2756 5270 2925 5336 ὅντως
2972 5281 3072 5343 τῆς
3104 5271 3509 5352 Φιλαδελφείας
3561 5299 3679 5354 φω-

252 5376 408 5428 mcn,
441 5367 722 5434 regnanto
754 5363 1085 5420 Andronico
1124 5362 1579 5436 Palwologorum
1620 5369 1836 5422 secund

2081 5367 2197 5440 ἦρ,
2259 5363 2475 5440 ἤκμασε
2536 5365 2630 5438 μὲν
2688 5363 2774 5419 ἐπὶ
2849 5360 3199 5432 Ἀνδρονίκου
3258 5368 3358 5417 τοῦ
3418 5362 3674 5441 δευτέρου

246 5449 402 5505 circa
420 5468 639 5506 annum
661 5451 1045 5506 millesimum
1064 5454 1432 5509 trecentesim
1445 5473 1473 5508 u
1486 5473 1538 5510 m
1556 5455 1833 5512 vicesimo

2078 5479 2116 5510 ιν
2151 5453 2569 5530 Παλαιολόγων,
2602 5453 2726 5529 περί
2755 5475 2860 5510 που
2892 5454 2952 5509 τὸ
3010 5452 3296 5530 χιλιοστὸν
3355 5475 3671 5530 τριακοσιο-

252 5538 526 5607 quintum
559 5539 776 5594 ﬂoruit.
806 5541 1286 5596 Anachoreticam
1321 5543 1510 5613 primo
1534 5545 1708 5600 vitam
1737 5547 1845 5600 dux

2077 5547 2134 5600 ὸν
2166 5545 2407 5600 εἷ’κοστὸν
2441 5545 2689 5617 πέμπτον
2718 5541 2855 5605 ἔτος.
2917 5544 3004 5599 Ἐν
3046 5539 3104 5598 δὲ
3133 5547 3214 5616 τῶ
3240 5546 3340 5609 τῆς
3371 5544 3669 5618 ἁγιότητος

249 5627 309 5682 in
331 5627 526 5685 Monte
554 5632 798 5699 Sancto;
823 5628 1032 5688 deinde
1061 5629 1666 5705 Philadelphiensium
1699 5635 1842 5693 cathi

2078 5656 2122 5692 ει
2151 5635 2242 5691 τὸν
2278 5634 2695 5712 ἆναχωρητικὸν
2727 5636 2948 5708 πρῶτον
2995 5632 3235 5705 ἀσκήσας
3285 5633 3426 5709 βίον,
3475 5633 3669 5691 κάκεῖ-
