4034 6200
217 314 315 370 381

1151 322 1250 374 DE
1288 319 1737 375 ABSCONDITA
1773 320 2240 377 OPERATIONE
2278 323 2353 374 IN
2388 321 2701 377 CHRISTO

3523 317 3630 374 382

220 439 301 491 θεν
354 432 540 492 ἔπειτα
594 439 692 505 τὴν
757 444 857 508 τῆς
916 436 1318 518 Φιλαδελφείας
1382 438 1671 517 προεδρίαν
1740 442 1867 496 ἀνα-

1980 444 2147 499 dram
2176 443 2440 514 suscepit
2469 446 2526 497 et
2570 442 3153 514 przsclarissimarum
3201 443 3625 521 doctrinarum,

224 524 530 598 δεξάμενος,
579 530 911 601 καθηγεμὼν
956 529 1047 583 καὶ
1106 531 1467 605 μυσταγωγὸς
1515 535 1619 585 τῶν
1670 530 1862 587 καλλί-

224 635 353 669 στων
387 615 725 689 μαθημάτων
756 622 855 671 τοῦ
903 617 1057 693 ἁγίου
1104 620 1416 695 Γρηγορίου
1458 624 1553 674 τοῦ
1602 627 1872 675 Θεσσαλο-

221 704 371 774 νίκης
420 704 755 768 καθίσταται.
806 708 920 775 Τήν
968 728 1025 762 τε
1054 709 1154 784 γάρ
1204 708 1351 785 ἱερὰν
1400 712 1584 783 νῆῲιν,
1631 711 1718 764 καὶ
1771 711 1867 779 τὴν

220 794 402 867 νοεράν
478 793 681 849 ἐκεῖνον
753 794 1180 872 ἐμυσταγώγησε
1250 800 1564 874 προσευχὴν
1600 842 1615 870 ,
1666 794 1743 854 ἔτι
1816 798 1867 854 έν

221 888 331 945 τοῖς
360 889 654 957 κοσμικοῖς
700 888 1052 961 τεταγμένον,
1084 888 1160 950 ὡς
1208 887 1258 941 έν
1308 892 1389 959 τῷ
1439 882 1544 960 ϐίῳ
1583 892 1679 942 τοῦ
1709 887 1871 942 αὐτοῦ

227 973 531 1048 Γρηγορίου
570 977 650 1045 τῷ
680 974 785 1029 ὑπὸ
818 974 1092 1040 Φιλοθέου
1122 978 1469 1053 πατριάρχου
1518 978 1871 1056 συγγραφέντι

222 1061 383 1137 ἐμφέρ
392 1082 530 1120 εται.

297 1153 357 1207 Ὀ
392 1148 451 1205 δὲ
484 1153 670 1229 παρὼν
708 1151 1099 1231 ιριλοπονηθεὶς
1128 1155 1278 1228 αὐτῷ
1300 1154 1492 1231 λόγος,
1523 1155 1871 1218 ὑποτύπωσις

222 1237 539 1314 ῶνάρίστη,
593 1241 685 1296 καὶ
739 1244 915 1296 κανών
978 1239 1211 1319 ἀκριϐὴς
1266 1247 1366 1313 τῆς
1414 1244 1467 1299 ἐν
1518 1248 1738 1321 Χριστῷ
1785 1266 1872 1300 κε-

218 1330 538 1403 κρυμμένης
598 1328 857 1404 μελέτης,
913 1333 1047 1405 μετᾶ
1101 1338 1212 1387 τῶν
1274 1335 1654 1407 συνεπομένων
1727 1334 1876 1407 αὐτῷ

222 1418 530 1495 κεφαλαίων
570 1466 585 1489 ,
643 1423 884 1493 νοήμασι
958 1423 1125 1486 θείοις
1183 1424 1274 1477 καὶ
1332 1424 1661 1498 καθαρότητι
1738 1420 1875 1497 φρά-

223 1529 349 1569 σεως
408 1508 486 1572 εἷς
545 1510 607 1564 τὸ
668 1507 885 1585 ἄριστον
937 1513 1379 1585 συντεθειμένων,
1416 1510 1523 1567 ὧδε
1584 1513 1716 1586 μετὰ
1769 1518 1874 1567 τῶν

223 1596 429 1653 λοιπῶν
466 1598 945 1673 συνηρμόσθησαν.
989 1603 1256 1677 Χρήσιμα
1291 1602 1412 1677 γὰρ,
1449 1601 1596 1679 εἷ’περ
1628 1624 1679 1657 τι
1712 1600 1876 1671 ἄλλο,

220 1689 305 1743 καὶ
361 1688 625 1766 ἀξιόλογα
673 1695 789 1752 τοῖς
847 1690 898 1744 έν
954 1693 1153 1767 βραχεῖ
1204 1691 1460 1764 συλλέξαι
1521 1692 1877 1749 ἐσπουδακόσι

221 1784 317 1847 τῆς
346 1784 727 1853 πνευματικῆς
759 1780 1086 1859 φιλοσοφίας
1113 1782 1175 1836 τὸ
1208 1782 1465 1860 θεόσοιρον
1504 1782 1753 1857 μάθημα.

1982 547 2129 601 quas
2161 535 2400 586 sanctus
2458 531 2773 603 Gregorius
2832 530 3377 588 Thessalonicensis
3431 541 3633 604 postea

1975 619 2236 686 tradidit,
2273 620 2553 690 magister
2613 620 2722 675 fuit
2773 623 2949 690 atque
3007 620 3331 675 institutor.
3384 625 3629 680 Sacrum

1977 710 2131 765 enim
2159 710 2452 780 jejunium
2485 715 2541 764 et
2573 708 2935 780 spiritualem
2964 710 3285 765 orationem
3318 711 3628 783 docuitju-

1976 816 2178 855 venem
2214 800 2405 855 adhuc
2438 799 2492 853 in
2530 800 2742 855 saeculo
2775 801 3104 871 degentem,
3138 801 3221 854 uti
3254 800 3311 855 in
3359 802 3623 872 ejusdem

1978 887 2379 958 GregoriiVita
2422 886 2985 958 describitur,quam
3013 886 3354 943 Philotheus
3372 888 3622 960 patriar-

1978 975 2089 1031 cha
2115 976 2387 1032 exaravit.

2054 1159 2312 1214 Praesens
2344 1161 2537 1213 autem
2572 1158 2643 1212 ab
2676 1157 2800 1229 ipso
2850 1158 3148 1212 confectus
3179 1162 3268 1212 est
3314 1162 3619 1213 tractatus.

1981 1249 2311 1320 Peroptime
2343 1247 2745 1304 absconditam
2775 1246 2832 1301 in
2866 1246 3098 1302 Christo
3129 1246 3309 1301 vitam
3344 1247 3626 1302 describit

1982 1342 2039 1392 et
2069 1337 2302 1409 regulas
2337 1337 2512 1392 tradit
2560 1336 2878 1407 exquisitas
2906 1352 2918 1389 :
2950 1337 3398 1406 subsequuntur
3440 1335 3632 1406 capita

1983 1427 2247 1497 quaedam
2282 1442 2407 1496 quas
2441 1424 2660 1481 sanctis
2696 1424 2999 1496 prazceptis
3039 1428 3094 1479 et
3126 1423 3417 1478 sermonis
3448 1422 3634 1477 asccsi

1983 1517 2205 1587 optime
2234 1532 2365 1570 cum
2397 1514 2640 1585 reliquis
2671 1515 3014 1585 procedunt.
3048 1518 3181 1566 Haec
3214 1514 3467 1568 maxime
3498 1515 3637 1565 sunt

1984 1605 2154 1659 utilia
2184 1608 2239 1659 et
2271 1604 2525 1675 pretiosa
2558 1602 2921 1673 hominibus,
2956 1602 3055 1673 qui
3089 1600 3419 1673 spiritualis
3442 1598 3633 1672 philo-

1987 1694 2205 1766 sophia:
2236 1693 2639 1748 institutiones
2672 1690 2838 1763 quasi
2872 1691 2927 1744 in
2962 1690 3307 1760 compendio
3363 1688 3633 1746 collectas

1986 1783 2315 1855 inquirunt.

1203 2135 2674 2312 ΘΕΟΛΗΠΤΟΥ

905 2436 1915 2535 ΜΗΤΡΟΠΟΛΙΤΟΥ
2014 2435 2948 2533 ΦΙΛΑΔΕΛΦΕΙΑΣ

1806 2614 2037 2670 ΛΟΓΟΣ

221 2739 342 2790 ΤΗΝ
382 2739 478 2798 EN
527 2742 785 2797 ΧΡΙΣΤΩ
845 2741 1172 2798 ΚΡΥΠΤΗΝ
1227 2742 1569 2797 ΕΥΓΑΣΙΔΝ
1629 2742 2008 2809 ΔΙΑΣΑΦΩΝ,
2050 2741 2167 2796 ΚΑΙ
2210 2738 2543 2795 ΔΕΙΚΝΥΩΝ
2586 2742 2673 2792 EN
2712 2737 2972 2793 BPAXEI
3028 2736 3161 2793 ΤΟΥ
3218 2734 3629 2793 ΜΟΝΑΔΙΚΟΥ

1392 2832 1486 2887 EII
1508 2832 1964 2887 \I‘I‘EAMATOE
2018 2830 2165 2885 ΤΟΜ
2218 2828 2460 2885 ΚΟΠΟΝ

1252 3174 2610 3341 THEOLEPTI

716 3433 2101 3530 PHILADELPHIENSIUM
2186 3429 3135 3529 METROPOLIT/E

1709 3601 2128 3657 TRACTATUS

217 3730 310 3789 DE
364 3732 875 3793 ABSCONDITA
935 3731 1451 3792 OPERATIONE
1506 3732 1595 3792 IN
1654 3732 1991 3792 CHRISTO
2066 3732 2165 3793 ET
2250 3730 2670 3793 PROFECTU
2742 3729 2817 3790 ΙΝ

2898 3727 3083 3791 VITA
3161 3725 3624 3789 MONASTICA.

276 4044 347 4099 Τὸ
403 4039 706 4115 μοναδικὸν
758 4039 1081 4119 ἐπάγγελμα
1130 4041 1350 4120 δένδρον
1403 4044 1544 4099 ἐστὶν
1591 4042 1858 4119 ὑψίκομόν

2042 4046 2363 4102 Monastica
2393 4046 2708 4113 institutio,
2745 4044 2915 4117 quasi
2975 4044 3151 4100 arbor
3208 4042 3501 4099 altissima
3550 4061 3612 4102 es

206 4152 260 4187 τι
285 4132 371 4187 καὶ
417 4133 825 4207 γονιμώτατον,
859 4134 957 4188 οὒκ
1005 4132 1125 4209 ῥίζα
1157 4134 1274 4206 μὶν,
1308 4136 1342 4203 ἠ
1374 4138 1481 4189 τῶν
1532 4140 1855 4207 σωματικῶν

208 4222 409 4276 πάντων
460 4220 854 4295 ἀλλοτρίωσις,
906 4220 1099 4277 κλάδοι
1157 4221 1233 4292 δὲ,
1266 4225 1301 4293 ἡ
1343 4224 1713 4299 ἀπροσπάοεια
1758 4232 1860 4293 τῆς

207 4313 410 4386 ψυχῆς,
454 4312 551 4365 καὶ
601 4313 663 4365 τὸ
726 4309 998 4385 μηδεμίαν
1050 4312 1237 4387 σχέσιν
1296 4313 1431 4389 πρὸς
1493 4314 1559 4367 τὰ
1614 4316 1860 4388 πράγμα-

204 4420 283 4468 τα,
314 4402 387 4455 ὧν
434 4402 538 4470 τήν
590 4402 762 4477 φυγὴν
805 4400 1124 4473 ἐποιήσατο,
1174 4399 1341 4478 ἔχειν·
1392 4402 1600 4479 καρπὸς
1646 4400 1704 4458 δὲ
1749 4408 1856 4458 τῶν

207 4488 402 4563 ἀρετῶν
453 4492 493 4559 ἡ
542 4497 757 4560 κτῆσις,
816 4490 905 4545 καὶ
953 4492 987 4560 ἡ
1038 4492 1291 4553 θεοποιὸς
1343 4492 1551 4566 ἀγάπη,
1597 4492 1685 4547 καὶ
1734 4495 1767 4561 ἡ
1803 4492 1862 4547 ἐκ

205 4578 404 4634 τούτων
452 4580 531 4652 μὴ
567 4577 972 4653 διακοπτομένη
1014 4579 1338 4656 εὐφροσύνη.
1376 4582 1439 4638 Ὀ
1478 4583 1687 4657 καρπὸς
1733 4584 1857 4657 γὰρ,

210 4668 374 4744 φησὶ,
432 4672 535 4722 τοῦ
592 4667 907 4739 Πνεύματός
955 4668 1099 4724 ἐστιν
1152 4668 1356 4744 ἀγάπη,
1417 4670 1581 4745 χαρὰ,
1644 4670 1859 4742 εἰρήνη,

208 4758 290 4810 καὶ
319 4758 385 4811 τὰ
414 4758 560 4830 ἑξῆς.
594 4758 658 4812 Ἡ
705 4760 803 4811 τοῦ
849 4759 1061 4830 κόσμου
1110 4760 1250 4835 φυγὴ
1300 4761 1400 4828 τὴν
1445 4760 1582 4834 πρὸς
1630 4761 1858 4835 Χριστὸν

208 4848 519 4922 καταφυγὴν
580 4844 885 4920 χαρίζεται.
948 4846 1161 4919 Κόσμον
1206 4844 1263 4902 δὲ
1316 4849 1464 4922 Λέγω
1520 4850 1619 4918 τήν
1670 4847 1857 4926 φιλίαν

206 4939 307 4989 τῶν
352 4936 630 5005 αἰσθητῶν
674 4934 1013 5009 πραγμάτων
1064 4936 1155 4991 καὶ
1204 4935 1421 5009 σαρκός.
1455 4938 1511 4989 Ὀ
1550 4936 1609 4991 ἐκ
1649 4937 1858 4993 τούτων

208 5022 670 5100 ἀλλοτριούμενος
721 5024 775 5079 έν
824 5023 1101 5100 ἐπιγνόσει
1150 5033 1248 5097 τῆς
1300 5027 1582 5097 ἀληθείας,
1625 5027 1857 5082 οἶκειοῦ-

206 5132 285 5166 ται
330 5118 409 5185 τῷ
458 5118 698 5189 Χριστῷ,
746 5114 1024 5187 κτώμενος
1060 5116 1158 5184 τὴν
1194 5116 1410 5191 ἀγάπην
1462 5114 1647 5185 αὐτοῦ,
1682 5114 1752 5171 δι’
1791 5115 1856 5185 ἢν

204 5204 403 5257 ἅπαντα
434 5204 503 5257 τά
530 5207 630 5258 τοῦ
675 5201 890 5275 κόσμου
938 5203 1439 5278 ἀποποιησάμενος,
1493 5205 1584 5259 τὸν
1628 5203 1856 5260 πολύτι-

206 5312 297 5361 μον
352 5292 703 5367 μαργαρίτην
732 5336 746 5362 ,
795 5294 1061 5366 Χριστὸν,
1108 5295 1443 5366 ἐξωνησατο.
1490 5296 1722 5368 Χριστὸν
1774 5294 1855 5349 ἐν·

1970 4140 2146 4208 atque
2179 4136 2578 4202 fertilissima;
2611 4134 2806 4190 radice
2847 4151 2955 4189 sua
2986 4133 3202 4189 recedit
3234 4150 3267 4188 a
3297 4133 3626 4203 corporali-

1968 4227 2100 4292 bus,
2118 4225 2297 4281 ramis
2316 4230 2510 4281 autem
2533 4225 2602 4281 ab
2619 4224 2923 4280 affectibus
2944 4223 3249 4290 animas,et
3266 4220 3426 4277 nullo
3455 4224 3629 4279 modo

1969 4316 2146 4371 rebus
2176 4315 2433 4371 adbazret
2465 4313 2681 4386 quibus
2742 4330 2805 4368 se
2850 4311 3160 4367 subtraxit.
3195 4311 3443 4366 Fructus
3488 4328 3626 4367 vero

1971 4404 2198 4459 arboris
2222 4405 2503 4459 virtutum
2531 4402 2862 4472 acquisitio,
2886 4403 3091 4457 divina;
3123 4400 3395 4457 videlicet
3418 4400 3621 4457 chari-

1970 4494 2106 4550 tatis
2136 4499 2192 4549 et
2222 4492 2434 4547 lautitiae
2466 4508 2772 4564 nunquam
2804 4491 3151 4547 deﬁcientis.
3174 4490 3403 4546 Dicitur
3424 4490 3578 4544 enim
3609 4506 3622 4545 :

1969 4584 2222 4657 Spiritus
2256 4586 2453 4657 fruges
2484 4588 2623 4639 sunt
2653 4581 3399 4653 charitas,gaudium,pax,
3421 4579 3628 4635 etreli-

1970 4691 2104 4745 qua.
2140 4672 2247 4738 Qui
2279 4673 2427 4745 fugit
2456 4690 2486 4727 a
2518 4670 2731 4728 saeculo
2762 4672 2834 4728 ad
2857 4670 3157 4726 Christum
3181 4669 3483 4743 confugit;
3511 4685 3623 4725 saa-

1971 4762 2170 4819 culum
2204 4762 2331 4817 dico
2362 4761 2832 4833 conjunctionem
2863 4776 2997 4815 cum
3028 4760 3205 4816 rebus
3233 4757 3621 4814 sensibilibus

1971 4856 2029 4907 et
2052 4852 2246 4906 carnis
2280 4866 2560 4907 amorem.
2596 4850 2656 4905 Si
2690 4849 2822 4921 quis
2872 4848 3131 4905 veritatis
3185 4846 3516 4920 cognitione
3546 4848 3619 4903 ab

1970 4938 2061 4995 his
2093 4938 2322 4993 alienus
2353 4942 2462 5005 est,
2490 4938 2793 4993 habitatin
2816 4937 3071 5002 Christo,
3096 4936 3225 5007 ejus
3256 4952 3513 4992 amorem
3538 4936 3617 4991 si-

1968 5028 2024 5082 bi
2054 5028 2431 5099 comparavit,
2456 5044 2571 5099 quo
2600 5028 2796 5083 omnia
2827 5026 3033 5081 mundi
3066 5026 3277 5097 abjecit
3308 5030 3365 5082 et
3394 5026 3614 5097 pretio-

1969 5135 2095 5174 sam
2116 5118 2259 5173 emit
2282 5118 2686 5189 margaritam,
2707 5116 3006 5173 Christum
3034 5115 3363 5171 Dominum.
3389 5120 3497 5170 Per
3520 5132 3612 5169 sa-

1968 5206 2219 5261 lutarem
2254 5208 2614 5277 baptismum
2649 5206 2945 5262 Christum
2980 5205 3226 5261 induisti
3277 5210 3333 5260 et
3376 5221 3608 5259 omnem

1967 5295 2405 5351 immunditiam
2432 5296 2693 5365 abjecisti
2718 5295 2911 5350 divina
2933 5294 3309 5361 lustratione;
3332 5292 3609 5364 spiritua-

202 5377 406 5436 δέδυσαι
467 5379 557 5436 διὰ
612 5386 711 5435 τοῦ
770 5382 1044 5456 σωτηρίου
1101 5383 1509 5459 βαπτίσματος,
1571 5379 1887 5475 ἐιπιϐοἱλου⁴

1976 5385 2260 5456 Iisgratias
2290 5385 2660 5454 splendorem
2696 5384 3004 5456 reportasti
3034 5388 3091 5438 et
3114 5382 3420 5438 creationis
3454 5380 3613 5436 nobi-

201 5469 285 5524 τὸν
333 5469 502 5546 ῥυπον
537 5468 627 5525 διὰ
678 5474 775 5525 τοῦ
824 5472 970 5526 θειου
1020 5472 1277 5546 λουτροῦ’
1325 5475 1424 5541 τῆς
1484 5468 1887 5547 πνευματικῇς¹

1987 5475 2211 5530 itatem.
2247 5478 2345 5528 Ast
2376 5473 2514 5546 quid
2539 5474 2777 5529 evenit?
2808 5490 2907 5529 seu
2944 5473 3140 5543 potius
3174 5472 3311 5544 quid
3347 5471 3522 5525 homo
3544 5485 3613 5524 cx

203 5558 422 5632 χάριτος
478 5560 579 5630 τὴν
637 5558 1005 5637 λαμπρότητα
1052 5559 1296 5635 ἐκομίσω
1330 5607 1343 5631 ,
1391 5561 1479 5616 καὶ
1545 5563 1643 5632 τὴν
1694 5562 1846 5638 εὖγε-

1960 5564 2457 5620 inconsiderantia
2487 5580 2596 5619 sua
2624 5580 2837 5635 passus
2890 5562 3026 5618 est?
3054 5565 3298 5631 Propter
3343 5574 3602 5614 amorem

201 5665 334 5703 νιιαν
384 5653 487 5720 τῆς
534 5646 807 5714 πλάσεως·
860 5647 1005 5707 ἀλλᾶ
1050 5649 1103 5705 τί
1147 5650 1370 5729 γέγονε;
1419 5649 1745 5729 μᾶλλονδὲ
1791 5652 1844 5708 τί

1976 5670 2131 5711 suum
2164 5654 2233 5709 ad
2266 5653 2562 5709 mundana
2590 5651 2923 5708 immutavit
2944 5651 3002 5706 in
3033 5666 3096 5706 se
3125 5649 3480 5705 lineamenta
3509 5647 3602 5705 di-
