4034 6200
350 277 458 334 383

1497 271 1901 329 ΤΗΕΟΙΕΡΤῙ
1939 277 2640 333 PHILADELPHIENBIS

3659 273 3778 328 384

349 403 486 460 vina
506 405 562 459 et
591 403 827 474 propter
848 397 1116 452 affectum
1141 395 1434 451 carnalem
1459 395 1773 468 imaginem
1794 399 1998 471 deper-

2121 399 2389 463 πέπονθεν
2434 401 2462 454 ὁ
2513 397 2796 475 ἄνθρωπος
2836 395 2886 470 ἐξ
2919 365 3219 465 ἀϐουλίας;
3253 397 3350 452 Διὰ
3376 399 3477 466 τῆς
3516 399 3657 474 πρὸς
3683 401 3776 456 τὸν

356 493 542 550 didit:
592 491 928 563 passionum
982 485 1214 540 turbine
1265 486 1613 542 obscuratus
1661 491 1748 542 est
1799 488 2007 544 animai

348 584 573 646 oculus,
601 595 774 649 quem
793 576 1083 645 Christus,
1101 574 1186 629 sol
1203 575 1528 646 sapientiaz,
1550 576 2002 636 illuminaverat.

346 672 434 726 Tu
471 672 666 724 autem
698 665 895 721 divino
928 668 1182 719 tremore
1216 680 1556 734 percussam
1609 665 1868 720 animam
1903 666 2006 721 ha-

343 761 444 814 bes
470 774 484 812 :
512 757 688 826 hujus
720 754 875 810 enim
905 754 1111 808 mundi
1136 754 1575 810 vicissitudines
1598 756 2005 812 considerasti.

347 851 405 902 et
435 845 652 900 mentis
684 843 1102 899 distractiones
1149 841 1490 898 intellexisti
1539 844 1826 899 versantia
1858 844 2010 900 inter

350 935 867 1008 perturbationes;
901 949 1017 1004 quo
1051 932 1369 989 vanissimo
1407 932 1585 1002 hujus
1632 933 1764 989 vitae
1811 935 2006 992 studio

354 1025 829 1096 circumagantur
853 1022 1124 1077 homines
1181 1023 1423 1093 propius
1478 1022 1760 1079 intuendo
1799 1025 2005 1082 vulne-

352 1119 512 1170 ratos
542 1131 610 1169 ex
635 1111 835 1186 jaculo
865 1115 922 1168 et
955 1111 1023 1167 ad
1048 1109 1540 1182 tranquillitatem
1564 1115 1619 1167 te
1642 1113 2002 1170 convertisti.

355 1203 568 1260 Mentis
599 1207 658 1258 et
686 1202 1111 1274 cogitationum
1167 1201 1424 1272 quietem
1478 1200 1845 1269 desiderasti,
1877 1220 2004 1258 ver-

350 1293 492 1348 bum
520 1292 676 1348 enim
701 1289 969 1346 audieras
996 1308 1008 1345 :
1035 1313 1062 1339 «
1089 1290 1323 1360 Inquire
1351 1305 1552 1360 pacem
1579 1294 1634 1344 et
1656 1307 2003 1362 persequere

353 1397 482 1438 eam
515 1384 555 1434 ί.
587 1402 615 1430 ››
649 1379 1039 1451 Refrigerium
1071 1380 1175 1433 tibi
1209 1379 1360 1433 inter
1390 1383 1522 1432 vota
1580 1379 1712 1446 fuit,
1745 1396 1878 1435 cum
1931 1381 2004 1436 le-

265 1459 267 1462 d
355 1471 546 1542 gisses
604 1487 617 1524 :
669 1491 697 1519 «
754 1470 1110 1535 Convertere,
1170 1467 1370 1522 anima
1428 1483 1578 1535 mea,
1631 1467 1689 1522 in
1744 1469 2001 1540 requiem

354 1564 516 1614 tuam
549 1559 589 1613 ‘-'.
625 1580 653 1607 ››
685 1557 867 1620 Quam
901 1557 1082 1628 igitur
1115 1555 1172 1610 in
1207 1555 1563 1627 baptismate
1594 1557 1865 1628 recepisti
1899 1575 1998 1614 n0-

353 1648 644 1703 bilitatem
681 1645 980 1716 intelligis,
1015 1649 1271 1699 mentem
1305 1661 1338 1699 a
1369 1645 1747 1701 saecularibus
1779 1648 1999 1703 deside-

350 1824 623 1880 tationes.
658 1825 736 1878 Ad
772 1823 984 1878 mentis
1015 1839 1164 1892 opus
1198 1822 1621 1893 perficiendum
1676 1823 1871 1878 aulam
1906 1825 1995 1880 in-

349 1913 564 1983 troisti,
598 1912 886 1984 pretiosas
917 1911 1158 1966 induisti
1193 1911 1547 1982 paenitentia:
1580 1917 1787 1982 vestes,
1821 1918 1880 1970 et
1909 1931 1998 1984 ge-

351 2017 555 2057 nerose
581 1999 795 2071 jurasti
826 2001 894 2055 ad
930 2005 1177 2056 mortem
1225 2017 1412 2072 usque
1443 2002 1501 2055 in
1554 2003 1910 2057 monasterio
1943 2009 1998 2058 te

353 2095 864 2162 perseveraturum
925 2104 1078 2146 esse.
1138 2089 1472 2145 Secundum
1533 2090 1657 2161 jam
1726 2091 1997 2162 adjiciam

348 2177 818 2248 incitamentum,
855 2177 1008 2248 quod
1042 2177 1108 2232 ad
1141 2177 1317 2232 ﬁnem
1350 2177 1529 2249 hujus
1568 2180 1695 2234 vitae
1753 2181 1994 2250 tendat;

355 2265 609 2336 primum
643 2268 797 2320 enim
829 2269 1173 2337 prazsentem
1206 2265 1382 2320 vitam
1439 2273 1792 2338 respexerat.
1830 2269 1996 2324 Initio

352 2359 592 2426 propter
623 2353 894 2426 pietatem
929 2355 1227 2410 accessisti
1261 2356 1330 2410 ad
1364 2356 1864 2425 Cbristum,nunc
1895 2375 1999 2414 au-

352 2448 469 2498 tem
506 2459 608 2514 per
637 2459 917 2498 sensuum
949 2445 1389 2500 conversionem
1444 2447 1818 2520 conjungeris
1864 2465 1997 2504 cum

350 2531 611 2598 Christo;
637 2531 716 2586 ibi
736 2531 985 2603 gratiam
1009 2532 1304 2600 invenisti,
1321 2534 1413 2589 hic
1426 2535 1842 2607 obligationem
1867 2554 1999 2593 con-

349 2620 579 2674 traxisti
603 2637 616 2686 ;
645 2624 785 2673 tunc
820 2620 1022 2689 junior
1041 2637 1170 2675 eras
1200 2627 1256 2675 et
1285 2629 1620 2693 susceptam
1653 2626 1995 2697 dignitatem

355 2708 661 2782 ignorasti,
694 2707 804 2763 etsi
852 2712 1056 2780 postea
1113 2710 1300 2779 major
1349 2712 1604 2766 evaseris
1655 2719 1712 2768 et
1768 2716 1996 2771 noveris

350 2797 484 2853 doni
513 2796 763 2868 pretium
798 2801 972 2868 atque
1012 2798 1096 2852 ori
1130 2798 1356 2853 frenum
1418 2799 1806 2873 imposueris;
1841 2821 1997 2860 nunc

357 2890 550 2941 autem
577 2885 635 2939 in
669 2885 922 2956 perfecta
952 2891 1073 2941 stas
1106 2887 1572 2945 consideratione
1601 2897 1658 2946 et
1685 2892 1801 2946 vim
1834 2892 1998 2948 insti-

351 2974 598 3029 tutionis
630 2979 988 3046 perspectam
1022 2975 1222 3032 habes.
1257 2977 1406 3033 Vide
1464 2995 1535 3034 ne
1588 2984 1807 3037 statum
1838 2981 1996 3038 hunc

349 3062 549 3127 laedas,
582 3067 638 3117 et
670 3063 1169 3134 quemadmodum
1204 3082 1304 3120 vas
1335 3068 1574 3124 omnino
1613 3070 1991 3141 perfractum,

350 3132 770 3224 projiciarisin
801 3152 1071 3208 tenebras
1093 3155 1427 3222 exteriores,
1451 3156 1550 3210 ubi
1585 3132 1675 3212 est
1719 3157 1912 3214 luctus
1940 3132 1996 3215 et
2026 3132 2070 3200 ο

355 3241 574 3296 stridor
602 3240 1145 3308 dentium;etenim
1192 3247 1351 3299 extra
1408 3245 1761 3316 poenitentiae
1817 3247 1993 3317 viam,

353 3327 516 3384 nulla
548 3329 723 3384 datur
742 3329 974 3401 semita,
999 3347 1125 3402 que
1149 3332 1218 3386 ad
1245 3331 1488 3388 salutem
1514 3337 1824 3391 conducat.
1851 3339 1993 3393 Audi

349 3417 532 3472 David
588 3417 912 3474 dicentem:
949 3441 975 3468 ‹‹
1021 3420 1081 3473 In
1139 3419 1441 3477 Altissimo
1498 3439 1647 3494 pone
1703 3427 1993 3500 refugium

346 3506 593 3561 tuum’l
621 3528 649 3556 »
681 3507 890 3562 deinde
920 3507 970 3563 si
997 3509 1403 3566 contristatam
1437 3511 1493 3566 in
1525 3513 1758 3570 Christo
1815 3516 1996 3574 vitam

349 3596 769 3666 assumpseris.
801 3597 871 3650 ad
899 3602 952 3651 te
1004 3613 1307 3669 nunquam
1357 3603 1636 3658 accedent
1666 3603 1840 3674 mala,
1873 3623 1997 3675 quae

345 3699 414 3764 ei:
445 3683 708 3739 saeculari
767 3685 1205 3742 conversatione
1259 3695 1587 3761 emergunt.
1621 3691 1760 3748 Cum
1813 3693 1999 3764 poeni-

345 3759 541 3829 tentiae
564 3772 720 3827 viam
744 3775 1139 3846 persequaris,
1161 3793 1275 3832 non
1299 3782 1354 3833 te
1380 3779 1752 3836 insectabunt
1799 3799 1931 3838 reru
1950 3799 1996 3838 r.

348 3862 584 3932 cupido,
618 3878 722 3916 nec
752 3862 994 3932 deliciae,
1026 3881 1130 3920 nec
1152 3865 1424 3933 honores,
1450 3885 1554 3924 nec
1576 3869 1775 3926 formae
1804 3871 1998 3928 cultus

351 3965 540 4020 neque
571 3965 852 4006 sensuum
888 3952 1311 4010 incontinentia
1336 3974 1350 4026 ;
1377 3957 1479 4011 tibi
1509 3959 1737 4015 obvium
1768 3977 1880 4015 non
1905 3962 2000 4015 de-

351 4039 588 4093 venient
618 4038 837 4111 iniquze
859 4041 1100 4113 spiritus
1124 4043 1425 4111 elationes,
1441 4050 1649 4103 mentis
1667 4050 1996 4122 captivitas,

348 4142 632 4183 vanarum
672 4131 1091 4202 cogitationum
1155 4135 1478 4204 conﬂictus,
1515 4155 1618 4194 nec
1676 4139 1786 4195 alia
1842 4158 1996 4212 qua:-

353 4230 585 4287 cunque
617 4215 944 4274 voluntaria
975 4220 1218 4277 rationis
1249 4225 1540 4294 perversio
1563 4227 1680 4283 sive
1709 4230 1997 4302 confusio;

348 4310 408 4362 te
465 4312 796 4378 parentum,
832 4311 1100 4383 fratrum,
1149 4315 1621 4386 conjunctorum,
1674 4321 1995 4378 amicorum

350 4399 410 4452 et
441 4401 868 4454 coaetaneorum
910 4401 1177 4457 amicitiis
1229 4421 1342 4460 non
1396 4409 1779 4479 perturbant;
1813 4427 2000 4484 neque

2113 484 2319 564 κόσμον
2353 487 2542 564 φιλίας
2565 487 2849 559 ἠλλοίωσε
2876 485 3004 550 τοὺς
3055 488 3230 551 θείους
3277 490 3655 563 χαρακτῆρας,
3688 488 3781 546 διὰ

2112 585 2215 646 τῆς
2257 578 2395 653 πρὸς
2441 581 2539 648 τήν
2593 577 2761 653 σάρκα
2811 575 3144 649 συμπαθείας
3191 575 3471 652 ἡχρείωσε
3499 578 3598 647 τὴν
3631 579 3779 634 εἰκός

2112 688 2198 723 να.
2253 669 2288 735 ἡ
2335 665 2513 742 ἀχλὺς
2558 672 2666 722 τῶν
2719 666 2977 740 ἐμπαθῶν
3030 662 3320 740 λογισμῶν
3366 665 3666 740 ἠμαύρωσε
3714 670 3778 724 τὸ

2111 762 2210 824 τῆς
2257 759 2442 830 ψυχῆς
2494 754 2782 830 ἔσοπτρον,
2824 752 2895 810 δι’
2945 754 3006 808 οὗ
3037 754 3273 828 Χριστὸς
3305 756 3333 810 ὁ
3364 755 3559 825 νοητὸς
3609 757 3778 825 ἥλιος

2112 844 2478 922 ἐμφανίζεται.
2507 844 2582 898 Σὺ
2599 849 2679 916 τῷ
2701 846 2795 898 τοῦ
2826 847 2960 898 Θεοῦ
2983 837 3140 920 φόϐῳ
3169 844 3268 913 τήν
3297 845 3484 918 ψυχὴν
3513 845 3781 918 παθήλω.

2112 955 2230 1005 σας,
2262 933 2500 1009 ἐπέγνως
2527 934 2619 988 τὸν
2654 933 2958 1005 σκοτασμὸν
2998 939 3098 1002 τῆς
3141 940 3416 1005 κοσμικῆς
3451 934 3782 1008 ἀνωμαλίας

2109 1030 2346 1092 συνῆκας
2393 1023 2486 1078 τὸν
2539 1022 2599 1077 ἐκ
2642 1027 2750 1077 τῶν
2797 1017 3046 1096 θορύϐων
3114 1023 3478 1098 συναγόμενον
3542 1028 3612 1100 τῇ
3659 1023 3778 1081 δια-

2109 1111 2228 1184 νοίᾳ
2271 1111 2633 1188 σκορπισμόν·
2687 1112 2931 1185 ἑώρακας
2978 1110 3069 1166 τὸν
3123 1109 3182 1166 ἐκ
3222 1115 3321 1166 τοῦ
3369 1112 3779 1192 πολυταράχου

2114 1203 2233 1279 βίου
2299 1207 2637 1258 συναντῶντα
2679 1207 2795 1263 τοῖς
2843 1201 3156 1278 ἀνθρώποις
3219 1201 3445 1275 μάταιον
3504 1225 3782 1281 περισπα-

2111 1293 2271 1366 σμόν’
2305 1291 2549 1368 ὀτρώθης
2580 1296 2660 1364 τῷ
2695 1289 2844 1368 βέλει
2889 1287 2986 1346 τοῦ
3023 1289 3161 1345 κατᾶ
3205 1292 3304 1360 τὴν
3337 1293 3575 1367 ἡσυχίαν
3627 1292 3779 1369 ἔρω-

2107 1399 2221 1443 τος·
2284 1380 2551 1452 ἐζήτησας
2587 1381 2687 1449 τήν
2749 1380 2974 1455 εἰρήνην
3029 1383 3136 1434 τῶν
3197 1378 3510 1456 λογισμῶν
3573 1380 3780 1456 ἔμαθες

2107 1470 2232 1544 γάρ·
2291 1495 2310 1521 ι
2348 1471 2593 1540 Εήτησον
2650 1468 2904 1543 εἰρήνην,
2953 1469 3043 1522 καὶ
3093 1466 3283 1540 δίωξον
3336 1469 3527 1540 αὐτήν.
3563 1494 3591 1521 ››
3639 1472 3777 1526 ἐπό-

2109 1569 2276 1629 θησας
2331 1558 2430 1626 τὴν
2511 1557 2706 1612 ἐκεῖθεν
2784 1557 3079 1612 ἀνάπαυσιν
3117 1601 3131 1627 ,
3202 1555 3388 1628 ἐπειδὴ
3475 1557 3722 1629 ἤκουσας
3757 1581 3771 1593 ο

2057 1660 2062 1664 “
2108 1671 2136 1698 ι(
2171 1645 2553 1722 Ἐπίστρεψον,
2599 1649 2750 1721 ψυχή
2807 1667 2935 1719 μου,
2984 1645 3062 1710 εἲς
3097 1653 3196 1716 τῆν
3246 1647 3540 1704 ἀνάπαυσίν
3585 1672 3707 1707 σου.
3739 1673 3772 1707 ι

354 1735 458 1790 riis
490 1751 726 1790 revocas
757 1739 813 1789 et
841 1733 1242 1788 indesinenter
1264 1733 1335 1788 ad
1369 1739 1602 1788 sanctas
1636 1736 1816 1790 refers
1839 1736 1997 1808 cogi-
2027 1766 2075 1830 Β

2107 1736 2204 1790 Διᾶ
2233 1740 2363 1811 γοῦν
2412 1741 2582 1791 ταῦτα
2624 1738 2714 1791 καὶ
2775 1735 3042 1807 διενοήσω
3091 1738 3189 1806 τήν
3233 1735 3524 1814 εόγένειαν,
3555 1739 3624 1810 ἣν
3657 1741 3774 1796 ἀπ-

2102 1822 2294 1887 έλαϐες
2343 1824 2394 1879 ἐν
2445 1830 2524 1898 τῷ
2571 1825 2905 1900 βαπτίσματι
2956 1827 3090 1881 κατὰ
3136 1828 3322 1901 χάριν,
3375 1823 3655 1884 ἀπεϐάλου
3712 1828 3776 1885 δὶ

2102 1914 2239 1969 κατὰ
2276 1937 2503 1990 γνωμην
2556 1913 2644 1970 διὰ
2685 1919 2792 1970 τῶν
2845 1917 3034 1970 παθῶν
3077 1914 3127 1970 έν
3168 1920 3249 1988 τῷ
3295 1916 3514 1990 κόσμῳ,
3559 1919 3771 1975 ἀνακα-

2104 2001 2356 2067 λέσασθαι
2390 2002 2584 2076 ἀμέλει
2633 2001 2721 2059 διὰ
2767 2005 2866 2073 τὴν
2915 2005 3116 2080 ἀγαθὴν
3166 2005 3422 2080 γνώμην·
3473 2007 3548 2068 εἷς
3597 2005 3769 2084 ἔργον

2103 2087 2352 2164 ἐξέϐαλες
2394 2097 2473 2164 τῷ
2519 2094 2650 2168 ἱερῷ
2697 2092 3100 2170 φροντιστηρίῳ
3146 2088 3507 2167 παραϐαλὼν,
3555 2097 3648 2151 καὶ
3697 2098 3774 2152 τὰ

2101 2187 2241 2255 τίμα
2275 2189 2374 2251 τῆς
2426 2184 2711 2255 μετανοίας
2751 2181 2928 2261 ἅμφια
2973 2177 3473 2257 περιϐαλλόμενος,
3514 2187 3602 2241 καὶ
3653 2189 3767 2256 τήν

2107 2272 2273 2346 μέχρι
2306 2273 2535 2326 θανάτου
2581 2273 2894 2345 καταμονήν
2946 2272 2996 2326 έν
3051 2277 3129 2344 τῷ
3177 2273 3530 2346 μοναστηρίῳ
3576 2275 3768 2350 ἐμψύ-

2104 2379 2219 2436 χως
2272 2358 2387 2434 [ἴς.
2445 2360 2738 2436 εὐψύχως]
2793 2359 3274 2437 ἒπαγγειλάμενος·
3343 2361 3591 2438 δευτέραν
3645 2364 3768 2438 ἤδη

2103 2453 2375 2520 συνθήκην
2427 2451 2563 2524 πρὸς
2613 2451 2741 2505 Θεὸν
2787 2449 3070 2521 ἐποιήσω,
3115 2452 3215 2520 τὴν
3266 2453 3491 2526 πρώτην
3542 2453 3621 2516 εἷς
3661 2456 3768 2510 τὸν

2101 2540 2345 2616 παρόντα
2405 2539 2522 2617 βίον
2569 2540 2996 2616 εἰσερχόμενος,
3053 2541 3152 2609 τὴν
3213 2538 3461 2616 δευτέραν
3512 2543 3648 2618 πρὸς
3701 2546 3770 2600 τὸ

2100 2628 2259 2691 τέλος
2302 2634 2400 2685 τοῦ
2449 2630 2718 2705 παρόντος
2773 2630 2894 2704 βίου
2943 2630 3316 2706 ἐπειγόμενος.
3348 2632 3484 2689 Τότε
3532 2630 3624 2688 διὰ
3660 2638 3774 2700 τῆς

2102 2713 2376 2781 εὐσεϐείας
2429 2723 2509 2792 τῷ
2568 2724 2787 2796 Χριστῷ
2861 2719 3250 2799 προσελήφθης
3284 2763 3298 2789 ,
3357 2725 3444 2775 νῦν
3515 2719 3605 2777 διὰ
3669 2743 3772 2795 μευ

2099 2809 2317 2870 τανοίας
2341 2809 2422 2881 τῷ
2474 2813 2690 2885 Χριστῷ
2732 2807 3183 2886 πφεπηριυόσθης⁸
3218 2809 3330 2864 ἐκεῖ
3375 2811 3538 2884 χάριν
3587 2809 3771 2885 εὗρες,

2102 2895 2209 2952 ὧδε
2258 2898 2440 2974 χρέως
2498 2897 2737 2962 συνέθου·
2817 2898 2940 2953 τότε
2996 2898 3316 2971 νηπιάζων,
3364 2904 3460 2953 τοῦ
3511 2896 3772 2964 δοθέντος

2103 3009 2189 3043 σοι
2236 2987 2543 3061 ἀξιώματος
2593 2987 2691 3043 ούκ
2745 2990 3040 3060 ἠσθάνθης,
3088 2987 3137 3044 εἲ
3185 2989 3274 3043 καὶ
3323 2989 3542 3065 ὕστερον
3589 2990 3769 3063 αὐξη-

2103 3079 2212 3141 θεὶς
2248 3079 2310 3132 τὸ
2348 3078 2573 3154 μέγεθος
2601 3076 2773 3153 ἔγνως
2816 3085 2916 3148 τῆς
2950 3075 3182 3154 δωρεᾶς,
3233 3081 3320 3134 καὶ
3380 3079 3609 3154 χαλινὸν
3670 3080 3770 3136 ἰπὶ

2105 3167 2374 3241 στόματος
2431 3167 2629 3244 φέρεις·
2689 3172 2804 3235 νῦν,
2864 3165 2915 3222 ἐν
2969 3165 3166 3241 τελείῳ
3219 3171 3532 3242 φρονήματι
3580 3168 3771 3225 διατε-

2103 3256 2240 3325 λῶν,
2288 3259 2389 3326 τήν
2440 3254 2667 3331 δύναμιν
2715 3260 2812 3326 τῆς
2858 3261 3127 3332 συνταγῆς
3175 3257 3577 3333 ἐπιγινώσκεις.
3619 3261 3770 3332 Ὀρα

2107 3348 2184 3419 μὴ
2243 3346 2332 3400 καὶ
2388 3347 2590 3417 ταύτην
2659 3345 2922 3417 ἀθετήσας
2981 3347 3077 3414 τὴν
3138 3345 3458 3422 ὑπόσχεσιν,
3513 3346 3765 3424 καθάπερ

2103 3457 2154 3491 τι
2213 3440 2408 3497 σκεῦος
2465 3431 2744 3511 συντριϐὶν
2796 3434 3145 3512 ὁλοκλήρως,
3203 3437 3517 3514 ἀποῤῥιφῆς
3564 3443 3642 3501 εἷς
3698 3439 3770 3494 τὸ

2106 3525 2295 3587 σκότος
2351 3526 2412 3580 τὸ
2445 3523 2726 3600 ἐξώτερον,
2779 3523 2902 3580 ἔνθα
2932 3527 2959 3580 ὁ
2988 3524 3270 3599 κλαυθμὸς
3317 3528 3403 3583 καὶ
3447 3529 3475 3582 ὁ
3513 3528 3772 3602 βρυγμὸς

2103 3619 2211 3670 τῶν
2240 3613 2498 3669 ὀδόντων·
2535 3612 2666 3689 δίχα
2691 3616 2794 3690 γὰρ
2833 3622 2934 3684 τῆς
2978 3617 3113 3670 κατὰ
3157 3615 3256 3683 τήν
3311 3615 3598 3688 μετάνοιαν
3630 3613 3773 3671 ὁδοῦ

2106 3701 2252 3774 ἄλλη
2284 3699 2475 3780 τρίϐος
2507 3702 2847 3779 ἐπανάγουσα
2894 3704 3032 3781 πρὸς
3077 3704 3347 3779 σωτηρίαν
3393 3704 3457 3760 ὀύ
3505 3703 3774 3783 πέφυκεν.

2104 3794 2372 3848 ’Ἄκουσον
2405 3793 2457 3848 τί
2499 3814 2583 3848 σοι
2618 3787 2784 3848 Δαϐὶδ
2834 3791 3249 3869 ἐπαγγέλλεται·
3287 3819 3313 3846 ‹‹
3348 3793 3453 3851 Τὸν
3502 3796 3770 3867 Ὕψιστον

2107 3879 2230 3936 ἔθου
2261 3883 2612 3959 κατασφυγήν
2639 3903 2755 3954 σου,
2782 3905 2810 3934 ››
2841 3883 2928 3937 καὶ
2963 3883 3009 3937 εἰ
3032 3885 3130 3952 τήν
3161 3882 3296 3938 κατὰ
3321 3883 3552 3958 Χριστὸν
3581 3883 3778 3956 προεί-

2109 3969 2210 4025 λου
2239 3969 2610 4043 τεθλιμμένην
2648 3972 2812 4042 ζωὴν,
2842 3971 2904 4026 ού
2928 3969 3344 4049 προσελεύσεται
3373 3971 3515 4046 πρὸς
3544 3973 3604 4028 at
3622 3974 3775 4028 κακὰ

2105 4061 2172 4114 τα
2200 4058 2260 4114 ἐκ
2285 4065 2386 4129 τῆς
2415 4067 2688 4132 κοσμικῆς
2719 4061 3059 4140 ἀναστροφῆς
3096 4059 3462 4136 προσδοθέντα
3493 4083 3599 4119 σοι.
3634 4063 3769 4139 Οὐχ

2107 4145 2292 4223 ἕψεταί
2353 4169 2436 4203 σοι
2501 4155 2780 4222 μετανοεῖν
2854 4149 3164 4226 αἱρουμένῳ
3223 4149 3359 4223 ἔρως
3427 4153 3772 4228 χρημάτων,

2106 4238 2308 4316 τρυφὴ,
2359 4238 2521 4309 τιμὴ,
2581 4237 3001 4313 καλλωπισμὸς,
3037 4241 3264 4316 ἀκρασία
3314 4239 3643 4312 αἰσθήσεων·
3697 4244 3772 4299 οὗ

2110 4323 2430 4400 διαμενοῦσι
2487 4326 2798 4403 παράνομοι
2866 4329 3144 4385 κατέναντί
3214 4351 3311 4385 σου
3390 4332 3773 4405 μετεωρισμοῖ

2110 4413 2370 4485 διανοίας,
2403 4414 2766 4492 αῗχμαλωσία
2796 4419 2942 4488 νοὸς,
2995 4419 3271 4495 χαύνωσις
3307 4417 3773 4492 ἀλλεπαλλήλων

351 4485 678 4559 defatigarit
707 4493 762 4543 te
792 4489 1140 4563 intempesta
1171 4499 1229 4549 et
1281 4494 1509 4553 inutilis
1557 4501 1892 4570 conjunctio
1942 4508 1998 4559 et

2107 4503 2406 4583 λογισμφν,
2588 4505 2734 4578 ’ἄλλη
2796 4485 2940 4562 πᾶσα
2997 4485 3242 4571 έκούσιος
3295 4485 3639 4585 παρατροπὴ.
3671 4496 3773 4566 καἶ

351 4575 775 4633 confabulatio.
809 4577 992 4642 Quam
1025 4581 1074 4636 si
1105 4584 1391 4641 amoveris
1422 4589 1682 4658 corporis
1714 4595 1770 4646 et
1789 4591 1999 4656 animae

349 4665 806 4737 separationem,
842 4685 1029 4741 neque
1059 4671 1276 4729 doloris
1334 4679 1706 4748 compunctio
1765 4682 2001 4737 accedet

351 4755 422 4810 ad
456 4755 715 4810 animam
749 4760 936 4828 tuam,
961 4773 1154 4832 neque
1175 4763 1700 4835 tristitiaejaculum
1719 4775 1998 4827 cortuum

350 4843 667 4916 confodiet,
701 4861 891 4919 neque
916 4849 1165 4920 dejectio
1189 4851 1562 4909 obnubilabit
1585 4856 1787 4913 faciem
1812 4864 1996 4917 tuam.

351 4932 460 4997 Qui
495 4949 557 4988 se
591 4951 624 4989 a
655 4936 942 5005 jucundis
999 4939 1304 4994 retrahunt
1361 4946 1886 5004 consuetudinibus
1941 4957 2000 5006 et

353 5038 580 5078 omnem
607 5025 872 5080 affectum
897 5027 964 5080 ad
988 5028 1264 5096 praedicta
1285 5029 1843 5102 depcnunt,ldoloris
1867 5054 2000 5094 acu-

351 5110 510 5166 mina
553 5113 933 5182 obtundunt;
967 5115 1236 5173 Christus
1280 5121 1642 5176 certantibus
1687 5124 1997 5182 animabus

348 5200 564 5268 adstat,
600 5203 1002 5275 gaudiumque
1061 5205 1355 5262 ineffabile
1395 5217 1448 5263 et
1498 5210 1800 5280 spirituale
1840 5217 1998 5271 cordi

349 5303 550 5344 eorum
585 5290 862 5358 infundit,
884 5293 1041 5348 itaut
1061 5310 1167 5350 nec
1189 5313 1222 5350 a
1245 5297 1421 5352 rebus
1441 5298 1620 5368 hujus
1641 5303 1845 5356 mundi
1870 5321 1998 5374 per-

347 5379 530 5449 gratis
551 5395 742 5450 neque
765 5380 1168 5453 afﬂigentibus
1191 5384 1472 5442 deviuciri
1510 5388 1760 5460 possint.
1785 5391 1998 5450 Sancta

417 5592 434 5628 ¹
472 5590 496 5647 Ι
528 5590 676 5649 Petr.
712 5609 751 5666 ι,
782 5592 839 5649 2.
916 5595 938 5630 ²
963 5594 1116 5654 Psal.
1151 5613 1302 5673 cxxv,
1332 5600 1389 5658 7.
1465 5602 1487 5638 ³
1517 5601 1650 5661 Psal
1676 5620 1764 5680 xc,
1796 5606 1849 5664 9.

2109 4593 2393 4668 σύγχυσις·
2447 4592 2572 4650 οὐδὲ
2631 4595 2786 4673 φιλία
2840 4596 3202 4674 γεννητόρων,
3257 4595 3530 4678 ἀδελφῶν,
3574 4620 3777 4677 συγγε-

2108 4687 2236 4756 νῶν,
2265 4681 2464 4760 φίλων,
2495 4685 2585 4740 καὶ
2611 4689 2857 4758 συνήθων
2904 4689 3207 4743 συναντέσει
3239 4707 3346 4742 σοι·
3401 4685 3528 4743 οὐδὲ
3557 4690 3592 4757 ἡ
3625 4688 3775 4765 πρὸς

2107 4773 2335 4836 τούτους
2365 4771 2591 4849 ἄκαιρος
2627 4775 2718 4831 καὶ
2769 4776 3066 4848 ἀσυντελής
3120 4776 3382 4853 συντυχία
3429 4778 3518 4833 καὶ
3565 4777 3776 4851 ὁμιλία

2107 4865 2432 4938 παροικήσει
2492 4864 2543 4918 ἐν
2591 4864 2694 4920 σοί.
2741 4865 2805 4920 Εἰ
2832 4865 3010 4940 τούτῳ
3055 4867 3154 4936 τὴν
3213 4868 3491 4942 ἀποταγήν
3550 4867 3772 4942 ἀγαπή-

2109 4973 2219 5014 σεις
2272 4953 2483 5025 σώματι
2533 4953 2621 5008 καὶ
2653 4954 2833 5030 ψυχῇ,
2893 4956 3082 5029 μάστιξ
3135 4952 3336 5028 ὀδύνης
3364 4955 3463 5011 οὐκ
3507 4955 3683 5032 ἐγγιεῖ
3711 4957 3769 5012 ἐν

2107 5045 2175 5117 τῇ
2221 5044 2375 5119 ψυχῇ
2423 5064 2546 5112 σου,
2582 5044 2668 5098 καὶ
2717 5043 2900 5112 λύπης
2947 5045 3110 5121 βέλος
3157 5045 3219 5101 ού
3262 5045 3460 5122 τρώσέι
3509 5048 3609 5116 τὴν
3661 5048 3766 5116 σήν

2109 5127 2353 5206 καρδίαν,
2379 5129 2508 5187 οὐδὲ
2535 5134 2597 5188 τὸ
2624 5133 2714 5188 σὸν
2764 5135 3139 5208 σκυθρωπάσει
3171 5136 3490 5211 πρόσωπον.
3542 5137 3608 5190 Οἱ
3657 5138 3767 5212 γὰρ

2110 5216 2370 5288 ἒνηδόνου
2401 5221 2684 5292 συνηθείας
2720 5218 3190 5297 ἀποδιιστάμενοι,
3241 5223 3331 5279 καὶ
3374 5226 3476 5296 τήν
3517 5227 3658 5301 πρὸς
3697 5227 3775 5281 τὰ

2107 5307 2368 5380 εἰρημένα
2412 5312 2584 5365 πάντα
2639 5309 3004 5386 προσπάθειαν
3063 5312 3438 5386 ἀπωσάμενοι,
3495 5313 3591 5378 τὰς
3649 5313 3772 5369 ἀκί-

2109 5392 2202 5458 δας
2225 5403 2326 5467 τῆς
2367 5397 2551 5470 λύπης
2598 5395 3000 5474 ἀμϐλύήουσιν·
3037 5401 3065 5455 ὁ
3095 5401 3326 5477 Χριστὸς
3365 5402 3472 5479 γὰρ
3517 5406 3586 5479 τῇ
3627 5403 3773 5479 ἀγω-
