4034 6200
300 273 417 331 385

1250 281 1345 333 DE
1382 278 1838 335 ABSGONDITA
1874 270 2338 335 OPBRATIONB
2377 282 2453 338 IN
2488 282 2798 341 CHRISTO

3615 299 3720 356 386

296 399 565 473 νιζομένῃ
610 401 786 486 ψυχῇ,
817 397 1187 476 ἐμφανίζεται,
1220 400 1311 455 καὶ
1372 401 1545 477 χαρὰν
1580 397 1949 471 ἆνεκλάλητον

2067 403 2221 458 enim
2264 407 2558 476 exercitia,
2583 408 2866 468 salutares
2908 415 3365 486 recordationes;
3407 420 3590 480 divini
3620 442 3715 483 co-

299 486 533 562 παρέχει
565 492 635 561 τῇ
667 485 884 563 καρδίᾳ,
915 488 1003 544 καὶ
1035 491 1133 559 τὴν
1162 493 1535 564 πνευματικήν
1587 492 1757 567 χαρὰν
1805 488 1957 545 οὐδὲν

296 582 409 630 τῶν
460 576 522 631 ἐκ
567 582 665 631 τοῦ
710 577 927 650 κόσμου
976 582 1313 654 τερπνῶν,ἢ
1361 577 1571 652 δεινῶν,
1603 579 1773 655 αἶ’ρειν
1828 580 1960 634 ποτὲ

301 663 530 720 δύναται
566 685 578 698 ⁸
616 664 839 739 μελέται
872 668 975 743 γὰρ
1008 668 1224 742 ἀγαθαὶ,
1257 669 1347 723 καὶ
1400 666 1770 744 σωτηριώδεις
1821 675 1959 742 μνῆ-

302 776 423 827 μαι,
455 755 547 809 καὶ
598 760 715 819 θεῖα
776 753 1138 829 διανοήματα,
1171 757 1260 811 καὶ
1321 757 1480 833 λόγοι
1538 757 1729 833 σοφίας
1776 755 1959 813 διακο·

293 848 519 905 νοῦντες
568 849 649 917 τῷ
698 846 999 919 ἀγωνιστῇ,
1034 844 1490 923 διαφυλάττουσιν
1540 848 1700 903 αὐτὸν
1750 848 1800 901 ὲν
1856 846 1958 901 πά-

292 954 414 995 σαις
471 938 591 995 ταῖς
644 932 793 996 ὁδοῖς
840 939 947 989 τῶν
992 936 1129 990 κατὰ
1177 937 1306 991 Θεὸν
1359 931 1533 1011 ἔργων
1580 937 1763 993 αὐτοῦ.
1796 938 1955 999 Ὅθεν

289 1028 381 1076 καί
436 1018 707 1078 ἰπιϐαίνει
759 1022 847 1078 ἐπὶ
901 1031 1072 1079 πᾶσαν
1126 1024 1329 1102 ἄλογον
1385 1025 1815 1099 ἐπιθυμίαν,καὶ
1866 1029 1958 1081 θυ-

296 1114 400 1186 μὸν
455 1120 732 1187 προπετῆ,
783 1115 1026 1187 καθάπερ
1080 1114 1168 1169 ἐπὶ
1220 1114 1420 1171 ἀσπίδα
1466 1116 1555 1170 καὶ
1618 1115 1955 1192 βασιλίσκον,

287 1204 377 1256 καὶ
416 1205 724 1257 καταπατεῖ
753 1203 827 1265 ὡς
862 1202 1052 1259 λέοντα
1100 1206 1201 1274 τήν
1255 1205 1441 1281 ὀργὴν,
1466 1206 1556 1260 καὶ
1605 1207 1707 1275 τὴν
1750 1203 1956 1275 ἡδονὴν

290 1290 366 1350 ὡς
400 1288 695 1364 δράκοντα.
726 1292 788 1348 Ἠ
822 1289 881 1346 δὲ
910 1292 1078 1364 αἶ’τία,
1112 1293 1195 1347 ὅτι
1249 1299 1421 1347 πᾶσαν
1470 1294 1571 1362 τήν
1617 1290 1813 1348 ἐλπίδα
1857 1295 1958 1349 αύ-

288 1383 413 1450 τοῦ,
449 1379 560 1433 ἀπὸ
617 1384 726 1433 τῶν
786 1380 1089 1455 ἀνθρώπων
1146 1380 1235 1436 καὶ
1293 1386 1401 1437 τῶν
1449 1381 1751 1456 εἰρημένων
1784 1403 1955 1458 πραγ-

294 1468 492 1540 μάτων
540 1469 875 1539 ἀποστήσας,
924 1475 1003 1542 τῷ
1059 1476 1174 1543 Θεῷ
1246 1470 1570 1546 προσέδησε,
1620 1472 1710 1526 καὶ
1758 1477 1953 1546 γνῶσιν

287 1555 429 1612 Θεοῦ
463 1557 715 1627 πλουτεῖ,
748 1559 836 1612 καὶ
874 1560 1002 1613 Θεὸν
1045 1559 1127 1614 ἀεὶ
1170 1565 1374 1635 νοερῶς
1424 1562 1561 1635 πρὸς
1605 1561 1706 1629 τήν
1762 1561 1955 1615 ἑαυτοῦ

288 1647 561 1722 βοήθειαν
596 1647 924 1704 ἐκκαλεῖται.
965 1674 985 1699 α
1034 1651 1158 1705 ’Ότι
1205 1648 1287 1703 ἐπ’
1327 1648 1445 1723 ἐμὲ,
1478 1649 1664 1727 φησὶν,
1695 1649 1950 1719 ἤλπισεν,

284 1737 378 1791 καὶ
414 1736 659 1812 ῥύσομαι
691 1736 849 1792 αὐτόν
879 1756 894 1770 ⁸
923 1737 1173 1792 σκεπάσω
1204 1739 1391 1810 αὐτὸν,
1422 1738 1503 1793 ὅτι
1550 1737 1685 1813 ἔγνω
1730 1740 1791 1793 τὸ
1841 1735 1954 1794 ὅνο-
1983 1768 2031 1834 Β

291 1829 368 1897 μα
402 1848 517 1899 μου
549 1846 563 1859 '
598 1828 909 1901 κεκράξεται
968 1828 1105 1904 πρός
1166 1849 1252 1900 με,
1283 1828 1374 1883 καὶ
1433 1827 1829 1902 ἐπακούσομαι,
1860 1829 1951 1883 καὶ

286 1915 349 1969 οὐ
386 1916 559 1988 μόνον
591 1921 697 1971 τῶν
734 1911 1035 1981 θλιϐόντων
1070 1916 1390 1990 ἀπαλλάξω,
1422 1917 1569 1973 ἀλλά
1597 1916 1689 1973 καί
1744 1915 1951 1989 δοξάσω

285 2004 456 2059 αὐτόν
470 2049 482 2061 .
518 2028 548 2056 »

354 2096 530 2169 Ὁρᾷς
578 2098 685 2150 τῶν
745 2096 881 2150 κατὰ
931 2097 1061 2151 Θεὸν
1118 2096 1466 2169 ἀσκουμένων
1534 2097 1660 2159 τοὺς
1718 2098 1948 2173 ἀγῶνας,

280 2184 370 2238 καὶ
436 2185 509 2239 τὰ
569 2184 806 2248 ἐντεῦθεν
871 2180 1134 2261 βραϐεῖα;
1197 2184 1499 2241 σπούδασον
1582 2185 1779 2242 λοιπὸν
1846 2189 1949 2256 τήν

279 2272 492 2343 κλῆσιν
550 2275 741 2348 πρᾶξιν
801 2279 1128 2345 ποιήσασθαι
1164 2293 1177 2305 ⁶
1238 2276 1327 2330 καὶ
1363 2277 1459 2337 ’ὡς
1528 2275 1814 2349 ἐμονώθης
1872 2281 1949 2348 τῷ

283 2364 537 2436 σώματι,
570 2359 1035 2437 ἀποϐαλλὸμενος
1066 2366 1153 2419 καὶ
1198 2366 1267 2419 τὰ
1313 2367 1565 2439 νοήματα
1613 2370 1720 2420 τῶν
1777 2386 1947 2441 πραγ-

286 2452 509 2523 μττων,
549 2454 914 2530 μετημφιάσω
975 2454 1038 2507 τὸ
1093 2460 1307 2529 σχῆμα,
1348 2456 1584 2525 ποίησον
1628 2456 1717 2509 καὶ
1776 2453 1944 2527 ξένον,

281 2542 500 2595 ἀπόθου
530 2542 620 2595 καὶ
661 2541 787 2604 τοὺς
822 2541 1042 2618 λόγους,
1076 2544 1165 2597 καὶ
1210 2542 1337 2605 τοὺς
1388 2546 1767 2619 προσήκοντας
1811 2544 1946 2599 κατὰ

278 2631 469 2704 γένος.
505 2630 571 2687 Εἰ
606 2633 682 2703 μή
714 2632 813 2709 γὰρ
846 2632 1193 2707 καταπαύσῃς
1254 2632 1359 2688 ἀπὸ
1408 2637 1507 2699 τῆς
1550 2638 1658 2688 τῶν
1700 2632 1800 2704 ἔξω
1848 2654 1941 2689 πε-

280 2719 698 2796 ριπλανήσεως,
749 2721 812 2776 οὐ
863 2719 1193 2797 διαναστήσῃ
1244 2723 1381 2797 πρὸς
1435 2723 1560 2785 τοὺς
1618 2720 1813 2777 ἔσωθεν
1865 2724 1943 2777 ἒν-

280 2807 629 2883 εδρεύοντας.
665 2810 730 2867 Ei
793 2812 869 2883 μὴ
929 2813 1160 2885 νικήσῃς
1209 2812 1337 2875 τοὺς
1394 2810 1487 2867 διὰ
1539 2816 1647 2867 τῶν
1699 2817 1943 2890 φανερῶν

274 2903 693 2972 πολεμοῦντας,
728 2900 792 2953 οὐ
822 2904 1117 2975 τροποῦσαι
1148 2905 1275 2965 τοῦς
1313 2902 1531 2978 ἀφανεῖς
1578 2896 1931 2963 ἐπιϐούλους.

345 2990 525 3046 Ὅταν
561 2986 619 3042 δὲ
665 2987 791 3050 τοὺς
846 2988 946 3062 ἔξω
994 2989 1405 3064 περισπασμοὺς
1456 2991 1818 3066 καταργήσῃς,
1850 2990 1939 3044 καὶ

275 3079 408 3138 τοὺς
462 3071 573 3131 ἔσω
649 3076 953 3153 λογισμοὺς
1007 3075 1360 3153 καταλείψῃς,
1413 3079 1675 3153 ἐγείρεται
1732 3078 1855 3133 τότε
1912 3080 1939 3134 6

277 3172 410 3229 νοῦς
449 3168 504 3222 ἐν
536 3173 655 3229 τοῖς
682 3163 861 3243 ἔργοις
891 3168 979 3222 καὶ
1010 3174 1126 3231 τοῖς
1187 3167 1374 3245 λόγοις
1429 3174 1526 3224 τοῦ
1581 3168 1887 3242 πνεύματος
1922 3187 1935 3201 ⁸

274 3259 365 3312 καὶ
404 3256 531 3311 ἀντὶ
579 3264 679 3326 τῆς
731 3258 1017 3327 συνηθείας
1043 3263 1150 3313 τῶν
1199 3263 1470 3335 συγγενῶν
1518 3259 1607 3313 καὶ
1669 3262 1936 3331 συνήθων,

276 3346 409 3409 τοὺς
448 3346 689 3421 τρόπους
719 3350 827 3401 τῶν
859 3348 1062 3421 ἀρετῶν
1097 3347 1337 3410 ἐκτελεῖς
1372 3369 1384 3382 ·
1419 3347 1509 3403 καὶ
1539 3348 1656 3403 ἀντὶ
1684 3353 1793 3403 τῶν
1842 3370 1940 3421 μα-

273 3436 452 3492 ταίων
483 3434 666 3511 λόγων
696 3440 803 3491 τῶν
828 3435 887 3491 ἐκ
912 3441 1013 3502 τῆς
1042 3444 1311 3511 κοσμικῆς
1342 3436 1563 3510 ὁμιλίας
1582 3440 1935 3511 τικτομένων,

273 3529 308 3596 ἡ
350 3524 592 3599 μελέτη,
625 3525 714 3579 καὶ
745 3528 780 3594 ἡ
816 3522 1059 3595 δήλωσις
1086 3530 1193 3582 τῶν
1227 3527 1384 3590 θείων
1417 3526 1601 3601 λόγων
1648 3531 1755 3581 τῶν
1804 3528 1940 3581 κατᾶ

278 3615 380 3682 τὴν
476 3611 723 3668 διάνοιαν
809 3614 1167 3688 κινουμένων,
1228 3614 1448 3693 φωτίζει
1529 3616 1616 3670 καὶ
1677 3615 1935 3685 συνετίζει

276 3706 377 3772 τήν
415 3704 631 3777 ψυχήν.
664 3704 725 3759 Ἦ
760 3700 914 3765 λύσις
972 3710 1077 3759 τῶν
1119 3704 1418 3775 αἰσθήσεων
1480 3702 1678 3777 δεσμὸς
1734 3703 1937 3780 γίνεται

274 3800 377 3863 τῆς
410 3795 627 3867 ψυχῆς,
661 3792 750 3845 καὶ
783 3792 810 3845 ὁ
856 3789 1054 3865 δεσμὸς
1112 3797 1221 3847 τῶν
1278 3792 1575 3863 αἰσθήσεων
1628 3791 1935 3869 ἐλευθερίαν

272 3876 537 3956 βραϐεύει
586 3884 655 3953 τῇ
703 3884 857 3956 ψυχῇ
895 3899 905 3911 ·
935 3880 1108 3950 ἡλίου
1154 3879 1303 3944 δύσις
1343 3883 1511 3937 νύκτα
1559 3887 1708 3937 ποιεῖ
1740 3902 1752 3915 ·
1786 3882 1873 3936 καὶ
1907 3882 1934 3934 ὁ

268 3970 516 4045 Χριστὸς
563 3969 852 4045 ὑποχωρεῖ
898 3969 957 4025 ἐκ
1004 3977 1103 4039 τῆς
1153 3975 1361 4046 ψυχῆς,
1388 3972 1478 4027 καὶ
1526 3977 1634 4026 τῶν
1686 3972 1871 4035 παθῶν
1907 3972 1934 4026 6

265 4059 584 4131 σκοτασμὸς
622 4058 789 4126 αὐτὴν
821 4054 1254 4131 καταλαμϐάνει,
1288 4060 1378 4114 καὶ
1428 4061 1483 4115 οἱ
1534 4060 1723 4129 νοητοὶ
1771 4067 1933 4133 θῆρες

264 4149 443 4217 αὐτὴν
508 4146 989 4221 διασπαράττουσι.
1023 4147 1329 4205 Ἀνέτειλιν
1386 4148 1414 4203 ό
1460 4148 1719 4219 αἷσθητὸς
1746 4148 1931 4217 ἥλιος,

265 4238 357 4293 καὶ
395 4241 562 4311 θῆρες
600 4236 694 4302 μὶν
730 4237 1051 4313 συνάγονται
1085 4237 1161 4299 εἷς
1207 4238 1304 4300 τὰς
1355 4236 1669 4300 καταδύσεις
1706 4238 1881 4293 αὐτῶν
1917 4256 1930 4270 ·

269 4324 568 4381 ἀνατέλλει
598 4326 685 4380 καὶ
722 4327 750 4380 ὁ
782 4327 1021 4400 Χριστὸς
1055 4324 1105 4380 ἑν
1166 4332 1247 4398 τῷ
1309 4326 1645 4399 στερεώματι
1697 4334 1798 4396 τῆς
1854 4325 1934 4381 εύ-

270 4410 529 4489 χομέντ,ς
590 4411 853 4484 διανοιας,
885 4415 976 4470 καὶ
1026 4420 1170 4471 πᾶσα
1202 4417 1236 4485 ὴ
1265 4420 1360 4469 τοῦ
1415 4417 1626 4488 κόσμου
1674 4418 1933 4486 συνήθεια

2067 494 2288 584 gitatus
2337 501 2395 551 et
2439 499 2737 570 sapientiai
2767 502 2942 556 verba
2972 503 3315 561 colluctanti
3339 508 3710 584 inserviunt;

2069 581 2380 655 ipsumque
2402 586 2459 640 in
2493 588 2766 643 omnibus
2797 590 2909 645 viis
2939 594 3283 651 custodiunt
3306 602 3369 652 ut
3396 615 3574 670 opera
3610 581 3710 659 Dei

2069 672 2348 740 perficiat.
2386 676 2518 731 Ideo
2538 693 2712 748 super
2735 695 2906 734 omne
2928 680 3327 740 irrationabile
3350 686 3708 748 desiderium

2068 763 2124 813 et
2156 760 2403 817 velocem
2442 768 2655 819 motum
2703 766 2939 833 incedit,
2990 774 3488 841 quemadmodum
3534 795 3714 850 super

2069 849 2331 919 aspidem
2375 858 2432 906 et
2472 852 2842 922 basiliscum,
2895 858 3038 913 iram
3089 863 3256 932 quasi
3309 863 3533 921 leonem
3567 849 3707 924 con-

2068 936 2258 992 culcat
2287 944 2345 993 et
2375 940 2733 1012 voluptatem
2767 946 2918 999 sicut
2951 947 3283 1004 draconem.
3311 953 3560 1010 Causam
3598 976 3707 1014 au-

2068 1026 2203 1080 disti
2244 1043 2351 1083 cur
2380 1046 2542 1099 spem
2573 1032 2644 1086 ab
2680 1032 3018 1090 hominibus
3051 1042 3354 1095 retraxerit
3382 1047 3440 1098 et
3470 1061 3502 1099 a
3528 1058 3704 1102 rebus

2066 1117 2359 1185 praedictis
2381 1124 2556 1189 atque
2587 1124 2969 1191 reportaverit
3000 1128 3067 1179 ad
3098 1132 3305 1197 Deum;
3335 1130 3459 1200 jam
3501 1118 3701 1192 divina

2066 1205 2399 1275 cognitione
2440 1208 2669 1264 ditescil
2699 1215 2757 1265 et
2780 1211 2964 1268 Deum
2997 1231 3227 1285 semper
3252 1216 3310 1273 in
3345 1220 3704 1290 adjutorium

2065 1308 2239 1347 suum
2300 1295 2571 1351 invocat.
2621 1322 2641 1345 α
2699 1300 2845 1362 Quia
2901 1304 3158 1373 speravit
3190 1305 3246 1359 in
3279 1322 3392 1374 me,
3441 1308 3703 1368 liberabo

2065 1396 2239 1450 eum;
2303 1391 2603 1456 protegam
2659 1404 2793 1443 eum
2873 1392 3030 1461 quod
3091 1397 3427 1465 cognoverit
3481 1416 3696 1457 nomen

2066 1488 2302 1540 meum;
2332 1474 2609 1531 clamabit
2652 1477 2723 1531 ad
2759 1494 2850 1533 me
2881 1486 2937 1534 et
2966 1496 3071 1551 ego
3102 1485 3412 1541 exaudiam
3438 1504 3460 1549 ;
3491 1494 3549 1544 et
3581 1506 3696 1546 non

2063 1576 2094 1613 a
2126 1560 2266 1617 solis
2296 1562 2781 1621 tribulationibus
2833 1567 3092 1625 liberabo
3134 1588 3290 1645 eum,
3341 1576 3441 1630 sed
3494 1582 3550 1632 et
3579 1578 3701 1650 glo~

2062 1650 2300 1707 riﬁcabo
2332 1651 2497 1708 illum
2531 1661 2571 1711 ⁸.
2611 1678 2632 1703 ι

2130 2098 2333 2153 Nonne
2364 2097 2803 2154 colluctantium
2839 2101 2896 2155 in
2930 2105 3040 2157 Deo
3072 2104 3396 2161 certamina
3414 2107 3697 2179 perspicis

2058 2189 2265 2258 etquae
2293 2187 2439 2258 ipsis
2470 2189 2771 2260 preposita
2800 2190 2921 2246 sint
2952 2194 3233 2263 praemia?
3261 2195 3391 2250 Jam
3427 2213 3693 2269 propera,

2057 2276 2154 2346 qui
2200 2281 2438 2331 vocatus
2485 2293 2567 2344 es,
2622 2284 2684 2332 ut
2732 2295 2908 2351 opera
2954 2282 3252 2352 perficies!
3301 2287 3556 2356 Corpore
3595 2291 3694 2341 tuo

2056 2370 2360 2436 separatus
2392 2382 2453 2420 es
2485 2384 2513 2421 a
2549 2368 2743 2435 rebus,
2778 2375 2870 2423 ast
2896 2386 3087 2425 rerum
3111 2388 3346 2443 quoque
3366 2374 3609 2429 affectus
3628 2391 3693 2430 ex

2056 2454 2254 2509 anima
2302 2455 2615 2525 projicias;
2664 2461 2852 2513 totum
2893 2459 3174 2516 immutes
3206 2461 3471 2518 habitum
3503 2470 3560 2519 et
3588 2464 3693 2521 fias

2054 2544 2305 2615 hospes;
2334 2561 2635 2601 sermones
2666 2547 2925 2618 deponas
2957 2550 3181 2621 patrios
3210 2556 3267 2606 et
3306 2552 3591 2623 quidquid
3627 2569 3695 2610 ex

2054 2648 2264 2703 genere
2310 2633 2606 2690 habueris.
2642 2636 2709 2690 Ni
2744 2636 2897 2691 enim
2932 2638 3003 2693 ab
3037 2639 3426 2696 exterioribus
3453 2641 3695 2697 redieris

2055 2722 2557 2793 divagationibus,
2614 2726 2683 2779 ad
2744 2726 2976 2782 interna
3033 2745 3341 2800 nunquam
3399 2732 3690 2788 devenies.

2051 2811 2118 2866 Ni
2151 2811 2315 2882 prius
2347 2827 2446 2867 eos
2476 2814 2883 2887 deviceris,qui
2919 2824 2972 2871 te
2995 2817 3306 2873 visibiliter
3325 2826 3690 2891 oppugnant,

2052 2902 2346 2971 quomodo
2379 2902 2626 2959 insidzas
2657 2903 2911 2959 hostium
2946 2906 3330 2961 invisibilium
3355 2910 3691 2979 superabis?

2120 2990 2262 3044 Cum
2296 2996 2490 3046 autem
2524 2997 2793 3047 externas
2824 2993 3236 3049 distractiones
3268 2996 3545 3051 everteris
3594 2997 3686 3051 in-

2050 3082 2365 3151 ternasque
2414 3082 2816 3152 composueris
2868 3082 3277 3153 cogitationes,
3304 3088 3442 3138 tunc
3478 3100 3688 3156 aggre-

2051 3168 2243 3222 dietur
2273 3170 2516 3240 spiritus
2548 3176 2685 3226 tuus
2716 3186 2889 3242 opera
2921 3176 2977 3225 et
2999 3172 3172 3226 verba
3193 3172 3469 3243 spiritus:
3492 3190 3689 3230 neces-

2050 3256 2341 3313 sariorum
2393 3263 2449 3315 et
2495 3260 2943 3330 conjunctorum
2995 3276 3165 3315 usum
3224 3261 3573 3317 familiarem
3626 3262 3683 3317 in

2046 3347 2328 3402 virtutum
2378 3348 2827 3420 acquisitionem
2879 3349 3181 3417 immutes;
3234 3367 3338 3422 pro
3378 3351 3569 3417 vanis,
3618 3368 3688 3406 ex

2047 3436 2390 3507 quotidiana
2407 3438 3455 3509 mundanaconversatione,oriundis
3468 3440 3685 3509 verbis,

2045 3530 2251 3581 sancta
2281 3527 2465 3582 babes
2496 3526 2789 3592 exercitia,
2812 3526 3140 3582 divinorum
3165 3544 3503 3583 sermonum
3523 3544 3684 3583 com~

2047 3617 2536 3685 municationem,
2568 3616 2783 3686 quibus
2816 3632 2981 3670 mens
3014 3620 3303 3685 movetur,
3328 3616 3525 3671 anima
3554 3632 3685 3672 vero

2046 3703 2423 3760 illuminatur
2445 3708 2499 3759 et
2530 3704 2872 3759 azdificatur.
2925 3704 3218 3760 Sensuum
3269 3704 3482 3760 solutio
3516 3706 3583 3760 fit
3625 3704 3683 3759 in

2044 3794 2253 3848 animis
2285 3794 2602 3860 vinculum;
2636 3792 2971 3848 constrictio
2986 3799 3180 3848 autem
3196 3809 3478 3848 sensuum
3492 3794 3687 3848 evadit

2045 3883 2101 3936 in
2134 3883 2342 3937 anima:
2376 3882 2801 3937 liberationem:
2831 3881 2968 3936 solis
2991 3898 3233 3937 occasus
3255 3886 3480 3937 noctem
3507 3882 3682 3938 indu-

2044 3970 2416 4037 cit,Christus
2447 3987 2580 4025 vero
2613 3970 2830 4025 recedit
2858 3970 2929 4025 ab
2945 3970 3580 4041 anima,etpassionum
3600 3976 3683 4025 te-

2045 4060 2236 4114 nebrae
2267 4060 2541 4115 incedunt
2559 4065 2615 4113 et
2628 4058 2965 4130 spirituales
2979 4058 3172 4113 bestia:
3188 4058 3510 4115 dilacerant
3532 4075 3687 4114 men-

2043 4155 2183 4204 tem.
2217 4154 2358 4203 Cum
2393 4148 2478 4204 sol
2513 4147 2609 4203 ille
2640 4147 2890 4202 visibilis
2922 4146 3107 4202 oritur
3137 4148 3205 4201 ad
3242 4147 3496 4203 latebras
3545 4164 3684 4202 suas

2043 4238 2393 4310 confugiunt
2420 4239 2571 4293 ferae:
2608 4242 2664 4292 et
2688 4236 2736 4291 si
2768 4236 3059 4290 Christius
3083 4236 3343 4307 assurgit
3373 4236 3442 4291 ad
3471 4238 3683 4291 confir-

2044 4328 2320 4381 mandam
2355 4330 2610 4382 mentem
2643 4325 2702 4379 in
2735 4323 3225 4389 oratione,statim
3252 4323 3469 4379 difﬂuit
3492 4324 3683 4379 omnis

2044 4416 2345 4470 mundana
2394 4414 2643 4481 affectio,
2694 4412 2976 4469 dilabitur
3030 4411 3283 4467 carnalis
3317 4412 3595 4479 amicitia,
3629 4417 3686 4467 et

270 4522 517 4578 οιχεται,
550 4503 639 4557 καὶ
690 4506 723 4572 ἡ
775 4501 934 4581 φιλία
980 4510 1082 4573 τῆς
1131 4504 1329 4577 σαρκὸς
1380 4504 1739 4579 παρέρχεται,
1773 4505 1863 4558 καὶ
1904 4505 1932 4558 ὁ

2053 4503 2289 4573 spiritus
2320 4504 2437 4559 exit
2468 4504 2535 4559 ad
2574 4520 2721 4574 opus
2754 4517 2948 4569 suum;
2985 4504 3236 4555 attamen
3258 4500 3478 4557 laboris
3499 4500 3683 4555 divini

266 4592 399 4653 νοῦς
460 4589 840 4666 διαπορεύεται
923 4592 1010 4647 ἐπὶ
1067 4593 1130 4647 τὸ
1184 4587 1342 4666 ἔργον
1398 4592 1584 4663 αὐτοῦ,
1643 4590 1769 4662 ἤτοι
1817 4598 1924 4647 τῶν

268 4679 432 4743 θείων
491 4682 593 4749 τὴν
660 4681 917 4753 μελέτην,
949 4678 1053 4743 ’ἕως
1114 4681 1364 4757 ἑσπέρας,
1398 4681 1459 4735 ού
1518 4686 1752 4756 καιρικῷ
1814 4680 1928 4736 δια-

268 4770 511 4841 στήματι
569 4769 893 4843 περιορίζων
970 4774 1066 4823 τοῦ
1138 4775 1510 4842 πνευματικοῦ
1581 4771 1755 4843 νόμου
1824 4772 1923 4840 τὴν

268 4855 551 4932 ἐργασίαν,
610 4858 699 4911 καὶ
749 4856 799 4911 ἐν
865 4859 1047 4934 μέτρῳ
1102 4860 1304 4929 ταύτην
1365 4858 1721 4931 ποιούμενος,
1782 4858 1925 4916 ἀλλά

267 4946 360 5001 καὶ
398 4948 599 5021 μέχρις
632 4944 692 5001 ἃν
724 4948 785 5002 τὸ
816 4948 982 5022 πέρας
1014 4950 1113 5017 τὴν
1162 4947 1443 5023 παροῦσαν
1496 4950 1643 5017 ζωὴν
1688 4947 1924 5004 καταλα-

268 5031 365 5091 ὅὸν
397 5038 500 5107 τὴν
535 5036 595 5091 ἐκ
622 5042 718 5092 τοῦ
750 5038 1007 5112 σώματος
1065 5035 1247 5111 ἔξοδον
1308 5047 1409 5109 τῆς
1454 5043 1640 5116 ψυχῆς
1689 5040 1923 5115 ἀπεργά-

267 5147 441 5183 σεται.
473 5128 541 5183 ’Ὀ
599 5124 665 5196 δὴ
723 5128 812 5183 καὶ
868 5127 1056 5199 δηλῶν
1116 5131 1143 5184 ὁ
1202 5131 1493 5207 προφήτης
1542 5128 1739 5203 λέγει’
1777 5154 1803 5180 ‹‹
1835 5130 1924 5191 Ὠς

264 5216 531 5293 ἠγάπησα
586 5219 674 5273 τὸν
736 5219 904 5291 νόμον
967 5240 1085 5290 σου,
1146 5220 1345 5294 Κύριεί
1380 5218 1518 5289 ὅλην
1568 5220 1666 5287 τήν
1713 5218 1923 5294 ἡμέραν

268 5305 483 5380 μελὸτη
519 5306 625 5380 μού
656 5306 795 5362 ἔστιν
830 5326 842 5340 ’
882 5332 909 5359 ››
942 5310 1153 5385 ἡμέραν
1200 5307 1384 5364 καλῶν
1436 5307 1566 5362 ὅλον
1624 5310 1716 5363 τὸν
1778 5306 1925 5362 δίαυ-

268 5394 375 5451 λον
404 5404 506 5467 τῆς
555 5398 838 5473 παρούσης
890 5402 1038 5467 ζωῆς
1088 5397 1335 5455 ἑκάστου.
1370 5404 1582 5467 Στῆσον
1633 5401 1926 5473 τοιγαροῦν

341 5613 367 5651 ⁸
396 5612 551 5671 Psal.
590 5629 687 5683 xc,
719 5612 805 5684 14,
839 5613 927 5670 15.
1003 5613 1025 5649 ⁸
1050 5612 1205 5670 Psal.
1239 5628 1436 5685 cxvm,
1465 5614 1554 5670 97.

2038 4593 2239 4659 finem,
2302 4593 2402 4665 qui
2462 4608 2735 4663 vesperae
2779 4590 3041 4662 respicit,
3076 4606 3190 4644 non
3224 4590 3293 4645 ad
3338 4590 3678 4645 diuturnam

2036 4682 2317 4753 temporis
2375 4697 2718 4736 mensuram
2777 4680 2975 4745 refert,
3037 4680 3163 4749 sed,
3220 4679 3437 4751 spiritu
3493 4678 3685 4750 legem

2036 4771 2410 4844 perﬁciendo,
2447 4773 2513 4825 ad
2546 4772 2675 4825 vitae
2708 4768 3028 4825 terminum
3064 4785 3232 4823 suam
3283 4768 3681 4840 operationem

2036 4860 2314 4925 extendit,
2346 4860 2527 4915 donec
2561 4858 2759 4913 anima
2788 4875 2856 4913 ex
2886 4874 3130 4929 corpore
3151 4857 3677 4929 egrediatur.Quod

2034 4954 2092 5006 et
2144 4949 2431 5022 Pr0pbeta
2484 4948 2573 5004 his
2610 4948 2800 5003 verbis
2859 4948 3272 5002 demonstrat:
3328 4969 3357 4996 «
3392 4947 3678 5013 Quoniam

2033 5038 2205 5093 dilexi
2265 5038 2451 5110 legem
2515 5042 2701 5102 tuam,
2765 5036 3029 5103 Domine,
3090 5039 3213 5090 tota
3242 5035 3336 5089 die
3380 5035 3679 5090 meditatio

2036 5144 2163 5183 mea
2188 5132 2271 5183 est
2305 5128 2344 5183 ⁸.
2386 5146 2413 5178 η
2454 5126 2619 5182 Diem
2649 5142 2787 5181 vero
2819 5124 3295 5196 uniuscujusque
3326 5124 3681 5180 dilabentem

2033 5217 2209 5271 vilam
2245 5216 2527 5271 nominat.
2561 5217 2840 5269 Externas
2872 5212 3049 5284 igitur
3080 5213 3349 5269 cohibere
3381 5212 3527 5268 velis
3548 5228 3682 5267 con-

2032 5304 2389 5361 versationes
2407 5311 2464 5360 et
2481 5310 2534 5360 te
2549 5304 2618 5359 ad
2636 5304 2900 5359 internas
2920 5302 3422 5358 confabulationes
3440 5316 3680 5357 conver-

2034 5400 2148 5465 tas,
2182 5396 2323 5451 dum
2355 5394 2547 5450 locum
2577 5410 2739 5465 pura:
2763 5392 3047 5448 orationis
3078 5391 3343 5447 invenias
3368 5394 3424 5445 et
3446 5391 3678 5445 domum
