4034 6200
373 293 481 350 387

1514 279 1920 336 THBOLEPTI
1957 276 2654 334 PHILADELPHIBNBIS

3693 273 3807 330 388

379 422 441 477 iu
474 436 592 492 qua
620 413 887 472 Christus
920 408 1168 464 habitatf
1203 406 1332 478 ipse
1365 404 1727 462 illuminabit
1745 409 1800 460 te
1821 403 2011 458 laatitia

2137 400 2233 462 τὰς
2267 399 2495 473 ὁμιλίας
2525 405 2632 454 τῶν
2666 396 2788 470 ἔξω,
2819 399 2910 455 καὶ
2949 399 3250 455 πύκτιυσον
3301 400 3440 476 πρὸς
3494 398 3626 463 τοῦς
3684 399 3798 456 εσω

377 527 490 582 que
547 503 859 579 perfundet
921 497 1158 554 notione
1188 501 1248 552 et.
1276 495 1613 552 visitatione
1646 511 1777 559 sua,
1811 492 2024 550 efﬁciet

379 611 613 671 quoque
645 597 708 648 ut
740 588 1154 645 tribulationes
1184 586 1245 640 in
1269 601 1529 641 amorem
1561 584 1686 652 ejus
1717 587 2027 654 susceptas

376 669 480 742 ceu
499 680 782 754 gaudium
804 677 1118 733 habiturus
1137 675 1220 732 sis
1264 679 1320 730 et
1363 691 1396 730 a
1435 673 1754 729 mundanis
1796 669 2024 727 deliciis

377 789 480 828 ceu
537 771 610 826 ab
660 766 960 824 absinthio
1008 765 1089 821 sis
1141 779 1504 820 recessurus.
1551 761 1809 833 Spiritus
1842 760 2024 814 maris

375 860 670 916 suscitant
702 857 936 920 ﬂuctus,
971 859 1027 910 et
1057 854 1117 909 ui
1147 853 1468 909 ceciderint
1496 850 1676 915 venti,
1709 867 1822 904 non
1868 847 2027 903 desi-

375 955 527 1006 nunt
556 949 770 1004 ﬂuctus
804 962 910 1001 uec
936 945 1007 999 ad
1041 959 1314 1000 serenum
1344 941 1590 996 redeunt
1618 938 1824 1005 maria;
1854 937 2025 1009 spiri-

372 1046 470 1096 tus
503 1043 696 1095 autem
733 1035 967 1091 malitize
999 1035 1056 1088 in
1094 1033 1294 1089 anima
1326 1032 1560 1086 incauta
1590 1029 1845 1084 excitant
1878 1028 2022 1082 ima-

373 1130 545 1203 gines
597 1138 932 1200 parentum,
966 1125 1234 1190 fratrum,
1267 1122 1740 1191 conjunctorum,
1774 1133 2022 1173 consue-

377 1227 612 1287 torum,
672 1215 1112 1281 conviviorum,
1165 1213 1486 1276 festorum,
1544 1209 1903 1264 theatrorum
1963 1212 2024 1262 et

378 1309 648 1363 omnium
697 1304 1063 1376 voluptatum
1123 1301 1587 1372 phantasmata;
1659 1296 2019 1353 desiderium

375 1397 666 1452 inducunt
695 1393 816 1448 haec
846 1391 1046 1448 omnia
1068 1394 1125 1445 et
1150 1389 1358 1456 oculis,
1381 1393 1439 1443 et
1467 1387 1755 1459 1ingua,et
1783 1401 2023 1457 corpore

378 1485 493 1540 sibi
553 1482 957 1555 comparandi,
1011 1497 1076 1536 eo
1135 1479 1249 1533 tina
1301 1483 1366 1533 ut
1417 1481 1754 1549 praesentem
1814 1476 2019 1531 horam

377 1575 663 1645 deperdas
710 1573 771 1626 in
818 1570 993 1625 rebus
1041 1567 1340 1633 inanibus,
1373 1572 1430 1622 et
1459 1567 1851 1637 subsequens,
1883 1578 2018 1619 cum

376 1663 540 1718 solus
572 1661 630 1716 in
663 1659 875 1715 cellula
902 1657 1181 1726 fueris,in
1218 1655 1621 1710 recordatione
1642 1653 1936 1708 dictorum
1963 1655 2020 1707 et

368 1752 628 1808 visorum
661 1751 1010 1814 evanescat;
1056 1745 1134 1800 ita
1185 1743 1456 1799 monachi
1500 1744 1617 1798 vita
1663 1742 2019 1797 terminatur

371 1840 596 1911 absque
629 1836 901 1892 utilitate:
938 1835 1253 1889 mundanae
1283 1834 1652 1904 operatioues
1672 1847 1772 1903 per
1794 1845 2014 1885 memo-

369 1927 515 1983 riam
535 1922 1141 1982 transeuntetindicia
1155 1939 1258 1976 sua
1274 1921 1612 1991 relinquunt
1628 1920 1682 1974 in
1701 1917 2017 1990 intelligen-

366 2015 640 2084 tia,sicut
667 2019 726 2070 et
748 2014 925 2085 pedes
939 2010 1197 2068 hominis
1214 2027 1314 2081 per
1336 2013 1525 2065 nivem
1547 2005 2011 2073 incedentis,ibi-

369 2107 502 2160 dem
516 2102 761 2174 vestigia
775 2101 972 2156 suaim
984 2098 1407 2173 presseruntSi
1423 2097 1560 2153 feris
1573 2097 1788 2152 victum
1803 2095 2015 2167 praebe-

365 2191 830 2262 mus,numquid
857 2189 988 2244 illas
1021 2187 1420 2244 destruimus?
1446 2187 1505 2242 Si
1528 2185 1720 2242 verbis
1752 2190 1807 2239 et
1839 2183 2012 2239 factis

365 2281 750 2352 indulgemus
784 2278 1024 2334 insulsis
1056 2275 1336 2333 amicitiis
1373 2280 1430 2331 et
1456 2274 2008 2340 consuetudinibus,

367 2369 697 2441 nunmquid
731 2367 924 2424 carnis
946 2367 1272 2439 appetitum
1296 2364 1746 2421 mortiﬁcamus?
1767 2363 2010 2430 Quando

366 2465 562 2515 autem
615 2457 952 2528 inquisituri
1001 2473 1210 2512 sumus
1259 2457 1441 2510 vitam
1474 2471 1652 2524 quam
1685 2454 2012 2509 secundum

363 2546 662 2603 Christum
695 2562 906 2601 sumus
941 2543 1216 2616 professi?
1246 2546 1379 2608 Qua:
1409 2559 1479 2598 ex
1510 2543 1756 2612 pedibus
1790 2542 1847 2595 in
1881 2541 2011 2596 nive

364 2640 688 2707 supersunt
745 2633 1012 2704 vestigia,
1066 2631 1154 2686 vel
1206 2632 1347 2686 solis
1393 2631 1574 2686 radiis
1606 2631 1694 2685 vel
1729 2630 2009 2686 imbrium

364 2725 537 2795 aquis
585 2724 983 2786 destruentur,
1036 2737 1164 2792 quae
1192 2737 1329 2776 vero
1362 2720 1656 2774 memoriae
1706 2719 2010 2790 impressae

367 2819 508 2868 sunt
552 2813 839 2882 imagines
887 2827 956 2867 ex
989 2811 1257 2881 jucundo
1289 2811 1596 2864 verborum
1629 2813 1686 2864 et
1717 2808 2006 2863 factorum

366 2902 566 2958 habitu
599 2903 668 2956 ad
703 2901 955 2956 nihilum
988 2899 1401 2971 redigentur,si
1423 2899 1691 2955 Christus
1723 2898 1780 2953 in
1815 2903 2008 2953 mente

369 3008 473 3063 per
530 2991 860 3047 orationem
913 2989 1176 3062 assurgit
1232 2994 1287 3044 et
1336 2988 1386 3044 si
1425 3005 1493 3043 ex
1536 2987 1708 3043 corde
1754 2987 2004 3043 contrito

367 3080 638 3136 deﬂuunt
653 3079 820 3136 rivuli
837 3078 1252 3152 lacrymarum.

433 3383 492 3437 Si
508 3381 832 3439 monachus
847 3397 908 3436 se
927 3398 1037 3436 non
1054 3380 1322 3436 rationali
1341 3383 1513 3436 modo
1539 3379 2007 3454 gerit,numquid

363 3471 573 3527 insitas
603 3476 660 3525 et
687 3470 1004 3541 impressas
1035 3469 1339 3540 opiniones
1371 3469 1576 3524 evellet
1597 3487 1665 3525 ex
1697 3470 1922 3525 animo?
1945 3470 2006 3525 In

363 3576 605 3632 corpore
636 3564 736 3614 tuo
771 3557 1036 3629 perﬁcies
1061 3557 1306 3614 virtutes
1338 3557 1387 3614 si
1419 3559 1697 3614 smculare
1729 3575 2006 3614 commer-

363 3649 520 3703 cium
571 3647 936 3719 deposueris.
981 3646 1151 3701 Bonaa
1181 3647 1508 3703 formantur
1539 3648 1922 3720 cogitationes
1953 3657 2009 3704 et

361 3737 543 3793 divini
591 3738 650 3792 in
702 3744 892 3792 mente
936 3735 1207 3791 habitant
1253 3753 1576 3807 sermones,
1621 3738 1668 3793 si
1711 3737 2006 3792 continuis

361 3827 635 3899 precibus
667 3825 872 3881 effusis
904 3831 960 3881 et
989 3826 1162 3882 corde
1193 3826 1438 3882 contrito
1473 3826 1814 3882 memoriam
1851 3827 2010 3898 prio-

356 3934 482 3972 rum
516 3915 816 3971 actionum
851 3915 1328 3971 deleveris.Fidei
1365 3915 1721 3972 illuminatio
1746 3933 1872 3987 quae
1906 3933 2009 3988 per

357 4005 821 4061 recordationem
857 4005 956 4060 Dei
983 4011 1259 4076 operatur
1290 4012 1347 4061 et
1375 4006 1646 4062 contritio
1678 4007 2007 4072 cordis,no-

359 4093 577 4150 vaculaa
603 4094 669 4149 ad
709 4094 914 4162 instar,
949 4093 1136 4149 malas
1168 4094 1551 4166 cogitationes
1581 4097 1874 4151 excidunt.
1920 4095 2004 4149 Ad

356 4185 557 4256 apium
612 4182 911 4254 exemplar
955 4183 1156 4238 facias.
1191 4185 1333 4240 Cum
1367 4201 1675 4257 vesparum
1711 4184 2002 4257 pullitiem

359 4272 960 4327 circumvolitantium
994 4273 1279 4343 sentiunt,
1309 4279 1613 4330 remanent
1643 4274 1702 4329 in
1736 4273 2006 4330 alveariis

359 4365 416 4416 et
459 4360 708 4416 insidias
760 4362 1038 4416 devitant.
1085 4363 1404 4419 Saeculares
1454 4369 1774 4420 canventus
1796 4380 2004 4435 vespa-

360 4466 492 4504 rum
523 4449 650 4505 loco
675 4451 999 4518 considera;
1037 4451 1143 4507 hos
1176 4454 1226 4508 si
1273 4469 1485 4525 magno
1519 4453 1736 4524 fugeris
1785 4455 2001 4521 studio,

356 4539 429 4592 ad
463 4538 801 4594 interiorem
833 4543 888 4593 te
912 4540 1156 4612 recipies
1181 4541 1522 4598 monasterii
1542 4549 1798 4613 portum,
1824 4542 2005 4597 cellu—

359 4625 477 4680 lam
527 4626 816 4696 videlicet,
870 4629 1065 4702 ibique
1113 4629 1366 4686 tentabis
1416 4635 1480 4685 ut
1525 4631 1790 4686 intimam
1843 4636 2004 4687 tuam

359 4715 628 4772 aditurus
679 4718 762 4773 sis
805 4721 1088 4788 animam,
1122 4720 1182 4775 in
1214 4737 1330 4791 qua
1359 4719 1587 4776 habitat
1617 4720 1906 4788 Christus,
1949 4725 2006 4776 et

357 4821 492 4860 cum
553 4804 686 4877 ipso
745 4809 912 4865 adest
972 4826 1102 4880 pax,
1163 4809 1447 4881 gaudium
1499 4815 1557 4865 et
1605 4810 2004 4882 tranquillitas

367 4895 559 4950 ﬁrma.
611 4901 743 4952 Haec
797 4900 952 4954 dona
1007 4903 1146 4954 sunt
1193 4898 1430 4969 Christi,
1461 4898 1602 4955 solis
1634 4900 2001 4972 spiritualis;

365 4983 519 5040 sicut
537 4986 731 5043 radios
765 4987 864 5043 illa
895 4989 1110 5044 emittit
1151 4995 1204 5043 et
1238 4988 1294 5043 in
1311 4989 1634 5044 mercedem
1651 4989 2006 5045 animaacon-

365 5076 539 5148 cepit,
575 5095 702 5149 quae
731 5085 922 5152 ipsum
958 5098 1089 5136 cum
1122 5082 1230 5136 fide
1260 5091 1312 5137 et
1344 5098 1541 5138 amore
1571 5081 1837 5154 suscipit.
1861 5086 2005 5138 Cum

364 5165 424 5220 in
466 5165 802 5227 habitacula
851 5177 951 5226 tuo
981 5171 1181 5239 fueris,
1215 5172 1284 5226 de
1315 5171 1429 5227 Deo
1461 5171 1702 5243 cogites,
1738 5170 2004 5227 animum

362 5255 436 5310 ab
494 5258 768 5312 omnibus
828 5259 1139 5314 abstrahas
1196 5265 1253 5314 et
1310 5261 1433 5314 sine
1491 5275 1630 5314 voce
1676 5259 1890 5314 referas
1932 5261 2002 5315 ad

361 5343 579 5414 Deum;
613 5363 820 5403 omnes
851 5349 1041 5404 cordis
1075 5349 1152 5404 tui
1184 5347 1596 5421 dispositiones
1632 5347 1742 5419 ipsi
1775 5349 2005 5420 aperias

362 5438 421 5489 et
442 5435 744 5492 adhereas
770 5455 873 5509 per
893 5455 1174 5495 amorem.
1208 5439 1338 5494 Haec
1369 5438 1526 5493 enim
1551 5437 1649 5493 Dei
1680 5438 2005 5494 recordatio

358 5523 530 5593 quasi
578 5523 812 5582 intuitio
869 5535 990 5582 est:
1042 5529 1250 5584 animae
1281 5543 1491 5584 sensus
1522 5532 1578 5582 et
1607 5525 1808 5582 oculos
1838 5527 1909 5583 ad
1942 5545 2005 5585 se

351 5611 532 5668 trahit
562 5617 736 5683 Deus,
757 5616 858 5686 qui
890 5615 1114 5674 lumine
1144 5633 1252 5674 suo
1285 5620 1544 5673 mentem
1568 5616 1811 5674 conside

2043 1792 2092 1857 B

2134 489 2465 564 Λογισμοὺς,
2502 488 2700 564 μέχρις
2733 487 2987 564 ἃνεῦρῃς
3031 491 3123 546 τὸν
3169 491 3338 544 τόπον
3395 496 3496 559 τῆς
3549 491 3797 567 καθαρᾶς

2128 585 2466 654 προσευχῆς,
2526 579 2616 633 καὶ
2671 580 2763 632 τὸν
2826 579 2996 646 οἶκον,
3048 578 3100 632 ἐν
3148 577 3193 651 ᾧ
3245 579 3478 655 Χριστὸς
3521 585 3791 648 κατοικεῖ,

2131 667 2382 744 φωτίζων
2439 667 2531 721 καὶ
2585 666 2898 741 γλυκαίνων
2954 687 3012 721 σε
3066 670 3136 740 τῇ
3195 666 3510 743 ἐπιγνώσει,
3568 667 3656 722 καὶ
3716 670 3789 741 τῇ

2129 755 2404 831 ἐπισκέψει
2463 755 2649 826 αὐτοῦ,
2703 755 2792 810 καὶ
2847 755 3268 832 παρασκευάζων
3332 756 3428 819 τὰς
3492 757 3586 829 μὶν
3647 756 3789 830 ὑπὲρ

2130 845 2292 900 αὐτοῦ
2355 843 2566 920 θ)ίψεις
2620 846 2869 919 ἡγεῖσθαι
2951 847 3147 920 χαρὰν,
3199 846 3297 908 τὰς
3383 843 3441 900 δὲ
3510 846 3789 920 κοσμικὰς

2128 932 2331 1004 ἡδονὰς
2406 936 2644 1010 καθάπερ
2725 956 2776 990 τι
2840 933 3088 1008 ἀψίνθιον
3169 937 3245 1008 μὴ
3320 933 3652 1010 προσίεσθαι.
3711 938 3791 988 Τὰ

2126 1024 2404 1097 πνεύματα
2485 1032 2585 1094 τῆς
2672 1024 2955 1096 θαλάσσης
3027 1023 3220 1101 ἐγείρει
3277 1025 3344 1079 τὰ
3400 1023 3635 1098 κύματα,
3692 1025 3791 1079 καὶ

2128 1113 2175 1167 εἴ
2208 1115 2284 1186 μὴ
2317 1112 2618 1169 παύσονται
2677 1115 2731 1168 οἱ
2785 1111 3001 1187 ἄνεμοι,
3030 1114 3094 1168 ού
3133 1116 3360 1184 κοπάζει
3419 1116 3487 1169 τὰ
3540 1114 3787 1187 κύματα,

2125 1202 2215 1256 καὶ
2249 1203 2360 1277 οὐχ
2386 1205 2690 1279 ἡμεροῦται
2721 1205 2756 1272 ἡ
2791 1202 3036 1266 θάλασσα
3070 1222 3082 1235 ·
3117 1202 3207 1258 καὶ
3237 1203 3306 1258 τὰ
3343 1204 3625 1277 πνεύματα
3680 1210 3788 1273 τῆς

2129 1292 2396 1366 πονηρίας
2455 1292 2796 1348 ἀνακινοῦσιν
2857 1290 2909 1348 ἐν
2987 1296 3056 1368 τῇ
3129 1295 3285 1368 ψυχῇ
3354 1297 3451 1348 τοῦ
3537 1291 3790 1366 ἀμελοῦς

2131 1383 2351 1455 μνήμην
2441 1383 2649 1456 γονέων
2683 1423 2699 1450 ,
2759 1379 3007 1458 ἀδελφῶν
3045 1425 3059 1451 ,
3117 1386 3434 1457 συγγενῶν,
3494 1384 3788 1453 συνήθων,

2127 1469 2470 1543 συμποσίων,
2523 1469 2904 1547 πανηγύρεων,
2965 1471 3224 1546 θεάτρων,
3282 1472 3373 1526 καὶ
3429 1475 3536 1526 τῶν
3587 1469 3788 1526 ἄλλων

2125 1560 2341 1615 πάντων
2394 1565 2496 1624 τῆς
2555 1557 2761 1630 ἡδονῆς
2811 1560 3224 1638 φαντασμάτων,
3257 1561 3349 1617 καὶ
3403 1560 3790 1636 ὑπαγορεύου-

2127 1670 2208 1702 σιν
2268 1643 2412 1722 ὄψει,
2471 1647 2563 1703 καὶ
2619 1649 2859 1723 γλώττῃ,
2919 1649 3008 1704 καὶ
3067 1650 3284 1723 σώματι
3356 1656 3456 1721 τὴν
3520 1649 3784 1726 ἐντυχίαν

2125 1739 2420 1806 ποιεῖσθαι,
2445 1735 2538 1792 ⁴ίνα
2565 1738 2653 1792 καὶ
2698 1740 2727 1808 ἡ
2783 1737 3048 1794 ένεστῶσα
3094 1737 3211 1814 ὥρα
3269 1737 3618 1796 ἀναλίσκεται
3673 1760 3787 1813 μα-

2119 1825 2307 1895 ταίως,
2338 1826 2428 1880 καὶ
2459 1828 2495 1896 ἡ
2536 1826 2784 1895 ἐπιοῦσα,
2815 1826 2980 1897 ἡνίκα
3029 1826 3194 1900 μόνος
3255 1828 3418 1902 μένῃς
3478 1825 3628 1884 ἔνδον
3679 1831 3786 1882 τοῦ

2115 1913 2366 1983 κελλίον,
2399 1913 2697 1971 δαπανᾶται
2728 1914 2782 1970 ἐν
2831 1921 2950 1980 ταῖς
3007 1919 3254 1991 μνήμαις
3305 1922 3415 1973 τῶν
3475 1916 3783 1982 θεαθέντων

2114 2004 2205 2059 καὶ
2265 2004 2616 2075 λαληθέντων
2655 2027 2666 2040 ·
2702 2005 2789 2060 καὶ
2849 2005 2991 2061 οὕτω
3048 2006 3351 2074 ἆσυντεΑῆς
3410 2009 3440 2077 ἡ
3507 2008 3622 2077 ζωὴ
3676 2011 3785 2065 τοῦ

2118 2098 2366 2168 μοναχοῦ
2415 2091 2714 2165 διανύεται,
2746 2094 2822 2156 εἷς
2873 2096 3140 2168 κοσμικὰς
3191 2095 3443 2170 ἐργασίας
3490 2096 3588 2159 τὰς
3642 2097 3784 2151 δαυ-

2113 2187 2221 2237 τῶν
2281 2185 2498 2256 μνήμας
2551 2181 2855 2261 γλύφουσιν
2911 2183 2962 2239 έν
3021 2188 3090 2258 τῇ
3143 2182 3376 2256 διανοίᾳ,
3407 2184 3645 2260 καθάπερ
3679 2184 3785 2240 1:6-

2114 2269 2201 2335 δες
2257 2273 2545 2347 ἀνθρώπου
2590 2273 2658 2328 τὰ
2705 2271 2819 2328 ἴδια
2863 2271 2997 2349 ἴχνη
3048 2274 3100 2328 έν
3153 2273 3304 2349 χιό-ιι
3341 2271 3675 2350 βαδίζοντες.
3711 2274 3781 2330 Εἰ

2117 2361 2316 2435 βρῶμα
2369 2367 2490 2423 τοῖς
2554 2361 2768 2436 θηρίοις
2823 2364 3162 2438 παρέχομεν,
3194 2362 3329 2418 πότε
3382 2364 3778 2436 θανατώσομεν

2111 2450 2284 2518 αὐτάς
2317 2451 2404 2505 καὶ
2452 2451 2499 2506 εί
2560 2450 2610 2505 ἐν
2671 2446 2852 2527 ἔργοις
2903 2451 2994 2506 καὶ
3051 2449 3350 2527 λογισμοῖς
3399 2459 3499 2523 τῆς
3559 2449 3778 2528 ἀλόγου

2113 2535 2299 2614 φιλίας
2330 2538 2421 2594 καὶ
2478 2540 2764 2610 συνηθείας
2822 2538 3262 2617 ἆδολεσχοῦμεν,
3293 2540 3428 2597 πότε
3480 2544 3581 2611 τῆς
3639 2563 3778 2619 σαρ-

2109 2626 2206 2688 κὸς
2256 2629 2595 2703 νεκρώσομεν
2637 2629 2699 2684 τὸ
2756 2628 3065 2707 φρόνημα;
3125 2629 3260 2685 πότε
3313 2631 3375 2698 ἣν
3434 2627 3780 2704 ἐπηγγειλά-

2114 2727 2252 2787 μεθα
2281 2718 2417 2770 κατὰ
2446 2718 2677 2791 Χριστὸν
2739 2719 2886 2787 ζωήν
2949 2721 3186 2792 ζήσομεν
3213 2739 3229 2789 ;
3260 2720 3322 2776 Ὀ
3382 2719 3432 2774 ἐν
3468 2719 3620 2794 χιόνι
3675 2718 3781 2773 τύ-

2109 2825 2212 2859 πος
2269 2809 2378 2860 τῶν
2437 2803 2646 2878 ποδῶν,
2679 2805 2714 2875 ἢ
2747 2803 3067 2880 λάμψαντος
3125 2806 3291 2876 ἡλίου
3353 2805 3563 2877 λύεται,
3595 2807 3631 2876 ἢ
3665 2829 3774 2862 κα-

2107 2892 2463 2970 ταρραγέντος
2523 2893 2716 2957 ὕδατος
2774 2894 2987 2971 οἴχεται
3045 2915 3056 2928 '
3117 2897 3208 2951 καὶ
3259 2897 3315 2952 αἱ
3382 2895 3769 2961 κοιλανθεῖσαι

2114 2989 2328 3056 μνῆμαι
2359 2981 2410 3038 ἐν
2435 2988 2502 3058 τῇ
2535 2981 2748 3057 διανοίᾳ
2777 2983 2837 3040 έκ
2872 2983 3178 3062 φιληδόνου
3209 2983 3501 3050 διαθέσεως
3535 2987 3626 3042 καὶ
3657 2992 3772 3042 τῶν

2108 3071 2375 3144 πράξεων,
2415 3074 2519 3129 ὑπὸ
2548 3075 2786 3148 Χριστοῦ
2813 3079 2911 3130 τοῦ
2941 3073 3342 3138 ἀνατέλλοντος
3367 3075 3420 3131 ἐι
3451 3080 3520 3151 τῇ
3569 3074 3780 3152 καρδίᾳ

2037 3144 2080 3210 C
2120 3158 2209 3216 διὰ
2264 3170 2604 3238 προσευχῆς,
2635 3164 2726 3218 καὶ
2777 3170 2876 3235 τῆς
2929 3163 3324 3220 εὐκατανύκτου
3386 3166 3602 3242 βροχῆς
3659 3171 3777 3222 τῶν

2116 3248 2362 3328 δακρύων
2393 3251 2815 3330 ἐξαφανίζονται.

2183 3378 2245 3435 Ὀ
2302 3381 2433 3453 γοῦν
2495 3379 2571 3451 μή
2629 3379 2766 3434 κατὰ
2815 3376 2982 3456 λόγον
3034 3378 3284 3455 πράττων
3325 3382 3593 3456 μοναχὸς,
3627 3381 3772 3439 πότε

2111 3466 2206 3528 τὰς
2261 3465 2311 3520 ἐν
2369 3471 2438 3542 τῇ
2497 3465 2709 3540 διανοίᾳ
2762 3467 3072 3544 προλήψεις
3125 3469 3451 3544 ἀπαλείψεις
3502 3470 3770 3528 Τελεῖται

2111 3559 2302 3631 πρᾶξις
2358 3557 2562 3631 ἀρετῶν
2612 3557 2664 3612 ἐν
2718 3562 2798 3630 τῷ
2857 3558 3093 3632 σώματι,
3126 3559 3217 3614 ἐὰν
3262 3557 3602 3635 καταλείψῃς
3659 3563 3768 3630 τὴν

2109 3649 2207 3700 τοῦ
2262 3645 2474 3718 κόσμου
2530 3648 2837 3717 συνήθειαν.
2893 3651 3200 3706 Τυποῦνται
3261 3657 3473 3724 μνῆμαι
3540 3651 3771 3726 ἀγαθαὶ,

2111 3735 2197 3790 καὶ
2233 3736 2373 3789 θεῖοι
2401 3733 2556 3811 λόγοι
2589 3735 2998 3814 φιλοχωροῦσιν
3049 3736 3104 3792 ἐν
3151 3741 3221 3812 τῇ
3279 3741 3458 3815 ψυχῇ,
3489 3738 3578 3794 ἐὰν
3639 3761 3774 3797 συν-

2114 3825 2295 3900 εχέσιν
2325 3823 2534 3900 εὐχαῖς,
2566 3825 2700 3897 μιτᾶ
2758 3827 2968 3902 θερμῆς
3023 3826 3356 3901 κατανύξεως
3415 3829 3772 3905 ἀνυομέναις,

2113 3912 2164 3968 ἐν
2223 3916 2292 3986 τῇ
2352 3909 2560 3985 διανοίᾳ
2615 3913 2711 3976 τὰς
2772 3917 2994 3988 μνήμας
3038 3920 3146 3971 τῶν
3177 3916 3458 3992 προτέρων
3514 3919 3772 3993 πράξεων

2112 4000 2422 4076 ἐξαλείψῃς.
2475 4003 2536 4058 Ὀ
2577 4003 2858 4076 φωτισμὸς
2913 4003 3016 4079 γὰρ
3072 4007 3170 4074 τῆς
3228 4005 3461 4068 πίστεως
3518 4014 3620 4078 τῆς
3670 4014 3776 4064 τοῦ

2112 4089 2246 4146 Θεοῦ
2297 4093 2546 4164 μνήμης,
2583 4090 2672 4145 καὶ
2728 4094 2763 4161 ἡ
2825 4088 3082 4162 συντριϐἠ
3141 4101 3242 4164 τῆς
3295 4092 3546 4171 καρδίας,
3610 4094 3777 4167 δίκην

2114 4179 2296 4256 ξυρίου
2351 4180 2449 4242 τὰς
2508 4181 2754 4256 πονηρὰς
2817 4180 3105 4255 ἀποξέουσι
3169 4185 3414 4257 μνήμας.
3466 4187 3772 4258 Μιμήθητι

2111 4274 2217 4324 τῶν
2282 4267 2556 4342 μελισσῶν
2609 4271 2710 4340 τὴν
2768 4270 2988 4349 σοφίαν.
3046 4274 3282 4329 Ἐκεῖναι
3353 4275 3454 4350 γὰρ
3522 4271 3774 4331 εἶδοῦσαι

2111 4360 2172 4414 τὸ
2203 4364 2412 4434 σμῆνος
2443 4364 2550 4413 τῶν
2579 4363 2804 4438 σφηκῶν
2832 4361 2956 4436 περῖ
2989 4362 3153 4425 αὐτὰς
3183 4366 3285 4432 τήν
3330 4370 3528 4432 πτῆσιν
3577 4385 3777 4420 ποιου-

2119 4450 2312 4522 μένων,
2345 4445 2494 4504 ἔνδον
2526 4453 2622 4504 τοῦ
2671 4444 2912 4522 σίμϐλου
2969 4451 3365 4526 παραμένουσι,
3400 4453 3486 4507 καὶ
3543 4454 3646 4522 τήν
3711 4453 3777 4509 ἐκ

2113 4543 2220 4594 τῶν
2272 4533 2580 4594 ἐπιϐούλων
2665 4533 2879 4615 βλάϐην
2956 4536 3446 4615 διαδιδράσκουσιν.
3515 4544 3776 4618 Σφηκίας

2113 4629 2225 4683 νόει
2253 4629 2349 4691 τὰς
2379 4628 2647 4702 κοσμικὰς
2697 4628 3014 4704 συντυχίας.
3045 4629 3250 4691 Ταύτας
3301 4627 3515 4705 σπουδῇ
3573 4630 3775 4706 πολλῇ

2116 4719 2349 4798 φεύγων,
2399 4717 2676 4793 παράμενε
2753 4716 2805 4772 ἐν
2891 4722 2970 4790 τῷ
3051 4715 3261 4792 ταμείῳ
3324 4724 3421 4775 τοῦ
3485 4720 3774 4795 σεμνείου,

2113 4808 2394 4865 κάντεῦθεν
2435 4811 2606 4882 πειρῶ
2643 4806 2809 4862 πάλιν
2865 4807 3204 4883 εἷσέρχεσθαι
3261 4809 3313 4864 έν
3360 4814 3441 4882 τῷ
3497 4807 3776 4886 ἐνδοτέρω

2113 4901 2211 4971 τῆς
2243 4901 2430 4973 ψυχῆς
2457 4895 2723 4975 φρουρίῳ,
2757 4897 2890 4971 ὅπερ
2943 4899 3087 4960 οἶκος
3141 4899 3379 4973 Χριστοῦ
3437 4898 3601 4972 ἔστιν,
3635 4899 3689 4955 ἐν
3725 4900 3776 4973 ᾧ

2116 4987 2331 5058 είρήνη,
2383 4984 2471 5038 καὶ
2533 4983 2696 5057 χαρὰ,
2757 4984 2846 5038 καὶ
2931 4982 3143 5060 γαλήνη
3235 4981 3468 5058 βεϐαίως
3551 4989 3774 5065 ὁρᾶται.

2114 5078 2227 5132 Τοῦ
2278 5077 2479 5144 νοητοῦ
2537 5070 2706 5141 ἡλίου
2752 5075 2988 5148 Χριστοῦ
3044 5075 3110 5126 τὰ
3156 5070 3308 5148 δῶρα
3360 5079 3552 5146 ταῦτα,
3598 5077 3777 5132 καθά-

2114 5183 2214 5237 περ
2271 5163 2419 5224 τινὰς
2476 5162 2694 5223 ἀκτῖνας
2761 5163 2888 5238 παρ’
2946 5163 3138 5218 ἑαυτοῦ
3213 5162 3615 5238 ἐκπέμποντος,
3674 5167 3775 5222 καὶ

2115 5253 2296 5327 ὥσπερ
2352 5251 2472 5305 τινὰ
2533 5250 2724 5324 μισθὸν
2801 5253 3187 5327 παρεχομένου
3244 5257 3312 5328 τῇ
3376 5253 3773 5331 ὑποδεχομᾶνῃ

2113 5341 2274 5396 αὐτὸν
2331 5343 2485 5414 ψυχῇ
2549 5340 2684 5412 μετὰ
2733 5340 2966 5404 πίστεως
2994 5341 3082 5397 καὶ
3126 5339 3480 5419 φιλοκαλίας.
3505 5346 3774 5419 Καθήμε-

2113 5453 2204 5494 νος
2231 5434 2358 5507 γοῦν
2415 5428 2466 5484 ἐν
2513 5433 2596 5500 τῷ
2647 5426 2805 5500 οἹκῳ,
2841 5429 3147 5503 μνημόνευε
3192 5435 3348 5504 Θεοῦ,
3380 5432 3620 5510 ἐπαίρων
3673 5434 3775 5489 τὸν

2111 5524 2236 5578 νοῦν
2297 5520 2402 5574 ἀπὸ
2456 5519 2695 5586 πάντων,
2751 5518 2842 5572 καὶ
2917 5521 3055 5594 πρὸς
3129 5521 3222 5576 τὸν
3289 5523 3419 5577 Θεὸν
3479 5523 3774 5598 ἀφθὸγγως

2113 5607 2470 5687 ἐπιῤῥίπτων,
2499 5606 2591 5664 καὶ
2621 5610 2790 5663 πᾶσαν
2838 5614 2940 5680 τῆς
2977 5606 3202 5687 καρδίας
3255 5608 3492 5668 διάθεσιν
3551 5611 3768 5688 ἰκχέων
