4034 6200
258 297 378 354 389

1209 298 1305 351 DE
1344 297 1795 354 ABSCONDITA
1830 298 2305 358 OPERATIONE
2343 306 2420 359 IN
2457 306 2768 365 CHRISTO

3593 319 3701 375 390

254 423 493 477 ἐνώπιον
524 421 717 490 αὐτοῦ,
746 420 837 474 καὶ
888 417 978 475 διὰ
1024 424 1126 489 τῆς
1167 420 1380 494 ἀγάπης
1439 422 1588 488 αὐτῷ
1646 420 1923 497 προσκολ-

2048 426 2369 485 illuminat.
2399 432 2507 495 Qui
2539 432 2819 504 spiritum
2849 452 3024 491 suum
3065 437 3135 492 ad
3176 443 3357 496 Deum
3386 446 3702 516 convertit,

256 511 538 585 λώμενος.
604 511 815 582 Μνήμη
874 508 978 584 γὰρ
1038 512 1175 563 Θεοῦ
1254 510 1455 584 θεωρία
1538 516 1671 566 Θεοῦ
1755 511 1923 584 ἐστιν,

253 600 521 662 ἕλκοντος
569 600 669 666 τὴν
718 600 904 674 ὅρασιν
962 598 1053 653 καὶ
1108 600 1209 667 τὴν
1260 596 1439 677 ἔφεσιν
1484 606 1582 655 τοῦ
1640 606 1731 656 νοῦ
1782 603 1919 678 πρὸς

257 689 475 759 ἑαυτόν,
507 688 596 743 καὶ
626 688 705 758 τῷ
744 689 871 762 παρ’
900 687 1072 758 ἑαυτῴ
1110 688 1249 764 φωτὶ
1301 690 1763 763 περιαυγάζοντος
1823 691 1920 745 αύ-

256 779 375 833 τόν.
410 775 785 854 ’Βπιστρέφων
838 776 939 850 γὰρ
972 777 1001 830 6
1032 781 1157 838 νοῦς
1216 777 1355 853 πρὸς
1396 779 1487 833 τὸν
1548 779 1705 848 Θεὸν,
1735 779 1786 833 ἐν
1840 783 1919 851 τῷ

256 869 593 924 καταπαύειν
626 873 798 930 πάσας
824 868 923 928 τὰς
954 864 1266 929 εἶ’δοποιοὺς
1296 872 1403 921 τῶν
1464 864 1633 923 ὄντων
1689 870 1916 941 ἑννοίας,

256 955 519 1019 ἀνειδεῶς
578 958 679 1031 ὁρᾷ
711 976 723 989 ·
756 956 845 1011 καὶ
904 959 973 1029 τῇ
1026 957 1146 1010 καθ’
1201 956 1477 1032 ὑπεροχὴν
1537 959 1774 1033 ἀγνωσία
1832 958 1920 1013 διὰ

255 1048 322 1102 τὸ
371 1049 475 1116 τῆς
537 1043 699 1115 δόξης
757 1045 1076 1119 ἀπρόσιτον,
1108 1046 1207 1113 τὴν
1263 1046 1455 1100 ἑαυτοῦ
1516 1047 1708 1122 βλέψιν
1772 1048 1918 1121 λαμ-

255 1135 458 1211 πρύνει
492 1154 505 1167 ·
537 1134 629 1189 καὶ
683 1134 760 1206 μή
804 1134 1087 1208 γινώσκων
1143 1131 1233 1187 διὰ
1279 1134 1378 1202 τὴν
1412 1133 1790 1209 ἀκαταληψίαν
1821 1140 1917 1189 τοῦ

257 1226 573 1299 ὁρωμένου,
600 1221 856 1297 γινώσκει
906 1219 994 1277 διὰ
1050 1225 1150 1292 τήν
1206 1222 1467 1292 ἀλήθειαν
1523 1227 1621 1278 τοῦ
1679 1225 1883 1300 κυρίως
1941 1221 2118 1295 ὄντος,
2167 1228 2256 1281 καὶ
2318 1228 2487 1299 μόνου
2542 1231 2604 1284 τὸ
2667 1231 2937 1307 ὑπερεῖναι
2996 1232 3223 1310 ἔχοντος
3265 1257 3277 1269 ο

2041 516 2283 572 retrahit
2300 535 2332 573 a
2351 536 2546 575 rerum
2565 522 2884 578 visibilium
2910 526 3271 597 imaginibus
3294 537 3350 585 et
3368 533 3593 604 absque
3621 535 3687 591 ﬁ-

2031 621 2107 677 gu
2119 623 2181 660 ra
2197 609 2659 680 contemplatur;
2677 616 2957 680 attamen,
2978 618 3690 685 propterinaccessibilem

2030 695 2301 765 gloriam,
2330 697 2511 751 Deum
2547 699 2603 752 in
2641 717 2701 755 se
2725 717 3074 771 cognoscere
3106 707 3310 775 nequit
3329 714 3387 762 et
3414 709 3571 765 solos
3593 730 3678 767 re-

2032 782 2177 854 cipit
2200 785 2422 854 radios;
2443 787 2580 842 dum
2606 789 2762 843 videt
2783 790 3434 862 incomprehensibilem
3449 841 3462 864 ,
3479 815 3694 871 cogno-

2029 873 2139 926 scit
2179 876 2721 944 supereminentem
2747 879 3115 935 existentiam
3160 883 3340 955 illius,
3366 887 3463 958 qui
3497 890 3693 944 omnia

2029 967 2306 1032 superat;
2343 979 2409 1018 ex
2457 964 2687 1019 inﬁnita
2740 972 2935 1022 autem
2983 969 3245 1027 l-onitate
3284 975 3384 1029 Dei
3430 992 3688 1032 amorem

2030 1067 2203 1104 suum
2250 1053 2455 1117 nutrit,
2500 1070 2730 1109 omnem
2775 1072 2942 1111 suam
2972 1059 3253 1130 adimplet
3284 1064 3690 1135 capacitatem,

2031 1140 2288 1210 quietem
2326 1141 2499 1197 habet
2530 1143 2960 1201 indeficientem
2993 1153 3051 1202 et
3078 1149 3331 1205 beatam.

3341 1238 3429 1294 καὶ
3482 1237 3569 1295 διὰ
3624 1244 3688 1298 τὸ

253 1314 533 1371 πλούσιον
560 1320 660 1381 τῆς
690 1312 890 1367 ἐκεῖθεν
945 1306 1317 1383 ἐκϐλυζούσης
1342 1312 1677 1387 ἀγαθότητος
1703 1312 1911 1391 τρέφων
1942 1316 2035 1370 τὸν
2067 1316 2258 1370 ἑαυτοῦ
2288 1312 2483 1391 ἔρωτα,
2516 1318 2604 1375 καί
2632 1321 2729 1389 τὴν
2764 1306 2900 1376 tam
2934 1306 3243 1400 évtp'éxemw
3287 1327 3688 1406 πληροφορῶν,

250 1403 617 1464 ἀναπαύσεως
649 1400 895 1472 ἀλήκτου
926 1400 1015 1456 καὶ
1052 1400 1320 1476 μακαρίας
1349 1402 1716 1473 καταξιοῦται.

325 1497 519 1552 Ταῦτα
552 1492 646 1563 μὶν
678 1492 744 1546 τὰ
784 1495 884 1557 τῆς
944 1485 1201 1566 ἀκριϐοῦς
1266 1494 1492 1564 μνήμης
1546 1492 1917 1568 γνωρίσματα,

252 1583 559 1658 Προσευχή
622 1578 678 1635 δέ
724 1581 833 1634 ἐστι
893 1577 1130 1655 διαλογὴ
1186 1578 1429 1641 διανοίας
1503 1582 1640 1657 πρὸς
1698 1582 1923 1658 Κύριον,

257 1673 489 1747 ῥήματα
520 1669 756 1740 δεήσεως
800 1666 1086 1723 διανύουσα
1140 1670 1275 1741 μετὰ
1324 1676 1424 1738 τῆς
1483 1674 1579 1725 τοῦ
1630 1675 1726 1724 νοῦ
1784 1672 1919 1744 πρὸς

256 1761 392 1815 Θεὸν
458 1757 657 1828 ὁλικῆς
714 1758 1020 1819 ἀτενίσεως.
1054 1763 1165 1826 Τῆς
1226 1756 1471 1822 διανοίας
1516 1759 1619 1834 γὰρ
1672 1764 1916 1834 συνεχῶς

258 1849 718 1923 ὑπαγορευούσης
774 1848 837 1901 τὸ
893 1850 991 1900 τοῦ
1049 1846 1251 1921 Κυρίου
1309 1842 1505 1920 ὄνομα,
1538 1848 1625 1902 καὶ
1682 1854 1780 1903 τοῦ
1827 1854 1920 1902 νοῦ

253 1940 510 2013 ἐναργῶς
560 1940 628 2011 τῇ
681 1935 969 2006 ἐπικλήσει
1022 1940 1119 1990 τσῦ
1178 1936 1324 1990 θείου
1400 1936 1672 2010 ὀνόματος
1749 1958 1918 2010 προσ-

2102 1497 2281 1568 signa
2327 1504 2523 1555 autem
2578 1506 2638 1557 et
2684 1502 3051 1560 characteres
3107 1508 3373 1577 perfecte
3422 1510 3685 1566 recorda-

2032 1585 2209 1641 tionis
2232 1588 2323 1642 Dei
2354 1593 2493 1644 sunt
2516 1591 2841 1661 sequentia.
2860 1592 3057 1649 Oratio
3084 1597 3340 1666 primum
3363 1603 3451 1653 est
3475 1600 3687 1655 mentis

2032 1674 2390 1747 colloquium
2426 1695 2558 1733 cum
2592 1680 2708 1734 Deo
2734 1698 2746 1744 ;
2768 1681 2941 1735 verba
2973 1686 3350 1752 proferuntur
3381 1688 3684 1755 orationis,

2032 1764 2171 1819 dum
2193 1766 2428 1821 animus
2445 1772 2600 1823 totus
2617 1769 2684 1822 ad
2712 1769 2896 1824 Deum
2921 1770 3192 1827 intendit.
3213 1774 3377 1831 Mens
3401 1778 3683 1848 suggerit,

2032 1852 2204 1907 modo
2225 1852 2615 1921 indesinente,
2642 1873 2851 1912 nomen
2885 1859 3134 1925 Domini,
3160 1866 3214 1915 et
3238 1864 3472 1918 animus
3496 1865 3685 1919 conti-

2032 1941 2423 1998 nuoinvocato
2440 1945 2674 1999 nomine
2689 1945 2882 2001 divino
2898 1952 3053 2001 atten
3066 1948 3385 2015 dit;exinde
3408 1953 3468 2005 [it
3484 1957 3547 2006 ut
3560 1953 3681 2007 ani-

252 2029 517 2103 ἐχοντος,
549 2030 646 2095 τῆς
676 2031 773 2081 τοῦ
794 2030 928 2081 Θεοῦ
958 2027 1213 2101 γνώσεως
1247 2026 1311 2082 τὸ
1360 2031 1474 2104 φῶς
1519 2030 1759 2101 καθάπερ
1808 2050 1923 2103 φω-

2029 2046 2122 2086 ma
2160 2035 2284 2086 tota
2325 2032 2493 2103 quasi
2535 2034 2689 2088 nube
2729 2033 2926 2090 lucida
2965 2035 3367 2093 obumbretur.
3400 2038 3673 2095 Sedulam

248 2123 446 2190 τεινὴν
505 2118 737 2196 νεφέλην
790 2124 964 2173 πᾶσαν
1030 2117 1327 2187 ἐπισκιάζει
1374 2120 1476 2187 τὴν
1517 2122 1725 2195 ψυχήν,
1760 2121 1917 2176 Ἐπε-

244 2232 334 2265 ται
373 2208 440 2265 δὲ
470 2212 541 2282 τῇ
586 2210 683 2281 μὲν
725 2202 937 2280 ἀκριϐεῖ
997 2210 1191 2282 μνήμῃ
1243 2213 1340 2263 τοῦ
1398 2213 1530 2264 Θεοῦ
1584 2210 1763 2284 ἀγάπη
1826 2210 1915 2265 καὶ

250 2300 407 2375 χαρᾶ
443 2317 457 2332 ⁶
493 2322 522 2349 ‹‹
558 2298 869 2370 Ἐμνήσθην
918 2297 1044 2372 γὰρ,
1088 2296 1243 2371 φησί,
1297 2302 1393 2352 τοῦ
1452 2302 1608 2369 Θεοῦ,
1663 2300 1752 2353 καὶ
1812 2298 1916 2369 ηὗ-

247 2387 526 2466 φράνθην.
585 2410 615 2439 ››
666 2389 744 2459 Τῇ
813 2382 870 2439 δὲ
925 2390 1135 2459 καθαρᾷ
1204 2391 1514 2461 προσευχῇ,
1566 2392 1769 2461 γνῶσις
1821 2388 1912 2442 καὶ

248 2478 594 2548 κατάνυξιςο
632 2499 659 2526 ι(
703 2477 787 2531 Ἐν
940 2473 1001 2528 ἂν
1060 2475 1245 2548 ἡμέρᾳ
1299 2475 1423 2552 γὰρ,
1478 2477 1665 2554 φησὶν,
1727 2476 1917 2533 ἐπικα-

252 2566 498 2639 λὲσομαί
555 2585 636 2633 σε,
669 2562 788 2619 ἰδοὺ
828 2562 1000 2640 ἔγνων
1059 2564 1141 2619 ὅτι
1200 2564 1328 2626 Θεός
1390 2586 1497 2639 μου
1543 2566 1591 2619 εἶ
1629 2566 1713 2622 σύ.
1753 2591 1781 2618 ι)
1812 2567 1915 2623 Καὶ

250 2655 454 2710 πάλιν·
494 2680 515 2704 ι
552 2654 722 2709 Θυσία
777 2658 856 2725 τῷ
916 2658 1055 2726 Θεῷ,
1104 2658 1319 2728 πνεῦμα
1368 2657 1850 2728 συντετριμμένον.
1886 2678 1911 2710 ι

250 2745 404 2807 Νοὸς
463 2744 566 2819 γαρ
620 2744 711 2797 καὶ
768 2740 1013 2805 διανοίας
1072 2745 1485 2820 παρισταμένων
1531 2745 1610 2816 τῷ
1669 2751 1785 2818 Θεῴ
1845 2745 1918 2801 δι’

252 2834 514 2910 ἐνεργοῦς
571 2831 857 2894 ἀτενίσεως
907 2832 998 2886 καὶ
1072 2834 1279 2907 θερμῆς
1349 2832 1605 2904 δεήσεως,
1655 2836 1746 2889 καὶ
1815 2842 1913 2906 τῆς

248 2926 451 2998 ψυχῆς
478 2924 515 2992 ἡ
548 2922 831 2994 κατάνυξις
864 2919 1175 2978 ἀκολουθεῖ.
1210 2926 1324 2979 Νοῦ
1365 2920 1443 2993 δὲ,
1476 2922 1564 2977 καὶ
1598 2923 1792 2998 Λόγου,
1822 2926 1912 2978 καὶ

246 3012 570 3086 πνεύματος
629 3011 1082 3086 προσπιπτόντων
1142 3016 1221 3083 τῷ
1295 3017 1409 3084 Θεῷ
1482 3017 1579 3066 τοῦ
1659 3014 1774 3085 μὲν,
1824 3012 1914 3069 διὰ

242 3108 571 3177 προσοχῆς,
598 3104 698 3154 τοῦ
747 3097 825 3168 δὲ,
859 3098 928 3154 δι’
959 3098 1323 3171 ἐπικλήσεως,
1366 3106 1463 3156 τοῦ
1512 3100 1589 3169 δὲ,
1625 3100 1714 3157 διά
1749 3124 1910 3157 κατα-

242 3192 455 3261 νύξεως
488 3191 577 3244 καὶ
611 3189 848 3264 ἀγάπης,
880 3188 1010 3251 ὅλος
1061 3190 1089 3243 ὁ
1131 3188 1282 3245 ἔνδον
1329 3190 1616 3262 ἄνθρωπος
1662 3192 1911 3266 λειτουρ-

240 3286 333 3356 γεῖ
404 3285 493 3351 τῷ
553 3280 760 3353 Κυρίῳ.
823 3301 845 3329 ι
897 3281 1228 3353 Ἀγαπήσεις
1302 3282 1431 3357 γὰρ,
1498 3281 1652 3358 φησὶ,
1713 3281 1909 3355 Κύριον

2025 2120 2489 2176 recordationem
2533 2122 2790 2177 divinam
2837 2126 3290 2196 subsequuntur
3332 2128 3591 2191 charitas
3620 2136 3677 2183 et

2022 2208 2325 2279 gaudium.
2341 2210 2632 2282 Scriptum
2647 2216 2733 2265 est
2750 2230 2761 2267 :
2780 2234 2808 2260 ‹‹
2829 2213 2923 2267 Dei
2941 2216 3281 2271 recordatus
3297 2232 3450 2286 sum,
3470 2222 3526 2271 et
3542 2234 3673 2272 sum

2022 2298 2259 2369 gavisus
2280 2300 2320 2352 ⁸.
2361 2322 2389 2348 ››
2431 2300 2490 2355 Si
2526 2317 2672 2371 pura
2722 2301 2895 2355 fuerit
2942 2303 3151 2368 oratio,
3198 2306 3521 2361 adstabunt
3571 2323 3669 2362 co-

2021 2386 2207 2458 gnitio
2236 2393 2292 2442 et
2323 2389 2596 2444 contritio
2629 2389 2840 2445 cordis.
2875 2413 2901 2439 ‹‹
2932 2391 2995 2445 In
3041 2408 3157 2463 qua
3186 2393 3279 2449 die
3329 2395 3671 2451 invocavero

2020 2479 2097 2541 te,
2131 2492 2261 2531 ecce
2291 2477 2533 2550 cognovi
2576 2479 2715 2549 quia
2747 2483 2896 2534 Deus
2939 2497 3106 2535 meus
3139 2496 3199 2537 es
3232 2486 3293 2537 tu
3327 2483 3367 2539 ⁷.
3403 2505 3432 2532 ››
3466 2484 3532 2538 Et
3562 2483 3674 2539 ite-

2023 2581 2152 2618 rum
2186 2581 2198 2618 :
2233 2567 2646 2622 «Sacrificium
2683 2573 2794 2623 Deo
2826 2569 3072 2639 spiritus
3115 2572 3549 2627 contribulatus
3570 2573 3611 2626 ⁸.
3645 2596 3672 2621 ››

2023 2652 2166 2708 Cum
2216 2654 2462 2726 spiritus
2510 2660 2566 2712 et
2615 2672 2783 2712 mens
2822 2673 2924 2729 per
2973 2657 3216 2713 activam
3268 2659 3326 2715 in
3376 2660 3561 2717 Deum
3612 2680 3673 2718 se

2022 2744 2219 2798 ferunt
2247 2745 2627 2800 attentionem
2662 2752 2836 2817 atque
2856 2747 3135 2802 fervidam
3174 2749 3518 2817 orationem,
3544 2751 3685 2806 sub-

2022 2832 2285 2903 sequitur
2331 2834 2537 2890 anima
2588 2836 2882 2890 contritio.
2920 2836 3276 2907 Intellectus,
3330 2839 3571 2894 verbum
3622 2847 3677 2895 et

2022 2922 2267 2993 spiritus
2315 2929 2432 2979 Deo
2481 2941 2543 2979 se
2597 2929 2992 2995 praesentant:
3044 2925 3377 2981 intellectus
3438 2928 3674 2998 quidem

2021 3012 2292 3079 attendit,
2342 3012 2582 3067 verbum
2642 3013 2780 3068 facit
2828 3012 3174 3080 orationem,
3233 3016 3478 3084 spiritus
3539 3033 3673 3070 vero

2018 3100 2247 3171 perficit
2274 3117 2529 3155 amorem
2562 3107 2617 3156 et
2662 3099 3082 3156 contritioncm
3115 3144 3126 3168 ,
3171 3102 3253 3156 ita
3304 3107 3466 3158 totus
3498 3103 3671 3159 homo

2017 3186 2284 3243 internus
2313 3193 2431 3243 Deo
2463 3187 2801 3244 famulatur.
2829 3211 2856 3238 «
2883 3188 3101 3261 Diliges
3138 3189 3456 3246 Dominum
3490 3197 3671 3248 Deum

2018 3281 2187 3332 tuum
2219 3294 2287 3334 ex
2316 3282 2434 3334 toto
2458 3280 2629 3335 ccrde
2653 3283 2751 3335 tuo
2772 3279 2792 3313 ⁹
2813 3278 2895 3348 (in
2927 3280 3059 3335 aliis
3089 3279 3239 3351 cod.,
3262 3296 3332 3335 ex
3351 3284 3472 3336 tota
3506 3298 3676 3338 men—

241 3372 339 3425 τόν
408 3368 543 3423 Θεόν
603 3388 698 3422 σου
750 3366 801 3438 ἐξ
857 3365 995 3439 ὅλης
1050 3375 1152 3438 τῆς
1217 3367 1440 3444 καρδίας
1499 3391 1596 3425 σου
1647 3368 1720 3443 [ἐν
1776 3370 1906 3428 ἀλλ.
1942 3393 1985 3462 C
2024 3369 2082 3422 te
2111 3367 2254 3439 tua).
2292 3388 2320 3416 »

249 3458 508 3521 διανοίας
541 3460 684 3531 σου].
721 3483 743 3509 ι

324 3547 494 3615 Πλὴν
548 3545 748 3601 εἰδέναι
828 3568 886 3601 σε
965 3548 1056 3602 καὶ
1117 3552 1281 3603 τοῦτο
1360 3547 1655 3625 βούλομαι,
1720 3552 1918 3622 μήπως

248 3635 667 3714 προσεύχεσθαι
718 3635 1095 3709 λογιζόμενος,
1158 3638 1366 3713 μακρὰν
1422 3640 1521 3706 τῆς
1601 3646 1920 3713 προσευχῆς

253 3725 496 3802 βαδίζῃς
528 3724 616 3779 καί
668 3723 907 3800 ἀκερδῶς
962 3726 1199 3801 κάμνῃς,
1232 3728 1319 3781 καὶ
1374 3724 1625 3797 διακενῆς
1663 3730 1867 3804 τρὲχῃς
1898 3746 1912 3761 ⁸

246 3819 389 3891 ὅπερ
452 3814 506 3870 ἐν
565 3819 636 3887 τῇ
691 3818 789 3869 τοῦ
844 3815 1113 3888 στόματος
1175 3813 1476 3890 ψαλμῳδίᾳ
1504 3815 1764 3888 τελεῖται,
1800 3820 1828 3872 6
1860 3816 1917 3872 δὲ

241 3911 376 3971 νοῦς
439 3903 698 3978 ἀλλαχοῦ
756 3904 1103 3981 φίρεται,εἷς
1161 3907 1306 3976 πάθη
1366 3907 1456 3961 καὶ
1487 3907 1780 3982 πράγματα
1826 3928 1917 3980 με·

243 3996 571 4069 ριζόμενος,
606 3993 682 4054 ὡς
711 3994 949 4048 ἐντεῦθεν
998 3995 1089 4049 καὶ
1145 3996 1244 4063 τὴν
1303 3994 1505 4049 σύνεσιν
1567 4001 1666 4064 τῆς
1726 3994 1913 4068 ψαλμ-

241 4081 429 4155 ῳδίας
460 4080 825 4154 λυμαίνεσθαι
860 4102 873 4114 ’
903 4087 1064 4138 τοῦτο
1094 4084 1300 4159 γίνεται
1330 4084 1421 4139 καὶ
1452 4083 1503 4138 ἐν
1549 4088 1617 4157 τῇ
1680 4082 1907 4157 διανοίᾳ.

242 4171 539 4234 Πολλάκις
592 4171 694 4245 γὰρ
752 4171 920 4240 αὐτῆς
997 4169 1364 4249 διερχομένης
1419 4173 1487 4229 τά
1547 4172 1766 4249 ῥήματα
1813 4180 1913 4244 τῆς

239 4261 449 4336 εὐχῆς,
484 4262 513 4314 6
543 4264 669 4321 νοῦς
696 4260 755 4315 ού
814 4259 1109 4329 συνοδεύει,
1136 4262 1237 4317 οὐκ
1292 4261 1579 4331 ἐνατενίζει
1636 4268 1717 4335 τῷ
1772 4268 1910 4335 Θεῷ,

236 4351 383 4426 πρὸς
416 4350 476 4404 ’ὸν
519 4350 607 4403 καὶ
638 4352 673 4418 ἡ
705 4350 841 4405 κατά
866 4352 965 4419 τὴν
998 4353 1315 4425 προσευχὴν
1369 4349 1600 4425 διαλογὴ
1661 4351 1865 4425 γίνεςαι
1892 4371 1904 4385 ·

237 4438 559 4515 ἐκτρέπεται
596 4436 653 4492 δὲ
684 4440 785 4493 ὑπό
843 4462 1005 4495 τινων
1069 4439 1288 4495 ἐννοιῶν
1351 4440 1691 4511 λεληθότως.
1729 4442 1827 4498 Καὶ
1871 4444 1905 4511 ἡ

241 4528 339 4598 μὲν
376 4525 600 4582 διάνοια
632 4527 775 4601 λέγει
810 4530 1056 4598 συνήθως
1084 4530 1151 4584 τὰ
1179 4529 1400 4605 ῥήματα
1432 4548 1443 4561 ·
1484 4530 1511 4583 ὁ
1545 4527 1603 4583 δὲ
1649 4534 1778 4591 νοῦς
1808 4533 1909 4595 τῆς

234 4622 334 4671 τοῦ
392 4621 530 4672 Θεοῦ
584 4619 840 4691 γνώσεως
900 4617 1272 4683 διολισθαίνει.
1325 4621 1481 4676 ’Όθεν
1541 4619 1629 4673 καὶ
1687 4618 1811 4674 τότε
1869 4621 1904 4687 ἡ

235 4707 399 4781 ψυγή
460 4706 837 4776 ἀκατανόητος
888 4708 979 4763 καὶ
1039 4706 1323 4772 ἀδιάθετος
1374 4708 1639 4786 φαίνεται,
1674 4710 1748 4770 ὡς
1807 4712 1904 4762 τοῦ

230 4799 330 4848 νοῦ
394 4797 833 4871 σηκορπιζομένου
887 4794 963 4858 εἷ’«ς
1017 4819 1169 4859 τινας
1230 4796 1545 4874 φαντασίας,
1595 4796 1684 4851 καὶ
1749 4817 1901 4868 μετε-

235 4884 614 4957 ωριζομὲνου,
713 4885 850 4960 πρὸς
882 4884 915 4939 ἃ
944 4886 1233 4941 κλέπτεται
1266 4889 1301 4955 ἢ
1339 4884 1904 4961 βιύλεται.Εὐκτικῆς

231 4974 340 5048 γὰρ
370 4974 630 5047 γνώσεως
685 4975 760 5047 μή
793 4974 1075 5047 παρούσης
1112 4973 1251 5048 μηδὲ
1297 4980 1395 5030 τοῦ
1447 4972 1708 5047 δεομένου
1764 4995 1901 5049 παρ-

238 5063 534 5135 ισταμένου
576 5067 655 5135 τῷ
714 5061 963 5137 δεομένῳ
1023 5063 1383 5138 παρακαλεῖν,
1413 5069 1530 5126 πῶς
1585 5062 1899 5138 γλυκανθή-

238 5170 389 5205 σεται
499 5154 533 5220 ἡ
643 5155 859 5229 ψυχή;
953 5159 1070 5216 πῶς
1184 5154 1601 5228 εὐφρανθήσεται
1705 5150 1900 5226 καρδία

233 5241 689 5313 προσποιουμένη
744 5241 1025 5317 εὔχεσθαι,
1069 5242 1195 5299 ἀλλ’
1252 5244 1354 5298 οὐκ
1412 5240 1677 5312 ἀληθινὴν
1728 5261 1896 5315 προσ-

232 5330 408 5403 ευχὴν
519 5330 1027 5405 περιποιουμένη;
1133 5331 1575 5409 Εὐφρανθήσεται
1701 5328 1898 5405 κσρδία

233 5419 552 5488 ζητούντων
597 5422 691 5478 τὸν
743 5420 966 5495 Κύριον.
999 5425 1164 5491 Ζητεῖ
1195 5419 1253 5477 δὲ
1281 5422 1372 5477 τὸν
1428 5421 1629 5495 Κύριον
1691 5420 1719 5474 ὁ
1778 5417 1893 5473 δια-

1936 4761 1985 4823 D

2094 3548 2199 3601 Ast
2228 3550 2286 3601 et
2317 3562 2497 3601 unum
2530 3549 2585 3602 te
2609 3546 2897 3602 monitum
2933 3546 3078 3610 volo,
3104 3564 3175 3603 ne
3207 3548 3403 3604 forsan
3426 3551 3481 3604 te
3499 3567 3670 3605 oran-

2022 3638 2141 3691 tem
2200 3641 2392 3707 putes,
2444 3636 2583 3689 dum
2636 3634 2696 3690 in
2764 3635 3025 3690 oratione
3081 3637 3385 3709 procedas,
3437 3637 3670 3695 labores

2022 3723 2312 3779 inutiliter
2342 3728 2398 3779 et
2427 3723 2486 3778 in
2512 3740 2725 3780 vanum
2758 3740 2980 3780 curras.
3018 3724 3105 3780 Fit
3136 3727 3488 3797 quandoque
3517 3733 3581 3782 ut
3610 3728 3668 3783 in

2021 3813 2165 3869 orali
2194 3813 2521 3885 psalmodia
2548 3812 2881 3868 intellectus
2913 3814 3239 3886 divagetur,
3262 3816 3673 3887 dividaturque

2020 3902 2173 3957 inter
2195 3903 2499 3974 passiones
2523 3908 2578 3956 et
2602 3903 2833 3973 negotia
2853 3902 3079 3971 saeculi;
3106 3903 3213 3958 hoc
3236 3905 3406 3959 modo
3430 3921 3669 3961 sensum

2019 3992 2358 4063 psalmodiis
2390 3990 2673 4062 deperdit.
2708 3989 2857 4045 Illud
2892 4007 3124 4062 quoque
3160 3991 3220 4045 in
3262 3993 3502 4048 mentali
3536 4011 3671 4049 ora-

2020 4081 2178 4135 tione
2210 4079 2415 4135 evenil.
2454 4080 2745 4134 Orationis
2777 4079 2933 4134 enim
2965 4080 3141 4134 verba
3174 4082 3515 4151 procedunt,
3540 4099 3668 4153 quae

2018 4167 2407 4239 intelligentia
2445 4185 2559 4222 non
2601 4168 2935 4235 comitatur,
2970 4184 3075 4223 nec
3119 4169 3293 4224 refert
3341 4170 3413 4225 ad
3458 4175 3663 4237 Deum,

2019 4264 2075 4314 et
2106 4258 2153 4313 si
2205 4274 2305 4329 per
2349 4258 2674 4312 orationem
2720 4274 2852 4311 cum
2900 4259 3026 4328 ipso
3075 4257 3435 4329 colloquium
3487 4259 3661 4314 insti-

2016 4353 2251 4413 tuatur;
2285 4350 2443 4417 patet
2478 4346 2735 4401 animam
2776 4346 2985 4402 diverti
3026 4346 3235 4402 alienis
3286 4347 3663 4418 cogitationi-

2016 4437 2147 4493 bus.
2182 4441 2453 4491 Attamen
2487 4440 2766 4491 consueta
2795 4437 2971 4491 verba
3011 4436 3280 4507 producit
3311 4436 3669 4505 intellectus,

2014 4526 2254 4596 spiritus
2308 4529 2505 4579 autem
2554 4524 2614 4579 in
2658 4525 2989 4596 cognitione
3047 4526 3146 4581 Dei
3202 4542 3319 4581 non
3374 4525 3669 4582 consistit.

2013 4615 2161 4669 Tum
2195 4614 2419 4669 videtur
2450 4614 2648 4668 anima
2672 4630 2799 4669 esse
2824 4615 3046 4685 absque
3079 4614 3468 4687 intelligentia
3492 4620 3667 4687 atque

2014 4702 2421 4770 ordinatione;
2473 4718 2637 4757 mens
2684 4703 3042 4773 quibusdam
3095 4703 3368 4776 indulget
3416 4704 3668 4775 phanta-

2014 4792 2303 4849 smatibus
2327 4807 2340 4845 :
2367 4791 2946 4847 circumferturinter
2974 4792 3207 4864 negotia
3240 4796 3298 4847 et
3331 4793 3668 4848 mundanas

2014 4879 2342 4934 varietates.
2377 4878 2726 4933 Praesentem
2760 4878 3044 4934 orationis
3076 4880 3375 4935 notionem
3410 4897 3526 4934 non
3559 4880 3665 4935 ba-

2012 4970 2129 5035 bet,
2164 4983 2269 5023 nec
2301 4966 2599 5038 petitionis
2634 4967 3045 5023 necessitatem
3080 4974 3135 5023 et
3168 4968 3414 5024 materia
3447 4970 3665 5024 sentit:

2012 5074 2127 5129 quo
2161 5057 2339 5127 igitur
2370 5056 2538 5110 modo
2558 5054 2834 5111 delectari
2867 5062 3062 5127 posset
3092 5056 3335 5112 anima?
3370 5058 3667 5128 quomodo

2011 5147 2290 5219 gauderet
2338 5161 2435 5198 cor
2484 5144 2554 5199 de
2602 5145 2883 5211 oratione,
2928 5162 3063 5201 cum
3100 5161 3291 5202 veram
3344 5146 3665 5201 orationem

2009 5253 2123 5291 non
2166 5233 2493 5306 producat?
2532 5233 2846 5289 Laetabitur
2887 5251 2987 5290 cor
3031 5233 3421 5306 quaerentium
3464 5234 3667 5289 Domi-

2008 5342 2173 5382 num.
2202 5328 2381 5379 Deum
2416 5323 2681 5394 inquirit,
2714 5324 2813 5395 qui
2848 5330 3043 5380 mente
3075 5328 3197 5379 tota
3226 5328 3282 5377 et
3313 5323 3533 5377 fervida
3553 5322 3667 5376 dis-

2005 5413 2292 5488 positione
2325 5416 2461 5469 ante
2502 5412 2687 5467 Deum
2732 5413 3086 5484 procumbit,
3121 5412 3318 5468 omnia
3357 5409 3661 5467 saecularia

302 5634 326 5671 ⁸
358 5633 516 5693 Psal.
552 5651 746 5707 uxvr,
778 5636 829 5693 4.
861 5636 883 5671 ⁷
912 5635 1063 5694 Psal.
1101 5651 1189 5705 ιν,
1224 5635 1311 5691 10.
1343 5635 1364 5670 ⁸
1392 5634 1543 5693 Psal.
1576 5650 1628 5706 L,
1665 5633 1751 5691 19.
1780 5633 1801 5669 ⁹
1833 5633 1929 5690 Dei

2033 5646 2110 5697 ιν,
2138 5629 2193 5683 5.
