4034 6200
358 287 460 349 391

1491 282 1898 340 THBOLEPTI
1935 280 2638 338 PHILADELPHIENSIS

3669 279 3778 337 392

361 415 618 489 cogitata
641 409 867 485 repellit
890 425 990 481 per
1020 407 1118 464 Dei
1148 407 1450 464 notionem
1481 411 1538 462 et
1567 421 1848 474 amorem,
1883 421 1987 477 qua

2122 403 2245 474 νοίᾳ
2272 401 2376 475 ὅλῃ
2403 399 2491 458 καί
2523 398 2756 465 διαθέσει
2786 403 2961 477 θερμῇ
3009 400 3367 477 προσπίπτων
3393 405 3473 474 τῷ
3514 405 3651 474 Θεῷ,
3682 403 3778 458 καὶ

366 523 437 564 ex
466 503 746 560 continua
775 505 832 555 et
863 515 1010 572 pura
1039 496 1302 555 oratione
1334 496 1620 553 defluunt.

431 789 504 846 Ut
543 789 946 843 demonstrem
995 783 1187 855 qualis
1227 781 1304 838 sit
1343 782 1539 838 divina
1577 780 1901 838 recordatio
1947 779 2006 834 in

356 877 600 950 spiritus
650 875 870 931 visione
918 877 974 928 et
1023 872 1214 944 qualis
1265 889 1410 944 pura
1457 875 1642 926 oratio
1691 871 1751 925 in
1793 869 2009 924 mentis

354 966 658 1040 petitione,
693 965 873 1035 hujus
899 962 1160 1034 corporis
1193 961 1429 1017 oculum
1461 966 1518 1016 et
1539 959 1802 1030 linguam
1836 957 2008 1013 modo

355 1056 723 1112 adducturus
743 1070 876 1108 sum
900 1052 970 1106 ad
994 1050 1310 1122 exemplar.
1336 1049 1498 1115 Quod
1523 1047 1746 1120 pupilla
1766 1046 1934 1104 oculo
1951 1050 2009 1102 et

353 1143 512 1199 verbi
526 1142 776 1198 elocutio
800 1140 1036 1211 linguae,
1053 1138 1198 1193 illud
1218 1142 1306 1192 est
1327 1139 1712 1192 estmemoria
1735 1135 1912 1191 relate
1934 1134 2007 1189 ad

355 1232 724 1289 intellectum
760 1236 817 1285 et
856 1229 1042 1284 oratio
1085 1227 1266 1283 relate
1317 1227 1388 1281 ad
1433 1231 1710 1282 mentem.
1750 1223 2007 1279 Visionis

353 1338 531 1377 sensu
564 1320 883 1391 imaginem
917 1316 1167 1390 percipit
1201 1315 1408 1372 oculus
1439 1316 1510 1370 de
1545 1315 1769 1385 objecto
1797 1328 2006 1384 propo-

352 1410 487 1474 sito,
533 1409 777 1464 verbum
829 1406 966 1462 facit
1017 1406 1270 1473 nullum,
1323 1410 1580 1459 attamen
1632 1402 1871 1458 visionis
1910 1417 2006 1456 ex-

355 1495 639 1569 perientia
679 1495 847 1550 babet
895 1495 1190 1550 notionem
1227 1495 1297 1548 de
1339 1493 1563 1564 objecto
1595 1492 1894 1562 inspecto;
1926 1489 2008 1544 ita

351 1584 686 1640 intellectus
702 1601 804 1656 per
819 1584 1162 1638 memoriam
1187 1581 1445 1637 ell‘ective
1468 1580 1774 1636 acceditad
1797 1584 2002 1646 Deum,

351 1689 458 1744 per
486 1671 906 1744 experientiam
958 1671 1262 1742 repetitam
1315 1669 1573 1726 adbzeret
1603 1668 1715 1740 ipsi
1755 1673 1813 1724 et
1837 1669 1896 1722 in
1925 1667 2007 1723 si-

2114 501 2217 549 πᾶν
2275 495 2455 568 νόημα
2504 498 2606 548 τοῦ
2662 494 2874 566 κόσμου
2921 489 3374 568 διακρουόμενος.
3404 490 3498 548 διὰ
3542 495 3646 564 τὴν
3675 497 3776 549 τοῦ

2111 587 2246 639 Θεοῦ
2290 588 2512 660 γνῶσιν,
2539 583 2628 638 καὶ
2675 581 2912 659 ἀγάπην,
2963 581 3059 646 τὰς
3105 579 3503 655 ἀναδιδομένας
3550 581 3611 638 ἐκ
3665 585 3774 652 τῆς

2116 678 2374 748 συνεχοῦς
2404 673 2492 728 καὶ
2524 674 2760 748 καθαρᾶς
2789 679 3126 747 προσευχῆς.

2183 763 2331 837 Ἐγὼ
2406 761 2464 817 δὲ
2537 761 2832 836 σαφηνείας
2909 758 3064 816 ἕνεκα
3123 765 3222 816 τοῦ
3276 761 3417 816 κατὰ
3465 762 3566 830 τῆν
3623 761 3776 818 Θείαν

2119 855 2344 927 μνήμην
2405 852 2453 908 ἐν
2512 857 2592 925 τῷ
2639 857 2714 925 νῷ
2771 853 3153 928 Θεωρήματος,
3184 851 3276 906 καὶ
3321 851 3420 908 τοῦ
3474 853 3612 908 κατά
3665 855 3775 923 τήν

2113 943 2349 1018 καθαρὰν
2405 943 2720 1017 προσευχὴν
2772 941 3083 1014 ἀξιώματος
3143 941 3198 996 ἐν
3253 945 3323 1015 τῇ
3383 943 3617 1014 διανοίᾳ,
3675 943 3773 997 τὸν

2115 1032 2424 1104 σωματικὸν
2477 1029 2762 1108 ὀφθαλμὸν
2815 1031 2903 1085 καὶ
2957 1031 3056 1100 τήν
3115 1028 3370 1107 γλῶσσαν
3420 1031 3500 1096 εἰς
3557 1030 3779 1094 εἰκόνας

2113 1119 2442 1194 προτίθημι.
2503 1125 2569 1176 Ὃ
2625 1120 2730 1194 γάρ
2785 1118 2896 1174 ἐστι
2971 1119 3109 1193 κόρη
3173 1123 3255 1192 τῷ
3325 1118 3625 1197 ὀφθαλμῷ,
3676 1120 3775 1175 καὶ

2113 1211 2366 1286 προφορά
2426 1208 2600 1285 λόγου
2657 1206 2903 1283 γλώσσῃ,
2950 1212 3111 1264 τοῦτο
3168 1211 3360 1282 μνήμη
3409 1214 3490 1282 τῷ
3547 1215 3644 1283 νῷ,
3679 1209 3779 1266 καὶ

2113 1300 2396 1374 προσευχή
2453 1302 2522 1372 τῇ
2577 1296 2809 1370 διανοίᾳ.
2859 1299 2950 1360 Ὠς
3006 1297 3111 1374 γάρ
3173 1297 3458 1376 ὀφθαλμὸς
3514 1303 3583 1373 τῇ
3638 1298 3776 1374 βλε-

2111 1393 2281 1463 πτικῇ
2323 1388 2566 1458 αἷσθήσει
2621 1392 2719 1443 τοῦ
2773 1388 3130 1461 προκειμένον
3188 1388 3390 1462 ὁρατοῦ
3443 1383 3775 1456 ἀπολαϐὼν,

2112 1473 2378 1550 οὐδεμίαν
2410 1477 2597 1553 φωνην
2643 1481 2904 1542 ποιεῖται,
2935 1479 3004 1550 τῇ
3035 1474 3199 1549 πείρᾳ
3253 1473 3312 1531 δὲ
3366 1483 3467 1546 τῆς
3524 1477 3777 1552 ὁράσεως

2110 1567 2212 1636 τήν
2241 1571 2438 1642 γνῶσιν
2465 1571 2565 1620 τοῦ
2594 1565 2880 1641 ὁρωμένου
2911 1562 3130 1640 δέχεται
3167 1585 3180 1597 '
3215 1564 3358 1620 οὕτω
3409 1565 3501 1620 καὶ
3549 1568 3581 1622 ὁ
3617 1571 3775 1639 νοῦς,

2113 1651 2203 1709 διὰ
2230 1659 2328 1720 τῆς
2372 1657 2600 1728 μνήμης
2657 1653 2930 1727 ἐρωτικῶς
2984 1659 3064 1726 τῷ
3121 1657 3238 1726 Θεῷ
3294 1659 3640 1730 προσχωρῶν
3695 1659 3771 1730 τῇ

349 1760 531 1817 lentio
581 1759 1027 1831 simplicissima
1070 1758 1170 1815 Dei
1230 1758 1464 1814 notione
1519 1757 1796 1825 reficitur,
1848 1757 1987 1828 quod

2111 1742 2520 1831 προσκολλήσει
2550 1750 2650 1812 τῆς
2683 1740 2964 1818 διαπείρου
3015 1739 3307 1807 διαθέσεως
3363 1743 3455 1799 καὶ
3509 1747 3581 1817 τῇ
3633 1748 3770 1818 σικῇ

352 1830 728 1905 illuminetur
773 1847 1087 1920 splendore
1133 1847 1331 1903 divino
1363 1853 1420 1903 et
1468 1849 1674 1902 futura:
1725 1845 1987 1902 claritati:

2109 1839 2210 1901 τῆς
2241 1830 2622 1902 ἀπλουστάτης
2648 1833 2910 1904 νοήσεως,
2945 1831 3048 1887 ὑπὸ
3077 1834 3176 1901 τῆς
3228 1832 3371 1896 θείας
3429 1831 3774 1908 ἐλλάμψεως

353 1937 570 2010 pignus
604 1941 878 2009 reportet.
910 1936 1136 2008 Lingua
1158 1936 1426 2008 producit
1454 1937 1628 1991 verba
1657 1933 2004 1990 elocutionis

351 2034 409 2082 et
439 2025 706 2082 audienti
740 2025 1097 2081 invisibilem
1131 2025 1375 2097 spiritus
1417 2023 1779 2080 voluntatem
1812 2023 2002 2078 mani-

362 2117 575 2171 festat:
607 2114 689 2170 ita
715 2131 880 2170 mens
923 2115 1059 2170 facit
1099 2115 1333 2170 brevius
1391 2113 1674 2169 orationis
1722 2112 2001 2185 syllabas,

355 2220 505 2274 quas
529 2203 865 2274 frequenter
893 2203 1113 2259 emittit
1135 2208 1190 2258 et
1221 2203 1436 2258 fervide
1463 2201 1710 2272 ;anima:
1742 2200 2001 2273 postula-

350 2292 572 2348 tionem
627 2296 826 2347 notam
865 2293 965 2346 dat
1008 2295 1117 2348 Deo
1149 2292 1344 2347 omnia
1381 2291 1609 2360 scienti,
1650 2289 1869 2346 assidet
1899 2305 2002 2361 per

347 2385 482 2435 vota
513 2383 570 2434 et
599 2387 1066 2450 perseverantem
1099 2379 1509 2435 contritionem
1540 2379 1756 2446 cordis,
1778 2379 2000 2433 viscera

350 2467 762 2524 misericordia:
802 2468 1010 2524 divinae
1057 2474 1382 2524 commovet
1427 2473 1484 2524 et
1527 2467 1738 2523 salutis
1778 2467 1999 2538 gratias

348 2558 556 2630 recipit
601 2559 1107 2629 superefﬂuentes.
1145 2581 1164 2606 α
1212 2560 1320 2614 Cor
1358 2559 1672 2613 contritum
1719 2567 1776 2613 et
1808 2557 1998 2611 humi-

342 2647 548 2703 liatum
578 2647 733 2702 Deus
767 2664 880 2702 non
913 2646 1198 2718 despiciet
1231 2648 1289 2700 ὀ.
1327 2669 1354 2695 ››
1389 2647 1550 2710 Quod
1583 2653 1779 2701 autem
1815 2646 1904 2701 bis
1938 2647 1995 2702 in

343 2737 518 2793 terris
549 2737 727 2793 relate
771 2737 843 2792 ad
900 2753 1066 2807 reges
1115 2737 1434 2807 perficitur,
1485 2737 1772 2791 conducat
1819 2742 1876 2791 te
1929 2737 1994 2792 ad

344 2843 550 2898 puram
591 2827 936 2882 orationem.
971 2831 1114 2880 Cum
1146 2827 1217 2881 ad
1269 2841 1462 2897 regem
1516 2824 1869 2896 perveneris,
1900 2841 1994 2880 ac-

339 2915 500 2972 cedis
525 2931 786 2986 corpore,
812 2915 1016 2988 lingua
1049 2915 1406 2986 adprecaris,
1431 2913 1599 2970 oculo
1631 2914 1990 2982 consideras,

341 3011 406 3060 ut
454 3003 706 3076 regalem
767 3005 873 3060 tibi
933 3003 1352 3060 conciliaturas
1414 3004 1496 3059 sis
1549 3004 1824 3059 favorem.
1875 3003 1992 3059 Hoc

341 3110 574 3165 quoque
604 3093 897 3166 perficies,
924 3093 1044 3148 sive
1076 3093 1133 3148 in
1165 3096 1452 3147 conventu
1501 3092 1680 3146 fueris
1711 3090 1990 3160 ecclesiis,

352 3183 473 3239 sive
513 3181 675 3238 solus
719 3183 776 3236 in
829 3187 929 3238 tua
977 3182 1305 3238 mansione.
1338 3181 1398 3236 Si
1446 3197 1577 3236 cum
1623 3180 1902 3236 fratribus
1933 3181 1992 3236 in

340 3273 582 3327 Domino
614 3276 1008 3343 congregatus
1058 3272 1260 3341 fueris,
1294 3289 1398 3344 per
1445 3271 1704 3342 corporis
1753 3271 1992 3342 positio-

335 3377 467 3416 nem
488 3365 545 3415 et
567 3359 778 3431 linguis
805 3360 1194 3430 psalmodiam
1216 3360 1468 3430 teipsum
1491 3360 1712 3430 profers
1726 3359 1841 3414 Deo
1867 3378 1880 3427 ;
1905 3360 1988 3415 sic

335 3462 570 3518 quoque
615 3446 807 3501 verbis
839 3447 1107 3500 attendas
1138 3453 1331 3499 mente
1361 3452 1460 3499 tua
1481 3452 1538 3499 et
1559 3446 1710 3500 scias
1741 3451 1795 3500 te
1815 3447 1989 3502 verba

329 3537 402 3592 ad
464 3535 641 3590 Deum
695 3534 883 3588 facere
948 3539 1126 3605 atque
1186 3533 1531 3588 orationem.
1581 3534 1715 3598 Quae
1766 3539 1987 3591 attente

329 3628 506 3694 atque
536 3623 740 3678 devote
779 3622 1028 3677 orationi
1065 3627 1253 3690 vacat,
1299 3621 1400 3677 illa
1439 3639 1604 3678 mens
1645 3621 1859 3694 gaudio
1893 3639 1986 3678 re-

327 3714 523 3768 ficitur
552 3711 912 3784 sempiterno
945 3717 1001 3767 et
1027 3727 1168 3784 pace
1200 3711 1500 3767 ineffabili.
1527 3711 1584 3768 Si
1617 3713 1674 3766 in
1709 3711 1852 3767 cella
1883 3717 1986 3768 tua

320 3801 704 3858 absconditus
725 3801 904 3856 fueris
935 3806 992 3856 et
1015 3801 1328 3856 mentalem
1363 3801 1638 3856 habueris
1658 3801 1978 3858 orationem

323 3907 455 3946 cum
490 3893 684 3946 mente
730 3889 925 3945 sobria
967 3894 1025 3944 et
1070 3889 1278 3960 spiritu
1323 3889 1597 3959 contrito,
1630 3893 1732 3944 tua
1776 3907 1982 3963 proce-

323 3981 420 4035 det
450 3979 842 4034 consideratio
875 3983 1115 4050 propter
1139 3978 1538 4046 sobrietatem,
1572 3977 1981 4050 inhabitatque

321 4068 578 4140 cognitio
611 4072 851 4139 prepter
881 4068 1294 4124 contritionem
1323 4085 1336 4135 ;
1373 4069 1712 4123 destruetur
1743 4069 1976 4124 irratio-

321 4156 538 4212 nabilia
570 4155 842 4228 voluptas
874 4161 931 4211 et
953 4155 1187 4211 divinus
1218 4173 1384 4211 amor
1409 4155 1466 4210 in
1501 4162 1554 4211 te
1585 4156 1849 4213 intrabit.

2111 1923 2528 1997 ηταυγάζεται,
2563 1915 2853 1998 ἀρῥαϐὦνα
2898 1928 3001 1991 τῆς
3058 1918 3375 1994 μελλούσης
3433 1919 3772 1998 λαμπρότη-

2108 2032 2204 2074 τος
2253 2010 2640 2084 κομιζόμενος.
2674 2009 2775 2066 Καὶ
2831 2008 3013 2085 ὥσπερ
3071 2007 3238 2064 πάλιν
3299 2013 3334 2080 ἡ
3393 2009 3622 2086 γλῶσσα
3665 2011 3773 2087 ῥή-

2115 2121 2257 2174 ματα
2289 2099 2455 2175 λόγου
2480 2099 2852 2176 προφέρουσα,
2882 2100 2983 2167 τήν
3018 2097 3224 2168 ἄδηλον
3255 2097 3480 2168 Θέλησιν
3520 2104 3623 2154 τοῦ
3678 2105 3775 2156 νοῦ

2109 2189 2390 2267 ἐμφανίζει
2439 2193 2518 2244 τῷ
2572 2189 2824 2244 ἀκούοντι
2856 2206 2870 2221 ⁶
2907 2188 3050 2243 οὕτω
3098 2188 3189 2243 καὶ
3251 2185 3464 2243 διάνοια
3515 2189 3585 2244 τὰ
3636 2190 3774 2266 βρα·

2110 2271 2439 2351 χυσύλλαϐα
2522 2275 2743 2352 ῥήματα
2826 2282 2927 2346 τῆς
3007 2282 3332 2352 προσευχῆς
3404 2281 3627 2341 πυκνῶς
3677 2277 3773 2333 καὶ

2110 2371 2327 2441 θερμῶς
2411 2363 2852 2440 ἀναγγέλλουσα,
2907 2365 3007 2432 τήν
3083 2372 3186 2435 τῆς
3271 2369 3459 2440 ψυχῆς
3544 2364 3771 2436 αἴτησιν

2106 2454 2470 2510 ἀνακαλύπτει
2525 2458 2605 2527 τῷ
2662 2455 2836 2509 πάντα
2891 2452 3062 2509 εἰδότι
3122 2459 3261 2527 Θεῷ,
3293 2453 3382 2508 καί
3429 2458 3500 2528 τῇ
3533 2454 3765 2530 εὖκτικῇ

2106 2540 2408 2618 προσεδρίᾳ
2463 2541 2553 2597 καὶ
2609 2541 2856 2615 έπιμόνῳ
2925 2538 3183 2618 συντριϐῇ
3263 2540 3515 2617 καρδίας,
3569 2543 3665 2598 καὶ
3725 2547 3760 2614 ἡ

2105 2626 2366 2707 συντριΘή
2397 2631 2600 2707 ἀνοίγει
2629 2630 2696 2686 τὰ
2725 2628 3085 2709 φιλάνθρωπα
3115 2630 3405 2707 σπλάγχνα
3459 2636 3559 2687 τοῦ
3614 2655 3762 2705 συμ-

2107 2723 2328 2786 παθοῦς,
2381 2722 2470 2775 καὶ
2555 2719 2816 2776 πλουσίαν
2894 2721 2996 2790 τὴν
3072 2721 3344 2796 σωτηρίαν
3423 2719 3758 2796 εἰσδέχεται.

2105 2807 2399 2885 «Καρδίαν
2451 2809 2575 2884 γὰρ,
2625 2809 2780 2886 φησὶ,
2833 2809 3298 2883 συντετριμμένην
3353 2811 3446 2865 καὶ
3503 2831 3760 2867 τεταπει-

2102 2898 2349 2970 νωμένην
2401 2898 2429 2952 ὁ
2486 2898 2616 2958 Θεὸς
2674 2896 2774 2951 ούκ
2830 2894 3197 2967 ἐξουδενώσει.
3259 2923 3280 2948 ι
3342 2900 3754 2974 Χειραγωγτξσει

2103 3007 2161 3041 σε
2213 2985 2289 3048 εἷς
2339 2986 2575 3061 καθαρὰν
2635 2987 2976 3062 προσευχὴν,
3015 2986 3106 3042 καὶ
3160 2987 3224 3042 τὸ
3275 2985 3617 3061 τελούμενον
3677 2989 3758 3052 εἰς

2103 3075 2195 3130 τὸν
2228 3074 2316 3130 ἐπὶ
2349 3082 2453 3149 γῆς
2490 3073 2734 3150 βασιλέα.
2765 3077 2928 3132 Ὅταν
2983 3075 3085 3151 γάρ
3141 3076 3454 3150 προσέλθῃς
3514 3078 3756 3153 βασιλεῖ,

2105 3163 2196 3219 καὶ
2251 3164 2465 3237 σώματι
2524 3163 2870 3238 παρίστασαι,
2923 3165 3014 3219 καὶ
3071 3164 3300 3240 γλώσσῃ
3360 3166 3756 3236 καθικετεύεις,

2103 3255 2194 3311 καὶ
2225 3254 2497 3332 ὀφθαλμῷ
2541 3255 2677 3331 πρὸς
2718 3254 2875 3310 αὐτὸν
2927 3255 3268 3326 ἐνατενίζεις,
3298 3258 3387 3312 καὶ
3447 3257 3596 3312 οὕτω
3651 3260 3756 3327 τήν

2101 3343 2392 3421 βασιλικὴν
2451 3343 2729 3416 εὐμένειαν
2787 3345 2924 3419 πρὸς
2965 3345 3150 3400 ἑαυτὸν
3200 3343 3398 3406 ἕλκεις.
3441 3350 3612 3400 Τοῦτο
3660 3348 3756 3402 καὶ

2098 3434 2160 3488 σὺ
2219 3432 2420 3488 έκτέλει
2479 3433 2575 3487 κάν
2619 3432 2689 3507 τῇ
2741 3436 2945 3507 συνάξει
3002 3441 3103 3503 τῆς
3163 3432 3476 3506 ἐκκλησίας,
3523 3435 3622 3490 κάν
3681 3439 3751 3510 τῇ

2099 3523 2334 3595 μονώσει
2392 3528 2491 3590 τῆς
2551 3521 2745 3583 οἰκίας.
2805 3525 3182 3596 Συναγόμενος
3261 3523 3367 3597 γὰρ
3442 3522 3494 3577 έν
3561 3527 3753 3599 Κυρίῳ

2098 3613 2233 3685 μετὰ
2276 3616 2385 3666 τῷν
2440 3607 2712 3688 ἀδελφῶν,
2746 3611 2929 3687 ὥσπερ
2982 3613 3080 3680 τὴν
3134 3609 3223 3666 διά
3262 3613 3514 3686 σώματος
3573 3613 3750 3686 παρά-

2093 3723 2273 3757 στασιν
2305 3705 2501 3769 ποιεῖς,
2532 3702 2621 3755 καὶ
2653 3701 2752 3770 τήν
2785 3699 2876 3756 διὰ
2902 3699 3155 3778 γλώττης
3195 3700 3525 3776 ψαλμῳδίαν
3571 3723 3753 3778 προσ-

2093 3791 2271 3868 φέρεις
2328 3789 2500 3862 αὐτῷ,
2551 3788 2724 3852 οὕτως
2780 3785 2874 3866 ἔχε
2929 3790 3020 3845 καὶ
3076 3791 3168 3844 τὸν
3221 3793 3345 3844 νοῦν
3397 3791 3749 3865 προσέχοντα

2087 3887 2206 3943 τοῖς
2237 3880 2428 3956 λόγοις
2460 3877 2550 3933 καὶ
2579 3883 2657 3950 τῷ
2708 3882 2846 3950 Θεῷ,
2878 3878 2968 3933 καὶ
3028 3875 3210 3933 εἰδότα
3267 3878 3375 3933 τίνι
3432 3875 3748 3955 διαλέγεται

2087 3971 2176 4027 καὶ
2226 3969 2554 4046 ἐντυγχάνει.
2589 3968 2840 4031 Εὐτόνως
2887 3969 2990 4044 γὰρ
3039 3971 3127 4024 καὶ
3180 3973 3429 4043 καθαρῶς
3473 3975 3575 4038 τῆς
3623 3967 3746 4025 δια-

2085 4064 2238 4125 νοίας
2266 4065 2336 4136 τῇ
2378 4063 2662 4136 προσευχῇ
2713 4057 3119 4134 σχολαζούσης,
3151 4064 3325 4136 χαρᾶς
3379 4060 3746 4137 ἀναφαιρέτου

2084 4153 2175 4209 καὶ
2208 4153 2432 4227 εῗρήνης
2464 4148 2840 4222 ἀνεκλαλήτου
2897 4154 3245 4224 καταξιοῦται
3276 4153 3309 4220 ἡ
3341 4147 3557 4226 καρδία.
3593 4152 3746 4207 Κατά

324 4237 491 4315 μόνας
555 4239 614 4296 δὶ
671 4242 825 4305 αὖθις
881 4241 932 4297 έν
982 4247 1061 4315 τῷ
1119 4239 1256 4314 οἷ’κῳ
1311 4239 1836 4318 προσεδρεύων,τῆς
1888 4243 2026 4298 κατά
2077 4240 2316 4297 διάνοιαν
2374 4245 2690 4316 προσευχῆς
2738 4237 2926 4315 ἐξέχου
2961 4259 2974 4272 ·
3005 4242 3235 4318 νήφοντι
3264 4243 3346 4311 τῷ
3375 4243 3454 4310 νῷ
3481 4238 3572 4293 καὶ
3604 4260 3743 4294 συν-

319 4330 674 4406 τετριμμένῳ
731 4329 1020 4403 πνεύματι,
1048 4332 1137 4385 καὶ
1190 4332 1390 4406 θεωρία
1447 4329 1744 4386 έπισκιᾶσει
1803 4353 1887 4386 σοι
1942 4329 2031 4387 διὰ
2085 4333 2326 4405 νήψεως,
2369 4329 2459 4384 καὶ
2519 4333 2718 4402 γνῶσις
2771 4329 3179 4400 κατασκηνώσει
3238 4328 3292 4383 έν
3351 4327 3436 4382 σοὶ
3493 4325 3586 4383 διὰ
3638 4335 3745 4398 τῆς

319 4419 682 4491 κατανύξεως,
716 4422 812 4489 τήν
848 4420 1044 4496 ἀλογον
1077 4417 1278 4490 ἡδονὴν
1315 4419 1649 4496 ἐξορίζουσα,
1679 4422 1767 4476 καὶ
1797 4424 1895 4492 τὴν
1926 4421 2069 4487 θείαν
2103 4421 2319 4496 ἀγάπην
2353 4419 2737 4489 εἰσοικίζουσα.

393 4511 633 4566 Confide
668 4510 813 4566 mihi
847 4527 1046 4566 verum
1081 4513 1328 4568 dicenti:
1361 4513 1408 4568 si
1441 4512 1498 4567 in
1534 4514 1808 4569 omnibus
1842 4531 1976 4585 ope-

2158 4509 2450 4568 ΙΙίστευσόν
2489 4529 2584 4584 μοι
2623 4510 2722 4578 τὴν
2773 4509 3033 4580 ἀλήθειαν
3086 4510 3309 4587 λέγοντι
3345 4531 3358 4546 ο
3394 4511 3440 4567 εἰ
3491 4511 3542 4567 ἐν
3594 4511 3742 4588 πάσῃ

325 4601 491 4656 ribus
521 4599 639 4655 tuis
672 4599 947 4656 comitem
973 4602 1368 4672 assumpseris
1389 4602 1674 4656 bonorum
1701 4607 1969 4668 matrem,

319 4691 645 4746 orationem
678 4688 966 4759 videlicet,
997 4708 1111 4746 non
1144 4691 1491 4747 dormiveris
1512 4692 1652 4746 dum
1685 4709 1969 4763 sponsum

317 4778 808 4836 demonstraverit
853 4779 983 4845 tibi,
1031 4784 1086 4835 te
1125 4779 1511 4836 introduxerit
1551 4780 1970 4854 repleveritque

319 4883 421 4924 cor
472 4872 642 4922 tuum
697 4867 882 4939 gloria
932 4867 1215 4924 indicibili
1284 4873 1340 4924 et
1407 4868 1631 4925 laetitia.
1683 4869 1970 4925 Omnibus

317 4957 472 5013 enim
525 4957 965 5028 impedimentis
1031 4958 1339 5031 ademptis,
1405 4960 1677 5016 semitam
1731 4959 1970 5015 virtutis

319 5047 556 5119 planam
587 5045 800 5116 reddit,
832 5051 890 5102 et
921 5048 1201 5119 quaerenti
1237 5046 1463 5103 facilem
1497 5053 1752 5121 praestat.

392 5137 626 5192 Modum
685 5153 922 5208 quoque
977 5137 1256 5192 orationis
1309 5137 1580 5193 mentalis
1639 5137 1967 5194 considera.

322 5225 596 5280 Instituta
661 5225 1023 5280 conversatio
1089 5224 1240 5280 tollit
1297 5226 1588 5297 passionis
1642 5227 1970 5282 difﬂuentia

318 5313 533 5383 verba;
569 5313 781 5368 mentis
813 5315 883 5369 ad
916 5320 1100 5370 Deum
1127 5315 1428 5370 conversio
1460 5315 1606 5386 fugit
1644 5315 1842 5371 surculi
1872 5333 1968 5371 co-

318 5402 674 5475 gitationes;
706 5403 914 5460 animai
945 5403 1218 5460 contritio
1260 5403 1471 5461 refellit
1513 5404 1800 5462 amicitias
1840 5421 1967 5462 car-

394 5598 441 5636 ¹⁰
469 5598 625 5657 Psal.
658 5614 711 5672 ε,
744 5600 832 5656 19.

2082 4621 2178 4655 σου
2232 4603 2302 4673 τῇ
2352 4598 2578 4675 ἐργασίᾳ
2631 4597 2944 4673 ἀχώριστον
3002 4595 3140 4670 ἕξεις
3196 4602 3298 4670 τήν
3363 4603 3575 4677 μητέρα
3625 4607 3739 4657 τῶν

2079 4691 2287 4759 καλῶν,
2328 4689 2426 4758 τήν
2485 4689 2824 4764 προσευχὴν,
2886 4687 2947 4743 οὗ
2989 4688 3257 4762 νυστάξει,
3312 4688 3420 4753 ἕως
3478 4689 3737 4766 ὑποδείξῃ

2082 4801 2168 4835 σοι
2195 4780 2286 4835 τὸν
2320 4783 2607 4856 νυμφῷνα,
2639 4779 2729 4833 καί
2762 4775 2909 4834 ἔνδον
2946 4780 3124 4855 ἀγάγῃ
3173 4802 3253 4850 σε,
3284 4782 3374 4836 καὶ
3423 4779 3585 4853 δόξης
3648 4781 3741 4858 ἀρε

2081 4870 2252 4948 ῥήτου
2308 4868 2396 4923 καὶ
2455 4866 2788 4944 εὐφροσύνης
2845 4866 3118 4944 πληρώσῃ
3177 4891 3256 4938 σε,
3315 4868 3529 4939 ἐπειδὴ,
3561 4868 3741 4925 πάντα

2077 4961 2144 5015 τά
2197 4955 2500 5031 κωλύματα
2557 4955 2930 5033 περιαίρουσα,
2988 4959 3089 5028 τήν
3142 4954 3332 5033 τρίϐον
3379 4967 3482 5030 τῆς
3539 4959 3742 5035 ἀρετῆς

2079 5047 2355 5122 ὁμαλίζει,
2387 5046 2476 5101 καὶ
2509 5046 2712 5121 εὐχερῆ
2741 5049 2820 5117 τῷ
2853 5051 3107 5117 ζητοῦντι
3137 5047 3446 5120 καθίστησι,

2149 5137 2255 5193 Καὶ
2288 5131 2388 5209 ὅρα
2418 5136 2508 5190 τὸν
2539 5135 2744 5211 τρόπον
2774 5141 2874 5198 τῆς
2912 5135 3050 5190 κατᾶ
3099 5135 3340 5192 διάνοιαν
3390 5145 3736 5215 προσευχῆς.

2077 5229 2138 5282 Ἣ
2171 5223 2406 5300 διαλογὴ
2441 5223 2650 5300 ἀναιρεῖ
2689 5224 2817 5286 τοὺς
2875 5223 3139 5298 ἐμπαθεῖς
3189 5223 3495 5302 λογισμούς
3526 5249 3540 5261 ο
3573 5231 3608 5298 ἡ
3638 5231 3740 5283 τοῦ

2075 5320 2172 5373 νοῦ
2203 5316 2337 5389 πρὸς
2370 5315 2461 5370 τὸν
2491 5314 2618 5371 Θεὸν
2669 5315 2960 5384 ἀποσκοπή
3022 5313 3312 5393 φυγαδεύει
3369 5317 3465 5380 τὰς
3529 5317 3740 5380 ἑννοίας

2074 5407 2171 5460 τοῦ
2200 5403 2412 5478 κόσμου
2445 5423 2458 5437 ·
2493 5405 2529 5474 ἡ
2557 5400 2840 5475 κατᾶνυξις
2873 5411 2973 5475 τῆς
3007 5409 3193 5481 ψυχῆς
3223 5406 3326 5476 τὴν
3385 5405 3576 5486 φιλίαν
3634 5413 3739 5477 τῆς
