4034 6200
219 383 320 440 393

1137 377 1234 431 DE
1275 374 1726 430 ABSCONDITA
1763 369 2222 427 OPERATIONE
2262 371 2339 425 IN
2376 370 2709 428 CHRISTO.

3524 374 3631 430 394

224 505 413 580 σαρκὸς
470 497 753 558 ἀποσοϐεῖ·
822 501 910 555 καὶ
968 500 1157 573 ὁρᾶται
1215 499 1250 567 ἡ
1308 497 1592 572 προσευχή
1669 492 1729 548 ἐκ
1772 497 1870 548 τοῦ

1988 493 2111 561 nis;
2145 493 2330 550 oratio
2360 495 2764 552 indesinenter
2792 498 3015 569 profert
3042 515 3254 556 nomen
3292 501 3416 571 Dei,
3447 507 3503 558 et
3533 517 3632 558 ex-

228 592 564 670 ὑπαγορεῦειν
625 592 900 665 ἀσιγήτως
975 589 1034 643 τί.
1096 592 1238 652 θεῖον
1320 586 1535 658 ὅνομα,
1585 581 1868 660 συμφωνίο

223 686 303 741 καὶ
331 682 522 744 ἕνωσις
553 687 670 749 νοῦ,
704 681 794 734 καὶ
828 679 1022 754 λόγου,
1069 677 1160 732 καὶ
1211 679 1426 751 ψυχῆς.
1470 697 1498 726 ‹‹
1527 675 1705 731 ’Όπου
1741 672 1868 747 γὰρ,

226 774 398 852 φησὶν,
462 771 566 826 εἰσὶ
622 768 734 824 δύω
775 766 813 837 ἤ
860 773 1008 841 τρεῖς
1065 766 1116 820 ἐν
1170 769 1248 837 τῷ
1300 763 1526 837 ὀνόματί
1583 784 1709 834 μου,
1763 761 1873 816 ἐκεῖ

227 865 328 937 εἰμι
359 862 412 917 ἐν
456 862 605 933 μέσῳ
652 857 852 930 αὐτῶν,
898 881 926 908 ››
978 854 1166 917 Οὕτως
1213 855 1302 912 οὖν
1353 855 1388 923 ἡ
1436 853 1720 927 προσευχὴ
1771 852 1872 915 τὰς

223 961 314 1023 τῆς
352 955 538 1025 ψυχῆς
590 946 844 1021 δυνάμεις
903 947 1008 1000 ἀπὸ
1053 949 1148 1000 τοῦ
1197 941 1561 1018 διαμερισμοῦ
1610 945 1716 994 τῶν
1767 961 1870 994 πα-

227 1046 321 1098 θῶν
353 1038 796 1112 ἀνακαλουμένη,
845 1035 934 1090 καὶ
979 1035 1116 1111 πρὸς
1163 1032 1437 1103 ἀλλήλας,
1486 1031 1742 1104 καὶπρὸς
1776 1029 1870 1083 αὐ-

223 1136 312 1202 τὴν
341 1130 632 1186 συνδέουσα
660 1130 758 1196 τήν
798 1133 1034 1202 τριμερῆ
1084 1120 1403 1199 ψυχὴν,’τῷ
1434 1123 1485 1177 ἐν
1524 1122 1699 1196 τρισὶν
1738 1120 1866 1174 ὑπο-

224 1222 455 1277 στάσεσιν
508 1221 584 1274 ἐνὶ
641 1222 757 1288 Θεῷ
807 1215 1023 1270 οἷκεισῖ·
1075 1217 1293 1289 πρῶτον
1337 1211 1437 1286 γὰρ
1488 1208 1577 1264 διὰ
1623 1214 1730 1264 τῶν
1771 1211 1869 1277 τῆς

224 1314 409 1388 ἀρετῆς
432 1308 678 1384 τρόπων,
709 1306 773 1360 τὸ
823 1308 921 1374 τῆς
972 1302 1241 1379 ἁμαρτίας
1291 1301 1483 1375 αἶσχος
1531 1298 1588 1354 ἐκ
1634 1300 1730 1369 τῆς
1763 1301 1868 1370 ψυ-

225 1409 322 1478 χῆς
351 1398 677 1469 ἀποξέσασα,
727 1396 839 1450 εἶτα
864 1395 927 1450 τὸ
971 1392 1177 1454 κάλλος
1225 1396 1334 1445 τῶν
1384 1389 1540 1453 θείων
1588 1388 1868 1464 χαρακτή-

225 1514 324 1569 ρων
372 1488 462 1544 δια
509 1495 612 1558 τῆς
659 1487 776 1549 καθ’
809 1484 1002 1552 ἑαυτὴν
1053 1481 1202 1558 ἁγίας
1248 1479 1500 1554 γοώσεως
1551 1479 1866 1551 ἀναζωγρα-

223 1565 449 1660 ιρήσασα,
505 1575 803 1652 παρίστησι
859 1575 957 1643 τήν
1018 1574 1203 1646 ψυχὴν
1251 1575 1331 1642 τῷ
1389 1573 1525 1640 Θεῷ.
1573 1569 1634 1622 Ἡ
1676 1565 1733 1621 δὲ
1778 1566 1866 1620 αὐ-

220 1657 332 1726 τίκα
359 1669 623 1745 γινώσκει
645 1667 738 1720 τὸν
785 1665 982 1732 ἑαυτῆς
1028 1662 1302 1731 Ηοιητήν.
1363 1681 1384 1708 ι
1419 1660 1505 1714 Ἐν
1597 1657 1725 1732 γὰρ,
1760 1677 1864 1733 <97}-

222 1762 315 1829 σξν,
364 1758 553 1831 ἡμέρᾳ
608 1750 1003 1826 ἐπικαλεσομαί
1061 1771 1138 1820 σε,
1197 1746 1315 1804 ῗδοῦ
1376 1746 1541 1822 ἔγνων
1603 1747 1686 1800 ὅτι
1735 1745 1864 1806 Θεὸς

225 1872 319 1923 μου
352 1850 401 1904 εἴ
453 1846 600 1903 σύ.»
662 1844 764 1900 Καὶ
821 1843 1146 1918 γινώσκεται
1199 1839 1287 1893 ὑπ’
1347 1839 1532 1893 αὑτοῦ.
1598 1860 1625 1887 ‹‹
1680 1838 1864 1908 Ἔγνω

222 1940 338 2012 γὰρ,
367 1937 565 2015 φησὶν,
597 1936 626 1990 ὁ
659 1933 858 2007 Κύριος
905 1930 1034 1994 τοὺς
1091 1925 1249 1992 ὄντας
1305 1927 1488 1982 αὐτοῦ.
1526 1950 1555 1976 ››
1613 1925 1873 2015 Γινώσκει

225 2008 424 2094 δὲτὸ,
480 2024 717 2096 καθαρὸν
770 2029 870 2092 τῆς
929 2019 1160 2087 εἰκόνοζ·
1221 2023 1367 2071 πᾶσα
1419 2017 1521 2091 γαρ
1567 2015 1722 2069 εἰκὼν
1784 2008 1870 2066 ἐπὶ

222 2118 277 2172 τὸ
315 2114 681 2192 πρωτῦτυπον
740 2108 856 2165 ἔχει
906 2110 1006 2178 τὴν
1062 2108 1351 2184 ἀναφοράν
1411 2105 1735 2180 γινώσκεται
1787 2099 1876 2156 διὰ

225 2208 313 2275 τήν
361 2205 506 2259 κατὰ
561 2203 656 2264 τὰς
715 2200 904 2276 ἀρετᾶς
966 2197 1255 2270 ὁμοίωσιν,
1307 2193 1375 2249 δι’
1434 2195 1506 2248 ὧν
1538 2193 1628 2248 καὶ
1680 2197 1875 2267 γνῶσιν

222 2291 328 2369 ἔγει
386 2296 555 2362 Οεοῦ,
608 2290 699 2345 καὶ
757 2291 860 2344 ὑπὸ
918 2291 1053 2343 Θεοῦ
1108 2285 1453 2360 γινώσκεται.
1505 2284 1566 2340 Ὁ
1617 2279 1872 2353 δεόμενος

219 2359 393 2460 τῦῖχ-εῖν
446 2380 750 2457 βασιλιχῆς
806 2377 1119 2450 εὐμενείας,
1169 2373 1438 2452 τριπλοῦν
1494 2369 1872 2446 μεταχειρίζε-

219 2496 299 2528 ται
339 2470 637 2550 τρόπον·ἢ
699 2473 905 2547 φωναῖς
952 2464 1226 2533 ἱκετεύων,
1285 2466 1321 2533 ἢ
1381 2467 1546 2536 σιγῶν
1604 2459 1869 2536 παρίστα-

217 2585 296 2618 ται
331 2606 344 2630 ,
501 2561 611 2635 πρὸ
665 2556 848 2613 ποδῶν
902 2561 998 2610 τοῦ
1047 2553 1345 2627 δυναμένου
1407 2553 1626 2628 βοηθεῖν
1685 2549 1868 2604 ἑαυτὸν

217 2651 544 2720 ἐπιρἐίπτει.
593 2648 693 2706 Καὶ
741 2650 777 2717 ἡ
823 2647 1031 2720 καθαρᾶ
1079 2644 1399 2718 προσευχὴ,
1451 2638 1712 2709 νοῦν,καὶ
1769 2637 1870 2692 λό-

221 2711 330 2820 γονῆ,
376 2741 470 2796 καὶ
526 2743 735 2811 πνεῦμα
790 2738 926 2811 πρὸς
972 2735 1166 2802 ἑαυτὴν
1216 2733 1578 2786 συνάπτουσα.
1630 2726 1719 2783 διὰ
1774 2728 1867 2801 μὲν

219 2838 308 2888 τοῦ
352 2832 550 2907 λόγου,
605 2830 667 2883 τὸ
715 2827 908 2900 δνομα,
963 2825 1050 2878 διὰ
1099 2821 1156 2877 δὲ
1185 2827 1285 2876 τοῦ
1331 2825 1448 2888 νοῦ,
1495 2825 1576 2891 τῷ
1626 2839 1869 2893 παρακα-

221 2905 466 2994 λουμένῴ
521 2918 636 2990 Θεῴ
684 2916 904 2984 ἆτενίζει
953 2907 1332 2988 ἀρεμϐάστως,
1367 2907 1456 2964 διὰ
1498 2906 1554 2963 δὲ
1583 2912 1678 2962 τοῦ
1709 2905 1868 2960 πνεύ-

225 3033 380 3085 ματος
453 3010 560 3077 τὴν
621 3005 943 3078 κατανυξιν,
1012 3003 1112 3071 τὴν
1171 3000 1494 3055 ταπείνωσιν
1531 3043 1546 3067 ,
1604 2998 1693 3052 καὶ
1769 2996 1867 3064 τὴν

228 3102 240 3118 9
295 3103 304 3117 ι
371 3105 383 3122 ι
501 3098 516 3118 ς
683 3096 694 3118 ι
941 3093 955 3110 \
1042 3091 1067 3110 cr
1202 3088 1226 3107 ﬁ
1390 3095 1437 3120 μ..
1530 3089 1542 3104 \
1643 3085 1666 3104 ν

218 3123 418 3177 αγαπην
498 3102 820 3175 εμφανιζει,
867 3114 958 3148 και
1008 3113 1150 3146 ουτω
1199 3110 1435 3145 ουσωπει
1483 3111 1582 3158 την
1633 3105 1870 3160 αναρχον

217 3190 437 3268 Τριαδα,
503 3189 598 3243 τὸν
654 3186 894 3258 Πατέρα,
951 3182 1040 3238 καὶ
1096 3183 1189 3236 τὸν
1248 3181 1395 3250 Υἱὸν,
1455 3179 1546 3234 καὶ
1603 3178 1664 3232 τὸ
1715 3178 1864 3252 ἅγιον

263 3251 271 3268 ι
424 3251 435 3259 ι
798 3251 806 3258 .
883 3251 891 3255 .

219 3286 449 3355 Πνεῦμα,
484 3280 579 3334 τὸν
611 3274 704 3332 ἕνα
734 3275 883 3330 Θεόν.
1896 3251 1938 3317 C

281 3375 486 3443 Ὥσπερ
531 3371 567 3439 ἠ
623 3363 876 3421 ποικιλία
925 3366 1030 3416 τῶν
1092 3358 1402 3432 ἐδεσμάτων
1467 3355 1714 3433 διεγείρει
1764 3357 1864 3425 τὴν

221 3462 382 3537 ὄρεξιν
415 3461 497 3520 εἷς
533 3455 838 3530 μετάληψιν
888 3453 1088 3519 αὐτῶν,
1134 3449 1312 3512 οὕτως
1355 3449 1409 3502 αἱ
1460 3445 1709 3525 διάφοροι
1756 3450 1864 3499 τῶν

223 3536 415 3626 ἀρετῶν
451 3543 594 3603 ἰδέαι
623 3547 722 3614 τήν
769 3541 1074 3617 έντρὲχειαν
1121 3543 1219 3593 τοῦ
1257 3542 1352 3592 νοῦ
1381 3536 1737 3608 ἐξυπνίζουσι.
1772 3536 1870 3588 Διά

221 3647 372 3696 τοῦτο
400 3641 510 3708 τὴν
559 3633 683 3691 ὁδὸν
729 3640 831 3702 τῆς
876 3629 1112 3691 διανοίας
1159 3626 1382 3696 ὁδεόων,
1410 3627 1478 3682 τὰ
1526 3626 1743 3702 ῥήματα
1771 3631 1871 3694 τῆς

224 3730 384 3800 culi;
430 3725 723 3800 ἆναλέγου·
783 3721 874 3776 καὶ
933 3717 1188 3795 διαλέγου
1227 3721 1305 3789 τῷ
1348 3715 1529 3792 Κυρίῳ
1569 3714 1648 3768 ἀεὶ
1702 3715 1870 3788 βοῶν,

226 3820 414 3891 καὶμὴ
451 3817 723 3871 ἐκκακῶν·
773 3810 951 3866 πυκνᾶ
997 3807 1274 3881 δεόμενος,
1324 3805 1410 3860 καὶ
1457 3807 1556 3874 τήν
1609 3800 1876 3858 ἀναίδειαν

230 3907 571 3982 μιμοῦμενος
598 3909 699 3973 τῆς
729 3901 820 3956 τὸν
868 3896 1183 3972 αμείλικτον
1234 3897 1426 3969 κριτὴν
1474 3891 1875 3963 δυσωπησάσης

231 4003 400 4073 γήσας
434 4040 447 4054 .
510 3994 650 4051 Τότε
707 3991 973 4063 πνεύματι
1023 3991 1337 4062 περιπατεῖς
1372 4028 1385 4054 ,
1444 3985 1534 4038 καὶ
1595 3988 1874 4058 σαρκικαῖς

230 4063 542 4160 ἐπιθυμίαις
603 4082 663 4138 οὐ
720 4083 1048 4156 προσέχεις,
1104 4076 1194 4131 καὶ
1251 4075 1542 4150 λογισμοῖς
1594 4077 1881 4146 κοσμικοῖς

230 4177 287 4232 οὐ
345 4159 659 4247 διατέμνεις
711 4177 809 4239 τῆς
869 4170 1042 4242 εὐχῆς
1094 4167 1194 4234 τὴν
1253 4161 1557 4239 συνέχειαν.
1618 4163 1765 4224 Ναὸς
1825 4159 1882 4216 δὲ

233 4271 360 4321 Θεοῦ
436 4261 807 4341 χρηματίζεις
842 4301 856 4325 ,
927 4253 1342 4329 ἀπερισπάστως
1422 4255 1512 4308 τὸν
1600 4253 1729 4307 Θεὸν
1799 4250 1882 4341 έξέ

230 4360 432 4428 υμνῶν.
467 4340 632 4410 Οῧκω
673 4362 807 4404 κατα
857 4345 1096 4402 διάνοιαν
1141 4344 1461 4418 εὐχόμενος,
1513 4343 1750 4412 ἀξιοῦσαι
1794 4340 1885 4395 καὶ

230 4446 298 4507 εἷς
335 4445 563 4517 μνήμην
599 4444 734 4494 Θεοῦ
778 4431 1101 4506 διαϐαίνειν,
1132 4433 1222 4488 καὶ
1271 4431 1325 4486 ἐν
1354 4437 1470 4493 τοῖς
1521 4429 1738 4492 ἀδύτοις
1788 4434 1885 4484 τοῦ

229 4539 318 4589 νοῦ
366 4528 590 4589 εἷ’σιέναι
627 4573 642 4599 ,
705 4527 796 4582 καὶ
860 4528 1145 4598 μυστικαῖς
1203 4521 1454 4596 θεωρίαις
1508 4521 1598 4575 τὸν
1653 4519 1883 4595 ἀόρατον

233 4621 607 4690 κατοπτεύειν,
665 4617 754 4672 καὶ
794 4618 1120 4690 γνωςτικαῖς
1177 4609 1550 4684 ἐνιαίως,εκαὶ
1610 4610 1970 4682 ἀγαπητι-ι)

236 4719 351 4775 καῖς
397 4709 679 4786 ἐκχύσεσι,
728 4706 891 4780 μόνος
929 4708 1009 4776 τῷ
1053 4706 1170 4770 Θεῷ
1206 4699 1357 4774 μόνῳ
1403 4699 1713 4772 καταμόνας
1765 4697 1884 4752 λει-

236 4806 504 4876 τοοργῶν.

306 4875 469 4948 Ὅταν
516 4885 612 4941 οῦν
651 4883 767 4959 ἴδῃς
812 4880 1030 4937 σεαυτὸν
1075 4878 1462 4956 χαυνοώμενον
1516 4875 1565 4931 ἐν
1617 4880 1684 4950 τῇ
1726 4875 1889 4950 εὐχῇ,

245 4977 456 5056 βιϐλίον
517 4976 927 5051 μεταχειρίζου,
964 4972 1052 5026 καὶ
1111 4974 1180 5043 τῇ
1231 4968 1529 5042 ἀναγνώσει
1577 4984 1890 5040 προσεχων,

239 5051 332 5135 τὴν
383 5070 586 5141 γνῶσιν
629 5059 903 5135 εἷσδέχου,
953 5058 1028 5131 μὴ
1062 5053 1470 5132 παροδευτικῶς
1519 5052 1647 5114 τοὺς
1691 5051 1892 5127 λόγους

245 5140 626 5232 διερχόμενος,
663 5150 1026 5220 διανοητικῶς
1059 5143 1116 5200 δὲ
1157 5145 1384 5206 τούτους
1426 5140 1895 5215 διασκοπούμενος

245 5246 330 5301 καὶ
378 5247 470 5300 τὸν
523 5248 646 5298 νοῦν
702 5239 1064 5316 θησαυρίζων.
1118 5235 1247 5290 Εἶτα
1283 5233 1516 5309 μελέτην
1573 5237 1732 5287 πσιοῦ
1788 5236 1896 5285 τῶν

249 5335 701 5411 ἀναγνωσθέντων
751 5330 844 5386 ’ἱνα
907 5326 1268 5403 γλυκαίνηταί
1324 5345 1420 5378 σου
1476 5325 1510 5392 ἡ
1572 5320 1786 5376 διάνοια
1845 5320 1902 5373 ἐκ

249 5409 371 5493 τῆς
430 5425 856 5493 κατανοήσεως,
942 5417 1033 5472 καὶ
1117 5413 1454 5484 ἀνεπίληστα
1531 5409 1758 5486 διαμένῃ
1835 5410 1903 5464 τὰ

255 5513 646 5589 ἁναγνώσματα
680 5555 694 5579 ,
775 5510 1056 5571 κάντεῦθεν
1155 5501 1600 5580 προσανάπτηταί
1688 5521 1783 5555 σου
1865 5503 1901 5569 ἡ

327 5712 367 5748 ¹¹
401 5710 602 5767 Matth.
635 5723 798 5778 xvm,
828 5707 918 5761 20.
1002 5704 1046 5740 1³
1078 5699 1231 5756 Psal.
1265 5717 1354 5771 ιν,
1390 5699 1476 5754 10.

541 5827 810 5886 Parnm.
859 5825 969 5884 Gn.
1018 5817 1284 5880 CXLIII.

1902 1885 1949 1949 Β

1977 584 2114 640 inde
2147 585 2419 657 quaedam
2449 587 2516 640 ﬁt
2539 586 2677 642 unio
2711 591 2886 656 atque
2906 589 3261 646 concertatio
3291 591 3447 647 inter
3467 609 3630 648 men-

1976 679 2117 745 tem,
2150 675 2513 732 intellectum
2547 682 2604 732 et
2635 679 2951 750 spiritum:
2986 702 3014 729 «
3045 680 3150 737 Ubi
3199 680 3377 750 enim,
3410 681 3629 753 inquit,

1979 765 2094 820 duo
2134 764 2223 820 vel
2257 771 2375 820 tres
2424 768 2759 839 congregati
2792 773 2934 825 sunt
2964 769 3022 824 in
3074 771 3311 827 nomine
3361 787 3512 841 meo,
3543 771 3628 827 ibi

1978 869 2110 908 sum
2143 853 2202 908 in
2235 855 2427 911 medio
2449 872 2652 911 eorum
2681 860 2749 911 υ.
2771 879 2800 906 ››
2830 859 2917 912 Ita
2936 875 3003 914 ex
3023 859 3366 930 passionum
3388 859 3625 933 divaga-

1977 944 2134 998 tione
2165 942 2475 999 facultates
2509 947 2719 1000 animai
2745 953 2973 1002 revocat
3005 951 3211 1017 oratio,
3237 950 3447 1005 deinde
3472 967 3632 1006 coor-

1977 1031 2143 1086 dinat
2190 1031 2342 1098 illas,
2380 1033 2850 1107 lripartitamque
2885 1036 3144 1092 animam
3183 1021 3522 1094 'coordunat
3553 1041 3624 1095 ad

1979 1121 2165 1175 instar
2184 1121 2361 1177 trium
2385 1139 2768 1194 personarum
2793 1123 2854 1178 in
2879 1142 2993 1180 uno
3013 1130 3125 1181 Deo
3148 1126 3625 1183 subsistentium.

1977 1210 2205 1264 Etenim
2241 1227 2341 1282 per
2370 1212 2601 1267 virtutis
2633 1215 2839 1269 modos
2870 1231 2938 1269 ex
2967 1215 3166 1270 anima
3209 1216 3363 1270 radit
3410 1220 3631 1288 peccati

1976 1299 2434 1365 deformitatem,
2459 1301 2749 1372 imprimit
2770 1307 2966 1357 autem
2991 1305 3218 1359 divinos
3240 1305 3628 1375 characteres;

1976 1394 2212 1460 propter
2259 1394 2526 1445 sanctam
2563 1392 2978 1463 cogitationem
3012 1393 3308 1449 internam
3340 1399 3398 1449 et
3444 1396 3628 1450 refor-

1976 1483 2194 1534 matam
2224 1477 2482 1534 animam
2524 1485 2839 1551 praesentat
2869 1482 3005 1537 Deo.
3053 1483 3261 1538 Anima
3289 1499 3425 1540 vero
3456 1501 3632 1540 suum

1975 1567 2172 1622 statim
2206 1571 2474 1639 agnoscit
2499 1570 2822 1640 Factorem,
2853 1571 3025 1627 sicuti
3047 1574 3335 1644 scriptum
3358 1578 3483 1630 est:
3524 1574 3630 1629 «In

1974 1673 2091 1727 qua
2122 1656 2214 1712 die
2237 1656 2574 1714 invocavero
2597 1664 2674 1729 te,
2699 1675 2831 1715 ecce
2856 1661 3101 1732 cognovi
3126 1661 3264 1732 quia
3284 1667 3441 1718 Deus
3463 1679 3635 1724 meus

1974 1762 2036 1800 es
2066 1750 2127 1800 tu
2163 1746 2226 1801 1³.
2263 1768 2290 1794 ››
2322 1746 2474 1803 Deus
2506 1764 2741 1820 quoque
2772 1749 3033 1805 animam
3079 1751 3351 1822 agnoscit
3379 1769 3392 1807 :
3427 1773 3449 1800 ε
3482 1754 3636 1809 Suos

1978 1835 2135 1890 enim
2160 1837 2352 1891 noscit
2380 1837 2705 1906 Dominus;
2751 1861 2771 1887 υ
2810 1838 3071 1910 agnoscit
3100 1841 3339 1910 quidem
3396 1846 3634 1913 propter

1987 1924 2264 1998 imaginis
2295 1927 2631 1998 puritatem,
2663 1928 2802 1998 quia
2833 1928 3022 1984 omnis
3051 1928 3246 2000 imago
3275 1929 3634 1986 lineamenta

1988 2015 2163 2070 refert
2192 2031 2222 2070 e
2249 2021 2554 2088 prototypo
2583 2035 2596 2084 ;
2630 2019 2896 2089 agnoscit
2925 2034 3156 2088 quoque
3189 2023 3425 2090 prOpter
3453 2020 3635 2076 virtu-

1990 2107 2113 2157 tum
2145 2103 2614 2173 similitudinem,
2650 2122 2754 2177 per
2783 2123 2931 2176 quas
2957 2109 3015 2161 et
3045 2111 3222 2161 Deum
3255 2106 3446 2162 noscit
3475 2113 3532 2162 et
3561 2108 3634 2162 ab

1987 2193 2114 2262 ipso
2148 2193 2432 2249 noscitur.
2466 2193 2575 2256 Qui
2607 2194 2761 2266 regis
2791 2195 3045 2250 favorem
3079 2195 3191 2250 sibi
3214 2195 3638 2252 conciliarein-

1984 2283 2192 2348 tendit,
2221 2283 2291 2337 ad
2324 2287 2443 2338 tres
2473 2284 2679 2338 modos
2711 2286 3024 2356 confugere
3052 2290 3254 2357 potes:
3289 2285 3408 2341 sive
3437 2287 3633 2342 verbis

1985 2378 2353 2442 apprecatur,
2386 2372 2505 2427 sive
2536 2372 2718 2429 silens
2736 2380 2908 2445 astat,
2934 2374 3054 2429 sive
3086 2376 3157 2430 ad
3181 2375 3358 2447 pedes
3387 2375 3547 2430 illius
3570 2392 3634 2432 se

1983 2461 2214 2532 projicit
2244 2462 2344 2532 qui
2368 2463 2614 2532 juvandi
2643 2463 2978 2519 facultatem
3016 2465 3300 2536 possidet.
3332 2464 3481 2520 Pura
3502 2481 3635 2521 ora-

1981 2552 2060 2605 tio
2111 2557 2388 2618 mentem,
2446 2554 2689 2608 verbum
2730 2559 2788 2609 et
2835 2554 3105 2626 spiritum
3148 2553 3410 2626 colligit:
3458 2556 3632 2610 verbo

1980 2639 2200 2710 profert
2229 2657 2463 2708 nomen,
2491 2646 2684 2698 mente
2707 2644 2959 2699 attendit
2976 2644 3240 2698 invocato
3264 2643 3402 2708 Deo,
3426 2648 3483 2699 et
3514 2644 3632 2715 spi-

1982 2729 2093 2783 ritu
2128 2727 2287 2784 elicit
2321 2734 2488 2786 actus
2519 2731 2913 2801 contritionis,
2961 2731 3315 2787 humilitatis
3346 2738 3404 2787 et
3438 2732 3629 2788 chari-

1978 2818 2155 2872 tatis:
2208 2818 2596 2888 contritionis,
2645 2820 2995 2876 humilitatis
3026 2825 3083 2876 et
3132 2821 3477 2889 charitatis;
3515 2821 3625 2878 hoc

1980 2906 2152 2961 modo
2201 2907 2545 2963 Trinitatem
2580 2915 2888 2964 veneratur
2937 2915 3243 2974 aternam,
3275 2915 3528 2973 Patrem,
3577 2919 3634 2966 et

1977 2993 2190 3050 Filium
2218 2997 2570 3068 etSpiritum
2599 3004 2891 3069 sanctum,
2917 3015 3104 3054 unum
3129 2998 3400 3054 videlicet
3422 3003 3630 3055 Deum.

2043 3350 2318 3406 Ciborum
2350 3349 2599 3405 varietas
2632 3350 2703 3404 ad
2737 3350 3136 3422 sumptionem
3179 3351 3428 3419 inducit,
3462 3352 3546 3408 sic
3577 3356 3635 3407 et

1975 3440 2216 3496 diversae
2238 3438 2522 3494 virtutum
2536 3438 2764 3510 species
2786 3439 3002 3495 mentis
3024 3439 3325 3496 solertiam
3348 3441 3627 3498 excitant.

1977 3533 2178 3600 Itaque
2193 3530 2335 3584 dum
2359 3527 2673 3584 mentalem
2699 3528 2847 3584 viam
2864 3529 3117 3601 perficis,
3142 3531 3425 3587 orationis
3447 3531 3625 3586 verba

1978 3619 2259 3689 revolvas,
2291 3618 2362 3674 ad
2390 3619 2703 3674 Dominum
2735 3618 2954 3675 clames
2981 3635 3216 3692 semper
3244 3630 3299 3676 et
3329 3637 3446 3677 non
3480 3622 3626 3676 defi-

1982 3711 2124 3778 cias,
2176 3706 2556 3780 postulationi
2605 3709 2789 3764 instes
2821 3713 2877 3764 et
2914 3707 3354 3781 improbitatem
3406 3710 3624 3766 referas

1979 3799 2172 3853 viduae
2194 3814 2321 3868 quis
2343 3797 2561 3851 durum
2595 3797 2822 3853 adierat
2845 3797 3128 3867 judicem.
3163 3799 3327 3854 Tunc
3359 3799 3630 3856 ambulas

1982 3888 2044 3943 in
2098 3886 2326 3958 spiritu,
2361 3885 2696 3942 carnalibus
2764 3887 3070 3943 desideriis
3117 3905 3234 3943 non
3278 3889 3527 3944 inservis
3576 3895 3634 3945 et

1987 3976 2370 4048 proﬂuentem
2402 3975 2723 4030 orationem
2757 3991 2871 4031 non
2897 3976 3156 4031 dissecas
3177 3977 3635 4048 cogitationibus

1989 4064 2227 4132 saeculi;
2262 4064 2551 4135 templum
2588 4065 2776 4119 factus
2807 4081 2870 4119 es
2901 4064 3001 4119 Dei
3035 4069 3094 4119 et
3125 4065 3307 4121 Deum
3337 4083 3474 4122 voce
3507 4066 3638 4123 lau-

1991 4156 2096 4210 das
2116 4152 2476 4209 incessabili.
2509 4151 2564 4206 Si
2594 4168 2660 4207 eo
2695 4154 2868 4208 modo
2893 4170 3025 4207 oras
3045 4153 3102 4207 in
3129 4159 3343 4222 mente,
3370 4156 3641 4213 adveniet

1993 4250 2057 4300 ut
2089 4243 2159 4300 ad
2193 4242 2294 4298 Dei
2328 4242 2666 4297 memoriam
2701 4242 3071 4308 conducaris,
3104 4242 3162 4298 in
3212 4244 3454 4316 spiritus
3488 4246 3643 4301 inte-

1994 4334 2151 4389 riora
2208 4336 2500 4405 penetres,
2561 4332 2645 4388 ad'
2677 4331 2957 4404 mysticae
3015 4333 3289 4404 visiones,
3335 4335 3406 4389 ad
3455 4335 3641 4390 Deum

1996 4421 2504 4490 inaccessibilem;
2537 4422 2597 4478 in
2629 4422 3121 4479 considerationis
3155 4427 3211 4479 et
3240 4425 3457 4481 amoris
3505 4425 3646 4481 etfu-

1998 4513 2266 4570 sionibus
2297 4518 2360 4568 tu
2392 4511 2556 4568 solus
2587 4527 2721 4568 cum
2751 4510 2874 4568 solo
2905 4513 3022 4568 Deo
3055 4513 3456 4586 conjungaris.

2072 4872 2216 4927 Cum
2249 4872 2305 4923 te
2351 4868 2411 4924 in
2443 4869 2705 4924 oratione
2745 4869 3119 4941 divagantem
3167 4870 3646 4942 deprehenderis,

2003 4963 2310 5031 assumpto
2357 4957 2579 5028 libello,
2620 4957 2856 5014 lectioni
2887 4960 3178 5027 attendas,
3211 4961 3412 5017 sensui
3451 4961 3648 5017 adhes.

2006 5067 2154 5117 reas,
2201 5054 2258 5104 et
2289 5065 2404 5103 non
2453 5048 2811 5104 transeundo
2863 5065 3172 5120 percurras
3230 5051 3559 5120 materiam,
3594 5056 3654 5106 at

2007 5140 2170 5194 illam
2203 5143 2396 5193 mente
2428 5138 2763 5193 consideres
2792 5142 2849 5192 et
2879 5138 3326 5211 intelligentiam
3371 5145 3535 5196 tuam
3565 5141 3652 5195 lo-

2009 5227 2392 5299 cupletiorem
2448 5226 2694 5282 efﬁcias.
2746 5226 2953 5282 Postea
3003 5227 3439 5285 meditationem
3487 5229 3655 5284 insti-

2011 5323 2146 5373 tuas
2167 5318 2318 5372 circa
2338 5333 2431 5372 res
2455 5315 2761 5388 periectas,
2785 5315 2867 5372 ita
2884 5317 3034 5372 etde
3059 5317 3325 5373 materiis
3344 5334 3507 5373 mens
3525 5315 3656 5371 dul-

2012 5413 2207 5464 cescat
2231 5411 2288 5462 et
2315 5405 2603 5461 memoria
2634 5406 2864 5461 easdem
2894 5422 3129 5477 semper
3149 5406 3419 5462 retineat.
3443 5403 3658 5459 Exinde

2013 5502 2152 5552 tuus
2201 5496 2540 5552 exardescet
2587 5494 2780 5551 fervor
2806 5494 2866 5549 in
2916 5493 3131 5552 divinis
3179 5493 3659 5566 cogitationibus,

3309 5804 3384 5864 13
