  <div class='ocr_page' id='page_1' title='image "/cluster/home/n/w/nwhite01/storage/ocr_20150623/143/hvd.32044073502585/203.png"; bbox 0 0 4034 6200; ppageno 0'>
   <div class='ocr_carea' id='block_1_1' title="bbox 418 363 528 420">
    <p class='ocr_par' dir='ltr' id='par_1_1' title="bbox 418 363 528 420">
     <span class='ocr_line' id='line_1_1' title="bbox 418 363 528 420; baseline -0.009 0"><span class='ocrx_word' id='word_1_1' title='bbox 418 363 528 420; x_wconf 81' lang='grc'><strong>395</strong></span> 
     </span>
    </p>
   </div>
   <div class='ocr_carea' id='block_1_2' title="bbox 1546 354 2706 415">
    <p class='ocr_par' dir='ltr' id='par_1_2' title="bbox 1546 354 2706 415">
     <span class='ocr_line' id='line_1_2' title="bbox 1546 354 2706 415; baseline -0.005 0"><span class='ocrx_word' id='word_1_2' title='bbox 1546 357 1950 415; x_wconf 76' lang='lat' dir='ltr'><strong>THEOLEPTI</strong></span> <span class='ocrx_word' id='word_1_3' title='bbox 1987 354 2302 410; x_wconf 77' lang='lat' dir='ltr'><strong>PHILADE</strong></span> <span class='ocrx_word' id='word_1_4' title='bbox 2308 355 2706 410; x_wconf 76' lang='lat' dir='ltr'><strong>LPHIENSIS.</strong></span> 
     </span>
    </p>
   </div>
   <div class='ocr_carea' id='block_1_3' title="bbox 3712 363 3810 420">
    <p class='ocr_par' dir='ltr' id='par_1_3' title="bbox 3712 363 3810 420">
     <span class='ocr_line' id='line_1_3' title="bbox 3712 363 3810 420; baseline 0 0"><span class='ocrx_word' id='word_1_5' title='bbox 3712 363 3810 420; x_wconf 80' lang='lat'><strong>396</strong></span> 
     </span>
    </p>
   </div>
   <div class='ocr_carea' id='block_1_4' title="bbox 416 473 2044 562">
    <p class='ocr_par' dir='ltr' id='par_1_4' title="bbox 416 481 2044 556">
     <span class='ocr_line' id='line_1_4' title="bbox 416 481 2044 556; baseline -0.007 -11"><span class='ocrx_word' id='word_1_6' title='bbox 416 490 572 545; x_wconf 99' lang='lat' dir='ltr'><strong>sicut</strong></span> <span class='ocrx_word' id='word_1_7' title='bbox 617 484 902 556; x_wconf 86' lang='lat' dir='ltr'><strong>scriptum</strong></span> <span class='ocrx_word' id='word_1_8' title='bbox 952 484 1082 538; x_wconf 86' lang='lat' dir='ltr'><strong>est:</strong></span> <span class='ocrx_word' id='word_1_9' title='bbox 1115 504 1144 532; x_wconf 88' lang='lat'><strong><em>«</em></strong></span> <span class='ocrx_word' id='word_1_10' title='bbox 1179 481 1243 538; x_wconf 92' lang='lat' dir='ltr'><strong>In</strong></span> <span class='ocrx_word' id='word_1_11' title='bbox 1300 481 1622 538; x_wconf 90' lang='lat' dir='ltr'><strong>meditione</strong></span> <span class='ocrx_word' id='word_1_12' title='bbox 1670 498 1799 537; x_wconf 89' lang='lat' dir='ltr'><strong>mea</strong></span> <span class='ocrx_word' id='word_1_13' title='bbox 1844 494 2044 536; x_wconf 90' lang='lat' dir='ltr'><strong>accen-</strong></span> 
     </span>
    </p>
   </div>
   <div class='ocr_carea' id='block_1_5' title="bbox 2163 473 3806 562">
    <p class='ocr_par' dir='ltr' id='par_1_5' title="bbox 2173 473 3806 562">
     <span class='ocr_line' id='line_1_5' title="bbox 2173 473 3806 562; baseline 0.007 -33"><span class='ocrx_word' id='word_1_14' title='bbox 2173 473 2347 550; x_wconf 67' lang='grc' dir='ltr'>θέρμη</span> <span class='ocrx_word' id='word_1_15' title='bbox 2397 474 2448 530; x_wconf 82' lang='grc' dir='ltr'><strong>ἐν</strong></span> <span class='ocrx_word' id='word_1_16' title='bbox 2500 481 2620 538; x_wconf 89' lang='grc' dir='ltr'>τοῖς</span> <span class='ocrx_word' id='word_1_17' title='bbox 2669 473 2834 540; x_wconf 87' lang='grc' dir='ltr'>θείοις</span> <span class='ocrx_word' id='word_1_18' title='bbox 2885 474 3236 550; x_wconf 71' lang='grc' dir='ltr'>διανοήμασι.</span> <span class='ocrx_word' id='word_1_19' title='bbox 3287 502 3317 531; x_wconf 89' lang='grc'><strong>‹‹</strong></span> <span class='ocrx_word' id='word_1_20' title='bbox 3365 479 3454 537; x_wconf 75' lang='grc' dir='ltr'>Ἔν</span> <span class='ocrx_word' id='word_1_21' title='bbox 3501 483 3570 554; x_wconf 81' lang='grc' dir='ltr'>τῇ</span> <span class='ocrx_word' id='word_1_22' title='bbox 3621 483 3806 562; x_wconf 74' lang='grc' dir='ltr'>μελέτῃ</span> 
     </span>
    </p>
   </div>
   <div class='ocr_carea' id='block_1_6' title="bbox 413 570 2056 646">
    <p class='ocr_par' dir='ltr' id='par_1_6' title="bbox 413 570 2056 646">
     <span class='ocr_line' id='line_1_6' title="bbox 413 570 2056 646; baseline -0.005 -14"><span class='ocrx_word' id='word_1_23' title='bbox 413 578 584 632; x_wconf 80' lang='lat' dir='ltr'><strong>detur</strong></span> <span class='ocrx_word' id='word_1_24' title='bbox 609 573 766 646; x_wconf 89' lang='lat' dir='ltr'><strong>ignis</strong></span> <span class='ocrx_word' id='word_1_25' title='bbox 796 572 860 626; x_wconf 85' lang='grc'><strong>¹³.</strong></span> <span class='ocrx_word' id='word_1_26' title='bbox 894 594 922 622; x_wconf 89' lang='grc'><strong>››</strong></span> <span class='ocrx_word' id='word_1_27' title='bbox 955 570 1061 638; x_wconf 90' lang='lat' dir='ltr'><strong>Qui</strong></span> <span class='ocrx_word' id='word_1_28' title='bbox 1093 571 1372 628; x_wconf 89' lang='lat' dir='ltr'><strong>dentibus</strong></span> <span class='ocrx_word' id='word_1_29' title='bbox 1400 575 1677 627; x_wconf 80' lang='lat' dir='ltr'><strong>tenuatur</strong></span> <span class='ocrx_word' id='word_1_30' title='bbox 1701 570 1891 639; x_wconf 80' lang='lat' dir='ltr'><strong>cibus,</strong></span> <span class='ocrx_word' id='word_1_31' title='bbox 1918 583 2056 640; x_wconf 88' lang='lat' dir='ltr'><strong>gus-</strong></span> 
     </span>
    </p>
   </div>
   <div class='ocr_carea' id='block_1_7' title="bbox 412 661 2061 734">
    <p class='ocr_par' dir='ltr' id='par_1_7' title="bbox 412 661 2061 734">
     <span class='ocr_line' id='line_1_7' title="bbox 412 661 2061 734; baseline -0.004 -13"><span class='ocrx_word' id='word_1_32' title='bbox 412 670 536 721; x_wconf 87' lang='lat' dir='ltr'><strong>tum</strong></span> <span class='ocrx_word' id='word_1_33' title='bbox 568 663 838 730; x_wconf 79' lang='lat' dir='ltr'><strong>delectat,</strong></span> <span class='ocrx_word' id='word_1_34' title='bbox 865 661 1099 734; x_wconf 90' lang='lat' dir='ltr'><strong>eloquia</strong></span> <span class='ocrx_word' id='word_1_35' title='bbox 1117 679 1252 719; x_wconf 91' lang='lat' dir='ltr'><strong>vero</strong></span> <span class='ocrx_word' id='word_1_36' title='bbox 1275 662 1493 729; x_wconf 71' lang='lat' dir='ltr'><strong>divina,</strong></span> <span class='ocrx_word' id='word_1_37' title='bbox 1517 679 1643 734; x_wconf 65' lang='lat' dir='ltr'><strong>quae</strong></span> <span class='ocrx_word' id='word_1_38' title='bbox 1667 662 1740 718; x_wconf 92' lang='lat' dir='ltr'><strong>ab</strong></span> <span class='ocrx_word' id='word_1_39' title='bbox 1763 661 1960 716; x_wconf 84' lang='lat' dir='ltr'><strong>anima</strong></span> <span class='ocrx_word' id='word_1_40' title='bbox 1979 663 2061 714; x_wconf 89' lang='lat' dir='ltr'><strong>te-</strong></span> 
     </span>
    </p>
   </div>
   <div class='ocr_carea' id='block_1_8' title="bbox 412 751 2056 824">
    <p class='ocr_par' dir='ltr' id='par_1_8' title="bbox 412 751 2056 824">
     <span class='ocr_line' id='line_1_8' title="bbox 412 751 2056 824; baseline -0.007 -15"><span class='ocrx_word' id='word_1_41' title='bbox 412 758 646 821; x_wconf 89' lang='lat' dir='ltr'><strong>runtur,</strong></span> <span class='ocrx_word' id='word_1_42' title='bbox 672 753 948 824; x_wconf 87' lang='lat' dir='ltr'><strong>saginant</strong></span> <span class='ocrx_word' id='word_1_43' title='bbox 977 752 1236 809; x_wconf 89' lang='lat' dir='ltr'><strong>animam</strong></span> <span class='ocrx_word' id='word_1_44' title='bbox 1267 758 1326 808; x_wconf 90' lang='lat' dir='ltr'><strong>et</strong></span> <span class='ocrx_word' id='word_1_45' title='bbox 1356 752 1560 808; x_wconf 67' lang='lat' dir='ltr'><strong>laatitia</strong></span> <span class='ocrx_word' id='word_1_46' title='bbox 1591 751 1953 823; x_wconf 88' lang='lat' dir='ltr'><strong>perfundunt</strong></span> <span class='ocrx_word' id='word_1_47' title='bbox 1985 765 1998 803; x_wconf 89' lang='lat'><strong>:</strong></span> <span class='ocrx_word' id='word_1_48' title='bbox 2027 769 2056 798; x_wconf 87' lang='grc'><strong>‹‹</strong></span> 
     </span>
    </p>
   </div>
   <div class='ocr_carea' id='block_1_9' title="bbox 414 836 2058 912">
    <p class='ocr_par' dir='ltr' id='par_1_9' title="bbox 414 836 2058 912">
     <span class='ocr_line' id='line_1_9' title="bbox 414 836 2058 912; baseline -0.005 -13"><span class='ocrx_word' id='word_1_49' title='bbox 414 844 599 908; x_wconf 86' lang='lat' dir='ltr'><strong>Quam</strong></span> <span class='ocrx_word' id='word_1_50' title='bbox 633 841 828 898; x_wconf 81' lang='lat' dir='ltr'><strong>dulcia</strong></span> <span class='ocrx_word' id='word_1_51' title='bbox 857 846 999 898; x_wconf 91' lang='lat' dir='ltr'><strong>sunt</strong></span> <span class='ocrx_word' id='word_1_52' title='bbox 1025 842 1294 898; x_wconf 80' lang='lat' dir='ltr'><strong>faucibus</strong></span> <span class='ocrx_word' id='word_1_53' title='bbox 1329 845 1474 898; x_wconf 88' lang='lat' dir='ltr'><strong>meis</strong></span> <span class='ocrx_word' id='word_1_54' title='bbox 1505 840 1738 912; x_wconf 90' lang='lat' dir='ltr'><strong>eloquia</strong></span> <span class='ocrx_word' id='word_1_55' title='bbox 1777 843 1878 894; x_wconf 90' lang='lat' dir='ltr'><strong>tua</strong></span> <span class='ocrx_word' id='word_1_56' title='bbox 1910 840 1955 874; x_wconf 73' lang='grc'>¹⁴</span> <span class='ocrx_word' id='word_1_57' title='bbox 1983 836 1994 891; x_wconf 93' lang='lat' dir='ltr'><strong>l</strong></span> <span class='ocrx_word' id='word_1_58' title='bbox 2029 858 2058 888; x_wconf 88' lang='grc'><strong>››</strong></span> 
     </span>
    </p>
   </div>
   <div class='ocr_carea' id='block_1_10' title="bbox 412 927 2058 1002">
    <p class='ocr_par' dir='ltr' id='par_1_10' title="bbox 412 927 2058 1002">
     <span class='ocr_line' id='line_1_10' title="bbox 412 927 2058 1002; baseline -0.004 -15"><span class='ocrx_word' id='word_1_59' title='bbox 412 930 759 1002; x_wconf 85' lang='lat' dir='ltr'><strong>Evangelica</strong></span> <span class='ocrx_word' id='word_1_60' title='bbox 777 932 953 987; x_wconf 92' lang='lat' dir='ltr'><strong>verba</strong></span> <span class='ocrx_word' id='word_1_61' title='bbox 981 937 1038 987; x_wconf 89' lang='lat' dir='ltr'><strong>et</strong></span> <span class='ocrx_word' id='word_1_62' title='bbox 1057 935 1395 987; x_wconf 89' lang='lat' dir='ltr'><strong>sanctorum</strong></span> <span class='ocrx_word' id='word_1_63' title='bbox 1421 931 1658 986; x_wconf 81' lang='lat' dir='ltr'><strong>Patrum</strong></span> <span class='ocrx_word' id='word_1_64' title='bbox 1698 927 2058 1000; x_wconf 80' lang='lat' dir='ltr'><strong>apophtheg-</strong></span> 
     </span>
    </p>
   </div>
   <div class='ocr_carea' id='block_1_11' title="bbox 415 1015 2063 1092">
    <p class='ocr_par' dir='ltr' id='par_1_11' title="bbox 415 1015 2063 1092">
     <span class='ocr_line' id='line_1_11' title="bbox 415 1015 2063 1092; baseline -0.004 -15"><span class='ocrx_word' id='word_1_65' title='bbox 415 1026 576 1077; x_wconf 89' lang='lat' dir='ltr'><strong>mata</strong></span> <span class='ocrx_word' id='word_1_66' title='bbox 605 1021 676 1076; x_wconf 90' lang='lat' dir='ltr'><strong>ad</strong></span> <span class='ocrx_word' id='word_1_67' title='bbox 710 1037 810 1076; x_wconf 92' lang='lat' dir='ltr'><strong>cor</strong></span> <span class='ocrx_word' id='word_1_68' title='bbox 839 1025 1006 1075; x_wconf 87' lang='lat' dir='ltr'><strong>tuum</strong></span> <span class='ocrx_word' id='word_1_69' title='bbox 1039 1037 1326 1092; x_wconf 85' lang='lat' dir='ltr'><strong>apponas,</strong></span> <span class='ocrx_word' id='word_1_70' title='bbox 1351 1015 1615 1091; x_wconf 88' lang='lat' dir='ltr'><strong>ipsorum</strong></span> <span class='ocrx_word' id='word_1_71' title='bbox 1638 1033 1872 1090; x_wconf 90' lang='lat' dir='ltr'><strong>quoque</strong></span> <span class='ocrx_word' id='word_1_72' title='bbox 1899 1015 2063 1070; x_wconf 84' lang='lat' dir='ltr'><strong>Vitas</strong></span> 
     </span>
    </p>
   </div>
   <div class='ocr_carea' id='block_1_12' title="bbox 413 1101 2062 1181">
    <p class='ocr_par' dir='ltr' id='par_1_12' title="bbox 413 1101 2062 1181">
     <span class='ocr_line' id='line_1_12' title="bbox 413 1101 2062 1181; baseline -0.005 -15"><span class='ocrx_word' id='word_1_73' title='bbox 413 1109 820 1181; x_wconf 90' lang='lat' dir='ltr'><strong>perscruteris,</strong></span> <span class='ocrx_word' id='word_1_74' title='bbox 857 1112 923 1164; x_wconf 91' lang='lat' dir='ltr'><strong>ut</strong></span> <span class='ocrx_word' id='word_1_75' title='bbox 969 1108 1026 1163; x_wconf 91' lang='lat' dir='ltr'><strong>in</strong></span> <span class='ocrx_word' id='word_1_76' title='bbox 1062 1108 1336 1165; x_wconf 90' lang='lat' dir='ltr'><strong>noctibus</strong></span> <span class='ocrx_word' id='word_1_77' title='bbox 1381 1109 1500 1164; x_wconf 88' lang='lat' dir='ltr'><strong>tuis</strong></span> <span class='ocrx_word' id='word_1_78' title='bbox 1532 1108 1694 1163; x_wconf 89' lang='lat' dir='ltr'><strong>illam</strong></span> <span class='ocrx_word' id='word_1_79' title='bbox 1743 1101 2062 1162; x_wconf 82' lang='lat' dir='ltr'><strong>meditandi</strong></span> 
     </span>
    </p>
   </div>
   <div class='ocr_carea' id='block_1_13' title="bbox 414 1197 1046 1254">
    <p class='ocr_par' dir='ltr' id='par_1_13' title="bbox 414 1197 1046 1254">
     <span class='ocr_line' id='line_1_13' title="bbox 414 1197 1046 1254; baseline -0.003 0"><span class='ocrx_word' id='word_1_80' title='bbox 414 1198 722 1254; x_wconf 81' lang='lat' dir='ltr'><strong>materiam</strong></span> <span class='ocrx_word' id='word_1_81' title='bbox 754 1197 887 1253; x_wconf 90' lang='lat' dir='ltr'><strong>insu</strong></span> <span class='ocrx_word' id='word_1_82' title='bbox 898 1214 1046 1254; x_wconf 89' lang='lat' dir='ltr'><strong>mas.</strong></span> 
     </span>
    </p>
   </div>
   <div class='ocr_carea' id='block_1_14' title="bbox 480 1371 2064 1432">
    <p class='ocr_par' dir='ltr' id='par_1_14' title="bbox 480 1371 2064 1432">
     <span class='ocr_line' id='line_1_14' title="bbox 480 1371 2064 1432; baseline -0.002 -1"><span class='ocrx_word' id='word_1_83' title='bbox 480 1375 902 1432; x_wconf 83' lang='lat' dir='ltr'><strong>Remissiorem</strong></span> <span class='ocrx_word' id='word_1_84' title='bbox 935 1379 1190 1432; x_wconf 89' lang='lat' dir='ltr'><strong>mentem</strong></span> <span class='ocrx_word' id='word_1_85' title='bbox 1218 1376 1277 1431; x_wconf 92' lang='lat' dir='ltr'><strong>in</strong></span> <span class='ocrx_word' id='word_1_86' title='bbox 1311 1376 1576 1432; x_wconf 88' lang='lat' dir='ltr'><strong>oratione</strong></span> <span class='ocrx_word' id='word_1_87' title='bbox 1602 1374 1792 1431; x_wconf 84' lang='lat' dir='ltr'><strong>reficis</strong></span> <span class='ocrx_word' id='word_1_88' title='bbox 1814 1371 2064 1429; x_wconf 88' lang='lat' dir='ltr'><strong>lectione</strong></span> 
     </span>
    </p>
   </div>
   <div class='ocr_carea' id='block_1_15' title="bbox 408 1462 2060 1536">
    <p class='ocr_par' dir='ltr' id='par_1_15' title="bbox 408 1462 2060 1536">
     <span class='ocr_line' id='line_1_15' title="bbox 408 1462 2060 1536; baseline -0.002 -16"><span class='ocrx_word' id='word_1_89' title='bbox 408 1469 467 1520; x_wconf 86' lang='lat' dir='ltr'><strong>et</strong></span> <span class='ocrx_word' id='word_1_90' title='bbox 499 1465 881 1521; x_wconf 85' lang='lat' dir='ltr'><strong>meditatione</strong></span> <span class='ocrx_word' id='word_1_91' title='bbox 911 1463 1244 1520; x_wconf 88' lang='lat' dir='ltr'><strong>divinorum</strong></span> <span class='ocrx_word' id='word_1_92' title='bbox 1278 1465 1681 1536; x_wconf 86' lang='lat' dir='ltr'><strong>Eloquiorum,</strong></span> <span class='ocrx_word' id='word_1_93' title='bbox 1715 1464 1834 1519; x_wconf 88' lang='lat' dir='ltr'><strong>imo</strong></span> <span class='ocrx_word' id='word_1_94' title='bbox 1874 1462 2060 1534; x_wconf 89' lang='lat' dir='ltr'><strong>aptio-</strong></span> 
     </span>
    </p>
   </div>
   <div class='ocr_carea' id='block_1_16' title="bbox 408 1549 2060 1624">
    <p class='ocr_par' dir='ltr' id='par_1_16' title="bbox 408 1549 2060 1624">
     <span class='ocr_line' id='line_1_16' title="bbox 408 1549 2060 1624; baseline -0.001 -18"><span class='ocrx_word' id='word_1_95' title='bbox 408 1567 529 1607; x_wconf 89' lang='lat' dir='ltr'><strong>rem</strong></span> <span class='ocrx_word' id='word_1_96' title='bbox 566 1567 874 1623; x_wconf 88' lang='lat' dir='ltr'><strong>comparas</strong></span> <span class='ocrx_word' id='word_1_97' title='bbox 904 1552 974 1607; x_wconf 94' lang='lat' dir='ltr'><strong>ad</strong></span> <span class='ocrx_word' id='word_1_98' title='bbox 1001 1553 1365 1624; x_wconf 91' lang='lat' dir='ltr'><strong>precandum</strong></span> <span class='ocrx_word' id='word_1_99' title='bbox 1385 1551 1434 1606; x_wconf 94' lang='lat' dir='ltr'><strong>si</strong></span> <span class='ocrx_word' id='word_1_100' title='bbox 1456 1553 1525 1606; x_wconf 88' lang='lat' dir='ltr'><strong>ad</strong></span> <span class='ocrx_word' id='word_1_101' title='bbox 1551 1551 1766 1606; x_wconf 87' lang='lat' dir='ltr'><strong>oralem</strong></span> <span class='ocrx_word' id='word_1_102' title='bbox 1803 1549 2060 1622; x_wconf 86' lang='lat' dir='ltr'><strong>psalmo-</strong></span> 
     </span>
    </p>
   </div>
   <div class='ocr_carea' id='block_1_17' title="bbox 406 1640 2062 1711">
    <p class='ocr_par' dir='ltr' id='par_1_17' title="bbox 406 1640 2062 1711">
     <span class='ocr_line' id='line_1_17' title="bbox 406 1640 2062 1711; baseline -0.001 -15"><span class='ocrx_word' id='word_1_103' title='bbox 406 1641 564 1696; x_wconf 86' lang='lat' dir='ltr'><strong>diam</strong></span> <span class='ocrx_word' id='word_1_104' title='bbox 619 1657 934 1708; x_wconf 88' lang='lat' dir='ltr'><strong>recurras;</strong></span> <span class='ocrx_word' id='word_1_105' title='bbox 991 1645 1252 1696; x_wconf 88' lang='lat' dir='ltr'><strong>attamen</strong></span> <span class='ocrx_word' id='word_1_106' title='bbox 1303 1640 1624 1711; x_wconf 77' lang='lat' dir='ltr'><strong>tranquilla</strong></span> <span class='ocrx_word' id='word_1_107' title='bbox 1653 1649 1852 1695; x_wconf 80' lang='lat' dir='ltr'><strong>cantes</strong></span> <span class='ocrx_word' id='word_1_108' title='bbox 1905 1654 2062 1710; x_wconf 83' lang='lat' dir='ltr'><strong>voce,</strong></span> 
     </span>
    </p>
   </div>
   <div class='ocr_carea' id='block_1_18' title="bbox 407 1727 2062 1801">
    <p class='ocr_par' dir='ltr' id='par_1_18' title="bbox 407 1727 2062 1801">
     <span class='ocr_line' id='line_1_18' title="bbox 407 1727 2062 1801; baseline -0.002 -15"><span class='ocrx_word' id='word_1_109' title='bbox 407 1731 662 1786; x_wconf 90' lang='lat' dir='ltr'><strong>cantatis</strong></span> <span class='ocrx_word' id='word_1_110' title='bbox 694 1731 960 1786; x_wconf 75' lang='lat' dir='ltr'><strong>attendas</strong></span> <span class='ocrx_word' id='word_1_111' title='bbox 989 1729 1204 1796; x_wconf 84' lang='lat' dir='ltr'><strong>verbis,</strong></span> <span class='ocrx_word' id='word_1_112' title='bbox 1239 1733 1297 1784; x_wconf 91' lang='lat' dir='ltr'><strong>et</strong></span> <span class='ocrx_word' id='word_1_113' title='bbox 1330 1729 1476 1786; x_wconf 88' lang='lat' dir='ltr'><strong>nihil</strong></span> <span class='ocrx_word' id='word_1_114' title='bbox 1503 1729 1914 1801; x_wconf 74' lang='lat' dir='ltr'><strong>praetermittas</strong></span> <span class='ocrx_word' id='word_1_115' title='bbox 1946 1727 2062 1784; x_wconf 91' lang='lat' dir='ltr'><strong>nisi</strong></span> 
     </span>
    </p>
   </div>
   <div class='ocr_carea' id='block_1_19' title="bbox 2173 564 3809 648">
    <p class='ocr_par' dir='ltr' id='par_1_19' title="bbox 2173 564 3809 648">
     <span class='ocr_line' id='line_1_19' title="bbox 2173 564 3809 648; baseline 0.007 -31"><span class='ocrx_word' id='word_1_116' title='bbox 2173 585 2279 636; x_wconf 82' lang='grc' dir='ltr'>μου</span> <span class='ocrx_word' id='word_1_117' title='bbox 2333 566 2457 640; x_wconf 74' lang='grc' dir='ltr'>γὰρ,</span> <span class='ocrx_word' id='word_1_118' title='bbox 2509 565 2690 639; x_wconf 75' lang='grc' dir='ltr'>φησὶν,</span> <span class='ocrx_word' id='word_1_119' title='bbox 2743 564 3135 636; x_wconf 72' lang='grc' dir='ltr'>ἐκκαυθήσεται</span> <span class='ocrx_word' id='word_1_120' title='bbox 3191 571 3320 625; x_wconf 84' lang='grc' dir='ltr'>πῦο.</span> <span class='ocrx_word' id='word_1_121' title='bbox 3385 591 3412 619; x_wconf 85' lang='grc'><strong>››</strong></span> <span class='ocrx_word' id='word_1_122' title='bbox 3467 570 3556 632; x_wconf 79' lang='grc' dir='ltr'><strong>Ὠς</strong></span> <span class='ocrx_word' id='word_1_123' title='bbox 3609 573 3708 648; x_wconf 76' lang='grc' dir='ltr'><strong>γὰρ</strong></span> <span class='ocrx_word' id='word_1_124' title='bbox 3753 576 3809 630; x_wconf 84' lang='grc' dir='ltr'><strong>τὸ</strong></span> 
     </span>
    </p>
   </div>
   <div class='ocr_carea' id='block_1_20' title="bbox 2173 651 3808 730">
    <p class='ocr_par' dir='ltr' id='par_1_20' title="bbox 2173 651 3808 730">
     <span class='ocr_line' id='line_1_20' title="bbox 2173 651 3808 730; baseline 0.009 -25"><span class='ocrx_word' id='word_1_125' title='bbox 2173 653 2371 728; x_wconf 80' lang='grc' dir='ltr'>βρῶμα</span> <span class='ocrx_word' id='word_1_126' title='bbox 2429 651 2615 723; x_wconf 74' lang='grc' dir='ltr'>ἡδύνει</span> <span class='ocrx_word' id='word_1_127' title='bbox 2667 655 2768 724; x_wconf 73' lang='grc' dir='ltr'>τὴν</span> <span class='ocrx_word' id='word_1_128' title='bbox 2800 659 2979 730; x_wconf 88' lang='grc' dir='ltr'>γεῦσιν</span> <span class='ocrx_word' id='word_1_129' title='bbox 3031 656 3135 710; x_wconf 81' lang='grc' dir='ltr'>ὑπὸ</span> <span class='ocrx_word' id='word_1_130' title='bbox 3180 660 3289 711; x_wconf 83' lang='grc' dir='ltr'>τῶν</span> <span class='ocrx_word' id='word_1_131' title='bbox 3339 654 3574 714; x_wconf 83' lang='grc' dir='ltr'><strong>ὀδόντων</strong></span> <span class='ocrx_word' id='word_1_132' title='bbox 3625 659 3808 718; x_wconf 87' lang='grc' dir='ltr'>λεπτυ-</span> 
     </span>
    </p>
   </div>
   <div class='ocr_carea' id='block_1_21' title="bbox 2169 741 3806 825">
    <p class='ocr_par' dir='ltr' id='par_1_21' title="bbox 2169 741 3806 825">
     <span class='ocr_line' id='line_1_21' title="bbox 2169 741 3806 825; baseline 0.005 -29"><span class='ocrx_word' id='word_1_133' title='bbox 2169 741 2438 815; x_wconf 90' lang='grc' dir='ltr'>νόμενον,</span> <span class='ocrx_word' id='word_1_134' title='bbox 2526 743 2670 798; x_wconf 75' lang='grc' dir='ltr'>οὕτω</span> <span class='ocrx_word' id='word_1_135' title='bbox 2725 744 2791 798; x_wconf 76' lang='grc' dir='ltr'><strong>τά</strong></span> <span class='ocrx_word' id='word_1_136' title='bbox 2850 750 2966 808; x_wconf 84' lang='grc' dir='ltr'>θεῖα</span> <span class='ocrx_word' id='word_1_137' title='bbox 3038 741 3203 819; x_wconf 76' lang='grc' dir='ltr'>λύγια</span> <span class='ocrx_word' id='word_1_138' title='bbox 3259 747 3593 821; x_wconf 79' lang='grc' dir='ltr'><strong>στρεφόμενα</strong></span> <span class='ocrx_word' id='word_1_139' title='bbox 3649 749 3698 804; x_wconf 78' lang='grc' dir='ltr'>ἒν</span> <span class='ocrx_word' id='word_1_140' title='bbox 3747 757 3806 825; x_wconf 74' lang='grc' dir='ltr'>τῇ</span> 
     </span>
    </p>
   </div>
   <div class='ocr_carea' id='block_1_22' title="bbox 2168 829 3807 913">
    <p class='ocr_par' dir='ltr' id='par_1_22' title="bbox 2168 829 3807 913">
     <span class='ocr_line' id='line_1_22' title="bbox 2168 829 3807 913; baseline 0.006 -27"><span class='ocrx_word' id='word_1_141' title='bbox 2168 834 2348 906; x_wconf 83' lang='grc' dir='ltr'>ψυχῆ,</span> <span class='ocrx_word' id='word_1_142' title='bbox 2399 832 2600 887; x_wconf 78' lang='grc' dir='ltr'><strong>πιαίνει</strong></span> <span class='ocrx_word' id='word_1_143' title='bbox 2656 834 2757 903; x_wconf 73' lang='grc' dir='ltr'>τὴν</span> <span class='ocrx_word' id='word_1_144' title='bbox 2816 829 3056 887; x_wconf 78' lang='grc' dir='ltr'>διάνοιαν</span> <span class='ocrx_word' id='word_1_145' title='bbox 3102 835 3192 888; x_wconf 87' lang='grc' dir='ltr'><strong>καὶ</strong></span> <span class='ocrx_word' id='word_1_146' title='bbox 3244 837 3643 913; x_wconf 76' lang='grc' dir='ltr'>κατευφραίνει.</span> <span class='ocrx_word' id='word_1_147' title='bbox 3674 864 3698 892; x_wconf 79' lang='lat' dir='ltr'><strong>u</strong></span> <span class='ocrx_word' id='word_1_148' title='bbox 3730 842 3807 905; x_wconf 79' lang='grc' dir='ltr'><strong>Ὠς</strong></span> 
     </span>
    </p>
   </div>
   <div class='ocr_carea' id='block_1_23' title="bbox 2169 919 3808 1000">
    <p class='ocr_par' dir='ltr' id='par_1_23' title="bbox 2169 919 3808 1000">
     <span class='ocr_line' id='line_1_23' title="bbox 2169 919 3808 1000; baseline 0.002 -24"><span class='ocrx_word' id='word_1_149' title='bbox 2169 919 2375 996; x_wconf 70' lang='grc' dir='ltr'>γλυκέα</span> <span class='ocrx_word' id='word_1_150' title='bbox 2400 921 2526 997; x_wconf 82' lang='grc' dir='ltr'>γὰρ,</span> <span class='ocrx_word' id='word_1_151' title='bbox 2563 921 2718 999; x_wconf 76' lang='grc' dir='ltr'>φησὶ,</span> <span class='ocrx_word' id='word_1_152' title='bbox 2755 927 2836 994; x_wconf 80' lang='grc' dir='ltr'>τῷ</span> <span class='ocrx_word' id='word_1_153' title='bbox 2867 920 3099 998; x_wconf 83' lang='grc' dir='ltr'>λάρυγγί</span> <span class='ocrx_word' id='word_1_154' title='bbox 3150 945 3254 996; x_wconf 92' lang='grc' dir='ltr'>μου</span> <span class='ocrx_word' id='word_1_155' title='bbox 3302 926 3369 979; x_wconf 75' lang='grc' dir='ltr'>τὰ</span> <span class='ocrx_word' id='word_1_156' title='bbox 3412 923 3579 1000; x_wconf 87' lang='grc' dir='ltr'>λόγιά</span> <span class='ocrx_word' id='word_1_157' title='bbox 3621 949 3710 982; x_wconf 87' lang='grc' dir='ltr'>σου</span> <span class='ocrx_word' id='word_1_158' title='bbox 3740 932 3752 986; x_wconf 90' lang='lat' dir='ltr'><strong>l</strong></span> <span class='ocrx_word' id='word_1_159' title='bbox 3784 953 3808 981; x_wconf 81' lang='grc'>››</span> 
     </span>
    </p>
   </div>
   <div class='ocr_carea' id='block_1_24' title="bbox 2170 1007 3809 1091">
    <p class='ocr_par' dir='ltr' id='par_1_24' title="bbox 2170 1007 3809 1091">
     <span class='ocr_line' id='line_1_24' title="bbox 2170 1007 3809 1091; baseline 0.004 -27"><span class='ocrx_word' id='word_1_160' title='bbox 2170 1011 2536 1080; x_wconf 74' lang='grc' dir='ltr'>Ἀποστήθιζε</span> <span class='ocrx_word' id='word_1_161' title='bbox 2583 1010 2672 1064; x_wconf 84' lang='grc' dir='ltr'>καὶ</span> <span class='ocrx_word' id='word_1_162' title='bbox 2719 1007 2918 1086; x_wconf 80' lang='grc' dir='ltr'>λόγους</span> <span class='ocrx_word' id='word_1_163' title='bbox 2963 1009 3372 1087; x_wconf 73' lang='grc' dir='ltr'>εὖαγγελικοὺς,</span> <span class='ocrx_word' id='word_1_164' title='bbox 3423 1015 3509 1068; x_wconf 76' lang='grc' dir='ltr'>καὶ</span> <span class='ocrx_word' id='word_1_165' title='bbox 3561 1020 3666 1070; x_wconf 75' lang='grc' dir='ltr'>τῶν</span> <span class='ocrx_word' id='word_1_166' title='bbox 3715 1039 3809 1091; x_wconf 84' lang='grc' dir='ltr'>μα-</span> 
     </span>
    </p>
   </div>
   <div class='ocr_carea' id='block_1_25' title="bbox 2170 1097 3810 1178">
    <p class='ocr_par' dir='ltr' id='par_1_25' title="bbox 2170 1097 3810 1178">
     <span class='ocr_line' id='line_1_25' title="bbox 2170 1097 3810 1178; baseline 0.005 -26"><span class='ocrx_word' id='word_1_167' title='bbox 2170 1097 2372 1174; x_wconf 80' lang='grc' dir='ltr'>καρίων</span> <span class='ocrx_word' id='word_1_168' title='bbox 2428 1099 2681 1175; x_wconf 82' lang='grc' dir='ltr'>Ιιατὲρων</span> <span class='ocrx_word' id='word_1_169' title='bbox 2730 1099 3166 1177; x_wconf 75' lang='grc' dir='ltr'>ἀποφθεγματα,</span> <span class='ocrx_word' id='word_1_170' title='bbox 3228 1101 3319 1156; x_wconf 84' lang='grc' dir='ltr'>καὶ</span> <span class='ocrx_word' id='word_1_171' title='bbox 3361 1101 3489 1165; x_wconf 78' lang='grc' dir='ltr'>τοὺς</span> <span class='ocrx_word' id='word_1_172' title='bbox 3538 1102 3686 1178; x_wconf 89' lang='grc' dir='ltr'>βίους</span> <span class='ocrx_word' id='word_1_173' title='bbox 3725 1108 3810 1162; x_wconf 80' lang='grc' dir='ltr'>αὖ·</span> 
     </span>
    </p>
   </div>
   <div class='ocr_carea' id='block_1_26' title="bbox 2168 1182 3808 1265">
    <p class='ocr_par' dir='ltr' id='par_1_26' title="bbox 2168 1182 3808 1265">
     <span class='ocr_line' id='line_1_26' title="bbox 2168 1182 3808 1265; baseline 0.005 -24"><span class='ocrx_word' id='word_1_174' title='bbox 2168 1191 2278 1242; x_wconf 79' lang='grc' dir='ltr'><strong>τῶν</strong></span> <span class='ocrx_word' id='word_1_175' title='bbox 2329 1187 2600 1263; x_wconf 87' lang='grc' dir='ltr'>ἀνίχνευε,</span> <span class='ocrx_word' id='word_1_176' title='bbox 2643 1185 2736 1242; x_wconf 69' lang='grc' dir='ltr'>’ίνα</span> <span class='ocrx_word' id='word_1_177' title='bbox 2783 1182 2914 1260; x_wconf 75' lang='grc' dir='ltr'>ἔχῃς</span> <span class='ocrx_word' id='word_1_178' title='bbox 2961 1193 3129 1244; x_wconf 87' lang='grc' dir='ltr'>ταῦτα</span> <span class='ocrx_word' id='word_1_179' title='bbox 3179 1186 3467 1265; x_wconf 77' lang='grc' dir='ltr'>μελέτημα</span> <span class='ocrx_word' id='word_1_180' title='bbox 3496 1189 3549 1247; x_wconf 81' lang='grc' dir='ltr'>ἐν</span> <span class='ocrx_word' id='word_1_181' title='bbox 3584 1199 3700 1257; x_wconf 86' lang='grc' dir='ltr'>ταῖς</span> <span class='ocrx_word' id='word_1_182' title='bbox 3733 1217 3808 1249; x_wconf 87' lang='grc' dir='ltr'><strong>νυ-</strong></span> 
     </span>
    </p>
   </div>
   <div class='ocr_carea' id='block_1_27' title="bbox 2172 1275 2272 1347">
    <p class='ocr_par' dir='ltr' id='par_1_27' title="bbox 2172 1275 2272 1347">
     <span class='ocr_line' id='line_1_27' title="bbox 2172 1275 2272 1347; baseline 0.02 -17"><span class='ocrx_word' id='word_1_183' title='bbox 2172 1275 2272 1347; x_wconf 78' lang='grc' dir='ltr'>ειν.</span> 
     </span>
    </p>
   </div>
   <div class='ocr_carea' id='block_1_28' title="bbox 2240 1363 3808 1448">
    <p class='ocr_par' dir='ltr' id='par_1_28' title="bbox 2240 1363 3808 1448">
     <span class='ocr_line' id='line_1_28' title="bbox 2240 1363 3808 1448; baseline 0.005 -29"><span class='ocrx_word' id='word_1_184' title='bbox 2240 1366 2427 1430; x_wconf 85' lang='grc' dir='ltr'><strong>Ὅπως</strong></span> <span class='ocrx_word' id='word_1_185' title='bbox 2452 1367 2554 1436; x_wconf 78' lang='grc' dir='ltr'>τὴν</span> <span class='ocrx_word' id='word_1_186' title='bbox 2587 1363 2828 1421; x_wconf 86' lang='grc' dir='ltr'>διάνοιαν</span> <span class='ocrx_word' id='word_1_187' title='bbox 2874 1365 2932 1422; x_wconf 78' lang='grc' dir='ltr'>ἐκ</span> <span class='ocrx_word' id='word_1_188' title='bbox 2968 1373 3069 1437; x_wconf 83' lang='grc' dir='ltr'>τῆς</span> <span class='ocrx_word' id='word_1_189' title='bbox 3123 1366 3293 1438; x_wconf 72' lang='grc' dir='ltr'>εὐχῆς</span> <span class='ocrx_word' id='word_1_190' title='bbox 3345 1367 3705 1440; x_wconf 85' lang='grc' dir='ltr'>ἀκηδιάσασαν</span> <span class='ocrx_word' id='word_1_191' title='bbox 3749 1377 3808 1448; x_wconf 75' lang='grc' dir='ltr'>τῇ</span> 
     </span>
    </p>
   </div>
   <div class='ocr_carea' id='block_1_29' title="bbox 2171 1454 3811 1535">
    <p class='ocr_par' dir='ltr' id='par_1_29' title="bbox 2171 1454 3811 1535">
     <span class='ocr_line' id='line_1_29' title="bbox 2171 1454 3811 1535; baseline 0.004 -26"><span class='ocrx_word' id='word_1_192' title='bbox 2171 1455 2466 1529; x_wconf 75' lang='grc' dir='ltr'><strong>ἀναγνώσει</strong></span> <span class='ocrx_word' id='word_1_193' title='bbox 2512 1456 2602 1510; x_wconf 78' lang='grc' dir='ltr'>καὶ</span> <span class='ocrx_word' id='word_1_194' title='bbox 2639 1459 2708 1530; x_wconf 79' lang='grc' dir='ltr'>τῇ</span> <span class='ocrx_word' id='word_1_195' title='bbox 2764 1454 2962 1530; x_wconf 74' lang='grc' dir='ltr'>μελέτῃ</span> <span class='ocrx_word' id='word_1_196' title='bbox 3000 1461 3106 1512; x_wconf 79' lang='grc' dir='ltr'>τῶν</span> <span class='ocrx_word' id='word_1_197' title='bbox 3159 1457 3316 1512; x_wconf 80' lang='grc' dir='ltr'>θείων</span> <span class='ocrx_word' id='word_1_198' title='bbox 3376 1457 3561 1535; x_wconf 90' lang='grc' dir='ltr'>λόγων</span> <span class='ocrx_word' id='word_1_199' title='bbox 3611 1462 3811 1516; x_wconf 87' lang='grc' dir='ltr'>ἀνακαι-</span> 
     </span>
    </p>
   </div>
   <div class='ocr_carea' id='block_1_30' title="bbox 2168 1544 3808 1625">
    <p class='ocr_par' dir='ltr' id='par_1_30' title="bbox 2168 1544 3808 1625">
     <span class='ocr_line' id='line_1_30' title="bbox 2168 1544 3808 1625; baseline 0.004 -26"><span class='ocrx_word' id='word_1_200' title='bbox 2168 1544 2340 1619; x_wconf 88' lang='grc' dir='ltr'>νίζῃς,</span> <span class='ocrx_word' id='word_1_201' title='bbox 2398 1544 2487 1598; x_wconf 81' lang='grc' dir='ltr'>καὶ</span> <span class='ocrx_word' id='word_1_202' title='bbox 2549 1544 2963 1621; x_wconf 77' lang='grc' dir='ltr'>ὲννρεχεστὲραν</span> <span class='ocrx_word' id='word_1_203' title='bbox 3018 1547 3432 1622; x_wconf 80' lang='grc' dir='ltr'>παρασκευάζῃς</span> <span class='ocrx_word' id='word_1_204' title='bbox 3491 1549 3573 1612; x_wconf 78' lang='grc' dir='ltr'><strong>εἷς</strong></span> <span class='ocrx_word' id='word_1_205' title='bbox 3602 1571 3808 1625; x_wconf 86' lang='grc' dir='ltr'>προσευ-</span> 
     </span>
    </p>
   </div>
   <div class='ocr_carea' id='block_1_31' title="bbox 2172 1629 3803 1710">
    <p class='ocr_par' dir='ltr' id='par_1_31' title="bbox 2172 1629 3803 1710">
     <span class='ocr_line' id='line_1_31' title="bbox 2172 1629 3803 1710; baseline 0.006 -24"><span class='ocrx_word' id='word_1_206' title='bbox 2172 1634 2304 1708; x_wconf 72' lang='grc' dir='ltr'>χὴν,</span> <span class='ocrx_word' id='word_1_207' title='bbox 2361 1634 2460 1703; x_wconf 77' lang='grc' dir='ltr'>τήν</span> <span class='ocrx_word' id='word_1_208' title='bbox 2522 1631 2611 1688; x_wconf 76' lang='grc' dir='ltr'><strong>διὰ</strong></span> <span class='ocrx_word' id='word_1_209' title='bbox 2669 1629 2938 1708; x_wconf 86' lang='grc' dir='ltr'>στόματος</span> <span class='ocrx_word' id='word_1_210' title='bbox 2994 1633 3325 1709; x_wconf 78' lang='grc' dir='ltr'>ψαλμῳδίαν</span> <span class='ocrx_word' id='word_1_211' title='bbox 3384 1636 3616 1694; x_wconf 71' lang='grc' dir='ltr'>ἒκτίλειο</span> <span class='ocrx_word' id='word_1_212' title='bbox 3675 1638 3803 1710; x_wconf 76' lang='grc' dir='ltr'>πλὴν</span> 
     </span>
    </p>
   </div>
   <div class='ocr_carea' id='block_1_32' title="bbox 2169 1721 3804 1802">
    <p class='ocr_par' dir='ltr' id='par_1_32' title="bbox 2169 1721 3804 1802">
     <span class='ocr_line' id='line_1_32' title="bbox 2169 1721 3804 1802; baseline 0.004 -26"><span class='ocrx_word' id='word_1_213' title='bbox 2169 1721 2357 1797; x_wconf 73' lang='grc' dir='ltr'>ἠσῦχφ</span> <span class='ocrx_word' id='word_1_214' title='bbox 2389 1722 2528 1777; x_wconf 83' lang='grc' dir='ltr'>πάνυ</span> <span class='ocrx_word' id='word_1_215' title='bbox 2559 1727 2739 1800; x_wconf 78' lang='grc' dir='ltr'>φωνῇ,</span> <span class='ocrx_word' id='word_1_216' title='bbox 2777 1724 2865 1778; x_wconf 87' lang='grc' dir='ltr'>καὶ</span> <span class='ocrx_word' id='word_1_217' title='bbox 2903 1723 3039 1798; x_wconf 86' lang='grc' dir='ltr'><strong>μετά</strong></span> <span class='ocrx_word' id='word_1_218' title='bbox 3085 1722 3402 1789; x_wconf 77' lang='grc' dir='ltr'><strong>ἐπιστασίας</strong></span> <span class='ocrx_word' id='word_1_219' title='bbox 3449 1731 3550 1782; x_wconf 89' lang='grc' dir='ltr'><strong>τοῦ</strong></span> <span class='ocrx_word' id='word_1_220' title='bbox 3590 1733 3698 1798; x_wconf 86' lang='grc' dir='ltr'>νοῦ,</span> <span class='ocrx_word' id='word_1_221' title='bbox 3741 1753 3804 1802; x_wconf 86' lang='grc' dir='ltr'>μη</span> 
     </span>
    </p>
   </div>
   <div class='ocr_carea' id='block_1_33' title="bbox 408 1808 2044 1913">
    <p class='ocr_par' dir='ltr' id='par_1_33' title="bbox 408 1817 2044 1890">
     <span class='ocr_line' id='line_1_33' title="bbox 408 1817 2044 1890; baseline -0.001 -17"><span class='ocrx_word' id='word_1_222' title='bbox 408 1817 790 1874; x_wconf 87' lang='lat' dir='ltr'><strong>intellexeris.</strong></span> <span class='ocrx_word' id='word_1_223' title='bbox 821 1819 879 1873; x_wconf 91' lang='lat' dir='ltr'><strong>Si</strong></span> <span class='ocrx_word' id='word_1_224' title='bbox 935 1819 1173 1890; x_wconf 85' lang='lat' dir='ltr'><strong>quando</strong></span> <span class='ocrx_word' id='word_1_225' title='bbox 1224 1819 1582 1875; x_wconf 87' lang='lat' dir='ltr'><strong>aberraverit</strong></span> <span class='ocrx_word' id='word_1_226' title='bbox 1633 1818 1902 1885; x_wconf 88' lang='lat' dir='ltr'><strong>attentio,</strong></span> <span class='ocrx_word' id='word_1_227' title='bbox 1933 1833 2044 1872; x_wconf 38' lang='lat' dir='ltr'><strong>ver&#39;</strong></span> 
     </span>
    </p>
   </div>
   <div class='ocr_carea' id='block_1_34' title="bbox 2163 1808 3802 1913">
    <p class='ocr_par' dir='ltr' id='par_1_34' title="bbox 2168 1808 3802 1889">
     <span class='ocr_line' id='line_1_34' title="bbox 2168 1808 3802 1889; baseline 0.006 -25"><span class='ocrx_word' id='word_1_228' title='bbox 2168 1810 2498 1885; x_wconf 82' lang='grc' dir='ltr'><strong>ἀνεχόμενος</strong></span> <span class='ocrx_word' id='word_1_229' title='bbox 2557 1808 2878 1883; x_wconf 86' lang='grc' dir='ltr'>ἀδιανοητόν</span> <span class='ocrx_word' id='word_1_230' title='bbox 2953 1833 3003 1867; x_wconf 90' lang='grc' dir='ltr'><strong>τι</strong></span> <span class='ocrx_word' id='word_1_231' title='bbox 3058 1817 3167 1868; x_wconf 79' lang='grc' dir='ltr'><strong>τῶν</strong></span> <span class='ocrx_word' id='word_1_232' title='bbox 3231 1811 3552 1889; x_wconf 77' lang='grc' dir='ltr'>λεγομενων</span> <span class='ocrx_word' id='word_1_233' title='bbox 3602 1817 3802 1874; x_wconf 80' lang='grc' dir='ltr'>καταλι·</span> 
     </span>
    </p>
   </div>
   <div class='ocr_carea' id='block_1_35' title="bbox 405 1898 2044 1980">
    <p class='ocr_par' dir='ltr' id='par_1_35' title="bbox 405 1906 2044 1980">
     <span class='ocr_line' id='line_1_35' title="bbox 405 1906 2044 1980; baseline -0.002 -18"><span class='ocrx_word' id='word_1_234' title='bbox 405 1922 536 1962; x_wconf 90' lang='lat' dir='ltr'><strong>sum</strong></span> <span class='ocrx_word' id='word_1_235' title='bbox 568 1906 743 1962; x_wconf 90' lang='lat' dir='ltr'><strong>toties</strong></span> <span class='ocrx_word' id='word_1_236' title='bbox 774 1923 1044 1963; x_wconf 86' lang='lat' dir='ltr'><strong>resumas</strong></span> <span class='ocrx_word' id='word_1_237' title='bbox 1072 1907 1304 1980; x_wconf 86' lang='lat' dir='ltr'><strong>quoties</strong></span> <span class='ocrx_word' id='word_1_238' title='bbox 1339 1908 1516 1964; x_wconf 86' lang='lat' dir='ltr'><strong>fuerit</strong></span> <span class='ocrx_word' id='word_1_239' title='bbox 1558 1907 1960 1963; x_wconf 89' lang='lat' dir='ltr'><strong>necessarium</strong></span> <span class='ocrx_word' id='word_1_240' title='bbox 1997 1923 2044 1960; x_wconf 68' lang='lat' dir='ltr'><strong>u:</strong></span> 
     </span>
    </p>
   </div>
   <div class='ocr_carea' id='block_1_36' title="bbox 2163 1898 3806 1980">
    <p class='ocr_par' dir='ltr' id='par_1_36' title="bbox 2167 1898 3806 1976">
     <span class='ocr_line' id='line_1_36' title="bbox 2167 1898 3806 1976; baseline 0.005 -23"><span class='ocrx_word' id='word_1_241' title='bbox 2167 1904 2310 1954; x_wconf 83' lang='grc' dir='ltr'>πεῖν.</span> <span class='ocrx_word' id='word_1_242' title='bbox 2343 1898 2498 1955; x_wconf 90' lang='grc' dir='ltr'><strong>Ἀλλ’</strong></span> <span class='ocrx_word' id='word_1_243' title='bbox 2539 1899 2592 1953; x_wconf 78' lang='grc' dir='ltr'><strong>εἷ’</strong></span> <span class='ocrx_word' id='word_1_244' title='bbox 2618 1901 2750 1956; x_wconf 68' lang='grc' dir='ltr'>ποτε</span> <span class='ocrx_word' id='word_1_245' title='bbox 2777 1923 2829 1956; x_wconf 94' lang='grc' dir='ltr'><strong>τι</strong></span> <span class='ocrx_word' id='word_1_246' title='bbox 2878 1899 3153 1976; x_wconf 84' lang='grc' dir='ltr'>διαδράσει</span> <span class='ocrx_word' id='word_1_247' title='bbox 3200 1903 3292 1958; x_wconf 86' lang='grc' dir='ltr'>τὸν</span> <span class='ocrx_word' id='word_1_248' title='bbox 3343 1909 3493 1976; x_wconf 91' lang='grc' dir='ltr'>νοῦν,</span> <span class='ocrx_word' id='word_1_249' title='bbox 3529 1903 3806 1962; x_wconf 76' lang='grc' dir='ltr'>ἐπανάλαθε</span> 
     </span>
    </p>
   </div>
   <div class='ocr_carea' id='block_1_37' title="bbox 402 1987 2044 2068">
    <p class='ocr_par' dir='ltr' id='par_1_37' title="bbox 402 1994 2044 2068">
     <span class='ocr_line' id='line_1_37' title="bbox 402 1994 2044 2068; baseline -0.002 -16"><span class='ocrx_word' id='word_1_250' title='bbox 402 1995 648 2066; x_wconf 88' lang='lat' dir='ltr'><strong>spiritus</strong></span> <span class='ocrx_word' id='word_1_251' title='bbox 696 2012 938 2052; x_wconf 81' lang='lat' dir='ltr'><strong>sensum</strong></span> <span class='ocrx_word' id='word_1_252' title='bbox 985 1997 1296 2053; x_wconf 85' lang='lat' dir='ltr'><strong>verborum</strong></span> <span class='ocrx_word' id='word_1_253' title='bbox 1353 1997 1772 2068; x_wconf 88' lang='lat' dir='ltr'><strong>subsequatur.</strong></span> <span class='ocrx_word' id='word_1_254' title='bbox 1834 1994 2044 2066; x_wconf 79' lang='lat' dir='ltr'><strong>Spiritu</strong></span> 
     </span>
    </p>
   </div>
   <div class='ocr_carea' id='block_1_38' title="bbox 2163 1987 3800 2068">
    <p class='ocr_par' dir='ltr' id='par_1_38' title="bbox 2165 1987 3800 2068">
     <span class='ocr_line' id='line_1_38' title="bbox 2165 1987 3800 2068; baseline 0.006 -28"><span class='ocrx_word' id='word_1_255' title='bbox 2165 1987 2254 2041; x_wconf 86' lang='grc' dir='ltr'>τὸν</span> <span class='ocrx_word' id='word_1_256' title='bbox 2290 1987 2504 2063; x_wconf 86' lang='grc' dir='ltr'>στίχον,</span> <span class='ocrx_word' id='word_1_257' title='bbox 2547 1988 2732 2051; x_wconf 78' lang='grc' dir='ltr'><strong>ὁσάκις</strong></span> <span class='ocrx_word' id='word_1_258' title='bbox 2780 1989 2872 2045; x_wconf 82' lang='grc' dir='ltr'>καὶ</span> <span class='ocrx_word' id='word_1_259' title='bbox 2921 1992 3151 2064; x_wconf 88' lang='grc' dir='ltr'>γίνεται,</span> <span class='ocrx_word' id='word_1_260' title='bbox 3206 1993 3404 2068; x_wconf 75' lang='grc' dir='ltr'>μέχρις</span> <span class='ocrx_word' id='word_1_261' title='bbox 3452 1991 3516 2048; x_wconf 80' lang='grc' dir='ltr'>ἃν</span> <span class='ocrx_word' id='word_1_262' title='bbox 3563 1996 3650 2049; x_wconf 87' lang='grc' dir='ltr'>τὸν</span> <span class='ocrx_word' id='word_1_263' title='bbox 3694 1997 3800 2050; x_wconf 74' lang='grc' dir='ltr'>νοῦν</span> 
     </span>
    </p>
   </div>
   <div class='ocr_carea' id='block_1_39' title="bbox 402 2073 2044 2159">
    <p class='ocr_par' dir='ltr' id='par_1_39' title="bbox 402 2083 2044 2158">
     <span class='ocr_line' id='line_1_39' title="bbox 402 2083 2044 2158; baseline -0.001 -18"><span class='ocrx_word' id='word_1_264' title='bbox 402 2083 561 2140; x_wconf 89' lang='lat' dir='ltr'><strong>enim</strong></span> <span class='ocrx_word' id='word_1_265' title='bbox 593 2088 651 2140; x_wconf 91' lang='lat' dir='ltr'><strong>et</strong></span> <span class='ocrx_word' id='word_1_266' title='bbox 680 2101 779 2141; x_wconf 91' lang='lat' dir='ltr'><strong>ore</strong></span> <span class='ocrx_word' id='word_1_267' title='bbox 809 2090 974 2156; x_wconf 88' lang='lat' dir='ltr'><strong>pates</strong></span> <span class='ocrx_word' id='word_1_268' title='bbox 1005 2085 1258 2158; x_wconf 89' lang='lat' dir='ltr'><strong>psallere</strong></span> <span class='ocrx_word' id='word_1_269' title='bbox 1289 2090 1347 2141; x_wconf 91' lang='lat' dir='ltr'><strong>et</strong></span> <span class='ocrx_word' id='word_1_270' title='bbox 1377 2086 1557 2142; x_wconf 81' lang='lat' dir='ltr'><strong>simul</strong></span> <span class='ocrx_word' id='word_1_271' title='bbox 1590 2085 1689 2141; x_wconf 91' lang='lat' dir='ltr'><strong>Dei</strong></span> <span class='ocrx_word' id='word_1_272' title='bbox 1722 2085 2011 2141; x_wconf 87' lang='lat' dir='ltr'><strong>recordari</strong></span> <span class='ocrx_word' id='word_1_273' title='bbox 2041 2105 2044 2139; x_wconf 83' lang='lat'><em>:</em></span> 
     </span>
    </p>
   </div>
   <div class='ocr_carea' id='block_1_40' title="bbox 2163 2073 3803 2159">
    <p class='ocr_par' dir='ltr' id='par_1_40' title="bbox 2166 2073 3803 2159">
     <span class='ocr_line' id='line_1_40' title="bbox 2166 2073 3803 2159; baseline 0.007 -31"><span class='ocrx_word' id='word_1_274' title='bbox 2166 2073 2638 2140; x_wconf 73' lang='grc' dir='ltr'><strong>ἐπακολουθοῦντα</strong></span> <span class='ocrx_word' id='word_1_275' title='bbox 2692 2074 2812 2152; x_wconf 72' lang='grc' dir='ltr'>ἓξῃς</span> <span class='ocrx_word' id='word_1_276' title='bbox 2849 2084 2968 2140; x_wconf 85' lang='grc' dir='ltr'>τοῖς</span> <span class='ocrx_word' id='word_1_277' title='bbox 2997 2077 3341 2154; x_wconf 71' lang='grc' dir='ltr'>λεγομένοις,</span> <span class='ocrx_word' id='word_1_278' title='bbox 3393 2083 3600 2158; x_wconf 72' lang='grc' dir='ltr'>Ἰσχύει</span> <span class='ocrx_word' id='word_1_279' title='bbox 3647 2084 3740 2159; x_wconf 70' lang='grc' dir='ltr'>γὰρ</span> <span class='ocrx_word' id='word_1_280' title='bbox 3779 2085 3803 2139; x_wconf 77' lang='grc' dir='ltr'>ὁ</span> 
     </span>
    </p>
   </div>
   <div class='ocr_carea' id='block_1_41' title="bbox 402 2163 2044 2248">
    <p class='ocr_par' dir='ltr' id='par_1_41' title="bbox 402 2173 2044 2248">
     <span class='ocr_line' id='line_1_41' title="bbox 402 2173 2044 2248; baseline 0 -20"><span class='ocrx_word' id='word_1_281' title='bbox 402 2173 558 2245; x_wconf 92' lang='lat' dir='ltr'><strong>quod</strong></span> <span class='ocrx_word' id='word_1_282' title='bbox 589 2177 647 2229; x_wconf 94' lang='lat' dir='ltr'><strong>et</strong></span> <span class='ocrx_word' id='word_1_283' title='bbox 675 2175 1034 2246; x_wconf 87' lang='lat' dir='ltr'><strong>experientia</strong></span> <span class='ocrx_word' id='word_1_284' title='bbox 1065 2175 1410 2248; x_wconf 88' lang='lat' dir='ltr'><strong>quotidiana</strong></span> <span class='ocrx_word' id='word_1_285' title='bbox 1439 2175 1661 2231; x_wconf 88' lang='lat' dir='ltr'><strong>edocet.</strong></span> <span class='ocrx_word' id='word_1_286' title='bbox 1695 2175 1753 2230; x_wconf 92' lang='lat' dir='ltr'><strong>Si</strong></span> <span class='ocrx_word' id='word_1_287' title='bbox 1776 2190 1949 2246; x_wconf 89' lang='lat' dir='ltr'><strong>quem</strong></span> <span class='ocrx_word' id='word_1_288' title='bbox 1984 2176 2044 2230; x_wconf 86' lang='lat' dir='ltr'><strong>ad</strong></span> 
     </span>
    </p>
   </div>
   <div class='ocr_carea' id='block_1_42' title="bbox 2163 2163 3802 2248">
    <p class='ocr_par' dir='ltr' id='par_1_42' title="bbox 2165 2163 3802 2245">
     <span class='ocr_line' id='line_1_42' title="bbox 2165 2163 3802 2245; baseline 0.006 -28"><span class='ocrx_word' id='word_1_289' title='bbox 2165 2168 2296 2226; x_wconf 89' lang='grc' dir='ltr'>νοῦς</span> <span class='ocrx_word' id='word_1_290' title='bbox 2325 2165 2416 2219; x_wconf 77' lang='grc' dir='ltr'><strong>καὶ</strong></span> <span class='ocrx_word' id='word_1_291' title='bbox 2447 2163 2678 2239; x_wconf 83' lang='grc' dir='ltr'>ψάλλειν</span> <span class='ocrx_word' id='word_1_292' title='bbox 2717 2171 2795 2238; x_wconf 79' lang='grc' dir='ltr'>τῷ</span> <span class='ocrx_word' id='word_1_293' title='bbox 2841 2167 3092 2241; x_wconf 86' lang='grc' dir='ltr'>στόματι,</span> <span class='ocrx_word' id='word_1_294' title='bbox 3139 2170 3228 2224; x_wconf 87' lang='grc' dir='ltr'>καὶ</span> <span class='ocrx_word' id='word_1_295' title='bbox 3281 2175 3417 2225; x_wconf 89' lang='grc' dir='ltr'>Θεοῦ</span> <span class='ocrx_word' id='word_1_296' title='bbox 3470 2193 3802 2245; x_wconf 83' lang='grc' dir='ltr'>μνημονευειν</span> 
     </span>
    </p>
   </div>
   <div class='ocr_carea' id='block_1_43' title="bbox 398 2254 2044 2337">
    <p class='ocr_par' dir='ltr' id='par_1_43' title="bbox 398 2261 2044 2335">
     <span class='ocr_line' id='line_1_43' title="bbox 398 2261 2044 2335; baseline -0.001 -17"><span class='ocrx_word' id='word_1_297' title='bbox 398 2261 901 2319; x_wconf 87' lang='lat' dir='ltr'><strong>confabulandum</strong></span> <span class='ocrx_word' id='word_1_298' title='bbox 957 2263 1156 2334; x_wconf 89' lang='lat' dir='ltr'><strong>adeas,</strong></span> <span class='ocrx_word' id='word_1_299' title='bbox 1215 2279 1349 2319; x_wconf 88' lang='lat' dir='ltr'><strong>cum</strong></span> <span class='ocrx_word' id='word_1_300' title='bbox 1401 2262 1502 2319; x_wconf 93' lang='lat' dir='ltr'><strong>illo</strong></span> <span class='ocrx_word' id='word_1_301' title='bbox 1560 2263 1821 2335; x_wconf 90' lang='lat' dir='ltr'><strong>loqueris</strong></span> <span class='ocrx_word' id='word_1_302' title='bbox 1868 2269 1927 2318; x_wconf 93' lang='lat' dir='ltr'><strong>et</strong></span> <span class='ocrx_word' id='word_1_303' title='bbox 1984 2263 2044 2318; x_wconf 85' lang='lat' dir='ltr'><strong>ad</strong></span> 
     </span>
    </p>
   </div>
   <div class='ocr_carea' id='block_1_44' title="bbox 2163 2254 3800 2337">
    <p class='ocr_par' dir='ltr' id='par_1_44' title="bbox 2167 2254 3800 2337">
     <span class='ocr_line' id='line_1_44' title="bbox 2167 2254 3800 2337; baseline 0.007 -31"><span class='ocrx_word' id='word_1_304' title='bbox 2167 2254 2264 2306; x_wconf 82' lang='grc' dir='ltr'><strong>Καὶ</strong></span> <span class='ocrx_word' id='word_1_305' title='bbox 2284 2257 2444 2308; x_wconf 88' lang='grc' dir='ltr'>τοῦτο</span> <span class='ocrx_word' id='word_1_306' title='bbox 2475 2254 2851 2328; x_wconf 74' lang='grc' dir='ltr'>καταμάνθανε</span> <span class='ocrx_word' id='word_1_307' title='bbox 2909 2256 2968 2312; x_wconf 75' lang='grc' dir='ltr'>ἐκ</span> <span class='ocrx_word' id='word_1_308' title='bbox 3022 2265 3122 2327; x_wconf 86' lang='grc' dir='ltr'>τῆς</span> <span class='ocrx_word' id='word_1_309' title='bbox 3179 2267 3411 2336; x_wconf 76' lang='grc' dir='ltr'>φυσικῆς</span> <span class='ocrx_word' id='word_1_310' title='bbox 3468 2261 3674 2337; x_wconf 89' lang='grc' dir='ltr'>πείρας.</span> <span class='ocrx_word' id='word_1_311' title='bbox 3725 2264 3800 2323; x_wconf 82' lang='grc' dir='ltr'><strong>Ὠς</strong></span> 
     </span>
    </p>
   </div>
   <div class='ocr_carea' id='block_1_45' title="bbox 376 2343 2044 2424">
    <p class='ocr_par' dir='ltr' id='par_1_45' title="bbox 376 2349 2044 2408">
     <span class='ocr_line' id='line_1_45' title="bbox 376 2349 2044 2408; baseline 0.002 -4"><span class='ocrx_word' id='word_1_312' title='bbox 376 2349 572 2407; x_wconf 86' lang='lat' dir='ltr'><strong>‘illum</strong></span> <span class='ocrx_word' id='word_1_313' title='bbox 603 2352 896 2408; x_wconf 87' lang='lat' dir='ltr'><strong>convertis</strong></span> <span class='ocrx_word' id='word_1_314' title='bbox 937 2351 1138 2408; x_wconf 90' lang='lat' dir='ltr'><strong>oculos</strong></span> <span class='ocrx_word' id='word_1_315' title='bbox 1164 2368 1177 2407; x_wconf 92' lang='lat'>:</span> <span class='ocrx_word' id='word_1_316' title='bbox 1212 2353 1294 2408; x_wconf 88' lang='lat' dir='ltr'><strong>ita</strong></span> <span class='ocrx_word' id='word_1_317' title='bbox 1325 2357 1382 2408; x_wconf 90' lang='lat' dir='ltr'><strong>et</strong></span> <span class='ocrx_word' id='word_1_318' title='bbox 1411 2351 1587 2408; x_wconf 89' lang='lat' dir='ltr'><strong>labiis</strong></span> <span class='ocrx_word' id='word_1_319' title='bbox 1637 2357 1870 2408; x_wconf 91' lang='lat' dir='ltr'><strong>cantare</strong></span> <span class='ocrx_word' id='word_1_320' title='bbox 1899 2356 2044 2408; x_wconf 77' lang='lat' dir='ltr'><strong>vales</strong></span> 
     </span>
    </p>
   </div>
   <div class='ocr_carea' id='block_1_46' title="bbox 2163 2343 3802 2424">
    <p class='ocr_par' dir='ltr' id='par_1_46' title="bbox 2163 2343 3802 2424">
     <span class='ocr_line' id='line_1_46' title="bbox 2163 2343 3802 2424; baseline 0.005 -29"><span class='ocrx_word' id='word_1_321' title='bbox 2163 2343 2265 2416; x_wconf 77' lang='grc' dir='ltr'>γὰρ</span> <span class='ocrx_word' id='word_1_322' title='bbox 2325 2343 2353 2396; x_wconf 88' lang='grc' dir='ltr'>ὁ</span> <span class='ocrx_word' id='word_1_323' title='bbox 2412 2346 2792 2420; x_wconf 77' lang='grc' dir='ltr'>συντυγχάνων</span> <span class='ocrx_word' id='word_1_324' title='bbox 2851 2345 2980 2412; x_wconf 86' lang='grc' dir='ltr'>τινὶ,</span> <span class='ocrx_word' id='word_1_325' title='bbox 3026 2345 3116 2401; x_wconf 84' lang='grc' dir='ltr'><strong>καὶ</strong></span> <span class='ocrx_word' id='word_1_326' title='bbox 3175 2344 3592 2424; x_wconf 87' lang='grc' dir='ltr'>διαλεγόμενος,</span> <span class='ocrx_word' id='word_1_327' title='bbox 3647 2350 3802 2422; x_wconf 72' lang='grc' dir='ltr'>τούτῳ</span> 
     </span>
    </p>
   </div>
   <div class='ocr_carea' id='block_1_47' title="bbox 400 2429 2044 2513">
    <p class='ocr_par' dir='ltr' id='par_1_47' title="bbox 400 2441 1563 2499">
     <span class='ocr_line' id='line_1_47' title="bbox 400 2441 1563 2499; baseline 0 -3"><span class='ocrx_word' id='word_1_328' title='bbox 400 2443 458 2496; x_wconf 89' lang='lat' dir='ltr'><strong>et</strong></span> <span class='ocrx_word' id='word_1_329' title='bbox 491 2442 774 2498; x_wconf 88' lang='lat' dir='ltr'><strong>memoria</strong></span> <span class='ocrx_word' id='word_1_330' title='bbox 803 2446 858 2497; x_wconf 88' lang='lat' dir='ltr'><strong>te</strong></span> <span class='ocrx_word' id='word_1_331' title='bbox 892 2441 965 2498; x_wconf 92' lang='lat' dir='ltr'><strong>ad</strong></span> <span class='ocrx_word' id='word_1_332' title='bbox 996 2447 1178 2498; x_wconf 91' lang='lat' dir='ltr'><strong>Deum</strong></span> <span class='ocrx_word' id='word_1_333' title='bbox 1212 2446 1563 2499; x_wconf 90' lang='lat' dir='ltr'><strong>convertere.</strong></span> 
     </span>
    </p>
   </div>
   <div class='ocr_carea' id='block_1_48' title="bbox 2163 2429 3796 2513">
    <p class='ocr_par' dir='ltr' id='par_1_48' title="bbox 2163 2429 3796 2513">
     <span class='ocr_line' id='line_1_48' title="bbox 2163 2429 3796 2513; baseline 0.006 -29"><span class='ocrx_word' id='word_1_334' title='bbox 2163 2429 2252 2484; x_wconf 87' lang='grc' dir='ltr'>καὶ</span> <span class='ocrx_word' id='word_1_335' title='bbox 2308 2433 2571 2507; x_wconf 74' lang='grc' dir='ltr'>προσέχει</span> <span class='ocrx_word' id='word_1_336' title='bbox 2627 2438 2743 2495; x_wconf 83' lang='grc' dir='ltr'>τοῖς</span> <span class='ocrx_word' id='word_1_337' title='bbox 2809 2433 3143 2511; x_wconf 71' lang='grc' dir='ltr'><strong>ὀφθαλμοῖς,</strong></span> <span class='ocrx_word' id='word_1_338' title='bbox 3199 2435 3342 2492; x_wconf 78' lang='grc' dir='ltr'>οὕτω</span> <span class='ocrx_word' id='word_1_339' title='bbox 3399 2439 3497 2492; x_wconf 78' lang='grc' dir='ltr'><strong>καὶ</strong></span> <span class='ocrx_word' id='word_1_340' title='bbox 3551 2441 3579 2494; x_wconf 87' lang='grc' dir='ltr'>ὁ</span> <span class='ocrx_word' id='word_1_341' title='bbox 3629 2439 3796 2513; x_wconf 77' lang='grc' dir='ltr'>ψάλων</span> 
     </span>
    </p>
   </div>
   <div class='ocr_carea' id='block_1_49' title="bbox 2163 2517 3798 2602">
    <p class='ocr_par' dir='ltr' id='par_1_49' title="bbox 2163 2517 3798 2602">
     <span class='ocr_line' id='line_1_49' title="bbox 2163 2517 3798 2602; baseline 0.004 -26"><span class='ocrx_word' id='word_1_342' title='bbox 2163 2517 2400 2592; x_wconf 80' lang='grc' dir='ltr'><strong>χείλεσι,</strong></span> <span class='ocrx_word' id='word_1_343' title='bbox 2431 2521 2520 2576; x_wconf 80' lang='grc' dir='ltr'>καὶ</span> <span class='ocrx_word' id='word_1_344' title='bbox 2551 2527 2667 2596; x_wconf 87' lang='grc' dir='ltr'><strong>Θεῷ</strong></span> <span class='ocrx_word' id='word_1_345' title='bbox 2709 2520 3024 2594; x_wconf 84' lang='grc' dir='ltr'>ἐνατενίζειν</span> <span class='ocrx_word' id='word_1_346' title='bbox 3085 2522 3175 2580; x_wconf 74' lang='grc' dir='ltr'><strong>διὰ</strong></span> <span class='ocrx_word' id='word_1_347' title='bbox 3220 2532 3322 2596; x_wconf 79' lang='grc' dir='ltr'>τῆς</span> <span class='ocrx_word' id='word_1_348' title='bbox 3385 2529 3618 2602; x_wconf 77' lang='grc' dir='ltr'>μνήμης</span> <span class='ocrx_word' id='word_1_349' title='bbox 3662 2525 3798 2583; x_wconf 65' lang='lat' dir='ltr'><strong>86v:-</strong></span> 
     </span>
    </p>
   </div>
   <div class='ocr_carea' id='block_1_50' title="bbox 2165 2628 2274 2664">
    <p class='ocr_par' dir='ltr' id='par_1_50' title="bbox 2165 2628 2274 2664">
     <span class='ocr_line' id='line_1_50' title="bbox 2165 2628 2274 2664; baseline 0.018 -2"><span class='ocrx_word' id='word_1_350' title='bbox 2165 2628 2274 2664; x_wconf 88' lang='grc' dir='ltr'>ται.</span> 
     </span>
    </p>
   </div>
   <div class='ocr_carea' id='block_1_51' title="bbox 473 2696 2044 2782">
    <p class='ocr_par' dir='ltr' id='par_1_51' title="bbox 473 2706 2044 2780">
     <span class='ocr_line' id='line_1_51' title="bbox 473 2706 2044 2780; baseline -0.001 -17"><span class='ocrx_word' id='word_1_351' title='bbox 473 2706 745 2763; x_wconf 89' lang='lat' dir='ltr'><strong>Genuum</strong></span> <span class='ocrx_word' id='word_1_352' title='bbox 776 2706 1056 2762; x_wconf 85' lang='lat' dir='ltr'><strong>ﬂexiones</strong></span> <span class='ocrx_word' id='word_1_353' title='bbox 1087 2706 1208 2762; x_wconf 93' lang='lat' dir='ltr'><strong>noli</strong></span> <span class='ocrx_word' id='word_1_354' title='bbox 1238 2707 1706 2780; x_wconf 63' lang='lat' dir='ltr'><strong>praetermittere.</strong></span> <span class='ocrx_word' id='word_1_355' title='bbox 1740 2706 1971 2762; x_wconf 89' lang='lat' dir='ltr'><strong>Etenim</strong></span> <span class='ocrx_word' id='word_1_356' title='bbox 2003 2706 2044 2762; x_wconf 78' lang='lat' dir='ltr'><strong>si</strong></span> 
     </span>
    </p>
   </div>
   <div class='ocr_carea' id='block_1_52' title="bbox 2163 2696 3799 2782">
    <p class='ocr_par' dir='ltr' id='par_1_52' title="bbox 2235 2696 3799 2782">
     <span class='ocr_line' id='line_1_52' title="bbox 2235 2696 3799 2782; baseline 0.005 -29"><span class='ocrx_word' id='word_1_357' title='bbox 2235 2696 2462 2762; x_wconf 88' lang='grc' dir='ltr'>Κλίσεις</span> <span class='ocrx_word' id='word_1_358' title='bbox 2515 2699 2755 2774; x_wconf 84' lang='grc' dir='ltr'>γονάτων</span> <span class='ocrx_word' id='word_1_359' title='bbox 2819 2701 2896 2774; x_wconf 81' lang='grc' dir='ltr'><strong>μὴ</strong></span> <span class='ocrx_word' id='word_1_360' title='bbox 2952 2707 3242 2778; x_wconf 75' lang='grc' dir='ltr'>παραιτοῦ.</span> <span class='ocrx_word' id='word_1_361' title='bbox 3302 2706 3397 2760; x_wconf 85' lang='grc' dir='ltr'>Ἐκ</span> <span class='ocrx_word' id='word_1_362' title='bbox 3455 2706 3548 2779; x_wconf 77' lang='grc' dir='ltr'>μὶν</span> <span class='ocrx_word' id='word_1_363' title='bbox 3572 2705 3667 2782; x_wconf 78' lang='grc' dir='ltr'>γὰρ</span> <span class='ocrx_word' id='word_1_364' title='bbox 3717 2709 3799 2761; x_wconf 84' lang='grc' dir='ltr'><strong>τοῦ</strong></span> 
     </span>
    </p>
   </div>
   <div class='ocr_carea' id='block_1_53' title="bbox 403 2795 2055 2869">
    <p class='ocr_par' dir='ltr' id='par_1_53' title="bbox 403 2795 2055 2869">
     <span class='ocr_line' id='line_1_53' title="bbox 403 2795 2055 2869; baseline 0 -18"><span class='ocrx_word' id='word_1_365' title='bbox 403 2812 557 2869; x_wconf 84' lang='lat' dir='ltr'><strong>genu</strong></span> <span class='ocrx_word' id='word_1_366' title='bbox 590 2795 837 2864; x_wconf 81' lang='lat' dir='ltr'><strong>ﬂexeris,</strong></span> <span class='ocrx_word' id='word_1_367' title='bbox 873 2795 1189 2868; x_wconf 81' lang='lat' dir='ltr'><strong>imaginem</strong></span> <span class='ocrx_word' id='word_1_368' title='bbox 1225 2797 1448 2868; x_wconf 85' lang='lat' dir='ltr'><strong>profers</strong></span> <span class='ocrx_word' id='word_1_369' title='bbox 1479 2797 1700 2868; x_wconf 89' lang='lat' dir='ltr'><strong>peccati</strong></span> <span class='ocrx_word' id='word_1_370' title='bbox 1731 2796 2055 2852; x_wconf 89' lang='lat' dir='ltr'><strong>decidentis</strong></span> 
     </span>
    </p>
   </div>
   <div class='ocr_carea' id='block_1_54' title="bbox 404 2884 2054 2953">
    <p class='ocr_par' dir='ltr' id='par_1_54' title="bbox 404 2884 2054 2953">
     <span class='ocr_line' id='line_1_54' title="bbox 404 2884 2054 2953; baseline 0 -13"><span class='ocrx_word' id='word_1_371' title='bbox 404 2889 464 2940; x_wconf 90' lang='lat' dir='ltr'><strong>et</strong></span> <span class='ocrx_word' id='word_1_372' title='bbox 492 2884 843 2941; x_wconf 88' lang='lat' dir='ltr'><strong>allusionem</strong></span> <span class='ocrx_word' id='word_1_373' title='bbox 871 2885 1260 2942; x_wconf 82' lang='lat' dir='ltr'><strong>confessionis</strong></span> <span class='ocrx_word' id='word_1_374' title='bbox 1293 2885 1513 2953; x_wconf 88' lang='lat' dir='ltr'><strong>habes;</strong></span> <span class='ocrx_word' id='word_1_375' title='bbox 1547 2902 1680 2942; x_wconf 90' lang='lat' dir='ltr'><strong>eum</strong></span> <span class='ocrx_word' id='word_1_376' title='bbox 1724 2890 1920 2941; x_wconf 90' lang='lat' dir='ltr'><strong>autem</strong></span> <span class='ocrx_word' id='word_1_377' title='bbox 1955 2901 2054 2940; x_wconf 89' lang='lat' dir='ltr'><strong>as-</strong></span> 
     </span>
    </p>
   </div>
   <div class='ocr_carea' id='block_1_55' title="bbox 2162 2786 3798 2867">
    <p class='ocr_par' dir='ltr' id='par_1_55' title="bbox 2162 2786 3798 2867">
     <span class='ocr_line' id='line_1_55' title="bbox 2162 2786 3798 2867; baseline 0.007 -28"><span class='ocrx_word' id='word_1_378' title='bbox 2162 2787 2292 2859; x_wconf 90' lang='grc' dir='ltr'>γόνυ</span> <span class='ocrx_word' id='word_1_379' title='bbox 2361 2786 2567 2842; x_wconf 76' lang='grc' dir='ltr'>κλίνειν</span> <span class='ocrx_word' id='word_1_380' title='bbox 2627 2791 2662 2858; x_wconf 78' lang='grc' dir='ltr'>ἡ</span> <span class='ocrx_word' id='word_1_381' title='bbox 2713 2793 2917 2852; x_wconf 82' lang='grc' dir='ltr'>πτῶσις</span> <span class='ocrx_word' id='word_1_382' title='bbox 2971 2797 3074 2860; x_wconf 80' lang='grc' dir='ltr'>τῆς</span> <span class='ocrx_word' id='word_1_383' title='bbox 3131 2794 3400 2867; x_wconf 84' lang='grc' dir='ltr'>ἁμαρτίας</span> <span class='ocrx_word' id='word_1_384' title='bbox 3481 2794 3798 2867; x_wconf 81' lang='grc' dir='ltr'>είκονίζεται,</span> 
     </span>
    </p>
   </div>
   <div class='ocr_carea' id='block_1_56' title="bbox 2161 2871 3792 2956">
    <p class='ocr_par' dir='ltr' id='par_1_56' title="bbox 2161 2871 3792 2956">
     <span class='ocr_line' id='line_1_56' title="bbox 2161 2871 3792 2956; baseline 0.006 -27"><span class='ocrx_word' id='word_1_385' title='bbox 2161 2871 2390 2953; x_wconf 68' lang='grc' dir='ltr'>ἔμφασιν</span> <span class='ocrx_word' id='word_1_386' title='bbox 2451 2875 2846 2954; x_wconf 73' lang='grc' dir='ltr'>ἐξαγορεύσεως</span> <span class='ocrx_word' id='word_1_387' title='bbox 2896 2883 3288 2956; x_wconf 64' lang='grc' dir='ltr'>παρεχομένη·</span> <span class='ocrx_word' id='word_1_388' title='bbox 3353 2883 3413 2939; x_wconf 84' lang='grc' dir='ltr'>ἐκ</span> <span class='ocrx_word' id='word_1_389' title='bbox 3466 2881 3525 2940; x_wconf 82' lang='grc' dir='ltr'><strong>δὶ</strong></span> <span class='ocrx_word' id='word_1_390' title='bbox 3577 2889 3668 2940; x_wconf 91' lang='grc' dir='ltr'><strong>τοῦ</strong></span> <span class='ocrx_word' id='word_1_391' title='bbox 3717 2885 3792 2940; x_wconf 78' lang='grc' dir='ltr'>ἀν-</span> 
     </span>
    </p>
   </div>
   <div class='ocr_carea' id='block_1_57' title="bbox 2165 2965 3789 3050">
    <p class='ocr_par' dir='ltr' id='par_1_57' title="bbox 2165 2965 3789 3050">
     <span class='ocr_line' id='line_1_57' title="bbox 2165 2965 3789 3050; baseline 0.006 -31"><span class='ocrx_word' id='word_1_392' title='bbox 2165 2965 2449 3034; x_wconf 81' lang='grc' dir='ltr'>ίστασθαι,</span> <span class='ocrx_word' id='word_1_393' title='bbox 2522 2969 2556 3037; x_wconf 82' lang='grc' dir='ltr'>ἡ</span> <span class='ocrx_word' id='word_1_394' title='bbox 2619 2969 2877 3040; x_wconf 84' lang='grc' dir='ltr'>μετάνοια</span> <span class='ocrx_word' id='word_1_395' title='bbox 2935 2969 3420 3044; x_wconf 82' lang='grc' dir='ltr'>ὑποσημαίνεται,</span> <span class='ocrx_word' id='word_1_396' title='bbox 3494 2973 3789 3050; x_wconf 75' lang='grc' dir='ltr'>ἐπαγγελίαν</span> 
     </span>
    </p>
   </div>
   <div class='ocr_carea' id='block_1_58' title="bbox 405 2974 2052 3047">
    <p class='ocr_par' dir='ltr' id='par_1_58' title="bbox 405 2974 2052 3047">
     <span class='ocr_line' id='line_1_58' title="bbox 405 2974 2052 3047; baseline -0.001 -17"><span class='ocrx_word' id='word_1_397' title='bbox 405 2991 640 3047; x_wconf 83' lang='lat' dir='ltr'><strong>surgas,</strong></span> <span class='ocrx_word' id='word_1_398' title='bbox 672 2974 889 3030; x_wconf 88' lang='lat' dir='ltr'><strong>mentis</strong></span> <span class='ocrx_word' id='word_1_399' title='bbox 938 2975 1377 3031; x_wconf 90' lang='lat' dir='ltr'><strong>conversionem</strong></span> <span class='ocrx_word' id='word_1_400' title='bbox 1411 2974 1637 3031; x_wconf 90' lang='lat' dir='ltr'><strong>indicas</strong></span> <span class='ocrx_word' id='word_1_401' title='bbox 1667 2981 1724 3031; x_wconf 91' lang='lat' dir='ltr'><strong>et</strong></span> <span class='ocrx_word' id='word_1_402' title='bbox 1753 2974 1928 3030; x_wconf 83' lang='lat' dir='ltr'><strong>vitam</strong></span> <span class='ocrx_word' id='word_1_403' title='bbox 1973 2974 2052 3030; x_wconf 92' lang='lat' dir='ltr'><strong>si-</strong></span> 
     </span>
    </p>
   </div>
   <div class='ocr_carea' id='block_1_59' title="bbox 2165 3055 3793 3139">
    <p class='ocr_par' dir='ltr' id='par_1_59' title="bbox 2165 3055 3793 3139">
     <span class='ocr_line' id='line_1_59' title="bbox 2165 3055 3793 3139; baseline 0.006 -30"><span class='ocrx_word' id='word_1_404' title='bbox 2165 3055 2284 3131; x_wconf 87' lang='grc' dir='ltr'>βίου</span> <span class='ocrx_word' id='word_1_405' title='bbox 2314 3058 2410 3110; x_wconf 86' lang='grc' dir='ltr'><strong>τοῦ</strong></span> <span class='ocrx_word' id='word_1_406' title='bbox 2439 3057 2556 3110; x_wconf 89' lang='grc' dir='ltr'>κατ’</span> <span class='ocrx_word' id='word_1_407' title='bbox 2613 3056 2808 3133; x_wconf 83' lang='grc' dir='ltr'>ἀρετὴν</span> <span class='ocrx_word' id='word_1_408' title='bbox 2868 3057 3241 3133; x_wconf 70' lang='grc' dir='ltr'>αἰνιττομένη.</span> <span class='ocrx_word' id='word_1_409' title='bbox 3297 3061 3534 3132; x_wconf 77' lang='grc' dir='ltr'>Ἐκῶστη</span> <span class='ocrx_word' id='word_1_410' title='bbox 3568 3061 3622 3118; x_wconf 70' lang='grc' dir='ltr'><strong>δὲ</strong></span> <span class='ocrx_word' id='word_1_411' title='bbox 3647 3085 3793 3139; x_wconf 80' lang='grc' dir='ltr'>γονυ-</span> 
     </span>
    </p>
   </div>
   <div class='ocr_carea' id='block_1_60' title="bbox 403 3059 2054 3134">
    <p class='ocr_par' dir='ltr' id='par_1_60' title="bbox 403 3059 2054 3134">
     <span class='ocr_line' id='line_1_60' title="bbox 403 3059 2054 3134; baseline 0 -18"><span class='ocrx_word' id='word_1_412' title='bbox 403 3061 670 3134; x_wconf 85' lang='lat' dir='ltr'><strong>gnificas,</strong></span> <span class='ocrx_word' id='word_1_413' title='bbox 703 3078 831 3134; x_wconf 74' lang='lat' dir='ltr'><strong>quae</strong></span> <span class='ocrx_word' id='word_1_414' title='bbox 863 3063 933 3118; x_wconf 92' lang='lat' dir='ltr'><strong>ad</strong></span> <span class='ocrx_word' id='word_1_415' title='bbox 967 3063 1239 3118; x_wconf 87' lang='lat' dir='ltr'><strong>virtutem</strong></span> <span class='ocrx_word' id='word_1_416' title='bbox 1273 3063 1490 3119; x_wconf 79' lang='lat' dir='ltr'><strong>redeat.</strong></span> <span class='ocrx_word' id='word_1_417' title='bbox 1524 3062 1673 3118; x_wconf 88' lang='lat' dir='ltr'><strong>Dum</strong></span> <span class='ocrx_word' id='word_1_418' title='bbox 1707 3059 2054 3131; x_wconf 78' lang='lat' dir='ltr'><strong>genuﬂexio-</strong></span> 
     </span>
    </p>
   </div>
   <div class='ocr_carea' id='block_1_61' title="bbox 402 3142 2044 3227">
    <p class='ocr_par' dir='ltr' id='par_1_61' title="bbox 402 3151 2044 3222">
     <span class='ocr_line' id='line_1_61' title="bbox 402 3151 2044 3222; baseline 0.001 -18"><span class='ocrx_word' id='word_1_419' title='bbox 402 3165 533 3205; x_wconf 89' lang='lat' dir='ltr'><strong>nem</strong></span> <span class='ocrx_word' id='word_1_420' title='bbox 559 3151 811 3222; x_wconf 81' lang='lat' dir='ltr'><strong>perficis,</strong></span> <span class='ocrx_word' id='word_1_421' title='bbox 832 3152 1007 3207; x_wconf 92' lang='lat' dir='ltr'><strong>corde</strong></span> <span class='ocrx_word' id='word_1_422' title='bbox 1028 3157 1128 3207; x_wconf 92' lang='lat' dir='ltr'><strong>tuo</strong></span> <span class='ocrx_word' id='word_1_423' title='bbox 1151 3151 1354 3208; x_wconf 89' lang='lat' dir='ltr'><strong>invoca</strong></span> <span class='ocrx_word' id='word_1_424' title='bbox 1372 3151 1666 3206; x_wconf 89' lang='lat' dir='ltr'><strong>Christum</strong></span> <span class='ocrx_word' id='word_1_425' title='bbox 1689 3151 2004 3206; x_wconf 91' lang='lat' dir='ltr'><strong>Dominum</strong></span> <span class='ocrx_word' id='word_1_426' title='bbox 2031 3167 2044 3218; x_wconf 92' lang='lat'><strong>;</strong></span> 
     </span>
    </p>
   </div>
   <div class='ocr_carea' id='block_1_62' title="bbox 2163 3142 3792 3227">
    <p class='ocr_par' dir='ltr' id='par_1_62' title="bbox 2163 3142 3792 3227">
     <span class='ocr_line' id='line_1_62' title="bbox 2163 3142 3792 3227; baseline 0.007 -30"><span class='ocrx_word' id='word_1_427' title='bbox 2163 3142 2344 3199; x_wconf 87' lang='grc' dir='ltr'>κλισία</span> <span class='ocrx_word' id='word_1_428' title='bbox 2387 3143 2649 3200; x_wconf 82' lang='grc' dir='ltr'>τελείσθω</span> <span class='ocrx_word' id='word_1_429' title='bbox 2692 3147 2826 3219; x_wconf 87' lang='grc' dir='ltr'><strong>μετά</strong></span> <span class='ocrx_word' id='word_1_430' title='bbox 2871 3154 2974 3218; x_wconf 82' lang='grc' dir='ltr'><strong>τῆς</strong></span> <span class='ocrx_word' id='word_1_431' title='bbox 3021 3153 3212 3224; x_wconf 80' lang='grc' dir='ltr'>νοερᾶς</span> <span class='ocrx_word' id='word_1_432' title='bbox 3260 3155 3358 3205; x_wconf 89' lang='grc' dir='ltr'><strong>τοῦ</strong></span> <span class='ocrx_word' id='word_1_433' title='bbox 3407 3152 3645 3227; x_wconf 82' lang='grc' dir='ltr'>Χριστοῦ</span> <span class='ocrx_word' id='word_1_434' title='bbox 3687 3153 3792 3207; x_wconf 75' lang='grc' dir='ltr'>ἐπι-</span> 
     </span>
    </p>
   </div>
   <div class='ocr_carea' id='block_1_63' title="bbox 403 3216 2044 3314">
    <p class='ocr_par' dir='ltr' id='par_1_63' title="bbox 403 3239 2044 3314">
     <span class='ocr_line' id='line_1_63' title="bbox 403 3239 2044 3314; baseline 0.001 -20"><span class='ocrx_word' id='word_1_435' title='bbox 403 3254 519 3310; x_wconf 89' lang='lat' dir='ltr'><strong>quo</strong></span> <span class='ocrx_word' id='word_1_436' title='bbox 562 3239 718 3295; x_wconf 90' lang='lat' dir='ltr'><strong>enim</strong></span> <span class='ocrx_word' id='word_1_437' title='bbox 753 3242 926 3297; x_wconf 93' lang='lat' dir='ltr'><strong>modo</strong></span> <span class='ocrx_word' id='word_1_438' title='bbox 975 3243 1176 3297; x_wconf 88' lang='lat' dir='ltr'><strong>anima</strong></span> <span class='ocrx_word' id='word_1_439' title='bbox 1217 3246 1276 3298; x_wconf 89' lang='lat' dir='ltr'><strong>et</strong></span> <span class='ocrx_word' id='word_1_440' title='bbox 1321 3257 1561 3314; x_wconf 90' lang='lat' dir='ltr'><strong>corpore</strong></span> <span class='ocrx_word' id='word_1_441' title='bbox 1616 3241 1865 3312; x_wconf 88' lang='lat' dir='ltr'><strong>procidit</strong></span> <span class='ocrx_word' id='word_1_442' title='bbox 1913 3245 2044 3296; x_wconf 88' lang='lat' dir='ltr'><strong>ante</strong></span> 
     </span>
    </p>
   </div>
   <div class='ocr_carea' id='block_1_64' title="bbox 2163 3216 3795 3314">
    <p class='ocr_par' dir='ltr' id='par_1_64' title="bbox 2163 3216 3795 3314">
     <span class='ocr_line' id='line_1_64' title="bbox 2163 3216 3795 3314; baseline 0.006 -27"><span class='ocrx_word' id='word_1_443' title='bbox 2163 3235 2426 3304; x_wconf 78' lang='grc' dir='ltr'><strong>κλήσεως,</strong></span> <span class='ocrx_word' id='word_1_444' title='bbox 2456 3232 2541 3289; x_wconf 90' lang='grc' dir='ltr'>’ίνα</span> <span class='ocrx_word' id='word_1_445' title='bbox 2793 3236 2883 3291; x_wconf 83' lang='grc' dir='ltr'><strong>καὶ</strong></span> <span class='ocrx_word' id='word_1_446' title='bbox 2930 3216 3147 3310; x_wconf 77' lang='grc' dir='ltr'>σώματι</span> <span class='ocrx_word' id='word_1_447' title='bbox 3197 3216 3563 3314; x_wconf 71' lang='grc' dir='ltr'>προσπίπτων</span> <span class='ocrx_word' id='word_1_448' title='bbox 3609 3247 3680 3313; x_wconf 81' lang='grc' dir='ltr'>τῷ</span> <span class='ocrx_word' id='word_1_449' title='bbox 3699 3245 3795 3299; x_wconf 86' lang='grc' dir='ltr'><strong>Κυ-</strong></span> 
     </span>
    </p>
   </div>
   <div class='ocr_carea' id='block_1_65' title="bbox 400 3321 2044 3402">
    <p class='ocr_par' dir='ltr' id='par_1_65' title="bbox 400 3327 2044 3402">
     <span class='ocr_line' id='line_1_65' title="bbox 400 3327 2044 3402; baseline 0 -19"><span class='ocrx_word' id='word_1_450' title='bbox 400 3331 612 3397; x_wconf 92' lang='lat' dir='ltr'><strong>Deum,</strong></span> <span class='ocrx_word' id='word_1_451' title='bbox 645 3327 729 3384; x_wconf 86' lang='lat' dir='ltr'><strong>ita</strong></span> <span class='ocrx_word' id='word_1_452' title='bbox 769 3329 1102 3385; x_wconf 89' lang='lat' dir='ltr'><strong>animarum</strong></span> <span class='ocrx_word' id='word_1_453' title='bbox 1158 3345 1589 3402; x_wconf 87' lang='lat' dir='ltr'><strong>corporumque</strong></span> <span class='ocrx_word' id='word_1_454' title='bbox 1621 3329 1899 3385; x_wconf 85' lang='lat' dir='ltr'><strong>factorem</strong></span> <span class='ocrx_word' id='word_1_455' title='bbox 1949 3329 2044 3384; x_wconf 73' lang='lat' dir='ltr'><strong>tibi</strong></span> 
     </span>
    </p>
   </div>
   <div class='ocr_carea' id='block_1_66' title="bbox 2163 3321 3790 3402">
    <p class='ocr_par' dir='ltr' id='par_1_66' title="bbox 2169 3321 3790 3399">
     <span class='ocr_line' id='line_1_66' title="bbox 2169 3321 3790 3399; baseline 0.004 -22"><span class='ocrx_word' id='word_1_456' title='bbox 2169 3321 2292 3395; x_wconf 78' lang='grc' dir='ltr'>ρίῳ,</span> <span class='ocrx_word' id='word_1_457' title='bbox 2321 3323 2415 3378; x_wconf 87' lang='grc' dir='ltr'>τὸν</span> <span class='ocrx_word' id='word_1_458' title='bbox 2443 3329 2552 3379; x_wconf 81' lang='grc' dir='ltr'><strong>τῶν</strong></span> <span class='ocrx_word' id='word_1_459' title='bbox 2584 3328 2777 3399; x_wconf 77' lang='grc' dir='ltr'>ψυχῶν</span> <span class='ocrx_word' id='word_1_460' title='bbox 2806 3326 2898 3380; x_wconf 80' lang='grc' dir='ltr'>καὶ</span> <span class='ocrx_word' id='word_1_461' title='bbox 2928 3326 3197 3398; x_wconf 84' lang='grc' dir='ltr'>σωμάτων</span> <span class='ocrx_word' id='word_1_462' title='bbox 3238 3330 3367 3384; x_wconf 87' lang='grc' dir='ltr'>Θεὸν</span> <span class='ocrx_word' id='word_1_463' title='bbox 3419 3328 3790 3386; x_wconf 78' lang='grc' dir='ltr'>εὐδιάλλακτον</span> 
     </span>
    </p>
   </div>
   <div class='ocr_carea' id='block_1_67' title="bbox 407 3409 2044 3495">
    <p class='ocr_par' dir='ltr' id='par_1_67' title="bbox 407 3417 2044 3488">
     <span class='ocr_line' id='line_1_67' title="bbox 407 3417 2044 3488; baseline 0.001 -18"><span class='ocrx_word' id='word_1_464' title='bbox 407 3430 712 3485; x_wconf 85' lang='lat' dir='ltr'><strong>comparas</strong></span> <span class='ocrx_word' id='word_1_465' title='bbox 745 3417 1067 3488; x_wconf 89' lang='lat' dir='ltr'><strong>benignum</strong></span> <span class='ocrx_word' id='word_1_466' title='bbox 1091 3422 1266 3488; x_wconf 88' lang='lat' dir='ltr'><strong>atque</strong></span> <span class='ocrx_word' id='word_1_467' title='bbox 1288 3417 1655 3488; x_wconf 88' lang='lat' dir='ltr'><strong>placabilem.</strong></span> <span class='ocrx_word' id='word_1_468' title='bbox 1679 3419 1733 3473; x_wconf 92' lang='lat' dir='ltr'><strong>Si</strong></span> <span class='ocrx_word' id='word_1_469' title='bbox 1765 3418 2044 3488; x_wconf 74' lang='lat' dir='ltr'><strong>quodnam</strong></span> 
     </span>
    </p>
   </div>
   <div class='ocr_carea' id='block_1_68' title="bbox 2163 3409 3793 3495">
    <p class='ocr_par' dir='ltr' id='par_1_68' title="bbox 2165 3409 3793 3495">
     <span class='ocr_line' id='line_1_68' title="bbox 2165 3409 3793 3495; baseline 0.006 -30"><span class='ocrx_word' id='word_1_470' title='bbox 2165 3410 2456 3487; x_wconf 83' lang='grc' dir='ltr'>ἀπεργάσῃ.</span> <span class='ocrx_word' id='word_1_471' title='bbox 2507 3413 2571 3469; x_wconf 85' lang='grc' dir='ltr'><strong>Εἰ</strong></span> <span class='ocrx_word' id='word_1_472' title='bbox 2625 3409 2682 3468; x_wconf 67' lang='grc' dir='ltr'><strong>δὲ</strong></span> <span class='ocrx_word' id='word_1_473' title='bbox 2711 3413 2803 3469; x_wconf 78' lang='grc' dir='ltr'><strong>καὶ</strong></span> <span class='ocrx_word' id='word_1_474' title='bbox 2835 3413 2988 3490; x_wconf 81' lang='grc' dir='ltr'>ἔργον</span> <span class='ocrx_word' id='word_1_475' title='bbox 3048 3412 3312 3491; x_wconf 78' lang='grc' dir='ltr'>ἀθόρυϐον</span> <span class='ocrx_word' id='word_1_476' title='bbox 3345 3424 3469 3483; x_wconf 88' lang='grc' dir='ltr'>ταῖς</span> <span class='ocrx_word' id='word_1_477' title='bbox 3497 3420 3648 3495; x_wconf 79' lang='grc' dir='ltr'>χερσὶ</span> <span class='ocrx_word' id='word_1_478' title='bbox 3675 3440 3793 3494; x_wconf 73' lang='grc' dir='ltr'>παρ·</span> 
     </span>
    </p>
   </div>
   <div class='ocr_carea' id='block_1_69' title="bbox 408 3497 2044 3583">
    <p class='ocr_par' dir='ltr' id='par_1_69' title="bbox 408 3502 2044 3578">
     <span class='ocr_line' id='line_1_69' title="bbox 408 3502 2044 3578; baseline 0.002 -20"><span class='ocrx_word' id='word_1_479' title='bbox 408 3502 682 3560; x_wconf 90' lang='lat' dir='ltr'><strong>manuale</strong></span> <span class='ocrx_word' id='word_1_480' title='bbox 702 3521 852 3576; x_wconf 88' lang='lat' dir='ltr'><strong>opus</strong></span> <span class='ocrx_word' id='word_1_481' title='bbox 873 3505 1098 3577; x_wconf 88' lang='lat' dir='ltr'><strong>absque</strong></span> <span class='ocrx_word' id='word_1_482' title='bbox 1119 3507 1347 3578; x_wconf 87' lang='lat' dir='ltr'><strong>fragore</strong></span> <span class='ocrx_word' id='word_1_483' title='bbox 1367 3507 1913 3578; x_wconf 61' lang='lat' dir='ltr'><strong>conjunxerasjcum</strong></span> <span class='ocrx_word' id='word_1_484' title='bbox 1927 3523 2044 3562; x_wconf 84' lang='lat' dir='ltr'><strong>ora-</strong></span> 
     </span>
    </p>
   </div>
   <div class='ocr_carea' id='block_1_70' title="bbox 2163 3497 3792 3583">
    <p class='ocr_par' dir='ltr' id='par_1_70' title="bbox 2163 3497 3792 3583">
     <span class='ocr_line' id='line_1_70' title="bbox 2163 3497 3792 3583; baseline 0.006 -29"><span class='ocrx_word' id='word_1_485' title='bbox 2163 3497 2297 3572; x_wconf 70' lang='grc' dir='ltr'>ἕξεις</span> <span class='ocrx_word' id='word_1_486' title='bbox 2359 3502 2492 3574; x_wconf 88' lang='grc' dir='ltr'><strong>μετά</strong></span> <span class='ocrx_word' id='word_1_487' title='bbox 2541 3509 2640 3572; x_wconf 79' lang='grc' dir='ltr'>τῆς</span> <span class='ocrx_word' id='word_1_488' title='bbox 2699 3505 2836 3557; x_wconf 82' lang='grc' dir='ltr'>κατά</span> <span class='ocrx_word' id='word_1_489' title='bbox 2909 3501 3149 3560; x_wconf 82' lang='grc' dir='ltr'>διάνοιαν</span> <span class='ocrx_word' id='word_1_490' title='bbox 3203 3515 3561 3583; x_wconf 82' lang='grc' dir='ltr'>προσευχῆς,</span> <span class='ocrx_word' id='word_1_491' title='bbox 3621 3507 3692 3570; x_wconf 62' lang='grc' dir='ltr'>εἷς</span> <span class='ocrx_word' id='word_1_492' title='bbox 3739 3508 3792 3563; x_wconf 85' lang='grc' dir='ltr'><strong>τό</strong></span> 
     </span>
    </p>
   </div>
   <div class='ocr_carea' id='block_1_71' title="bbox 406 3589 2044 3669">
    <p class='ocr_par' dir='ltr' id='par_1_71' title="bbox 406 3591 2044 3666">
     <span class='ocr_line' id='line_1_71' title="bbox 406 3591 2044 3666; baseline 0.002 -19"><span class='ocrx_word' id='word_1_493' title='bbox 406 3591 592 3661; x_wconf 89' lang='lat' dir='ltr'><strong>tione,</strong></span> <span class='ocrx_word' id='word_1_494' title='bbox 623 3593 703 3648; x_wconf 91' lang='lat' dir='ltr'><strong>ita</strong></span> <span class='ocrx_word' id='word_1_495' title='bbox 735 3597 802 3648; x_wconf 94' lang='lat' dir='ltr'><strong>ut</strong></span> <span class='ocrx_word' id='word_1_496' title='bbox 829 3610 1103 3650; x_wconf 88' lang='lat' dir='ltr'><strong>somnum</strong></span> <span class='ocrx_word' id='word_1_497' title='bbox 1137 3594 1304 3666; x_wconf 81' lang='lat' dir='ltr'><strong>fugas</strong></span> <span class='ocrx_word' id='word_1_498' title='bbox 1335 3593 1763 3666; x_wconf 86' lang='lat' dir='ltr'><strong>remissionem,</strong></span> <span class='ocrx_word' id='word_1_499' title='bbox 1789 3595 1966 3650; x_wconf 90' lang='lat' dir='ltr'><strong>robur</strong></span> <span class='ocrx_word' id='word_1_500' title='bbox 1985 3597 2044 3651; x_wconf 86' lang='lat' dir='ltr'><strong>ad</strong></span> 
     </span>
    </p>
   </div>
   <div class='ocr_carea' id='block_1_72' title="bbox 2163 3589 3790 3669">
    <p class='ocr_par' dir='ltr' id='par_1_72' title="bbox 2163 3589 3790 3669">
     <span class='ocr_line' id='line_1_72' title="bbox 2163 3589 3790 3669; baseline 0.006 -26"><span class='ocrx_word' id='word_1_501' title='bbox 2163 3589 2562 3665; x_wconf 75' lang='grc' dir='ltr'>ἀποκρούεσθαι</span> <span class='ocrx_word' id='word_1_502' title='bbox 2619 3591 2781 3646; x_wconf 77' lang='grc' dir='ltr'>ὕπνον</span> <span class='ocrx_word' id='word_1_503' title='bbox 2837 3593 2928 3647; x_wconf 81' lang='grc' dir='ltr'>καὶ</span> <span class='ocrx_word' id='word_1_504' title='bbox 2990 3593 3251 3669; x_wconf 74' lang='grc' dir='ltr'>ῥᾳθυμίαν</span> <span class='ocrx_word' id='word_1_505' title='bbox 3284 3640 3298 3665; x_wconf 90' lang='grc'><strong>,</strong></span> <span class='ocrx_word' id='word_1_506' title='bbox 3359 3598 3453 3651; x_wconf 81' lang='grc' dir='ltr'>καὶ</span> <span class='ocrx_word' id='word_1_507' title='bbox 3508 3601 3662 3653; x_wconf 86' lang='grc' dir='ltr'>τοῦτο</span> <span class='ocrx_word' id='word_1_508' title='bbox 3711 3599 3790 3652; x_wconf 87' lang='grc' dir='ltr'>τὸν</span> 
     </span>
    </p>
   </div>
   <div class='ocr_carea' id='block_1_73' title="bbox 409 3678 2044 3763">
    <p class='ocr_par' dir='ltr' id='par_1_73' title="bbox 409 3681 2044 3756">
     <span class='ocr_line' id='line_1_73' title="bbox 409 3681 2044 3756; baseline 0.001 -18"><span class='ocrx_word' id='word_1_509' title='bbox 409 3681 724 3738; x_wconf 90' lang='lat' dir='ltr'><strong>asceticam</strong></span> <span class='ocrx_word' id='word_1_510' title='bbox 775 3699 1034 3756; x_wconf 80' lang='lat' dir='ltr'><strong>pugnam</strong></span> <span class='ocrx_word' id='word_1_511' title='bbox 1067 3685 1338 3740; x_wconf 91' lang='lat' dir='ltr'><strong>assumis.</strong></span> <span class='ocrx_word' id='word_1_512' title='bbox 1373 3687 1586 3738; x_wconf 91' lang='lat' dir='ltr'><strong>Omnes</strong></span> <span class='ocrx_word' id='word_1_513' title='bbox 1616 3684 1772 3739; x_wconf 91' lang='lat' dir='ltr'><strong>enim</strong></span> <span class='ocrx_word' id='word_1_514' title='bbox 1805 3690 2044 3740; x_wconf 69' lang='lat' dir='ltr'><strong>externa</strong></span> 
     </span>
    </p>
   </div>
   <div class='ocr_carea' id='block_1_74' title="bbox 2163 3678 3789 3763">
    <p class='ocr_par' dir='ltr' id='par_1_74' title="bbox 2163 3678 3789 3763">
     <span class='ocr_line' id='line_1_74' title="bbox 2163 3678 3789 3763; baseline 0.006 -31"><span class='ocrx_word' id='word_1_515' title='bbox 2163 3678 2449 3750; x_wconf 83' lang='grc' dir='ltr'>ἀσκητικὸν</span> <span class='ocrx_word' id='word_1_516' title='bbox 2512 3680 2696 3756; x_wconf 82' lang='grc' dir='ltr'>ἀγῶνα</span> <span class='ocrx_word' id='word_1_517' title='bbox 2749 3689 3066 3758; x_wconf 87' lang='grc' dir='ltr'>συγκροτεῖ.</span> <span class='ocrx_word' id='word_1_518' title='bbox 3123 3686 3296 3740; x_wconf 80' lang='grc' dir='ltr'>Πᾶσαι</span> <span class='ocrx_word' id='word_1_519' title='bbox 3351 3685 3457 3763; x_wconf 86' lang='grc' dir='ltr'><strong>γάρ</strong></span> <span class='ocrx_word' id='word_1_520' title='bbox 3516 3687 3569 3741; x_wconf 71' lang='grc' dir='ltr'>αἱ</span> <span class='ocrx_word' id='word_1_521' title='bbox 3623 3684 3789 3756; x_wconf 83' lang='grc' dir='ltr'>δηλω-</span> 
     </span>
    </p>
   </div>
   <div class='ocr_carea' id='block_1_75' title="bbox 408 3768 2044 3849">
    <p class='ocr_par' dir='ltr' id='par_1_75' title="bbox 408 3771 2044 3846">
     <span class='ocr_line' id='line_1_75' title="bbox 408 3771 2044 3846; baseline 0.001 -19"><span class='ocrx_word' id='word_1_522' title='bbox 408 3771 930 3844; x_wconf 75' lang='lat' dir='ltr'><strong>operationes,quaa</strong></span> <span class='ocrx_word' id='word_1_523' title='bbox 950 3789 1083 3828; x_wconf 93' lang='lat' dir='ltr'><strong>cum</strong></span> <span class='ocrx_word' id='word_1_524' title='bbox 1102 3772 1364 3829; x_wconf 87' lang='lat' dir='ltr'><strong>oratione</strong></span> <span class='ocrx_word' id='word_1_525' title='bbox 1385 3778 1916 3846; x_wconf 89' lang='lat' dir='ltr'><strong>pergunt,mentem</strong></span> <span class='ocrx_word' id='word_1_526' title='bbox 1933 3789 2044 3829; x_wconf 87' lang='lat' dir='ltr'><strong>ace-</strong></span> 
     </span>
    </p>
   </div>
   <div class='ocr_carea' id='block_1_76' title="bbox 2163 3768 3786 3849">
    <p class='ocr_par' dir='ltr' id='par_1_76' title="bbox 2163 3768 3786 3849">
     <span class='ocr_line' id='line_1_76' title="bbox 2163 3768 3786 3849; baseline 0.005 -28"><span class='ocrx_word' id='word_1_527' title='bbox 2163 3768 2334 3823; x_wconf 87' lang='grc' dir='ltr'>θεῖσαι</span> <span class='ocrx_word' id='word_1_528' title='bbox 2383 3769 2628 3845; x_wconf 78' lang='grc' dir='ltr'>ἐργασίαι</span> <span class='ocrx_word' id='word_1_529' title='bbox 2692 3773 2806 3844; x_wconf 88' lang='grc' dir='ltr'>μετ’</span> <span class='ocrx_word' id='word_1_530' title='bbox 2862 3773 3033 3849; x_wconf 76' lang='grc' dir='ltr'>εὐχῆς</span> <span class='ocrx_word' id='word_1_531' title='bbox 3086 3773 3378 3847; x_wconf 87' lang='grc' dir='ltr'>ἀνυόμεναι</span> <span class='ocrx_word' id='word_1_532' title='bbox 3436 3777 3681 3832; x_wconf 87' lang='grc' dir='ltr'>ἀκονοῦσι</span> <span class='ocrx_word' id='word_1_533' title='bbox 3708 3776 3786 3830; x_wconf 86' lang='grc' dir='ltr'>τὸν</span> 
     </span>
    </p>
   </div>
   <div class='ocr_carea' id='block_1_77' title="bbox 407 3860 2048 3934">
    <p class='ocr_par' dir='ltr' id='par_1_77' title="bbox 407 3860 2048 3934">
     <span class='ocr_line' id='line_1_77' title="bbox 407 3860 2048 3934; baseline 0.001 -18"><span class='ocrx_word' id='word_1_534' title='bbox 407 3864 560 3927; x_wconf 87' lang='lat' dir='ltr'><strong>rant,</strong></span> <span class='ocrx_word' id='word_1_535' title='bbox 608 3860 918 3918; x_wconf 88' lang='lat' dir='ltr'><strong>sublevant</strong></span> <span class='ocrx_word' id='word_1_536' title='bbox 964 3861 1388 3934; x_wconf 83' lang='lat' dir='ltr'><strong>fatigationem,</strong></span> <span class='ocrx_word' id='word_1_537' title='bbox 1439 3861 1700 3918; x_wconf 88' lang='lat' dir='ltr'><strong>animam</strong></span> <span class='ocrx_word' id='word_1_538' title='bbox 1751 3868 2048 3931; x_wconf 79' lang='lat' dir='ltr'><strong>renovant,</strong></span> 
     </span>
    </p>
   </div>
   <div class='ocr_carea' id='block_1_78' title="bbox 403 3950 2052 4025">
    <p class='ocr_par' dir='ltr' id='par_1_78' title="bbox 403 3950 2052 4025">
     <span class='ocr_line' id='line_1_78' title="bbox 403 3950 2052 4025; baseline 0.001 -19"><span class='ocrx_word' id='word_1_539' title='bbox 403 3950 683 4023; x_wconf 87' lang='lat' dir='ltr'><strong>spiritum</strong></span> <span class='ocrx_word' id='word_1_540' title='bbox 714 3957 1062 4024; x_wconf 83' lang='lat' dir='ltr'><strong>comparant</strong></span> <span class='ocrx_word' id='word_1_541' title='bbox 1085 3953 1446 4025; x_wconf 88' lang='lat' dir='ltr'><strong>sagaciorem</strong></span> <span class='ocrx_word' id='word_1_542' title='bbox 1480 3956 1538 4007; x_wconf 92' lang='lat' dir='ltr'><strong>et</strong></span> <span class='ocrx_word' id='word_1_543' title='bbox 1567 3951 1963 4019; x_wconf 89' lang='lat' dir='ltr'><strong>fervidiorem,</strong></span> <span class='ocrx_word' id='word_1_544' title='bbox 1995 3958 2052 4009; x_wconf 92' lang='lat' dir='ltr'><strong>et</strong></span> 
     </span>
    </p>
   </div>
   <div class='ocr_carea' id='block_1_79' title="bbox 403 4041 1856 4115">
    <p class='ocr_par' dir='ltr' id='par_1_79' title="bbox 403 4041 1856 4115">
     <span class='ocr_line' id='line_1_79' title="bbox 403 4041 1856 4115; baseline 0.001 -19"><span class='ocrx_word' id='word_1_545' title='bbox 403 4041 604 4098; x_wconf 82' lang='lat' dir='ltr'><strong>omnia</strong></span> <span class='ocrx_word' id='word_1_546' title='bbox 632 4041 705 4098; x_wconf 88' lang='lat' dir='ltr'><strong>ad</strong></span> <span class='ocrx_word' id='word_1_547' title='bbox 739 4041 1057 4098; x_wconf 89' lang='lat' dir='ltr'><strong>mentalem</strong></span> <span class='ocrx_word' id='word_1_548' title='bbox 1088 4041 1483 4114; x_wconf 85' lang='lat' dir='ltr'><strong>operationem</strong></span> <span class='ocrx_word' id='word_1_549' title='bbox 1515 4041 1856 4115; x_wconf 89' lang='lat' dir='ltr'><strong>disponunt.</strong></span> 
     </span>
    </p>
   </div>
   <div class='ocr_carea' id='block_1_80' title="bbox 470 4218 2046 4293">
    <p class='ocr_par' dir='ltr' id='par_1_80' title="bbox 470 4218 2046 4293">
     <span class='ocr_line' id='line_1_80' title="bbox 470 4218 2046 4293; baseline 0.003 -19"><span class='ocrx_word' id='word_1_550' title='bbox 470 4218 651 4290; x_wconf 83' lang='lat' dir='ltr'><strong>Ligno</strong></span> <span class='ocrx_word' id='word_1_551' title='bbox 682 4219 919 4292; x_wconf 87' lang='lat' dir='ltr'><strong>signum</strong></span> <span class='ocrx_word' id='word_1_552' title='bbox 952 4219 1345 4291; x_wconf 87' lang='lat' dir='ltr'><strong>perfragante,</strong></span> <span class='ocrx_word' id='word_1_553' title='bbox 1380 4218 1527 4277; x_wconf 90' lang='lat' dir='ltr'><strong>cella</strong></span> <span class='ocrx_word' id='word_1_554' title='bbox 1557 4223 1658 4276; x_wconf 90' lang='lat' dir='ltr'><strong>tua</strong></span> <span class='ocrx_word' id='word_1_555' title='bbox 1687 4236 1879 4293; x_wconf 82' lang='lat' dir='ltr'><strong>exeas,</strong></span> <span class='ocrx_word' id='word_1_556' title='bbox 1910 4239 2046 4278; x_wconf 86' lang='lat' dir='ltr'><strong>ocu-</strong></span> 
     </span>
    </p>
   </div>
   <div class='ocr_carea' id='block_1_81' title="bbox 395 4307 2040 4382">
    <p class='ocr_par' dir='ltr' id='par_1_81' title="bbox 395 4307 2040 4382">
     <span class='ocr_line' id='line_1_81' title="bbox 395 4307 2040 4382; baseline 0.002 -19"><span class='ocrx_word' id='word_1_557' title='bbox 395 4307 470 4365; x_wconf 91' lang='lat' dir='ltr'><strong>lis</strong></span> <span class='ocrx_word' id='word_1_558' title='bbox 497 4308 760 4382; x_wconf 90' lang='lat' dir='ltr'><strong>corporis</strong></span> <span class='ocrx_word' id='word_1_559' title='bbox 789 4312 1004 4365; x_wconf 89' lang='lat' dir='ltr'><strong>terram</strong></span> <span class='ocrx_word' id='word_1_560' title='bbox 1039 4307 1314 4380; x_wconf 88' lang='lat' dir='ltr'><strong>aspicias,</strong></span> <span class='ocrx_word' id='word_1_561' title='bbox 1366 4315 1562 4365; x_wconf 82' lang='lat' dir='ltr'><strong>mente</strong></span> <span class='ocrx_word' id='word_1_562' title='bbox 1588 4315 1784 4366; x_wconf 91' lang='lat' dir='ltr'><strong>autem</strong></span> <span class='ocrx_word' id='word_1_563' title='bbox 1829 4315 1886 4365; x_wconf 87' lang='lat' dir='ltr'><strong>et</strong></span> <span class='ocrx_word' id='word_1_564' title='bbox 1915 4327 2040 4366; x_wconf 88' lang='lat' dir='ltr'><strong>me-</strong></span> 
     </span>
    </p>
   </div>
   <div class='ocr_carea' id='block_1_82' title="bbox 395 4397 2040 4471">
    <p class='ocr_par' dir='ltr' id='par_1_82' title="bbox 395 4397 2040 4471">
     <span class='ocr_line' id='line_1_82' title="bbox 395 4397 2040 4471; baseline 0.001 -18"><span class='ocrx_word' id='word_1_565' title='bbox 395 4397 582 4455; x_wconf 87' lang='lat' dir='ltr'><strong>moria</strong></span> <span class='ocrx_word' id='word_1_566' title='bbox 613 4398 896 4454; x_wconf 84' lang='lat' dir='ltr'><strong>ascendas</strong></span> <span class='ocrx_word' id='word_1_567' title='bbox 918 4398 985 4452; x_wconf 89' lang='lat' dir='ltr'><strong>ad</strong></span> <span class='ocrx_word' id='word_1_568' title='bbox 1011 4397 1218 4453; x_wconf 91' lang='lat' dir='ltr'><strong>Deum.</strong></span> <span class='ocrx_word' id='word_1_569' title='bbox 1243 4397 1385 4453; x_wconf 88' lang='lat' dir='ltr'><strong>Cum</strong></span> <span class='ocrx_word' id='word_1_570' title='bbox 1411 4397 1699 4469; x_wconf 92' lang='lat' dir='ltr'><strong>templum</strong></span> <span class='ocrx_word' id='word_1_571' title='bbox 1734 4399 2040 4471; x_wconf 88' lang='lat' dir='ltr'><strong>ingressus</strong></span> 
     </span>
    </p>
   </div>
   <div class='ocr_carea' id='block_1_83' title="bbox 393 4485 2040 4560">
    <p class='ocr_par' dir='ltr' id='par_1_83' title="bbox 393 4485 2040 4560">
     <span class='ocr_line' id='line_1_83' title="bbox 393 4485 2040 4560; baseline 0.002 -18"><span class='ocrx_word' id='word_1_572' title='bbox 393 4485 576 4542; x_wconf 90' lang='lat' dir='ltr'><strong>fueris</strong></span> <span class='ocrx_word' id='word_1_573' title='bbox 597 4492 663 4542; x_wconf 16' lang='lat' dir='ltr'><strong>iet</strong></span> <span class='ocrx_word' id='word_1_574' title='bbox 692 4487 1026 4560; x_wconf 81' lang='lat' dir='ltr'><strong>perveneris</strong></span> <span class='ocrx_word' id='word_1_575' title='bbox 1057 4487 1129 4543; x_wconf 91' lang='lat' dir='ltr'><strong>ad</strong></span> <span class='ocrx_word' id='word_1_576' title='bbox 1163 4487 1430 4557; x_wconf 86' lang='lat' dir='ltr'><strong>chorum,</strong></span> <span class='ocrx_word' id='word_1_577' title='bbox 1465 4487 1583 4542; x_wconf 90' lang='lat' dir='ltr'><strong>noli</strong></span> <span class='ocrx_word' id='word_1_578' title='bbox 1615 4505 1746 4543; x_wconf 90' lang='lat' dir='ltr'><strong>cum</strong></span> <span class='ocrx_word' id='word_1_579' title='bbox 1771 4489 2040 4546; x_wconf 86' lang='lat' dir='ltr'><strong>adstante</strong></span> 
     </span>
    </p>
   </div>
   <div class='ocr_carea' id='block_1_84' title="bbox 2157 3857 3784 3940">
    <p class='ocr_par' dir='ltr' id='par_1_84' title="bbox 2157 3857 3784 3940">
     <span class='ocr_line' id='line_1_84' title="bbox 2157 3857 3784 3940; baseline 0.006 -31"><span class='ocrx_word' id='word_1_580' title='bbox 2157 3860 2304 3929; x_wconf 82' lang='grc' dir='ltr'>νοῦν,</span> <span class='ocrx_word' id='word_1_581' title='bbox 2363 3857 2589 3930; x_wconf 82' lang='grc' dir='ltr'>ἀκηδίαν</span> <span class='ocrx_word' id='word_1_582' title='bbox 2649 3859 3018 3932; x_wconf 70' lang='grc' dir='ltr'>ἰξορίζουσιν,</span> <span class='ocrx_word' id='word_1_583' title='bbox 3073 3865 3409 3940; x_wconf 82' lang='grc' dir='ltr'>νεαρωτὲραν</span> <span class='ocrx_word' id='word_1_584' title='bbox 3465 3867 3562 3934; x_wconf 80' lang='grc' dir='ltr'>τὴν</span> <span class='ocrx_word' id='word_1_585' title='bbox 3620 3866 3784 3940; x_wconf 76' lang='grc' dir='ltr'>ψυχὴν</span> 
     </span>
    </p>
   </div>
   <div class='ocr_carea' id='block_1_85' title="bbox 2155 3950 3781 4031">
    <p class='ocr_par' dir='ltr' id='par_1_85' title="bbox 2155 3950 3781 4031">
     <span class='ocr_line' id='line_1_85' title="bbox 2155 3950 3781 4031; baseline 0.004 -31"><span class='ocrx_word' id='word_1_586' title='bbox 2155 3950 2661 4022; x_wconf 79' lang='grc' dir='ltr'>παρασκευάζουσι,</span> <span class='ocrx_word' id='word_1_587' title='bbox 2721 3951 2809 4005; x_wconf 87' lang='grc' dir='ltr'><strong>καὶ</strong></span> <span class='ocrx_word' id='word_1_588' title='bbox 2885 3951 3132 4027; x_wconf 79' lang='grc' dir='ltr'>ὀξύτερον</span> <span class='ocrx_word' id='word_1_589' title='bbox 3188 3954 3278 4008; x_wconf 83' lang='grc' dir='ltr'><strong>καὶ</strong></span> <span class='ocrx_word' id='word_1_590' title='bbox 3333 3956 3660 4031; x_wconf 89' lang='grc' dir='ltr'>θερμότερον</span> <span class='ocrx_word' id='word_1_591' title='bbox 3703 3956 3781 4009; x_wconf 88' lang='grc' dir='ltr'>τὸν</span> 
     </span>
    </p>
   </div>
   <div class='ocr_carea' id='block_1_86' title="bbox 2153 4035 3781 4121">
    <p class='ocr_par' dir='ltr' id='par_1_86' title="bbox 2153 4035 3781 4121">
     <span class='ocr_line' id='line_1_86' title="bbox 2153 4035 3781 4121; baseline 0.004 -32"><span class='ocrx_word' id='word_1_592' title='bbox 2153 4039 2277 4090; x_wconf 89' lang='grc' dir='ltr'>νοῦν</span> <span class='ocrx_word' id='word_1_593' title='bbox 2336 4035 2412 4100; x_wconf 77' lang='grc' dir='ltr'>εἷς</span> <span class='ocrx_word' id='word_1_594' title='bbox 2461 4039 2560 4108; x_wconf 80' lang='grc' dir='ltr'>τὴν</span> <span class='ocrx_word' id='word_1_595' title='bbox 2619 4040 2756 4095; x_wconf 86' lang='grc' dir='ltr'>κατά</span> <span class='ocrx_word' id='word_1_596' title='bbox 2807 4037 3046 4096; x_wconf 78' lang='grc' dir='ltr'><strong>διάνοιαν</strong></span> <span class='ocrx_word' id='word_1_597' title='bbox 3105 4041 3354 4119; x_wconf 84' lang='grc' dir='ltr'>ἐργασίαν</span> <span class='ocrx_word' id='word_1_598' title='bbox 3411 4043 3781 4121; x_wconf 84' lang='grc' dir='ltr'>ἀασχολεῖσθαι</span> 
     </span>
    </p>
   </div>
   <div class='ocr_carea' id='block_1_87' title="bbox 2151 4144 2395 4182">
    <p class='ocr_par' dir='ltr' id='par_1_87' title="bbox 2151 4144 2395 4182">
     <span class='ocr_line' id='line_1_87' title="bbox 2151 4144 2395 4182; baseline 0.016 -5"><span class='ocrx_word' id='word_1_599' title='bbox 2151 4144 2395 4182; x_wconf 89' lang='grc' dir='ltr'>ποιουσι.</span> 
     </span>
    </p>
   </div>
   <div class='ocr_carea' id='block_1_88' title="bbox 2222 4213 3781 4296">
    <p class='ocr_par' dir='ltr' id='par_1_88' title="bbox 2222 4213 3781 4296">
     <span class='ocr_line' id='line_1_88' title="bbox 2222 4213 3781 4296; baseline 0.005 -26"><span class='ocrx_word' id='word_1_600' title='bbox 2222 4213 2566 4290; x_wconf 78' lang='grc' dir='ltr'>Κρούσαντος</span> <span class='ocrx_word' id='word_1_601' title='bbox 2596 4220 2693 4272; x_wconf 89' lang='grc' dir='ltr'><strong>τοῦ</strong></span> <span class='ocrx_word' id='word_1_602' title='bbox 2724 4215 2910 4288; x_wconf 78' lang='grc' dir='ltr'>ξύλου,</span> <span class='ocrx_word' id='word_1_603' title='bbox 2942 4218 3222 4296; x_wconf 76' lang='grc' dir='ltr'>προέρχου</span> <span class='ocrx_word' id='word_1_604' title='bbox 3275 4229 3376 4290; x_wconf 84' lang='grc' dir='ltr'>τῆς</span> <span class='ocrx_word' id='word_1_605' title='bbox 3423 4221 3650 4294; x_wconf 86' lang='grc' dir='ltr'>κέλλης,</span> <span class='ocrx_word' id='word_1_606' title='bbox 3678 4227 3781 4284; x_wconf 81' lang='grc' dir='ltr'>τοῖς</span> 
     </span>
    </p>
   </div>
   <div class='ocr_carea' id='block_1_89' title="bbox 2151 4301 3782 4387">
    <p class='ocr_par' dir='ltr' id='par_1_89' title="bbox 2151 4301 3782 4387">
     <span class='ocr_line' id='line_1_89' title="bbox 2151 4301 3782 4387; baseline 0.006 -31"><span class='ocrx_word' id='word_1_607' title='bbox 2151 4301 2246 4387; x_wconf 82' lang='grc' dir='ltr'>μὶν</span> <span class='ocrx_word' id='word_1_608' title='bbox 2277 4301 2584 4380; x_wconf 78' lang='grc' dir='ltr'>ὀφθαλμοῖς</span> <span class='ocrx_word' id='word_1_609' title='bbox 2615 4309 2709 4360; x_wconf 87' lang='grc' dir='ltr'><strong>τοῦ</strong></span> <span class='ocrx_word' id='word_1_610' title='bbox 2739 4305 2992 4381; x_wconf 85' lang='grc' dir='ltr'>σώματος</span> <span class='ocrx_word' id='word_1_611' title='bbox 3020 4313 3088 4383; x_wconf 76' lang='grc' dir='ltr'>τῇ</span> <span class='ocrx_word' id='word_1_612' title='bbox 3121 4313 3190 4384; x_wconf 77' lang='grc' dir='ltr'>γῇ</span> <span class='ocrx_word' id='word_1_613' title='bbox 3237 4311 3552 4387; x_wconf 75' lang='grc' dir='ltr'>προσέχων.</span> <span class='ocrx_word' id='word_1_614' title='bbox 3601 4314 3694 4382; x_wconf 76' lang='grc' dir='ltr'><strong>τήν</strong></span> <span class='ocrx_word' id='word_1_615' title='bbox 3733 4307 3782 4366; x_wconf 80' lang='grc' dir='ltr'><strong>δὶ</strong></span> 
     </span>
    </p>
   </div>
   <div class='ocr_carea' id='block_1_90' title="bbox 2147 4385 3778 4476">
    <p class='ocr_par' dir='ltr' id='par_1_90' title="bbox 2147 4385 3778 4476">
     <span class='ocr_line' id='line_1_90' title="bbox 2147 4385 3778 4476; baseline 0.005 -32"><span class='ocrx_word' id='word_1_616' title='bbox 2147 4385 2386 4447; x_wconf 84' lang='grc' dir='ltr'><strong>διάνοιαν</strong></span> <span class='ocrx_word' id='word_1_617' title='bbox 2415 4396 2484 4458; x_wconf 79' lang='grc' dir='ltr'>τῆ</span> <span class='ocrx_word' id='word_1_618' title='bbox 2513 4398 2610 4448; x_wconf 91' lang='grc' dir='ltr'><strong>τοῦ</strong></span> <span class='ocrx_word' id='word_1_619' title='bbox 2641 4400 2775 4450; x_wconf 87' lang='grc' dir='ltr'>Θεοῦ</span> <span class='ocrx_word' id='word_1_620' title='bbox 2825 4399 3018 4472; x_wconf 76' lang='grc' dir='ltr'>μνήμῃ</span> <span class='ocrx_word' id='word_1_621' title='bbox 3073 4385 3465 4476; x_wconf 76' lang='grc' dir='ltr'>προσερείδων.</span> <span class='ocrx_word' id='word_1_622' title='bbox 3529 4398 3778 4456; x_wconf 80' lang='grc' dir='ltr'>Εἰσελθὼν</span> 
     </span>
    </p>
   </div>
   <div class='ocr_carea' id='block_1_91' title="bbox 2146 4477 3782 4565">
    <p class='ocr_par' dir='ltr' id='par_1_91' title="bbox 2146 4477 3782 4565">
     <span class='ocr_line' id='line_1_91' title="bbox 2146 4477 3782 4565; baseline 0.01 -33"><span class='ocrx_word' id='word_1_623' title='bbox 2146 4477 2197 4533; x_wconf 76' lang='grc' dir='ltr'>ἐν</span> <span class='ocrx_word' id='word_1_624' title='bbox 2256 4485 2336 4552; x_wconf 81' lang='grc' dir='ltr'>τῷ</span> <span class='ocrx_word' id='word_1_625' title='bbox 2389 4487 2525 4555; x_wconf 77' lang='grc' dir='ltr'>ναῷ,</span> <span class='ocrx_word' id='word_1_626' title='bbox 2581 4484 2670 4538; x_wconf 86' lang='grc' dir='ltr'>καὶ</span> <span class='ocrx_word' id='word_1_627' title='bbox 2727 4485 2820 4540; x_wconf 78' lang='grc' dir='ltr'>τὸν</span> <span class='ocrx_word' id='word_1_628' title='bbox 2879 4488 3048 4561; x_wconf 80' lang='grc' dir='ltr'>χορὸν</span> <span class='ocrx_word' id='word_1_629' title='bbox 3108 4495 3483 4564; x_wconf 74' lang='grc' dir='ltr'>συμπληρῶν,</span> <span class='ocrx_word' id='word_1_630' title='bbox 3540 4493 3675 4565; x_wconf 82' lang='grc' dir='ltr'>μήτε</span> 
     </span>
    </p>
   </div>
   <div class='ocr_carea' id='block_1_92' title="bbox 393 4567 2044 4655">
    <p class='ocr_par' dir='ltr' id='par_1_92' title="bbox 393 4574 2034 4650">
     <span class='ocr_line' id='line_1_92' title="bbox 393 4574 2034 4650; baseline 0.001 -18"><span class='ocrx_word' id='word_1_631' title='bbox 393 4575 684 4632; x_wconf 88' lang='lat' dir='ltr'><strong>monacho</strong></span> <span class='ocrx_word' id='word_1_632' title='bbox 746 4574 972 4648; x_wconf 90' lang='lat' dir='ltr'><strong>ineptas</strong></span> <span class='ocrx_word' id='word_1_633' title='bbox 1031 4574 1244 4648; x_wconf 69' lang='lat' dir='ltr'><strong>linguae</strong></span> <span class='ocrx_word' id='word_1_634' title='bbox 1293 4575 1684 4632; x_wconf 86' lang='lat' dir='ltr'><strong>fabulationes</strong></span> <span class='ocrx_word' id='word_1_635' title='bbox 1729 4578 2034 4650; x_wconf 88' lang='lat' dir='ltr'><strong>attingere,</strong></span> 
     </span>
    </p>
   </div>
   <div class='ocr_carea' id='block_1_93' title="bbox 2163 4567 3778 4655">
    <p class='ocr_par' dir='ltr' id='par_1_93' title="bbox 2163 4567 3778 4653">
     <span class='ocr_line' id='line_1_93' title="bbox 2163 4567 3778 4653; baseline 0.006 -30"><span class='ocrx_word' id='word_1_636' title='bbox 2163 4567 2361 4644; x_wconf 58' lang='grc' dir='ltr'>γλώσσῃ</span> <span class='ocrx_word' id='word_1_637' title='bbox 2389 4570 2683 4647; x_wconf 83' lang='grc' dir='ltr'>ἀργολόγει</span> <span class='ocrx_word' id='word_1_638' title='bbox 2737 4575 2871 4648; x_wconf 85' lang='grc' dir='ltr'><strong>μετά</strong></span> <span class='ocrx_word' id='word_1_639' title='bbox 2924 4580 3021 4631; x_wconf 87' lang='grc' dir='ltr'><strong>τοῦ</strong></span> <span class='ocrx_word' id='word_1_640' title='bbox 3070 4575 3478 4647; x_wconf 79' lang='grc' dir='ltr'>πλησιάζοντος</span> <span class='ocrx_word' id='word_1_641' title='bbox 3531 4581 3778 4653; x_wconf 85' lang='grc' dir='ltr'>μοναχοῦ,</span> 
     </span>
    </p>
   </div>
   <div class='ocr_carea' id='block_1_94' title="bbox 391 4663 2036 4738">
    <p class='ocr_par' dir='ltr' id='par_1_94' title="bbox 391 4663 2036 4738">
     <span class='ocr_line' id='line_1_94' title="bbox 391 4663 2036 4738; baseline 0.002 -19"><span class='ocrx_word' id='word_1_642' title='bbox 391 4681 580 4737; x_wconf 89' lang='lat' dir='ltr'><strong>neque</strong></span> <span class='ocrx_word' id='word_1_643' title='bbox 611 4663 821 4738; x_wconf 89' lang='lat' dir='ltr'><strong>spiritu</strong></span> <span class='ocrx_word' id='word_1_644' title='bbox 855 4664 1160 4720; x_wconf 88' lang='lat' dir='ltr'><strong>decurrere</strong></span> <span class='ocrx_word' id='word_1_645' title='bbox 1191 4665 1262 4720; x_wconf 88' lang='lat' dir='ltr'><strong>ad</strong></span> <span class='ocrx_word' id='word_1_646' title='bbox 1293 4681 1477 4720; x_wconf 89' lang='lat' dir='ltr'><strong>vanas</strong></span> <span class='ocrx_word' id='word_1_647' title='bbox 1508 4665 1940 4738; x_wconf 80' lang='lat' dir='ltr'><strong>divagationes;</strong></span> <span class='ocrx_word' id='word_1_648' title='bbox 1976 4674 2036 4724; x_wconf 89' lang='lat' dir='ltr'><strong>at</strong></span> 
     </span>
    </p>
   </div>
   <div class='ocr_carea' id='block_1_95' title="bbox 389 4753 2031 4826">
    <p class='ocr_par' dir='ltr' id='par_1_95' title="bbox 389 4753 2031 4826">
     <span class='ocr_line' id='line_1_95' title="bbox 389 4753 2031 4826; baseline 0.003 -18"><span class='ocrx_word' id='word_1_649' title='bbox 389 4753 654 4826; x_wconf 88' lang='lat' dir='ltr'><strong>linguam</strong></span> <span class='ocrx_word' id='word_1_650' title='bbox 681 4753 933 4809; x_wconf 90' lang='lat' dir='ltr'><strong>unicead</strong></span> <span class='ocrx_word' id='word_1_651' title='bbox 951 4753 1333 4826; x_wconf 91' lang='lat' dir='ltr'><strong>psalmodiam</strong></span> <span class='ocrx_word' id='word_1_652' title='bbox 1359 4760 1664 4811; x_wconf 89' lang='lat' dir='ltr'><strong>convertas</strong></span> <span class='ocrx_word' id='word_1_653' title='bbox 1682 4759 1738 4810; x_wconf 91' lang='lat' dir='ltr'><strong>et</strong></span> <span class='ocrx_word' id='word_1_654' title='bbox 1759 4755 2031 4826; x_wconf 88' lang='lat' dir='ltr'><strong>spiritum</strong></span> 
     </span>
    </p>
   </div>
   <div class='ocr_carea' id='block_1_96' title="bbox 387 4843 2031 4910">
    <p class='ocr_par' dir='ltr' id='par_1_96' title="bbox 387 4843 2031 4910">
     <span class='ocr_line' id='line_1_96' title="bbox 387 4843 2031 4910; baseline 0.001 -10"><span class='ocrx_word' id='word_1_655' title='bbox 387 4844 458 4900; x_wconf 88' lang='lat' dir='ltr'><strong>ad</strong></span> <span class='ocrx_word' id='word_1_656' title='bbox 488 4844 831 4900; x_wconf 84' lang='lat' dir='ltr'><strong>orationem.</strong></span> <span class='ocrx_word' id='word_1_657' title='bbox 863 4847 1010 4900; x_wconf 90' lang='lat' dir='ltr'><strong>Cum</strong></span> <span class='ocrx_word' id='word_1_658' title='bbox 1043 4843 1226 4899; x_wconf 82' lang='lat' dir='ltr'><strong>missa</strong></span> <span class='ocrx_word' id='word_1_659' title='bbox 1253 4843 1404 4900; x_wconf 85' lang='lat' dir='ltr'><strong>facta</strong></span> <span class='ocrx_word' id='word_1_660' title='bbox 1437 4843 1628 4910; x_wconf 91' lang='lat' dir='ltr'><strong>fuerit,</strong></span> <span class='ocrx_word' id='word_1_661' title='bbox 1663 4845 1734 4899; x_wconf 91' lang='lat' dir='ltr'><strong>ad</strong></span> <span class='ocrx_word' id='word_1_662' title='bbox 1769 4846 2031 4902; x_wconf 91' lang='lat' dir='ltr'><strong>mansio-</strong></span> 
     </span>
    </p>
   </div>
   <div class='ocr_carea' id='block_1_97' title="bbox 385 4933 1952 5006">
    <p class='ocr_par' dir='ltr' id='par_1_97' title="bbox 385 4933 1952 5006">
     <span class='ocr_line' id='line_1_97' title="bbox 385 4933 1952 5006; baseline -0.001 -17"><span class='ocrx_word' id='word_1_663' title='bbox 385 4948 518 4991; x_wconf 91' lang='lat' dir='ltr'><strong>nem</strong></span> <span class='ocrx_word' id='word_1_664' title='bbox 551 4941 710 4990; x_wconf 86' lang='lat' dir='ltr'><strong>luam</strong></span> <span class='ocrx_word' id='word_1_665' title='bbox 741 4933 946 4990; x_wconf 88' lang='lat' dir='ltr'><strong>redeas</strong></span> <span class='ocrx_word' id='word_1_666' title='bbox 977 4938 1033 4990; x_wconf 89' lang='lat' dir='ltr'><strong>et</strong></span> <span class='ocrx_word' id='word_1_667' title='bbox 1058 4949 1228 4990; x_wconf 88' lang='lat' dir='ltr'><strong>vaces</strong></span> <span class='ocrx_word' id='word_1_668' title='bbox 1261 4933 1435 4990; x_wconf 89' lang='lat' dir='ltr'><strong>rebus</strong></span> <span class='ocrx_word' id='word_1_669' title='bbox 1458 4933 1662 5006; x_wconf 87' lang='lat' dir='ltr'><strong>regula</strong></span> <span class='ocrx_word' id='word_1_670' title='bbox 1693 4935 1952 4991; x_wconf 86' lang='lat' dir='ltr'><strong>statutis.</strong></span> 
     </span>
    </p>
   </div>
   <div class='ocr_carea' id='block_1_98' title="bbox 449 5113 2025 5186">
    <p class='ocr_par' dir='ltr' id='par_1_98' title="bbox 449 5113 2025 5186">
     <span class='ocr_line' id='line_1_98' title="bbox 449 5113 2025 5186; baseline 0 -14"><span class='ocrx_word' id='word_1_671' title='bbox 449 5115 593 5172; x_wconf 87' lang='lat' dir='ltr'><strong>Cum</strong></span> <span class='ocrx_word' id='word_1_672' title='bbox 625 5113 696 5170; x_wconf 89' lang='lat' dir='ltr'><strong>ad</strong></span> <span class='ocrx_word' id='word_1_673' title='bbox 727 5128 993 5170; x_wconf 88' lang='lat' dir='ltr'><strong>mensam</strong></span> <span class='ocrx_word' id='word_1_674' title='bbox 1050 5113 1391 5178; x_wconf 81' lang='lat' dir='ltr'><strong>accesseris,</strong></span> <span class='ocrx_word' id='word_1_675' title='bbox 1426 5113 1670 5168; x_wconf 83' lang='lat' dir='ltr'><strong>fratrum</strong></span> <span class='ocrx_word' id='word_1_676' title='bbox 1723 5116 2025 5186; x_wconf 90' lang='lat' dir='ltr'><strong>portiones</strong></span> 
     </span>
    </p>
   </div>
   <div class='ocr_carea' id='block_1_99' title="bbox 379 5201 2024 5278">
    <p class='ocr_par' dir='ltr' id='par_1_99' title="bbox 379 5201 2024 5278">
     <span class='ocr_line' id='line_1_99' title="bbox 379 5201 2024 5278; baseline 0 -15"><span class='ocrx_word' id='word_1_677' title='bbox 379 5206 498 5263; x_wconf 89' lang='lat' dir='ltr'><strong>noli</strong></span> <span class='ocrx_word' id='word_1_678' title='bbox 546 5203 998 5278; x_wconf 91' lang='lat' dir='ltr'><strong>circumspicere</strong></span> <span class='ocrx_word' id='word_1_679' title='bbox 1029 5218 1220 5274; x_wconf 90' lang='lat' dir='ltr'><strong>neque</strong></span> <span class='ocrx_word' id='word_1_680' title='bbox 1269 5201 1527 5258; x_wconf 90' lang='lat' dir='ltr'><strong>animam</strong></span> <span class='ocrx_word' id='word_1_681' title='bbox 1567 5207 1724 5258; x_wconf 89' lang='lat' dir='ltr'><strong>tuam</strong></span> <span class='ocrx_word' id='word_1_682' title='bbox 1765 5203 2024 5263; x_wconf 87' lang='lat' dir='ltr'><strong>dividere</strong></span> 
     </span>
    </p>
   </div>
   <div class='ocr_carea' id='block_1_100' title="bbox 377 5291 2022 5364">
    <p class='ocr_par' dir='ltr' id='par_1_100' title="bbox 377 5291 2022 5364">
     <span class='ocr_line' id='line_1_100' title="bbox 377 5291 2022 5364; baseline 0 -14"><span class='ocrx_word' id='word_1_683' title='bbox 377 5297 530 5352; x_wconf 90' lang='lat' dir='ltr'><strong>inter</strong></span> <span class='ocrx_word' id='word_1_684' title='bbox 551 5295 749 5351; x_wconf 89' lang='lat' dir='ltr'><strong>minus</strong></span> <span class='ocrx_word' id='word_1_685' title='bbox 771 5294 1052 5349; x_wconf 86' lang='lat' dir='ltr'><strong>honestas</strong></span> <span class='ocrx_word' id='word_1_686' title='bbox 1075 5291 1442 5363; x_wconf 89' lang='lat' dir='ltr'><strong>suspiciones</strong></span> <span class='ocrx_word' id='word_1_687' title='bbox 1471 5309 1485 5358; x_wconf 87' lang='lat'><strong>;</strong></span> <span class='ocrx_word' id='word_1_688' title='bbox 1510 5294 1602 5347; x_wconf 89' lang='lat' dir='ltr'><strong>ast</strong></span> <span class='ocrx_word' id='word_1_689' title='bbox 1621 5307 1747 5362; x_wconf 64' lang='lat' dir='ltr'><strong>qua:</strong></span> <span class='ocrx_word' id='word_1_690' title='bbox 1765 5292 1866 5348; x_wconf 89' lang='lat' dir='ltr'><strong>tibi</strong></span> <span class='ocrx_word' id='word_1_691' title='bbox 1891 5311 2022 5364; x_wconf 85' lang='lat' dir='ltr'><strong>pro-</strong></span> 
     </span>
    </p>
   </div>
   <div class='ocr_carea' id='block_1_101' title="bbox 377 5379 2019 5457">
    <p class='ocr_par' dir='ltr' id='par_1_101' title="bbox 377 5379 2019 5457">
     <span class='ocr_line' id='line_1_101' title="bbox 377 5379 2019 5457; baseline -0.002 -16"><span class='ocrx_word' id='word_1_692' title='bbox 377 5384 566 5457; x_wconf 89' lang='lat' dir='ltr'><strong>posita</strong></span> <span class='ocrx_word' id='word_1_693' title='bbox 595 5388 737 5439; x_wconf 91' lang='lat' dir='ltr'><strong>sunt</strong></span> <span class='ocrx_word' id='word_1_694' title='bbox 765 5382 1037 5454; x_wconf 88' lang='lat' dir='ltr'><strong>aspicias,</strong></span> <span class='ocrx_word' id='word_1_695' title='bbox 1081 5386 1139 5437; x_wconf 91' lang='lat' dir='ltr'><strong>et</strong></span> <span class='ocrx_word' id='word_1_696' title='bbox 1168 5386 1376 5451; x_wconf 86' lang='lat' dir='ltr'><strong>tangas</strong></span> <span class='ocrx_word' id='word_1_697' title='bbox 1413 5380 1579 5435; x_wconf 89' lang='lat' dir='ltr'><strong>Tunc</strong></span> <span class='ocrx_word' id='word_1_698' title='bbox 1594 5379 1678 5435; x_wconf 90' lang='lat' dir='ltr'><strong>ori</strong></span> <span class='ocrx_word' id='word_1_699' title='bbox 1701 5384 1802 5436; x_wconf 91' lang='lat' dir='ltr'><strong>tuo</strong></span> <span class='ocrx_word' id='word_1_700' title='bbox 1824 5382 2019 5438; x_wconf 88' lang='lat' dir='ltr'><strong>cibum</strong></span> 
     </span>
    </p>
   </div>
   <div class='ocr_carea' id='block_1_102' title="bbox 2147 4659 3776 4737">
    <p class='ocr_par' dir='ltr' id='par_1_102' title="bbox 2147 4659 3776 4737">
     <span class='ocr_line' id='line_1_102' title="bbox 2147 4659 3776 4737; baseline 0.004 -26"><span class='ocrx_word' id='word_1_701' title='bbox 2147 4659 2284 4730; x_wconf 79' lang='grc' dir='ltr'>μήτε</span> <span class='ocrx_word' id='word_1_702' title='bbox 2313 4663 2392 4713; x_wconf 83' lang='grc' dir='ltr'>τῶ</span> <span class='ocrx_word' id='word_1_703' title='bbox 2448 4665 2526 4732; x_wconf 81' lang='grc' dir='ltr'>νῷ</span> <span class='ocrx_word' id='word_1_704' title='bbox 2581 4662 2918 4736; x_wconf 82' lang='grc' dir='ltr'>μετεωρίζου</span> <span class='ocrx_word' id='word_1_705' title='bbox 2976 4663 3052 4726; x_wconf 73' lang='grc' dir='ltr'>εἷς</span> <span class='ocrx_word' id='word_1_706' title='bbox 3106 4665 3494 4737; x_wconf 83' lang='grc' dir='ltr'>ματαιότητας·</span> <span class='ocrx_word' id='word_1_707' title='bbox 3557 4665 3695 4722; x_wconf 79' lang='grc' dir='ltr'>ἀλλὰ.</span> <span class='ocrx_word' id='word_1_708' title='bbox 3718 4667 3776 4737; x_wconf 78' lang='grc' dir='ltr'>τῇ</span> 
     </span>
    </p>
   </div>
   <div class='ocr_carea' id='block_1_103' title="bbox 2145 4747 3773 4828">
    <p class='ocr_par' dir='ltr' id='par_1_103' title="bbox 2145 4747 3773 4828">
     <span class='ocr_line' id='line_1_103' title="bbox 2145 4747 3773 4828; baseline 0.002 -27"><span class='ocrx_word' id='word_1_709' title='bbox 2145 4747 2238 4819; x_wconf 71' lang='grc' dir='ltr'>μὲν</span> <span class='ocrx_word' id='word_1_710' title='bbox 2297 4747 2522 4823; x_wconf 87' lang='grc' dir='ltr'>γλώσσῃ</span> <span class='ocrx_word' id='word_1_711' title='bbox 2570 4754 2638 4824; x_wconf 80' lang='grc' dir='ltr'>τῇ</span> <span class='ocrx_word' id='word_1_712' title='bbox 2697 4750 3000 4826; x_wconf 73' lang='grc' dir='ltr'>ψαλμῳδίᾳ</span> <span class='ocrx_word' id='word_1_713' title='bbox 3058 4753 3218 4828; x_wconf 87' lang='grc' dir='ltr'>μόνῃ,</span> <span class='ocrx_word' id='word_1_714' title='bbox 3277 4761 3378 4824; x_wconf 83' lang='grc' dir='ltr'>τήν</span> <span class='ocrx_word' id='word_1_715' title='bbox 3435 4753 3494 4810; x_wconf 74' lang='grc' dir='ltr'><strong>δὲ</strong></span> <span class='ocrx_word' id='word_1_716' title='bbox 3552 4753 3773 4810; x_wconf 81' lang='grc' dir='ltr'>διάνοιαν</span> 
     </span>
    </p>
   </div>
   <div class='ocr_carea' id='block_1_104' title="bbox 2139 4834 3771 4920">
    <p class='ocr_par' dir='ltr' id='par_1_104' title="bbox 2139 4834 3771 4920">
     <span class='ocr_line' id='line_1_104' title="bbox 2139 4834 3771 4920; baseline 0.007 -31"><span class='ocrx_word' id='word_1_717' title='bbox 2139 4834 2435 4912; x_wconf 73' lang='grc' dir='ltr'>ἀσφαλίξου</span> <span class='ocrx_word' id='word_1_718' title='bbox 2491 4842 2560 4912; x_wconf 79' lang='grc' dir='ltr'>τῇ</span> <span class='ocrx_word' id='word_1_719' title='bbox 2618 4845 2922 4916; x_wconf 74' lang='grc' dir='ltr'>προσευχῇ.</span> <span class='ocrx_word' id='word_1_720' title='bbox 2983 4841 3338 4907; x_wconf 73' lang='grc' dir='ltr'>’Λπολύσεως</span> <span class='ocrx_word' id='word_1_721' title='bbox 3405 4841 3771 4920; x_wconf 72' lang='grc' dir='ltr'>δεγενημένης,</span> 
     </span>
    </p>
   </div>
   <div class='ocr_carea' id='block_1_105' title="bbox 2136 4924 3774 5002">
    <p class='ocr_par' dir='ltr' id='par_1_105' title="bbox 2136 4924 3774 5002">
     <span class='ocr_line' id='line_1_105' title="bbox 2136 4924 3774 5002; baseline 0.005 -23"><span class='ocrx_word' id='word_1_722' title='bbox 2136 4924 2383 5001; x_wconf 74' lang='grc' dir='ltr'>ἀπέρχου</span> <span class='ocrx_word' id='word_1_723' title='bbox 2413 4928 2548 5002; x_wconf 86' lang='grc' dir='ltr'>πρὸς</span> <span class='ocrx_word' id='word_1_724' title='bbox 2601 4930 2690 4984; x_wconf 87' lang='grc' dir='ltr'>τὸν</span> <span class='ocrx_word' id='word_1_725' title='bbox 2725 4929 2818 4984; x_wconf 79' lang='grc' dir='ltr'>σὺν</span> <span class='ocrx_word' id='word_1_726' title='bbox 2867 4932 3040 5001; x_wconf 76' lang='grc' dir='ltr'>οἷκον,</span> <span class='ocrx_word' id='word_1_727' title='bbox 3073 4932 3162 4986; x_wconf 83' lang='grc' dir='ltr'>καὶ</span> <span class='ocrx_word' id='word_1_728' title='bbox 3192 4932 3287 4987; x_wconf 80' lang='grc' dir='ltr'><strong>τοὺ</strong></span> <span class='ocrx_word' id='word_1_729' title='bbox 3339 4932 3669 5000; x_wconf 73' lang='grc' dir='ltr'>τυοωθὲντος</span> <span class='ocrx_word' id='word_1_730' title='bbox 3698 4953 3774 4987; x_wconf 90' lang='grc' dir='ltr'><strong>σοι</strong></span> 
     </span>
    </p>
   </div>
   <div class='ocr_carea' id='block_1_106' title="bbox 2134 5014 2644 5092">
    <p class='ocr_par' dir='ltr' id='par_1_106' title="bbox 2134 5014 2644 5092">
     <span class='ocr_line' id='line_1_106' title="bbox 2134 5014 2644 5092; baseline 0.01 -24"><span class='ocrx_word' id='word_1_731' title='bbox 2134 5014 2360 5077; x_wconf 90' lang='grc' dir='ltr'>κανόνος</span> <span class='ocrx_word' id='word_1_732' title='bbox 2391 5016 2644 5092; x_wconf 80' lang='grc' dir='ltr'><strong>ἐξάρχου.</strong></span> 
     </span>
    </p>
   </div>
   <div class='ocr_carea' id='block_1_107' title="bbox 2207 5103 3769 5186">
    <p class='ocr_par' dir='ltr' id='par_1_107' title="bbox 2207 5103 3769 5186">
     <span class='ocr_line' id='line_1_107' title="bbox 2207 5103 3769 5186; baseline 0.005 -29"><span class='ocrx_word' id='word_1_733' title='bbox 2207 5103 2301 5168; x_wconf 60' lang='lat' dir='ltr'><strong>Eli;</strong></span> <span class='ocrx_word' id='word_1_734' title='bbox 2327 5105 2427 5173; x_wconf 72' lang='grc' dir='ltr'>τὴν</span> <span class='ocrx_word' id='word_1_735' title='bbox 2474 5108 2740 5182; x_wconf 81' lang='grc' dir='ltr'>τράπεζαν</span> <span class='ocrx_word' id='word_1_736' title='bbox 2799 5108 2993 5179; x_wconf 84' lang='grc' dir='ltr'>ἀπιὼν,</span> <span class='ocrx_word' id='word_1_737' title='bbox 3031 5112 3106 5183; x_wconf 79' lang='grc' dir='ltr'><strong>μὴ</strong></span> <span class='ocrx_word' id='word_1_738' title='bbox 3165 5111 3486 5186; x_wconf 88' lang='grc' dir='ltr'>περισκόπει</span> <span class='ocrx_word' id='word_1_739' title='bbox 3542 5113 3635 5174; x_wconf 76' lang='grc' dir='ltr'>τὰς</span> <span class='ocrx_word' id='word_1_740' title='bbox 3681 5131 3769 5184; x_wconf 78' lang='grc' dir='ltr'><strong>με-</strong></span> 
     </span>
    </p>
   </div>
   <div class='ocr_carea' id='block_1_108' title="bbox 2136 5188 3768 5276">
    <p class='ocr_par' dir='ltr' id='par_1_108' title="bbox 2136 5188 3768 5276">
     <span class='ocr_line' id='line_1_108' title="bbox 2136 5188 3768 5276; baseline -0.001 -30"><span class='ocrx_word' id='word_1_741' title='bbox 2136 5188 2285 5266; x_wconf 84' lang='grc' dir='ltr'>ρίδας</span> <span class='ocrx_word' id='word_1_742' title='bbox 2340 5198 2447 5248; x_wconf 80' lang='grc' dir='ltr'>τῶν</span> <span class='ocrx_word' id='word_1_743' title='bbox 2499 5192 2768 5270; x_wconf 77' lang='grc' dir='ltr'>ἀδεκφῶν,</span> <span class='ocrx_word' id='word_1_744' title='bbox 2825 5195 2968 5270; x_wconf 74' lang='grc' dir='ltr'>μηδὲ</span> <span class='ocrx_word' id='word_1_745' title='bbox 3037 5199 3224 5275; x_wconf 78' lang='grc' dir='ltr'>μέριζε</span> <span class='ocrx_word' id='word_1_746' title='bbox 3278 5202 3377 5271; x_wconf 74' lang='grc' dir='ltr'>τὴν</span> <span class='ocrx_word' id='word_1_747' title='bbox 3448 5204 3636 5276; x_wconf 64' lang='grc' dir='ltr'>ψυχήν</span> <span class='ocrx_word' id='word_1_748' title='bbox 3685 5219 3768 5253; x_wconf 82' lang='grc' dir='ltr'><strong>σου</strong></span> 
     </span>
    </p>
   </div>
   <div class='ocr_carea' id='block_1_109' title="bbox 2139 5282 3766 5366">
    <p class='ocr_par' dir='ltr' id='par_1_109' title="bbox 2139 5282 3766 5366">
     <span class='ocr_line' id='line_1_109' title="bbox 2139 5282 3766 5366; baseline 0.004 -30"><span class='ocrx_word' id='word_1_749' title='bbox 2139 5282 2421 5348; x_wconf 85' lang='grc' dir='ltr'>ὑπονοίαις</span> <span class='ocrx_word' id='word_1_750' title='bbox 2470 5284 2531 5339; x_wconf 78' lang='grc' dir='ltr'>οὐ</span> <span class='ocrx_word' id='word_1_751' title='bbox 2587 5286 2804 5349; x_wconf 85' lang='grc' dir='ltr'>καλαῖς.</span> <span class='ocrx_word' id='word_1_752' title='bbox 2863 5289 2941 5344; x_wconf 75' lang='grc' dir='ltr'><strong>Τὰ</strong></span> <span class='ocrx_word' id='word_1_753' title='bbox 2997 5292 3373 5366; x_wconf 85' lang='grc' dir='ltr'>παρακείμενα</span> <span class='ocrx_word' id='word_1_754' title='bbox 3429 5289 3500 5347; x_wconf 85' lang='grc' dir='ltr'><strong>δά</strong></span> <span class='ocrx_word' id='word_1_755' title='bbox 3555 5290 3766 5347; x_wconf 73' lang='grc' dir='ltr'>ἐνώπιόν</span> 
     </span>
    </p>
   </div>
   <div class='ocr_carea' id='block_1_110' title="bbox 2132 5369 3766 5455">
    <p class='ocr_par' dir='ltr' id='par_1_110' title="bbox 2132 5369 3766 5455">
     <span class='ocr_line' id='line_1_110' title="bbox 2132 5369 3766 5455; baseline 0.006 -31"><span class='ocrx_word' id='word_1_756' title='bbox 2132 5392 2230 5425; x_wconf 91' lang='grc' dir='ltr'>σου</span> <span class='ocrx_word' id='word_1_757' title='bbox 2292 5369 2546 5446; x_wconf 84' lang='grc' dir='ltr'>βλὲποων</span> <span class='ocrx_word' id='word_1_758' title='bbox 2603 5377 2690 5430; x_wconf 88' lang='grc' dir='ltr'>καὶ</span> <span class='ocrx_word' id='word_1_759' title='bbox 2747 5377 3075 5450; x_wconf 83' lang='grc' dir='ltr'>ἁπτόμενος,</span> <span class='ocrx_word' id='word_1_760' title='bbox 3114 5385 3194 5452; x_wconf 82' lang='grc' dir='ltr'>τῷ</span> <span class='ocrx_word' id='word_1_761' title='bbox 3255 5383 3348 5455; x_wconf 71' lang='grc' dir='ltr'>μὶι</span> <span class='ocrx_word' id='word_1_762' title='bbox 3404 5382 3631 5454; x_wconf 84' lang='grc' dir='ltr'>στόματι</span> <span class='ocrx_word' id='word_1_763' title='bbox 3680 5379 3766 5445; x_wconf 78' lang='grc' dir='ltr'>τήν</span> 
     </span>
    </p>
   </div>
   <div class='ocr_carea' id='block_1_111' title="bbox 373 5461 2044 5547">
    <p class='ocr_par' dir='ltr' id='par_1_111' title="bbox 373 5468 2022 5541">
     <span class='ocr_line' id='line_1_111' title="bbox 373 5468 2022 5541; baseline -0.002 -9"><span class='ocrx_word' id='word_1_764' title='bbox 373 5473 678 5541; x_wconf 88' lang='lat' dir='ltr'><strong>concedas,</strong></span> <span class='ocrx_word' id='word_1_765' title='bbox 722 5471 963 5528; x_wconf 89' lang='lat' dir='ltr'><strong>auribus</strong></span> <span class='ocrx_word' id='word_1_766' title='bbox 1013 5474 1208 5526; x_wconf 87' lang='lat' dir='ltr'><strong>autem</strong></span> <span class='ocrx_word' id='word_1_767' title='bbox 1257 5468 1524 5526; x_wconf 90' lang='lat' dir='ltr'><strong>lectionis</strong></span> <span class='ocrx_word' id='word_1_768' title='bbox 1553 5469 1912 5527; x_wconf 88' lang='lat' dir='ltr'><strong>auditionem</strong></span> <span class='ocrx_word' id='word_1_769' title='bbox 1963 5478 2022 5529; x_wconf 91' lang='lat' dir='ltr'><strong>et</strong></span> 
     </span>
    </p>
   </div>
   <div class='ocr_carea' id='block_1_112' title="bbox 2163 5461 3767 5547">
    <p class='ocr_par' dir='ltr' id='par_1_112' title="bbox 2164 5461 3767 5547">
     <span class='ocr_line' id='line_1_112' title="bbox 2164 5461 3767 5547; baseline 0.002 -29"><span class='ocrx_word' id='word_1_770' title='bbox 2164 5461 2462 5539; x_wconf 75' lang='grc' dir='ltr'>ροφὴν,τῇ</span> <span class='ocrx_word' id='word_1_771' title='bbox 2497 5465 2634 5539; x_wconf 76' lang='grc' dir='ltr'>ἀκοῇ</span> <span class='ocrx_word' id='word_1_772' title='bbox 2695 5463 2751 5521; x_wconf 69' lang='grc' dir='ltr'><strong>δὲ</strong></span> <span class='ocrx_word' id='word_1_773' title='bbox 2805 5468 2902 5536; x_wconf 72' lang='grc' dir='ltr'>τὴν</span> <span class='ocrx_word' id='word_1_774' title='bbox 2957 5468 3210 5545; x_wconf 84' lang='grc' dir='ltr'>ἀκρόασιν</span> <span class='ocrx_word' id='word_1_775' title='bbox 3253 5475 3358 5526; x_wconf 81' lang='grc' dir='ltr'>τῶν</span> <span class='ocrx_word' id='word_1_776' title='bbox 3415 5471 3767 5547; x_wconf 82' lang='grc' dir='ltr'>ἀναγινωσκο-</span> 
     </span>
    </p>
   </div>
   <div class='ocr_carea' id='block_1_113' title="bbox 443 5665 1714 5738">
    <p class='ocr_par' dir='ltr' id='par_1_113' title="bbox 443 5665 1714 5738">
     <span class='ocr_line' id='line_1_113' title="bbox 443 5665 1714 5738; baseline -0.002 -11"><span class='ocrx_word' id='word_1_777' title='bbox 443 5673 487 5708; x_wconf 82' lang='grc'><strong>¹³</strong></span> <span class='ocrx_word' id='word_1_778' title='bbox 516 5669 664 5726; x_wconf 82' lang='lat' dir='ltr'><strong>Psal.</strong></span> <span class='ocrx_word' id='word_1_779' title='bbox 697 5684 937 5734; x_wconf 82' lang='lat' dir='ltr'><strong>xxxvm,</strong></span> <span class='ocrx_word' id='word_1_780' title='bbox 971 5669 1021 5722; x_wconf 84' lang='grc'><strong>4.</strong></span> <span class='ocrx_word' id='word_1_781' title='bbox 1103 5668 1147 5704; x_wconf 81' lang='grc'><strong>¹⁶</strong></span> <span class='ocrx_word' id='word_1_782' title='bbox 1179 5665 1330 5723; x_wconf 82' lang='lat' dir='ltr'><strong>Psal.</strong></span> <span class='ocrx_word' id='word_1_783' title='bbox 1364 5683 1558 5738; x_wconf 77' lang='lat' dir='ltr'><strong>CXVIII,</strong></span> <span class='ocrx_word' id='word_1_784' title='bbox 1592 5669 1714 5725; x_wconf 89' lang='grc'><strong>103.</strong></span> 
     </span>
    </p>
   </div>
  </div>
