3944 6202
190 371 282 428 397

1084 357 1180 412 DE
1215 355 1669 413 ABBGONDITA
1703 355 2162 417 OPERATIONB
2202 363 2275 418 IN
2318 367 2645 424 CHRISTO.

3472 373 3578 429 398

198 494 377 571 μένων,
405 492 472 564 τῇ
530 485 591 543 δὲ
643 487 800 561 ψυχῇ
859 484 973 571 τήν-
1013 482 1328 571 προσευχὴν
1363 477 1538 549 δίδου,
1560 479 1655 571 ἵνα
1709 480 1876 550 (τῶι-Α

1991 489 2137 545 limae
2168 492 2492 549 orationem
2517 513 2531 564 ;
2563 494 2647 550 ita
2676 511 2915 567 corpore
2946 499 3003 552 et
3032 496 3242 569 spiritu
3273 498 3571 571 reﬁciaris,

194 567 303 658 ματι
355 578 442 636 καὶ
488 575 760 649 πνεύματι
803 567 1160 651 τρεφόμενος,
1209 569 1539 644 ὁλοκλήρως
1581 569 1817 645 ἐξυμνῇς

189 676 268 730 τὸν
312 668 671 745 έμπιπλῶντα
752 664 804 718 ἓν
889 662 1115 737 ἀγαθοῖς
1169 660 1270 729 τὴν
1349 658 1635 733 ἐπιθυμίαν
1694 681 1810 714 σου.

188 764 397 823 Ἐκεῖθεν
425 756 678 823 ἀναστὰς,
714 751 851 827 μετὰ
881 749 1214 825 σεμνότητος
1241 749 1331 803 καὶ
1372 755 1529 823 σιγῆς
1562 750 1814 825 εἷσέρχου

192 854 254 915 εἷς
277 854 335 907 τὸ
357 846 578 904 κελλίον
611 864 735 913 σου,
754 842 846 897 καὶ
870 842 943 903 ὡς
968 838 1230 916 φιλεργὸς
1266 837 1495 913 μέλισσα
1526 838 1812 917 φιλοπόνει

186 943 270 1005 τὰς
295 938 501 1017 ἀρετάς.

246 1070 400 1125 ὀταν
458 1061 626 1135 ἆνύῃς
685 1054 961 1114 διακονίαν
1043 1055 1177 1129 μετά
1242 1057 1348 1107 τῶν
1427 1050 1700 1129 ἀδελφῶν,
1759 1055 1814 1107 αἱ

185 1163 347 1233 χεῖρες
393 1150 821 1227 ἑργαζέσθωσαν,
851 1143 1111 1200 σιωπάτω
1156 1143 1224 1197 τά
1266 1139 1567 1218 χείλη,καὶ
1616 1142 1644 1195 ὁ
1686 1146 1813 1205 νοῦς

183 1229 557 1321 μνημονευὲτω
587 1241 726 1294 Θεοῦ
761 1255 775 1269 ⁸
809 1235 899 1291 καὶ
931 1231 984 1289 εἶ’
1006 1233 1138 1289 ποτέ
1164 1252 1248 1294 τις
1291 1230 1542 1301 κινηθείη
1575 1229 1811 1307 ἀργολο-

179 1320 301 1411 id":
346 1332 422 1395 εἷς
476 1328 747 1397 διακοπῆν
801 1332 903 1395 τῆς
974 1320 1217 1394 ἀταξίας,
1268 1320 1613 1397 ἐγειρόμενος
1665 1322 1811 1376 ποίει

186 1427 475 1499 μετάνοιαν.
524 1415 842 1493 Λογισμοὺς
892 1412 1224 1489 ἀποτρέπου,
1268 1413 1357 1467 καὶ
1411 1413 1491 1485 μή
1544 1413 1815 1487 παραχώ-

178 1537 246 1591 ρει
273 1512 507 1573 τούτους
538 1508 847 1585 διατρέχειν
873 1505 973 1574 τήν
1006 1500 1256 1579 καρδίαν,
1287 1503 1377 1557 καὶ
1421 1501 1759 1578 ἐγχρονίζειν
1794 1521 1808 1535 ι

178 1609 203 1660 ὁ
253 1602 555 1680 χρονισμὸς
611 1600 714 1675 γὰρ
782 1600 888 1651 τῶν
948 1594 1206 1667 ἔμπαθῶν
1263 1592 1542 1669 λογισμῶν
1598 1591 1815 1680 τά-μὶν

176 1678 307 1763 πᾶθὴ
340 1693 625 1762 ζωογονεῖ,
653 1688 747 1743 τὸν
778 1684 837 1740 δὲ
862 1689 987 1740 νοῦν
1038 1689 1259 1749 θανατοῖ
1290 1703 1304 1717 ’
1337 1683 1482 1739 ἀλλά
1528 1678 1814 1758 προσϐάλ-

180 1796 357 1839 Λοντας
415 1773 619 1836 αὐτοὺς
674 1770 866 1827 αὐτίκα
923 1768 982 1825 ἇκ
1035 1768 1375 1846 πρωτονοίας
1447 1767 1668 1844 ἐπείγου
1736 1771 1816 1838 τῷ

1922 582 2098 650 atque
2117 596 2185 634 ex
2214 582 2357 637 totis
2376 583 2604 640 viribus
2628 585 2746 640 tuis
2774 585 2858 640 illi
2879 585 3101 656 gratias
3133 588 3438 659 rependes,
3463 590 3567 661 qui

1921 667 2278 724 desiderium
2308 675 2474 725 tuum
2507 672 2928 744 adimpleverit.
2959 675 3016 730 Si
3052 691 3256 731 mensa
3298 677 3567 733 decesse-

1920 756 2022 824 ris,
2056 774 2185 812 cum
2219 760 2502 815 modestia
2549 765 2604 817 et
2634 762 2866 818 silentio
2898 764 2968 818 ad
3009 764 3217 821 cellam
3268 767 3473 821 redeas
3505 769 3566 821 et

1921 847 1991 900 ad
2016 847 2383 917 cperantium
2410 850 2607 921 apium
2631 851 2945 923 exemplar,
2973 870 3105 909 cum
3130 870 3356 911 amores
3377 855 3564 913 instes

1919 936 2258 994 virtutibus.

1991 1061 2134 1116 Cum
2188 1062 2585 1119 ministerium
2629 1065 2735 1119 tibi
2786 1083 2903 1121 una
2951 1084 3085 1122 cum
3137 1068 3411 1125 fratribus
3462 1072 3564 1126 ad-

1922 1149 2284 1222 implendum
2344 1156 2452 1219 est,
2513 1152 2655 1208 dum
2723 1170 2931 1210 manus
2990 1160 3327 1228 operantur,
3389 1157 3565 1214 sileas

1919 1239 2092 1295 labiis
2123 1246 2182 1295 et
2211 1242 2383 1295 corde
2413 1242 2622 1297 tendas
2652 1243 2724 1297 ad
2757 1243 2941 1299 Deum
2968 1264 2981 1312 ;
3016 1246 3065 1300 si
3098 1245 3229 1316 quis
3261 1248 3332 1302 ad
3363 1248 3566 1303 confa-

1919 1328 2279 1384 bulationem
2306 1334 2626 1387 moveatur.
2656 1331 2816 1387 illam
2841 1332 3012 1395 tollas
3051 1335 3567 1403 inordinationem,

1921 1434 1988 1473 eo
2036 1419 2186 1487 quod
2235 1435 2517 1489 assurgas
2569 1423 2627 1474 et
2676 1421 2854 1477 facias
2903 1422 3324 1493 paenitentiam.
3381 1424 3569 1480 Venas

1920 1507 2135 1563 mentis
2154 1507 2598 1578 disquisitiones
2612 1514 2842 1567 avertas
2855 1516 2910 1566 et
2926 1513 3270 1585 neutiquam
3285 1514 3568 1571 concedas

1921 1600 1984 1651 ut
2012 1613 2112 1651 cor
2142 1601 2309 1651 tuum
2355 1596 2663 1653 incurrant
2688 1603 2745 1653 et
2774 1601 2831 1654 in
2859 1616 2925 1656 eo
2979 1607 3360 1671 remaneant;
3391 1603 3442 1659 si
3491 1605 3563 1659 ad

1919 1691 2155 1756 tempus
2186 1686 2533 1740 diuturnum
2566 1689 3015 1758 permanserint,
3036 1696 3319 1760 generant
3348 1694 3568 1764 passio-

1922 1792 2025 1831 nes
2055 1779 2113 1830 et
2141 1775 2416 1830 occidunt
2446 1774 2726 1831 animam.
2760 1777 2965 1847 Itaque
3013 1794 3146 1833 cum
3178 1779 3564 1852 appulsantes

178 1866 313 1945 βέλει
383 1872 492 1935 τῆς
567 1867 881 1937 προσευχῆς
944 1859 1228 1945 ἀναιρεῖν.-
1267 1857 1329 1915 Εἰ
1390 1856 1447 1913 δὶ
1502 1857 1876 1945 έπιμένοιενΕ

1991 1864 2197 1931 nseris,
2232 1864 2429 1919 statim
2462 1863 2744 1920 orationis
2789 1866 3001 1936 sagitta
3046 1867 3368 1924 confodias.
3402 1870 3459 1925 Si
3492 1871 3566 1927 de

174 1942 470 2028 κρούοντες,
527 1948 619 2004 καὶ
678 1946 1001 2024 συγχέοντες
1054 1946 1153 2015 τὴν
1210 1942 1476 2010 διάνοιαν,
1532 1945 1619 1999 καὶ
1680 1942 1813 1997 ποτὶ

179 2047 265 2118 μὲν
294 2044 747 2117 ὑποχωροῦντες,
777 2037 911 2091 ποτὶ
943 2032 999 2091 δὶ
1029 2035 1416 2110 ἐπερχόμενοι,
1441 2032 1554 2098 ’ἴσθι
1615 2033 1696 2089 ὅτι
1753 2030 1814 2087 ἐκ

174 2125 540 2207 προλαϐόντος
572 2123 885 2196 θελήματός
911 2123 1044 2177 εἰσιν
1085 2120 1474 2198 ὠχυρωμένοι.
1510 2121 1607 2175 Διά
1650 2123 1812 2175 τοῦτο

176 2222 342 2278 δίκαια
387 2219 615 2296 ἔχοντες
674 2216 750 2278 εἷς
808 2216 908 2284 τήν
968 2215 1152 2290 ψυχὴν
1206 2211 1294 2268 διὰ
1337 2215 1436 2283 τήν
1492 2216 1654 2282 ἧτταν
1712 2220 1811 2282 τῆς

173 2313 560 2387 προαιρέσεως,
588 2306 913 2382 ταράττουσι
951 2303 1043 2358 καὶ
1091 2300 1406 2378 ἐνοχλοῦσι.
1442 2307 1531 2357 Δεῖ
1574 2300 1665 2357 οὖν
1718 2304 1815 2357 αὖ·

172 2386 287 2464 τοὺς
328 2397 674 2470 στηλιτιύειν
722 2392 811 2449 διά
851 2400 953 2463 τῆς
1004 2392 1404 2467 έξαγορεύσεως
1437 2411 1450 2424 ·
1486 2386 1813 2466 θριαμϐευό-

174 2512 312 2562 μενοι
370 2489 481 2564 γὰρ
539 2488 593 2541 οἱ
640 2482 875 2560 πονηροὶ
937 2481 1222 2558 λογισμοὶ,
1282 2479 1691 2559 φυγαδεύονται.
1726 2482 1813 2542 Ὦς

170 2580 259 2653 γὰρ
290 2578 475 2655 φωτὸς
505 2576 795 2653 φαίνοντος
825 2572 887 2627 τὸ
938 2571 1130 2632 σκότος
1193 2572 1497 2646 ὑποχωρεῖ,
1525 2568 1668 2624 οὕτω
1723 2567 1815 2624 καὶ

170 2668 227 2723 τὸ
256 2672 367 2746 φῶς
390 2674 500 2735 τῆς
529 2662 805 2740 ὲξαγορίας
860 2660 1098 2730 ἀφανίζει
1154 2660 1284 2723 τοὺς
1344 2658 1649 2746 λογισμοὺς
1705 2663 1815 2746 τῶν

172 2742 365 2821 παθῶν,
398 2750 602 2812 σκότος
658 2749 748 2804 καὶ
829 2748 1026 2809 αὐτοὺς
1103 2744 1568 2823 χρηματίζοντας,
1627 2742 1815 2815 ἒπειδὴ

168 2840 538 2913 ἠκενοδοξὶα,
565 2840 657 2895 καὶ
714 2839 750 2908 ἡ
809 2836 1006 2906 ἄνεσις,
1038 2835 1100 2898 ’ἀς
1159 2835 1311 2911 εἶχον
1356 2836 1523 2891 τόπον
1577 2834 1628 2889 o't
1660 2835 1816 2909 λογι-

167 2936 311 3007 σμοὶ,
350 2928 773 3007 κατετράφησαν
836 2925 927 2983 διά
980 2934 1080 2997 τῆς
1137 2928 1272 2982 κατὰ
1324 2929 1422 2995 τὴν
1481 2926 1814 3003 έξαγόρευσιν

163 3024 457 3101 αἰσχύνης,
521 3020 612 3076 καὶ
696 3023 795 3085 τῆς
857 3018 993 3073 κατά
1047 3018 1139 3073 τὸν
1183 3016 1384 3073 κανόνα
1437 3017 1815 3081 κακοπαθείας.

163 3120 308 3180 Ὅθεν
352 3115 448 3170 καὶ
520 3113 621 3181 τὴν
681 3107 923 3165 διάνοιαν
983 3109 1318 3185 εὑρίσκοντες
1365 3106 1646 3182 ἐλευθέραν
1705 3106 1815 3179 ἤδη

1920 1956 2159 2011 incursu
2182 1954 2487 2009 deﬂectere
2525 1954 2822 2010 noluerint
2841 1959 2899 2010 et
2924 1955 3258 2013 obsederint
3278 1959 3562 2028 animam,

1919 2049 2042 2100 tum
2074 2044 2209 2098 illos
2239 2061 2308 2099 ex
2336 2042 2657 2098 voluntatis
2698 2043 3076 2101 inclinatione
3104 2048 3575 2109 corroborandos

1921 2151 2049 2190 esse
2078 2132 2402 2189 resciveris.
2435 2133 2696 2197 Quadam
2752 2134 2891 2188 toni
2919 2135 3130 2206 {specie
3178 2136 3447 2208 allegata,
3475 2138 3567 2193 in-

1919 2225 2143 2279 vadunt
2199 2222 2453 2277 animam
2532 2238 2662 2293 qua:
2717 2223 2787 2277 ab
2864 2222 3094 2295 incepto
3162 2225 3565 2295 declinaverit,

1920 2329 2168 2383 eamque
2204 2312 2544 2383 perturbant
2578 2320 2634 2367 et
2678 2311 3004 2384 implicant.
3037 2314 3430 2371 Confessionis
3461 2317 3565 2372 sti-

1921 2406 2120 2473 gmata
2142 2401 2568 2456 olfuscantibus
2590 2401 2792 2455 inuras
2816 2402 3299 2473 cogitationibus,
3323 2409 3381 2459 et
3404 2405 3567 2461 malas

1920 2490 2076 2545 illico
2106 2489 2422 2561 autugiunt
2445 2489 2662 2545 bestiae.
2702 2495 2847 2545 Luce
2894 2491 3137 2557 oriente,
3168 2494 3449 2549 recedunt
3479 2499 3567 2551 te.

1924 2583 2112 2638 nebrse
2139 2607 2153 2650 ;
2184 2582 2266 2635 ita
2296 2580 2683 2636 confeseionis
2712 2580 2909 2637 lumen
2943 2582 3196 2655 dissipat
3226 2584 3565 2655 passionum

1923 2672 2205 2745 caligines
2235 2675 2290 2727 et
2319 2670 2730 2727 obnubilantes
2778 2672 3039 2729 umbras.
3072 2673 3241 2729 Vana».
3285 2674 3481 2747 glorias
3513 2679 3570 2731 et

1922 2762 2284 2835 fatigationis
2314 2761 2562 2833 speciem
2596 2760 2815 2816 habent
2836 2761 2999 2816 malea
3032 2763 3451 2833 cogitationes;
3477 2770 3570 2821 ast

1922 2850 2309 2908 confessionis
2330 2849 2664 2905 humilitate
2682 2854 2739 2903 et
2753 2850 2940 2920 prunis
2958 2849 3168 2922 regulae
3185 2851 3569 2923 difi'ugantur.

1923 2942 2311 3007 Etenim,cum
2333 2940 2405 2994 ad
2431 2943 2686 2994 mentem
2712 2954 2841 3008 quae
2866 2939 3238 3010 passionibus
3256 2940 3440 2995 libera
3460 2946 3570 2999 est.

1924 3032 2211 3087 accedunt
2242 3028 2409 3083 malae
2433 3027 2655 3094 bestiae,
2675 3026 2873 3081 statim
2897 3031 3063 3097 terga
3083 3033 3317 3083 vertunt
3341 3035 3576 3100 propter

1925 3122 2265 3179 continuam
2285 3116 2567 3173 orationis
2585 3116 3012 3172 defensionem.
3032 3118 3140 3181 Qui
3163 3119 3575 3189 perturbantes

163 3210 261 3262 τῶν
319 3208 520 3268 παθῶν
572 3200 942 3277 γεγενημένην
1002 3203 1071 3273 τῇ
1147 3203 1367 3274 συνεχεῖ
1432 3198 1521 3253 καὶ
1588 3198 1876 3285 εύκατα-(

1991 3210 2315 3283 ιείιειιίουεε
2345 3204 2611 3262 excidere
2644 3205 2892 3277 cupierit
2922 3210 3229 3277 pugnator,
3258 3207 3330 3261 ad
3362 3206 3574 3285 oratio-

157 3294 326 3367 νύκτφ
412 3292 747 3367 προσευχῇ,
833 3288 949 3361 μετ’
1019 3286 1284 3363 αἰσχύνης
1371 3282 1808 3360 δραπετεύουσιν.

158 3382 276 3437 ὀτι
302 3381 408 3456 γὰρ
441 3383 703 3451 πειρᾶται
734 3376 762 3430 ὁ
796 3378 1096 3452 ἀγωνιστὴς
1145 3378 1359 3451 τέμνειν
1406 3381 1475 3449 τῇ
1524 3381 1809 3453 προσευχῇ

155 3475 271 3539 τοὺς
295 3476 676 3550 ταράττοντας
722 3468 880 3525 αύτὸν
933 3467 1257 3546 λογισμούς,
1286 3472 1473 3544 τέμνει
1535 3470 1628 3542 μὶν
1676 3470 1814 3544 πρὸς

161 3560 329 3637 βραχὺ
358 3561 456 3616 καὶ
493 3558 660 3635 εἴργει
691 3560 789 3629 τὴν
840 3556 1137 3614 πολύνοιαν
1199 3558 1398 3628 αὐτῶν,
1428 3558 1503 3621 ὡς
1560 3555 1813 3612 παλαίων

154 3649 236 3704 καί
267 3648 703 3722 ἁμιλλώμενος,
737 3646 798 3701 ού
856 3646 1147 3723 λυτροῦται
1206 3644 1263 3701 δὲ
1294 3646 1371 3709 εἷς
1401 3648 1540 3701 ἅπαν
1574 3667 1585 3679 ⁸
1623 3642 1810 3714 ἐπειδὴ

157 3740 247 3800 τὰς
290 3738 477 3801 αἷτίας
528 3740 638 3791 τῶν
688 3734 1067 3812 ἐνοχλούντων
1113 3734 1395 3811 λογισμῶν
1447 3737 1678 3810 στέργει,
1709 3735 1812 3803 τήν

157 3828 452 3883 ἀνάπαυσιν
487 3829 594 3896 τῆς
625 3827 840 3901 σαρκὸς,
873 3827 960 3881 καὶ
1006 3827 1106 3896 τὴν
1154 3827 1426 3898 κοσμικὴν
1468 3824 1812 3903 φιλοτιμίαν,

158 3918 222 3972 δι’
276 3918 341 3982 ἃς
398 3917 499 3973 καὶ
585 3917 726 3990 πρὸς
810 3916 1151 3990 έξαγόρευσιν
1212 3915 1391 3986 ὁρμὴν
1440 3914 1502 3970 οὐ
1554 3922 1815 3990 ποιεῖται,

157 4009 305 4065 Ὅθεν
336 4008 433 4063 καὶ
468 4004 701 4081 εἷρήνην
748 4004 846 4059 ούκ
891 4001 1028 4081 ἄγει,
1064 4001 1205 4059 διότι
1250 4005 1317 4059 τὰ
1362 4009 1470 4059 τῶν
1529 4004 1813 4078 πολεμίων

150 4098 367 4172 κατέχει
428 4093 644 4150 δίκαια.
701 4092 800 4156 Τίς
854 4091 912 4148 δὲ
960 4094 1209 4168 κατέχων
1272 4091 1541 4168 ἀλλότρια
1625 4094 1815 4165 σκεύη,

156 4186 251 4242 οὐκ
302 4187 627 4241 ἀπαιτεῖται
678 4188 844 4239 ταῦτα
900 4184 1048 4259 παρά
1101 4188 1208 4239 τῶν
1264 4183 1545 4259 ἐχόντων;
1600 4184 1701 4247 Τίς
1759 4183 1817 4240 δί

155 4277 587 4349 ἀπαιτούμενος,
646 4274 734 4329 καὶ
800 4274 875 4346 μὴ
927 4271 1185 4329 ἀπολύων
1240 4272 1274 4327 ἆ
1326 4274 1545 4348 κατέχει
1613 4278 1813 4343 κακῶς,

162 4364 458 4442 λπροῶαι
492 4364 603 4419 ἀπὸ
630 4368 738 4418 νῶν
768 4360 1054 4418 ἀντιδίκων
1087 4361 1289 4432 αὐτοῦς
1321 4365 1449 4420 Ὅτε
1497 4361 1554 4417 δὲ
1601 4365 1629 4417 ὁ
1675 4365 1816 4439 ἀγω-

154 4459 445 4529 πηξάμενος
510 4457 581 4526 τῇ
627 4456 725 4507 τοῦ
772 4456 907 4508 Θεοῦ
940 4453 1132 4526 μνήμῃ
1164 4448 1407 4517 δυνηθεὶς
1455 4453 1554 4520 τήν
1606 4450 1819 4523 ἐξουδέ-

154 4565 311 4598 νωσιν
407 4542 691 4616 ἀγαπήσει
774 4540 866 4595 καὶ
951 4541 1052 4609 τήν
1131 4542 1367 4595 κάκωσιν
1441 4543 1539 4609 τῆς
1596 4541 1816 4616 σαρκὸς,

151 4632 235 4686 καὶ
318 4633 428 4700 τὴν
522 4628 866 4706 ἑξαγόρευσιν
934 4634 1041 4684 τῶν
1111 4627 1396 4704 λογισμῶν
1454 4629 1816 4705 ἀνεπαισχύν-

154 4740 259 4783 τως
342 4721 607 4790 ποιήσει,
663 4717 857 4774 αὐτίκα
942 4719 995 4773 οἱ
1078 4719 1171 4791 μὶν
1256 4715 1521 4791 πολέμιοι
1599 4719 1815 4794 ἀναχω-

156 4814 362 4882 ροῦσιν,
429 4812 470 4879 ἡ
546 4807 605 4863 δὶ
680 4805 891 4863 διάνοια
968 4805 1226 4883 ἐλευθέρα
1304 4809 1668 4883 τυγχάνουσα,
1716 4809 1814 4876 τὴν

156 4901 447 4975 συνέχειαν
532 4901 635 4963 τῆς
720 4902 1059 4973 προσευχῆς,
1115 4895 1205 4950 καὶ
1288 4896 1387 4963 τὴν
1463 4899 1571 4950 τῶν
1658 4895 1815 4960 θείων

157 4988 393 5060 μελέτην
429 4985 737 5043 ἀδιάκοπον
776 4985 915 5062 ἔχει.
951 4987 1130 5042 ΙΙᾶσαν
1187 4984 1441 5039 ὑπόνοιαν
1490 4986 1816 5058 κινουμένην

155 5077 205 5131 ἐν
250 5083 321 5152 τῇ
383 5075 594 5152 καρδίᾳ
659 5074 795 5131 κατά
849 5095 995 5138 τινος
1059 5078 1324 5149 παραιτοῦ
1380 5074 1686 5143 παντελῶς,
1743 5074 1819 5137 ὡς

154 5168 543 5222 καταλύουσαν
578 5165 796 5241 ἀγάπην
855 5167 941 5220 καὶ
994 5163 1241 5238 εἰρήνην.
1271 5167 1447 5217 Ιῐᾶσαν
1500 5161 1557 5218 δὲ
1609 5185 1820 5242 συμφο-

156 5256 248 5325 ράν
310 5255 521 5325 ἔξωθεν
582 5252 961 5329 ἐπερχομένην
1038 5251 1295 5327 γενναίως
1363 5249 1690 5327 καταδέχου,
1748 5254 1822 5317 ὡς

153 5346 247 5413 τήν
278 5347 569 5416 σωτήριον
619 5345 903 5417 ὑπομονὴν
950 5343 1309 5418 προξενοῦσαν
1336 5361 1348 5373 ·
1386 5343 1690 5413 ὑπομονὴν,
1721 5346 1818 5413 τὴν

162 5436 328 5503 μονήν
363 5434 467 5489 καὶ
503 5432 797 5487 ἀκνίπαυσιν
848 5430 1218 5508 χαριζομένην
1278 5430 1331 5484 έν
1378 5436 1496 5493 τοῖς
1551 5432 1820 5507 οὐρανοῖς.

160 5522 314 5576 Οὕτω
343 5524 455 5583 τὰς
493 5522 665 5595 τίμέρς
697 5520 895 5587 ἀνύων,
927 5520 982 5575 ἐν
1017 5521 1112 5592 μὲν
1142 5522 1211 5592 τῇ
1255 5520 1500 5595 παρούσῃ
1555 5526 1666 5590 ζωῆ
1711 5524 1825 5595 μετ’

153 5609 415 5683 εὐθυμίας
455 5612 491 5685 β
520 5613 681 5682 ὂσεις,
711 5616 828 5672 ταῖς
882 5605 1174 5683 μακαρίαις
1237 5606 1466 5663 ἐλπίσιν
1533 5611 1821 5688 εὐφραινό-

155 5721 308 5771 μενος
337 5718 357 5738 ο
392 5700 455 5758 ἰν
522 5697 578 5756 δὲ
649 5704 717 5775 τῇ
766 5695 933 5774 ἐξόδῳ
988 5698 1123 5773 μετά
1161 5698 1465 5777 παρρησίας
1516 5706 1825 5779 μεταστήσῃ

1920 3316 2052 3357 nem
2087 3295 2372 3368 confugit,
2406 3299 2463 3351 et
2492 3311 2669 3365 quam
2715 3294 3002 3349 citissime
3053 3293 3202 3350 lalas
3233 3284 3493 3351 concidit
3515 3302 3576 3352 et

1918 3388 2171 3445 maxime
2199 3387 2504 3451 versutas;
2540 3389 2796 3439 attamen
2821 3384 2878 3437 in
2904 3400 3089 3454 agone
3120 3400 3227 3440 nec
3257 3385 3409 3440 ferro
3439 3402 3572 3457 par-

1917 3483 2011 3537 cat
2026 3494 2129 3533 nec
2141 3473 2475 3531 remissioni
2492 3472 2816 3544 indulgeat;
2831 3473 3046 3528 etenim
3062 3474 3110 3527 si
3129 3473 3565 3545 insurgentium

1920 3567 2338 3639 cogitationum
2362 3567 2559 3635 partes
2576 3561 3396 3633 susceperit,videlicetcarnis
3418 3565 3565 3620 ami-

1920 3656 2117 3712 citiam
2148 3660 2207 3709 et
2238 3653 2443 3708 mundi
2472 3653 2844 3718 amorem,ad
2873 3651 3122 3706 nihilum
3148 3653 3428 3724 proﬁciet.
3455 3654 3571 3710 Nec

1921 3745 2219 3803 victoriam
2252 3758 2440 3813 neque
2472 3758 2674 3813 pacem
2712 3741 3054 3813 reportabit,
3087 3743 3246 3812 quod
3296 3744 3572 3799 defendat

1922 3835 2181 3890 hostium
2224 3848 2454 3888 causas.
2480 3831 2537 3885 Si
2564 3830 2699 3901 quis
2730 3829 2920 3885 aliena
2956 3831 3238 3901 possidet,
3272 3848 3464 3887 nonne
3495 3834 3567 3889 ad

1923 3922 2353 3979 restitutionem
2384 3920 2652 3974 tenetur?
2672 3923 2748 3974 At
2780 3919 2829 3974 si
2861 3936 2971 3974 sua
3000 3920 3277 3975 reclamet
3296 3920 3571 3977 dominus

1924 4018 1980 4068 et
2010 4030 2043 4066 a
2072 4014 2372 4066 detentore
2403 4009 2626 4079 injuste
2646 4024 2760 4061 non
2785 4008 3064 4073 obtineat,
3092 4009 3377 4080 numquid
3402 4008 3570 4066 illum

1926 4101 1997 4155 ab
2015 4098 2373 4172 obligatione
2396 4095 2713 4153 liberabit?
2734 4096 2839 4160 Qui
2866 4112 3095 4168 pugnas
3113 4096 3339 4153 divinas
3364 4098 3573 4154 adierit

1925 4189 1985 4243 in
2018 4192 2211 4243 mente
2262 4203 2389 4255 sua,
2433 4190 2594 4240 amat
2640 4184 2872 4255 nesciri,
2907 4201 3008 4255 pro
3060 4184 3242 4239 nihilo
3289 4188 3569 4256 reputari,

1927 4292 2161 4333 carnem
2198 4275 2548 4331 mortificare
2579 4278 2637 4329 et
2666 4290 2843 4328 vanas
2893 4274 3275 4342 cogitationes
3305 4275 3571 4332 confiteri

1926 4368 2148 4437 absque
2194 4363 2579 4429 verecundia;
2614 4364 2698 4417 sic
2748 4364 3029 4418 recedunt
3074 4363 3322 4429 inimici,
3372 4365 3572 4420 anima

1926 4455 2209 4510 liberatur
2238 4458 2295 4508 et
2324 4454 2448 4523 ipse
2479 4452 2817 4506 continuam
2843 4452 3217 4521 prosequitur
3246 4452 3570 4509 orationem

1926 4549 2101 4616 atque
2140 4559 2335 4599 rerum
2382 4542 2714 4596 divinarum
2771 4539 3208 4595 meditationem
3244 4541 3571 4599 assiduam.

1924 4634 2167 4690 Omnem
2187 4631 2248 4686 in
2262 4632 2434 4686 corde
2447 4634 2781 4701 surgentem
2798 4629 3255 4699 suspicationem
3269 4647 3447 4701 quam
3464 4632 3576 4703 pri-

1925 4738 2089 4776 mum
2112 4720 2403 4792 expelles;
2439 4718 2755 4790 perfrangit
2784 4718 2941 4773 enim
2989 4734 3252 4773 amorem
3284 4724 3343 4774 et
3373 4735 3574 4791 pacem

1925 4826 2057 4864 cum
2092 4809 2363 4880 priximo.
2385 4810 2572 4864 Omne
2603 4807 2820 4862 malum
2856 4807 2927 4861 ab
2950 4807 3365 4863 extraillatum
3394 4810 3578 4865 virili-

1924 4902 2012 4953 ter
2044 4897 2337 4968 suscipias
2369 4914 2381 4951 :
2429 4895 2746 4952 salutarem
2790 4896 2897 4951 tibi
2950 4896 3176 4951 inducit
3208 4898 3576 4969 patientiam,

1926 5003 2024 5058 per
2055 4986 2393 5058 patientiam
2421 5001 2555 5040 vero
2586 4985 2691 5040 tibi
2724 4984 2782 5038 in
2823 4983 2983 5039 oculis
3014 4984 3222 5041 tribuit
3266 4986 3577 5044 habitacu'

1926 5076 2050 5131 lum
2082 5079 2140 5131 et
2180 5075 2666 5131 sublevationem.
2700 5073 2795 5129 Sic
2841 5075 3108 5145 perficies
3155 5075 3281 5133 dies
3330 5081 3482 5144 tuos,
3515 5078 3576 5133 in

1928 5165 2043 5220 vita
2058 5165 2328 5236 praesenti
2355 5181 2637 5237 magnum
2660 5164 2875 5219 habeas
2893 5164 3159 5219 animum
3185 5170 3243 5220 et
3260 5166 3332 5220 de
3364 5167 3579 5222 futuris

1930 5255 2321 5325 congaudeas.
2380 5260 2521 5309 Cum
2581 5258 2779 5309 autem
2836 5268 2905 5308 ex
2955 5254 3423 5326 peregrinatione
3478 5260 3580 5310 tua

1931 5346 2195 5411 redieris,
2242 5346 2606 5401 conﬁdenter
2653 5345 2921 5400 aditurus
2953 5345 3036 5399 sis
3090 5344 3217 5401 loca
3265 5344 3577 5416 refrigerii,

1934 5450 2060 5505 quae
2089 5435 2196 5489 tibi
2229 5433 2559 5490 advenienti
2594 5434 2821 5505 paravit
2851 5434 3138 5489 Dominus
3181 5438 3239 5488 et
3268 5434 3324 5488 in
3362 5448 3582 5487 merce-

1935 5526 2066 5581 dem
2098 5526 2365 5582 laborum
2398 5527 2490 5582 his
2520 5531 2927 5597 susceptorum
2953 5524 3252 5580 retribuet.
3287 5523 3579 5595 Regnabis

1935 5632 2068 5670 cum
2099 5614 2223 5685 illo,
2254 5616 2347 5671 cui
2378 5616 2572 5671 omnis
2594 5614 2861 5670 convenit
2880 5612 3086 5684 gloria,
3115 5614 3299 5669 bonos
3353 5612 3579 5703 etzado-

1940 5703 2107 5774 ratio,
2144 5721 2271 5762 unae
2294 5722 2429 5763 cum
2459 5710 2629 5763 Patre
2650 5704 2778 5760 sine
2796 5701 3103 5774 principio,
3135 5718 3267 5758 cum
3300 5701 3501 5761 sancto
3522 5707 3581 5761 et
