4034 6200
299 272 406 328 399

1426 262 1828 319 THEOLEPTI
1868 261 2585 316 PHILADELPHIENBIS.

3609 265 3714 320 400

300 400 630 458 viviﬁcante
671 394 915 468 Spiritu,
965 408 1124 448 nunc
1169 395 1228 448 et
1273 406 1509 463 semper
1536 393 1594 444 et
1636 387 1695 442 in
1740 386 1951 442 saecula

2077 387 2168 439 τῶν
2197 381 2324 452 ὦδε,
2356 383 2446 439 καὶ
2505 383 2581 447 εἰς
2637 384 2764 450 τοὺς
2821 385 3027 452 τόπους
3079 395 3182 460 τῆς
3219 387 3594 461 ἄναπαύσεως,
3624 391 3715 455 οὓς

302 488 674 546 saeculorum.
711 488 916 538 Amen.

2055 473 2395 547 ἡτοιμάσατό
2447 494 2530 529 σοι
2577 474 2782 552 Κύριος
2841 477 3140 554 ἀπελεύσῃ,
3173 480 3402 553 μισθοὺς
3460 486 3569 537 τῶν
3631 481 3714 537 ἒν-

294 587 464 638 ταυθα
495 572 672 626 πόνων
708 567 1016 631 ἀντιδιδούς
1048 589 1154 639 σοι,
1189 565 1570 640 συμασιλεύειν
1606 563 1751 636 αύτῷ
1784 583 1796 596 ·
1832 562 1876 635 ᾧ
1909 562 2104 638 πρέπει
2133 562 2279 617 πάσα
2327 559 2476 632 δόξα,
2507 566 2645 638 τιμὴ
2677 564 2767 620 καὶ
2799 568 3195 641 προσκύνησις,
3228 568 3341 642 ἅμα
3377 574 3459 642 τῷ
3488 569 3715 646 ἀνάρχῳ

305 663 470 718 αὐτοῦ
503 661 694 735 Πατρὶ,
722 661 810 715 xui
842 664 920 731 τῷ
945 659 1218 735 παναγίῳ,
1250 657 1340 712 καὶ
1372 657 1579 731 ἀγαθῷ,
1609 654 1698 708 καὶ
1733 656 1990 725 ζωοποιῷ
2021 651 2184 706 αὐτοῦ
2215 651 2490 725 Πνεύματι
2525 672 2537 685 ⁸
2571 658 2683 725 νῦν,
2713 655 2802 710 καὶ
2833 656 2937 725 ἀεὶ,
2967 657 3058 712 καὶ
3090 658 3166 721 εἷς
3191 657 3318 723 τοὺς
3347 658 3552 725 αἰῶνας
3605 665 3714 715 τῶν

305 752 540 807 αἰώνων.
573 751 778 823 ’Δμήν.

310 901 3720 928 W

847 1050 1076 1180 ΤΟ
1108 1054 1196 1177 Υ
1311 1047 1891 1177 ΑΥΤΟΥ
2021 1047 3168 1181 ΘΕΟΛΗΠΤΟΥ.

1305 1397 1884 1492 EJUSDEM
1950 1396 2705 1496 THEOLEPTI.

385 1728 432 1780 ι.
474 1722 748 1795 Spiritus,
782 1723 884 1795 qui
932 1722 1221 1780 exteriora
1267 1721 1418 1794 fugit
1465 1724 1522 1775 et
1550 1719 1622 1775 ad
1676 1718 1960 1776 interiora
1990 1721 2037 1786 B

307 1830 371 1870 se
399 1815 701 1882 convertit,
727 1814 798 1868 ad
825 1813 1084 1885 seipsum
1107 1811 1296 1868 reddit
1320 1829 1333 1878 ;
1360 1809 1570 1866 deinde
1593 1809 1662 1864 ad
1692 1810 1957 1877 verbum,

308 1905 463 1976 quod
517 1902 918 1975 intelligentiae
971 1902 1348 1974 congenitum
1394 1904 1506 1966 est,
1558 1899 1821 1966 accedit;
1853 1915 1959 1969 per

306 1995 551 2050 verbum
582 1998 779 2048 autem
817 1993 926 2048 hoc
963 1993 1208 2046 insitum
1260 1990 1491 2046 devenit
1522 1989 1591 2044 ad
1639 1987 1959 2044 oralionem

312 2088 370 2138 et
399 2099 502 2153 per
548 2082 872 2138 orationem
923 2082 993 2137 ad
1026 2083 1128 2137 Dei
1183 2080 1476 2135 notionem
1531 2077 1797 2134 ascendit
1827 2094 1959 2132 cum

313 2177 438 2228 tota
462 2189 569 2226 sua
591 2176 874 2243 potestate
907 2170 1172 2226 atfcctiva
1197 2175 1372 2240 atque
1389 2166 1788 2222 inclinatione.
1811 2166 1961 2221 Tum

312 2261 506 2317 carnis
554 2261 913 2316 desiderium
969 2260 1204 2326 recedit,
1247 2258 1445 2313 deficit
1490 2255 1807 2328 voluptatis
1847 2259 1962 2311 ter-

313 2367 466 2407 renae
515 2365 750 2415 sensus,
780 2354 838 2404 et
885 2349 1151 2420 speciosa
1203 2347 1384 2417 hujus
1435 2347 1565 2401 vita
1595 2346 1818 2416 absque
1863 2345 1962 2398 de-

309 2437 618 2495 lectatione
649 2441 955 2510 apparent.
1008 2437 1376 2506 Quaecunque
1427 2435 1584 2490 enim
1631 2435 1701 2489 ad
1753 2449 1965 2504 corpus

309 2529 583 2597 attinent,
628 2527 874 2598 projecit
915 2525 1112 2580 anima
1156 2529 1392 2596 propter
1444 2522 1969 2593 Christijucundi-

311 2623 527 2687 tatem;
561 2617 758 2688 ipsum
791 2613 1125 2685 insequitur
1175 2629 1310 2668 cum
1359 2612 1656 2668 modestis
1689 2611 1966 2683 operibus

311 2707 529 2763 mentis
577 2704 848 2761 castitate
896 2707 1068 2773 atque
1123 2701 1364 2773 psallit:
1397 2723 1424 2751 ‹‹
1475 2702 1802 2756 Otferentur
1842 2702 1964 2772 regi

313 2795 572 2867 virgines
602 2799 661 2850 et
681 2797 1114 2865 prosequentur
1136 2791 1216 2858 15;
1250 2814 1277 2841 »
1300 2790 1594 2845 Christum
1620 2789 1731 2845 sibi
1763 2806 1944 2861 reprze

311 2889 520 2954 sentat,
553 2883 831 2955 praevidet
861 2887 917 2938 et
949 2881 1129 2937 dicit:
1163 2902 1192 2929 «
1229 2879 1498 2951 Prospexi
1537 2880 1842 2935 Dominum
1871 2896 1965 2934 co-

310 2992 436 3031 ram
469 2990 557 3030 me
588 2972 749 3028 omni
782 2977 1065 3042 tempore,
1099 2969 1239 3042 quia
1260 2986 1293 3025 a
1325 2969 1542 3024 dextris
1567 2974 1656 3024 est
1687 2968 1831 3024 mihi
1865 2971 1968 3024 ιδ.»

2139 1719 2205 1779 α’.
2237 1721 2297 1777 Ὁ
2345 1725 2467 1783 νοῦς
2525 1720 2735 1798 φεύγων
2784 1723 2852 1777 τὰ
2901 1718 3022 1794 ἔξω,
3055 1722 3146 1777 καὶ
3208 1722 3581 1800 συναγόμενος
3641 1724 3714 1781 ἐπ

2063 1807 2130 1862 τὰ
2176 1806 2347 1880 ἔνδον,
2375 1811 2511 1886 πρὸς
2561 1812 2746 1866 ἑαυτὸν
2781 1809 3098 1888 ἐπανάγεται
3137 1831 3149 1844 ⁸
3185 1811 3358 1868 εἷ’τουν
3416 1819 3497 1887 τῷ
3559 1837 3732 1890 φυσι-

2064 1901 2172 1959 κῶς
2221 1899 2357 1954 κατᾶ
2404 1897 2644 1955 διάνοιαν
2686 1901 2877 1956 ἑαυτοῦ
2919 1900 3071 1977 λόγῳ
3101 1901 3404 1978 συγγίνεται
3439 1923 3454 1936 ’
3486 1903 3577 1958 xui
3638 1902 3737 1958 διὰ

2063 1991 2161 2040 τοῦ
2220 1988 2474 2051 συνόντος
2530 1988 2675 2062 αὐτῷ
2726 1987 3008 2052 οὗσιωδῶς
3042 1989 3238 2067 λόγου,
3271 1989 3593 2047 συνάπτεται
3656 1999 3728 2068 τῇ

2057 2074 2207 2156 ἐὐχῇ
2241 2095 2252 2107 ’
2285 2077 2375 2130 καὶ
2406 2075 2494 2132 διὰ
2523 2085 2622 2148 τῆς
2652 2079 2844 2154 εύχῆς,
2879 2078 2954 2141 εἷς
2997 2084 3196 2155 γνῶσιν
3245 2085 3342 2135 τοῦ
3400 2085 3535 2134 Θεοῦ
3590 2082 3733 2137 ἀνα-

2068 2161 2239 2219 ϐαίνει
2302 2168 2416 2238 μεθ’
2449 2166 2588 2238 ὅλης
2642 2175 2744 2237 τῆς
2802 2169 3146 2243 ἀγαπητικῆς
3207 2166 3488 2241 δυνάμεώς
3517 2191 3578 2224 τε
3635 2172 3736 2226 καὶ

2070 2253 2382 2318 διαθέσεως.
2409 2256 2547 2312 Τότε
2586 2258 2782 2332 σαρκὸς
2842 2259 2936 2330 μὶν
2997 2257 3260 2332 ἐπιθυμία
3308 2257 3544 2333 οἴχεται,
3575 2267 3734 2316 πᾶσα

2072 2340 2192 2412 δὲή
2226 2343 2528 2414 καθήδονος
2585 2345 2742 2421 ἀργεῖ
2787 2344 3055 2416 αἴσθησις,
3116 2346 3204 2401 καὶ
3263 2347 3330 2401 τὰ
3387 2347 3563 2422 ὡραῖα
3617 2357 3729 2419 τῆς

2071 2439 2176 2508 γῆς
2206 2431 2347 2502 ἀηδῆ
2381 2434 2782 2510 καταφαίνεται.
2817 2435 3027 2491 Ὀπίσω
3083 2434 3188 2510 γὰρ
3229 2435 3425 2506 ἑαυτῆς
3477 2439 3510 2506 ἡ
3563 2440 3730 2514 ψυχή

2071 2522 2242 2575 πάντα
2271 2523 2337 2575 τὰ
2357 2527 2451 2576 τοῦ
2483 2525 2738 2596 σώματος
2767 2524 2854 2578 καὶ
2887 2523 2954 2578 τὰ
2985 2524 3108 2599 περὶ
3158 2525 3224 2578 τὸ
3281 2529 3441 2598 σῶμα
3497 2528 3736 2599 θεμένη,

2075 2609 2252 2665 ὀπίσω
2307 2618 2406 2680 τῆς
2465 2613 2804 2687 ὡραιότητος
2863 2617 2960 2667 τοῦ
3019 2617 3255 2688 Χριστοῦ
3309 2611 3531 2688 γίνεται,
3582 2615 3742 2688 αὖτῷ

2070 2697 2550 2755 κατακολουθοῦσα
2605 2701 2738 2774 μετᾶ
2793 2705 2900 2756 τῶν
2972 2699 3143 2775 ἔργων
3220 2709 3322 2772 τῆς
3395 2705 3745 2776 σεμνότητος

2072 2787 2162 2844 καὶ
2231 2796 2332 2858 τῆς
2405 2790 2542 2844 κατὰ
2620 2787 2862 2844 διάνοιαν
2945 2791 3184 2866 ἁγνείας,
3243 2791 3333 2845 καὶ
3389 2792 3742 2865 ψάλλουσα·

2078 2902 2104 2930 α
2139 2879 2633 2954 Ἀπενεχθήσονται
2680 2883 2760 2951 τῷ
2823 2880 3040 2954 βασιλεῖ
3086 2880 3342 2956 παρθένοι
3403 2879 3578 2937 ὀπίσω
3643 2883 3745 2938 αύ-

2072 2987 2169 3021 του
2195 2986 2207 2999 '
2244 2991 2271 3019 »
2303 2967 2534 3042 Χριστὸν
2569 2967 2972 3044 φανταζομένη,
3003 2971 3094 3023 καὶ
3139 2975 3459 3045 προορῶσα,
3490 2971 3584 3026 καὶ
3639 2973 3746 3027 λέ-

311 3066 542 3122 Christo
601 3062 984 3135 conjungitur
1035 3077 1138 3134 per
1193 3060 1538 3115 charitatem
1593 3064 1649 3116 et
1707 3059 1962 3115 clamat:

2080 3073 2292 3128 γουσα’
2330 3053 2754 3129 «Ηροωρώμην
2782 3055 2874 3110 τὸν
2935 3055 3133 3133 Κύριον
3195 3055 3424 3112 ἐνώπιόν
3481 3080 3588 3130 μου
3653 3057 3747 3115 διὰ

2228 3143 2241 3159 ς
2339 3144 2362 3159 ,ν
2471 3142 2484 3159 .
2579 3141 2603 3159 «ι
2640 3144 2659 3159 .
2695 3148 2721 3158 ..
2905 3145 2918 3159 ,
2978 3144 2990 3159 .
3279 3151 3328 3159 --
3465 3152 3492 3159 _

319 3175 343 3204 ι
377 3154 646 3220 Domine,
677 3168 852 3208 omne
882 3149 1242 3208 desiderium
1279 3166 1477 3205 meum
1503 3153 1592 3205 est
1614 3154 1748 3205 ante
1780 3156 1836 3206 te
1866 3152 1963 3204 ³⁷.»

314 3244 616 3300 Christum
657 3258 890 3312 semper
934 3239 1188 3295 intendit
1236 3238 1523 3294 dicendo:
1558 3259 1585 3289 ι(
1634 3238 1798 3294 Oculi
1855 3239 1969 3294 mei

314 3347 548 3402 semper
577 3331 648 3384 ad
697 3329 1016 3385 Dominum
1045 3329 1110 3382 1³.
1144 3349 1172 3378 »
1226 3327 1334 3382 Per
1387 3343 1595 3399 puram
1645 3328 1968 3384 orationem

315 3435 448 3476 cum
497 3417 732 3473 Christo
789 3416 1070 3486 loquitur,
1130 3414 1452 3470 delectalur
1509 3419 1566 3470 et
1621 3413 1969 3473 laetificando

311 3509 505 3566 canit:
536 3527 559 3558 ι
585 3506 1122 3576 Quamjucundum
1141 3504 1249 3576 ipsi
1269 3503 1569 3576 eloquium
1594 3521 1790 3560 meum
1814 3505 1842 3560 ?
1863 3522 1968 3578 ego

310 3602 507 3657 autem
549 3596 810 3669 gaudebo
862 3595 921 3649 in
954 3594 1202 3649 Domino
1226 3594 1284 3648 ¹⁰.
1323 3615 1349 3644 ››
1385 3593 1490 3660 Qui
1541 3593 1821 3650 orationis
1851 3595 1936 3650 col

313 3687 582 3760 loquium
615 3684 825 3756 recipit
851 3689 1021 3739 Deus.
1057 3687 1307 3750 amatur,
1343 3681 1649 3738 invocatur
1686 3687 1741 3738 et
1771 3682 1828 3738 in
1864 3685 1966 3738 ad-

301 3777 591 3847 jutorium
623 3773 946 3846 requiritur
971 3793 984 3832 :
1009 3773 1348 3844 deprecanti
1374 3772 1585 3827 anima;
1612 3772 1965 3829 ineﬂ‘abilem

311 3867 562 3939 gratiam
595 3863 884 3920 concedit.
920 3863 1026 3918 Per
1055 3862 1334 3917 orationis
1367 3861 1724 3933 colloquium
1752 3862 1846 3918 Dei
1880 3879 1967 3919 re-

315 3957 593 4012 cordatur
623 3954 821 4010 anima
853 3956 910 4008 et
959 3951 1346 4008 delectionem
1402 3951 1577 4007 habet
1625 3952 1964 4020 aDomino;

317 4067 342 4098 «
376 4045 478 4102 Dei
509 4043 848 4101 recordatus
879 4059 1015 4099 sum
1045 4045 1103 4097 et
1131 4041 1346 4114 gaudio
1397 4057 1530 4098 sum
1564 4041 1839 4114 perfusus
1860 4043 1963 4096 ³ο.»

382 4487 438 4540 2.
468 4483 617 4540 Cave
647 4501 682 4540 ιι
712 4483 988 4540 sensibus
1019 4486 1077 4538 et
1122 4498 1315 4538 rerum
1365 4481 1726 4537 sensibilium
1746 4483 1963 4553 jucun-

311 4574 552 4630 ditatem
585 4575 896 4629 innocuam
923 4571 1359 4645 posuisti.Cave
1390 4589 1422 4626 a
1443 4572 1965 4642 jucundisintelli-

311 4662 518 4734 gentia;
577 4660 928 4732 phantasiis,
961 4665 1018 4715 et
1069 4661 1383 4714 innocuum
1427 4659 1669 4715 effecisti
1699 4660 1962 4726 idearum

310 4749 746 4806 advenientium
766 4749 1244 4804 obstinationem.
1268 4748 1374 4812 Qui
1396 4753 1528 4819 post
1552 4743 1967 4821 phantasmata

312 4857 429 4894 non
461 4840 606 4894 abiit
637 4855 743 4894 nec
775 4838 873 4894 illa
899 4844 1093 4910 captat
1124 4838 1360 4909 spiritu,
1395 4854 1508 4894 non
1550 4839 1715 4895 vanis
1746 4840 1964 4912 cogitu-

312 4931 542 4984 tionum
575 4929 882 4985 desideriis
915 4928 1271 4983 informatur
1301 4928 1400 4982 sed
1442 4929 1501 4983 in
1535 4930 1693 4984 omni
1735 4930 1964 5002 simpli-

313 5020 488 5075 citate
545 5035 607 5074 se
664 5019 858 5091 signat
890 5023 946 5074 et
1012 5019 1228 5084 munit,
1287 5035 1466 5089 super
1511 5035 1603 5073 res
1655 5020 1962 5075 sensibiles

310 5108 529 5165 incedit
560 5113 737 5180 atque
766 5108 1054 5169 fictiones.
1087 5108 1159 5162 ad
1211 5107 1392 5162 Deum
1439 5108 1677 5163 ascendi
1725 5127 1825 5180 per
1873 5110 1961 5164 in-

309 5198 714 5270 telligentiam,
751 5213 857 5252 nec
888 5197 1028 5268 quid
1065 5196 1223 5251 aliud
1259 5197 1479 5266 profert
1520 5213 1693 5266 quam
1726 5197 1827 5252 Dei
1859 5215 1965 5253 no-

307 5287 622 5354 men,sicut
648 5286 976 5342 infantulus
1001 5291 1226 5358 patrem
1250 5301 1424 5340 suum
1449 5285 1712 5356 repetitis
1733 5287 1965 5342 invocat

302 5376 572 5432 vicibus:
614 5395 635 5424 ι
672 5375 972 5431 Invocabis
1013 5391 1104 5430 me
1140 5374 1379 5428 nomine
1412 5389 1561 5445 meo,
1596 5379 1652 5430 et
1677 5375 1962 5432 Dominus

375 5531 419 5566 1⁵
450 5528 603 5585 Psal.
663 5545 812 5594 κων,

300 5600 322 5634 °
361 5601 510 5656 Psal.
547 5617 733 5668 LXXXI,
763 5601 856 5656 20.

2080 3143 2301 3212 παντὸς,
2334 3144 2417 3197 δτι
2468 3142 2528 3198 ἐκ
2576 3141 2764 3214 δεξιῶν
2817 3145 2922 3218 μού
2973 3144 3112 3200 ἐστιν
3150 3165 3162 3179 ·
3199 3169 3226 3199 n
3279 3151 3507 3223 Χριστῷ
3559 3169 3747 3222 προσ-

2077 3229 2408 3306 κολλωμὲνη
2447 3230 2538 3287 διὰ
2567 3239 2666 3302 τῆς
2724 3232 2957 3308 ἀγάπης,
2990 3233 3082 3290 καί
3123 3233 3395 3311 κράζουσα
3431 3257 3445 3269 ο
3479 3261 3508 3288 ‹‹
3542 3237 3748 3310 Κύριε,

2079 3319 2312 3376 ἐναντίον
2369 3342 2465 3376 σου
2512 3327 2655 3376 πᾶσα
2704 3325 2740 3393 ἡ
2792 3322 3051 3396 ἐπιθυμία
3107 3344 3214 3397 μου
3249 3342 3262 3356 ·
3304 3348 3331 3376 ››
3363 3329 3588 3399 Χριστῷ
3653 3324 3750 3381 διὰ

2077 3412 2279 3473 παντὸς
2310 3409 2708 3482 ἐνατενίζουσα,
2738 3412 2828 3466 xui
2864 3413 3048 3488 βοῶσα
3075 3432 3089 3446 °
3121 3438 3150 3465 «
3182 3414 3250 3471 Οἱ
3296 3413 3579 3492 ὀφθαλμοί
3635 3437 3748 3489 μου

2080 3497 2171 3554 διὰ
2193 3499 2392 3562 παντὸς
2444 3501 2581 3576 πρὸς
2630 3501 2721 3555 τὸν
2768 3501 2975 3577 Κύριον
3012 3519 3025 3533 ⁶
3063 3521 3078 3559 :
3112 3503 3332 3576 Χριστῷ
3365 3500 3746 3578 διαλεγομένη

2079 3587 2168 3645 διὰ
2211 3597 2310 3660 τῆς
2361 3593 2596 3665 καθαρᾶς
2655 3599 2991 3668 προσευχῆς,
3039 3593 3130 3647 καὶ
3187 3591 3458 3663 ἡδύνουσα
3508 3595 3747 3672 εὐφραιο

2077 3680 2282 3752 νομὲνη
2321 3699 2332 3711 ·
2359 3705 2385 3731 ‹‹
2415 3679 2701 3750 Ἠουνθείη
2753 3679 2900 3753 αύτῷ
2950 3683 2984 3751 ἡ
3020 3678 3254 3757 διαλογή
3317 3703 3442 3755 μου.
3478 3684 3621 3757 Ἐγὼ
3690 3683 3750 3740 δὲ

2077 3769 2520 3842 εὐφρανθήσομαι
2552 3767 2640 3823 ἐπὶ
2670 3773 2750 3841 τῷ
2780 3768 2981 3845 Κυρίῳ.
3015 3794 3042 3822 )›
3079 3769 3527 3846 Ἀποδεχόμενος
3568 3774 3684 3848 γὰρ
3719 3776 3748 3829 ὁ

2077 3858 2206 3920 Θεὸς
2247 3859 2346 3926 τήν
2398 3859 2456 3912 ἐκ
2501 3865 2601 3928 τῆς
2633 3859 2809 3934 εὐχῆς
2843 3856 3127 3936 διαλογὴν,
3159 3861 3250 3915 xui
3297 3861 3370 3924 ὡς
3431 3862 3745 3936 ἀγαπώμε-

2073 3968 2189 4014 νος,
2219 3946 2308 4001 καὶ
2341 3946 2414 4009 ὠς
2448 3947 2874 4021 ὀνομαζόμενος,
2903 3948 2994 4003 καὶ
3044 3949 3120 4011 ὡς
3172 3949 3609 4023 ἐπιζητούμενος
3663 3952 3744 4014 εἷς

2079 4036 2358 4112 βοήθειαν,
2387 4036 2487 4103 τὴν
2521 4035 2755 4112 ἅρῥητον
2787 4039 2855 4110 τῇ
2891 4033 3122 4112 δεομένῃ
3156 4037 3310 4112 ψυχῇ
3340 4039 3516 4113 χαρὰν
3565 4043 3746 4117 χαρί,

2080 4129 2247 4194 ζεται.
2305 4123 2740 4198 Μνημονεύουσα
2788 4125 2891 4202 γὰρ
2940 4129 3074 4181 Θεοῦ
3132 4123 3222 4181 διὰ
3277 4133 3377 4197 τῆς
3433 4129 3576 4183 κατὰ
3632 4132 3739 4200 τήν

2072 4213 2387 4291 προσευχὴν
2453 4209 2742 4290 διαλογῆς,
2801 4216 3249 4292 κατευφραίνεται
3304 4217 3407 4272 ὑπὸ
3465 4217 3679 4294 Κυρίου
3727 4239 3743 4254 ’

2073 4327 2104 4358 ‹‹
2153 4304 2464 4376 Ἐμνήσθην
2531 4303 2657 4381 γὰρ,
2719 4305 2874 4383 φησὶ,
2930 4309 3029 4359 τοῦ
3110 4309 3267 4376 Θεοῦ,
3324 4305 3416 4361 καὶ
3504 4307 3746 4386 εὐφράν-

1998 4438 2043 4502 D
2075 4406 2197 4466 θην.
2229 4417 2257 4447 ››

2150 4485 2214 4559 β’.
2245 4489 2419 4562 Φεῦγε
2463 4485 2558 4547 τὰς
2619 4484 2920 4555 αἰσθήσεις,
2977 4485 3067 4541 καὶ
3119 4482 3370 4562 ἤργησας
3443 4489 3542 4559 τήν
3625 4495 3740 4545 τῶν

2075 4575 2348 4647 αἰσθητῶν
2380 4574 2608 4647 ἡδονήν.
2643 4580 2816 4650 Φεῦγε
2844 4597 2933 4632 και
2973 4577 3070 4639 τὰς
3116 4579 3254 4632 κατὰ
3297 4575 3538 4634 διόίνοιαν
3597 4603 3742 4656 φαν-

2072 4664 2260 4727 τασίας
2289 4669 2396 4719 τῶν
2429 4661 2629 4736 ἡδέων,
2660 4663 2748 4717 xui
2777 4660 3026 4738 ἤργησας
3073 4665 3170 4732 τὴν
3228 4663 3563 4735 ἡδυπάθειαν
3623 4675 3741 4724 τῶν

2076 4752 2386 4827 λογισμῶν.
2415 4750 2776 4829 ’Λιράνταστος
2808 4748 2864 4805 δὲ
2901 4752 3071 4824 μενων
3107 4752 3133 4805 ὁ
3175 4755 3324 4821 νοῦς,
3358 4752 3433 4815 ὡς
3496 4756 3573 4826 μή
3641 4779 3743 4812 κα-

2071 4841 2463 4917 ταδεχόμενος,
2501 4843 2639 4914 μήτε
2672 4841 2775 4895 ὑπὸ
2801 4845 2909 4894 τῶν
2941 4841 3060 4895 καθ’
3081 4837 3286 4911 ἡδονὴν
3311 4843 3556 4918 τρόπων,
3593 4850 3745 4919 μήτε

2079 4932 2182 4986 ὑπὸ
2211 4936 2318 4986 τῶν
2347 4932 2464 4985 κατ’
2495 4929 2782 5002 ἐπιθυμίαν
2837 4927 3123 5004 λογισμῶν
3173 4932 3470 4986 τυποῦσθαί
3527 4955 3587 4988 τε
3644 4936 3743 4989 καὶ

2076 5019 2458 5098 σφραγίζεσθαι
2517 5017 2571 5074 ἐν
2633 5018 2902 5088 ἁπλότητι
2957 5020 3253 5094 εὑρίσκεται
3289 5038 3301 5052 ⁶
3335 5020 3426 5074 xui
3481 5023 3743 5097 ὑπεράνω

2075 5112 2284 5164 πάντων
2316 5114 2423 5164 τῶν
2456 5109 2730 5179 αἰσθητῶν
2763 5107 2852 5162 xui
2882 5112 2989 5162 τῶν
3038 5113 3251 5177 νοητῶν
3303 5109 3620 5184 γενόμενος,
3658 5109 3746 5176 εἷς¹

2073 5201 2200 5256 Θεὸν
2241 5202 2339 5270 τὴν
2402 5196 2609 5255 ἔννοιαν
2667 5193 3006 5269 ἀναϐιϐάζει,
3054 5197 3223 5272 μηδὲν
3274 5197 3481 5276 ἕτερον,
3510 5203 3594 5258 ὅτι
3653 5208 3738 5278 μή

2069 5290 2131 5344 τὸ
2188 5285 2366 5363 ὄνομα
2421 5287 2626 5363 Κυρίου
2685 5284 2776 5342 διὰ
2805 5294 2904 5357 τῆς
2935 5291 3198 5362 συνεχοῦς
3234 5290 3462 5362 μνήμης
3523 5293 3740 5368 βαθέως

2077 5381 2407 5454 ὑποφωνῶν,
2440 5377 2514 5440 ὡς
2577 5376 2774 5455 βρέφος
2813 5377 2906 5432 τὸν
2960 5376 3166 5450 πατέρα
3215 5377 3400 5440 αὐτοῦ,
3435 5405 3464 5432 ‹‹
3497 5380 3736 5439 Καλέσω

897 5530 964 5584 15
1022 5530 1064 5564 ¹⁶
1140 5529 1294 5586 Psal.
1356 5546 1449 5597 xv,
1527 5531 1583 5586 8.
1620 5533 1660 5568 ¹⁷
1741 5532 1894 5592 Psal.
1949 5551 1964 5591 ι

2077 5551 2163 5603 vn,
2226 5534 2310 5590 10.
2406 5534 2450 5571 1⁸
2518 5535 2670 5593 Psal.
2739 5552 2894 5604 xxxv,
2970 5535 3056 5592 45.
3119 5537 3163 5573 ¹⁹
3242 5537 3394 5596 Psal.
3453 5556 3572 5612 cm,
3625 5541 3730 5599 54.
