3944 6202
294 204 386 258 401

1199 209 1295 262 DE
1332 207 1783 263 ABSCONDITA
1818 206 2280 261 OPRRATIONE
2321 208 2393 262 ΙΝ
2430 206 2755 263 CHRISTO.

3578 211 3683 267 402

286 327 404 402 γὰρ,
438 325 591 404 φησὶ,
621 330 698 399 τῷ
746 325 975 402 ὀνόματί
1038 349 1167 403 μου,
1198 330 1398 406 Κύριον
1449 330 1681 386 ἐναντίον
1730 351 1844 387 σου.
1891 353 1919 380 ››
1951 332 2006 399 Α

2081 335 2169 387 nte
2214 336 2271 387 te
2316 331 2384 387 ²¹.
2416 356 2438 384 ι
2478 333 2981 398 Quemadmodum
3036 335 3318 405 Adamus,
3369 353 3545 393 manu
3577 338 3679 394 Dei

289 418 588 491 Καίὥσπερ
630 417 657 471 6
689 414 868 490 Ἀδὰμ
925 417 1073 494 χειρί
1130 425 1262 473 Θεοῦ
1313 420 1573 484 πλασθεὶς
1634 420 1740 475 ἀπὸ
1789 421 1926 495 χοὸς

287 506 490 581 γέγονεν
554 506 626 567 εἷς
696 508 880 580 ψυχὴν
940 512 1113 577 ζῶσαν
1153 508 1203 563 ἐν
1264 512 1541 585 φυσήματι
1602 509 1749 582 θείῳ,
1782 507 1925 564 οὕτω

286 595 364 649 καὶ
396 596 423 648 6
454 598 581 656 νοῦς
626 601 745 658 ταῖς
809 595 1024 670 ἀρεταῖς
1080 595 1452 669 διαπλασθεῖς,
1484 602 1661 673 πυκνῇ
1695 597 1924 669 ἐπικλή-

288 707 356 741 σει
384 685 578 761 Κύριον
622 687 681 742 ἐκ
736 694 975 764 καθαρᾶς
1036 686 1296 758 διανοίας,
1326 690 1418 744 καὶ
1478 691 1687 765 θερμῆς
1746 688 1924 744 διαθέ-

288 797 407 837 σιως
466 774 812 849 ὑπᾳδομένη,
852 779 954 847 τήν
1011 776 1154 833 Θείαν
1214 778 1515 835 ἀλλοίωσιν
1575 778 1921 841 ἀλλοιοῦται,

289 865 718 939 ζωογονούμενος
744 867 834 922 καὶ
868 868 1295 941 θεοποιοόμενος
1330 868 1391 924 ἐκ
1417 873 1515 925 τοῦ
1544 869 1802 944 γνώσκειν
1834 868 1923 924 καὶ

289 956 477 1031 ἀγαπᾷν
500 957 594 1010 τὸν
628 955 781 1014 Θεόν.

344 1050 387 1119 γ’
463 1046 589 1101 Ἐάν
654 1045 846 1120 ἐκστῇς
903 1053 1004 1117 τῆς
1062 1052 1171 1103 τῶν
1224 1046 1433 1124 γηΐνων
1505 1048 1797 1122 ἐπιθυμίας
1851 1052 1920 1121 τῇ

282 1139 482 1209 συνεχεῖ
502 1135 594 1189 καὶ
630 1133 919 1211 εῗλικρινεῖ
942 1141 1253 1212 προσευχῇ,
1282 1138 1373 1192 καὶ
1434 1138 1551 1193 ἀντὶ
1611 1138 1782 1193 ὕπνου
1830 1159 1923 1192 κα-

279 1224 540 1299 ταπαύσῃς
603 1226 711 1281 ἀπὸ
769 1228 948 1298 πάσης
1009 1228 1216 1290 ἐννοίας
1270 1236 1371 1298 τῆς
1434 1228 1569 1301 μετά
1618 1229 1772 1296 Θεὸν,
1829 1228 1919 1282 καὶ

280 1317 568 1390 πηριχθῇς
604 1313 812 1378 ὀλικῶς
873 1316 951 1379 εἷς
1012 1318 1185 1391 μόνην
1216 1319 1316 1387 τήν
1349 1319 1445 1372 τοῦ
1476 1322 1610 1373 Θεοῦ
1668 1319 1916 1391 μνήμην,

278 1402 834 1477 ἇνοικοδομηθήσεται
866 1405 918 1461 ἐν
972 1406 1055 1461 σοὶ
1109 1409 1346 1482 καθάπερ
1408 1406 1554 1477 ἄλλη
1619 1407 1823 1483 βοηθὸς
1880 1408 1915 1475 ἡ

278 1500 361 1549 τοῦ
416 1500 546 1551 Θεοῦ
596 1496 809 1571 ἀγάπη.
840 1498 905 1555 Ἡ
963 1498 1067 1573 γὰρ
1126 1498 1185 1553 ἐκ
1230 1506 1546 1575 προσευχῆς
1577 1500 1712 1553 κατὰ
1745 1496 1918 1553 διάθε-

274 1606 345 1639 σιν
407 1586 507 1660 βοὴ
566 1587 673 1654 τὴν
732 1586 877 1650 θείαν
934 1586 1144 1663 ἀγάπην
1206 1585 1519 1657 ἀναδίδωςι,
1568 1588 1659 1643 καὶ
1717 1591 1752 1658 ἡ
1803 1588 1916 1643 θεία

2038 426 2289 489 creatus,
2339 425 2396 477 et
2444 438 2477 477 a
2524 428 2677 477 terra
2718 421 2952 478 transiit
2991 423 3048 478 in
3101 426 3359 481 animam
3390 428 3678 483 viventem

2039 510 2149 565 sub
2180 510 2386 565 afﬂatu
2418 510 2633 578 divino,
2681 511 2765 566 sic
2814 516 2872 567 et
2913 502 3179 582 spiritus,
3226 516 3324 585 qui
3358 515 3677 572 virtutibus

2035 599 2751 671 informatur,frequenter
2784 602 2964 656 Deum
2996 602 3228 657 invocat
3286 621 3433 675 pura
3483 610 3678 661 mente

2036 694 2092 745 et
2121 691 2341 745 fervore
2373 706 2607 761 magno,
2642 706 2745 761 per
2766 690 3021 747 divinam
3046 693 3440 764 operationem
3465 694 3676 749 immu-

2034 782 2213 847 tatur,
2244 778 2573 835 vivificatur
2598 782 2655 833 et
2680 780 3009 850 deificatur,
3043 782 3197 853 quod
3238 782 3419 838 Deum
3472 786 3678 838 noscat

2034 873 2091 924 et
2124 873 2298 925 amet.

2101 1050 2154 1105 3.
2206 1047 2263 1102 Si
2312 1048 2599 1104 continuae
2644 1054 2701 1104 et
2751 1066 2909 1121 purae
2958 1050 3206 1106 orationi
3253 1050 3563 1117 institeris,
3615 1056 3672 1109 et

2031 1137 2357 1209 appetitum
2390 1154 2588 1193 rerum
2620 1142 2986 1195 terrenarum
3016 1139 3297 1212 abjeceris
3313 1146 3369 1197 et
3390 1158 3490 1213 per
3511 1158 3670 1198 som-

2030 1243 2173 1282 num
2205 1228 2401 1299 ipsum
2443 1244 2648 1283 omnes
2680 1230 3069 1301 cogitationes
3117 1235 3253 1286 tuas
3296 1231 3545 1287 erexeris
3595 1232 3669 1286 ad

2028 1316 2235 1380 Deum,
2273 1316 2323 1371 si
2354 1320 2515 1372 totus
2546 1317 2605 1371 in
2639 1318 2763 1373 sola
2811 1317 2912 1373 Dei
2953 1319 3354 1376 recordatione
3401 1321 3671 1375 ﬁrmatus

2029 1405 2231 1473 fueris,
2266 1422 2430 1461 amor
2457 1406 2551 1461 Dei
2584 1423 2684 1461 ceu
2718 1424 2905 1463 novus
2937 1407 3251 1464 auxiliator
3280 1408 3338 1463 in
3398 1414 3455 1464 te
3504 1408 3673 1463 babi-

2024 1494 2188 1549 tabit.
2227 1495 2390 1561 Quod
2426 1511 2529 1566 per
2558 1495 2825 1551 habitum
2858 1498 3143 1552 orationis
3174 1498 3281 1552 tibi
3314 1499 3467 1553 inest
3498 1497 3671 1568 adju-

2023 1582 2264 1651 torium,
2296 1583 2552 1638 divinam
2579 1585 2850 1655 producit
2880 1586 3251 1655 cbaritatem,
3272 1586 3528 1642 charitas
3567 1603 3670 1641 au-

273 1671 437 1747 ἀγάπη
508 1672 780 1743 διϋπνίζει
836 1675 930 1729 τὸν
991 1680 1138 1741 νοῦν,
1188 1677 1328 1752 πρὸς
1413 1676 1713 1755 φανὲρωσιν
1803 1681 1989 1767 τῶνΒ

2084 1687 2139 1725 m
2187 1670 2425 1743 evigilat
2472 1676 2530 1725 el:
2596 1671 2810 1726 excitat
2864 1673 3140 1744 spiritum
3202 1678 3267 1728 ut
3325 1673 3671 1729 abscondita

274 1763 610 1839 ἀποκρόφων.
644 1763 785 1821 Τότε
843 1764 871 1818 6
921 1769 1067 1831 νοῦς,
1128 1769 1195 1838 τῇ
1254 1764 1436 1841 ἀγάπῃ
1498 1767 1910 1840 ωναρμοσθεῖς,

269 1854 355 1921 τήν
402 1852 591 1929 σοφίαν
638 1857 964 1927 καρποῦται,
996 1854 1082 1908 καὶ
1136 1850 1225 1908 διὰ
1256 1858 1356 1919 τῆς
1387 1854 1580 1930 σοφίας
1626 1859 1694 1911 τὰ
1751 1855 1917 1932 ἀπόρ-

271 1941 395 2017 ρητα
420 1940 814 2017 καταγγέλλει.
845 1945 904 2000 Ὁ
934 1941 1034 2018 γὰρ
1094 1943 1223 2005 Θεὸς
1268 1943 1465 2019 Λόγος,
1501 1941 1589 1999 διὰ
1629 1951 1729 2013 τῆς
1779 1944 1915 2000 κατὰ

267 2032 354 2099 τήν
405 2032 728 2107 προσευχὴν
783 2032 918 2107 βοῆς
975 2034 1113 2086 κατὰ
1171 2030 1405 2088 διάθεσιν
1470 2033 1910 2107 ὀνομαζόμενος,

268 2116 651 2192 λαμϐάνειτηῖψ
701 2124 800 2175 τοῦ
847 2124 942 2175 νοῦ
972 2123 1180 2191 νοήσιν,
1212 2124 1451 2198 καθάπερ
1512 2121 1751 2199 πλευράν
1808 2124 1908 2192 τήν

265 2213 445 2285 γνῶσιν
506 2211 823 2284 χαρίζεται,
875 2209 965 2264 καὶ
1021 2211 1133 2265 ἀντ’
1194 2209 1360 2280 αὐτῆς
1420 2210 1754 2283 ἀναπληρῶν
1811 2214 1911 2282 τὴν

265 2299 452 2372 ἀγαθὴν
481 2296 750 2364 διάθεσιν,
782 2296 1037 2374 δωρεῖται
1067 2301 1169 2369 τήν
1219 2301 1440 2375 ἀρετὴν,
1475 2298 1763 2374 οἰκοδομεῖ
1808 2302 1906 2370 τὴν

268 2388 556 2464 φωτοποιὸν
624 2388 836 2463 ἀγάπην
891 2389 981 2443 καὶ
1044 2390 1159 2465 ἄγει
1220 2389 1365 2463 παρὰ
1437 2390 1529 2444 τὸν
1585 2389 1909 2460 ἐξεστηκότα

265 2481 396 2545 νοῦν,
446 2477 535 2532 καὶ
604 2477 893 2545 ὁπνοῦντα,
949 2476 1040 2532 καὶ
1100 2478 1513 2552 ἀναπαυόμενον
1565 2478 1671 2534 ἀπὸ
1728 2480 1906 2551 πάσης

266 2563 442 2640 γηΐνης
499 2566 909 2639 ἐπιθυμίας.Ἡ
967 2564 1024 2621 δὲ
1078 2567 1257 2642 ἀγάπη
1316 2566 1462 2638 ἄλλη
1519 2568 1719 2643 βοηθὸς
1770 2570 1910 2645 εὑρί-

267 2675 426 2710 σκεται
449 2660 547 2710 τοῦ
580 2656 1030 2718 καταπαύσαντος
1073 2660 1191 2729 νοῦ,
1224 2657 1330 2711 ἀπὸ
1380 2660 1480 2722 τῆς
1539 2655 1742 2732 ἀλόγου
1797 2662 1904 2713 τῶν

266 2745 513 2815 αἰσθητῶν
549 2745 1137 2821 προσπαθείας.“0οεν
1189 2746 1277 2800 καὶ
1331 2743 1593 2815 διϋπνίζει
1641 2746 1733 2800 τὸν
1781 2751 1906 2801 νοῦν

264 2835 328 2895 ὡς
380 2835 618 2906 καθαρὸν
679 2833 756 2898 εἰς
814 2835 884 2888 τὰ
927 2837 1028 2903 τῆς
1089 2835 1281 2913 σοφίας
1315 2834 1556 2912 ῥήματα.
1589 2836 1721 2891 Τότε
1769 2836 1907 2912 πρὸς

260 2922 410 2992 αὐτὴν
468 2924 620 2998 ὀρῶν
653 2926 681 2980 6
712 2928 857 2992 νοῦς,
889 2923 980 2978 καὶ
1027 2921 1491 2997 καθηδυνόμενος,
1526 2926 1622 2988 τὰς
1667 2926 1909 3000 κρυπτὰς

257 3016 350 3066 τῶν
400 3011 609 3089 ἀρετῶν
669 3010 953 3082 διαθέσεις,
1011 3012 1101 3067 καὶ
1153 3015 1249 3077 τὰς
1305 3012 1562 3077 ἀθεάτους
1638 3012 1904 3088 ἐνεργείας

256 3108 341 3169 τῆς
383 3102 662 3176 γνώσεως,
694 3108 812 3166 τοῖς
864 3100 1061 3167 ἄλλοις
1119 3099 1460 3177 δημοσιεύει,
1486 3100 1577 3158 διὰ
1631 3111 1730 3173 τῆς
1788 3109 1897 3160 τῶν

256 3187 421 3266 λόγων
454 3191 730 3254 ἐκτάσεως
742 3235 755 3249 .

316 3277 374 3336 δ’.
404 3282 671 3351 Ἕκστηθι
730 3279 945 3335 πάντων
1001 3300 1109 3335 των
1162 3281 1280 3335 κατ’
1336 3278 1604 3352 α’ίσθησιν,
1648 3281 1738 3336 καὶ
1794 3303 1896 3337 κα-

253 3368 430 3425 τάλιπε
479 3370 578 3425 τὸν
635 3376 734 3439 τῆς
789 3369 987 3443 σαρκὸς
1043 3368 1215 3442 νόμον
1250 3388 1263 3402 ⁸
1302 3371 1391 3425 καὶ
1450 3371 1479 3425 6
1528 3374 1895 3443 πνευματικὸς

254 3457 410 3529 νόμος
435 3460 780 3537 γραφήσεται
823 3461 893 3532 τῇ
953 3462 1022 3532 σῇ
1083 3456 1312 3530 διανοίᾳ.
1346 3459 1404 3513 Ὠ
1490 3460 1592 3534 γὰρ
1650 3461 1677 3515 ὁ
1734 3461 1897 3515 πνεύ-

261 3567 373 3616 ματι
424 3552 769 3623 περιπατῶ),
825 3546 1113 3620 ἐπιθυμίαν
1174 3549 1369 3624 σαρκὸς
1423 3547 1485 3603 οὗ
1540 3546 1711 3618 τελεῖ,
1761 3550 1897 3605 κατὰ

254 3637 729 3708 τὸνἈπόστοΑον,
763 3636 906 3692 οὕτω
954 3638 1041 3692 καὶ
1104 3639 1131 3692 6
1188 3637 1531 3711 ἐξιστάμενος
1590 3637 1892 3710 αἰσθήσεων

251 3725 329 3777 καὶ
382 3728 689 3798 αἴσθητῶν,
747 3728 944 3802 σαρκὸς
1002 3722 1217 3794 δηλαδὴ
1278 3727 1367 3780 καὶ
1426 3728 1658 3801 κόσμου,
1700 3728 1774 3789 εἷς
1830 3730 1892 3784 τὸ

251 3818 444 3886 πνεῦμα
489 3820 838 3890 περιπατεῖν,
882 3814 973 3869 καὶ
1030 3814 1097 3869 τὰ
1153 3818 1249 3869 τοῦ
1306 3814 1617 3887 πνεύματος
1674 3822 1887 3893 φρονεῖν

252 3900 476 3977 ἔρχεται.
510 3907 617 3962 Καὶ
650 3910 808 3961 τοῦτε
838 3901 1154 3979 διδάχθητι,
1186 3903 1238 3974 ἐξ
1268 3906 1341 3959 ὧν
1397 3906 1425 3959 ὁ
1483 3906 1609 3968 Θεὸς
1668 3905 1745 3970 εἰς
1797 3907 1888 3962 τὸν

248 3990 414 4066 Ἀδάμ
442 3996 550 4066 πρὸ
584 4001 687 4064 τῆς
716 3997 1001 4068 παρακοῆς
1032 3995 1443 4069 κατειργάσατο.

311 4088 363 4138 ε’.
396 4084 501 4139 Τὸν
536 4082 666 4158 περὶ
703 4084 802 4152 τὴν
828 4082 1076 4157 φυλακην
1126 4087 1233 4137 τῶν
1286 4081 1519 4137 ἐντολῶν
1567 4081 1887 4159 διαγωνιζό-

253 4190 418 4241 μενον,
450 4171 541 4226 καὶ
577 4171 628 4225 ἐν
653 4176 735 4243 τῷ
774 4167 1088 4246 παραδείσῳ
1143 4178 1243 4241 τῆς
1297 4180 1612 4249 προσευχῆς
1663 4171 1885 4249 διακαρ-

245 4264 505 4332 τεροῦντα,
540 4261 635 4315 καὶ
666 4265 747 4332 τῷ
779 4265 895 4331 Θεῷ
942 4256 1379 4333 προσεδρεύοντα
1439 4258 1527 4316 διὰ
1581 4269 1681 4333 τῆς
1738 4284 1887 4319 συνε-

246 4352 367 4421 χοῦς
396 4352 647 4424 μνήμης,
686 4350 713 4403 6
745 4348 875 4411 Θεὸς
907 4348 1085 4420 ἐξιστᾷ
1114 4350 1219 4404 ἀπὸ
1247 4354 1354 4405 τῶν
1394 4357 1493 4421 τῆς
1551 4353 1748 4427 σαρκὸς
1795 4375 1883 4430 φι-

2021 1760 2378 1818 manifestet.
2411 1760 2518 1824 Qui
2551 1760 2821 1817 charitati
2850 1764 3232 1834 conjungitur
3274 1763 3537 1834 spiritus,
3562 1763 3668 1817 ob-

2018 1848 2165 1905 tinet
2220 1850 2572 1921 sapientiam
2628 1854 2687 1905 et
2753 1867 2856 1922 per
2929 1850 3274 1922 sapientiam
3348 1851 3667 1906 ineffabilia

2017 1943 2275 1994 enarrat.
2305 1939 2458 1995 Deus
2488 1942 2578 1994 est
2609 1939 2879 2006 Verbum,
2915 1957 3016 2012 per
3045 1941 3328 1997 orationis
3378 1940 3662 1996 auxilium

2014 2036 2069 2083 et
2100 2028 2366 2084 habitum
2387 2028 2699 2086 invocatur
2723 2054 2737 2092 ;
2760 2029 3016 2101 Spiritus
3041 2029 3396 2102 postulantis
3418 2046 3661 2086 sensum

2012 2118 2299 2190 comperit
2328 2124 2386 2174 et
2433 2118 2851 2191 cogitationem
2903 2121 3166 2175 concedit
3214 2121 3658 2180 abundantem:

2008 2208 2179 2277 juxta
2210 2208 2423 2264 bonam
2441 2210 2645 2264 anima:
2658 2207 3105 2279 dispositionem
3124 2208 3375 2281 largitur
3395 2209 3661 2279 virtutes,

2016 2296 2445 2353 illuminantem
2468 2298 2548 2353 ibi
2573 2298 2815 2354 collocat
2841 2300 3186 2355 cbaritatem
3205 2320 3219 2368 ;
3239 2299 3507 2371 spiritum
3531 2316 3663 2355 vero

2014 2386 2824 2453 aberrantem,dormitantem
2838 2388 3291 2460 etdefatigatum
3309 2389 3662 2445 abomnibus

2014 2474 2212 2531 saeculi
2243 2476 2551 2531 desideriis
2583 2476 2812 2532 liberat.
2847 2477 2954 2541 Qui
2986 2478 3058 2533 ab
3091 2478 3249 2533 omni
3275 2478 3664 2533 irrationabili

2012 2568 2069 2620 et
2098 2564 2366 2619 sensibili
2408 2567 2673 2637 appetitu
2724 2566 2875 2621 liber
2916 2571 3006 2623 est
3054 2567 3319 2639 spiritus,
3376 2584 3659 2639 magnum

2013 2655 2283 2711 charitati
2317 2660 2555 2728 praestat
2585 2656 2945 2728 adjutorium
2975 2674 2988 2711 :
3015 2674 3195 2730 purus
3218 2658 3373 2713 enim
3398 2676 3431 2713 a
3451 2675 3660 2714 somno

2013 2745 2252 2800 ducitur
2279 2757 2336 2801 et
2386 2746 2749 2802 convertitur
2806 2748 2878 2802 ad
2922 2748 3099 2803 verba
3140 2748 3463 2819 sapientiae.
3509 2753 3655 2802 Dum

2014 2834 2357 2891 cbaritatem
2394 2836 2623 2907 aspicit,
2653 2853 2931 2907 magnam
2965 2836 3208 2909 percipit
3255 2838 3611 2908 voluptatem
3641 2854 3654 2903 ;

2014 2922 2144 2979 aliis
2194 2924 2572 2979 facultatibus
2619 2924 2894 2996 explanat
2941 2926 3315 2981 absconditae
3372 2928 3656 2980 virtutum

2016 3012 2234 3070 formas
2259 3021 2314 3070 et
2342 3014 2648 3071 invisibles
2679 3015 3034 3087 cognitionis
3063 3015 3429 3087 operationes
3459 3015 3658 3071 verbo-

2011 3117 2143 3157 rum
2176 3100 2606 3173 signiﬁcatione
2635 3102 3051 3158 communicat.

2080 3280 2133 3336 4.
2178 3279 2263 3335 Ab
2317 3279 2594 3336 omnibus
2638 3281 2869 3336 abstine
2925 3280 3307 3337 sensibilibus
3358 3285 3416 3337 et
3464 3281 3652 3355 legem

2009 3366 2203 3423 carnis
2234 3366 2613 3439 derelinque:
2664 3372 2806 3424 tunc
2855 3368 2948 3424 lex
2993 3367 3249 3441 Spiritus
3296 3368 3655 3425 inscribetur

2010 3457 2167 3512 cordi
2199 3461 2321 3513 tuo.
2356 3459 2479 3523 Quo
2530 3457 2794 3513 ambulat
2840 3456 3073 3530 spiritu,
3129 3458 3421 3514 desideria
3458 3459 3653 3516 carnis

2009 3563 2124 3601 non
2158 3546 2403 3618 perficit,
2438 3546 2522 3602 uti
2543 3547 2860 3619 Apostolus
2880 3547 3060 3615 dicit;
3086 3546 3187 3619 qui
3208 3564 3421 3604 sensus
3443 3553 3498 3604 et
3518 3566 3650 3604 sen-

2009 3635 2225 3701 sibilia,
2245 3653 2479 3693 carnem
2504 3636 2774 3692 videlicet
2794 3641 2850 3692 et
2871 3638 3156 3692 mundum
3175 3638 3325 3709 fugit
3353 3638 3410 3693 in
3437 3639 3647 3710 spiritu

2008 3724 2310 3780 ambulare
2347 3724 2555 3796 incipit
2600 3729 2657 3779 et
2702 3726 3047 3792 secundum,
3098 3726 3374 3796 spiritum
3421 3742 3644 3798 sapere.

2007 3814 2167 3877 Quod
2199 3818 2257 3868 et
2284 3812 2406 3869 illis
2436 3813 2543 3868 tibi
2592 3822 2958 3886 comperlum
3008 3813 3083 3870 sit
3131 3832 3256 3887 quae
3300 3815 3456 3871 Deus
3514 3820 3648 3871 ante

2004 3901 2213 3956 Adami
2246 3900 2522 3957 delictum
2556 3904 2799 3974 peregit.

2072 4081 2126 4135 5.
2161 4081 2263 4136 Hic
2294 4082 2366 4137 de
2395 4080 2721 4137 divinorum
2749 4082 3157 4138 mandatorum
3180 4083 3446 4140 custodia
3467 4088 3651 4140 certat

2002 4168 2062 4224 in
2094 4169 2391 4241 paradiso,
2423 4169 2605 4225 instat
2648 4170 2897 4225 orationi
2945 4175 3000 4226 et
3041 4171 3286 4228 Domino
3335 4177 3490 4228 astat
3547 4190 3649 4244 per

2000 4256 2319 4313 orationem
2336 4258 2671 4326 assiduam;
2701 4276 2733 4314 a
2751 4259 2867 4314 Deo
2890 4258 3171 4316 liberatur
3190 4262 3261 4316 de
3276 4263 3648 4332 jucunditate

1999 4347 2406 4418 operationum
2440 4349 2652 4415 carnis,
2691 4348 2761 4403 de
2793 4348 3047 4405 motibus
3071 4367 3375 4422 sensuum,
3397 4352 3465 4408 de
3490 4370 3646 4408 men-

249 4434 478 4506 ληδόνων
535 4438 952 4514 ἐνεργημάτων,
1005 4437 1094 4493 καὶ
1153 4437 1259 4493 ἀπὸ
1316 4440 1532 4495 πάντων
1608 4447 1716 4497 τῶν
1769 4442 1887 4498 κατ’
1919 4418 2009 4493 Di

2107 4438 2661 4510 pbantasmatibus;
2701 4444 2973 4496 mortuus
3032 4455 3123 4497 est.
3163 4418 3539 4513 passionibus
3589 4448 3644 4499 et

248 4523 476 4598 αἶσθησιν
533 4528 877 4601 κινημάτων,
910 4527 998 4582 καὶ
1041 4527 1148 4581 ἀπὸ
1205 4527 1422 4583 πάντων
1469 4535 1577 4585 τῶν
1603 4530 1740 4586 κατά
1769 4528 1885 4586 διά·
1997 4527 2009 4581 ἱ

2081 4526 2292 4582 acebris
2323 4527 2566 4598 peccati,
2597 4528 2715 4583 imo
2746 4528 2874 4583 vitae
2911 4529 3119 4586 divinae
3151 4534 3340 4589 factus
3388 4537 3477 4589 est
3506 4550 3645 4605 par-

244 4635 379 4669 νοιαν
434 4617 767 4692 σχημάτων,
826 4616 913 4671 καὶ
975 4616 1164 4691 νεκρὸν
1220 4622 1340 4681 τοῖς
1413 4619 1604 4673 πάθεσι
1674 4620 1764 4675 καὶ
1817 4625 1885 4695 τῇ
1996 4620 2009 4669 1

2081 4632 2199 4687 cps.
2231 4616 2316 4670 Ita
2354 4621 2411 4671 et
2445 4617 2766 4684 dormiens,
2799 4622 2857 4673 et
2887 4617 2938 4673 si
2979 4618 3152 4688 vivat,
3184 4624 3415 4677 mortuo
3445 4626 3642 4677 tamen

252 4704 470 4781 ἁμαρτίᾳ
498 4707 949 4777 παρασκευάζων,
979 4712 1079 4776 τῆς
1113 4705 1258 4771 θείας
1301 4712 1447 4777 ζωῆς
1504 4707 1738 4784 μέτοχον
1792 4730 1887 4765 κα·
2000 4721 2009 4776 ]

2081 4709 2193 4761 test
2225 4704 2580 4761 assimilari:
2614 4707 2834 4762 cecedit
2864 4707 3019 4763 enim
3053 4711 3314 4781 corporis
3362 4712 3644 4783 operatio,

252 4794 503 4865 θίοτησιν,
536 4797 626 4859 Ὠς
676 4796 776 4870 γάρ
821 4796 848 4849 6
886 4796 1204 4867 ὑπνώττων,
1236 4796 1325 4850 καὶ
1380 4796 1569 4871 νεκρὸς
1625 4797 1886 4866 παρεικά-
1999 4808 2009 4845 1

2081 4792 2245 4848 iritus
2279 4798 2475 4850 autem
2503 4794 2769 4866 potentia:
2800 4795 3161 4853 subsistunt:
3198 4799 3280 4855 sic
3305 4800 3402 4872 qui
3435 4802 3646 4872 spiritu

253 4888 523 4955 (sui,va
583 4891 658 4956 ζῶ
720 4885 952 4961 ὑπάρχει
988 4903 1004 4918 ⁸
1062 4886 1125 4941 τὸ
1176 4886 1293 4959 μὶν,
1354 4890 1422 4960 τῇ
1502 4885 1739 4963 ἐνεργείᾳ
1791 4894 1889 4943 τοῦ
2000 4899 2009 4934 ι

2081 4882 2353 4952 njunctus
2386 4890 2653 4941 remanet
2683 4884 2742 4940 in
2767 4902 2960 4956 carne,
2985 4887 3123 4945 huic
3144 4889 3355 4946 saeculo
3380 4896 3650 4948 mortuus

252 4976 510 5045 σώματος,
542 4977 606 5031 τὸ
657 4973 735 5045 δὲ,
762 4978 830 5048 τῇ
890 4973 1168 5051 συνεργείᾳ
1196 4978 1296 5040 τῆς
1344 4978 1530 5052 ψυχῆς
1564 4995 1577 5009 ·
1614 4977 1755 5032 οὕτω
1798 4979 1889 5033 καὶ
2000 4985 2009 5023 1

2081 4975 2112 5039 t,
2146 4972 2286 5027 vivit
2314 4977 2513 5029 autem
2546 4991 2723 5031 sensu
2756 4977 3021 5049 spiritus.

253 5060 277 5112 δ
327 5064 591 5137 πνεύματι
651 5064 1003 5138 παραμένων,
1036 5062 1193 5140 σαρκὶ
1255 5064 1348 5137 μὲν
1407 5065 1497 5119 καὶ
1552 5066 1746 5140 κόσμῳ
1800 5088 1889 5123 νε-

249 5156 479 5225 ιροῦται,
516 5158 582 5227 ζῇ
616 5152 670 5209 δὲ
701 5158 781 5228 τῷ
807 5157 905 5209 τοῦ
937 5154 1244 5227 πνεύματος
1275 5156 1605 5231 φρονήματι.

315 5241 373 5302 ς’.
405 5242 467 5297 Εἰ
519 5244 786 5318 γνώσκεις
844 5242 877 5298 ’ἀ
925 5241 1181 5317 ψάλλεις,
1226 5238 1527 5315 λαμϐάνεις
1583 5243 1888 5321 ἐπίγνωσιν.

247 5327 335 5384 Ἐκ
386 5338 483 5402 τῆς
538 5331 883 5409 ἐπιγνώσεως
934 5336 1127 5388 κτᾶσαι
1174 5330 1403 5391 σύνεσιν.
1435 5335 1529 5390 Ἐκ
1584 5337 1685 5404 τῆς
1740 5336 1890 5391 συνέ-

2071 5243 2124 5299 6.
2162 5243 2220 5299 Si
2255 5244 2486 5301 noveris
2518 5262 2645 5317 qua)
2676 5250 2899 5316 cantas,
2935 5249 3231 5306 notionem
3259 5249 3513 5321 acquiris
3538 5274 3552 5315 ;
3578 5266 3647 5304 ex

2005 5341 2341 5414 cognitione
2374 5344 2642 5417 procedis
2673 5346 2745 5401 ad
2779 5362 3057 5417 sensum;
3091 5364 3159 5404 ex
3188 5363 3398 5404 sensus
3426 5345 3642 5402 intelli-

315 5530 356 5567 ’ί
390 5530 546 5590 Psal.
576 5549 692 5604 xu,
720 5534 776 5590 5.
