4034 6200
295 181 403 238 403
1426 181 1827 234 THEOLEPTI
1862 179 2570 235 PHILADELPHIENSIB.
3601 170 3703 226 404

300 309 503 381 gentia
529 308 601 363 ad
634 305 981 379 cognitionis
1009 305 1287 371 fructum,
1338 304 1397 359 id
1446 310 1554 371 est,
1603 304 1676 359 ad
1734 319 1941 376 opera-
1971 306 2026 371 Α
2057 322 2192 364 σεως
2248 305 2283 373 ἡ
2339 303 2533 379 πρᾶξις
2567 306 2675 357 τῶν
2730 301 2852 377 ἐγνιι

2095 322 2192 364 εως
2248 305 2283 373 ἡ
2339 303 2533 379 πρᾶξις
2567 306 2675 357 τῶν
2730 301 3082 377 ἐγνωσμένων
3117 297 3554 374 βλαστάνει.Έκ
3604 302 3704 364 τῆς

302 400 521 455 tionem
555 397 813 454 devenis.
846 396 950 450 Per
980 394 1378 466 operationem
1409 411 1543 450 vero
1588 393 1950 449 habitualem
2054 392 2302 464 πράξεως
2329 394 2430 462 τὴν
2483 394 2602 455 καθ’
2630 388 2735 461 ἕξιν
2796 410 2852 465 γν

2098 392 2302 464 ράξεως
2329 394 2430 462 τὴν
2483 388 2735 461 καθ’ἓξιν
2796 394 2995 465 γνῶσιν
3053 386 3475 462 καρποῦσαι.Ἦ
3536 381 3595 438 δῖε
3652 384 3704 438 ὲν

307 488 556 560 percipis
588 485 1005 556 cognitionem,
1038 501 1157 556 qua
1186 485 1235 539 si
1267 501 1409 539 usus
1444 483 1622 539 fueris
1654 484 1724 538 ad
1756 499 1949 538 veram
2054 481 2216 555 πείρᾳ
2270 486 2467 557 γνῶσις
2512 483 2614 550 τὴν
2666 480 2850 550 ἀληθῆ

2098 481 2216 555 εἱρᾳ
2270 486 2467 557 γνῶσις
2512 483 2614 550 τὴν
2666 480 2850 550 ἀληθῆ
2927 476 3151 555 θεωρίαν
3212 472 3561 530 ἀναδίδωσιν.
3616 475 3709 528 Ἐκ

307 574 835 632 considerationem
869 573 1171 645 assurgis;
1206 574 1436 638 exinde,
1470 590 1573 644 per
1613 571 1952 627 illuminan-
2053 571 2256 642 ταύτης
2286 576 2319 642 ἡ
2344 571 2508 647 σοφία
2539 568 2821 627 ἀνατέλλει

2095 571 2256 642 πιότης
2286 576 2319 642 ἡ
2344 571 2508 647 σοφία
2539 568 2821 627 ἀνατέλλει
2866 567 2954 625 διὰ
2981 574 3086 624 τῶν
3148 561 3487 645 φωτοϐόλων
3524 564 3705 640 λόγων

309 668 391 721 tia
419 664 621 736 gratiae
653 664 828 718 verba
858 664 1045 718 oritur
1073 662 1383 735 sapientia,
1418 680 1543 734 quae
1574 662 1800 717 lumine
1848 677 1954 717 suo
2054 671 2155 733 τῆς
2210 664 2462 740 χάριτος,
2493 665 2585 719 τὸν
2645 662 2774 739 άέρα
2827 684 2852 717 τ

2095 671 2155 733 ἧς
2210 664 2462 740 χάριτος,
2493 665 2585 719 τὸν
2645 662 2774 739 άέρα
2827 665 2923 731 τῆς
2984 658 3226 722 διανοίας
3266 659 3585 735 πληροῦσα,
3618 656 3713 709 καὶ

310 758 570 808 mentem
598 750 884 823 adimplet
916 756 973 807 et
996 752 1385 808 exterioribus
1416 751 1666 822 explicat
1696 767 1789 806 res
1818 750 1956 805 abs-
2055 760 2177 817 τοῖς
2208 750 2309 826 ἔξω
2342 753 2675 833 διασαφοῦσα
2702 756 2770 810 τὰ
2798 774 2852 808 κε

2095 760 2177 817 οἷς
2208 750 2309 826 ἔξω
2342 753 2675 833 διασαφοῦσα
2702 756 2770 810 τὰ
2798 753 3173 828 κεκρυμμένα.

311 843 600 900 conditas.

382 932 438 987 7.
472 932 736 987 Primum
788 932 1037 1004 spiritus
1086 933 1297 1004 quaerit
1343 939 1401 988 et
1446 932 1672 988 invenit
1705 951 1719 999 ;
1747 929 1958 986 deinde
2135 937 2195 1004 ζ’,
2228 940 2450 1009 Πρῶτον
2481 936 2509 990 ὸ
2538 956 2665 999 νους
2695 940 2843 1005 ζητει

2135 937 2195 1004 ζ’.
2228 940 2450 1009 Πρῶτον
2481 936 2509 990 ὁ
2538 956 2665 999 νους
2695 940 2843 1005 ζητει
2874 933 2964 988 καὶ
3014 932 3251 1007 εὑρίσκει
3284 948 3296 962 ³
3333 928 3445 983 εἶτα
3501 926 3717 982 ἰνουται

313 1021 517 1078 unitur
547 1037 681 1077 cum
736 1022 960 1092 objecto
1012 1022 1269 1078 invento.
1317 1021 1695 1093 Investigalio
1744 1022 1810 1075 iit
1858 1035 1961 1090 per
2060 1030 2141 1097 τῷ
2170 1024 2461 1099 εὑρεθέντι,
2484 1025 2573 1080 καὶ
2603 1026 2701 1093 τήν
2757 1025 2851 1096 μὲν

2096 1024 2461 1099 ᾢιὺρεθὲντι,
2484 1025 2573 1080 καὶ
2603 1026 2701 1093 τήν
2757 1025 2851 1096 μὲν
2904 1024 3130 1093 ζήτησιν
3185 1023 3423 1074 ποιεῖται
3472 1013 3565 1071 διὰ
3616 1018 3720 1069 τοῦ

310 1112 575 1181 verbum,
624 1111 922 1167 unificatio
972 1116 1167 1167 autem
1216 1128 1318 1183 per
1362 1110 1727 1166 charitatem.
1785 1106 1959 1164 Verbi
2064 1112 2255 1190 λόγου,
2283 1115 2381 1182 τὴν
2416 1110 2473 1168 8‘s
2497 1110 2687 1168 ἕνωσιν
2720 1110 2852 1168 διάσι

2095 1113 2255 1190 .όγου,
2283 1115 2381 1182 τὴν
2416 1110 2473 1168 δὲ
2497 1110 2687 1168 ἕνωσιν
2720 1110 2810 1168 διὰ
2837 1119 2938 1181 τῆς
2968 1109 3201 1185 ἀγάπης.
3235 1108 3338 1165 Καὶ
3383 1109 3420 1177 ἠ
3473 1105 3570 1179 μὶν
3628 1100 3726 1157 διὰ

310 1202 680 1275 investigatio
710 1202 996 1257 fundatur
1023 1202 1084 1257 in
1115 1203 1378 1272 veritate,
1416 1201 1726 1259 charitatis
1760 1206 1958 1256 autem
2061 1207 2159 1258 τοῦ
2190 1202 2361 1279 λόγου
2394 1204 2619 1273 ζήτησις
2646 1203 2851 1277 γίνεται

2098 1207 2159 1257 οὖ
2190 1202 2361 1279 λόγου
2394 1204 2619 1273 ζήτησις
2646 1203 2851 1277 γίνεται
2882 1199 2972 1255 διὰ
2996 1202 3096 1271 τήν
3122 1198 3415 1269 ἀλήθειαν,
3436 1197 3471 1265 ἡ
3522 1191 3581 1249 δὶ
3614 1199 3723 1263 τῆς

316 1292 620 1347 uniﬁcatio
650 1291 714 1346 ﬁt
748 1296 987 1362 propter
1019 1292 1263 1347 bonum.
2066 1291 2283 1367 ἀγάπης
2309 1290 2499 1354 ἓνωσις
2530 1289 2619 1347 διὰ
2646 1293 2707 1347 τὸ
2738 1292 2852 1366 ἀγαι

2095 1292 2283 1367 ιγάπης
2309 1290 2499 1354 ἓνωσις
2530 1289 2619 1347 διὰ
2646 1293 2707 1347 τὸ
2738 1289 2960 1366 ἀγαθόν.

383 1381 437 1434 8.
471 1379 577 1444 Qui
610 1395 785 1451 super
842 1380 1287 1437 ﬂuctuationem
1333 1398 1530 1437 rerum
1586 1381 1961 1453 praesentium
2139 1388 2207 1452 η’.
2244 1384 2303 1439 Ὀ
2359 1383 2456 1450 τὴν
2512 1378 2696 1457 ῥοώδη
2754 1386 2852 1435 τῶν

2139 1388 2207 1452 η’.
2244 1384 2303 1439 Ὀ
2359 1383 2456 1450 τὴν
2512 1378 2696 1457 ῥοώδη
2754 1386 2862 1435 τῶν
2912 1377 3199 1454 παρόντων
3245 1376 3401 1455 φύσιν
3456 1367 3731 1446 δπερὸαί-

317 1469 603 1536 ascendit,
637 1485 742 1525 nec
771 1470 841 1524 ad
875 1471 1292 1540 pratereuntia
1323 1470 1502 1527 habet
1532 1472 1826 1539 ali‘ectum,
1871 1469 1963 1523 hic
2067 1492 2199 1542 νων,
2247 1471 2338 1526 καὶ
2392 1472 2492 1539 τὴν
2554 1468 2844 1542 ὶπιθυμῖαν

2100 1492 2199 1542 ων,
2247 1471 2338 1526 καὶ
2392 1472 2492 1539 τὴν
2554 1468 2844 1542 ὶπιθυμῖαν
2899 1473 3006 1523 τῶν
3056 1468 3488 1544 παρερχομένων
3546 1483 3731 1538 παρα-

317 1576 433 1615 non
464 1558 710 1629 despicit
740 1559 812 1613 ad
864 1558 1068 1614 inﬁma
1116 1576 1306 1631 neque
1357 1561 1623 1632 speciosa
1668 1560 1967 1616 desiderat
2068 1559 2305 1635 τρέχων,
2338 1558 2400 1614 οὐ
2457 1558 2646 1633 βλέπει
2706 1556 2795 1613 ἐπὶ
2849 1583 2852 1590 ‹

2095 1559 2305 1635 τρέχων,
2338 1558 2400 1614 οὐ
2457 1558 2646 1633 βλέπει
2706 1556 2795 1613 ἐπὶ
2849 1558 2917 1612 τὰ
2970 1558 3141 1624 κάτω,
3205 1553 3304 1610 οὐκ
3358 1552 3610 1614 ἐπιποθεῖ
3658 1548 3735 1605 τὰ

320 1648 502 1718 hujus
533 1647 759 1703 mundi.
792 1652 899 1702 Ast
925 1648 1125 1705 oculos
1173 1666 1413 1705 sursum
1462 1651 1640 1719 tollit,
1685 1650 1963 1707 caelorum
1996 1662 2043 1727 Β
2074 1649 2248 1722 ὡραῖα
2304 1654 2406 1715 τῆς
2457 1653 2588 1721 γῆς·
2631 1642 2775 1700 ἀλλὰ
2828 1667 2852 1699 τ

2095 1649 2248 1722 ὒραῖα
2304 1654 2406 1715 τῆς
2457 1653 2588 1721 γῆς·
2631 1642 2775 1700 ἀλλὰ
2828 1645 2922 1707 τὰς
2974 1641 3081 1699 ἄνω
3114 1640 3327 1717 ὁράσεις
3359 1637 3734 1727 ἀνοιγομένας

322 1736 824 1809 pulchritudinem
848 1737 1766 1808 aspicit,etl‘elicitatemintuitur
1788 1722 2035 1793 nullis-
2074 1732 2215 1811 ἔχει,
2263 1735 2352 1790 καὶ
2426 1736 2492 1790 τά
2567 1734 2619 1790 ἐν
2687 1734 2847 1809 οὐράν

2095 1732 2215 1811 ἷχει,
2263 1735 2352 1790 καὶ
2426 1736 2492 1790 τὰ
2567 1734 2619 1790 ἐν
2687 1734 2961 1809 οὐρανοῖς,
2999 1729 3318 1788 κατοπτεύει
3376 1725 3584 1797 κάλλη,
3634 1722 3738 1780 καὶ

323 1824 835 1881 vicissitudinibus
865 1826 1201 1883 obnoxiam.
1234 1826 1340 1890 Qui
1373 1828 1622 1884 terrenis
1671 1827 1860 1882 inhiat
1913 1829 1972 1881 et
2074 1827 2176 1895 τὴν
2225 1829 2335 1880 τῶν
2391 1824 2681 1897 ἀκηράτων
2736 1844 2852 1879 κατι

2095 1827 2176 1895 τὴν
2225 1829 2335 1880 τῶν
2391 1824 2681 1897 ἀκηράτων
2736 1822 3126 1879 κατασκοπεύει
3189 1817 3585 1894 μακαριότητα.
3635 1815 3738 1876 Ὧς

323 1912 1233 1985 carnisvoluptatesinsequitur,
1256 1917 1490 1972 clausos
1513 1916 1687 1972 habet
1707 1915 1974 1986 coelos,et
2076 1916 2178 1990 γὰρ
2234 1920 2315 1987 τῷ
2371 1914 2729 1989 ἐπιχάσκοντι
2783 1935 2851 1969 τα

2095 1916 2178 1990 (ἀρ
2234 1920 2315 1987 τῷ
2371 1914 2729 1989 ἐπιχάσκοντι
2783 1918 2905 1976 ταῖς
2962 1912 3119 1975 ὕλαις
3158 1918 3261 1980 τῆς
3286 1905 3531 1985 γῆς,καῖ
3588 1905 3742 1980 πρὸς

321 2002 567 2075 spiritus
596 2001 798 2059 oculos
829 2002 1245 2072 obnubilatus;
1282 2004 1384 2076 qui
1414 2009 1611 2061 autem
1668 2004 1975 2061 terrestria
2077 2005 2171 2067 τὰς
2202 2002 2403 2074 ἡδονὰς
2433 2008 2534 2069 τῆς
2575 2005 2771 2079 σαρκὸς
2822 2003 2852 2059 ἐι

2095 2005 2171 2067 τὰς
2202 2002 2403 2074 ἡδονὰς
2433 2008 2534 2069 τῆς
2575 2005 2771 2079 σαρκὸς
2822 2002 3160 2078 ἐγκύπτοντι,
3192 1997 3539 2071 κεκλειμένοι
3596 1993 3745 2051 εἰσὶν

321 2091 647 2148 contemnit
676 2096 733 2146 et
766 2091 1021 2163 projicit,
1056 2097 1312 2153 mentem
1344 2094 1531 2150 elevat
1562 2095 1631 2149 ad
1683 2110 1962 2165 superna,
2083 2096 2136 2150 οἱ
2186 2094 2428 2167 οὐρανοὶ,
2462 2096 2534 2155 ὡς
2578 2094 2706 2157 τοὺς
2757 2115 2852 2162 νοε

2095 2096 2136 2150 >ἱ
2186 2094 2428 2167 οὐρανοὶ,
2462 2096 2534 2155 ὡς
2578 2094 2706 2157 τοὺς
2757 2092 2981 2169 νοερους
3028 2088 3353 2167 ὀφθαλμοὺς
3413 2086 3744 2159 ἐσκοτισμὲ-

319 2182 661 2239 aaternitatis
690 2182 935 2254 gloriam
969 2183 1200 2255 aspicit,
1234 2189 1292 2239 et
1340 2190 1697 2242 reservatam
1747 2185 1968 2241 sanctis
2081 2206 2208 2246 νους
2236 2182 2422 2259 ἔχοντι
2456 2204 2469 2216 ·
2504 2184 2676 2255 οὕτως
2710 2184 2739 2238 ὁ
2768 2204 2852 2259 πεε

2095 2206 2208 2246 μους
2236 2182 2422 2259 ἔχοντι
2456 2204 2469 2216 ·
2504 2184 2676 2255 οὕτως
2710 2184 2739 2238 ὁ
2768 2186 3111 2262 περιφρονῶν
3142 2182 3210 2235 τὰ
3253 2181 3405 2235 κάτω
3458 2176 3550 2232 καὶ
3598 2174 3748 2231 ἀπο-

320 2270 643 2327 clarilatem
675 2271 986 2343 intelligit;
1008 2274 1461 2331 descendentem
1486 2274 1691 2344 recipit
1712 2275 1970 2329 cbarita-
2084 2273 2475 2351 στρεφόμενος,
2512 2272 2801 2349 μετάρσιον

2095 2273 2475 2351 πρεφόμινος,
2512 2272 2801 2349 μετάρσιον
2853 2267 2969 2347 ἔχει
3016 2272 3109 2326 τὸν
3150 2274 3298 2337 νοῦν,
3338 2268 3429 2323 καὶ
3479 2266 3581 2335 τὴν
3630 2265 3753 2319 τῶν

323 2366 442 2416 tem
504 2361 626 2432 Dei,
682 2361 747 2415 fit
803 2362 1090 2433 templum
1150 2364 1405 2435 Spiritus
1463 2363 1673 2430 sancti,
1734 2364 1981 2435 requirit
2088 2359 2280 2417 ἀϊδίων
2310 2363 2409 2437 ὁρᾷ
2462 2360 2641 2433 δόξαν,
2670 2361 2760 2416 καὶ
2812 2383 2852 2416 τ

2095 2359 2280 2417 ἀϊδίων
2310 2363 2409 2437 ὁρᾷ
2462 2360 2641 2433 δόξαν,
2670 2361 2760 2416 καὶ
2812 2362 2912 2430 τὴν
2961 2358 3333 2432 ἀποκειμένην
3388 2362 3508 2414 τοῖς
3563 2354 3755 2430 ἁγίοις

332 2451 613 2506 mandata
666 2450 883 2521 divina,
943 2452 1162 2523 Spiritu
1221 2454 1318 2509 Dei
1379 2454 1748 2524 conducitur,
1807 2460 1860 2508 et
1917 2453 1978 2507 in
2083 2456 2338 2506 κατανοεῖ
2369 2449 2755 2525 λαμπρότητα.
2786 2449 2852 2507 Οἱ

2095 2456 2338 2506 κατανοεῖ
2369 2449 2755 2525 λαμπρότητα.
2786 2448 2961 2511 Οὗτος
3008 2447 3099 2504 καὶ
3127 2448 3227 2516 τὴν
3274 2445 3372 2501 τοῦ
3420 2448 3556 2500 Θεοῦ
3603 2442 3755 2518 ἀγά-

331 2538 588 2594 ﬁliorum
639 2539 1014 2610 adoptionem
1070 2541 1321 2611 transit;
1380 2541 1705 2613 complacet
1753 2547 1866 2598 Deo
1925 2546 1983 2598 et
2088 2560 2195 2610 πην
2252 2537 2447 2602 ἄνωθεν
2504 2542 2795 2593 κατιοῦσαν

2095 2560 2195 2610 πην
2252 2537 2447 2602 ἄνωθεν
2504 2542 2795 2593 κατιοῦσαν
2856 2536 2938 2593 ἐπ’
2996 2536 3158 2592 αὐτὸν
3197 2532 3438 2610 δέχεται,
3467 2535 3561 2588 καὶ
3611 2531 3751 2592 ναὸς

332 2627 518 2684 Deum
578 2627 754 2683 habet
811 2627 1296 2698 complacentem,
1356 2629 1441 2684 uti
1500 2629 1786 2701 scriptum
1845 2634 1978 2688 est:
2087 2632 2184 2683 τοῦ
2226 2627 2377 2702 ἁγίου
2408 2626 2719 2701 Πνεύματος
2758 2628 2852 2704 γίνη

2095 2632 2184 2683 τοῦ
2226 2627 2377 2702 ἁγίου
2408 2626 2719 2701 Πνεῦματος
2758 2628 2985 2704 γίνεται,
3015 2625 3106 2680 καὶ
3161 2624 3231 2680 τὰ
3285 2625 3403 2678 θεῖα
3451 2622 3754 2694 Θελήματα

336 2739 363 2766 ι(
415 2718 714 2789 Quotquot
760 2716 982 2788 Spiritu
1035 2718 1133 2773 Dei
1183 2724 1461 2791 aguntur,
1522 2720 1635 2792 ipsi
1694 2725 1833 2776 sunt
1878 2719 1984 2775 ﬁlii
2091 2718 2361 2786 ἐπιποθεῖ,
2392 2718 2483 2773 καὶ
2542 2717 2811 2791 πνεύματι

2095 2718 2361 2786 ἐπιποθεῖ,
2392 2718 2483 2773 καὶ
2542 2717 2811 2791 πνεύματι
2867 2720 3000 2772 Θεοῦ
3056 2714 3265 2790 ἄγεται,
3317 2714 3407 2769 καὶ
3464 2710 3751 2775 υἱοθεσίας

338 2805 443 2862 Dei
474 2806 544 2863 ³³.
580 2829 609 2857 ››
2090 2807 2458 2878 καταξιοῦται,
2490 2807 2579 2863 καὶ
2610 2809 2700 2863 τὸν
2733 2807 2861 2864 Θεὸν
2912 2804 3029 2882 ἔχει
3085 2802 3412 2861 ιύδωιοῦντα
3464 2801 3557 2857 καὶ
3613 2802 3757 2875 ἀρε-

2095 2898 2357 2972 σκόμενον
2391 2899 2561 2972 αὐτῷ.
2594 2922 2622 2951 ι(
2649 2900 2810 2956 Ὅσοι
2836 2898 2939 2973 γὰρ
2978 2900 3112 2953 Θεοῦ
3164 2893 3437 2969 πνεύματι
3492 2889 3754 2968 ἄγονται,

2012 3032 2056 3100 C
2097 2989 2246 3045 οὗτοί
2268 2989 2399 3044 εἰσιν
2432 2990 2541 3045 υἱοὶ
2573 2993 2727 3045 Θεοῦ.
2761 3014 2785 3044 ι

2166 3082 2206 3100 υ
2228 3079 2239 3097 Ι
2374 3080 2386 3099 Ί
2433 3082 2458 3100 Λ
2559 3079 2569 3100 Ι
2722 3080 2737 3100 \
2782 3078 2797 3100 ,
2822 3079 2833 3097 Ι
2925 3098 2933 3100 -

405 3076 721 3149 Nunquam
756 3080 813 3133 et
845 3094 914 3134 ne
947 3094 1131 3134 unum
1159 3077 1396 3150 quidem
1427 3077 1605 3150 diem,
1629 3080 1768 3136 dum
1802 3082 1983 3138 ducas
2012 3070 2056 3100 ¹³⁴
2165 3079 2332 3154 Χάριν
2363 3079 2634 3142 ἀσθενείας
2669 3080 2745 3152 μὴ
2780 3078 2852 3134 ἐάι

2165 3079 2332 3154 Χάριν
2363 3079 2634 3142 ἀσθενείας
2669 3080 2745 3152 μὴ
2780 3078 2935 3152 ἐάσῃς
2980 3078 3082 3147 τήν
3117 3075 3286 3151 εὐχὴν
3326 3074 3449 3146 μίαν
3500 3070 3592 3128 καὶ
3646 3071 3760 3146 μό-

336 3166 1983 3243 spiritum,infirmitatiscausapraetermittasorationem;
2093 3191 2192 3238 νην
2233 3170 2441 3244 ἡμέραν
2500 3166 2606 3230 ἕως
2662 3166 2852 3241 ἐμπνέῃ

2095 3191 2192 3238 νην
2233 3170 2441 3244 ἡμέραν
2500 3166 2606 3230 ἕως
2662 3166 2918 3241 ἐμπνὲῃς,
2977 3165 3191 3222 ἀκούων
3253 3169 3351 3220 τοῦ
3436 3161 3755 3238 λὲγοντος·

336 3254 625 3311 dicentem
645 3256 885 3312 audias:
913 3255 1545 3323 «Cuminfirmor,tunc
1560 3263 1767 3328 potens
1783 3277 1983 3316 sum.»
2094 3262 2259 3316 Ὅταν
2293 3257 2521 3327 ἀσθενῶ,
2552 3256 2674 3313 τότε
2706 3254 2852 3313 δυναπ

2095 3262 2259 3316 Ὅταν
2293 3257 2521 3327 ἀσθενῶ,
2552 3256 2674 3313 τότε
2706 3254 2929 3319 δυνατός
2977 3256 3091 3330 εἶμι
3124 3274 3139 3289 ⁶
3179 3259 3343 3311 τοῦτο
3396 3253 3497 3330 γὰρ
3548 3256 3761 3323 ποιῶν,

339 3344 501 3409 Quod
524 3343 573 3397 si
599 3343 827 3415 feceris,
852 3361 1125 3416 magnam
1151 3346 1987 3417 percipicsutilitatem;oratio
2101 3347 2366 3421 μειζόνως
2398 3346 2755 3425 ὠφεληθήσᾳ,
2785 3368 2852 3401 κα

2101 3347 2366 3421 μειζόνως
2398 3346 2755 3425 ὠφεληθήσᾳ,
2785 3345 2876 3401 καὶ
2920 3344 3056 3416 αὕτη
3107 3343 3160 3401 ἐν
3211 3342 3467 3416 συντόμῳ
3514 3362 3573 3396 σε
3619 3341 3761 3396 ἀνα-

343 3431 501 3487 enim
534 3431 690 3487 brevi
725 3438 780 3488 te
812 3433 1165 3501 sublevabit,
1209 3434 1408 3490 divina
1456 3444 1801 3508 cooperante
1857 3455 1989 3510 gra-
2098 3438 2304 3507 στήσει,
2337 3435 2701 3511 συνεργούσης
2745 3443 2846 3505 τῆς

2098 3438 2304 3507 στήσει,
2337 3435 2701 3511 συνεργούσης
2745 3443 2846 3505 τῆς
2902 3435 3132 3511 χάριτος
3163 3453 3175 3468 ’
3223 3433 3363 3489 ὅπου
3414 3432 3519 3507 γὰρ
3576 3429 3762 3498 παρά-

342 3518 465 3590 tia;
499 3520 600 3576 ubi
630 3520 952 3578 consolatio
1003 3521 1278 3594 Spiritus,
1328 3522 1408 3579 ibi
1458 3540 1576 3580 non
1625 3528 1993 3596 permanebit
2096 3524 2297 3597 κλησις
2349 3526 2681 3601 πνεύματος,
2739 3525 2852 3591 ἀσθέ

2096 3524 2297 3597 κλησις
2349 3526 2681 3601 πνεύματος,
2739 3525 2982 3591 ἀσθένεια
3033 3526 3070 3596 ἢ
3129 3520 3332 3594 ἀκηδία
3401 3521 3502 3577 οὐκ
3556 3518 3762 3593 ἄπιμε-

342 3608 661 3667 inﬁrmitas
694 3626 801 3667 nec
830 3610 1091 3669 taedium.
2100 3634 2200 3674 νει.

417 3779 465 3814 ³³
495 3779 666 3837 Joan.
699 3797 740 3850 ι,
768 3779 855 3836 12.

1492 4186 2631 4354 THEOLEPTI

898 4469 2146 4573 PHILADELPHIENSIS
2236 4475 3213 4574 METROPOLIT/E.

1261 4678 1391 4768 CA
1405 4680 1473 4765 N
1482 4678 1854 4770 TICUM
1913 4677 2852 4770 COMPUNCTIONIS

1531 4862 1627 4923 Ex
1658 4861 2064 4925 meditatione
2096 4861 2314 4925 aeterni
2339 4860 2581 4942 judicii.

1518 5023 1691 5096 (Bibl.
1730 5025 1833 5082 PP.
1870 5024 1965 5083 ed.
1998 5023 2182 5098 Lugd.
2214 5027 2359 5082 tom.
2390 5022 2601 5094 XXII.)

1067 5338 1206 5397 ODE
1246 5339 1289 5397 Ι.
2031 5344 2078 5410 D
2112 5342 2400 5415 ptatibus,
2431 5344 2613 5402 futuri
2643 5348 2835 5403 status
2862 5341 3175 5402 hominum
3206 5340 3523 5401 horribilia
3569 5336 3767 5399 consi-

433 5432 728 5504 Agedum,
759 5428 959 5487 anima
979 5428 1332 5498 miserrima,
1362 5428 1610 5487 seclusis
1639 5429 1819 5501 hujus
1874 5429 2005 5485 vita
2119 5433 2276 5488 dera.

367 5523 548 5595 curis,
575 5528 630 5578 et
658 5519 934 5576 vitiorum
967 5518 1443 5592 cogitationibus,
1476 5521 1789 5593 carnisque
1834 5517 2004 5576 volu-
2186 5523 2607 5597 Angoringens
2627 5527 2685 5581 et
2703 5523 2885 5581 timor
2903 5522 3220 5596 plurimus,
3241 5522 3507 5582 animam
3525 5534 3760 5580 omnem
