4034 6200
260 211 373 266 405

1468 211 1836 268 CANTICUM
1873 211 2472 268 COMPUNCTIONIS.

3569 218 3674 275 406

256 340 538 407 incessat,
568 335 801 407 quando
851 333 1196 392 mortalium
1245 352 1378 393 ossa
1419 337 1616 393 omnia
1665 353 1916 394 concur-
1947 337 1999 404 Α
2098 334 2300 392 Divina
2328 336 2458 393 luce
2487 340 2611 408 tua,
2646 356 2679 394 a
2710 339 2881 409 bona,
2910 340 3164 398 animam
3195 356 3384 398 meam
3412 343 3669 401 affectio-

258 427 474 495 santia,
507 442 646 481 suas
689 441 935 496 quaque
985 426 1544 496 coagmentationes,
1577 431 1634 482 et
1675 427 1913 498 junctu-

255 534 349 570 ras
373 503 694 587 diligenter
722 515 1047 585 requirent.

331 605 613 660 Universa
645 612 816 671 terra,
849 605 1008 660 velut
1037 603 1252 661 mulier
1282 621 1612 677 praegnans,
1649 622 1780 661 cum
1806 610 1915 661 tre-

262 711 420 751 more
455 700 715 750 mortuos
747 711 886 749 suos
915 696 982 749 ad
1028 711 1250 750 annum
1282 696 1430 750 edet.
1485 697 1648 750 Tuba
1696 695 1912 768 quippe

255 785 616 840 horrendum
657 785 993 850 insonante,
1030 783 1184 840 illico
1239 784 1651 856 unusquisque
1684 786 1754 841 de
1785 785 1910 842 loco

261 875 555 930 redivivus
589 875 868 946 prodibit.

327 964 411 1018 Ad
449 980 616 1035 opem
649 968 839 1029 tuam,
872 980 975 1018 ceu
1003 963 1073 1018 ad
1107 967 1331 1034 petram
1355 967 1663 1034 tutamque
1695 964 1912 1020 ancho-

260 1069 409 1119 ram,
444 1051 831 1107 immaculata
866 1052 1039 1124 Virgo
1093 1051 1382 1123 confugio.
1415 1052 1497 1108 Ne
1546 1069 1639 1108 me
1679 1052 1910 1125 repelle,

257 1143 358 1198 sed
391 1141 569 1198 toties
591 1141 652 1196 in
683 1146 918 1213 peccata
950 1141 1183 1213 lapsum
1215 1143 1392 1214 erige.

964 1249 1103 1305 ODE
1140 1252 1210 1304 II.

326 1337 525 1393 Flebis
578 1339 825 1406 afI'atim,
879 1343 934 1394 et
991 1339 1246 1410 gemitus
1296 1339 1465 1395 dabis
1496 1337 1667 1405 altos,
1714 1338 1912 1394 anima

257 1442 382 1481 mea
417 1427 658 1496 quando
692 1427 959 1482 omnium
995 1425 1350 1482 saculorum
1397 1427 1675 1483 mortales
1722 1429 1910 1481 nudos

252 1531 584 1587 resurgere,
611 1521 668 1571 et
701 1521 835 1572 ante
885 1516 1174 1587 judicem,
1233 1517 1335 1588 qui
1397 1517 1742 1573 muneribus
1793 1533 1907 1572 non

254 1606 688 1676 Corrumpitur,
717 1611 873 1662 stare
901 1606 1149 1662 videbis.

2021 443 2158 480 num
2192 425 2483 481 malorum
2515 429 2768 483 tenebris
2802 429 3048 484 offusam
3074 429 3343 487 illumina
3367 448 3379 487 :
3405 449 3521 504 quo
3543 438 3669 490 tan-

2020 533 2194 585 quam
2226 515 2382 572 filius
2428 515 2578 571 lucis
2626 535 2801 589 opera
2854 518 3000 574 lucis
3048 520 3289 590 faciens,
3331 539 3364 576 a
3412 523 3669 578 tenebris

2021 604 2404 661 exterioribus
2437 605 2671 662 liberer.

2720 706 2856 762 ODE
2903 711 2969 763 V.

2091 793 2255 848 Mens
2282 797 2336 848 et
2368 810 2534 850 renes
2571 795 3050 867 contremiscent,
3087 797 3184 852 ubi
3225 798 3546 855 terribilem
3597 800 3665 855 il-

2019 881 2134 937 lius
2150 887 2208 937 tu
2219 884 2300 937 ba
2315 882 2649 955 clangorem
2665 885 3104 958 clamoremque
3125 889 3442 954 audierint,
3458 890 3667 961 Abyssi

2019 972 2424 1044 ingemiscant,
2445 978 2502 1028 et
2530 973 2777 1029 virtutes
2804 974 3082 1030 coelorum
3116 978 3665 1033 commovebuntur.

2090 1063 2391 1118 Invenient
2423 1080 2537 1134 quo
2570 1063 2881 1133 divertant,
2907 1065 3009 1136 qui
3036 1065 3262 1137 lugent,
3288 1066 3504 1138 quippe
3527 1085 3668 1139 pau-

2019 1167 2184 1222 peres
2217 1160 2354 1207 sunt
2385 1153 2708 1208 secundum
2746 1153 2954 1220 Deum,
2985 1158 3040 1210 et
3068 1155 3399 1211 castitatem
3443 1156 3664 1226 colunt,

2018 1245 2074 1296 et
2097 1241 2196 1311 qui
2231 1258 2329 1311 per
2357 1242 2511 1296 viam
2546 1246 2862 1313 augustam
2916 1243 3242 1310 ambulant,
3293 1249 3467 1316 atque
3506 1247 3665 1302 Eden

2018 1330 2417 1386 hareditatem
2452 1331 2688 1401 habent,
2723 1332 2783 1387 in
2835 1331 3248 1388 mansionibus
3299 1333 3667 1391 intemeratis

2019 1424 2450 1490 permanentes.

2089 1508 2304 1563 Divites
2334 1509 2624 1564 ardebunt
2656 1511 2790 1582 igne
2821 1511 3230 1580 humanitatis,
3273 1516 3330 1568 et
3380 1529 3668 1584 pauperes

2017 1596 2075 1651 in
2110 1597 2529 1665 tabernaculis,
2561 1607 2733 1670 atque
2765 1600 2822 1653 in
2856 1599 2990 1654 sinu
3019 1601 3264 1656 Abrahae
3297 1602 3669 1674 conspicien-

325 1696 384 1749 In
421 1694 753 1750 novissimo
786 1699 841 1750 et
889 1695 1143 1751 terrifico
1201 1695 1303 1750 illo
1361 1695 1476 1765 die,
1534 1696 1742 1751 fratres
1773 1695 1908 1760 mei,
1942 1716 1988 1780 B
2019 1693 2126 1780 teS,
2161 1692 2580 1780 guttamraqum
2631 1691 2941 1761 rogabunt,
2978 1707 3080 1746 nec
3126 1692 3235 1747 erit
3282 1693 3384 1766 qui
3414 1693 3531 1750 illis
3563 1694 3663 1748 tri-

255 1799 458 1838 omnes
495 1783 618 1838 illic
649 1784 950 1853 sistemur,
983 1784 1043 1839 in
1101 1787 1222 1839 ictu
1279 1786 1453 1839 oculi.
1488 1784 1634 1840 Nam
1667 1789 1724 1840 et
1778 1785 1910 1839 fera

253 1872 476 1942 bestia,
534 1877 592 1928 et
643 1872 929 1938 volucres,
981 1877 1038 1928 et
1086 1872 1279 1944 pisces
1339 1873 1744 1929 devoraverint
1788 1873 1913 1928 red-

256 1963 412 2017 dent.

322 2052 593 2124 Rapidus
622 2053 779 2125 ignis
837 2053 1072 2119 fluvius,
1131 2053 1331 2122 colles,
1393 2058 1624 2110 montes
1650 2057 1706 2109 et
1735 2071 1913 2126 opera

255 2143 568 2198 hominum
602 2161 706 2215 per
744 2148 932 2200 terras
979 2146 1241 2200 furenter
1290 2144 1588 2201 absumet.
1632 2145 1913 2200 Flamma

254 2231 536 2286 universa
563 2231 933 2302 depascentis
964 2231 1250 2304 impetum
1298 2237 1355 2287 et
1410 2232 1604 2287 minas
1637 2232 1769 2303 quis
1795 2248 1910 2286 non

259 2321 642 2391 pehorrescet
664 2319 686 2375 ?

320 2410 444 2465 Non
483 2415 576 2465 est
608 2412 878 2466 fidelibus
899 2415 1102 2482 portus
1134 2410 1490 2484 alius,Virgo
1515 2411 1910 2480 sanctissima,

254 2505 462 2569 prater
495 2505 554 2555 te
577 2517 703 2572 qua
754 2500 1076 2566 Christum,
1109 2499 1573 2570 tanquillitatem
1627 2500 1912 2554 securita-

255 2594 496 2659 temque
529 2593 814 2657 nostram,
849 2588 1127 2660 genuisti.
1164 2588 1299 2651 Qua
1352 2605 1556 2643 omnes
1590 2585 1913 2641 vexationi-

256 2677 383 2746 bus,
417 2683 482 2733 et
530 2679 763 2749 injuriis
798 2677 1024 2732 inimici
1069 2677 1353 2732 daemonis
1407 2695 1511 2732 ceu
1567 2681 1913 2747 tempestate

253 2767 536 2836 jactatos,
570 2767 755 2838 quieti
781 2784 847 2822 ac
879 2766 1057 2822 saluti
1090 2766 1373 2822 restituis.

325 2856 464 2912 Tria
512 2857 624 2912 ista
674 2856 876 2925 timeo,
909 2874 940 2912 o
974 2856 1169 2911 anima
1206 2873 1218 2910 :
1251 2871 1554 2927 egressum
1588 2871 1617 2910 e
1650 2872 1910 2926 corpore.

257 2941 310 2996 in
339 2943 491 2998 hora
526 2943 731 2998 mortis
762 2960 1072 2999 occursum
1128 2943 1400 2998 veniente
1449 2943 1751 2998 communi
1786 2960 1912 2997 om-

253 3030 408 3086 nium
439 3033 652 3103 judice
685 3050 698 3087 :
731 3037 789 3088 et
813 3050 991 3105 quam
1043 3033 1199 3088 idem
1251 3032 1911 3105 pronuntiabitjustam

263 3120 668 3195 incorruptam
698 3123 1077 3178 sententiam.

940 3220 1079 3275 ODE
1128 3219 1231 3276 III.

321 3310 510 3364 Terra
541 3309 1195 3380 inflammabitur,mare
1218 3311 1483 3365 subsidet
1505 3328 1570 3366 ac
1593 3311 1910 3378 decrescet;

257 3415 349 3453 aer
379 3400 773 3468 concutietur,
808 3405 864 3454 et
894 3404 1086 3454 totum
1120 3399 1332 3455 calum
1356 3399 1701 3466 involvetur,
1735 3399 1914 3454 lumi-

257 3504 327 3542 na
357 3493 414 3542 et
445 3493 611 3543 astra
639 3489 770 3559 ejus
801 3489 1090 3544 desident.
1146 3490 1447 3556 Quomodo
1495 3490 1637 3554 hac,
1692 3488 1909 3557 anima,

261 3577 634 3633 sustinebis?

325 3667 773 3722 Lamentaberis
804 3667 1196 3736 vehementer,
1216 3669 1415 3723 anima
1443 3684 1590 3735 mea,
1618 3684 1750 3721 cum
1776 3666 1912 3722 mis-

258 3770 350 3809 sos
385 3755 669 3810 festinato
702 3755 962 3827 angelos,
989 3773 1022 3810 a
1051 3761 1304 3827 quatuor
1351 3760 1643 3812 terrarum
1693 3756 1912 3811 finibus

258 3842 400 3899 Deos
431 3843 686 3916 placitos
718 3861 1073 3916 congregare
1117 3861 1337 3900 cernes.

321 3933 424 4002 En,
461 3937 657 3988 totum
689 3950 877 4005 genus
914 3935 1242 3988 humanum
1278 3934 1594 3988 attonitum
1630 3933 1908 4005 stupebit,

259 4039 385 4076 cum
409 4023 678 4092 judicem
712 4022 882 4078 illum
914 4023 1361 4078 formidandum
1407 4022 1465 4077 in
1518 4024 1664 4077 duas
1715 4027 1912 4093 partes

257 4112 543 4183 quidquid
577 4117 666 4167 est
696 4111 1005 4167 hominum
1058 4117 1485 4183 secerncntem,
1521 4117 1578 4168 et
1608 4112 1908 4167 actionum

258 4202 511 4255 truitina
540 4202 956 4271 subjicientem
989 4201 1336 4257 intuebitur.

324 4289 464 4346 Dies
496 4290 899 4346 retributionis
934 4292 1127 4346 veniet
1159 4291 1314 4346 sicut
1346 4291 1440 4344 fur
1467 4290 1527 4344 in
1560 4294 1751 4358 nocte,
1776 4307 1907 4361 pec-

260 4384 481 4434 catores
515 4397 719 4434 omnes
750 4385 1068 4435 exterrens.
1104 4382 1251 4435 Tum
1280 4387 1342 4436 tu
1376 4385 1538 4435 casta
1567 4384 1771 4449 Mater,
1797 4380 1905 4433 mi-

257 4473 408 4524 serta
444 4469 590 4539 mei,
618 4486 651 4525 a
682 4468 974 4541 supplicio
1007 4486 1100 4525 me
1132 4469 1388 4525 vindica.

944 4579 1083 4634 ODE
1127 4579 1220 4635 ιν.

324 4667 520 4723 Pudor
541 4673 596 4723 et
628 4668 894 4723 confusio
926 4667 1150 4739 operiet
1180 4668 1356 4723 facies
1406 4684 1607 4723 eorum
1657 4668 1758 4739 qui
1792 4668 1906 4724 sibi

258 4757 426 4812 verbo
461 4762 519 4812 et
551 4773 724 4829 Opere
755 4758 1210 4812 commissorum
1245 4756 1463 4812 conscii
1510 4757 1742 4811 fuerint.
1777 4761 1904 4812 Ete-

263 4844 377 4899 nim
410 4845 674 4900 actiones
701 4862 840 4901 suas
873 4861 1080 4900 omnes
1110 4844 1272 4900 vultu
1317 4845 1445 4915 ipso
1494 4844 1908 4915 inseparabili-

261 4937 345 4987 ter
367 4951 482 5005 pra
514 4951 577 4990 se
599 4951 799 4990 rerens
828 4935 1242 5005 unusquisque
1272 4940 1559 5004 resurget.

331 5027 376 5077 A
409 5039 507 5078 rea
537 5029 594 5077 et
611 5022 942 5095 ﬂagellante
964 5022 1322 5078 conscientia
1342 5022 1531 5091 liberi,
1557 5020 1772 5077 fiducia
1792 5022 1908 5094 ple-

264 5110 318 5164 ni
377 5116 435 5166 et
491 5112 709 5168 hilares
769 5113 1139 5184 apparebunt
1190 5112 1342 5182 justi
1396 5127 1619 5167 omnes.
1653 5112 1906 5168 Suorum

263 5200 475 5272 quippe
524 5202 792 5257 laborum
842 5200 1287 5273 multorumque
1341 5201 1729 5256 certaminum
1780 5219 1906 5275 qua

264 5289 569 5346 subierunt
601 5290 930 5346 mercedem
964 5292 1406 5362 exspectabant.

325 5379 664 5437 Clarisonus
693 5385 821 5434 tum
854 5379 1075 5435 clamor
1110 5380 1262 5435 dicet
1310 5395 1322 5434 :
1354 5379 1496 5433 Ecce
1520 5380 1703 5450 judex
1723 5380 1902 5448 venit,

262 5473 321 5523 ut
350 5471 593 5542 populos
627 5485 830 5526 omnes
879 5468 1123 5540 judicet,
1158 5472 1216 5524 et
1248 5486 1349 5540 pro
1402 5469 1685 5540 dignitate
1727 5470 1903 5541 quili-

264 5557 358 5613 bet
380 5575 622 5616 suorum
655 5557 924 5614 laborum
958 5559 1200 5630 praemia
1222 5559 1383 5629 justo
1412 5558 1678 5629 accipiat.

2021 1778 2180 1834 buat.
2217 1779 2622 1835 Formidemus
2653 1796 2880 1836 omnes.

2086 1868 2170 1923 Da
2202 1868 2370 1935 mihi,
2400 1869 2595 1939 Virgo,
2625 1870 2860 1941 pedicas
2910 1874 2966 1924 et
3019 1869 3257 1941 laqueos
3311 1871 3437 1927 vita
3485 1870 3665 1942 hujus

2015 1975 2199 2023 vana,
2232 1975 2296 2012 ac
2330 1959 2597 2028 peritura
2630 1959 2905 2030 effugere,
2927 1962 2984 2014 et
3015 1958 3166 2015 vires
3196 1960 3423 2030 suffice,
3447 1959 3665 2031 quibus

2018 2048 2090 2104 ad
2120 2047 2300 2102 vitam
2336 2048 2593 2103 futuram
2622 2065 2880 2115 curram,
2921 2052 2978 2104 et
3025 2067 3057 2103 a
3107 2049 3354 2106 stridore
3397 2049 3665 2105 dentium

2021 2153 2114 2192 me
2140 2135 2344 2192 libera.

2706 2227 2847 2283 ODE
2887 2228 2983 2284 VI.

2088 2315 2276 2370 Judex
2297 2318 2387 2370 est
2417 2315 3122 2388 incorruptus,judicium
3154 2316 3444 2386 imprimis
3473 2316 3669 2372 formi-

2019 2404 2231 2471 dabile,
2272 2404 2359 2459 ira
2391 2404 2801 2474 intolerabilis,
2836 2416 2892 2461 et
2946 2406 3204 2462 tribunal
3232 2406 3340 2463 hoc
3373 2405 3534 2462 nulla
3566 2423 3668 2478 po-

2020 2497 2134 2548 test
2151 2492 2468 2549 calliditate
2483 2494 2856 2565 versutiaque
2874 2495 2919 2550 ci
2931 2495 3519 2567 rcumveniri.Angeli
3541 2511 3607 2550 cu
3619 2511 3671 2548 ω

2019 2583 2229 2637 timore
2259 2587 2316 2637 et
2345 2586 2598 2638 tremore
2631 2583 2991 2654 ministrant;
3026 2584 3159 2640 libri
3192 2584 3421 2640 occulta
3457 2589 3671 2641 morta-

2018 2671 2166 2727 lium
2196 2673 2472 2743 produnt.
2496 2673 2575 2727 De
2611 2677 2817 2728 catero
2850 2681 3076 2745 depone
3109 2690 3300 2730 mores
3350 2672 3674 2746 improbos,

2017 2761 2235 2830 anima,
2268 2765 2326 2816 et
2356 2779 2595 2816 amaras
2628 2763 2808 2818 funde
2840 2763 3148 2835 lacrymas.

2093 2850 2237 2905 Cum
2273 2850 2408 2904 hinc
2449 2851 2834 2922 emigravero,
2889 2868 2979 2921 ne,
3034 2853 3229 2922 Tirgo,
3267 2869 3356 2907 me
3409 2851 3667 2909 deseras.

2020 2940 2184 2994 Tunc
2212 2940 2367 2994 enim
2401 2956 2653 3009 nequam
2685 2941 2932 3010 spiritus
2965 2942 3222 2995 animam
3254 2957 3445 2996 meam
3479 2946 3673 3012 capta-

2025 3029 2191 3082 bunt.
2231 3030 2343 3081 Heu
2381 3028 2498 3082 mel
2536 3045 2648 3099 qua
2681 3029 2904 3083 ratione
2928 3029 3202 3100 effugiam
3229 3029 3382 3094 illos,
3405 3033 3505 3084 aut
3526 3030 3668 3099 quid

2024 3117 2272 3172 faciam?
2328 3121 2450 3171 Heu
2496 3117 2616 3172 mel
2670 3119 2956 3188 quomodo
3008 3118 3315 3174 horribiles
3345 3118 3503 3174 locos
3536 3135 3669 3189 per-

2022 3205 2326 3261 transibo?
2351 3207 2434 3260 Tu
2468 3223 2602 3276 spes
2635 3223 2783 3271 mea,
2817 3211 2877 3261 tu
2909 3211 3113 3278 portus
3145 3223 3328 3275 meus,
3361 3213 3418 3263 et
3449 3212 3583 3263 ante
3615 3211 3671 3262 te

2023 3312 2127 3367 ego
2161 3293 2420 3350 famulus
2452 3301 2589 3350 tuus
2625 3312 2715 3351 me
2747 3301 3076 3368 prosterno.

2687 3403 2826 3458 ODE
2880 3402 3005 3459 VII.

2091 3491 2230 3555 Quis
2263 3490 2373 3546 erit
2404 3507 2613 3546 sensus
2646 3491 2876 3556 animae,
2900 3508 3034 3546 cum
3061 3492 3231 3564 positi
3258 3491 3473 3547 fuerint
3504 3492 3670 3549 thro-

2019 3582 2100 3647 ni,
2129 3585 2185 3634 et
2210 3581 2279 3634 ad
2307 3581 2695 3649 judicandum
2737 3581 2921 3650 judex
2951 3581 3049 3636 ille
3096 3581 3512 3652 integerrimus
3535 3599 3670 3637 con-

2019 3670 2254 3736 sederit,
2288 3676 2343 3722 et
2372 3668 2505 3724 libri
2537 3668 2897 3725 exhibebunt
2927 3669 3230 3725 hominum
3269 3670 3549 3737 actiones,
3578 3687 3668 3725 co-

2019 3758 2335 3831 gitationes
2365 3763 2421 3813 et
2450 3757 2732 3813 consilia?
2765 3759 2853 3814 Va
2904 3759 3008 3814 tibi
3040 3765 3188 3830 tum,
3221 3776 3253 3815 o
3303 3759 3434 3815 vilis
3466 3759 3663 3815 anima

2025 3853 2083 3904 et
2119 3847 2483 3903 miserrima!

2090 3937 2400 3991 Oratorum
2456 3937 2524 3990 ad
2574 3937 3016 4006 persuasionem
3063 3938 3452 3994 accomodata
3501 3955 3667 4009 argu-

2017 4028 2427 4095 mentationes,
2487 4032 2542 4082 et
2617 4029 2898 4084 orationis
2974 4034 3342 4095 ornamenta,
3399 4030 3665 4097 artificia,

2018 4118 2328 4173 verborum
2362 4116 2617 4188 stropha
2648 4135 2714 4172 ac
2747 4117 2984 4173 fallacia
3011 4118 3319 4189 desinent;
3361 4121 3653 4190 sapientes

2016 4223 2219 4261 omnes
2251 4207 2823 4274 obmutescent,libri
2859 4225 3098 4280 operum
3130 4208 3461 4280 loquentur,
3484 4208 3668 4264 homi-

2017 4297 2193 4351 nibus
2224 4296 2566 4367 angelisque
2597 4298 2774 4352 simul
2808 4299 3204 4354 audientibus.

2088 4384 2611 4440 Innumerabilium
2645 4387 2987 4457 angelorum
3019 4387 3306 4444 exercitus
3355 4388 3568 4443 astabit
3601 4405 3664 4443 ac

2017 4474 2294 4528 thronum
2347 4473 2756 4530 circumdabit.
2817 4475 3096 4530 Homines
3155 4480 3351 4531 autem
3404 4476 3661 4532 universi

2017 4562 2255 4618 stabunt
2277 4561 2498 4631 tristes,
2548 4563 2959 4618 necessitatem
2993 4563 3339 4619 horriferam
3372 4564 3654 4631 videntes,

2015 4656 2072 4709 et
2102 4650 2453 4706 sententiam
2478 4651 2879 4721 justissimam
2915 4658 3262 4709 metuentes.

2088 4739 2439 4809 Aspersione
2474 4739 2620 4794 roris
2653 4740 2757 4809 tui,
2791 4741 3010 4798 intacta
3038 4742 3236 4815 Virgo,
3285 4743 3552 4799 ardorem
3587 4743 3662 4799 li-

2021 4829 2240 4884 bidinis
2275 4846 2414 4884 mea
2442 4830 2759 4901 restingue.
2794 4831 2935 4887 Nam
2967 4833 3025 4887 in
3058 4837 3112 4888 te
3143 4832 3396 4888 Verbum
3432 4833 3532 4888 Dei
3585 4835 3663 4890 si-

2020 4924 2118 4975 cut
2149 4918 2345 4990 pluvia
2377 4920 2433 4973 in
2470 4919 2651 4976 vellus
2680 4921 3006 4993 descendit,
3048 4921 3343 4991 fidelibus,
3387 4924 3666 4996 gehennae

2021 5027 2228 5083 rogum
2263 5012 2666 5084 exstinguens.

2087 5200 2250 5254 Tunc
2279 5201 2506 5256 ordines
2537 5201 2799 5258 fidelium
2832 5204 3350 5272 examinabuntur,
3404 5205 3662 5278 episCOpi

2018 5307 2271 5363 quoque,
2306 5293 2659 5360 sacerdotes,
2685 5291 2895 5362 levita,
2933 5295 3204 5351 monachi
3239 5311 3251 5349 :
3286 5312 3420 5350 nam
3459 5296 3517 5348 in
3566 5312 3662 5349 or-

2019 5381 2153 5434 dine
2207 5397 2313 5434 suo
2365 5381 2614 5453 quisque
2666 5387 2952 5456 resurget,
3004 5389 3069 5440 ut
3116 5383 3363 5455 quisque
3400 5387 3658 5438 actorum

2018 5486 2262 5526 suorum
2298 5471 2582 5526 rationem
2615 5473 2842 5528 reddat.

2093 5559 2500 5632 Trepidabunt
2529 5579 2733 5618 omnes
2764 5563 3078 5635 principes,
3103 5561 3385 5632 opulenti,
3410 5577 3574 5634 reges
3606 5567 3662 5619 et
