4034 6200
300 252 411 306 409
1850 246 2161 302 ΝΟΤΙΤΙΑ.
3609 246 3715 301 410

296 374 518 447 pendio
548 372 704 428 edita
735 373 897 435 sunt,
925 365 1199 443 Γεωργίου
1250 363 1524 436 διακόνου,
1583 366 1675 420 καὶ
1723 363 2178 441 δικαιῡφύλακος,
2227 370 2326 421 τοῦ
2379 365 2735 442 Παχυμὲρου,
2792 367 2918 443 περὶ
2973 372 3081 422 τῶν
3126 365 3179 438 ἕξ
3227 375 3327 437 τῆς
3382 367 3717 446 φιλοσοφίας

298 464 573 535 ὁρισμῶν,
622 459 713 514 καὶ
764 463 873 513 τῶν
930 459 1089 512 πέντε
1147 462 1341 535 φωνῶν
1398 455 1488 511 καὶ
1545 461 1650 511 τῶν
1704 454 1830 511 δέκα
1875 478 1891 511 δ

2132 461 2246 512 ιῶν.
2281 458 2495 529 Georgii
2523 458 2751 514 diaconi
2779 466 2830 514 et
2857 459 3298 530 dicteOphylacis,
3329 460 3714 531 Pachymera’,

295 557 364 609 de
392 569 492 608 sex
518 550 888 624 philosophiae
918 549 1355 620 deﬁnitionibus,
1388 558 1442 605 et
1471 548 1538 604 de
1566 550 1806 620 quinque
1836 551 2054 604 vocibus
2085 553 2135 604 et
2181 550 2250 604 de
2296 549 2475 603 decem
2520 549 2980 619 praedicamenlis.
3033 555 3079 603 A
3122 550 3338 605 Jacobo
3392 552 3715 605 Foscareno

292 642 661 697 translatum
712 640 919 696 Graecae
971 645 1028 696 et
1076 640 1277 696 Latine
1303 639 1564 694 Venetiis
1596 655 1694 710 per
1722 639 2109 710 Stephanum,
2142 644 2199 694 et
2230 640 2436 695 fratres
2467 641 2537 695 de
2566 640 2738 695 Sabio
2762 641 2921 707 1532,
2954 657 3085 695 cum
3122 640 3289 696 Pselii
3324 646 3379 695 et
3403 641 3712 710 Nicephori

298 732 647 788 Blemmidm
679 730 1044 803 compendiis
1069 731 1126 785 in
1162 731 1427 802 Logicam
1457 728 1823 797 Aristotelis;
1857 734 1913 785 et
1945 735 2147 801 postea
2177 730 2438 796 Parisiis,
2488 747 2639 785 anno
2692 731 2850 797 1548,
2900 731 2954 783 8.
3006 731 3199 786 Graece
3248 730 3511 785 auctiora
3560 729 3714 799 apud

297 822 720 889 Vascosanum,
773 828 831 878 et
879 839 997 877 una
1054 837 1188 876 cum
1247 820 1369 876 illis
1429 821 1843 892 compendium
1901 819 1962 874 in
2016 819 2275 890 reliquos
2336 821 2549 893 Organi
2597 821 2956 877 Aristotelici
3008 822 3209 887 libros,
3258 824 3328 876 De
3372 820 3714 890 interpreta-

293 913 445 967 tione
513 927 747 983 nempe,
820 913 1067 978 Priores,
1128 913 1177 966 et
1243 909 1577 966 Posteriores
1643 910 1981 981 Analyticos,
2047 909 2282 981 Topicos,
2342 926 2407 965 ac
2462 910 2794 982 Sophisticos
2861 911 3122 967 Elenchos
3178 911 3303 983 (d);
3360 927 3489 981 qua:
3538 914 3714 963 antea

296 1000 509 1056 Latine
548 1018 617 1055 ex
657 1000 1139 1072 interpretatione
1186 1000 1432 1056 Joannis
1489 1000 1760 1070 Baptistae
1817 1000 2043 1055 Rasarii
2093 999 2358 1055 ediderat
2404 1002 2580 1072 idem]
2630 1002 3002 1057 Vascosanus
3051 1001 3288 1067 ibidem,
3336 1017 3488 1054 anno
3542 998 3705 1064 1557,

290 1090 346 1143 8.
386 1092 465 1146 De
498 1090 609 1146 hoc
636 1106 809 1162 opere
851 1089 1095 1145 Michael
1144 1089 1516 1145 Vascosanus
1568 1106 1582 1145 :
1634 1089 1944 1145 Aristotelis
1992 1088 2253 1145 universa
2302 1105 2469 1160 opera
2517 1089 2777 1159 Georgius
2822 1090 3208 1161 I’achymeres,
3263 1089 3466 1145 Graecae
3510 1090 3710 1158 facun-

288 1178 407 1236 diae
461 1184 656 1235 auctor
708 1181 1071 1251 gravissimus
1126 1195 1191 1234 ac
1245 1178 1534 1248 magister,
1591 1179 1658 1234 ob
1710 1179 1953 1233 nimium
2009 1179 2128 1247 eius
2180 1182 2556 1250 protestatem,
2613 1196 2679 1234 ac
2736 1179 3037 1235 disserendi
3082 1178 3443 1234 subtilitatem
3491 1176 3558 1231 ab
3606 1191 3710 1231 usu

289 1277 589 1338 remotam,
644 1270 704 1323 in
755 1270 1046 1339 epitomem
1093 1271 1393 1335 contraxit,
1445 1271 1523 1323 ita
1574 1276 1760 1323 tamen
1814 1267 2064 1338 singulas
2112 1270 2230 1339 ejus
2285 1273 2472 1339 partes
2529 1269 2911 1339 complectens,
2962 1271 3022 1323 ut
3080 1283 3207 1339 quae
3262 1268 3331 1322 ad
3378 1268 3714 1336 Optimarum

284 1375 481 1413 rerum
513 1359 903 1427 cognitionem,
936 1366 1105 1429 atque
1135 1360 1195 1412 in
1226 1357 1301 1413 iis
1330 1360 1785 1414 exercitationem
1815 1357 2182 1429 pertinerent,
2214 1358 2360 1412 nihil
2392 1373 2585 1413 eorum
2616 1358 2892 1425 omiserit,
2916 1372 3043 1429 qua:
3075 1374 3163 1413 res
3194 1358 3471 1413 divinitus
3501 1354 3577 1409 ad
3606 1370 3707 1408 nos

286 1446 533 1518 delapsa
562 1448 780 1503 videtur
805 1447 902 1503 hoc
927 1449 1176 1503 maxime
1210 1456 1470 1519 tempore,
1501 1463 1603 1519 quo
1633 1463 1819 1503 omnes
1844 1448 1913 1502 de
1941 1447 2263 1518 prolixitate
2290 1448 2608 1503 studiorum
2647 1449 2712 1502 in
2758 1448 3114 1519 philosophia
3150 1453 3593 1518 conquerantur.
3644 1446 3715 1496 Et

286 1537 580 1592 Rasarius
613 1537 819 1593 scribit
847 1537 1069 1593 codicis
1098 1536 1259 1592 illius
1288 1538 1518 1608 copiam
1550 1538 1663 1593 sibi
1696 1538 1908 1592 factam
1943 1536 2124 1592 fuisse
2155 1554 2189 1592 a
2216 1538 2442 1593 Joanne
2474 1538 2735 1609 Baptista
2764 1538 3082 1608 Speciano;
3114 1537 3169 1592 in
3206 1554 3319 1609 quo
3350 1536 3487 1591 licet
3517 1532 3712 1589 omnia

284 1626 633 1683 Aristotelis
664 1644 836 1698 opera
868 1627 1025 1682 brevi
1058 1628 1311 1699 quadam
1341 1627 1433 1683 via
1464 1632 1784 1697 contracta,
1819 1632 1876 1683 et
1906 1626 1962 1682 in
1996 1632 2314 1696 augustum
2366 1628 2602 1683 redacta
2645 1629 3103 1697 continerentur,
3160 1628 3284 1699 ipse
3333 1630 3549 1692 tamen,
3603 1620 3704 1693 qui

286 1717 463 1788 prius
498 1732 703 1772 omnes
732 1716 1064 1772 Aristotelis
1093 1716 1299 1782 libros,
1326 1716 1427 1787 qui
1459 1718 1530 1772 ad
1562 1716 1893 1773 disserendi
1925 1716 2211 1772 rationem
2245 1717 3078 1789 pertineut,perlegerat,illam
3101 1717 3413 1787 epitomem
3446 1712 3708 1785 perlegit,

287 1811 348 1861 et
379 1806 550 1862 illam
584 1810 831 1878 partem,
866 1823 993 1878 quae
1026 1810 1212 1863 artem
1244 1806 1558 1879 eloquendi
1592 1807 1971 1878 petractabat,
2005 1807 2309 1877 convertit,
2366 1812 2423 1862 et
2472 1807 2676 1862 edidit.
2725 1808 3029 1875 Praeterea,
3081 1808 3157 1861 De
3204 1822 3303 1860 sea:
3343 1800 3706 1875 philosophiae

286 1895 741 1965 deﬁnitionibus,
775 1896 838 1951 de
867 1897 1145 1952 divisione
1174 1896 1561 1969 philosOphiae,
1591 1897 1659 1951 de
1688 1900 1928 1968 quinque
1956 1897 2197 1967 vocibus,
2219 1897 2285 1952 de
2311 1898 2497 1953 decem
2521 1898 2992 1969 praedicamentis,
3023 1895 3219 1950 Latine
3248 1895 3540 1965 impressa
3569 1895 3710 1946 sunt

285 1984 541 2040 Basilem
575 2002 677 2056 per
705 1984 993 2041 Joannem
1025 1985 1369 2057 Oporinum,
1404 2003 1537 2041 cum
1570 1986 1876 2059 Porphyrii
1905 1986 2162 2057 quinque
2192 1988 2455 2052 vocibus,
2488 1992 2544 2043 et
2574 1987 2897 2043 Aristotelis
2946 1984 3440 2057 praedicamentis,
3489 1986 3627 2046 etc.,
3674 1998 3708 2035 a

279 2073 605 2130 Joachimo
652 2074 914 2130 Perionio
964 2074 1169 2130 versis.
1216 2075 1482 2146 Epitome
1532 2076 1878 2131 Generiana.
1928 2078 1990 2131 Et
2038 2075 2104 2131 de
2149 2092 2249 2132 sea:
2292 2076 2704 2147 deﬁnitionibus
2739 2080 2788 2133 et
2817 2075 3090 2131 divisione
3116 2073 3483 2146 philosophiae
3512 2072 3708 2126 Greece

281 2182 429 2221 cum
457 2165 728 2238 Archytae
761 2165 1099 2237 Categoriis.
1132 2164 1339 2237 Lipsiae
1372 2166 1429 2221 in
1462 2167 1521 2219 8°
1551 2168 1643 2238 (e).
1673 2168 1967 2223 Antonius
1997 2168 2311 2223 Verderius
2341 2168 2399 2222 in
2433 2164 3035 2240 supplemento,nulla
3059 2171 3256 2221 tamen
3288 2179 3421 2219 cum
3454 2179 3513 2217 re
3544 2159 3710 2215 dubi-

276 2255 461 2324 tavit,
496 2271 569 2309 an
604 2258 807 2309 auctor
836 2254 1017 2325 hujus
1049 2255 1334 2325 epitomes
1360 2254 1512 2310 idem
1547 2255 1624 2310 sit
1648 2271 1780 2310 cum
1806 2256 2051 2327 Georgio
2078 2256 2456 2328 Pachymere.
2509 2257 2772 2327 Georgius
2790 2256 3055 2312 diaconus
3103 2253 3438 2327 protecdicus
3486 2250 3711 2321 scripsit

285 2345 480 2401 Gra’ce
503 2344 795 2415 epitomem
823 2345 1045 2416 Logiccs
1072 2345 1403 2411 Aristotelis,
1438 2346 1697 2401 Parisiis.
1731 2346 1789 2400 in
1822 2347 1905 2411 8°,
1963 2345 2110 2416 apud
2146 2348 2519 2401 Vascosanum
2550 2348 2706 2401 1346.
2738 2348 2930 2403 Nescio
2969 2363 3041 2401 an
3086 2344 3133 2400 is
3179 2350 3372 2400 auctor
3422 2344 3495 2397 sit
3537 2340 3705 2408 idem,

282 2436 389 2505 qui
419 2437 471 2487 et
501 2433 774 2502 Georgius
803 2433 1187 2503 Pachymeres,
1219 2435 1375 2505 cujus
1402 2450 1571 2505 opera
1602 2433 1790 2491 Graeca
1836 2435 1897 2488 in
1944 2434 2175 2506 epitome
2222 2436 2483 2490 Biblioth.
2545 2436 2760 2491 Gesner.
2806 2438 3180 2491 continentur.
3235 2433 3390 2488 Idem
3442 2429 3595 2486 enim
3650 2432 3708 2483 et

282 2538 454 2577 unus
485 2526 575 2577 est
604 2522 913 2595 Georgius,
947 2524 1236 2595 epitomes
1268 2522 1504 2595 Logices
1535 2528 1759 2590 auctor,
1792 2528 1849 2579 et
1879 2523 2128 2579 aliorum
2160 2540 2403 2596 operum
2435 2542 2561 2597 quae
2602 2526 2982 2599 Pachymerio
3030 2542 3064 2581 a
3112 2521 3458 2580 Generianis
3513 2521 3700 2590 epito~

271 2612 624 2668 matoribus
656 2612 1020 2668 tribuuntur.

340 2701 407 2754 2.
447 2701 755 2773 Ejusdem,
793 2706 873 2758 De
902 2702 1070 2758 lineis
1101 2702 1509 2775 insecabilibus,
1541 2703 1925 2776 Paraphrasis
1955 2704 2108 2759 inter
2134 2703 2465 2760 Aristotelis
2495 2720 2670 2777 opera
2722 2705 2832 2760 sub
2880 2703 3213 2760 Aristotelis
3263 2702 3503 2757 nomine
3548 2700 3705 2756 edita

271 2794 367 2846 est
402 2789 645 2845 Basiletn
679 2790 836 2859 1531,
870 2791 930 2846 in
959 2790 1082 2862 lof.,
1115 2800 1172 2847 et
1202 2791 1342 2848 alibi
1372 2794 1750 2864 postmodum
1779 2810 1847 2849 ex
1874 2793 2353 2865 interpretatione
2402 2794 2605 2850 Jacobi
2655 2793 2942 2850 Schenchi
2993 2794 3084 2864 (f).
3136 2791 3381 2863 Georgio
3432 2789 3705 2845 restituta

277 2879 486 2934 Grmce
539 2883 597 2934 et
647 2879 843 2935 Latine
892 2881 950 2935 in
1000 2881 1254 2938 editione
1300 2883 1770 2952 Casauboniana,
1806 2900 1959 2939 anno
1994 2884 2151 2950 1597,
2180 2884 2239 2939 in
2266 2885 2346 2951 8°,
2376 2888 2433 2940 et
2466 2886 2625 2952 1946,
2659 2884 2717 2938 in
2751 2883 2850 2938 fol.
2884 2882 3133 2938 Colonia:
3164 2881 3570 2950 Allobrogum,
3602 2877 3705 2932 ubi

273 2969 533 3024 additur
563 2986 632 3024 ex
656 2969 1074 3026 nonnullorum
1108 2972 1384 3043 opinione
1414 2974 1826 3045 Paraphrasim
1860 2974 2021 3029 illam
2055 2975 2298 3045 Georgio
2332 2974 2511 3028 tribui
2546 2991 2559 3028 :
2595 2976 3005 3044 cujuscunque
3035 2976 3231 3027 tamen
3264 2970 3363 3024 illa
3394 2972 3503 3033 est,
3529 2967 3706 3037 digna

279 3064 374 3114 est
411 3064 468 3114 et
501 3059 766 3131 Georgio,
799 3065 854 3115 et
885 3077 1011 3131 quae
1046 3061 1198 3116 inter
1223 3062 1555 3119 Aristotelis
1586 3079 1756 3134 opera
1787 3068 2118 3133 conseatur,
2152 3065 2395 3135 indigna
2427 3068 2646 3132 tamen,
2680 3081 2807 3135 quis
2840 3061 3128 3118 Aristoteli
3177 3060 3491 3114 tribuatur.
3545 3055 3706 3109 Vidit

271 3148 331 3203 id
376 3148 670 3204 Henricus
701 3149 1032 3221 Stephanus
1063 3151 1309 3222 epistola
1339 3153 1408 3206 ad
1444 3153 1677 3207 Petrum
1706 3153 2049 3223 Victorium,
2080 3170 2253 3224 quam
2290 3153 2621 3209 Aristotelis
2654 3158 2711 3209 et
2742 3151 3131 3224 TheOphrasti
3164 3149 3401 3219 scriptis
3450 3145 3700 3216 quibus-

276 3239 426 3292 dam
459 3238 706 3309 praefixit
728 3239 977 3311 (g),plus
1007 3244 1202 3296 tamen
1236 3241 1417 3297 nimio
1450 3243 1752 3315 scriptioni
1786 3242 2331 3299 detrahens:Mirum
2362 3252 2439 3300 est
2464 3260 2588 3300 vero
2609 3244 2883 3299 exstitisse
2904 3240 3051 3296 ullos
3073 3240 3320 3295 homines
3344 3242 3457 3291 tam
3476 3236 3700 3306 παχεῖς,

273 3332 331 3382 ut
367 3343 503 3382 cum
534 3324 894 3401 Ηαχυμερίου
921 3330 1314 3401 paraphrasim
1344 3333 1402 3386 in
1436 3332 1645 3386 librum
1675 3331 1866 3387 Aristot

2106 3330 2133 3383 ιὶ
2164 3330 2384 3403 ἀτόμων
2417 3335 2690 3406 γραμμῶν
2724 3333 3010 3397 haberent,
3056 3329 3240 3399 ipsum
3286 3343 3342 3382 se
3384 3321 3699 3380 Aristotelis

270 3416 497 3471 librum
557 3415 760 3471 habere
815 3417 921 3473 sibi
970 3422 1390 3489 persuaderent.
1452 3421 1628 3489 Quam
1684 3422 1861 3476 multa
1931 3422 2080 3477 enim
2137 3422 2220 3477 vel
2279 3421 2339 3476 in
2394 3421 2509 3492 ipso
2573 3421 2766 3476 limine
2823 3421 3201 3491 reperiuntur,
3261 3432 3330 3470 ex
3390 3412 3589 3485 quibus
3643 3409 3703 3464 id

272 3525 306 3560 a
339 3508 552 3561 lectore
580 3508 754 3561 etiam
782 3506 1118 3565 dormitante
1146 3509 1475 3580 deprehendi
1526 3509 1699 3582 facile
1750 3511 2011 3583 poterat?
2068 3526 2194 3583 quae
2249 3520 2393 3567 certe
2447 3513 2593 3583 apud
2652 3511 2901 3567 homines
2958 3510 3104 3565 adeo
3161 3509 3384 3579 παχεῖς,
3441 3503 3527 3557 uti
3578 3500 3703 3555 dixi

268 3594 647 3665 λεπτομερῶς
670 3596 948 3665 explicare
975 3613 1064 3653 me
1088 3598 1308 3669 pudeat.

341 3684 406 3737 3.
441 3684 821 3755 Paraphrasis
858 3702 1030 3757 porro
1086 3689 1144 3741 in
1204 3690 1528 3744 universam
1583 3689 1893 3744 Aristotelis
1947 3688 2378 3762 Philosophiam
2437 3691 2511 3759 (h)
2568 3690 2763 3745 Graece
2816 3686 3225 3758 manuscripta
3283 3684 3582 3740 visebatur
3637 3680 3695 3735 in

268 3770 639 3827 bibliotheca
695 3774 929 3829 Antonii
994 3776 1299 3847 Augustini
1362 3778 1492 3832 cod.
1558 3777 1685 3832 206.
1746 3778 1965 3847 Georgii
2022 3784 2384 3851 Parhymeraz
2441 3778 2580 3834 libri
2634 3781 2700 3834 X1
2758 3779 2824 3834 de
2884 3776 3261 3848 Philos0phia.
3324 3772 3550 3828 Primus
3608 3786 3697 3825 re-

266 3861 506 3932 spondet
586 3861 806 3930 Organa
880 3862 1211 3933 Aristotelis,
1285 3866 1551 3922 secundus
1621 3869 1781 3922 libris
1857 3869 2237 3939 Phgsicorum,
2294 3871 2489 3924 tertius
2562 3867 2725 3924 libris
2780 3868 2845 3922 de
2897 3867 3048 3935 caelo,
3107 3869 3336 3938 quartus
3411 3862 3574 3917 libris
3630 3860 3695 3915 de

262 3955 398 4005 ortu
458 3954 513 4005 et
568 3949 827 4019 interitu,
887 3952 1115 4025 quintus
1166 3958 1444 4024 Meteoris,
1504 3965 1693 4011 sextus
1753 3937 2037 4012 libros'de
2097 3957 2351 4026 partibus
2409 3959 2766 4023 animalium,
2818 3956 3082 4027 septimus
3119 3937 3300 4009 libris
3354 3952 3416 4007 de
3464 3962 3615 4007 metu
3644 3937 3705 4005 et

267 4041 497 4095 incessu
539 4039 899 4107 animalium,
949 4045 1175 4099 octavus
1235 4045 1383 4100 libra
1441 4045 1509 4101 de
1563 4062 1728 4102 sensu
1781 4056 1837 4101 et
1891 4048 2106 4114 sensili,
2166 4063 2344 4103 nonus
2402 4047 2568 4102 libris
2625 4047 2690 4102 de
2748 4046 3114 4101 Generatione
3169 4040 3526 4107 animalium,
3587 4040 3690 4094 de-

264 4131 457 4183 cimus
517 4128 681 4184 libris
746 4131 1271 4204 Metaphysicorum,
1330 4133 1648 4190 undecimus
1718 4136 1928 4191 Ethicis
1979 4138 2058 4190 ad
2114 4137 2522 4191 Nicomachum.
2581 4137 2645 4190 In
2706 4134 3064 4189 bibliotheca
3137 4132 3289 4202 regis
3357 4128 3685 4192 Gallorum,

266 4218 501 4286 Georgii
562 4217 921 4289 Pachymerw
984 4221 1229 4293 Synnpis
1294 4222 1665 4294 philosophiae
1729 4225 2071 4280 Aristotelis.
2142 4224 2547 4295 Philosophiae,
2617 4224 2721 4278 lib.
2798 4223 2894 4278 12.
2968 4225 3037 4277 De
3102 4235 3288 4277 somno
3353 4228 3404 4273 et
3472 4217 3690 4286 vigilia,

262 4305 329 4362 de
391 4308 683 4374 alimento,
740 4307 807 4362 de
865 4310 1183 4379 insomniis,
1243 4312 1307 4366 de
1365 4312 1706 4368 divinatione
1759 4329 1859 4384 per
1930 4312 2229 4377 insomnia,
2288 4313 2352 4368 de
2408 4317 2561 4368 motu
2591 4310 2948 4377 animalium,
3003 4310 3066 4365 de
3110 4310 3407 4380 juventute
3455 4311 3695 4362 etsene-

267 4400 444 4463 ctute,
500 4396 572 4451 de
627 4397 1016 4465 respiratione.
1080 4400 1143 4455 In
1204 4400 1557 4458 bibliotheca
1615 4402 1887 4457 Bavarica
1944 4404 2087 4457 cod.
2151 4403 2287 4469 170,
2347 4406 2405 4457 et
2452 4403 2595 4457 cod.
2659 4403 2793 4463 171,
2854 4399 3081 4468 Georgii
3138 4398 3511 4469 Pachymerae,
3569 4398 3693 4466 epi-

268 4489 421 4540 tome
488 4485 545 4539 in
616 4487 1041 4558 metaphisicam
1105 4491 1436 4546 Aristotelis.
1506 4491 1667 4547 Liber
1731 4491 2147 4563 philosophicas
2202 4494 2262 4546 D.
2322 4492 2539 4562 Georgii
2611 4492 2982 4562 Pachymerae,
3043 4488 3141 4560 qui
3195 4492 3273 4543 est
3330 4488 3577 4558 Epitome
3634 4485 3692 4539 in

265 4573 624 4646 Metaphisic.
660 4576 988 4643 Aristotelis,
1020 4594 1139 4649 cap.
1171 4579 1259 4634 43.
1292 4582 1353 4635 In
1386 4580 1651 4653 catalogo
1682 4580 1965 4635 exhibitio
1998 4598 2032 4636 a
2073 4582 2468 4637 Grammatico
2517 4586 2669 4652 apud
2722 4580 3084 4646 Verderium,
3134 4578 3192 4632 in
3243 4576 3652 4648 supplemento
3680 4591 3692 4640 ;

268 4665 370 4734 qui
406 4667 466 4718 et
498 4664 652 4735 apud
682 4663 965 4721 Joannem
997 4670 1464 4735 Suzium,eodem
1497 4673 1805 4737 relerente,
1825 4670 2244 4741 reperiebatur.
2266 4671 2690 4741 Epitomatores
2720 4666 3311 4734 Gesneriani:Georgii
3341 4667 3599 4720 Protectii
3630 4663 3695 4734 (il

268 4752 329 4806 in
366 4754 695 4808 universum
726 4755 1035 4812 Aristotelis
1065 4762 1357 4826 Organum
1407 4761 1810 4815 Commentarii
1858 4774 1986 4813 cum
2032 4761 2366 4814 schmatibus
2410 4766 2461 4815 et
2507 4758 2722 4830 ﬁguris,
2771 4759 2828 4814 in
2878 4754 2938 4811 4ο
2988 4774 3097 4811 ms.
3150 4754 3426 4809 Biblioth.
3480 4754 3692 4824 Imper.

266 4841 515 4898 Viennae
549 4859 563 4898 :
599 4846 677 4911 et,
712 4842 973 4914 Georgius
1002 4846 1423 4917 Pachymerius,
1454 4850 1551 4920 qui
1579 4848 2002 4904 Hieromnemon
2032 4851 2474 4920 cognaminatur,
2503 4849 2721 4920 scripsit
2743 4846 3122 4919 philosOphiaa
3146 4843 3527 4916 compendium
3548 4844 3693 4914 quod

344 4970 912 5052 (d)_Gompend_ium
961 4973 1337 5052 hoc_0_rgani
1386 4974 1686 5052 Aristoteli
1736 4975 1928 5052 Graece
2037 4978 2190 5052 idem
2215 4976 3689 5052 divisiointheoreticampracticamqueetquatuor

268 5046 328 5123 et
365 5042 568 5123 Latine
599 5045 797 5123 rgcudi
833 5046 1059 5102 curavit
1088 5042 1400 5103 Edu'ardus
1431 5046 1762 5103 Bernardus
1798 5048 1930 5103 Oxi“-
2039 5050 2300 5123 methodi
2331 5050 2647 5105 dialecticae
2682 5067 2784 5121 per
2831 5042 3204 5113 divisionem,
3256 5042 3679 5123 definitionem,

268 5114 667 5196 οἱφίββδνδ·
740 5187 751 5196 ,
872 5192 879 5196 _
1031 5190 1046 5196 _
1141 5194 1147 5196 _
1226 5189 1249 5196 _
1362 5190 1419 5196 __
1583 5192 1607 5196 _
1852 5190 1863 5196 _
2038 5122 2547 5196 resolutionemqet
2579 5114 3142 5196 demonstrationem
3172 5119 3552 5196 explicantur.

342 5187 945 5276 (feigneann‘iﬂnota,
981 5190 1189 5276 edente
1218 5189 1525 5276 Jpachimo
1571 5190 1924 5276 Gamerario,
2111 5195 2182 5274 (ι)
2208 5193 3023 5276 Scheghii.Coonfer.si‘placet
3054 5187 3289 5276 quae-de
3315 5191 3437 5272 haec
3468 5188 3684 5276 Pachy-

262 5259 371 5336 qui
406 5256 675 5336 adjunxit
724 5258 1033 5336 Nicephori
1086 5262 1365 5336 illemidm
1414 5262 1701 5336 scriptum
1728 5256 1927 5336 breve
2039 5256 2218 5320 meris
2253 5256 2679 5336 paraphrasim
2709 5265 2779 5319 de
2810 5256 2960 5320 libro
2999 5256 3326 5336 Aristotelis
3353 5256 3683 5336 ipso,quei}1

266 5330 642 5411 de’quinque
672 5332 1102 5411 vgcibus,quo_d
1138 5333 1338 5411 incipii
1375 5350 1387 5388 :
1422 5334 1482 5411 ξΗ
1499 5330 1741 5411 ΑΞῳὴΔῆ
1775 5330 1926 5411 ἔναρς
2041 5340 2107 5393 lI.
2143 5330 2477 5409 Stephanus
2507 5338 2739 5409 primus
2772 5336 3053 5404 restituit,
3087 5334 3227 5403 dixi,
3256 5334 3357 5389 lib.
3380 5330 3474 5399 in,
3525 5346 3574 5385 c.
3626 5330 3679 5395 6,

269 5396 405 5478 θρὸξ
424 5396 569 5478 ἐςτιν
701 5396 983 5476 ἄναρθρνςῖ
1036 5405 1105 5459 Et
1138 5396 1441 5478 Anonymi
1496 5396 1776 5478 δὶόεληψινΔ
1802 5425 1862 5458 πε

607 5396 646 5478 ἢ
701 5396 983 5476 ἄναρθρνςῖ
1036 5405 1105 5459 Et
1138 5396 1441 5478 ‘Andnymi
1496 5396 1926 5478 Sidlniptv_1re_'pi
2039 5411 2162 5478 §28

266 5470 751 5551 ¹εὴς-καλουμὲνης
805 5470 1041 5551 ’λογικῆς
1094 5474 1146 5527 τί
1198 5496 1258 5551 τε
1314 5470 1404 5530 {cui
1449 5475 1607 5551 ποῖόν
1648 5470 1708 5529 ’νέι
1759 5470 1925 5551 ἐατίν.
2040 5470 2065 5478 ν
2110 5480 2477 5551 (g)A.1557,
2506 5481 2558 5535 8.

277 5543 488 5623 ξρθὶρίῐ
539 5542 714 5623 ενίτῆς
766 5542 1106 5623 (pile-coetui
1146 5550 1226 5617 τῷ
1259 5555 1379 5623 ’τῆς
1427 5549 1690 5623 ’γνώσεῳς
1757 5547 1870 5622 γὲνε

2110 5542 2192 5623 (7i)
2221 5557 2350 5606 Hinc
2378 5542 2753 5623 Paraphrasis
2776 5551 2847 5607 ab
2869 5548 3139 5623 Epitoma
3160 5545 3537 5623 philosophiae
3559 5542 3682 5598 Ari-

270 5613 547 5708 Ne‘c'non
600 5613 889 5690 Anonymi
944 5613 1484 5708 μὲφᾷψέἲςήοξίς
1536 5613 1779 5708 τρέπουξ
1819 5641 1863 5708 Ξ·

1819 5628 1925 5708 Ξῆς
2040 5613 2289 5708 εῐρξέιλει
2318 5624 2393 5708 de
2422 5613 2542 5708 qua
2570 5641 2770 5696 supra,
2799 5613 3138 5692 neutiquam
3164 5613 3410 5674 diversa:

271 5683 637 5766 φιλοσοφίας,
665 5683 788 5766 qua
811 5708 911 5747 sex
941 5683 1311 5766 definitiones
1341 5683 1724 5766 philosophiae
1756 5709 1789 5748 a
1819 5694 1859 5766 P

945 5683 1311 5766 definitiones
1341 5683 1724 5766 philosophiae
1756 5709 1789 5748 a
1819 5683 1931 5766 Py-
2110 5694 2172 5766 (ἰ)
2203 5683 2538 5752 Protecdici.

272 5751 547 5831 ibagora,
578 5751 820 5818 Platone
848 5767 906 5819 et
931 5759 1246 5819 Aristotele
1272 5751 1523 5835 traditas,
1546 5751 1927 5839 philosophias
