4034 6200
372 238 473 296 411
1609 233 1884 291 GEOBGI
1891 237 1965 291 UE

2197 238 2527 292 lYMERES.
3684 224 3790 282 412

343 360 550 421 exstat
576 363 637 418 in
667 359 920 418 biblioth.
951 356 1231 414 Medicum.
1267 355 1524 426 Ejusdem
1551 357 1790 427 epitome
1819 360 1986 415 totius
2012 359 2260 432 physicae
2289 358 2662 428 tractationis,
2692 355 2951 429 fortassis
2981 353 3128 410 idem
3163 353 3307 408 liber
3333 366 3460 406 cum
3497 348 3792 421 superiori,

370 454 552 510 Romae
581 459 757 508 exstat
787 451 846 504 in
882 449 1149 503 Vaticana
1184 445 1528 515 bibliotheca,
1561 450 1612 501 et
1639 446 1908 518 expositio
1941 447 2004 502 in
2028 450 2254 519 Logica,
2287 451 2565 504 Historia.
2616 443 3038 503 Commentaria
3086 443 3147 497 in
3200 441 3371 497 libros
3420 441 3489 495 de
3537 439 3792 494 Auculta-

373 541 522 598 tione
549 539 799 594 naturali
827 535 1029 590 ibidem
1058 543 1369 593 servantur,
1399 539 1449 589 et
1479 535 1624 605 apud
1655 537 1885 605 Diegum
1918 539 2233 593 Hurtadum
2290 537 2522 594 Venetiis
2542 554 2562 600 ,·
2611 538 2708 608 qui
2758 534 2928 591 etiam
2974 533 3134 588 habet
3183 530 3591 602 Paraphrasim
3635 531 3796 600 hujus

295 696 300 704 _
371 629 608 685 auctoris
639 629 696 682 in
727 625 1040 682 Mechanica
1074 624 1414 680 Aristotelis.
1447 624 1699 695 Ejusdem
1732 625 2274 694 Commentarii,aut
2304 627 2679 698 Paraphrasis
2710 626 2768 679 in
2804 624 2978 678 libros
3015 621 3336 677 Ethicorum
3386 621 3568 674 exstat
3617 617 3796 672 Gra’ce

372 717 528 788 apud
555 714 863 771 Hurtadum
894 713 1234 770 Mendozam.
1269 716 1465 768 Fertur
1491 718 1676 770 autem
1709 716 1767 769 in
1794 716 1980 772 omnia
2024 719 2148 786 fere
2195 717 2504 772 Aristotelis
2550 731 2717 786 opera
2763 711 3177 782 Paraphrasim
3223 710 3534 780 scripsisse.
3579 706 3796 778 Pachy-

373 805 542 861 merii
569 807 626 860 in
661 804 943 874 Organum
976 804 1280 859 Aristotelis
1327 806 1560 874 copiosw
1602 807 1967 875 expositiones
2017 806 2200 863 Graece
2246 807 2644 876 manuscripts?
2690 808 2753 860 in
2803 801 3137 858 bibliotheca
3183 796 3465 855 Sambuci.
3519 796 3797 868 Ejusdem,

371 894 511 950 libri
541 895 607 949 12
638 894 822 951 Graece
877 893 1264 964 manuscripti,
1326 893 1694 964 Paraphrasis
1751 897 1919 950 totius
1967 896 2325 966 philosophia
2382 895 2756 951 Aristotelicas
2811 892 2874 947 in
2933 891 3268 948 bibliotheca
3324 889 3672 957 Augustana.
3735 890 3802 942 In

372 983 620 1052 catalogo
652 982 992 1041 bibliothecas
1018 982 1277 1052 Thergius
1305 983 1372 1053 (j)
1409 984 1757 1040 nominatur.
1808 984 2070 1057 Ejusdem
2119 984 2353 1041 historia
2403 989 2454 1041 et
2503 985 2682 1056 logica
2721 982 3076 1055 problemata
3129 979 3309 1036 Graece
3359 977 3422 1033 in
3472 977 3803 1033 bibliotheca

372 1075 516 1144 regis
547 1070 836 1128 Gallorum
865 1077 1182 1129 servantur.
1212 1075 1352 1128 Item
1379 1071 1445 1127 de
1475 1074 1692 1140 anima,
1727 1073 1792 1129 de
1821 1090 2003 1142 sensu,
2037 1076 2328 1142 memoria,
2359 1089 2572 1142 somno,
2623 1074 2844 1144 vigilia,
2898 1071 3219 1138 insomniis,
3271 1072 3408 1134 etc.,
3456 1066 3684 1122 ibidem.
3734 1064 3776 1119 E

376 1138 582 1218 invalio
631 1160 824 1217 indice
874 1161 1276 1232 manuscripto
1327 1161 1542 1229 Greece,
1610 1138 1886 1236 Γεὼργίου
1954 1167 1969 1215 1

2209 1138 2325 1217 ›1οι.›⁷
2379 1138 2603 1235 advortite
2665 1138 2768 1230 ’ἑῆς
2829 1138 3014 1228 -πάσης
3083 1153 3506 1234 Ἀριστοτέλους
3567 1138 3802 1228 φυσικῆς

377 1246 725 1326 φιλοσοφίας.
761 1249 980 1319 Georgii
1007 1250 1363 1322 Pachymerii
1391 1250 1652 1322 Synopsis
1680 1251 1957 1310 universa
1987 1253 2293 1310 Aristotelis
2322 1251 2619 1308 naturalis
2644 1249 3033 1323 philosophiae.
3066 1252 3135 1304 Et
3183 1245 3503 1305 Mediolani
3552 1246 3613 1300 in
3664 1249 3806 1300 Am-

379 1339 672 1407 brosiana,
705 1343 764 1394 et
795 1339 852 1394 in
886 1339 1085 1395 Indice
1116 1338 1482 1395 bibliothecae
1514 1340 1669 1411 regis
1699 1341 1972 1398 Catholici

2213 1342 2437 1399 tcoriaci
2471 1347 2579 1410 est,
2631 1345 2930 1396 notantur.
2981 1333 3260 1412 Γεωργίου
3307 1337 3406 1388 τοῦ
3460 1331 3806 1408 ῐιαχυμὲρου

381 1424 457 1487 εἷς
514 1426 613 1494 τήν
672 1427 939 1502 Λογικήν,
999 1428 1090 1482 καὶ
1145 1425 1380 1501 ἐπιτομή
1441 1431 1629 1496 αὐτῆς.
1663 1429 1954 1504 Ἐξήγησις
2002 1429 2080 1493 εἰς
2134 1431 2233 1499 τὴν
2295 1431 2528 1507 φυσικὴν
2587 1424 3010 1502 Ἀριστοτέλους
3070 1423 3353 1499 ἀκρόασιν.
3403 1427 3493 1484 Ὡς
3539 1417 3600 1475 δέ
3645 1441 3808 1494 τινες,

375 1517 475 1568 τοῦ
533 1511 804 1589 βασιλέως
861 1515 1115 1572 Ἰωάννου
1167 1520 1264 1571 τοῦ
1321 1521 1775 1588 Καντακουζτ,νοῦ
1833 1538 1883 1576 v.
1945 1522 2006 1588 ζ’.
2061 1523 2117 1588 7,
2177 1520 2520 1596 παράφρασις
2581 1517 2656 1579 εἷς
2710 1519 2808 1586 τὴν
2869 1516 3098 1584 ’Πθικήν
3154 1509 3581 1588 Ἀριστοτέλους
3641 1516 3809 1564 Nixo-

379 1601 631 1679 μάχειον.
664 1607 748 1660 11.
785 1603 852 1661 λ’.
882 1607 937 1663 2.
974 1606 1192 1678 Georgii
1222 1608 1580 1678 Pachymera?
1609 1611 1668 1664 in
1702 1611 1973 1681 Logicam,
2004 1614 2055 1664 et
2102 1611 2356 1681 Epitome
2404 1608 2601 1680 ipsius.
2655 1607 2967 1663 Enarratio
3017 1605 3081 1660 in
3129 1605 3430 1676 Physicam
3481 1599 3809 1656 Aristotelis

379 1694 871 1763 Auscultationem,
903 1696 998 1752 sed
1034 1702 1099 1751 ut
1131 1697 1240 1752 alii
1267 1698 1472 1766 volunt,
1506 1701 1863 1769 Imperatoris
1889 1697 2120 1756 Joannis
2151 1698 2549 1754 Cantacuxeni.
2592 1696 2964 1768 Paraphrasis
3013 1694 3074 1750 in
3123 1694 3317 1748 Ethica
3364 1690 3685 1746 Aristotelis
3735 1688 3803 1744 ad

371 1783 785 1839 Nicomachum.
819 1789 894 1839 Ex
941 1784 1034 1839 his
1086 1784 1394 1857 plerosque
1433 1786 1493 1840 in
1546 1787 1900 1843 bibliotheca
1958 1788 2112 1859 regis
2173 1787 2394 1854 Gallias,
2451 1787 2711 1843 Joannes
2770 1784 3140 1842 Schenchius
3198 1782 3276 1854 (k)
3336 1783 3397 1836 in
3454 1779 3802 1834 Bibliotheca

378 1871 604 1938 Medica,
638 1881 692 1929 et
722 1871 900 1929 Israel
932 1873 1218 1945 Spachius
1249 1874 1307 1929 in
1341 1877 1757 1933 Nomenclatore
1784 1875 2161 1948 philosophica
2192 1876 2476 1933 asservari
2509 1875 2857 1931 retulerunt.
2887 1878 2957 1928 Et
2986 1874 3162 1929 index
3193 1876 3473 1944 praeterea
3501 1871 3805 1942 Augusta-

377 1979 513 2028 nus,
545 1962 871 2020 Blemmidz
900 1965 951 2019 et
981 1963 1203 2035 Georgii
1233 1966 1591 2036 Pachymerae
1621 1965 1866 2038 Epitome
1892 1965 2258 2038 philosoth
2285 1966 2648 2038 complectans
2678 1966 2943 2036 logicam,
2976 1963 3240 2029 ethicam,
3264 1961 3577 2033 physicam.
3634 1959 3803 2012 Com-

379 2051 661 2122 pendium
693 2051 803 2107 hoc
829 2051 1216 2124 philosophias
1249 2055 1403 2126 quod
1438 2055 1752 2124 contineat,
1788 2056 1972 2110 adnot:

2208 2056 2326 2111 scio
2375 2054 2509 2127 quis
2561 2071 2574 2110 :
2618 2051 2818 2107 Ίστέον
2870 2049 2988 2118 οὖν,
3041 2050 3117 2111 ὡς
3164 2046 3411 2123 περιέχει
3459 2048 3496 2116 ἡ
3545 2048 3801 2120 παροῦσα

373 2138 716 2213 πραγματεία
768 2133 962 2214 βιϐλία
1012 2137 1242 2212 δώδεκα,
1294 2142 1530 2218 φέροντα
1580 2143 1674 2215 μὶν
1729 2140 1949 2205 τίτλους
1999 2144 2104 2216 μζ,
2158 2142 2424 2220 κεφάλαια
2476 2139 2534 2197 δὲ
2581 2140 2787 2197 σλέτᾶ
2813 2147 2915 2210 τῆς
2961 2136 3413 2215 Ἀριστοτελικῆς
3459 2133 3796 2213 φιλοσοφίας

376 2227 590 2296 ἀπάσης
621 2227 693 2290 ὡς
728 2226 779 2281 ἐν
811 2227 965 2301 τύπῳ
993 2231 1308 2306 παρέχοντα
1339 2233 1687 2308 θεωρήματα.
1721 2234 1969 2290 Advertet

2205 2239 2230 2289 ‘t
2259 2249 2499 2305 prmsens
2529 2249 2664 2304 opus
2693 2233 2976 2288 continere
3028 2230 3194 2285 libros
3244 2227 3562 2296 duodecim,
3621 2223 3798 2280 libros

377 2316 563 2371 titulis
591 2317 965 2389 quadraginta
997 2328 1198 2391 septem
1224 2321 1404 2392 ﬁniri,
1436 2324 1492 2377 in
1526 2321 1704 2394 capita
1735 2324 1842 2378 2.35
1871 2322 2111 2392 divisos;
2141 2337 2264 2395 qua:
2291 2322 2655 2380 Aristotelicas
2684 2319 2873 2376 univei
2885 2334 2966 2376 sm
2991 2315 3362 2390 philosOphiae
3389 2314 3802 2387 speculationes

382 2405 703 2460 brevissime
731 2407 1183 2478 complectuntur.

452 2493 786 2564 li.Ejusdem
819 2495 878 2550 in
912 2499 1110 2555 omnia
1139 2499 1401 2572 Dionysii
1433 2503 1790 2575 Areopagitae
1817 2521 1992 2575 opera
2023 2520 2152 2575 quze
2182 2505 2417 2559 exstant
2442 2499 2823 2573 Paraphrasis
2852 2499 3010 2555 edita
3036 2501 3126 2552 est
3155 2497 3352 2553 Graece
3377 2493 3620 2550 Parisiis
3644 2493 3800 2565 apud

383 2580 765 2638 Guilielmum
797 2584 1102 2640 Morellum
1140 2588 1299 2656 1561,
1329 2588 1390 2644 in
1423 2592 1505 2656 8°,
1537 2608 1670 2646 cum
1702 2591 1962 2664 Dionysii
1994 2593 2294 2664 cperibus,
2337 2597 2394 2647 et
2442 2605 2652 2646 rursus
2698 2589 2854 2660 apud
2904 2586 3218 2642 Claudium
3268 2582 3581 2640 Morellum
3641 2583 3804 2668 1615,

380 2669 441 2725 in
477 2669 634 2728 folio.
671 2672 838 2727 Nunc
864 2674 1103 2730 demum
1135 2676 1329 2732 Graece
1367 2683 1426 2734 et
1473 2679 1672 2736 Latine
1721 2697 1790 2736 ex
1839 2681 2317 2753 interpretatione
2366 2678 2719 2735 Baltassaris
2767 2675 3023 2733 Corderii
3075 2676 3133 2730 in
3180 2673 3372 2730 ofﬁcia
3419 2671 3805 2728 Plantiniana

384 2757 733 2816 Baltassaris
763 2763 963 2817 Moreti
996 2763 1156 2831 1634,
1186 2764 1372 2820 in-fol.
1405 2767 1566 2838 Opus
1596 2767 1900 2840 inscripsit
1927 2768 2246 2825 Athanasio
2278 2766 2669 2823 Alexandrino
2702 2764 3046 2838 patriarchas
3073 2763 3142 2836 (l)
3189 2763 3364 2832 cujus
3408 2759 3509 2817 ille
3557 2759 3802 2816 hortatu

383 2846 640 2904 laborem
672 2866 990 2922 aggressus
1022 2853 1232 2922 fuerat,
1264 2871 1395 2911 cum
1428 2857 1994 2930 Constantinopolim
2044 2859 2398 2914 advenisset.
2449 2856 2565 2912 Nec
2616 2855 2794 2910 ullam
2841 2870 3080 2910 causam
3130 2851 3297 2907 video
3343 2867 3446 2906 cur
3483 2849 3802 2920 inscriptio

383 2939 619 3010 praeﬁxa
647 2939 1001 3012 Paraphrasi
1031 2942 1280 3000 delenda
1311 2946 1407 3014 sit,
1443 2962 1559 3018 qua
1586 2947 1816 3014 dicitur,
1848 2952 2141 3004 auctorem
2177 2946 2344 3002 illum
2375 2963 2587 3001 manus
2618 2945 2778 3017 operi
2819 2943 3154 3000 admovisse
3202 2941 3437 2997 hortatu
3485 2938 3804 2994 Athanasii

383 3027 727 3099 patriarcha
758 3028 1138 3088 Alexandrini
1169 3037 1309 3090 tunc
1338 3035 1610 3102 viventis,
1643 3040 1707 3092 ut
1733 3037 1858 3092 vult
1887 3035 2258 3103 Possevinus,
2290 3042 2347 3090 et
2376 3040 2508 3090 ante
2545 3034 2922 3090 Possevinum
2953 3031 3238 3087 Baronius
3269 3031 3330 3084 in
3379 3028 3805 3100 prestermissis

379 3117 451 3172 ad
487 3120 714 3172 tomum
747 3120 1096 3187 secundum,
1128 3138 1260 3178 cum
1299 3124 1542 3180 scribit:
1580 3127 1945 3194 Quamobrem
1975 3126 2306 3198 reficiendas
2337 3130 2417 3181 est
2445 3125 2860 3180 commentitius
2894 3121 3001 3177 ille
3048 3120 3267 3188 titulus,
3317 3119 3412 3191 qui
3455 3117 3682 3189 afﬁxus
3728 3119 3808 3172 est

380 3205 626 3277 ejusdem
655 3207 999 3279 Paraphrasi
1027 3209 1088 3264 in
1117 3212 1360 3282 ejusdem
1389 3215 1644 3287 Dionysii
1671 3217 1955 3284 epistolas,
1988 3231 2096 3287 quo
2123 3215 2346 3284 dicitur,
2374 3219 2654 3270 auctorem
2695 3228 2835 3285 opus
2884 3211 3034 3267 illud
3079 3225 3363 3282 egressum
3409 3223 3526 3263 esse
3574 3207 3808 3264 hortatu

381 3295 436 3351 S.
471 3297 764 3352 Athanasii
783 3301 1123 3369 patriarchae
1151 3303 1540 3374 Alexandrini,
1573 3310 1690 3360 tum
1720 3306 1932 3375 agentis
1979 3304 2476 3378 Constantinopoli.
2532 3306 2764 3360 Miratus
2809 3319 2934 3358 sum
2990 3300 3242 3373 equidem
3287 3299 3472 3355 virum
3519 3298 3810 3354 eruditum

384 3383 741 3456 Gode/‘ridum
769 3387 1122 3444 Tilmannum
1151 3393 1251 3462 qui
1277 3393 1524 3450 eamdem
1553 3395 1923 3467 Paraphasim
1957 3397 2172 3452 Latinis
2199 3394 2400 3464 edidit,
2434 3401 2485 3450 et
2516 3393 2736 3464 longam
2783 3392 3220 3462 disputationem
3266 3405 3366 3462 pro
3415 3388 3623 3444 iisdem
3670 3389 3809 3444 scri-

373 3475 485 3547 ptis
511 3473 847 3546 elaboravit,
879 3475 1000 3535 hwc
1027 3479 1162 3537 adeo
1195 3483 1494 3557 manifesta
1522 3500 1629 3541 non
1661 3487 1992 3554 cognovisse,
2041 3501 2140 3542 nec
2187 3487 2357 3541 etiam
2408 3485 2730 3540 correxisse.
2783 3483 3040 3550 Quonam
3085 3489 3262 3552 pacto,
3312 3495 3461 3550 rogo,
3512 3479 3703 3550 potuit
3745 3492 3810 3532 ea

365 3565 655 3637 scripsisse
689 3564 952 3634 Georgius
977 3575 1223 3640 tempore
1274 3571 1328 3627 S.
1376 3572 1692 3640 Athanasii,
1741 3575 1793 3630 si
1841 3577 1900 3629 in
1950 3575 2067 3628 illis
2113 3574 2541 3630 Commentariis
2590 3573 2848 3627 meminit
2895 3575 3088 3626 auctor
3137 3569 3412 3627 heresum
3459 3568 3716 3624 Nestorii
3762 3574 3815 3622 et

374 3655 716 3727 Eutychetis,
751 3672 876 3727 quae
902 3661 1023 3729 post
1061 3662 1266 3716 multos
1323 3679 1493 3718 annos
1549 3663 1620 3718 ab
1676 3663 1968 3719 Athanasii
2023 3663 2176 3720 obitu
2229 3661 2535 3719 emersere?
2592 3663 2701 3716 Nec
2756 3664 2835 3715 est
2892 3660 3032 3731 quod
3086 3658 3152 3714 de
3205 3657 3439 3714 secundo
3497 3657 3808 3712 Athanasio

373 3742 565 3798 itidem
593 3744 845 3817 episcopo
876 3746 1264 3806 Alexandrino
1293 3765 1358 3806 ea
1384 3753 1685 3822 potuissent
1714 3751 1977 3824 intelligi,
2020 3754 2117 3824 qui
2161 3751 2346 3807 sedere
2393 3751 2553 3819 coepit
2597 3764 2743 3804 anno
2795 3746 3016 3804 Domini
3063 3747 3191 3814 489,
3242 3746 3399 3817 longe
3445 3750 3577 3801 ante
3633 3747 3808 3801 etiam

378 3845 544 3902 quam
572 3832 777 3890 viveret
807 3835 1232 3908 Pachymerius,
1261 3839 1478 3910 fuitque
1505 3839 1602 3896 ille
1629 3857 1737 3897 non
1767 3845 2014 3908 sanctus,
2046 3841 2146 3897 sed
2174 3839 2486 3904 haereticus,
2517 3845 2568 3893 et
2596 3835 2996 3908 Acephalorum
3024 3842 3312 3906 patronus.
3347 3834 3414 3889 Et
3460 3833 3566 3904 qui
3623 3834 3801 3888 Baro-

382 3919 543 3976 nium
577 3922 888 3996 exscripsit
917 3925 1262 3984 Vincentius
1291 3928 1611 3986 Riccardus
1640 3932 1966 3987 Comment.
2001 3931 2072 3986 ad
2104 3933 2252 3994 orat,
2283 3931 2318 3984 6
2349 3925 2535 3983 Procli
2566 3925 2990 3998 archiepiscopi
3023 3923 3316 3980 CPolitani
3353 3940 3367 3979 :
3401 3923 3462 3977 Et
3495 3921 3583 3978 ibi
3637 3921 3804 3977 Geor-

379 4009 503 4076 gius
533 4011 950 4086 Pachymerius,
982 4017 1081 4088 qui
1109 4017 1326 4088 quidem
1355 4019 1594 4076 minime
1618 4020 1812 4093 ﬂoruit
1841 4019 1895 4075 S.
1932 4019 2220 4077 Athanasii
2248 4018 2431 4090 Magni
2457 4015 2831 4074 Alexandrini
2853 4015 3094 4086 episcopi
3122 4021 3381 4083 tempore,
3416 4015 3474 4066 ut
3503 4027 3810 4083 perperam

375 4097 437 4154 in
462 4099 578 4168 eius
609 4100 1036 4160 Commentariis
1059 4113 1427 4178 praenotatur.
1466 4111 1604 4165 Nam
1652 4109 1714 4165 in
1760 4119 2050 4167 comment.
2100 4109 2176 4165 ad
2229 4109 2409 4180 Epist.
2455 4107 2488 4162 3
2538 4116 2591 4163 et
2640 4107 2690 4174 1,
2733 4104 2806 4161 ad
2865 4103 3081 4174 Caium,
3139 4110 3329 4158 contra
3388 4101 3721 4158 Nestorium
3760 4105 3812 4156 et

372 4187 725 4247 Nestorianos
749 4193 1061 4261 invehitur,
1105 4205 1159 4253 et
1212 4199 1271 4253 in
1321 4198 1482 4270 epist.
1534 4201 1589 4269 6,
1638 4206 1832 4256 contra
1880 4201 2214 4269 Nestorium,
2271 4198 2705 4270 Apollinarium,
2765 4194 3125 4266 Eutychetem
3183 4207 3238 4248 et
3297 4191 3652 4258 Dioscorum,
3717 4192 3816 4263 qui

377 4292 519 4334 sane
539 4279 713 4336 multo
757 4285 880 4352 post
926 4284 983 4350 8,.
1035 4285 1394 4343 Athanasium
1453 4288 1634 4363 fuere.
1690 4290 1957 4362 Eutyches
2013 4299 2067 4346 et
2127 4291 2420 4344 Dioscorus
2475 4289 2537 4342 in
2595 4303 2651 4342 ιν
2705 4281 3017 4340 universali
3071 4282 3304 4338 concilio
3359 4277 3814 4338 Chalcedonensi

375 4366 633 4423 damnati
653 4369 834 4439 fuere,
862 4371 918 4428 S.
950 4375 1293 4432 Athanasius
1333 4381 1581 4450 tempore
1625 4379 1850 4435 concilii
1898 4397 1915 4434 ι
1961 4379 2179 4437 Niceeni
2224 4378 2446 4452 ﬂoruit.
2500 4375 2601 4431 His
2649 4375 2805 4431 enim
2866 4373 3078 4428 iisdem
3138 4370 3528 4444 temporibus,
3581 4371 3814 4442 quibus

389 4456 808 4530 Pachymerius
838 4461 1056 4535 ﬂoruit,
1088 4465 1448 4525 Athanasius
1479 4468 1809 4540 patriarcha
1839 4468 2270 4526 Alexandrinus
2299 4467 2547 4533 vivebat,
2581 4464 2683 4536 qui
2712 4479 2848 4520 sum
2882 4463 2954 4518 ad
2986 4460 3169 4517 divini
3207 4460 3402 4534 Operis
3450 4459 3813 4531 interpreta-

369 4544 602 4602 tionem
634 4549 1063 4608 exstimularat.
1094 4555 1182 4610 An
1213 4557 1355 4626 quia
1385 4558 1567 4614 semel
1611 4557 1947 4630 patriarcha
1979 4558 2038 4614 in
2078 4573 2144 4614 eo
2195 4557 2408 4612 throno
2457 4555 2686 4610 sederat
2734 4551 3094 4608 Athanasius
3142 4549 3400 4617 nomine,
3449 4565 3564 4605 non
3618 4549 3818 4622 potuit

381 4633 900 4703 alius,suhsecutis
932 4643 1295 4714 temporibus
1327 4647 1528 4702 eodem
1559 4648 1794 4704 nomine
1826 4645 2094 4704 Ecclesiae
2125 4645 2211 4702 illi
2243 4644 2598 4718 praesse‘Mt
2622 4641 2814 4699 sciant
2843 4645 3053 4714 praeter
3081 4639 3242 4695 hunc
3272 4638 3637 4711 Pachymere
3672 4635 3811 4713 σύγ-

387 4725 771 4798 xpovbv,alios
801 4727 976 4784 etiam
1012 4748 1046 4786 a
1075 4737 1289 4804 Magno
1320 4733 1423 4790 illo
1454 4735 1769 4794 Athanasio
1799 4737 2059 4793 diversos
2087 4735 2273 4809 (m),ut
2303 4752 2369 4791 ex
2399 4732 2665 4805 catalogo
2697 4731 2934 4787 illorum
2968 4728 3438 4802 patriarcharum
3473 4727 3811 4802 colligitur,

381 4812 542 4884 quod
572 4830 678 4870 nec
713 4817 1002 4874 Baronius
1035 4826 1232 4892 negat,
1266 4823 1502 4882 rexisse.
1538 4830 1605 4882 Et
1635 4843 1702 4882 eo
1730 4828 1857 4899 ipso
1886 4831 2146 4899 tempore
2195 4825 2415 4882 rexisse
2464 4826 2689 4881 constat
2735 4823 2938 4894 aperte
2987 4835 3056 4875 ex
3102 4819 3367 4888 ejusdem
3423 4817 3810 4890 Pachymeraa

379 4902 642 4994 Historia,
670 4905 950 4994 pluribus
981 4907 1150 4966 locis.
1181 4915 1298 4970 Nec
1329 4915 1522 4972 obstet
1543 4918 1742 4974 Sancti
1770 4933 1986 4973 nomen
2017 4915 2341 4990 praeﬁxum.
2374 4913 2439 4970 In
2471 4929 2538 4968 ea
2569 4912 2786 4968 etenim
2819 4907 3080 4994 Ecclesia
3109 4907 3285 4963 etiam
3334 4906 3812 4975 scelestissimis,

382 4992 714 5050 sanctitatis
747 5010 962 5053 nomen
994 4997 1282 5057 tributum
1315 5005 1670 5062 adnotabam
1703 5004 1764 5061 in
1797 5004 2106 5062 Eustachio
2134 5003 2496 5061 Antiocheno
2542 5003 2612 5057 de
2662 4999 2913 5056 Eusebio
2966 4992 3307 5053 Caesariensi
3354 4995 3460 5068 (η),
3511 5000 3569 5052 et
3624 4996 3808 5064 alibi;

384 5083 541 5154 quod
573 5087 776 5155 postea
804 5089 862 5141 et
893 5087 1050 5160 apud
1083 5088 1489 5151 Occidentales
1522 5094 1844 5152 observavi.
1894 5093 2104 5152 Haberi
2148 5094 2300 5151 hanc
2348 5090 2761 5164 Paraphrasim
2816 5086 3282 5158 manuscriptam
3331 5086 3393 5141 in
3440 5084 3815 5142 bibliotheca

446 5247 654 5327 (ξλξνρ
681 5253 949 5327 Georgio.
2144 5261 2201 5314 et
2231 5256 2406 5313 Laur.
2439 5253 2744 5327 Zaccagnii
2783 5251 3003 5326 praefat.
3054 5252 3125 5308 ad
3173 5249 3542 5310 Collectanea
3588 5268 3812 5310 monu-

449 5317 526 5462 ΞΙι)
559 5317 904 5404 ερὶιθειςὶιῖε.

475 5391 515 5462 ι)
545 5392 651 5449 HIC
681 5396 790 5452 fuit
813 5399 886 5454 ab
919 5415 1074 5455 anno
1101 5401 1231 5456 1251
1269 5403 1342 5458 ad
1378 5403 1517 5458 1262
1542 5402 1682 5459 Vide
1716 5403 2034 5458 Eusebium

2144 5334 2480 5385 mentorum
2512 5317 2802 5394 veterum;
2832 5342 2889 5396 p.
2924 5340 3072 5379 thv.

1987 5419 2034 5458 m
2215 5400 2296 5462 (nl
2327 5399 2632 5456 Eustathio
2661 5395 3027 5454 Antiocheno
3058 5396 3118 5450 in
3150 5395 3414 5458 Hexaem.
3443 5395 3580 5451 stati

475 5391 515 5462 ι)
545 5392 651 5470 Hic
681 5391 790 5452 fuit
813 5399 886 5470 ab
919 5415 1074 5455 anno
1101 5401 1231 5456 1251
1269 5403 1342 5458 ad
1378 5403 1517 5458 1262
1542 5402 1682 5459 Vide
1716 5403 2034 5458 Eusebium
2215 5400 2296 5470 (η)
2327 5399 2632 5456 Eustathio
2661 5391 3027 5470 Antio—ebeno
3058 5396 3118 5450 in
3150 5395 3414 5470 Hexaem.
3443 5395 3654 5470 statim
3680 5397 3814 5470 Asub

379 5461 793 5545 Renaudotum
829 5468 886 5545 in
903 5472 1179 5545 AHistoria
1212 5474 1674 5545 patriarcharum
1700 5473 2035 5530 Alexandri-
2146 5461 2384 5545 initium
2407 5465 3034 5545 Eusebius'tﬁwaylwv
3085 5484 3191 5527 τις.
3243 5465 3355 5522 Sed
3376 5483 3479 5545 _ex
3507 5467 3811 5545 _h9_c__ip80

379 5549 617 5617 norum.
647 5538 837 5617 faris,
862 5541 1113 5617 1715έ4,
1146 5538 1281 5616 ρέα.
1313 5546 1438 5601 600.
2145 5538 3344 5617 rectiushcolligas‘id_scriptum_non_esse
3376 5538 3679 5617 Eustathii
3705 5538 3814 5596 've-

454 5608 555 5729 γη)
588 5608 976 5679 Athanasius,
1009 5608 1166 5670 Petri
1199 5608 1391 5688 ΜυεΒὶ
1443 5632 1750 5674 successor
1789 5617 2037 5729 eiusque
2143 5614 2286 5672 teris
2315 5614 2478 5672 illius
2510 5608 2892 5680 A'ntiocheni,
2915 5611 3011 5670 cui
3037 5609 3328 5666 Eusebius
3361 5627 3479 5668 non
3510 5616 3638 5668 erat
3665 5628 3812 5668 san-

475 5693 654 5729 ensor
683 5679 1388 5729 hmrenennﬁnannmnntn
1413 5686 1636 5729 Calain:
1666 5689 1787 5729 uiua
1851 5692 2038 5729 min-
2145 5692 2276 5729 nhs:
2332 5689 2429 5729 and
2465 5685 2795 5729 hmrntinnn-

377 5673 661 5760 defensor.
683 5673 1388 5760 haegeseosﬁognomet‘ﬁ’o
1413 5686 1636 5745 Celetes
1666 5673 1788 5747 sive
1803 5673 2038 5747 ihern'io;
2145 5692 2299 5760 ctus,
2332 5689 2431 5746 sed
2464 5685 2796 5743 haereticus.

375 5759 496 5814 sus,
526 5747 599 5802 ab
635 5754 702 5806 Δ.
739 5751 845 5807 490
877 5753 948 5809 ad
973 5747 1105 5812 497:
1131 5757 1278 5814 Vide
1309 5757 1747 5832 Renaudotum,
1797 5779 1856 5835 ρ.
1914 5763 2036 5831 125,
