4034 6200
241 265 349 320 413
1818 267 2128 319 ΝΟΤῙΤΙΑ.
3560 257 3665 312 414

247 390 532 446 Vaticana
562 390 745 445 tradit
776 392 1070 445 Gesnerus
1095 412 1110 456 ;
1135 391 1192 443 et
1222 386 1497 442 Medicaea
1525 388 1882 442 Possevinus
1915 389 1971 441 in
2009 388 2208 443 Indice
2243 405 2255 444 :
2290 392 2347 443 et
2376 387 2848 455 Gallica,indices
2880 382 3288 455 manuscripti.
3322 381 3665 437 Vincentius

253 480 606 535 Marinerius
635 479 986 535 Valentinus
1018 478 1188 549 epist.
1223 479 1293 531 ad
1327 476 1701 531 Franciscum
1730 482 1938 532 Dazam
1961 495 2111 532 anno
2141 479 2274 532 1536
2296 479 2474 543 edita,
2499 477 2704 533 scribit
2728 493 2788 532 se
2808 473 3272 532 Commentarios
3298 471 3664 542 Pacbymerae

252 568 308 622 in
340 567 690 638 Dionysium
728 566 1136 637 Areopagitam
1173 566 1228 618 in
1260 565 1525 637 linguam
1560 565 1820 620 Latinam
1854 566 2112 621 vertisse.

330 657 387 712 5.
420 655 672 728 Scripsit
701 660 910 726 praeter
931 656 1057 725 jam
1092 654 1254 709 dicta
1285 654 1603 709 Historiam
1637 657 1729 710 sui
1764 655 2064 726 temporis,
2102 673 2276 727 quam
2312 656 2540 711 orditur
2577 674 2609 711 a
2638 654 3000 726 temporibus
3031 649 3327 708 Michaelis
3359 646 3670 719 Palasologi

254 748 360 802 sub
398 763 515 818 quo
548 746 708 800 vixit.
743 745 871 815 Illa,
907 747 1006 800 sed
1043 745 1257 800 mutila
1288 749 1620 799 asservatur
1649 745 1705 798 in
1741 744 2096 800 bibliotheca
2125 748 2469 816 Augustana
2498 748 2624 800 cod.
2660 745 2743 810 19,
2780 743 2959 814 plutei
3012 744 3066 807 5,
3119 759 3185 796 ex
3245 740 3414 810 cujus
3465 739 3665 792 codice

245 837 400 891 carie
459 838 722 891 confecto
781 852 847 890 ac
905 834 1116 890 mutilo
1149 838 1422 905 excerpta
1479 835 1746 905 quaedam
1803 834 2069 888 exhibuit
2119 835 2371 890 Wolﬁus
2420 840 2552 906 post
2598 833 2990 905 Nicephorum
3043 833 3382 901 Gregoram.
3431 828 3660 882 Partem

242 924 508 991 illorum,
541 940 670 995 quae
704 923 766 979 in
817 926 1160 994 Augustano
1195 923 1392 978 codice
1423 924 1823 994 manuscripto
1855 924 2057 979 deesse
2086 924 2337 979 Wolﬁus
2371 925 2755 979 admonuerat
2784 923 2842 977 in
2877 920 3113 994 synopsi
3136 918 3270 973 libri
3301 916 3661 988 quinti,cum

247 1013 562 1085 Nicephori
596 1012 942 1085 patriarcha:
987 1011 1495 1084 Constantinopoli
1542 1013 1810 1068 Breviaro
1860 1013 2140 1069 historico
2191 1015 2262 1068 ab
2317 1013 2478 1068 obitu
2527 1012 2782 1067 Mauritii
2825 1026 3012 1082 usque
3071 1009 3141 1064 ad
3204 1004 3656 1063 Constantinum

245 1104 709 1174 Gopronymum,
768 1103 962 1158 Grece
1014 1119 1202 1172 nuper
1260 1100 1442 1157 edidit
1499 1101 1807 1173 Dionysius
1877 1102 2167 1158 Petavius.
2228 1103 2470 1158 Parisiis
2532 1103 2692 1168 4616,
2744 1101 2802 1154 in
2853 1102 2906 1153 8.
2954 1101 3185 1169 Integra
3227 1102 3424 1152 tamen
3478 1111 3545 1149 ea
3589 1110 3659 1148 ex

247 1192 515 1247 Lotliana
563 1191 920 1247 bibliotheca
985 1190 1044 1246 in
1101 1191 1444 1247 Vaticanam
1504 1195 1835 1246 transvecta
1882 1197 1990 1257 est,
2042 1209 2168 1262 qua:
2225 1192 2727 1262 emendatior,§et
2786 1189 3117 1244 charactere
3175 1187 3259 1242 uti
3320 1182 3663 1255 antiquiori,

242 1281 324 1337 ita
357 1285 418 1337 et
439 1279 784 1352 elegantiori
814 1280 873 1335 in
905 1280 1224 1335 Barberina
1255 1285 1649 1349 conservatur,
1699 1288 1835 1335 sunt

2057 1278 2223 1353 τορίας
2265 1286 2635 1356 συγγραφικῆς
2695 1277 2851 1352 λόγοι
2916 1284 2998 1351 ιγ’”
3048 1278 3187 1334 Cod.
3252 1280 3272 1330 1
3321 1277 3350 1329 4
3412 1278 3469 1329 et
3525 1272 3650 1328 164.

244 1370 413 1426 Inter
444 1370 794 1424 Vaticanum
826 1373 882 1423 et
932 1369 1312 1424 Barberinum
1343 1370 1592 1435 codices,
1629 1386 1699 1424 ne
1730 1370 1786 1424 id
1816 1386 2047 1440 quoque
2081 1369 2314 1425 nescius
2363 1371 2465 1439 sis,
2527 1369 2727 1435 lector,
2791 1367 3111 1423 maximum
3173 1382 3290 1419 non
3339 1367 3570 1417 tantum
3601 1359 3662 1414 in

241 1459 462 1514 verbis.
496 1476 562 1514 ac
595 1459 770 1514 modo
801 1459 1054 1524 dicendi,
1095 1459 1195 1512 sed
1230 1475 1424 1513 rerum
1453 1464 1818 1513 narratarum
1851 1459 2024 1513 etiam
2061 1461 2413 1530 quandoque
2461 1460 2666 1514 ordine
2715 1459 2909 1513 inesse
2958 1455 3310 1520 descrimen,
3369 1452 3496 1523 ipse
3547 1464 3661 1504 non

243 1550 487 1623 singula
519 1566 890 1622 percurrens,
952 1566 1143 1621 neque
1171 1549 1325 1604 enim
1385 1549 1571 1614 licuit,
1631 1550 1982 1604 adnotabam
2021 1566 2034 1604 ε
2069 1551 2211 1605 adeo
2246 1556 2310 1604 ut
2367 1550 2514 1604 mihi
2547 1550 2715 1605 facile
2743 1547 3154 1620 persuaserim,
3192 1542 3660 1615 Pachymerium,

237 1639 748 1710 quemadmodum
782 1655 962 1708 supra
1017 1637 1274 1692 diximus
1304 1640 1373 1692 de
1407 1637 1755 1709 Acropolita,
1790 1647 1845 1692 et
1875 1640 2028 1692 infra
2061 1655 2293 1710 quoque
2326 1641 2394 1693 de
2428 1639 2716 1693 Phrantza
2745 1638 3028 1701 dicemus,
3063 1639 3210 1690 duas
3242 1651 3358 1688 suae
3393 1629 3659 1686 Historias

244 1728 542 1784 editiones
573 1727 824 1798 tempori
856 1744 920 1782 ac
952 1727 1122 1798 genio
1147 1726 1557 1782 inservientem
1590 1727 2038 1798 conscripsisse,
2065 1728 2305 1798 ideoque
2335 1747 2402 1784 ex
2434 1730 2702 1799 utrisque
2735 1727 2920 1782 multa
2951 1730 3141 1780 errata
3158 1722 3391 1794 corrigi,
3414 1721 3665 1776 obscura

240 1816 561 1885 illustrari,
595 1817 809 1872 mutila
858 1816 1144 1888 suppleri,
1177 1832 1242 1871 ac
1274 1817 1509 1871 demum
1545 1817 1793 1871 historiae
1815 1834 2028 1888 corpus
2060 1834 2242 1872 unum
2279 1820 2624 1889 perfectum,
2659 1818 2717 1872 in
2753 1819 3044 1887 integrum
3071 1813 3288 1868 absolvi
3331 1826 3502 1882 posse
3534 1809 3658 1864 exi-

243 1907 445 1963 stimo.
477 1906 676 1978 Stylus
707 1915 795 1962 est
823 1914 1154 1973 accuratus,
1190 1907 1257 1960 ad
1293 1905 1600 1973 antiquum
1633 1922 1875 1961 succum
1907 1923 1972 1960 ac
1998 1908 2347 1978 sanguinem
2380 1907 2743 1975 etl‘ormatus,
2779 1913 2834 1961 et
2866 1908 3074 1976 praeter
3112 1901 3365 1956 historiis
3423 1901 3661 1968 captum

243 1996 558 2065 tumidior,
593 2000 649 2050 et
671 1993 942 2066 perplexa
966 1994 1272 2050 nominum
1299 1995 1657 2050 connexione
1689 1995 2003 2066 ambiguus
2027 2001 2085 2050 et
2113 1996 2438 2065 obscurus;
2471 2013 2574 2068 pro
2606 1996 2705 2051 illo
2737 2000 2932 2050 tamen
2963 2011 3101 2063 aavo,
3155 2009 3268 2063 quo
3314 1984 3663 2044 debacchari

239 2100 459 2155 capere
477 2089 627 2150 erat,
651 2082 846 2139 mollis
877 2099 944 2139 ac
977 2084 1253 2154 prudens.
1287 2088 1508 2139 Auctor
1537 2085 1678 2138 dum
1711 2084 1970 2139 veritatis
2003 2090 2257 2140 sectator
2286 2085 2466 2142 videri
2498 2085 2678 2157 cupit,
2712 2086 2770 2140 in
2803 2082 3250 2149 ecclesiasticos,
3291 2083 3347 2134 et
3374 2076 3659 2150 praecipue

239 2173 440 2228 Latini
476 2174 733 2229 nominis
763 2174 1044 2241 fautores,
1075 2174 1290 2229 Graecis
1323 2174 1448 2229 suis
1480 2173 1656 2228 nimis
1685 2175 2052 2246 propensior,
2077 2175 2340 2246 linguam
2372 2176 2545 2230 acuit.
2580 2178 3001 2244 Imperatorum
3029 2173 3205 2228 etiam
3229 2185 3295 2224 ac
3327 2166 3659 2239 principum

245 2277 338 2318 res
375 2267 583 2334 gestas
614 2262 894 2318 assiduus
925 2263 982 2316 in
1010 2264 1267 2334 pejorem
1297 2268 1518 2334 partem
1557 2264 1728 2334 rapit.
1761 2263 1962 2318 Fidem
1995 2270 2191 2320 tamen
2229 2265 2308 2318 ita
2330 2281 2447 2320 sua:
2479 2265 2749 2320 Historias
2773 2263 2986 2319 astruit
3018 2280 3031 2317 :
3063 2258 3142 2314 Τὰ
3167 2256 3223 2313 δὲ
3246 2256 3565 2329 συνέγραψεν
3600 2251 3662 2306 οὗ

239 2347 453 2425 λόγους
510 2345 693 2404 Λαϐὼν
754 2349 952 2403 ἄνωθεν
1013 2349 1398 2424 ἀμαρτύρους,
1452 2349 1566 2426 οὐγ’
1622 2350 1759 2425 ἀκοῇ
1817 2351 2084 2405 πιστεύων
2145 2353 2336 2424 μόνον,
2395 2354 2455 2420 ἢν
2515 2373 2596 2414 τις
2659 2351 2802 2427 λέγει
2862 2350 3128 2425 ἓωρακὼ,
3187 2348 3221 2418 ἢ
3282 2344 3370 2399 καὶ
3425 2339 3660 2402 ἀκούσας

219 2439 412 2511 αὐτὸς,
466 2439 700 2501 πισαοὺς
757 2437 804 2494 δ’
853 2439 1030 2512 ἀξιοίη
1092 2438 1219 2502 τοὺς
1267 2436 1490 2515 λόγους,
1524 2440 1569 2494 εἰ
1606 2440 1770 2512 μόνον
1805 2442 1974 2515 Λέγει,
2021 2440 2356 2517 λογίζεσθαι,
2407 2441 2480 2503 ὡς
2521 2441 2795 2511 αὐτόπτης
2844 2441 2911 2495 τὰ
2961 2437 3212 2508 πλεῖστα,
3260 2434 3403 2488 οὕτω
3452 2425 3658 2502 ξυμϐἀν

225 2530 494 2604 γεγονὼς,
561 2528 607 2582 εἶ
671 2530 760 2582 καὶ
813 2529 996 2601 μαθὼν
1059 2523 1318 2602 ἀκριϐῶς,
1377 2531 1502 2602 παρ’
1553 2531 1625 2582 ὧν
1683 2530 1746 2583 τὸ
1795 2535 2010 2605 πρῶτον
2059 2530 2243 2603 ὡράθη
2294 2531 2627 2605 πραχθέντα,
2685 2528 2832 2598 πλὴν
2890 2527 2935 2582 δ’
2997 2528 3096 2582 οὐκ
3151 2525 3456 2600 ἀμάρτυρα,
3511 2518 3659 2574 ἀλλά

226 2619 314 2674 καὶ
383 2616 626 2679 πολλοῖς
683 2616 878 2680 ἄλλοις
926 2618 1393 2694 συνηγαροόμενα,
1443 2620 1518 2681 ὡς
1567 2617 1626 2672 ἂν
1678 2620 1752 2692 μὴ
1803 2620 1830 2672 ὁ
1876 2618 2088 2691 ξύμπας
2139 2622 2364 2694 χρόνος,
2415 2619 2571 2697 φύσιν
2605 2617 2749 2694 ἔχων
2797 2620 2864 2673 τὰ
2895 2617 3083 2673 πολλά
3126 2615 3380 2690 κρύπτειν
3431 2613 3655 2697 συχναῖς

227 2705 528 2768 κυκλικαῖς
574 2703 875 2779 περιόδοις,
930 2707 1019 2760 καὶ
1065 2704 1181 2760 τάδ’
1234 2706 1465 2784 ἀφανίσῃ
1515 2708 1650 2760 κατά
1702 2707 1895 2781 μικρὸν
1947 2706 2167 2780 ἐξίτηλα
2194 2711 2262 2781 τῇ
2294 2695 2627 2783 παραδρομῇ
2671 2707 2958 2781 γενόμενα·
3012 2703 3100 2760 διὰ
3145 2704 3206 2758 τὸ
3255 2702 3484 2780 φανέντα
3531 2695 3655 2770 κρύ-

238 2807 478 2859 πτεσθαι
533 2795 707 2849 πάντα
759 2795 993 2870 ανάγκην
1044 2796 1198 2864 εἶναι,
1260 2794 1334 2857 ὥς
1381 2795 1487 2849 πού
1545 2817 1626 2856 τις
1681 2801 1790 2850 τῶν
1845 2800 2025 2872 σοφῶν
2095 2793 2223 2873 ἔφη,
2271 2796 2359 2850 καὶ
2414 2795 2637 2866 ἀληθῶς
2685 2795 3114 2871 ἐγνωμάτευσεν.
3166 2796 3291 2850 Haec
3348 2790 3655 2861 composuit

239 2904 355 2943 non
400 2903 646 2942 rumores
677 2885 809 2942 olim
845 2903 1078 2958 sparsos.
1134 2888 1339 2957 absque
1396 2887 1702 2942 testimonio
1753 2903 2069 2958 congerens,
2121 2904 2220 2942 nec
2267 2897 2482 2944 tantum
2537 2887 2757 2943 auditui
2812 2887 3000 2956 ﬁdens,
3049 2885 3099 2939 si
3153 2884 3276 2953 quis
3322 2897 3378 2936 se
3424 2880 3651 2947 vidisse,

237 2986 339 3034 aut
366 2977 596 3031 audisse
625 2975 789 3032 dicat.
839 2977 940 3031 Eos
983 2992 1149 3047 porro
1179 2991 1452 3031 sermones
1480 2977 1588 3046 ﬁde
1616 2977 1812 3047 dignos
1842 2993 1954 3033 esse
1976 2977 2165 3044 sentit,
2189 2993 2418 3048 quorum
2451 2978 2589 3049 ipse,
2621 2980 2682 3030 ut
2708 2975 3033 3047 plurimum,
3068 2975 3121 3027 si
3140 2974 3224 3027 ita
3252 2970 3377 3042 ﬁeri
3404 2967 3650 3036 contigit,

240 3069 505 3122 oculatus
534 3074 814 3136 spectator
840 3064 972 3135 fuit,
1006 3069 1107 3120 aut
1138 3065 1206 3120 ab
1238 3064 1360 3120 illis
1417 3067 1667 3122 accurate
1687 3065 1904 3135 didicit,
1934 3068 2031 3137 qui
2059 3083 2144 3132 ea,
2178 3083 2304 3122 cum
2331 3065 2575 3137 primum
2604 3070 2762 3136 gesta.
2788 3073 2937 3134 sunt,
2988 3077 3318 3134 conspexere
3346 3075 3358 3116 :
3391 3073 3566 3127 neque
3589 3071 3653 3111 ea

227 3163 454 3213 temere
483 3157 788 3225 proferam,
844 3153 938 3210 sed
986 3153 1285 3210 multorum
1325 3155 1564 3210 aliorum
1595 3157 1767 3210 etiam
1827 3155 2138 3210 testimonio
2167 3155 2557 3228 comprobata;
2600 3170 2672 3209 ne
2720 3157 2927 3224 tempus
2975 3156 3232 3223 futurum
3286 3157 3495 3204 natura
3550 3161 3652 3200 sua

224 3247 509 3314 Pleraque
538 3241 846 3313 occultans,
903 3244 1180 3316 frequenti
1207 3260 1309 3299 suo
1346 3243 1614 3311 circuitu,
1647 3245 1760 3298 hac
1784 3260 1993 3316 quoque
2011 3245 2285 3315 paulatim
2326 3249 2656 3299 transcursu
2704 3245 2962 3298 continuo
3017 3238 3399 3297 evanescentia
3450 3235 3648 3292 deleat.

223 3332 608 3404 Quodcunque
664 3331 815 3388 enim
843 3333 1011 3387 semel
1068 3334 1348 3403 apparuit,
1379 3332 1600 3404 contegi
1629 3342 1789 3405 atque
1816 3335 1956 3388 abdi
1982 3349 2198 3389 necesse
2229 3336 2324 3400 est,
2348 3333 2814 3404 quemadmodum
2858 3333 3040 3387 nescio
3071 3333 3166 3403 qui
3209 3347 3241 3385 e
3297 3325 3652 3399 sapientibus

223 3423 408 3489 dixit,
439 3439 674 3493 vereque
702 3423 1033 3478 enuntiavit.
1073 3423 1198 3477 Hac
1230 3423 1430 3478 eadem
1463 3422 1717 3479 Historia
1742 3423 2111 3494 Pachymerae
2142 3423 2280 3479 licet
2307 3424 2420 3478 line
2452 3423 2661 3479 mutila
2691 3423 2944 3478 habetur
2972 3422 3031 3477 in
3056 3419 3406 3476 bibliotheca
3433 3419 3654 3472 Veneta

222 3513 283 3568 S.
319 3513 536 3580 Marci,
571 3512 822 3567 Scamno
852 3512 943 3580 21,
977 3528 1142 3566 num.
1175 3513 1323 3580 12,et
1352 3512 1601 3567 Scoriaci
1633 3512 1692 3566 in
1725 3512 1995 3568 biblioth.
2022 3514 2195 3585 Regis
2226 3513 2525 3578 Catholici,
2564 3512 2919 3569 Posseviuus
2949 3512 3009 3566 in
3051 3510 3246 3566 Indice
3285 3506 3651 3563 bibliothecae

221 3599 666 3657 Patmiinsulae
699 3617 712 3656 :
751 3601 1004 3655 Historia
1033 3602 1341 3671 conscripta
1385 3618 1419 3655 a
1477 3599 1750 3670 Gregorio
1797 3602 2033 3672 quodam
2079 3619 2273 3672 genere
2323 3601 2944 3674 Constantinopolitano,
2996 3605 3049 3655 et
3105 3599 3313 3654 Nicaeae
3365 3593 3650 3651 enutrito:

225 3693 561 3762 conscripta
588 3698 721 3746 sunt
747 3697 932 3746 autem
956 3692 1075 3746 acta
1107 3689 1554 3762 Palaeologorum
1583 3707 1781 3760 regum
1827 3707 1998 3762 usque
2025 3694 2098 3748 ad
2124 3694 2385 3748 Joannem
2412 3691 2810 3763 Palaeologum.
2843 3691 3122 3747 Mendum
3173 3693 3262 3745 est
3308 3688 3364 3742 in
3415 3684 3655 3740 nomine

223 3780 519 3849 auctoris,
551 3783 644 3834 est
674 3777 831 3834 enim
891 3777 1174 3849 Georgius
1224 3779 1628 3850 Pachymeres.
1673 3779 1737 3834 In
1795 3779 2148 3836 bibliotheca
2206 3780 2383 3836 etiam
2429 3781 2584 3852 regis
2632 3780 2950 3850 Gallorum,
3010 3778 3244 3849 Georgii
3300 3774 3654 3844 Pachymerz

229 3870 502 3926 Historiae
533 3867 1158 3939 Constantinopolitanae
1187 3868 1286 3923 lib.
1315 3868 1456 3924 XIII.
1481 3868 1573 3923 Est
1593 3869 1817 3939 etapud
1851 3885 1942 3924 me
1971 3869 2218 3941 integra,
2251 3874 2307 3926 et
2334 3869 2565 3940 optimae
2592 3873 2762 3926 notes.

283 3977 342 4031 6.
386 3975 668 4045 Ejusdem
701 3973 994 4047 Epistolas
1022 3979 1252 4032 Grzcas
1282 3973 1502 4030 alicubi
1535 3974 1595 4029 in
1629 3974 1809 4030 Italia;
1841 3975 2218 4032 bibliothecis
2248 3980 2494 4045 exstare,
2528 3976 2707 4032 tradit
2739 3976 3053 4040 Gesuerus,
3088 3989 3234 4045 quas
3275 3971 3410 4027 licet
3446 3973 3654 4027 anxius

220 4063 656 4138 perquisierim
691 4064 762 4119 ad
796 4063 953 4119 hunc
984 4063 1162 4131 diem,
1196 4062 1391 4119 nullas
1423 4063 1641 4118 inveni.
1675 4064 1783 4119 Eas
1813 4069 2008 4121 tamen
2043 4065 2518 4137 elegantissimas
2546 4062 3375 4133 futuras,etdicendiautiquo
3393 4065 3653 4128 nectare,

224 4159 636 4227 praeterquam
663 4154 815 4224 quod
850 4168 916 4210 eo
949 4170 1064 4209 avo
1097 4151 1412 4224 scriptores
1439 4157 1775 4222 sueverant,
1802 4153 2006 4225 plenas
2035 4153 2336 4225 suspicor;
2358 4171 2490 4211 cum
2525 4155 2724 4211 minus
2751 4154 2879 4210 aliis
2902 4154 2962 4210 in
2984 4153 3308 4227 eloquendo
3343 4150 3655 4223 Pachyme-

223 4245 388 4311 rius,
422 4242 582 4314 quod
612 4257 681 4298 ex
711 4243 970 4298 Historia
999 4248 1056 4299 et
1086 4241 1217 4299 aliis
1247 4243 1510 4314 ejusdem
1543 4243 1934 4299 tractionibus
1967 4243 2161 4316 colligi
2193 4248 2400 4316 potest,
2435 4245 2696 4316 ineptiat.

297 4334 355 4387 7.
399 4331 576 4387 Plura
600 4331 769 4387 etiam
799 4331 859 4387 in
892 4331 1219 4388 Rhetoricis
1249 4331 1471 4403 ingenii
1503 4332 1902 4404 experimenta
1930 4349 2044 4388 non
2077 4333 2354 4389 omnibus
2384 4334 2552 4390 obvia
2581 4334 2786 4401 edidit,
2813 4334 2993 4407 digna
3021 4336 3376 4404 tamen,quse
3407 4331 3507 4386 diu
3532 4348 3647 4387 non

214 4420 479 4484 lateant,
511 4419 613 4474 sed
644 4419 798 4475 bono
829 4418 1084 4490 publico,
1106 4423 1164 4475 et
1193 4419 1654 4476 adolescentium
1670 4420 2046 4493 potissimum
2066 4421 2137 4477 ad
2161 4421 2558 4494 eloquentiam
2583 4422 2734 4478 viam
2754 4423 2866 4479 sibi
2886 4423 3220 4495 parentium
3245 4419 3648 4493 publicentur:

216 4523 435 4565 eorum
471 4506 829 4573 Indicem,ut
850 4508 920 4562 ab
956 4507 1428 4576 bumauissimis,
1459 4513 1516 4564 et
1546 4507 1698 4566 bono
1729 4509 2062 4565 litterarum
2096 4511 2248 4566 natis
2280 4511 2558 4567 Puteanis
2608 4513 2805 4584 accepi
2863 4529 2931 4568 ex
2981 4513 3088 4567 cod
3140 4511 3246 4566 883
3292 4509 3654 4567 Bibliotheca

214 4599 424 4671 Regia
449 4595 756 4669 Gallorum
789 4595 882 4652 hic
910 4596 1306 4669 interponam.

285 4688 346 4743 7.
409 4682 687 4759 Γεωργίου
743 4681 1171 4762 δικαιοφύλακος
1220 4686 1308 4739 καὶ
1365 4683 1741 4760 πρωτεκδίκου
1797 4689 1893 4740 τοῦ
1944 4688 2305 4762 Παχυμὲροος
2361 4685 2582 4760 μελέται
2632 4688 2708 4752 εἷς
2746 4689 2813 4742 τὰ
2863 4687 3330 4765 προγυμνάσματα
3362 4732 3376 4759 ,
3425 4689 3514 4742 καὶ
3575 4688 3650 4752 εἷς

211 4774 313 4836 τὰς
351 4774 592 4835 στάσεις.
625 4777 679 4843 α)
715 4775 924 4838 Μῦθος.
959 4777 1190 4845 Georgii
1216 4777 1666 4849 Dicwophylacis.
1692 4785 1740 4833 et
1768 4779 1804 4831 P

2052 4779 2087 4832 :i
2115 4780 2482 4850 Pachymerae
2512 4779 2570 4834 in
2601 4784 3128 4852 Progymnasmata,
3159 4783 3211 4836 et
3257 4784 3432 4836 status
3487 4794 3645 4836 exer-

217 4866 570 4923 eitamenta.
607 4863 845 4919 Fabula.
881 4863 1194 4937 Ρ.Ἀρότου
1225 4864 1414 4938 καιρὸς
1443 4863 1629 4933 ἧν,καί
1662 4863 1916 4939 γεωργοί.

297 4952 360 5027 β)
390 4953 659 5026 Διήγημα
688 4951 750 5007 τὸ
778 4952 1022 5021 κατὰτήν
1050 4950 1336 5012 Ὀδυσσέα.
1369 4956 1633 5011 Narratio
1663 4955 1728 5011 de
1762 4956 1887 5026 Ulys

1522 4957 1633 5011 otio
1663 4955 1728 5011 de
1762 4956 1964 5026 Ulysse.
1995 4957 2057 5012 P.
2092 4949 2288 5024 υσνὲϐη
2321 4955 2454 5009 ποτὶ
2482 4953 2571 5009 καὶ
2604 4957 2637 5025 ἡ
2673 4955 2760 5010 ἐπὶ
2791 4957 2890 5025 τήν
2923 4956 3115 5012 Ἶλίον.

290 5045 354 5116 γ)
385 5041 648 5115 Διήγημα
677 5041 739 5096 τὸ
768 5041 904 5097 κατᾶ
927 5041 1027 5111 τὴν
1058 5041 1396 5116 κεκαυμένην
1428 5042 1625 5113 ζώνην,
1666 5046 1883 5100 Narralt

2089 5061 2229 5102 zona
2287 5046 2521 5103 torrida.
2575 5050 2638 5102 P.
2699 5045 2754 5099 Ὁ
2809 5053 2910 5116 τῆς
2976 5045 3228 5119 οὐρανόθι
3289 5046 3464 5118 ζώνης
3521 5049 3646 5121 περὶ

217 5129 431 5195 θέλων.

293 5215 353 5288 ὃ)
383 5216 555 5291 Χρεία
583 5216 809 5295 λογική.
842 5221 1019 5278 Chria
1047 5237 1162 5294 qua:
1192 5225 1408 5279 tantum
1430 5223 1705 5278 sententia
1723 5229 1886 5278 constt

2050 5231 2076 5277 ’.
2126 5221 2429 5297 Χαιρήμων
2477 5217 2601 5299 ἔφη’
2661 5223 2844 5278 Πάντα
2897 5222 2963 5278 τὰ
3019 5223 3193 5299 ἀγαθὰ
3248 5223 3298 5278 ἐν
3363 5219 3513 5298 μόνῳ
3566 5228 3643 5296 τῷ

222 5312 457 5383 φρονεῖν
492 5304 658 5363 ἔστιν.

287 5398 340 5466 ε)
378 5394 586 5467 Γνώμη
619 5397 1026 5468 Δημοσθένους.
1060 5404 1153 5454 Δεῖ
1182 5397 1247 5467 ὃή
1282 5400 1612 5474 χρημάτων,
1643 5399 1731 5454 καὶ
1780 5397 1903 5453 ἄνευ
1959 5398 2168 5454 τούτων
2226 5397 2378 5455 οὐδὲν
2438 5396 2549 5454 ἔστι
2607 5400 2844 5473 γενέσθθι
2902 5407 3010 5457 τῶν
3063 5400 3310 5458 δεόντων.
3363 5402 3643 5459 Sententia

210 5485 621 5542 Demosthenis.
654 5489 802 5558 Opus
825 5497 904 5545 est
925 5493 1205 5560 pecuniis,
1237 5499 1287 5546 et
1315 5489 1437 5547 sine
1467 5490 1550 5546 his
1571 5489 1721 5546 nihil
1751 5490 1896 5563 quod
1925 5506 2060 5562 opus
2086 5492 2239 5562 [actu
2267 5493 2359 5558 sit,
2391 5491 2517 5560 ﬁeri
2556 5495 2765 5563 nequit.
2822 5494 2883 5548 P.
2933 5489 3121 5554 Οὕτως
3175 5491 3276 5566 ἄρα
3321 5495 3402 5562 τῷ
3449 5497 3639 5562 Δημο-

212 5573 398 5628 σθένει
432 5574 460 5627 ὁ
492 5573 635 5636 αἶνος
667 5576 732 5644 ἦν
767 5573 968 5639 ἱκανός.

293 5668 350 5726 ς)
387 5661 687 5732 ’Δνασκευὴ
718 5666 822 5718 τοῦ
853 5664 977 5742 περὶ
1004 5669 1104 5722 τοῦ
1135 5662 1302 5742 ῥόδου
1331 5664 1694 5741 διηγήματος.
1725 5673 1886 5725 Destr

2084 5671 2471 5728 Narrationem
2510 5671 2576 5726 de
2624 5688 2753 5728 rosa
2807 5669 2971 5726 nullo
3026 5671 3191 5727 modo
3248 5667 3640 5725 verosimilem-

209 5768 359 5810 esse.
397 5757 462 5813 P.
487 5749 653 5827 Εἴπερ
689 5750 948 5827 ἀληθείας
979 5751 1139 5812 οὐδὶν
1187 5753 1610 5834 ἆσφαλὲστερον.
