4034 6200
476 246 506 298 4
517 248 533 300 t
544 246 578 297 5
1745 234 2069 290 GEORGII]

2205 233 2659 289 ΔΟΗῩΠΕΒΕΒ.
3717 252 3798 306 416

548 371 596 441 ζ)
633 366 932 431 Κατασκευὴ
967 361 1026 416 έκ
1051 365 1148 416 τοῦ
1177 357 1422 415 ἐναντίου
1449 362 1547 413 τοῦ
1578 356 1923 434 διηγήματος
1947 361 2050 411 τοῦ
2077 357 2214 410 κατᾶ
2240 356 2303 410 τὸ
2325 353 2506 433 ῥόδον.
2552 359 2797 415 ΛεωνιῘο
2828 375 2843 415 ε
2876 361 3273 418 Ναλναιίοηειη
3302 363 3454 420 illam
3496 370 3797 433 verisimilem

474 474 602 514 esse.
630 459 686 513 Ρ.
720 457 929 528 Ἔγωγε
963 453 1057 524 μὲν
1087 450 1290 529 φιλεῖν,

545 568 602 630 η)
636 562 821 621 Κοινὸς
852 559 1019 621 τόπος
1047 559 1183 613 κατᾶ
1213 555 1493 632 Λοιδὸρου.
1533 559 1700 613 Locus
1729 557 2038 611 communis
2066 571 2138 610 co}

2205 571 2261 608 να
2295 555 2646 610 Maledtcum.
2706 557 2766 611 P.
2821 554 3053 630 ’Ἄνδρες
3111 553 3374 626 δικασταῖ,
3435 559 3597 636 λόγων
3641 563 3798 644 ὀλίγων

474 648 938 722 πεπαιδευμέιων.

547 756 598 819 θ)
629 756 933 832 Ἐγκώμιον
967 753 1191 817 Αἷάντος
1227 758 1325 810 τοῦ
1354 750 1733 826 Τελαμωνίου.
1756 751 2023 808 Laudatio
2048 752 2140 820 Δία

1912 755 2023 808 atio
2048 752 2228 820 Aiacis
2259 752 2575 821 Telamonii,
2607 757 2671 820 P,
2695 751 2760 808 Εἰ
2793 753 2889 825 μὶν
2921 753 2986 821 ἦν
3018 754 3111 808 τὸν
3143 755 3348 810 ἅπαντα
3375 755 3505 830 βίον.

549 866 588 936 ι)
620 864 804 940 Ψόγος
831 869 926 920 τοῦ
953 863 1189 936 Πάριδος
1221 861 1602 939 Ἀλεξάνδρου,
1633 861 1972 934 Vituperatio
2003 866 2142 917 Paro

2054 861 2238 916 aratlis
2266 863 2591 917 Alexandri.
2625 863 2685 918 P.
2728 859 2856 918 Οἷδέ
2883 884 2968 924 τις
2995 862 3086 917 καὶ
3110 859 3301 939 κέρδος
3333 865 3433 919 ἀπὸ
3457 864 3647 929 κακίας.

547 973 621 1044 ια)
657 971 944 1048 Σύγκρισις
974 971 1156 1033 ἐλαίας
1186 970 1276 1026 καὶ
1310 969 1586 1043 ἀμπέλου.
1623 970 1911 1042 Compario
1941 971 2130 1038 olivae,

1959 971 2130 1038 ilices,
2160 979 2214 1026 et
2241 969 2391 1026 vitis.
2414 971 2476 1026 P.
2501 967 2603 1026 Καὶ
2633 969 2700 1024 τὰ
2729 971 2868 1047 φυτά
2896 971 3244 1046 παρεοικέναι
3275 969 3552 1042 ἀλλήλοις.

544 1078 623 1154 ιβ)
651 1078 958 1142 ’Πθοποιία.
1008 1077 1173 1140 Τίνας
1203 1077 1399 1152 λόγους
1430 1077 1543 1131 εἶπε
1575 1073 1843 1154 φειδωλὸς
1873 1076 2307 1151 ἀναγκαζόμενος
2338 1075 2505 1145 έστιῷ
2561 1074 2779 1150 ἑτέρους
2831 1075 3165 1140 καλέσαντας
3215 1077 3492 1153 πρότερον.
3549 1083 3805 1155 Ethopaia.

481 1171 615 1237 Quae
646 1171 848 1226 dixerit
871 1187 1092 1236 avarus,
1121 1187 1243 1224 cum
1263 1175 1544 1241 cogeretur
1570 1184 1661 1223 eos
1690 1168 1747 1222 in
1770 1167 2082 1223 convivium
2109 1182 2318 1235 vocare,
2351 1169 2447 1238 qui
2475 1167 2720 1223 eumdem
2749 1169 2904 1239 prius
2932 1167 3190 1225 conuiuio
3214 1178 3552 1241 exceperant.
3596 1172 3650 1227 P.
3690 1175 3806 1229 Φεῦῐ

473 1257 548 1320 ὡς
579 1255 830 1334 λαμπρὸς
861 1259 1120 1333 ἑστιάτωρ
1153 1257 1279 1332 ἐγὼ,
1311 1258 1400 1312 καὶ
1431 1257 1568 1330 πρὸς
1598 1254 1664 1309 τὰ
1693 1252 1902 1311 δεῖπνα.

551 1366 626 1438 ιγ)
660 1366 952 1442 Ἐκφρασις
984 1367 1083 1419 τοῦ
1113 1363 1519 1439 Αὐγουτεῶνος.
1552 1365 1850 1436 Descriptio
1881 1364 2144 1435 Augusteo

2214 1366 2260 1418 s.
2302 1363 2378 1435 (0)
2411 1364 2467 1419 P.
2500 1363 2576 1420 Τὸ
2605 1366 2701 1416 τοῦ
2729 1366 2863 1417 Θεοῦ
2891 1361 3125 1437 τέμόνος
3171 1365 3207 1433 ἡ
3259 1362 3416 1442 σοφίη
3463 1363 3678 1428 πολλαῖς
3717 1367 3807 1439 μὶν,

474 1451 564 1506 καὶ
596 1450 984 1516 παντοδαπαῖς.

551 1557 624 1633 ιδ)
655 1560 831 1636 Θέσις,
864 1561 909 1617 εἶ
941 1560 1260 1618 πλευστέον.
1283 1563 1652 1634 Propositum,
1684 1578 1765 1618 an
1794 1559 2144 1633 navigandun

2221 1564 2286 1614 P.
2320 1558 2479 1615 Καλὰ
2512 1559 2607 1633 μὲν
2636 1559 2725 1614 καὶ
2753 1559 2820 1615 τὰ
2850 1559 3103 1637 αὐθιγενῆ
3133 1557 3285 1634 δῶρα
3330 1565 3434 1616 τῶν
3480 1559 3673 1617 πόλεων
3718 1567 3809 1624 τοῖς

471 1649 737 1714 ἐποίκοις.

547 1760 610 1832 ιε)
665 1758 978 1834 Κατηγορία
1041 1757 1212 1832 νόμου
1285 1759 1382 1811 τοῦ
1448 1754 1772 1818 κελεύοντος
1847 1754 1977 1819 τοὺς
2054 1755 2160 1810 ἀπὸ
2229 1754 2488 1832 ναυαγίου
2551 1755 2900 1830 καταίροντάς
2969 1778 3076 1812 που
3155 1754 3499 1813 σκυλεύεσθαι
3552 1756 3682 1833 παρᾶ
3725 1761 3807 1811 τῶν

477 1844 606 1902 ἐκεῖ.
641 1852 920 1906 Accusatzo
946 1851 1081 1921 legis
1111 1849 1510 1922 praecipientis,
1542 1847 1904 1919 naufragium
1931 1863 2140 1918 passos,
2171 1857 2223 1903 et
2253 1849 2585 1919 appellentes
2614 1847 2674 1902 in
2703 1849 2942 1920 aliquem
2973 1849 3170 1917 locum,
3210 1849 3287 1905 ab
3317 1850 3408 1918 iis,
3439 1865 3530 1922 qui
3565 1849 3690 1904 inibi
3712 1854 3813 1904 sunt

469 1940 782 2010 spoliandas
825 1955 958 1995 esse.
992 1938 1055 1994 P.
1083 1935 1223 2012 Ἐγὼ
1252 1933 1309 1989 δὲ
1341 1933 1487 1990 ἀλλὰ
1513 1936 1602 1990 καὶ
1635 1935 1809 2008 νόμον
1838 1933 2062 1988 σανιστᾶ

1252 1933 1309 1989 δὲ
1341 1933 1487 1990 ἀλλὰ
1513 1936 1602 1990 καὶ
1635 1935 1809 2008 νόμον
1838 1933 2155 1989 σανιστᾶντα
2184 1932 2467 1990 πολιτείαν
2493 1934 2826 2008 ἀσπάζομαι.

544 2047 616 2116 ις)
671 2043 760 2107 Εἰς
789 2045 852 2100 τὸ
883 2043 1144 2116 ἐναντίον,
1177 2043 1298 2117 περὶ
1332 2047 1428 2097 τοῦ
1453 2040 1708 2097 τοιούτου
1735 2041 1934 2115 νόμου,
1960 2041 2049 2096 καὶ
2079 2048 2137 2096 τῦ

2219 2041 2464 2113 τοιαύτης
2493 2043 2805 2106 συνθέσεως.
2835 2044 3160 2116 Oppositum
3192 2045 3259 2101 de
3294 2043 3479 2101 eadem
3507 2044 3612 2115 lege
3635 2050 3681 2100 et
3704 2059 3812 2099 com-

467 2135 758 2206 positione.

546 2241 616 2312 ιζ)
650 2242 909 2309 Σκηπτοῦ
938 2238 1356 2312 κατενεχθέντος
1385 2233 1635 2311 εὕρηνται
1688 2233 1870 2311 χιλιαι
1926 2236 2227 2292 πανοπλίαι
2260 2237 2314 2293 έν
2370 2242 2439 2312 τῇ
2490 2243 2588 2292 τοῦ
2643 2237 2974 2313 Περικλέους
3034 2237 3204 2310 οἷ’κίᾳ,
3253 2237 3348 2294 καὶ
3395 2237 3616 2314 κρίνεται
3663 2255 3818 2311 τυραν-

467 2324 615 2391 νίδος
645 2327 956 2390 ἐπιθέσεως.
1016 2326 1347 2399 Μελετῶμεν
1405 2328 1496 2381 τὸν
1552 2325 1838 2405 φεύγοντα,
1880 2326 1939 2388 ὃς
1988 2326 2077 2380 καὶ
2136 2327 2211 2388 ὡς
2267 2327 2571 2402 στρατηγὸς
2615 2326 2784 2402 λέγει,
2827 2327 2917 2382 καὶ
2967 2328 3043 2390 ὡς
3092 2327 3279 2404 ῥήτωρ
3333 2326 3715 2404 διισχυρίζεται.
3761 2325 3808 2378 Ἦ

475 2415 658 2477 στάσις
692 2416 1151 2492 στοχασμόςλοῑυ
1173 2417 1432 2489 fulminis
1462 2418 1520 2472 in
1545 2416 1776 2472 Pericli:
1804 2415 1962 2473 domo
1988 2419 2068 2471 mi

2224 2421 2487 2475 "natura?
2533 2417 2849 2475 adinventae
2893 2427 3041 2488 sunt,
3078 2423 3132 2474 et
3176 2421 3236 2473 in
3298 2419 3508 2490 iudium
3553 2425 3744 2473 vocatur
3767 2415 3817 2470 tte

467 2509 679 2562 tentata
700 2507 1017 2579 tyrannide.
1053 2507 1327 2563 Declamat
1356 2523 1506 2576 reus,
1537 2505 1635 2576 qui
1664 2509 1726 2559 ut
1747 2505 2089 2560 exercituum
2120 2504 2236 2560 duo:
2273 2521 2581 2561 sermonem
2601 2507 2857 2577 concipit,
2890 2510 2938 2562 et
2976 2514 3038 2563 ut
3083 2515 3275 2564 orator
3321 2508 3692 2564 contentionem
3712 2504 3810 2559 init-

470 2596 657 2654 Status
681 2607 763 2654 est
792 2598 1204 2670 conjecturalis.
1233 2599 1297 2656 P.
1329 2593 1497 2653 Οὐδὲν
1533 2597 1609 2660 ὡς
1637 2593 1811 2651 ἔοικεν
1837 2593 1977 2672 ἐστὶν
2009 2591 2063 2648 ἄν

1329 2593 1497 2653 Οὐδὲν
1533 2597 1609 2660 ὡς
1637 2593 1811 2651 ἔοικεν
1837 2593 1977 2672 ἐστὶν
2009 2591 2202 2668 ἄνδρὸς
2233 2595 2570 2670 συκοφάντου
2605 2593 2916 2670 βαρύτερον.

541 2708 620 2780 ιη)
653 2705 967 2784 Φιλόσοφος
1021 2703 1202 2760 ἔπεισε
1247 2704 1506 2782 τύραννον
1539 2703 1859 2768 καταθέσθαι
1893 2704 1990 2773 τὴν
2039 2700 2347 2778 τυραννίδα,
2396 2705 2486 2758 καὶ
2541 2703 2680 2758 αἰτεῖ
2724 2703 2786 2758 τὸ
2826 2705 2986 2779 γέρας
3039 2707 3146 2759 τῶν
3191 2703 3637 2780 τυραννοκτόνων.
3681 2701 3816 2756 Ἀντι-

476 2792 695 2870 λέγεται
729 2793 787 2851 δὲ
815 2796 962 2871 παρά
989 2817 1174 2854 τινων.
1209 2797 1311 2852 Καὶ
1347 2793 1660 2869 μελετῶμεν
1685 2794 1777 2848 τὸν
1811 2793 2069 2873 φιλόσοφε

2225 2795 2530 2867 hilosophus
2565 2796 2741 2850 suasit
2779 2798 3021 2867 tyranno
3081 2796 3438 2866 tyrannidem
3480 2797 3731 2867 deponere.
3771 2790 3818 2844 ει

464 2889 757 2959 premium
781 2886 1030 2958 postulat
1049 2885 1534 2959 tyrannicidarum
1559 2901 1572 2939 :
1607 2884 1913 2955 denegatur
1942 2884 2038 2939 illi
2068 2884 2138 2940 ab
2167 2883 2472 2956 aliquibus.
2503 2883 2790 2940 Declamat
2811 2885 3190 2955 philosophus.

536 2997 607 3064 ιθ)
638 2993 928 3070 Ζωγράφος
984 2992 1213 3068 ναυάγια
1268 2994 1476 3068 γράψας
1533 2991 1624 3046 καὶ
1681 2991 1805 3068 περὶ
1853 2995 1971 3053 τοῖς
2021 2989 2208 3064 λιμέσι
2241 2992 2462 3062 στήσας,
2519 2991 2595 3064 μή
2625 2990 2992 3066 καταιρόντων
3037 2995 3246 3046 ναυτῶν
3297 2991 3531 3066 κρίνεται
3578 2982 3812 3060 δημοσίων

467 3081 845 3159 ἀδικημάτων.
900 3085 1086 3142 Pictor
1104 3085 1398 3156 naufragii
1437 3102 1470 3140 a
1499 3101 1556 3140 se
1597 3084 1849 3156 depictas
1887 3083 2108 3138 tabulas
2139 3085 2197 3138 in
2246 3083 2495 3155 portibus
2550 3085 2900 3154 appinxerat,
2957 3100 3080 3140 cum
3132 3092 3322 3139 nautae
3368 3098 3474 3139 non
3531 3077 3816 3154 appellerent

469 3177 816 3248 publicorum
845 3173 1144 3230 criminum
1167 3191 1292 3230 reus
1318 3172 1404 3245 ﬁt.
1438 3179 1500 3230 P.
1532 3168 1682 3226 Ἔδει
1710 3171 1842 3226 ποτὲ
1871 3170 1961 3225 καὶ
1995 3175 2062 3240 ζω

1995 3169 2279 3248 ζωγράφον
2310 3167 2589 3243 δημοσίων
2623 3167 3018 3247 ἐγκεκλημένον
3051 3167 3348 3245 παρελθεῖν
3378 3167 3575 3234 ἐνθάδε.

537 3286 593 3351 κ)
625 3277 940 3354 Στρατηγὸς
969 3276 1331 3354 πυρπολήσας
1380 3276 1475 3339 τὰς
1524 3281 1676 3350 ναῦς,
1731 3277 1804 3338 ὡς
1853 3273 1954 3347 ἔξω
2000 3275 2189 3352 χρείας
2241 3273 2489 3348 δοξάσας,
2535 3275 2624 3331 καὶ
2675 3273 2764 3332 διὰ
2811 3281 2976 3332 ταῦτα
3004 3279 3252 3348 νικήσης,
3305 3276 3540 3352 κρίνεται
3586 3269 3818 3346 δημοσίων

459 3363 816 3438 ἀδικημάτων
851 3365 1181 3438 Μελετῶμεν
1213 3366 1307 3421 τὸν
1341 3365 1624 3443 φεύγοντα.
1659 3367 1783 3422 Dux
1808 3369 2052 3423 exercitu

2226 3370 2482 3426 crematis
2511 3367 2747 3426 navibus
2777 3378 2894 3424 tum
2921 3369 3238 3437 inutilibus,
3263 3377 3318 3425 et
3345 3367 3583 3424 hostibus
3624 3373 3819 3433 postmo-

458 3457 590 3512 dum
619 3456 925 3522 debeltatis,
941 3456 1292 3527 publicorum
1318 3456 1626 3513 criminum
1653 3473 1778 3514 reus
1797 3458 1878 3528 ﬁt.
1911 3458 2051 3514 Declt

2221 3475 2352 3515 "eus.
2387 3459 2446 3515 P.
2471 3457 2609 3534 Ἐγὼ
2643 3455 2739 3530 μὶν
2760 3454 2851 3512 καὶ
2889 3454 3054 3533 γέρας
3090 3450 3505 3531 ὑπελάμϐανον,
3535 3449 3723 3528 ἄνδρες,
3747 3445 3814 3500 ἐπὶ

462 3549 579 3606 τοῖς
609 3542 1016 3621 πεπραγμένοις
1043 3545 1387 3618 κομίζεσθαι.

531 3654 618 3721 κα)
651 3651 738 3705 Ἐν
777 3649 951 3727 τρισὶν
999 3651 1234 3728 ἡμέραίς
1273 3671 1440 3725 νομος
1483 3650 1698 3707 ἐκέλευε
1743 3653 1869 3727 περὶ
1914 3651 2169 3725 πολέμου
2220 3652 2596 3730 βουλεύεσθαι.
2643 3651 2921 3710 Ἐλάτειαν
2953 3653 3331 3728 κατασχόντος
3384 3649 3673 3716 Φιλίππου,
3721 3662 3819 3698 συν·

465 3735 724 3795 εϐούλευι
755 3739 1108 3814 Δημοσθένης
1138 3739 1450 3814 αὐθημερὸν
1479 3740 1693 3817 έξιέγαι,
1725 3742 1816 3797 καὶ
1850 3742 2058 3818 μάχεσθ

2230 3743 2440 3807 5στασις
2471 3744 2845 3820 πραγματική.
2886 3745 3077 3800 Tribus
3105 3743 3304 3800 diebus
3331 3761 3404 3801 ea:
3449 3745 3693 3815 precepto
3719 3735 3823 3804 legit

468 3831 535 3888 de
566 3832 702 3888 bello
723 3831 978 3903 faciendo
1026 3832 1416 3888 consulendum
1447 3841 1586 3889 erat.
1622 3835 1760 3890 Cum
1807 3833 2102 3907 Philippus
2144 3834 2396 3892 Etatium
2437 3842 2770 3906 occupasset,
2819 3832 3196 3890 Demosthenes
3253 3833 3520 3890 hortatur
3554 3827 3720 3885 eodem
3756 3821 3821 3876 die

466 3921 604 3976 urbe
633 3921 811 3992 exire,
843 3925 896 3978 et
920 3938 1174 3994 pugnam
1203 3924 1476 3995 experiri.
1509 3923 1698 3979 Status
1727 3925 2047 3995 negotialis.

2228 3923 2299 4000 ερὶ
2325 3921 2553 3979 πολλῶν
2587 3922 2670 3994 ἂν,
2702 3919 2748 3977 ὧ
2777 3919 2967 3999 ἄνδρες
2999 3923 3304 3994 Ἀθηναῖοι,
3336 3919 3550 3994 νομίζω
3578 3913 3821 3992 προσήκειν

469 4008 600 4082 ὑμῖν
632 4013 729 4064 τοῦ
757 4008 894 4085 πρὸς
927 4007 1210 4065 Φίλιππον
1245 4009 1617 4086 ἀγωνίζεσθαι.

535 4119 630 4194 κβ)
684 4119 1028 4194 Ἀριστεύσας
1077 4141 1162 4183 τις
1217 4115 1418 4194 ᾔτησεν
1474 4119 1550 4182 εἷς
1601 4121 1665 4176 τὸ
1738 4122 1900 4198 γέρας
1959 4120 2190 4177 πολίτου
2247 4121 2433 4200 φόνον.
2502 4119 2740 4177 Δέδωκεν
2802 4123 2838 4191 ἡ
2893 4120 3076 4185 πόλις.
3145 4118 3393 4197 Εὕρηται
3460 4107 3828 4194 προαπεκτονὼς

466 4207 655 4279 αὐτὸν,
688 4207 778 4262 καὶ
805 4207 1044 4283 κρίνεται
1074 4210 1261 4286 φόνου.
1296 4209 1630 4282 Μελετῶμεν
1660 4210 1754 4266 τὸν
1810 4213 2059 4286 κατήγορ

2232 4217 2330 4268 'um
2388 4212 2450 4268 in
2517 4213 2654 4268 bello
2711 4211 2989 4284 qutspiam
3038 4210 3242 4282 optime
3296 4226 3357 4267 se
3403 4207 3662 4280 gessisset,
3708 4212 3825 4273 pra?-

473 4299 650 4350 mium
675 4296 786 4352 sibi
815 4297 945 4353 dari
971 4299 1291 4369 postulavit,
1343 4300 1478 4355 civis
1508 4305 1694 4372 caput.
1731 4301 1863 4357 Urbs
1907 4301 2188 4357 concessit.
2218 4301 2356 4357 Cum
2401 4306 2529 4358 ante
2579 4304 2933 4373 impetratum
2979 4303 3276 4372 praemium
3320 4298 3620 4362 occidisset,
3662 4292 3720 4348 de
3751 4289 3828 4343 h0-

465 4385 692 4441 miczdio
717 4387 1051 4457 postulatur.
1086 4389 1359 4445 Declamet
1407 4397 1714 4445 accusator.
1772 4394 1831 4446 P.
1891 4395 2005 4459 Τῆς

2234 4389 2514 4464 ἱριστείας,
2571 4390 2617 4444 ὦ
2669 4390 2934 4458 νεανίσκε,
2974 4385 3192 4444 πολλοῦ
3251 4385 3338 4443 δεῖ
3392 4386 3484 4443 καὶ
3529 4388 3622 4440 τοῦ
3669 4375 3827 4435 παντὸς

464 4471 748 4550 έμφεσθαιε

531 4579 618 4654 κγ)
678 4577 934 4653 Πολέμου
992 4576 1167 4653 ὅντος,
1223 4583 1314 4637 καὶ
1371 4582 1698 4660 πολιορκίας
1747 4584 1983 4642 ἀνελθών
2036 4607 2119 4649 τις
2174 4587 2323 4660 ξένος
2380 4585 2468 4642 ἐπὶ
2517 4586 2581 4642 τὸ
2633 4592 2820 4663 τεῖχος
2866 4586 3179 4658 ἠρίστευσεν
3211 4584 3391 4658 νόμου
3439 4580 3739 4639 κελεύοντος
3766 4570 3824 4644 μὴ

469 4665 669 4723 ἀνιέναι
726 4668 874 4739 ξένον
934 4668 984 4725 έν
1043 4672 1279 4744 τοιούτῳ
1315 4677 1512 4748 καιρῷ,
1563 4673 1653 4728 καὶ
1713 4675 1972 4751 ὑπάγεται
2029 4697 2058 4731 τ

2236 4699 2334 4750 λῳ.
2392 4681 2683 4735 Premente
2731 4677 2878 4735 bello
2929 4682 3090 4750 atque
3132 4679 3442 4745 obsidione,
3493 4674 3687 4732 advena
3733 4663 3829 4738 qui-

469 4758 603 4814 dam
648 4775 872 4816 ascenso
928 4777 1091 4817 muro
1144 4765 1328 4833 prima
1374 4780 1612 4835 pravmta
1666 4770 1926 4822 meretur.
1983 4772 2370 4824 Verumtamen
2406 4785 2530 4824 cum
2570 4770 2662 4826 lex
2711 4768 3044 4841 prohiberet,
3074 4785 3145 4824 ne
3199 4767 3324 4841 quis
3372 4766 3582 4822 advena
3631 4765 3831 4826 tempore

474 4850 608 4906 belli
639 4867 865 4908 murum
895 4853 1234 4924 ascenderet,
1275 4855 1341 4912 de
1367 4856 1643 4914 volattone
1673 4857 1810 4930 legis
1834 4860 2067 4932 postulat

2233 4864 2279 4916 Ρ.
2331 4859 2476 4934 Ἐγὼ
2537 4859 2657 4932 μὲν,
2706 4859 2752 4913 ὦ
2804 4855 3015 4935 ἄνδρες,
3053 4858 3144 4913 καὶ
3174 4855 3301 4934 πρὶν
3337 4856 3417 4920 εἷς
3449 4848 3732 4928 ἀπολογίαν
3755 4859 3826 4899 κα·

460 4945 724 5008 ταστῆσαι
735 4981 748 4995 .

527 5041 616 5118 κδ)
674 5044 863 5118 Νόμος
891 5046 983 5101 τὸν
1029 5047 1408 5126 ἀποκήρυκτον
1460 5050 1535 5123 μὴ
1583 5050 1831 5126 μετέχειν
1859 5056 1966 5107 τῶν
2013 5054 2305 5128 πατρῴων,
2354 5053 2448 5108 καὶ
2490 5050 2657 5109 πάλιν
2709 5051 2904 5122 ἄλλος,
2953 5051 3046 5108 τὸν
3094 5051 3448 5116 ἐπιμείναντα
3494 5039 3826 5125 χειμαζομένῃ

459 5135 556 5204 νηῒ
615 5132 880 5206 δεσπότην
930 5137 1061 5192 εἶναι
1113 5145 1212 5209 τῆς
1265 5141 1421 5202 νεώς.
1472 5140 1879 5218 ’Δποκήρυκτος
1930 5141 2178 5217 ἐπέμεινε
2223 5141 2460 5218 πατρίδα
2514 5144 2610 5214 νηῒ
2660 5143 3066 5218 χειμαζομένῃ,
3125 5142 3215 5198 καὶ
3275 5139 3521 5218 εἴργεται
3578 5136 3728 5202 αὐτῆς

464 5223 742 5298 πατρῴαςο
776 5223 1111 5300 Μιλετῶμεν
1137 5228 1228 5282 τὸν
1257 5227 1664 5301 ἀποκήρυκτον.
1688 5216 1803 5288 Leo:
1830 5237 1926 5300 est,
1960 5216 2057 5290 abd

2241 5252 2245 5281 τ
2292 5216 2357 5289 in
2381 5233 2632 5306 paternis
2663 5216 2896 5306 partem
2938 5216 3048 5290 non
3104 5216 3338 5288 habeat
3385 5231 3451 5286 Et
3500 5229 3619 5284 alia
3670 5216 3834 5295 quiin

461 5313 600 5370 navi
625 5317 943 5389 tempestate
962 5319 1176 5390 jactata
1197 5318 1522 5390 perstiterit,
1567 5319 1824 5376 dominus
1864 5321 2024 5378 navis
2078 5327 2182 5379 est.
2212 5321 2508 5379 Abdicatus
2564 5324 2625 5378 in
2666 5327 2910 5395 paterna
2955 5323 3100 5379 navi
3143 5319 3405 5395 procellis
3447 5321 3640 5377 obruta
3685 5320 3835 5384 perse-

529 5575 608 5647 (a)
644 5577 774 5654 ῌεερ
803 5576 1147 5654 Augustalis
1177 5577 1235 5632 in
1266 5574 1490 5654 tempto
1521 5575 1749 5654 sophiae
1807 5577 2114 5654 Cquitano
2225 5579 2308 5637 De
2333 5581 2708 5654 Aqgusteone
2735 5582 2867 5638 vide
2895 5583 3171 5653 Goarum,
3203 5580 3263 5637 in
3290 5579 3457 5637 notia
3487 5578 3560 5637 ad
3585 5572 3832 5636 Codinum

461 5647 1016 5724 descriptioﬁriace
1045 5648 1203 5724 edita
1232 5665 1271 5724 ς
1292 5647 1819 5724 clariss._qu_vipo_
1857 5651 1930 5724 ad
1975 5655 2053 5724 Gr

852 5647 1016 5724 trinae
1045 5648 1203 5724 edita
1232 5665 1271 5724 α
1292 5647 1819 5724 clariss._qu_vipo_
1857 5651 1930 5724 ad
1975 5655 2114 5724 Gre;
2227 5667 2286 5724 p.
2321 5647 2445 5709 13οῖ

485 5717 688 5773 nor-ani
719 5735 776 5790 p.
800 5720 928 5786 764,
961 5734 993 5776 e
1021 5719 1220 5776 codice
1242 5719 1385 5776 3119
1413 5717 1590 5792 Regis
1609 5719 2115 5780 Christianissimi.
