3944 6202
164 424 260 480 433
1710 427 1769 480 N1

1891 427 2022 479 ῙἾΔ.
3465 429 3570 484 434

159 548 532 618 quibusdam,
560 564 692 618 qua:
715 563 900 619 supra
924 546 1008 602 lib
1039 564 1100 616 ιι,
1134 564 1260 620 cap.
1288 548 1374 616 13,
1410 547 1543 618 (vol.
1598 551 1642 616 Ι,
1696 564 1752 618 p.
1807 547 1956 618 834),
2019 549 2075 602 in
2134 549 2389 620 Archyta
2446 550 2748 606 recensui:
2807 551 3008 608 Latine
3063 568 3200 608 vero
3253 552 3570 624 Oporimus

162 635 324 690 Basil.
357 636 414 701 8,
443 651 579 690 cum
614 635 924 706 Porphyrii
958 637 1216 708 quinque
1248 636 1488 691 vocibus
1520 635 1587 706 (ε)
1619 639 1674 690 et
1701 635 2033 691 Aristotelis
2068 637 2532 707 praedicamentis
2564 656 2594 694 a
2652 639 2854 696 Joach.
2910 641 3172 696 Perionio
3229 641 3432 696 versis.
3499 643 3572 712 Et

162 741 276 795 quas
305 727 502 780 Graece
535 729 714 796 atque
749 725 957 779 Latine
989 741 1117 780 cum
1152 726 1354 780 Jacobi
1383 724 1689 780 Foscareni
1721 725 1985 781 versione
2018 727 2363 796 prodierunt
2407 728 2767 799 Pachymerm
2826 731 2898 784 De
2967 730 3331 801 philosOphia'.
3367 729 3565 796 deﬁni-

160 815 392 868 tionibus
411 823 464 868 et
493 813 740 886 quinque
769 813 995 869 vocibus
1028 831 1092 868 ac
1121 813 1302 869 decem
1322 813 1790 884 pra’dzcamentis,
1823 813 2026 869 Venet.
2066 815 2222 880 1532,
2256 819 2309 886 8,
2343 817 2540 871 addita
2567 816 2732 872 Pselli
2775 823 2830 871 et
2881 818 3190 888 Nicephori
3235 818 3573 874 Blemmidae

161 901 514 973 compendiis
573 903 628 956 in
683 902 950 974 logicum
993 902 1348 957 Aristotelis.
1413 901 1465 975 β)
1534 902 1655 974 περὶ
1715 901 1769 955 ἆτ

1891 923 1935 955 ›ν
1992 907 2282 975 γραμμῶν,
2347 905 2410 960 de
2461 907 2619 960 lineis
2676 905 3072 961 insecabilibus
3129 905 3360 962 libellus
3420 923 3574 978 saepe

161 997 392 1062 utraque
426 991 630 1063 lingua
665 993 720 1045 in
759 990 1089 1046 Aristotelis
1120 992 1394 1062 Operibus
1427 991 1622 1047 editus
1653 995 1709 1046 et
1760 992 2051 1047 Aristoteli
2105 993 2214 1063 ipsi
2250 1013 2281 1049 a
2333 994 2554 1058 multis,
2616 999 2930 1065 antequam
2995 1012 3246 1050 errorem
3283 1001 3569 1050 notarent.

159 1080 445 1135 Camotius
479 1088 536 1134 et
569 1081 638 1135 Η.
674 1080 1036 1151 Stephanus,
1079 1097 1381 1151 perperam
1412 1081 1979 1150 adscriptus.Latine
2008 1082 2182 1137 vertit
2209 1084 2328 1137 Jac.
2367 1082 2676 1137 Schekius.
2709 1083 2874 1148 Vide,
2922 1084 2968 1137 si
3008 1083 3213 1153 placet,
3272 1100 3397 1153 qum
3451 1083 3569 1136 dixi

154 1166 238 1222 lib.
270 1185 359 1236 ιιι,
383 1185 517 1240 cap,
542 1171 650 1237 5.§
680 1171 749 1224 28
793 1169 929 1235 (301.
976 1171 1074 1235 Ill,
1135 1186 1189 1240 p.
1244 1170 1394 1239 261.)
1445 1176 1498 1241 γ)
1540 1170 1770 1240 Epitone
1818 1169 2069 1238 denique
2127 1170 2256 1241 ipsa
2307 1169 2668 1240 philosOphiu:
2721 1170 2924 1225 Latine
2973 1189 3042 1226 ex
3089 1170 3570 1241 interpretatione

153 1254 390 1328 Philippi
422 1257 645 1326 Bechii,
678 1257 1016 1328 philosophi
1047 1273 1111 1312 ac
1164 1257 1398 1324 medici,
1451 1257 1625 1310 Basil.
1669 1257 1830 1326 1560,
1882 1258 1958 1312 fol
2004 1274 2136 1312 cum
2200 1259 2427 1330 Synesii
2477 1259 2842 1314 orationibus
2906 1259 3004 1331 (ά).
3064 1259 3226 1314 Hanc
3273 1259 3566 1330 epitomen

152 1346 389 1402 Eumoro
423 1347 660 1402 cuidam
694 1350 899 1402 auctor
929 1347 1164 1408 dicavit,
1196 1351 1262 1401 ut
1291 1351 1452 1416 patet
1482 1363 1549 1401 ex
1572 1346 1941 1417 Pachymerai
1975 1349 2043 1401 ad
2077 1363 2205 1402 eum
2229 1348 2493 1403 versibus
2525 1350 2715 1420 (surrn
2746 1349 2853 1404 col.
2887 1350 2991 1402 419
3020 1349 3225 1416 editis).

212 1435 272 1490 In
307 1435 785 1490 Casaubonianis
809 1453 862 1506 p.
894 1436 984 1502 21,
1019 1435 1297 1490 laudatur
1327 1434 1552 1506 Georgii
1589 1435 1958 1506 Pachymeris
2004 1438 2115 1490 vita
2161 1437 2553 1508 Chrysostomi,
2590 1439 2660 1492 de
2687 1454 2805 1509 qua
2864 1437 3006 1492 nihil
3061 1453 3310 1508 usquam
3374 1437 3568 1507 legere

150 1540 230 1578 me
251 1525 527 1580 memini.
562 1527 748 1590 Quam
785 1525 940 1579 enim
965 1523 1251 1579 habemus
1284 1524 1562 1594 scriptam
1596 1523 1890 1594 aGeorgio
1921 1524 2318 1595 Chrysostomi
2373 1527 2595 1592 Vitam,
2651 1528 2807 1598 quod
2865 1527 3246 1582 Casaubonus
3300 1525 3568 1596 ignorare

149 1611 382 1666 minime
433 1612 625 1684 potuit
683 1613 854 1683 longe
904 1611 1252 1682 antiquioris
1305 1616 1410 1679 est,
1452 1617 1510 1666 et
1553 1611 1753 1666 Photio
1805 1612 1930 1682 jam
1988 1612 2207 1667 laudati
2261 1614 2486 1684 Georgii
2551 1614 2919 1670 Alexandrini
2991 1615 3270 1685 episcopi,
3320 1613 3392 1669 de
3450 1629 3567 1684 quo

146 1701 357 1772 prolixe
407 1701 735 1768 Hanckius,
779 1701 850 1756 de
901 1700 1288 1771 scriptoribus
1337 1700 1468 1772 Byz.
1511 1706 1660 1771 part.
1704 1719 1746 1769 1,
1801 1717 1929 1772 cap'
1982 1702 2065 1756 10.
2130 1702 2242 1756 Sed
2299 1703 2633 1758 Casauboni
2696 1704 2864 1758 verba
2932 1703 3260 1758 adscribam
3297 1721 3308 1757 :
3340 1701 3567 1770 Georgii

145 1791 494 1860 Pachymcris
543 1790 607 1844 de
669 1791 784 1846 Vita
861 1789 1227 1861 Chrysostomi
1283 1790 1422 1844 liber
1475 1799 1552 1844 est
1602 1790 1820 1844 eximus
1877 1798 1930 1844 et
1975 1799 2196 1862 propter
2247 1801 2636 1862 argumentum
2692 1800 2743 1846 et
2792 1793 3049 1846 nonnihil
3106 1792 3272 1846 etiam
3336 1795 3568 1861 propter

141 1879 456 1949 scriptorem
489 1878 671 1950 ipsum
696 1888 717 1932 .‘
743 1895 886 1949 pura
915 1882 994 1933 est
1024 1878 1184 1945 huius
1209 1880 1386 1933 oratio
1419 1877 1500 1949 (at
1529 1878 1586 1932 in
1649 1878 1892 1950 Georgio
1941 1878 2098 1934 Alex.
2149 1880 2363 1952 stylum
2424 1882 2797 1952 reprehendit
2851 1881 3114 1952 l’hotius)
3171 1896 3345 1952 neque
3402 1882 3561 1935 omni

140 1967 366 2038 artiﬁcio
416 1968 650 2033 nudata,
708 1975 759 2023 et
804 1985 936 2023 cura
982 1967 1291 2024 dictionis:
1356 1964 1659 2027 ἐπιστάσεις
1717 1965 1769 2019 αἰ

1891 1966 2010 2021 τικαὶ
2073 1969 2269 2041 quales
2345 1972 2404 2026 in
2462 1971 2736 2027 historicis
2819 1971 3240 2027 observabamus
3299 1972 3554 2039 frequen-

142 2057 381 2114 tissime.

1421 2146 1777 2216 Pachymerw
1803 2145 2002 2217 scripta
2037 2147 2274 2203 inedita.

200 2258 417 2310 Praeter
448 2253 854 2325 Paruphrasim
883 2253 944 2307 in
974 2255 1292 2309 universam
1339 2253 1646 2308 Aristotelis
1700 2252 2142 2325 philosOphiam,
2190 2256 2260 2310 de
2309 2272 2425 2327 qua
2472 2257 2597 2328 jam
2657 2257 2798 2325 dixi,
2855 2259 2911 2312 et
2963 2256 3130 2326 cujus
3176 2255 3361 2326 major
3417 2269 3554 2324 pars

125 2342 297 2398 Graec
334 2341 538 2398 adhuc
567 2341 938 2397 bibliothecis
973 2347 1146 2412 atque
1177 2342 1408 2414 integra
1453 2343 1508 2396 in
1554 2341 1995 2398 Vindoltonensi
2027 2343 2098 2414 (e)
2149 2342 2454 2415 delitescit,
2513 2350 2820 2402 servantur
2861 2345 2919 2400 in
2978 2344 3120 2399 bibl.
3169 2342 3322 2414 regis
3351 2340 3549 2398 Gallia;

123 2433 237 2486 cod.
265 2431 512 2502 3119([)
540 2429 920 2502 Pachymeris
954 2425 1174 2502 μελέται
1217 2427 1294 2491 εἷς
1333 2430 1400 2483 τὰ
1447 2427 1769 2503 προγυμνάσ

1891 2450 1919 2482 α
1956 2429 2046 2482 καὶ
2097 2427 2172 2493 εἷς
2227 2432 2324 2492 τὰς
2382 2431 2614 2494 στάσεις.
2666 2436 3108 2491 Exercitamenta
3157 2431 3428 2487 rhetorica
3486 2433 3546 2486 in

117 2523 614 2593 progymnasmata
645 2529 697 2575 et
725 2525 915 2575 status.
953 2519 1332 2592 Singulorum
1365 2519 1571 2575 titulos
1602 2525 1658 2575 et
1689 2519 1856 2574 initia
1882 2519 2118 2575 exhibet
2146 2519 2390 2577 Allatius
2413 2523 2482 2578 de
2515 2524 2779 2595 Georgiis
2810 2541 2866 2595 p.
2898 2523 3023 2591 369,
3056 2522 3180 2586 370,
3207 2521 3306 2575 471
3350 2523 3542 2592 (supra

120 2610 213 2663 col.
244 2611 376 2679 413)
409 2609 472 2664 in
506 2608 724 2680 quibus
757 2613 848 2663 est
877 2607 1052 2663 etiam
1086 2604 1342 2683 ἔκφρασις
1368 2611 1464 2660 τοῦ
1502 2604 1769 2680 Αὐγουστε

1891 2627 1934 2677 ς,
1967 2625 2144 2678 quam
2177 2609 2400 2665 Boivini
2434 2611 2716 2667 beneﬁcio
2748 2611 2963 2667 habere
2996 2627 3100 2665 nos
3132 2609 3258 2679 jam
3309 2607 3534 2663 monui.

120 2697 415 2768 Epistolas,
451 2714 603 2768 quas
631 2697 691 2752 in
718 2696 1084 2752 bibliothecis
1108 2695 1283 2752 Italia:
1315 2695 1495 2752 latere
1525 2696 1764 2766 scripsit
1800 2697 2116 2761 Gesnerus,
2160 2715 2464 2770 nunquam
2512 2700 2764 2772 reperire
2796 2715 2857 2755 se
2887 2699 3174 2772 potuisse,
3207 2695 3344 2752 licet
3371 2697 3540 2752 anxie

117 2786 497 2857 perquisitas,
529 2789 784 2840 testatur
808 2785 962 2840 idem
1003 2783 1258 2840 Allatius
1287 2789 1344 2840 et
1375 2784 1531 2840 dolet
1563 2801 1575 2838 :
1602 2785 1708 2850 Eas
1738 2785 1907 2850 enim,
1944 2784 2156 2856 inquit,
2188 2787 2628 2857 elegantissimas
2662 2791 2914 2858 (ulmus,
2945 2795 2997 2842 et
3045 2786 3269 2840 dicendi
3311 2787 3537 2856 antiquo

119 2872 756 2946 néctare,przterquam
787 2875 927 2946 quod
967 2890 1026 2930 eo
1084 2889 1206 2931 aevo
1258 2882 1552 2946 scriptores
1597 2879 1895 2928 sueverant
1947 2872 2137 2943 plenas
2191 2878 2439 2947 suspicor
2467 2895 2490 2940 ;
2546 2892 2672 2934 eum
2725 2878 2912 2931 minus
2953 2873 3085 2928 aliis
3135 2875 3194 2927 in
3241 2873 3536 2944 elequendo

1883 3014 2007 3069 Lat.
2043 3014 2216 3086 longe
2262 3017 2563 3072 meliorem
2621 3021 2679 3071 et
2733 3014 3152 3071 accuratiorem
3210 3012 3525 3086 editionem

1924 3101 2052 3141 osse
2082 3083 2375 3154 adornari.
2413 3089 2512 3143 Ille
2539 3094 2735 3144 tamen
2761 3087 2888 3142 cod.
2923 3088 3200 3154 praeterea
3230 3084 3301 3137 ab
3361 3083 3526 3154 initio

1924 3102 2052 3141 osse
2082 3102 2375 3142 adornari.
2413 3102 2512 3143 me
2539 3102 2735 3144 tamen
2761 3102 2888 3142 coa.
2923 3102 3200 3154 praeterea
3230 3102 3301 3137 an
3361 3102 3525 3137 initio

1882 3102 2057 3231 habet
2095 3153 2379 3231 διαίρεσιν,
2429 3164 2574 3225 etc.;
2607 3158 2979 3231 divisionem
3018 3155 3289 3231 locorum
3338 3153 3525 3231 diale-

1881 3225 2727 3299 cticorum,'quemadmodum
2786 3229 2943 3299 ipsos
3002 3226 3201 3299 divisit
3247 3225 3527 3299 Italorum

1883 3299 2146 3369 quidam,
2167 3296 2358 3356 dic—tus
2380 3301 2635 3370 Boetius,
2660 3299 2760 3371 qui
2784 3296 3022 3371 quidem
3047 3298 3102 3352 in
3129 3297 3224 3371 Gr.
3262 3296 3526 3371 linguam

1883 3367 2152 3425 translati
2186 3377 2344 3427 sunt.
2379 3374 2528 3428 Tum
2560 3367 2766 3426 in’ﬁ'ne
2799 3367 3098 3426 adduntur
3146 3369 3300 3424 Man.
3363 3367 3525 3422 Phile

1881 3443 2338 3499 versusiambici
2380 3453 2611 3500 centum
2637 3442 2993 3514 sepulcrales
3012 3441 3069 3514 in
3087 3438 3522 3514 Pachymerem,

1882 3514 2099 3586 quibus
2128 3514 2226 3570 ille
2255 3517 2346 3570 sui
2381 3510 2751 3586 praeceptoris
2781 3514 3005 3570 obitum
3031 3510 3320 3586 deplorat.
3343 3541 3422 3586 _—-
3457 3515 3522 3586 in

1882 3533 2099 3583 quDllS
2128 3533 2226 3570 me
2255 3533 2346 3570 sui
2381 3533 2562 3586 prisce
2609 3533 2751 3570 toris
2781 3533 3005 3570 omium
3037 3533 3320 3581 αθριυηιῑ..
3353 3541 3422 3550 --
3457 3533 3517 3564 1n

1881 3585 2007 3639 cod.
2045 3586 2095 3664 1_,
2129 3603 2220 3664 nr,
2269 3589 2324 3664 3,
2356 3587 2500 3664 plut.
2528 3533 2618 3652 8g,
2653 3589 2925 3664 excerpta
2963 3584 3181 3664 Atria_ex_
3209 3582 3309 3638 Ge.
3337 3580 3517 3664 Puch.

1880 3656 2223 3727 paraphrasi
2272 3653 2718 3713 in'universam
2768 3653 3000 3712 Aristot.
3062 3653 3517 3727 philosophiam.

1879 3725 1942 3782 V.
1977 3725 2224 3783 Bandin.
2259 3730 2355 3795 III,
2392 3747 2444 3798 p.
2472 3730 2579 3784 284
2605 3746 2694 3800 sq.
2722 3725 3081 3800 —In7cod.'_
3107 3725 3364 3780 Caesareo
3421 3725 3514 3790 95,

1881 3815 1970 3853 nr.
2005 3800 2056 3865 4,
2088 3800 2147 3854 in
2181 3796 2428 3866 Arsenii,
2464 3796 2870 3856 Monembasize
2899 3799 2957 3853 in
2991 3796 3386 3866 Peloponneso
3426 3813 3518 3850 ar-

1881 3869 2256 3943 chiepiscopi,
2314 3880 2664 3943 syntagmate
2715 3869 3150 3943 logico__ir_15u_nt
3219 3866 3521 3943 Michaelis

119 3017 301 3072 Etbie.
364 3015 710 3072 Nicomach.
763 3014 896 3070 libri
927 3018 1000 3080 X,
1034 3032 1167 3070 cum
1212 3015 1444 3086 Georgii
1492 3015 1768 3086 Pachym.

112 3087 466 3160 paraphrasi
498 3087 810 3160 marginali
841 3088 1110 3160 nondum
1133 3087 1288 3160 edita
1306 3086 1373 3142 V.
1411 3086 1580 3141 catal.
1603 3088 1768 3142 codd.

117 3157 206 3214 Gr.
334 3159 452 3231 412
473 3165 543 3231 et
582 3157 698 3231 114,
729 3163 786 3231 et
817 3175 998 3231 supra
1027 3157 1137 3231 v_ol.
1162 3157 1266 3231 ΙΙΙ,
1305 3175 1357 3229 p.
1400 3159 1525 3231 264.
1583 3189 1658 3231 -γ
1708 3161 1770 3213 In

115 3229 255 3285 cod.‘
284 3229 554 3301 Coislin.
585 3230 694 3301 164
753 3229 1013 3301 Georgii
1044 3229 1316 3300 Pachym.
1374 3229 1770 3299 philosophia,

113 3302 239 3356 libri
271 3319 367 3356 xu
400 3319 414 3368 ;
448 3316 508 3356 ν.
543 3300 864 3372 Montt'auc.
899 3299 1040 3355 bibl.
1063 3299 1240 3357 Coisl.
1275 3317 1331 3372 p,
1363 3302 1490 3356 2'22.
1541 3301 1768 3372 (Hann)

199 3375 248 3441 c)
279 3373 355 3427 V.
388 3389 600 3442 supra.
633 3371 744 3427 vol.
780 3371 847 3427 V.
883 3388 937 3442 p.
969 3372 1096 3426 738.
1130 3371 1359 3443 /HARL.)

201 3446 254 3513 ri)
290 3445 444 3498 Vide
502 3448 622 3498 not.
683 3449 871 3498 antec.
914 3473 983 3482 —
1031 3443 1166 3497 add.
1218 3444 1278 3497 in
1328 3444 1457 3498 cod.
1517 3448 1769 3513 August.

114 3515 342 3570 Vindel.
390 3515 714 3585 Nicephori
765 3514 1042 3586 Blemidze
1089 3521 1144 3568 et
1198 3515 1425 3586 Georgii
1494 3515 1768 3586 Pachym.

113 3590 344 3658 epitone
379 3585 832 3657 philossophica
861 3585 1253 3658 complectens
1283 3585 1576 3657 Lo’gicam,
1608 3585 1768 3641 Ethi-

113 3656 230 3714 εστι]
264 3668 323 3714 et
349 3656 674 3730 Pbysieam
702 3675 719 3730 ς
751 3661 896 3712 teste
929 3656 1252 3730 Reiseroin
1299 3656 1409 3713 cat.
1445 3675 1500 3730 p.
1547 3659 1639 3712 7'7.
1703 3687 1772 3730 έ-

114 3727 476 3786 νὶηάοδοηὼ
516 3729 578 3784 in
611 3729 738 3783 cod.
792 3745 988 3784 caesar.
1019 3729 1110 3782 67.
1164 3727 1264 3784 Ge.
1311 3727 1587 3798 Pachym.
1640 3729 1770 3799 epi-

112 3807 264 3856 tome
296 3802 607 3856 universae
647 3799 980 3871 Aristotelis
1031 3799 1437 3871 philosophiae,
1465 3801 1654 3856 divisa
1711 3801 1768 3854 in

107 3872 292 3929 libros
353 3889 468 3934 xu,
522 3870 728 3926 titulos
778 3873 864 3941 37,
916 3878 971 3926 et
1020 3870 1144 3941 cap.
1196 3870 1322 3926 238.
1375 3872 1441 3927 V.
1506 3871 1769 3939 Lambec,

111 3944 498 4024 commaVIl.
535 3958 670 4024 pag.
717 3942 823 3996 234
854 3959 1007 4024 sqg,,
1041 3942 1137 3997 ubi
1170 3941 1321 4024 inter
1379 3944 1542 4024 alia,
1571 3965 1594 3992 α
1621 3960 1769 4024 quae,

112 4017 209 4081 ait,
241 4013 810 4085 epitome’primum
845 4015 1079 4084 quidem
1128 4013 1341 4085 a_Phi|;
1377 4013 1606 4078 Bechio,
1642 4015 1768 4085 phi-

110 4083 390 4158 losopho,
426 4083 682 4158 medico,
715 4083 1236 4158 atqueacaderniaa
1267 4086 1622 4158 Basileensis
1643 4083 1770 4156 pro-

111 4156 335 4214 fessors
388 4157 704 4212 dialectico
736 4173 804 4211 ex
834 4157 964 4211 aliis
996 4156 1227 4212 duobus
1281 4174 1426 4212 mss.
1485 4157 1654 4211 codd.
1714 4160 1772 4211 et

112 4230 184 4284 iis
213 4231 500 4301 quidem,
535 4234 599 4283 ut
627 4228 755 4301 ipse
786 4233 1052 4295 testatur,
1084 4225 1254 4281 valde
1271 4229 1586 4297 lacunosis,
1609 4243 1771 4301 men-

109 4299 271 4357 dosi—3
291 4308 354 4356 et
379 4301 706 4371 corruptis.
727 4299 788 4354 in
811 4301 1084 4354 Latinum
1104 4314 1434 4371 sermonem
1461 4300 1767 4366 translata,

109 4379 161 4426 et
191 4389 244 4426 a.
283 4374 439 4427 1560
463 4368 640 4427 Bas'il.
672 4371 826 4443 typis
858 4371 1099 4426 Froben.
1133 4368 1191 4423 in
1226 4371 1322 4426 t'ol.
1380 4371 1582 4426 Latine
1639 4375 1767 4443 tan-

111 4447 229 4498 tum
253 4446 427 4500 edita
461 4448 582 4509 est;
617 4441 899 4498 beneﬁcio
931 4447 1126 4496 autem
1160 4443 1318 4497 tertii
1354 4443 1530 4513 hujus
1553 4441 1770 4497 codicis

110 4519 246 4570 msti
279 4515 532 4571 caesarei
563 4514 760 4570 Graece
790 4513 966 4568 simul
998 4519 1055 4568 et
1084 4514 1209 4568 Lat.
1249 4515 1420 4584 longe
1477 4513 1686 4569 melius
1717 4519 1772 4567 et

107 4587 457 4641 accuratius
490 4588 685 4641 denuo
708 4585 826 4639 edit
858 4584 1087 4653 poterit.
1114 4606 1140 4633 »
1169 4584 1390 4640 Indicat
1421 4586 1528 4640 hoc
1550 4585 1771 4639 ibidem

106 4658 229 4728 lpse
261 4658 640 4715 Sambueius
665 4657 775 4711 hac
804 4674 921 4711 suae
947 4673 1158 4728 manus
1192 4656 1538 4727 incriptione
1573 4673 1585 4712 :
1634 4657 1770 4710 Phi-

103 4726 288 4814 ιξερω
314 4728 915 4814 Βθεὴὶυεζορηξάίευδ,
940 4726 1315 4814 Basiteensis,'
1349 4726 1613 4811 convertit
1641 4728 1770 4814 .99:

105 4798 284 4866 silem,
321 4810 378 4856 et
411 4798 640 4857 excudit
663 4798 990 4870 Episcopius
1017 4815 1142 4853 cum
1191 4800 1474 4868 Frobenio,
1535 4816 1588 4852 a.
1631 4799 1773 4854 1560

111 4877 313 4928 Verum
344 4874 448 4927 hic
479 4871 652 4927 codex
681 4871 836 4942 longe
859 4869 1090 4937 duobus,
1124 4872 1321 4942 quibus
1351 4873 1436 4924 uti
1482 4872 1771 4938 interpreti

107 4946 235 4998 tum?
267 4947 471 5014 licuit,
507 4941 792 5014 integrior
810 4946 864 4997 et
916 4941 1147 5011 probior
1189 4949 1292 5010 est,
1343 4942 1575 5014 Bechius
1629 4956 1770 5010 stupe

106 5031 201 5070 nec
229 5017 421 5072 verba
454 5012 834 5086 apprehendit,
863 5029 964 5067 nee
992 5029 1179 5069 sensus
1217 5014 1473 5070 reddidit.
1533 5013 1770 5067 Sambu-

103 5104 196 5141 cus
253 5091 426 5142 hunc
487 5085 621 5140 emit
665 5094 782 5140 octo
840 5086 1136 5152 coronatis,
1194 5086 1426 5140 missum
1478 5101 1546 5139 ea:
1583 5086 1764 5152 Italia,

103 5174 135 5210 a
165 5160 332 5214 1583.
365 5160 443 5213 In
469 5157 570 5212 illo
603 5156 732 5211 cod.
768 5156 1160 5225 praefationem
1189 5157 1402 5226 excipit
1457 5155 1632 5210 index
1681 5162 1765 5210 to-

101 5229 215 5286 tius
237 5232 482 5303 operis,
503 5229 939 5303 quem‘quidem
977 5228 1087 5283 Leo
1118 5227 1473 5303 Allatius‘in
1515 5226 1768 5303 diatriba

99 5303 165 5356 de
192 5298 490 5375 Gebrgiis
521 5298 575 5372 p.
611 5300 736 5375 367,
773 5316 1077 5370 perperam
1113 5298 1485 5375 existimabat
1541 5300 1614 5375 ab
1643 5298 1766 5375 alio

99 5370 797 5443 quodam'compositum
830 5388 850 5432 ;
878 5376 1081 5426 contra
1114 5370 1476 5435 Lambecius,
1527 5371 1599 5423 ab
1640 5371 1765 5443 ipso

94 5441 344 5518 Georgio
382 5441 664 5518 Pachym.
709 5457 852 5518 esse
886 5443 1237 5510 confectum,
1290 5459 1357 5497 ex
1413 5441 1766 5518 connexione

98 5513 632 5588 cum'praefatione
662 5513 970 5588 manifeste
1002 5513 1637 5588 apparere-contendit.
1693 5543 1765 5588 τ-

97 5584 590 5650 Οοοὰᾞεωδεο.
626 5591 684 5640 et
711 5585 988 5642 Sumbuc.
1021 5584 1095 5641 de
1122 5586 1249 5641 eod.
1273 5584 1520 5639 Vindob.
1559 5584 1762 5654 praedi-

99 5664 329 5725 carunt,
368 5658 438 5714 id
487 5656 663 5712 etiam
713 5655 784 5710 de
832 5657 959 5712 cod.
1012 5657 1264 5713 Florent.
1317 5655 1522 5710 Medic.
1584 5654 1760 5721 XXII,

101 5730 242 5799 plut.
277 5730 387 5794 86,
425 5729 491 5799 in
517 5744 630 5797 quo
659 5732 750 5782 est
778 5726 1052 5797 Pachym.
1113 5726 1514 5799 compendiem
1573 5725 1760 5799 philo-

100 5797 324 5875 sophia
359 5798 490 5870 (uti
519 5801 578 5854 in
608 5799 735 5882 cod;
765 5800 821 5851 2.
847 5799 906 5854 in
939 5797 1259 5870 superiore
1283 5801 1424 5879 nota
1481 5797 1760 5880 laudato),

101 5873 357 5930 Bandin.
397 5870 513 5935 ΙΙΙ,
545 5887 602 5939 p,
629 5869 738 5925 360
765 5885 853 5939 sq.
891 5871 1166 5938 afﬁrmat,
1201 5884 1309 5940 ope
1337 5867 1496 5940 illius
1545 5869 1762 5940 codicis

342 5915 357 5927 ο
397 5909 513 5935 ιιι,
546 5909 602 5938 γ’
629 5909 737 5925 υνν
765 5909 853 5938 8‘1-
891 5909 1009 5926 usus
1028 5909 1166 5938 mur,

101 5947 302 6002 Medic.
339 5938 573 6016 optimi
602 5946 779 6012 atque
800 5938 1161 6013 integerrimi
1210 5938 1402 5998 Graece
1447 5938 1626 5996 simul
1675 5944 1765 5995 est

1884 3937 2071 4018 Pselli,
2106 3937 2245 4018 Nic.
2265 3937 2600 4018 Blemmidaa
2633 3946 2688 3997 et
2719 3937 2947 4018 Georgii
2973 3937 3343 4018 Pachymeris
3365 3954 3516 4018 opu-

1883 4012 2040 4084 scula
2089 4015 2250 4067 varia
2307 4015 2377 4068 ad
2438 4014 2685 4084 logicum
2712 4009 3132 4084 pertinentiat
3166 4013 3250 4084 et
3281 4009 3517 4084 quidem

1881 4083 2152 4154 Pachym.
2191 4084 2367 4140 libell.
2402 4086 2471 4139 de
2493 4077 2592 4139 sex
2625 4077 3516 4154 philosophimdeﬁnitiqpibus:

1881 4149 2139 4222 ejusdem
2175 4156 2383 4209 divisio
2418 4149 2816 4225 philosophiae,
2853 4149 3114 4222 ejusdem
3159 4149 3393 4225 libellus
3451 4151 3522 4225 de

1878 4226 2138 4349 quinque
2164 4227 2402 4281 vocibus
2421 4221 2480 4282 et
2509 4221 2688 4281 libell.
2714 4227 2784 4280 de
2808 4221 3005 4306 decem
3033 4221 3518 4303 praedicamentis.

1935 4337 1947 4349 .
1986 4297 2186 4349 Lamb.
2218 4298 2335 4349 VII.
2369 4315 2422 4349 ο.
2457 4299 2560 4349 380
2590 4313 2720 4349 suu'
2757 4313 2857 4349 aui
2919 4309 3153 4349 auoaue
3201 4293 3518 4349 adnotav1t.

1935 4337 1947 4350 .
1986 4293 2186 4351 Lamb.
2218 4298 2335 4364 VII,
2369 4315 2422 4367 p.
2457 4299 2560 4351 380
2590 4313 2720 4368 sqq'
2757 4295 2857 4366 qui
2919 4309 3153 4368 quoque
3201 4293 3520 4368 adno_tavit,

1880 4367 2034 4440 idem
2071 4370 2296 4423 Arsenii
2329 4363 2919 4440 sintagma'logicum
2938 4363 3160 4440 editum
3179 4380 3305 4418 esse
3329 4363 3520 4440 Grazce

1881 4439 2063 4494 Paris.
2090 4442 2248 4504 1550,
2284 4435 2373 4505 l2,
2403 4445 2459 4494 et
2493 4435 2951 4501 Catineﬂacobo
2983 4437 3304 4491 Foscareno
3337 4435 3516 4489 inter-

1881 4515 2062 4582 prete,
2125 4512 2263 4580 ibid,
2328 4513 2486 4582 1541,
2553 4514 2634 4567 12.
2682 4541 2750 4550 -
2810 4511 2870 4582 In
2905 4509 3033 4563 cod.
3079 4506 3167 4571 39,
3201 4524 3290 4582 nr_.
3322 4507 3382 4582 6,
3433 4512 3522 4582 est

1880 4578 2190 4653 fragment.
2234 4578 2546 4654 περὶῦλης,
2580 4586 2813 4654 εἰρημι
2845 4581 2970 4654 jam
3006 4595 3185 4654 supra
3217 4578 3520 4654 adnotavi-

1881 4649 2034 4708 mu's.
2079 4683 2133 4692 —-
2167 4656 2226 4708 In
2263 4649 2404 4710 bibl.
2440 4649 2603 4709 eaad.
2638 4649 2906 4707 Leiden'si
2932 4654 3071 4705 sunt
3091 4649 3356 4704 Hermias
3379 4653 3516 4703 Am-

1883 4725 2115 4779 monius
2142 4725 2198 4778 in
2226 4727 2500 4796 Isagogen
2527 4720 3263 4796 Porphyrii._Magentinus
3295 4721 3352 4796 in
3374 4719 3513 4796 libr.

1879 4796 2116 4867 Aristot.
2148 4796 2228 4850 De
2258 4790 2738 4867 interpretatione
2764 4800 2819 4851 et
2862 4790 3150 4867 inpriore
3195 4790 3515 4867 analytica»;

1880 4865 1994 4920 Nili
2058 4867 2131 4921 De
2184 4863 2730 4923 ratiocinationibus
2791 4864 3048 4921 libellus.
3097 4863 3240 4918 Item
3286 4863 3517 4933 Georgii

1881 4937 2237 5008 Pachymerii
2295 4941 2355 4993 in
2413 4940 2735 4994 universam
2812 4935 3128 5008 Aristotelis
3209 4933 3523 5008 disserendi

1878 5005 2053 5063 artem
2078 5008 2330 5078 epitome,
2379 5025 2448 5064 ex
2489 5009 2944 5079 interpretatione
2970 5007 3058 5062 Jo.
3098 5006 3368 5079 Baptistae
3403 5005 3518 5079 Ra-

1880 5079 2037 5134 sarii.
2069 5076 2337 5148 Lugduni
2375 5082 2531 5141 1547,
2567 5076 2664 5136 fol.
2698 5110 2766 5120 —-—
2822 5079 2995 5134 Pselli
3047 5076 3398 5148 introductio
3455 5076 3514 5130 in

1877 5167 1976 5206 sex
2009 5147 2398 5222 philusophim
2431 5153 2656 5213 modos,
2689 5155 2797 5206 etc.
2835 5183 2895 5192 --
2929 5149 3291 5222 Nicephorus
3325 5147 3516 5222 Blem-

1879 5220 2069 5276 mirice
2101 5223 2170 5277 de
2193 5220 2452 5294 quinque
2485 5223 2743 5280 vocibus.
2781 5221 3061 5288 Georgius
3102 5220 3516 5294 Pachymerius

1877 5295 1952 5348 De
2015 5309 2111 5348 sea:
2172 5289 2564 5365 p'Izylosophsiaa
2611 5294 3069 5365 deﬁnitionibus,
3134 5289 3510 5365 _ctc.'_Grmce.

1877 5365 2132 5438 Yenetiis
2156 5360 2536 5438 (uiride-tur},
2571 5360 2768 5432 aliqua
2789 5370 2924 5420 sunt
2957 5363 3250 5438 adscripta
3281 5360 3510 5438 Graece;

1877 5437 1936 5490 in
1966 5436 2130 5509 catal.
2166 5439 2224 5492 B.
2261 5437 2412 5494 Leid.
2442 5431 2676 5508 p."155,’
2714 5439 2834 5509 14-33
2886 5440 2944 5509 et
2995 5435 3114 5509 tos.
3156 5431 3225 5473 ‘—
3260 5431 3511 5509 “Georgii

1876 5506 2150 5583 PaAchym.
2185 5510 2240 5563 in
2275 5501 2604 5583 universam
2631 5506 2956 5583 Aristotelis
2979 5501 3298 5583 disserendi
3329 5504 3509 5583 artem

1877 5574 2149 5651 epitome,
2185 5581 2403 5646 Latine,
2435 5581 2523 5636 Jo.
2577 5579 2829 5651 Baptista
2877 5574 3508 5651 Ra_s_a_r_ioAin_ter.pre.te.

1878 5639 2062 5706 P‘arls.
2099 5639 2192 5722 ap.
2223 5639 2490 5707 Michael.
2515 5639 2916 5706 Vascosanum
2942 5645 3100 5713 1545,
3123 5643 3176 5697 8.
3200 5639 3514 5713 (Maittaire

1876 5723 1941 5776 A.
1967 5722 2031 5776 T.
2069 5721 2165 5776 III.
2201 5739 2254 5776 υ.
2282 5725 2426 5776 379i.
2460 5726 2639 5776 HARL.

1927 5763 1941 5776 .
1967 5725 2031 5776 T.
2069 5725 2165 5787 III,

1970 5795 2019 5860 e)
2044 5791 2105 5846 V.
2137 5791 2303 5850 uetas
2335 5795 2592 5848 anteced.
2616 5792 2840 5861 (Haec)

1967 5852 2013 5932 fl
2044 5865 2104 5918 In
2139 5869 2251 5920 cat.
2287 5865 2452 5921 codd.
2489 5852 2670 5918 Paris.
2706 5852 2846 5914 tom'.
2883 5858 2951 5917 II.
2983 5871 3041 5924 p.
3073 5852 3200 5917 581,
3241 5864 3515 5906 numera-

1877 5940 1972 5990 tus
2001 5935 2160 5990 2983.

2201 5739 2254 5792 p.
2282 5725 2426 5789 3'79).
2460 5726 2639 5776 Hann.
