4034 6200
382 393 490 449 435
1604 387 1812 440 PETRI
1855 384 1975 440 ΡΟΕ

2173 386 2570 441 DEDICATIO.
3346 422 3355 425 -
3672 386 3766 443 436

383 516 806 586 Pachymerz’us,
843 510 981 582 qaod
1010 525 1080 565 ea:
1096 508 1331 565 historia
1358 514 1410 563 et
1432 508 1561 563 aliis
1591 508 1832 580 ejusdem
1864 508 2287 563 tracralionibus
2317 509 2515 581 θριΙὶρὶ
2538 514 2737 580 potest,
2770 512 2983 582 ineptat
3016 509 3093 582 (ῃ)
3113 510 3309 565 Refert
3331 516 3521 565 autem
3556 520 3770 567 nactum

383 623 445 662 se
477 604 841 674 Pachymerte
868 597 1219 671 opusculum
1250 598 1379 671 Περὶ
1406 594 1824 656 κατασκευασίας
1853 595 1943 649 καὶ

2176 596 2287 658 σίας
2317 602 2424 651 τῶν
2480 596 2957 673 ἐπιχειρημάτων,
2992 600 3068 654 De
3118 613 3393 670 apparatu
3434 603 3487 653 et
3540 609 3769 655 constru-

381 694 560 749 ctione
578 697 1063 761 argumentorum,
1084 688 1254 758 cujus
1283 687 1516 741 initium
1556 704 1568 742 :
1604 690 1713 739 Πᾶν
1747 705 1974 739 κατασκε

2184 707 2197 738 ι
2231 682 2299 739 δι’
2329 681 2403 758 ἕξ.
2439 690 2527 742 Ait
2551 689 2750 755 etiam,
2781 687 3433 760 Pachymeraelibellum
3466 693 3776 759 Deqaauaor

379 778 786 835 mathematicis
819 777 1077 833 scientiis
1126 782 1349 832 exstare
1376 792 1487 829 ms.
1522 776 1579 829 in
1614 775 1753 830 bibl.
1796 776 1952 846 regis
1999 775 2219 840 Gallize,
2265 778 2364 831 sed
2390 777 2643 844 dubitat,
2695 778 2927 833 idemne
2961 777 3058 844 sit,
3085 776 3184 849 qui
3218 779 3325 832 sub
3355 776 3530 832 Pselli
3558 779 3776 834 nomine

383 869 576 925 editus
611 872 718 936 est,
744 870 801 923 et
833 868 901 920 de
935 883 1050 937 quo
1082 864 1332 921 Allatius
1381 864 1526 919 libro
1562 865 1632 918 de
1660 864 1867 919 Psellis
1897 869 2025 935 cap.
2057 864 2145 918 37.
2180 866 2331 920 Sane
2353 866 2505 921 idem
2530 866 2817 937 scriptum
2836 868 3138 934 Arsenius,
3163 882 3295 921 cum
3322 866 3575 937 primum
3601 866 3778 923 Romae

383 958 589 1028 edidit,
630 956 938 1012 dubitavit.
972 954 1428 1026 Enthymiumne
1459 970 1531 1008 an
1563 952 1798 1008 Psellun
1832 953 2073 1008 haberet
2104 960 2423 1020 auctorem,
2458 954 2592 1012 licet
2612 955 2798 1011 Pselle
2823 974 2855 1010 a
2882 956 3153 1026 pluribus
3176 956 3506 1011 tribuatur:
3536 956 3779 1012 Labbeus

383 1064 518 1103 vero
540 1047 597 1101 in
624 1044 973 1100 Bibliotheca
1008 1060 1152 1097 nova
1186 1059 1321 1110 ms.,
1359 1059 1488 1113 pag.
1522 1044 1645 1109 Il7,
1680 1047 1939 1112 tanquan
1973 1043 2200 1098 diversa
2246 1048 2533 1099 memorat
2587 1045 2815 1117 Georgii
2865 1044 3233 1116 Pachymeraa
3290 1045 3364 1100 De
3406 1053 3637 1115 quatuor
3666 1062 3778 1100 ma-

385 1135 720 1197 thematicis,
743 1132 1114 1200 arithmetica,
1146 1131 1376 1193 marica,
1405 1133 1708 1200 geometria
1737 1140 1788 1185 et
1817 1133 2159 1186 astronomia
2190 1133 2329 1203 (quo
2361 1134 2487 1204 ipso
2510 1134 2712 1189 ordine
2737 1134 2911 1189 etiam
2936 1133 3263 1205 disciplina
3286 1133 3398 1187 illa?
3421 1134 3481 1188 in
3511 1132 3780 1189 Pselliano

384 1224 584 1281 libello
619 1222 1060 1294 pertratautur),
1094 1220 1151 1275 in
1175 1221 1367 1276 codice
1404 1223 1567 1292 regia
1594 1222 1717 1289 859,
1778 1229 1832 1274 et
1877 1220 1944 1275 de
2002 1220 2202 1276 iisdem
2258 1221 2549 1294 Euthymii
2597 1223 2774 1279 Pselli
2826 1222 3018 1279 codice
3063 1222 3189 1277 891.
3247 1223 3325 1279 De
3368 1222 3565 1279 iisdem
3599 1221 3786 1279 incerti

386 1313 567 1369 codice
596 1312 720 1366 481.
755 1310 1078 1383 (ΡΑΒΒ.)-
1122 1309 1457 1363 Secundum
1514 1309 1681 1363 codd.
1715 1307 1884 1362 calal.
1945 1349 1958 1362 .
2017 1308 2193 1366 Paris.
2252 1310 2360 1366 vol.
2424 1312 2499 1381 II,
2553 1310 2610 1367 in
2662 1312 2789 1367 cod.
2842 1312 3007 1376 2338,
3069 1310 3211 1366 2339
3263 1316 3320 1367 et
3358 1311 3521 1379 2340,
3576 1310 3788 1382 Georgii

389 1400 662 1474 Pachym.
695 1399 784 1455 vel
816 1398 989 1466 Mich,
1024 1397 1196 1453 Peelli
1227 1397 1638 1466 arithmeticae,
1670 1397 1929 1464 musicae,
1964 1399 2295 1469 geometriae
2336 1404 2395 1456 et
2441 1400 2816 1456 astronomia;
2849 1401 3293 1468 institutiones;
3343 1402 3405 1456 in
3463 1401 3590 1459 cod.
3640 1401 3782 1468 2341,

388 1489 619 1562 Georgii
642 1489 916 1560 Pachym.
956 1486 1324 1542 arithmetica
1344 1486 1470 1553 (ubi
1505 1487 1760 1557 primum
1792 1492 1971 1557 caput
2004 1488 2416 1561 desideratur),
2474 1490 2798 1561 geometria
2847 1501 2901 1545 et
2956 1490 3377 1546 stereometria.
3442 1520 3512 1531 —-
3564 1494 3627 1545 In
3669 1491 3782 1546 cod.

386 1580 530 1634 2438
560 1583 613 1644 (e
642 1579 768 1633 cod.
797 1576 1079 1631 Vaticano
1112 1594 1164 1629 ιι.
1200 1576 1337 1629 1594
1368 1574 1706 1647 descripto),
1742 1591 1828 1628 nr.
1861 1576 1914 1639 3,
1951 1575 2223 1648 Pachym.
2259 1577 2640 1633 arithmetica
2674 1583 2881 1650 quater
2911 1578 3186 1634 inchoata
3215 1577 3533 1650 descriptio
3554 1578 3781 1634 duorum

390 1667 767 1724 librariorum
804 1682 975 1720 manu
1009 1665 1239 1719 diversa
1272 1680 1286 1731 ;
1320 1681 1408 1718 nr.
1443 1665 1494 1726 Ιι,
1528 1664 1793 1734 ejusdem
1818 1663 2451 1723 harmonicwinchoata
2482 1666 2802 1740 descriptio
2840 1699 2907 1707 —
2938 1668 2997 1722 in
3029 1668 3156 1722 cod.
3178 1668 3322 1723 2536
3350 1666 3693 1740 opusculum
3720 1667 3781 1722 de

393 1758 620 1813 Μυσίδα.
653 1772 684 1810 e
713 1758 972 1809 veterum
1004 1757 1060 1808 et
1083 1752 1471 1808 recentiorum
1508 1753 1745 1823 scriptis
1777 1769 1810 1807 a
1853 1751 2098 1823 Georgio
2157 1755 2512 1828 Pachymera
2571 1756 2628 1811 in
2678 1757 2915 1813 illorum
2964 1757 3236 1829 gratiam,
3299 1756 3403 1828 qui
3461 1756 3542 1813 rei
3575 1756 3786 1811 musica

395 1861 633 1917 operam
675 1844 833 1909 dant,
868 1841 1168 1910 collectus,
1202 1858 1350 1912 opus
1374 1840 1685 1906 ineditum,
1721 1841 1877 1912 quod
1909 1842 1988 1896 int

2196 1843 2383 1917 υτὲραν
2415 1839 2532 1917 ἔχει
2564 1842 2733 1913 τάξιν.
2770 1876 2835 1886 -
2868 1847 2930 1901 In
2963 1846 3091 1900 cod.
3112 1845 3379 1901 Naniano
3405 1845 3515 1900 255
3535 1843 3786 1911 Venetiis,

393 1935 429 2003 ἡ
460 1924 817 2007 τετράϐιϐλος
872 1926 968 1983 τοῦ
1036 1928 1336 2005 Παχυμὲρη
1389 1959 1457 1971 —-
1514 1934 1640 1985 tum
1692 1932 1789 1982 τοῦ
1842 1930 2159 2006 σοφωτάτου
2215 1936 2383 2006 κυροῦ
2441 1932 2712 2007 Γεωργίου
2768 1929 3143 2007 πρωτεκδίκοο
3198 1964 3269 1975 —
3322 1937 3423 1988 τοῦ
3481 1928 3788 2007 Παχομέρη,

392 2020 677 2096 σύνταγμα
728 2023 836 2075 τῶν
893 2018 1189 2094 τεσσάρων,
1252 2016 1612 2090 μαθημάτων,
1673 2018 2064 2092 ἀριθμητικῆς,
2127 2027 2413 2092 μουσικῆς,
2472 2020 2815 2095 γεωμετρίας
2871 2020 2960 2075 καὶ
3027 2020 3413 2097 ἀστρονομίας.
3473 2024 3791 2096 Sequuntur

392 2113 636 2185 triginta
664 2125 868 2166 versus
890 2108 1071 2163 iambi
1104 2109 1317 2164 senarii
1353 2126 1367 2164 :
1402 2114 1533 2180 post
1563 2109 1670 2164 hos
1702 2109 1910 2180 incipit
1939 2125 2110 2180 opus.
2144 2110 2322 2167 Plura
2349 2129 2419 2167 ex
2447 2111 2548 2168 illo
2580 2112 2708 2167 cod.
2739 2112 2902 2168 dedit
2931 2116 3136 2167 auctor
3164 2116 3279 2168 cat.
3327 2113 3502 2168 codd.
3559 2111 3786 2167 Nanian.

399 2218 528 2274 pag,
561 2200 684 2255 M8.
716 2229 787 2241 —
815 2198 1000 2253 Laida:
1030 2197 1184 2252 inter
1214 2198 1383 2254 codd.
1420 2198 1741 2253 Vossianos
1770 2197 1992 2271 ἁρμονω

2193 2200 2317 2267 om},
2373 2198 2749 2275 Παχυμερίου.
2780 2201 2841 2257 V.
2874 2206 2987 2257 cat.
3022 2200 3166 2258 bibl.
3203 2201 3363 2258 Leid.
3422 2202 3549 2258 394.
3583 2218 3667 2258 nr.
3703 2200 3780 2256 62.

394 2318 466 2331 —-
521 2290 607 2344 An
666 2286 840 2343 etiam
897 2287 1313 2360 Pachymerem
1375 2286 1726 2358 pertineant,
1786 2301 1914 2357 qua:
1974 2292 2114 2342 sunt
2167 2286 2226 2342 in
2286 2288 2414 2345 cod.
2467 2291 2811 2362 Augustano
2854 2289 3057 2346 Vindel
3116 2292 3345 2361 (Rciser.
3396 2296 3514 2347 cat.
3575 2308 3631 2363 p.
3682 2288 3783 2361 87).

395 2378 648 2449 epitome
680 2376 895 2450 logica,
926 2376 1095 2432 initio
1121 2374 1350 2443 mutila,
1385 2373 1627 2446 reliquis
1654 2373 1832 2429 etiam
1893 2376 2123 2448 paginis
2175 2392 2452 2448 magnam
2514 2385 2741 2449 partem
2799 2379 2989 2435 exesis
3022 2399 3037 2449 ;
3092 2380 3208 2435 alia
3234 2380 3495 2452 epitome
3532 2379 3788 2436 arithme-

393 2467 564 2537 tices,
595 2470 707 2531 etc,
738 2463 972 2536 aliaque
1004 2464 1261 2536 epitome
1291 2463 1569 2531 musices,
1603 2465 1955 2535 geometriae,
1991 2465 2385 2537 astronomiae,
2427 2470 2561 2535 etc.,
2629 2467 2942 2524 collatione
2992 2485 3127 2525 cum
3186 2467 3320 2525 aliis
3376 2469 3550 2526 codd.
3595 2467 3791 2525 certius

398 2555 507 2613 erit
537 2554 963 2610 deﬁniendum.
987 2552 1220 2626 (Hann)

466 2642 544 2696 Τὰ
569 2641 688 2704 καθ’
718 2639 925 2709 ἑαυτὸν,
955 2640 1219 2697 Carmina
1267 2639 1332 2695 de
1386 2641 1504 2695 vita
1559 2657 1661 2696 sua
1718 2645 2007 2697 memorat
2066 2643 2451 2715 Pachymeree
2505 2648 2562 2700 et
2617 2661 2686 2700 ex
2718 2644 2837 2702 illis
2884 2661 3090 2702 versus
3124 2646 3422 2718 quosdam
3452 2646 3796 2703 hexametros

402 2732 643 2791 adducit
674 2731 776 2786 lib.
807 2748 844 2786 χ
875 2730 1138 2787 Historia
1170 2729 1323 2801 Byz.,
1352 2745 1479 2799 cap.
1513 2729 1578 2783 14
1610 2733 1668 2784 et
1696 2730 1783 2783 15.
1815 2730 2019 2801 (ΡΑΒΒ)
2051 2731 2353 2790 Florentiae
2379 2733 2438 2789 in
2471 2735 2598 2791 cod.
2635 2739 2904 2791 Laurent.
2956 2735 3172 2791 Medic.
3237 2736 3309 2803 V,
3366 2734 3520 2808 plut.
3575 2735 3662 2806 8?,
3700 2735 3788 2808 qui

405 2820 667 2879 continet
696 2820 939 2874 Aristot.
974 2817 1228 2891 physicae
1259 2817 1570 2873 ausculiat.
1604 2817 1784 2873 libros
1802 2836 1926 2887 vm,
1961 2836 2093 2876 cum
2127 2823 2489 2893 expositione
2522 2823 2833 2896 marginali
2867 2822 3099 2897 Georgii
3137 2823 3522 2898 Pachymeris
3551 2842 3567 2880 :
3600 2825 3655 2880 in
3698 2824 3786 2880 ﬁni

405 2909 686 2981 leguntur
713 2925 919 2963 versus
951 2908 1191 2979 quidam
1222 2905 1439 2962 heroici
1472 2906 1533 2961 in
1568 2906 1801 2963 laudem
1832 2907 1988 2975 libri,
2025 2910 2277 2982 ascripta
2311 2912 2545 2968 nomine
2573 2915 2671 2966 τοῦ
2714 2912 3039 2987 Παχυμὲρη,
3074 2930 3224 2985 quos
3254 2914 3480 2986 publici
3501 2913 3651 2986 juris
3678 2913 3799 2970 fecit

402 2997 652 3055 Bandin.
680 2997 739 3052 in
774 3000 889 3052 cat.
922 2996 1019 3052 Gr.
1055 2996 1151 3063 ΙΙΙ,
1180 3011 1236 3065 p.
1267 2995 1374 3050 385
1402 3011 1493 3065 sq.
1523 3026 1590 3036 —
1619 2996 1678 3050 In
1713 2996 1841 3052 cod.
1896 2998 2113 3053 Veneth
2160 2998 2365 3070 Marc.,
2426 3001 2528 3072 qui
2586 3000 2847 3057 continet
2907 3001 3144 3057 Macarii
3200 3001 3656 3075 Chrysocephali
3698 3007 3793 3058 Po-

408 3082 652 3156 δωνιὰν,,
686 3086 760 3141 fol
779 3086 882 3140 231
917 3085 1294 3141 adducuntur
1322 3088 1592 3156 excerpta
1623 3082 1701 3139 et
1721 3086 2105 3153 carminibus,
2136 3104 2261 3159 quae
2291 3089 2575 3162 Georgius
2607 3090 2993 3163 Pachymeres
3021 3092 3092 3146 de
3122 3091 3241 3147 vita
3283 3107 3393 3149 sua
3443 3091 3794 3164 conscripsit,

411 3172 475 3229 ἐκ
513 3177 622 3228 τῶν
677 3172 937 3246 ἡρωϊκῶν
987 3170 1129 3226 ἐπῶν
1185 3173 1283 3226 τοῦ
1338 3171 1641 3245 Παχυμέρη
1697 3176 1866 3240 χοροῦ
1916 3173 2214 3249 Γεωργίου,
2268 3172 2337 3230 δι’
2389 3175 2462 3231 ὦν
2531 3176 2598 3232 τὰ
2663 3178 2782 3242 καθ’
2846 3178 3031 3234 ἑαυτὸν
3104 3177 3375 3256 διηγεῖται
3428 3179 3485 3236 ἕν
3538 3181 3797 3255 τμήμασιν

416 3259 584 3331 ἐννέα,
619 3267 675 3318 et
723 3261 821 3318 fol.
868 3262 976 3316 2.53
1029 3266 1166 3317 rect.
1224 3262 1321 3314 τοῦ
1378 3259 1542 3314 αὖτού
1601 3261 1955 3336 (Παχομὲρη)
2015 3263 2204 3339 στίχοι
2267 3264 2509 3342 ὑφαντοί·
2571 3262 2683 3322 ἔστι
2740 3264 2799 3322 δὲ
2849 3268 2878 3322 ὁ
2920 3268 3281 3345 ὖφαινόμενος
3340 3269 3563 3345 στίχος,
3617 3268 3796 3333 ἄνωθεν

405 3349 554 3406 κάτω
582 3349 673 3405 καὶ
701 3347 940 3404 κάτωθεν
970 3349 1098 3403 ἅνω.
1130 3350 1199 3403 ν.
1251 3349 1359 3405 cel.
1418 3349 1698 3407 Villoison
1754 3352 1998 3408 anecdoc

2252 3360 2395 3411 tom.
2458 3357 2527 3425 ΙΙ,
2588 3375 2718 3430 pag.
2771 3359 2827 3425 7,
2885 3358 3185 3430 imprimis
3235 3376 3367 3433 pag.
3429 3362 3501 3416 76
3558 3377 3678 3433 sqq.
3708 3359 3792 3416 ubi

412 3438 627 3515 στίχος,
660 3440 806 3497 istos
837 3440 1104 3511 quamvis
1134 3439 1416 3494 barbaros
1447 3439 1818 3511 ineptosque.
1852 3445 2047 3498 Graece
2066 3443 2345 3514 vulgavit.
2374 3447 2440 3502 In
2472 3448 2743 3504 versibus
2777 3451 2975 3504 autem
3007 3448 3261 3506 heroicis
3292 3448 3554 3506 laudatis
3601 3448 3803 3522 Pachy-

410 3546 597 3587 mcres
646 3529 838 3584 indice
868 3526 1235 3593 Villosionio,
1268 3531 1491 3583 veteres
1524 3533 1748 3601 poetas,
1784 3529 2072 3602 praecipue
2126 3531 2437 3591 humerum
2470 3539 2531 3591 et
2586 3536 2929 3610 Gregorium
2990 3536 3447 3608 Nazianzenum,
3481 3555 3597 3595 non
3627 3535 3803 3594 inleli-

407 3621 553 3678 citer
580 3618 870 3676 imitando
891 3616 1200 3689 expressit.
1232 3616 1462 3690 (ΗΑῐιῐι.)

481 3764 557 3836 (g)
590 3762 740 3818 Add.
774 3777 978 3832 supra,
1001 3759 1117 3817 vol.
1147 3760 1192 3832 ῐ,
1220 3761 1430 3834 p.703.
1462 3761 1693 3833 (Haec)

414 3933 3801 3970 Μ

1019 4114 1815 4279 GEORGII
1946 4115 3200 4283 PACHYMEIUE

899 4544 1496 4694 IIICHAELE
1591 4543 1730 4692 ET
1823 4543 2503 4695 ANllllONICO
2601 4548 3374 4702 PAL/EOLOGIS

1714 4798 2119 4908 LIBRI
2217 4800 2532 4911 XIII.

1603 5120 1837 5182 PETRI
1884 5119 2199 5185 POSSIMI
2248 5123 2675 5186 DEDICATIO

1217 5404 1516 5463 SANCTZE
1555 5405 1911 5464 MEMORIAE
1952 5406 2224 5463 URBANI
2255 5406 2383 5464 VIII
2413 5408 2645 5467 SUMMI
2668 5408 3061 5468 PONTIFICIS

733 5554 1095 5617 GEORGIUS
1135 5552 1641 5611 PACHYMEBES.
1673 5552 1744 5608 EJ
1754 5551 1840 5608 US
1881 5551 2246 5610 BENEFICIO
2278 5553 2681 5627 REDIVIVUS,
2709 5560 3174 5618 IMMORTALES
3206 5561 3539 5620 GRATIAS.

516 5700 873 5781 Synagogaz
901 5701 1129 5783 veteris
1187 5694 1602 5783 pontiﬁcibus
1657 5712 1848 5783 sacra:
1909 5698 2138 5783 litterae
2190 5710 2546 5761 memorant
2597 5707 2927 5781 singulari
2970 5711 3319 5783 privilegio
3381 5708 3707 5783 tributum,
3756 5706 3819 5759 ut

440 5774 644 5864 morte
672 5774 796 5839 sua
816 5776 1493 5864 pande‘rent‘red-itum
1524 5775 1883 5864 carentibus,
1906 5774 2067 5864 Plus
2099 5795 2295 5864 posse
2339 5798 2509 5840 novae
2568 5774 2724 5861 legis
2772 5793 2833 5844 et
2885 5774 3129 5845 Christi
3178 5774 3474 5848 Ecclesia!
3515 5774 3819 5864 pontiﬁce:

444 5861 720 5932 feliciter
746 5852 1047 5927 eaiperior
1074 5852 1327 5913 hodiea
1361 5861 1441 5920 te,
1479 5857 1665 5921 cujus
1712 5858 1928 5930 gratia
1979 5852 2229 5921 dudum
2281 5867 2518 5919 mortui
2560 5852 2950 5942 jampridem
3005 5874 3069 5926 et
3122 5871 3256 5946 ipse
3302 5852 3594 5929 mortuus
3647 5852 3818 5925 lucem
