4034 6200
265 387 369 442 441
1491 389 1706 444 PETRI
1756 388 1858 444 POt

2097 391 2472 446 PREFATIO.
3008 421 3010 424 -
3585 390 3690 446 442

271 532 370 588 nis
430 526 882 605 interpolatum
943 531 1003 608 et
1051 524 1300 608 injuriis
1330 527 1449 608 aevi
1497 547 1570 587 ac
1623 535 2060 606 tempestatum
2120 538 2484 608 corruptum
2533 529 2795 590 habens.
2845 531 3180 591 Vaticanus
3235 531 3420 606 longe
3477 549 3688 594 recen-

277 607 460 669 tioris
512 617 630 688 est,
667 625 914 688 manus.
974 607 1040 666 ln
1092 607 1440 688 Barherino
1497 608 1711 670 codice
1768 609 2030 686 pertusis
2088 628 2235 670 casu
2293 607 2564 687 quodam
2622 611 2787 669 foliis
2845 610 3108 681 duobus,
3170 611 3231 668 in
3290 611 3597 688 capitibus
3647 617 3683 673 5

267 697 330 748 ct
395 691 433 748 6
489 687 634 746 libri
675 705 737 768 γι,
800 687 1009 768 hiatus
1081 687 1343 746 totidem
1426 689 1618 758 fuere,
1681 707 1835 765 quos
1889 690 2138 766 explere
2194 707 2316 747 non
2376 690 2549 767 potui
2609 709 2680 750 ex
2740 690 3077 759 Allatiano,
3139 691 3245 768 qui
3317 687 3554 768 primis,
3619 701 3686 752 ut

266 769 428 842 dixi,
495 767 810 845 capitibus
859 767 1073 827 decem
1107 775 1299 836 caret,
1351 786 1475 848 nec
1535 789 1608 828 ex
1667 770 1990 847 Vaticano,
2026 769 2130 845 qui
2162 789 2281 828 non
2333 778 2459 829 tam
2510 772 2948 848 apographum
3006 767 3284 829 historiae
3323 767 3681 848 ’Pachyme-

270 853 357 908 ris
420 868 612 926 quam
647 848 1106 928 compendium
1152 854 1266 924 est,
1303 847 1560 907 diversis
1615 849 1911 927 pleraque
1942 850 2146 909 verbis
2186 850 2562 926 exprimens,
2622 847 2766 910 noni
2806 851 3019 927 paucis
3078 847 3530 928 praetermissis.
3565 856 3685 912 Re-

267 929 441 989 curri
499 947 652 1006 ergo
711 930 789 986 ad
867 927 1192 1004 exemplar
1268 937 1654 988 asset-vatum
1711 930 1774 987 in
1851 929 2230 989 bibliotheca
2306 933 2468 1006 regis
2526 930 3040 989 Christianissimi
3085 927 3457 1000 ’Parisiensi,
3520 933 3685 993 unde

269 1027 416 1070 meo
468 1015 691 1083 rogatu
754 1010 826 1067 Β.
859 1009 930 1066 Ρ.
991 1007 1319 1088 Philippus
1393 1008 1622 1085 Labhe,
1682 1009 1847 1086 quod
1907 1028 2064 1087 opus
2122 1018 2256 1069 erat
2305 1011 2614 1069 ambabus
2670 1009 2910 1070 lacunis
2960 1012 3377 1087 coaequandis,
3431 1011 3687 1088 diligen-

263 1097 361 1149 ter
422 1088 720 1165 excripsit
777 1094 838 1146 et
898 1087 1084 1146 misit.

348 1169 464 1228 VI.
524 1168 1063 1246 lnterpretationis
1117 1185 1238 1226 non
1298 1167 1478 1228 anxie
1528 1167 1813 1237 addictae,
1848 1168 1952 1228 sed
2003 1174 2063 1229 et
2119 1167 2182 1226 in
2230 1170 2662 1246 paraphrasim
2715 1170 3058 1247 aliquando
3115 1169 3515 1230 redundantis
3547 1170 3683 1232 haec

261 1248 608 1326 peculiaris
665 1247 988 1328 excusatio
1049 1255 1137 1307 est
1198 1247 1256 1305 in
1314 1248 1434 1307 hoc
1495 1249 1798 1328 omnium,
1836 1249 1939 1325 qui
1999 1248 2207 1308 Graece
2254 1249 2548 1309 historias
2604 1249 2952 1322 ediderunt,
2987 1248 3430 1310 obscurissimo
3487 1250 3686 1328 scrip-

263 1337 431 1388 tore.
469 1332 799 1387 Lectorum
856 1326 965 1408 alii
1022 1328 1234 1408 Greece
1295 1329 1520 1397 sciunt,
1566 1327 1688 1408 alii
1746 1328 1913 1407 (qua:
1964 1328 2167 1405 major
2225 1329 2402 1389 turba
2451 1329 2563 1408 est)
2620 1348 2745 1388 non
2803 1331 3377 1388 item.Neutrorum
3433 1326 3680 1390 accom-

261 1410 593 1468 modatam
657 1407 1004 1467 rationibus
1053 1407 1354 1484 putabam
1417 1407 1765 1467 versionem
1827 1411 2190 1486 scrupulose
2229 1407 3024 1480 sedulam,balbutientum
3085 1416 3144 1468 et
3202 1408 3509 1485 illautam,
3544 1428 3682 1487 quae

258 1488 487 1566 jejuna
561 1487 889 1564 squalidis,
947 1488 1240 1547 intricata
1305 1488 1637 1564 perplexis,
1698 1488 1996 1564 ambigua
2060 1489 2519 1548 cont‘usioribus
2594 1496 2884 1549 mutaret.
2946 1492 3099 1548 Nam
3159 1490 3371 1548 Graece
3430 1490 3682 1565 quidem

260 1571 463 1640 docti,
500 1569 548 1626 si
604 1567 778 1644 queis
839 1568 1067 1644 cupido
1128 1567 1274 1626 insit
1332 1567 1605 1626 indolem
1665 1569 1963 1627 noscendi
2017 1568 2530 1646 Pachymerianae
2607 1570 2922 1646 dictionis,
2982 1570 3166 1646 longe
3225 1568 3288 1628 id
3347 1587 3682 1646 assequen-

258 1655 368 1708 tur
430 1649 678 1708 facilius
737 1649 957 1708 Graeco
1013 1648 1150 1725 ipso
1223 1655 1519 1706 contextu
1582 1648 1865 1724 protinus
1925 1647 2204 1719 visendo,
2265 1668 2453 1725 quam
2510 1651 2672 1708 male
2731 1656 2893 1708 terso
2951 1649 3252 1708 intuendo
3309 1650 3473 1708 velul
3531 1669 3685 1726 quo-

260 1729 412 1788 dam
472 1728 730 1805 speculo
807 1728 1345 1804 iuterpretamenti
1417 1729 1901 1804 sesquibarbari,
1981 1727 2354 1789 latinitatem
2413 1729 2848 1788 invitissimam
2923 1747 3032 1804 per
3086 1728 3297 1787 omnia
3360 1729 3679 1789 Graecismi

258 1809 539 1886 vestigia
595 1808 904 1867 lutulento
963 1810 1208 1867 tramite
1264 1809 1586 1884 reptantis.
1629 1808 2010 1867 Caeterorum
2071 1809 2176 1884 qui
2237 1828 2359 1866 una
2418 1808 2555 1868 freti
2615 1809 2852 1868 Latinas
2913 1809 3136 1884 linguae
3193 1809 3415 1885 peritia
3473 1808 3671 1867 histo-

255 1891 429 1948 riam
474 1891 640 1948 hanc
698 1888 760 1946 in
822 1906 1042 1947 manus
1100 1895 1369 1959 sument,
1437 1887 1827 1947 manifestum
1888 1894 2131 1947 estnon
2193 1889 2253 1947 id
2315 1893 2529 1948 votum
2579 1895 2687 1947 aut
2743 1888 3122 1948 destinatum
3180 1906 3334 1965 esse,
3394 1888 3670 1948 noctium

258 1975 313 2029 et
381 1967 887 2046 labyrinthorum
950 1967 1299 2044 ambagiosi
1347 1968 1562 2045 scripti
1617 1967 2112 2044 experimentum
2171 1986 2447 2046 praesens
2503 1987 2746 2045 capere,
2780 1968 2986 2046 potius
3044 1987 3232 2046 quam
3292 1967 3672 2028 absconditae

255 2045 659 2127 defossaaque
691 2047 818 2107 illic
878 2045 1020 2107 ﬁdei
1077 2053 1390 2125 gestarum
1447 2065 1590 2108 vere
1641 2065 1849 2108 rerum
1881 2048 2119 2125 liquido
2176 2045 2511 2126 lucidoque
2555 2045 2912 2109 testimonio
2969 2045 3198 2109 doceri.
3243 2047 3461 2108 Studui
3495 2066 3669 2125 ergo,

259 2148 396 2208 quo
458 2130 556 2188 his
618 2128 1129 2200 obsecundarem,
1181 2127 1548 2205 indagatum
1606 2146 1836 2206 magno
1895 2127 2541 2208 plerumquerlabore
2599 2147 2737 2190 meo
2796 2127 2982 2205 hujus
3047 2128 3369 2206 scriptoris
3423 2146 3671 2187 sensum

251 2207 452 2286 quam
487 2209 828 2270 clarissime
871 2225 1244 2286 proponere,
1279 2209 1580 2286 adeoque,
1615 2209 1720 2267 ubi
1754 2226 1852 2268 res
1885 2215 2187 2286 posceret,
2235 2207 2526 2270 distincta
2586 2227 2618 2269 e
2651 2210 2947 2282 confusis,
3010 2226 3086 2270 ex
3145 2209 3420 2274 horridis
3448 2208 3670 2280 nitida,

250 2291 456 2368 plana
517 2309 549 2349 e
607 2289 840 2366 pravis,
901 2295 1115 2366 aperta
1176 2305 1249 2368 ex
1308 2288 1718 2366 aenigmaticis
1791 2291 2068 2348 reddere.

332 2371 474 2430 VII.
523 2372 724 2430 Erunt
755 2375 961 2429 tamen
1029 2367 1208 2447 (scio)
1266 2369 1494 2444 quibus
1551 2386 1662 2428 nec
1718 2369 1862 2427 facti
1910 2369 2188 2430 defensio
2243 2368 2628 2446 probabitur.
2692 2369 2777 2429 Hi
2835 2389 2980 2430 vero
3002 2369 3098 2430 vel
3156 2367 3518 2429 ostracismo
3541 2386 3661 2439 me,

249 2449 429 2521 licet,
488 2450 924 2519 extermineut,
977 2449 1162 2508 modo
1211 2454 1388 2507 testae
1441 2466 1694 2508 causam
1753 2450 2072 2508 ascribant
2119 2449 2566 2524 Proscriptum
2627 2458 2683 2508 te
2738 2453 3044 2519 volumus,
3095 2450 3264 2527 quod
3323 2447 3665 2508 tenebrico-

246 2537 586 2589 sissimum
638 2536 1014 2606 scriptorem
1061 2534 1272 2609 primo
1325 2538 1581 2605 aspectu
1637 2529 2108 2606 intelligibilem
2179 2530 2429 2608 feceris.
2480 2530 2600 2591 Sed
2659 2530 2919 2592 meliora
2978 2531 3326 2591 Venusinus
3395 2547 3668 2605 augure-

247 2615 379 2684 tur,
447 2629 483 2672 e
535 2610 781 2673 diverso
810 2627 1228 2687 responsans:

1186 2771 1540 2832 Solventur
1596 2775 1737 2830 risu
1791 2773 2040 2850 fabulae,
2103 2781 2172 2834 tu
2225 2771 2452 2833 missus
2517 2773 2738 2832 abibis.

245 2933 604 2995 Enimvero
661 2932 717 2992 si
771 2937 1057 3012 mentem,
1104 2931 1320 3010 scripti
1380 2949 1507 2992 non
1562 2932 1936 3009 assequitur,
1963 2933 2015 2992 si
2071 2933 2315 3012 afﬁngit
2369 2933 2594 3010 aliena,
2629 2934 2837 2994 sinon
2894 2937 3305 3012 repraasentat
3356 2929 3660 3012 quidquid

246 3015 499 3086 subest,
530 3012 680 3091 jure
738 3013 996 3091 vapulet
1045 3009 1389 3090 interpres;
1427 3013 1624 3073 donec
1675 3012 1923 3090 quidem
1983 3009 2253 3074 latentia
2302 3009 2585 3091 produci,
2617 3013 2898 3073 involuta
2951 3009 3168 3085 exerit,
3203 3012 3428 3072 obruta
3477 3009 3656 3081 eruit,

245 3097 408 3154 dum
490 3093 810 3158 nucleum.
869 3110 1122 3153 succum
1174 3093 1486 3161 intimum.
1550 3109 1786 3152 meram
1870 3093 2207 3154 medullam
2285 3093 2608 3154 sententiae
2664 3095 2966 3153 abstrusas
3039 3094 3235 3152 fracto
3310 3095 3654 3151 extractam

246 3173 504 3242 cortici,
539 3172 714 3233 velut
773 3172 894 3232 cibi
954 3173 1113 3232 cocti
1173 3179 1232 3233 et
1253 3172 1484 3232 conditi
1545 3178 1832 3249 paratum
1885 3174 2112 3251 legenti
2167 3174 2471 3234 ferculum
2526 3175 2809 3250 apponit,
2841 3173 3050 3232 sinant
3103 3171 3207 3231 isti
3265 3169 3657 3251 morosiserj

245 3255 369 3314 viri
404 3255 541 3313 suis
573 3252 942 3322 commodis,
978 3259 1038 3312 et.
1094 3258 1430 3312 vereantur
1485 3248 1558 3332 id;
1606 3253 1904 3312 damnare
1954 3248 2150 3325 unde,
2212 3253 2330 3312 nisi
2382 3248 2796 3326 dissimulant,
2829 3271 2892 3313 se
2933 3270 3179 3332 quoque
3225 3252 3395 3328 ipsos
3450 3248 3662 3326 juvari

245 3335 567 3396 sentiunt.
604 3335 724 3393 Nec
799 3350 871 3392 eo
932 3339 1139 3392 tamen
1203 3333 1339 3392 haec
1400 3331 1563 3390 trahi
1621 3333 1804 3392 velim
1870 3333 2046 3409 quasi
2100 3333 2385 3410 nuspiam
2446 3332 2777 3393 offendisse
2837 3331 3356 3407 me’arroganter
3410 3347 3659 3410 assevej

235 3434 403 3492 rem,
441 3421 557 3474 aut
615 3414 720 3473 ubi
791 3413 1125 3473 meruerim
1158 3410 1396 3490 culpari
1458 3411 1756 3492 abnuam.
1798 3416 2002 3475 Unum
2051 3409 2373 3490 deprecor,
2408 3431 2484 3472 ne
2527 3411 2834 3489 judicium
2889 3412 3336 3490 praecipitetur,
3370 3427 3527 3469 neve
3564 3409 3661 3492 ad

235 3488 517 3574 primam
578 3493 741 3574 naavi
799 3493 1091 3574 speciem,
1127 3488 1279 3552 veru
1337 3509 1412 3574 ac
1468 3489 1718 3569 nigrum
1779 3492 1952 3574 theta
2001 3488 2299 3574 plagosus
2355 3488 2577 3553 Censor
2623 3488 2937 3571 expediat.
2971 3571 2981 3574 _
3019 3488 3456 3574 cognoscere__
3485 3488 3662 3574 prius

236 3569 316 3637 ne
349 3580 662 3653 gravetur
715 3573 778 3632 in
833 3569 1138 3652 glossario
1190 3571 1468 3653 etnotis,
1503 3589 1643 3649 quas
1675 3589 1775 3653 me
1827 3573 1904 3632 ad
1962 3569 2049 3634 sic
2109 3569 2645 3650 interpretandum
2708 3569 2911 3634 causas
2967 3571 3349 3653 impulerint.
3407 3569 3518 3653 Vel
3551 3570 3661 3629 ab-

236 3649 447 3716 solvet
507 3655 609 3715 vel
674 3649 976 3731 ignoscet,
1009 3653 1108 3715 vel
1140 3651 1350 3712 mitius
1409 3652 1568 3711 forte
1618 3651 1954 3730 castigabit
2010 3649 2333 3732 perspecto
2367 3653 2512 3731 quid
2540 3653 2600 3712 in
2635 3670 2699 3712 re
2721 3653 2821 3713 sit.
2857 3649 3264 3732 Typographi
3327 3649 3551 3710 menda
3583 3667 3661 3709 ne

236 3735 642 3814 imputentur
671 3733 825 3794 mihi
875 3751 988 3794 cur
1045 3732 1374 3814 postulem,
1408 3732 1576 3810 quod
1634 3732 1769 3809 ipsa
1830 3731 2312 3814 ultro’a‘quitas
2369 3734 2682 3814 largitur?
2715 3751 2791 3792 ne
2821 3734 3026 3814 multa
3079 3731 3422 3814 graviaque
3471 3734 3648 3788 inter.

230 3810 554 3892 venirent,
590 3833 740 3876 cura
771 3821 862 3874 est
891 3832 1017 3874 non
1045 3810 1378 3872 'mediocri
1439 3818 1746 3871 certatum
1778 3832 1790 3871 ε
1853 3831 1930 3873 ne
1990 3810 2246 3874 ullaivel
2275 3813 2434 3873 levia
2474 3810 2817 3890 irreperent
2844 3813 3043 3874 vitare
3090 3813 3254 3892 ultra
3311 3811 3653 3892 humanam

231 3890 609 3958 facultatem
642 3896 779 3955 fuit.
837 3895 1033 3954 Index
1092 3892 1554 3971 puecipuorum
1617 3907 1930 3971 appensus
1985 3893 2065 3953 ad
2098 3894 2331 3954 calcem
2377 3893 2888 3954 Observationum
2945 3901 3061 3960 est,
3097 3890 3274 3967 cujus
3332 3890 3655 3971 admonitu

235 3996 435 4037 manu
497 3975 757 4053 adjuvet
815 3975 922 4052 qui
982 3970 1353 4053 adverterit,
1377 3980 1436 4032 et
1471 3970 1799 4053 benefacti
1857 3972 2065 4033 locum
2125 3981 2408 4053 occupet.
2445 3973 2936 4051 Chronologicas
2983 3971 3446 4053 contreversias
3484 3970 3654 4046 (nam

235 4064 420 4118 erant
481 4063 543 4115 et
579 4045 703 4116 vhic
754 4045 902 4114 nodi
958 4054 1091 4132 ejus
1150 4052 1387 4130 generit
1449 4051 1622 4128 digni
1691 4053 1966 4131 vindiee)’
2006 4053 2070 4112 in
2118 4045 2348 4112 librum
2379 4053 2703 4130 proprium
2752 4045 3163 4132 scposuimus,
3219 4049 3324 4132 cui
3358 4045 3646 4132 éaipstpov

238 4135 678 4216 superjecsum
744 4142 837 4195 est
895 4129 1230 4216 Spectmen
1295 4137 1666 4216 sapientiae
1708 4129 2016 4216 Indorum
2071 4129 2566 4216 veterum’liber
2640 4129 2837 4193 tertio'
2883 4130 3341 4216 succedentium
3393 4129 3658 4216 invicem

229 4209 733 4277 translationum
797 4209 995 4293 gradu
1053 4233 1126 4274 ex
1203 4213 1444 4293 Indico,
1481 4212 1771 4293 _Persico,
1823 4213 2091 4274 Arabico
2149 4215 2400 4274 Graacus
2459 4214 2675 4293 factus,
2735 4218 2819 4293 eti
2852 4211 3020 4293 velut
3078 4217 3226 4271 tunc
3291 4209 3650 4293 notissimus

233 4289 825 4373 Constantinopoli;
855 4295 933 4354 ab
969 4291 1496 4373 imperatore_ibi
1554 4289 1950 4373 apudr'hunc
2000 4299 2283 4354 nostrum
2341 4292 2751 4354 concionante
2805 4291 3118 4364 laudatus,
3182 4289 3500 4373 quaarendi
3559 4289 3651 4348 sui

231 4370 682 4438 necessitatem
744 4370 1281 4454 imposuit—haud
1324 4371 1519 4454 aliter
1569 4371 1984 4454 intellecturis
2040 4375 2244 4454 locum
2278 4374 2363 4454 in,
2394 4393 2517 4452 quo
2572 4378 2974 4454 memoratur.
3027 4370 3653 4454 Inventus‘inlocu-

231 4457 402 4536 plete
464 4456 687 4536 talium
745 4451 950 4536 penu,
996 4473 1212 4536 musco
1270 4451 1673 4536 illustrissimi
1716 4453 1980 4536 _Allatii,
2037 4453 2172 4536 ejus
2223 4451 2497 4530 benigna
2558 4454 2760 4536 gratia
2832 4453 3003 4513 visus
3064 4471 3101 4512 a
3146 4451 3653 4536 ‘menLatineque

232 4530 546 4613 redditus,
591 4530 870 4613 ejusdem
929 4535 1172 4612 judicio
1231 4540 1294 4593 et
1351 4534 1604 4593 hortatu
1662 4533 1864 4594 editus
1921 4534 2021 4594 hic
2075 4530 2319 4612 integer
2365 4541 2476 4608 est,
2511 4552 2634 4594 non
2698 4534 3045 4605 invenusta,
3099 4532 3161 4591 ni
3219 4530 3424 4608 fallor,
3484 4548 3656 4609 pcre-

233 4617 538 4696 grinitate
600 4615 964 4695 placiturus.
998 4615 1172 4676 Vale.
