4034 6200
313 409 419 464 443

1614 413 1913 471 GEORGII
1952 415 2411 469 PACHYMERE

3619 409 3726 464 444

425 697 1586 871 ΓΕΩΡΓΙΟΥ
1703 701 2175 875 ΤΟΥ
2293 699 3612 872 ΠΑΧΥΜΕΡΗ

978 973 1678 1104 ΜΙΧΑΗΛ
1781 975 3051 1106 ΠΑΛΑΙΟΛΟΓΟΣ

604 1346 1655 1538 GEORGII
1787 1218 3438 1545 PACHYMERE

788 1643 1720 1797 MICHAEL
1823 1645 3233 1798 PALZEOLOGUS

1953 1881 2100 1927 SIVE

463 1987 832 2050 HISTORIA
880 1992 1159 2053 RERUM
1206 1996 1258 2052 A
1303 1993 1708 2054 MICHAELE
1755 1994 2234 2056 PAL/‘EOLUGO
2279 1996 2494 2056 ANTE
2541 1994 2932 2056 IMPERIUM
2977 1995 3073 2055 ET
3120 1994 3194 2053 ΙΝ
3242 1990 3571 2053 IMPERIO

1781 2093 2244 2156 GESTARUM.

1458 2259 1791 2306 INTERPRE
1833 2261 2044 2308 PETRO
2089 2261 2356 2308 POSSINO
2401 2262 2456 2307 S.
2503 2263 2554 2307 J.

1958 2573 2070 2667 A.

246 2816 258 2820 _
310 2757 378 2812 α’.
412 2756 712 2832 Προοίμιον
743 2761 840 2812 τοῦ
872 2759 1245 2845 ξυγγραφέως,
1273 2761 1365 2815 καὶ
1393 2762 1515 2836 περὶ
1545 2765 1645 2828 τῆς
1693 2761 1956 2833 ἀληθείας
1989 2766 2044 2832 Α
2071 2760 2162 2817 καὶ
2197 2764 2383 2835 μαθὼν
2427 2757 2662 2836 ἀκριϐῶς
2692 2763 2818 2839 παρ’
2849 2763 2922 2816 ὧν
2953 2762 3014 2816 τὸ
3058 2764 3274 2836 πρῶτον
3327 2756 3542 2833 ἑωράθη
3563 2844 3570 2845 7
3593 2777 3731 2833 πρα-

887 2829 1021 2885 τῶιῖ
1044 2829 1176 2906 λὲγο
1186 2831 1354 2905 μένων
1367 2877 1377 2888 .

379 2938 462 3008 [Ρ.
494 2937 550 3008 4]
581 2936 848 3012 Γεώργιος
899 2937 1556 3010 Κωνσταντινουπολίτης
1605 2942 1699 3014 μὲν
1750 2941 1812 2997 τὸ
1861 2941 1955 2996 ἀν-

309 3021 513 3096 έκαθεν,
567 3023 617 3078 ἐν
668 3026 865 3096 Νικαίᾳ
922 3023 979 3080 δέ
1026 3026 1115 3081 καὶ
1163 3029 1437 3104 γεννηθεὶς
1490 3029 1579 3084 καὶ
1616 3030 1856 3107 τραφεὶς,
1907 3029 1958 3084 ἐν

309 3111 723 3168 Κωνσταντίνου
776 3109 832 3168 δὲ
888 3115 1153 3179 καταστὰς
1201 3116 1354 3182 αὖθις
1411 3116 1500 3173 ὅτε
1555 3123 1687 3174 Θεοῦ
1734 3118 1958 3192 νεύματι

272 3192 414 3254 νὺπὸ
460 3201 752 3274 Ῥωμαίων
805 3200 1082 3276 ἐγένετος,
1141 3199 1232 3276 ἔτη
1298 3205 1540 3282 γεγονὼς
1595 3204 1794 3262 εἶ’κοσιν
1845 3207 1961 3270 ἐνὸς

311 3285 550 3359 δέοντος,
600 3288 855 3358 τηνικάδε
906 3292 995 3346 καὶ
1041 3295 1239 3368 κΛήρῳ
1287 3296 1481 3360 σωθεὶς
1527 3295 1654 3369 θείῳ
1683 3296 1771 3351 καὶ
1806 3297 1957 3367 ἀξιώο

312 3396 474 3446 μασιν
505 3373 990 3452 έκκλησιασρικοῖς
1024 3378 1320 3455 διαπρέψας
1366 3384 1456 3439 καὶ
1483 3383 1536 3446 ἐς
1583 3383 1960 3460 πρωτεκδίκου

307 3463 512 3540 φθάσας
562 3465 753 3535 τιμὴν,
798 3463 875 3519 ἔτι
927 3464 985 3520 δέ
1030 3468 1120 3522 καὶ
1171 3468 1223 3522 ἐν
1271 3471 1580 3546 ἀνακτόρων
1637 3473 1712 3535 εἰς
1761 3471 1962 3528 δικαιο-

307 3548 526 3625 φύλακα
555 3551 836 3623 τιμηθεὶς,
884 3551 1010 3609 τάδε
1038 3555 1382 3633 ξυνέγραψεν,
1417 3560 1479 3615 ού
1528 3559 1730 3635 λόγους
1773 3556 1956 3617 λαϐὼν

306 3639 508 3702 ἄνωθεν
568 3639 914 3716 ἀμαρτύρους
947 3686 962 3712 ,
1018 3641 1134 3698 οὐδ’
1202 3647 1338 3722 ἀκοῇ
1405 3649 1672 3705 πιστεύων
1742 3649 1905 3724 μόνον
1942 3693 1956 3719 ,

305 3727 488 3818 ᾤσπερ
537 3725 812 3818 πολλάκις
870 3727 1153 3804 συμϐαίνει
1210 3741 1291 3808 τῷ
1342 3735 1668 3812 βουλομένῳ
1712 3738 1958 3818 γράφειν,

307 3814 374 3886 ἤν
403 3836 488 3878 τις
540 3817 689 3894 λέγοι
722 3818 978 3895 ἑωρακὼς
1021 3823 1057 3893 ἢ
1098 3825 1189 3878 καὶ
1239 3823 1471 3891 ἀκούσας
1517 3826 1700 3898 αὐτὸς,
1727 3814 1959 3892 ’πιστοὺς

309 3903 357 3960 δ’
391 3905 587 3993 ,ἀξιοίη
644 3906 775 3970 τοὺς
831 3909 1058 3985 λόγους,
1111 3912 1156 3968 εἰ
1203 3913 1372 3988 μόνον
1419 3914 1595 3992 λέγοι,
1625 3917 1955 3993 λογίζεσθαι,

311 3992 438 4050 ἀλλ’
467 3995 740 4070 αὐτόπτης
782 3997 850 4053 τὰ
894 3997 1127 4057 πλεῖστα
1175 4001 1318 4060 οὕτω
1372 4001 1578 4080 ξυμϐἀν
1606 3992 1869 4083 γεγονως,
1918 4006 1953 4078 ἢ

2075 2851 2287 2926 χθέντα,
2346 2850 2494 2921 πλὴν
2553 2849 2597 2907 δ’
2657 2851 2756 2907 οὐκ
2807 2850 3089 2926 ἀμάρτυρα
3145 2847 3292 2905 ἀλλά
3336 2849 3424 2902 καὶ
3481 2844 3725 2910 πολλοῖς

2070 2938 2270 3003 ἄλλοις
2310 2939 2782 3016 συνηγορούμενα,
2843 2941 2918 3004 ὡς
2965 2937 3024 2994 ἃν
3079 2939 3155 3012 μὴ
3215 2939 3244 2993 ὁ
3276 2937 3488 3010 ξύμπας
3523 2935 3730 3010 χρόνος

2072 3029 2228 3107 φύσιν
2290 3026 2434 3104 ἔχων
2494 3029 2560 3084 τά
2607 3025 2798 3086 πολλά
2845 3029 3100 3105 κρύπτειν
3157 3032 3382 3102 συχναῖς
3433 3023 3726 3086 κυκλικαῖς

2069 3115 2347 3191 περιόδοις
2397 3120 2484 3174 καὶ
2531 3116 2648 3174 τάδ’
2679 3117 2910 3197 ἀφανίσῃ
2961 3118 3096 3174 κατά
3144 3116 3338 3192 μικρὸν
3385 3113 3612 3186 ἐξίτηλα
3655 3116 3725 3186 τῇ

2067 3204 2398 3283 παραδρομῇ
2458 3208 2759 3284 γιγνόμενα
2807 3206 2896 3262 διὰ
2960 3208 3020 3262 τὸ
3095 3207 3323 3285 φανέντα
3392 3202 3725 3279 κρύπτεσθαι

2068 3297 2244 3351 πάντα
2303 3296 2542 3373 ἀνάγκην
2599 3297 2754 3366 εἶναι,
2815 3296 2888 3358 ὥς
2937 3297 3044 3352 πού
3093 3317 3178 3358 τις
3243 3298 3351 3348 τῶν
3385 3295 3568 3370 σοφῶν
3619 3289 3722 3368 ἔφη

2067 3383 2159 3440 καῖ
2218 3384 2442 3457 ἀληθῶς
2503 3385 2905 3462 ἐγνωμάτευσιν
2941 3430 2955 3444 .
3015 3385 3090 3441 Οὐ
3150 3384 3258 3458 μὴν
3320 3381 3460 3438 ὥστε
3506 3382 3601 3436 καὶ
3661 3381 3724 3434 τὸ

2068 3471 2272 3545 ἀληθὲς
2301 3475 2425 3552 περῖ
2474 3473 2773 3539 ὰλάττονος
2821 3479 2918 3532 τοῦ
2943 3472 3174 3550 ψεύδους
3220 3471 3553 3542 ποιήσασθαι
3601 3468 3728 3544 περὶ

2065 3565 2331 3620 τοιούτων
2382 3563 2632 3642 λέγοντα⁹
2679 3565 2921 3642 ἱστορίας
2959 3564 3060 3642 γὰρ
3099 3606 3114 3632 ,
3163 3563 3239 3624 ὡς
3292 3559 3352 3616 ἄν
3409 3580 3494 3622 τις
3552 3557 3726 3626 εἴποι,

2067 3657 2221 3730 ψυχὴ
2275 3658 2309 3726 ἡ
2369 3654 2624 3728 ἀλήθεια,
2672 3657 2762 3712 καὶ
2813 3657 2876 3712 τὸ
2923 3662 3024 3726 τῆς
3071 3651 3334 3724 ἀληθείας
3365 3656 3566 3727 χρῆμα
3596 3649 3726 3705 ἐπά-

2065 3764 2263 3818 ναγκες
2296 3746 2463 3820 ἱερὸν,
2497 3747 2525 3801 ὁ
2557 3743 2615 3802 δὲ
2663 3747 2770 3820 πρὸ
2798 3744 2999 3816 ταύτης
3027 3744 3090 3800 τὸ
3130 3739 3328 3816 ψεῦδος
3374 3738 3526 3816 ἄγων
3575 3739 3725 3794 ἄντί-

2064 3853 2196 3908 κρυς
2255 3832 2560 3909 ἱερόσυλος.
2610 3833 2840 3899 ’Ἄλλως
2885 3855 2944 3890 τε
3003 3832 3094 3888 καὶ
3141 3833 3278 3905 ἡμῖν
3335 3827 3539 3899 ἥκιστα
3588 3827 3724 3904 πρό-

2066 3933 2211 3986 θεσις
2267 3927 2384 3986 τοῖς
2455 3929 2749 4000 πραχθεῖσι
2825 3923 3046 4000 μέγεθος
3110 3919 3369 3985 ἐντιθεναι
3417 3917 3716 3992 ὡσανείπερ

2062 4011 2408 4085 κινουμένοις
2439 4011 2500 4068 ἐκ
2549 4012 2739 4087 μίσους
2769 4013 2805 4082 ἢ
2859 4012 2966 4086 μὴν
3009 4008 3244 4079 εὐνοίας,
3300 4009 3378 4072 ὡς
3436 4007 3495 4064 ἓν
3548 4004 3718 4063 πλέον

307 4289 360 4345 4.
395 4291 754 4362 Praemium,
775 4294 841 4351 de
870 4304 1093 4383 auctore
1118 4301 1283 4383 {zujus
1333 4305 1599 4375 historiae,
1636 4316 1688 4364 et
1716 4323 1822 4379 qua
1855 4308 1955 4365 ﬁde
1985 4309 2030 4374 Β
2063 4313 2239 4367 unius
2263 4313 2600 4371 testimonio
2626 4313 3068 4378 crediderit,sed
3102 4310 3430 4368 multorum
3454 4309 3722 4365 afﬁrma-

951 4375 1000 4425 ις
1022 4375 1322 4446 scripserit.

381 4470 665 4539 Georgius
711 4472 1397 4551 Constantinopolitanus
1450 4502 1677 4555 genere,
1707 4493 1870 4546 ortus
1901 4496 1957 4546 et

309 4557 603 4613 enutritus
649 4559 867 4631 Nicaeae,
918 4569 1467 4642 Constantinipolim
1513 4592 1720 4633 rursus
1759 4583 1956 4635 trans-

312 4647 490 4714 latus,
523 4653 758 4721 quando
789 4671 876 4722 ea,
909 4658 993 4713 sio
1024 4659 1139 4715 Deo
1171 4670 1484 4736 annuente,
1516 4670 1626 4724 sub
1660 4671 1956 4730 Romano-

315 4753 444 4791 rum
480 4739 812 4798 dominium
845 4747 1038 4811 rediit,
1090 4765 1276 4806 annos
1325 4758 1464 4810 tunc
1507 4763 1682 4815 natus
1714 4763 1956 4818 undevi-

311 4825 485 4922 ginti,
517 4825 672 4882 clero
699 4831 994 4922 ascriptus
1025 4851 1092 4890 ac
1141 4837 1348 4907 primis
1391 4843 1661 4903 Ecclesiie
1699 4850 1956 4922 dignita-

305 4913 466 4967 tibus
497 4919 913 4984 ornatus,adeo
937 4926 1001 4977 ut
1032 4940 1218 4995 usque
1239 4930 1309 4984 ad
1337 4935 1650 5001 protecdici
1673 4913 1954 4996 honorem

309 5001 741 5102 eveheretur,in
766 5006 1042 5102 palatinis
1073 5029 1304 5087 quoque
1335 5019 1545 5077 ofﬁciis
1576 5025 1957 5102 dicaaopbyla-

308 5088 394 5144 cis
427 5091 772 5185 magistratu
798 5095 1144 5171 honoratus,
1168 5104 1290 5161 hac
1319 5107 1532 5167 litteris
1565 5088 1953 5185 tradidit,iion

308 5194 576 5278 rumores
599 5181 768 5253 longe
793 5186 1002 5278 petitos
1021 5191 1299 5266 nulloque
1318 5200 1653 5260 testimonio
1677 5181 1956 5278 probatos

310 5267 629 5364 excipiens,
663 5287 857 5364 neque
873 5277 1061 5334 solum
1087 5281 1253 5339 famaé
1285 5286 1564 5356 ﬁdens,ut
1583 5267 1738 5364 saepe
1768 5299 1954 5355 1-12

309 5355 592 5412 scribenti
619 5363 910 5432 usuvenit,
944 5366 1083 5424 dum
1107 5371 1283 5429 nimis
1314 5375 1485 5433 facile
1507 5355 1766 5438 creditur
1795 5388 1955 5441 omni

311 5448 412 5546 qui
444 5449 600 5547 dicat
627 5469 690 5508 se
717 5457 958 5514 audisse
987 5467 1089 5518 aut
1118 5465 1562 5533 vidisse,verum
1597 5475 1696 5544 qui
1731 5491 1835 5547 per
1862 5494 1956 5532 me

309 5537 439 5628 ipse,
464 5539 740 5616 pleraque
789 5545 1034 5607 viderim
1081 5552 1168 5609 sic
1197 5557 1510 5628 contigisse
1559 5537 1630 5619 ut
1652 5537 1838 5622 refero
1867 5566 1955 5623 vel

2065 4402 2212 4458 tioni
2246 4403 2542 4460 concordi.
2572 4403 2820 4476 Scripsit
2850 4407 3069 4469 autem,
3119 4417 3192 4457 ne
3239 4404 3480 4471 tempus
3512 4402 3721 4469 suapte

2067 4498 2278 4549 natura
2307 4493 2605 4549 involvens
2637 4510 2703 4549 ac
2734 4493 2934 4565 legens
2963 4490 3174 4558 multa,
3215 4488 3560 4558 crebrisque
3593 4487 3717 4542 suis

2068 4584 2514 4643 circuitionibus
2539 4581 2945 4651 obruens,haac
2967 4595 3202 4652 quoque
3223 4577 3414 4632 deleat
3435 4575 3723 4648 fugientia

2067 4678 2195 4748 ipso
2222 4676 2496 4730 decursu.
2538 4677 2788 4728 Necesse
2818 4670 3037 4743 quippe
3085 4673 3193 4735 est,
3220 4683 3348 4738 quas
3399 4665 3722 4735 aliquando

2064 4765 2193 4820 visa
2223 4768 2386 4830 sunt,
2412 4761 2639 4833 contegi
2670 4760 2929 4821 tandem,
2955 4762 3020 4811 ut
3051 4757 3259 4812 doctus
3281 4753 3527 4826 quidam
3563 4768 3724 4808 asse-

2067 4854 2187 4909 ruit
2208 4853 2279 4908 ab
2309 4867 2441 4906 vere
2467 4846 3006 4921 pronuntiavit.Sed
3043 4860 3232 4914 neque
3265 4859 3372 4914 par
3398 4846 3493 4896 est
3522 4843 3598 4896 de
3635 4841 3720 4895 bis

2067 4944 2244 4999 rebus
2265 4942 2554 4998 dicentem
2579 4935 2885 4993 mendacio
2908 4933 3157 4990 minoris
3179 4933 3367 4987 facere
3387 4931 3718 4986 veritatem.

2066 5032 2336 5088 Historias
2370 5043 2650 5099 namque,
2684 5025 2768 5081 uti
2800 5024 2933 5096 quis
2963 5022 3192 5087 dixerit,
3227 5021 3428 5077 anima
3459 5020 3716 5087 veritas;

2066 5127 2123 5178 et
2151 5121 2364 5176 veritas
2397 5119 2527 5190 ipsa
2565 5132 2764 5170 revera
2804 5129 2897 5169 res
2945 5128 3110 5168 sacra
3139 5114 3248 5166 est.
3295 5111 3348 5164 ls
3400 5108 3588 5180 igitur
3616 5107 3717 5180 qui

2065 5211 2252 5282 pluris
2287 5208 2423 5265 facit
2451 5204 2846 5266 mendacium,
2880 5204 3076 5274 aperte
3122 5197 3448 5268 sacrilegus
3498 5202 3613 5253 est.
3646 5199 3716 5251 At

2067 5315 2257 5371 neque
2289 5296 2651 5370 propositum
2683 5293 2848 5348 nobis
2880 5294 2970 5347 est
2999 5287 3180 5361 gestis
3201 5287 3455 5343 aliorum
3481 5287 3713 5358 pondus

2068 5383 2474 5456 addere.quasi
2503 5382 2589 5437 vel
2621 5381 2752 5437 odio
2783 5377 2873 5434 vel
2897 5374 3299 5433 benevolentia
3315 5390 3710 5437 moveremur,

2065 5481 2131 5532 ut
2160 5484 2215 5531 et
2245 5476 2398 5548 quod
2434 5475 2586 5530 male
2627 5471 2858 5537 accidit,
2891 5469 3024 5541 plus
3071 5483 3236 5538 sequo
3290 5466 3607 5531 laceretur,
3658 5470 3714 5520 et

2065 5565 2221 5638 quod
2252 5563 2402 5620 belle
2432 5563 2658 5631 cecidit,
2701 5559 3032 5633 impensius
3067 5555 3414 5624 celebretur,
3464 5555 3711 5612 historia

311 5623 362 5728 si
393 5627 465 5682 ab
497 5628 628 5728 aliis
660 5637 1003 5728 acceperim,
1041 5623 1726 5715 diligenterexcusscrim
1761 5671 1793 5710 a
1824 5655 1950 5727 qui-
1985 5656 2026 5724 C
2066 5623 2394 5728 legentibus
2427 5623 3304 5724 impensus-Quandoquidem
3351 5645 3509 5702 enim
3546 5660 3706 5718 quae-

319 5711 433 5768 bus
461 5717 712 5785 primum
749 5740 814 5779 ea
845 5727 964 5783 sint
1016 5730 1139 5786 visa
1169 5733 1309 5788 dum
1360 5734 1584 5808 ﬁerent,
1621 5758 1686 5797 ac
1735 5711 1955 5800 neclsic
1988 5711 2026 5724 ν
2064 5711 2317 5816 cuunque,
2351 5711 2541 5798 ubivis
2574 5747 2862 5799 terrarum
2901 5741 3066 5809 gesta
3111 5741 3270 5805 sunt,
3303 5733 3442 5793 licet
3469 5734 3706 5808 quidem
