  <div class='ocr_page' id='page_1' title='image "/cluster/home/n/w/nwhite01/storage/ocr_20150623/143/hvd.32044073502585/228.png"; bbox 0 0 3944 6202; ppageno 0'>
   <div class='ocr_carea' id='block_1_1' title="bbox 216 405 299 460">
    <p class='ocr_par' dir='ltr' id='par_1_1' title="bbox 216 405 299 460">
     <span class='ocr_line' id='line_1_1' title="bbox 216 405 299 460; baseline 0 0"><span class='ocrx_word' id='word_1_1' title='bbox 216 405 299 460; x_wconf 71' lang='grc' dir='ltr'><strong>ιιιὸ</strong></span> 
     </span>
    </p>
   </div>
   <div class='ocr_carea' id='block_1_2' title="bbox 1241 401 2485 459">
    <p class='ocr_par' dir='ltr' id='par_1_2' title="bbox 1241 401 2485 459">
     <span class='ocr_line' id='line_1_2' title="bbox 1241 401 2485 459; baseline 0 -3"><span class='ocrx_word' id='word_1_2' title='bbox 1241 405 1336 456; x_wconf 84' lang='lat' dir='ltr'><strong>DE</strong></span> <span class='ocrx_word' id='word_1_3' title='bbox 1381 404 1747 458; x_wconf 77' lang='lat' dir='ltr'><strong>MICHABLE</strong></span> <span class='ocrx_word' id='word_1_4' title='bbox 1787 401 2227 459; x_wconf 70' lang='lat' dir='ltr'><strong>PALEOLOGO</strong></span> <span class='ocrx_word' id='word_1_5' title='bbox 2265 404 2398 456; x_wconf 86' lang='lat' dir='ltr'><strong>LlB.</strong></span> <span class='ocrx_word' id='word_1_6' title='bbox 2442 404 2485 456; x_wconf 90' lang='lat' dir='ltr'><strong>I.</strong></span> 
     </span>
    </p>
   </div>
   <div class='ocr_carea' id='block_1_3' title="bbox 3465 401 3571 455">
    <p class='ocr_par' dir='ltr' id='par_1_3' title="bbox 3465 401 3571 455">
     <span class='ocr_line' id='line_1_3' title="bbox 3465 401 3571 455; baseline 0 0"><span class='ocrx_word' id='word_1_7' title='bbox 3465 401 3571 455; x_wconf 69' lang='grc'><strong>446</strong></span> 
     </span>
    </p>
   </div>
   <div class='ocr_carea' id='block_1_4' title="bbox 213 519 3569 600">
    <p class='ocr_par' dir='ltr' id='par_1_4' title="bbox 213 519 3569 600">
     <span class='ocr_line' id='line_1_4' title="bbox 213 519 3569 600; baseline 0 -21"><span class='ocrx_word' id='word_1_8' title='bbox 213 529 240 597; x_wconf 74' lang='grc' dir='ltr'>ἦ</span> <span class='ocrx_word' id='word_1_9' title='bbox 289 527 411 587; x_wconf 81' lang='grc' dir='ltr'>εἰκὸς</span> <span class='ocrx_word' id='word_1_10' title='bbox 465 525 498 594; x_wconf 69' lang='grc' dir='ltr'><strong>ἢ</strong></span> <span class='ocrx_word' id='word_1_11' title='bbox 549 524 606 579; x_wconf 90' lang='grc' dir='ltr'>τὸ</span> <span class='ocrx_word' id='word_1_12' title='bbox 635 528 819 587; x_wconf 79' lang='grc' dir='ltr'>κακῶς</span> <span class='ocrx_word' id='word_1_13' title='bbox 849 519 1054 598; x_wconf 77' lang='grc' dir='ltr'>ξυμϐἀν</span> <span class='ocrx_word' id='word_1_14' title='bbox 1109 521 1386 597; x_wconf 83' lang='grc' dir='ltr'>διασυρείη</span> <span class='ocrx_word' id='word_1_15' title='bbox 1420 525 1454 594; x_wconf 75' lang='grc' dir='ltr'>ἢ</span> <span class='ocrx_word' id='word_1_16' title='bbox 1484 524 1547 578; x_wconf 88' lang='grc' dir='ltr'><strong>τὸ</strong></span> <span class='ocrx_word' id='word_1_17' title='bbox 1575 523 1631 578; x_wconf 76' lang='grc' dir='ltr'><strong>εὖ</strong></span> <span class='ocrx_word' id='word_1_18' title='bbox 1679 527 1809 597; x_wconf 77' lang='grc' dir='ltr'>ξυμ·</span> <span class='ocrx_word' id='word_1_19' title='bbox 1841 530 1895 594; x_wconf 81' lang='grc' dir='ltr'>Α</span> <span class='ocrx_word' id='word_1_20' title='bbox 1928 525 2207 598; x_wconf 78' lang='grc' dir='ltr'>ἄρξαντας,</span> <span class='ocrx_word' id='word_1_21' title='bbox 2259 525 2535 579; x_wconf 79' lang='grc' dir='ltr'>κάντεῦθεν</span> <span class='ocrx_word' id='word_1_22' title='bbox 2595 523 2852 600; x_wconf 76' lang='grc' dir='ltr'>ἄρχεσθαι</span> <span class='ocrx_word' id='word_1_23' title='bbox 2909 527 2976 582; x_wconf 74' lang='grc' dir='ltr'>τά</span> <span class='ocrx_word' id='word_1_24' title='bbox 3031 526 3240 583; x_wconf 78' lang='grc' dir='ltr'><strong>ἐκείνων</strong></span> <span class='ocrx_word' id='word_1_25' title='bbox 3299 525 3569 591; x_wconf 79' lang='grc' dir='ltr'><strong>ἐπιόντας,</strong></span> 
     </span>
    </p>
   </div>
   <div class='ocr_carea' id='block_1_5' title="bbox 214 613 1804 688">
    <p class='ocr_par' dir='ltr' id='par_1_5' title="bbox 214 613 1804 688">
     <span class='ocr_line' id='line_1_5' title="bbox 214 613 1804 688; baseline 0 -18"><span class='ocrx_word' id='word_1_26' title='bbox 214 618 343 670; x_wconf 77' lang='grc' dir='ltr'>πεσὸν</span> <span class='ocrx_word' id='word_1_27' title='bbox 388 613 666 686; x_wconf 79' lang='grc' dir='ltr'>ὀμνηθείη,</span> <span class='ocrx_word' id='word_1_28' title='bbox 717 617 816 668; x_wconf 82' lang='grc' dir='ltr'>τοῦ</span> <span class='ocrx_word' id='word_1_29' title='bbox 877 613 1040 688; x_wconf 75' lang='grc' dir='ltr'>λόγου</span> <span class='ocrx_word' id='word_1_30' title='bbox 1091 613 1188 676; x_wconf 70' lang='grc' dir='ltr'>τὰς</span> <span class='ocrx_word' id='word_1_31' title='bbox 1239 615 1404 678; x_wconf 74' lang='grc' dir='ltr'>ἀκοάς</span> <span class='ocrx_word' id='word_1_32' title='bbox 1428 614 1804 688; x_wconf 75' lang='grc' dir='ltr'>γοητεύοντος.</span> 
     </span>
    </p>
   </div>
   <div class='ocr_carea' id='block_1_6' title="bbox 211 699 1808 778">
    <p class='ocr_par' dir='ltr' id='par_1_6' title="bbox 211 699 1808 778">
     <span class='ocr_line' id='line_1_6' title="bbox 211 699 1808 778; baseline -0.004 -17"><span class='ocrx_word' id='word_1_33' title='bbox 211 701 398 773; x_wconf 79' lang='grc' dir='ltr'>Ἔπειδή</span> <span class='ocrx_word' id='word_1_34' title='bbox 425 704 520 778; x_wconf 78' lang='grc' dir='ltr'><strong>γάρ</strong></span> <span class='ocrx_word' id='word_1_35' title='bbox 577 702 644 758; x_wconf 84' lang='grc' dir='ltr'><strong>τά</strong></span> <span class='ocrx_word' id='word_1_36' title='bbox 701 699 1024 773; x_wconf 74' lang='grc' dir='ltr'>ὁπουδήπου</span> <span class='ocrx_word' id='word_1_37' title='bbox 1080 702 1395 778; x_wconf 71' lang='grc' dir='ltr'><strong>πραχθέντα</strong></span> <span class='ocrx_word' id='word_1_38' title='bbox 1424 699 1533 757; x_wconf 73' lang='grc' dir='ltr'>ἔστι</span> <span class='ocrx_word' id='word_1_39' title='bbox 1569 704 1664 774; x_wconf 77' lang='grc' dir='ltr'>μὲν</span> <span class='ocrx_word' id='word_1_40' title='bbox 1721 702 1808 756; x_wconf 83' lang='grc' dir='ltr'>καὶ</span> 
     </span>
    </p>
   </div>
   <div class='ocr_carea' id='block_1_7' title="bbox 215 789 1810 867">
    <p class='ocr_par' dir='ltr' id='par_1_7' title="bbox 215 789 1810 867">
     <span class='ocr_line' id='line_1_7' title="bbox 217 789 1724 838; baseline -0.003 -27"><span class='ocrx_word' id='word_1_41' title='bbox 217 793 236 812; x_wconf 56' lang='grc' dir='ltr'>ἢ</span> <span class='ocrx_word' id='word_1_42' title='bbox 281 797 298 838; x_wconf 61' lang='grc' dir='ltr'>ζ</span> <span class='ocrx_word' id='word_1_43' title='bbox 335 793 343 808; x_wconf 67' lang='grc' dir='ltr'><strong>ν</strong></span> <span class='ocrx_word' id='word_1_44' title='bbox 536 794 556 810; x_wconf 72' lang='grc' dir='ltr'>ν</span> <span class='ocrx_word' id='word_1_45' title='bbox 643 789 697 810; x_wconf 54' lang='grc' dir='ltr'>κε</span> <span class='ocrx_word' id='word_1_46' title='bbox 833 793 848 810; x_wconf 59' lang='grc' dir='ltr'>κ</span> <span class='ocrx_word' id='word_1_47' title='bbox 944 792 962 822; x_wconf 51' lang='lat' dir='ltr'><strong>ll.</strong></span> <span class='ocrx_word' id='word_1_48' title='bbox 1168 799 1176 808; x_wconf 60' lang='grc' dir='ltr'>ο</span> <span class='ocrx_word' id='word_1_49' title='bbox 1344 793 1353 812; x_wconf 69' lang='grc' dir='ltr'><em>ο</em></span> <span class='ocrx_word' id='word_1_50' title='bbox 1598 791 1610 806; x_wconf 82' lang='lat'><strong><em>\</em></strong></span> <span class='ocrx_word' id='word_1_51' title='bbox 1703 790 1724 810; x_wconf 69' lang='grc' dir='ltr'><strong>,Ι</strong></span> 
     </span>
     <span class='ocr_line' id='line_1_8' title="bbox 215 789 1810 867; baseline -0.003 -19"><span class='ocrx_word' id='word_1_52' title='bbox 215 813 446 866; x_wconf 42' lang='grc' dir='ltr'>οιετιαναι,</span> <span class='ocrx_word' id='word_1_53' title='bbox 503 813 583 854; x_wconf 92' lang='grc' dir='ltr'>οις</span> <span class='ocrx_word' id='word_1_54' title='bbox 639 807 708 858; x_wconf 82' lang='grc' dir='ltr'>οη</span> <span class='ocrx_word' id='word_1_55' title='bbox 763 813 851 845; x_wconf 85' lang='grc' dir='ltr'>και</span> <span class='ocrx_word' id='word_1_56' title='bbox 906 790 1077 867; x_wconf 78' lang='grc' dir='ltr'>λεγειν</span> <span class='ocrx_word' id='word_1_57' title='bbox 1114 789 1476 866; x_wconf 79' lang='grc' dir='ltr'>βουλομενοις</span> <span class='ocrx_word' id='word_1_58' title='bbox 1505 790 1668 859; x_wconf 81' lang='grc' dir='ltr'>ἐστιν,</span> <span class='ocrx_word' id='word_1_59' title='bbox 1702 813 1810 845; x_wconf 86' lang='grc' dir='ltr'>εστι</span> 
     </span>
    </p>
   </div>
   <div class='ocr_carea' id='block_1_8' title="bbox 212 879 1812 955">
    <p class='ocr_par' dir='ltr' id='par_1_8' title="bbox 212 879 1812 955">
     <span class='ocr_line' id='line_1_9' title="bbox 212 879 1812 955; baseline -0.004 -17"><span class='ocrx_word' id='word_1_60' title='bbox 212 881 255 938; x_wconf 77' lang='grc' dir='ltr'><em>δὲ</em></span> <span class='ocrx_word' id='word_1_61' title='bbox 292 883 365 936; x_wconf 77' lang='grc' dir='ltr'><strong>καὶ</strong></span> <span class='ocrx_word' id='word_1_62' title='bbox 397 880 477 951; x_wconf 79' lang='grc' dir='ltr'>ἐᾷν</span> <span class='ocrx_word' id='word_1_63' title='bbox 509 880 735 955; x_wconf 71' lang='grc' dir='ltr'>ἀρόητα,</span> <span class='ocrx_word' id='word_1_64' title='bbox 793 881 868 953; x_wconf 80' lang='grc' dir='ltr'>μὴ</span> <span class='ocrx_word' id='word_1_65' title='bbox 900 880 1141 954; x_wconf 85' lang='grc' dir='ltr'>ἀνάγκης</span> <span class='ocrx_word' id='word_1_66' title='bbox 1226 879 1493 949; x_wconf 75' lang='grc' dir='ltr'>ὑπούσης,</span> <span class='ocrx_word' id='word_1_67' title='bbox 1551 885 1673 950; x_wconf 85' lang='grc' dir='ltr'><strong>νικᾷ</strong></span> <span class='ocrx_word' id='word_1_68' title='bbox 1696 881 1812 934; x_wconf 83' lang='grc' dir='ltr'>κατ’</span> 
     </span>
    </p>
   </div>
   <div class='ocr_carea' id='block_1_9' title="bbox 211 967 1810 1044">
    <p class='ocr_par' dir='ltr' id='par_1_9' title="bbox 211 967 1810 1044">
     <span class='ocr_line' id='line_1_10' title="bbox 211 967 1810 1044; baseline -0.003 -19"><span class='ocrx_word' id='word_1_69' title='bbox 211 972 318 1042; x_wconf 70' lang='grc' dir='ltr'>ἐμὴν</span> <span class='ocrx_word' id='word_1_70' title='bbox 368 972 581 1043; x_wconf 82' lang='grc' dir='ltr'><strong>γνώμην</strong></span> <span class='ocrx_word' id='word_1_71' title='bbox 642 970 704 1022; x_wconf 86' lang='grc' dir='ltr'><strong>τὸ</strong></span> <span class='ocrx_word' id='word_1_72' title='bbox 764 974 972 1038; x_wconf 78' lang='grc' dir='ltr'>σιωπᾷν</span> <span class='ocrx_word' id='word_1_73' title='bbox 1031 970 1064 1039; x_wconf 75' lang='grc' dir='ltr'><strong>ἢ</strong></span> <span class='ocrx_word' id='word_1_74' title='bbox 1123 971 1185 1024; x_wconf 87' lang='grc' dir='ltr'><strong>τὸ</strong></span> <span class='ocrx_word' id='word_1_75' title='bbox 1240 969 1414 1044; x_wconf 86' lang='grc' dir='ltr'>λέγειν</span> <span class='ocrx_word' id='word_1_76' title='bbox 1454 967 1638 1030; x_wconf 76' lang='grc' dir='ltr'>ἄλλως</span> <span class='ocrx_word' id='word_1_77' title='bbox 1671 969 1704 1037; x_wconf 69' lang='grc' dir='ltr'><strong>ἢ</strong></span> <span class='ocrx_word' id='word_1_78' title='bbox 1738 971 1810 1030; x_wconf 75' lang='grc' dir='ltr'><strong>ὡς</strong></span> 
     </span>
    </p>
   </div>
   <div class='ocr_carea' id='block_1_10' title="bbox 208 1056 1810 1135">
    <p class='ocr_par' dir='ltr' id='par_1_10' title="bbox 208 1056 1810 1135">
     <span class='ocr_line' id='line_1_11' title="bbox 208 1056 1810 1135; baseline -0.001 -19"><span class='ocrx_word' id='word_1_79' title='bbox 208 1059 532 1135; x_wconf 70' lang='grc' dir='ltr'><strong>ἐπράχθησαν,</strong></span> <span class='ocrx_word' id='word_1_80' title='bbox 563 1059 654 1113; x_wconf 75' lang='grc' dir='ltr'><strong>καὶ</strong></span> <span class='ocrx_word' id='word_1_81' title='bbox 686 1064 935 1134; x_wconf 86' lang='grc' dir='ltr'>κρεῖττον</span> <span class='ocrx_word' id='word_1_82' title='bbox 989 1056 1166 1128; x_wconf 76' lang='grc' dir='ltr'>δήπου</span> <span class='ocrx_word' id='word_1_83' title='bbox 1196 1065 1311 1121; x_wconf 87' lang='grc' dir='ltr'>τοῖς</span> <span class='ocrx_word' id='word_1_84' title='bbox 1339 1059 1595 1114; x_wconf 72' lang='grc' dir='ltr'>ἀκούουσι</span> <span class='ocrx_word' id='word_1_85' title='bbox 1625 1061 1686 1114; x_wconf 87' lang='grc' dir='ltr'><strong>τὸ</strong></span> <span class='ocrx_word' id='word_1_86' title='bbox 1736 1061 1810 1131; x_wconf 74' lang='grc' dir='ltr'>μὴ</span> 
     </span>
    </p>
   </div>
   <div class='ocr_carea' id='block_1_11' title="bbox 209 1144 1812 1224">
    <p class='ocr_par' dir='ltr' id='par_1_11' title="bbox 209 1144 1812 1224">
     <span class='ocr_line' id='line_1_12' title="bbox 209 1144 1812 1224; baseline -0.002 -20"><span class='ocrx_word' id='word_1_87' title='bbox 209 1151 447 1224; x_wconf 78' lang='grc' dir='ltr'>μανθάνειν</span> <span class='ocrx_word' id='word_1_88' title='bbox 497 1146 646 1211; x_wconf 73' lang='grc' dir='ltr'>ὅλως</span> <span class='ocrx_word' id='word_1_89' title='bbox 674 1149 710 1218; x_wconf 71' lang='grc' dir='ltr'><strong>ἢ</strong></span> <span class='ocrx_word' id='word_1_90' title='bbox 741 1148 804 1202; x_wconf 84' lang='grc' dir='ltr'>τὸ</span> <span class='ocrx_word' id='word_1_91' title='bbox 859 1148 1143 1221; x_wconf 70' lang='grc' dir='ltr'>μανθάνειν</span> <span class='ocrx_word' id='word_1_92' title='bbox 1179 1147 1366 1210; x_wconf 73' lang='grc' dir='ltr'>ἄλλως</span> <span class='ocrx_word' id='word_1_93' title='bbox 1396 1147 1432 1217; x_wconf 69' lang='grc' dir='ltr'>ἢ</span> <span class='ocrx_word' id='word_1_94' title='bbox 1475 1149 1549 1210; x_wconf 82' lang='grc' dir='ltr'>ὡς</span> <span class='ocrx_word' id='word_1_95' title='bbox 1577 1150 1610 1215; x_wconf 70' lang='grc' dir='ltr'>ἡ</span> <span class='ocrx_word' id='word_1_96' title='bbox 1644 1144 1812 1208; x_wconf 81' lang='grc' dir='ltr'>ὅντως</span> 
     </span>
    </p>
   </div>
   <div class='ocr_carea' id='block_1_12' title="bbox 206 1236 1810 1314">
    <p class='ocr_par' dir='ltr' id='par_1_12' title="bbox 206 1236 1810 1314">
     <span class='ocr_line' id='line_1_13' title="bbox 206 1236 1810 1314; baseline -0.003 -20"><span class='ocrx_word' id='word_1_97' title='bbox 206 1238 383 1314; x_wconf 75' lang='grc' dir='ltr'>ἱστορία</span> <span class='ocrx_word' id='word_1_98' title='bbox 429 1236 705 1311; x_wconf 66' lang='grc' dir='ltr'>βούλεται,</span> <span class='ocrx_word' id='word_1_99' title='bbox 767 1237 842 1299; x_wconf 87' lang='grc' dir='ltr'><strong>ὡς</strong></span> <span class='ocrx_word' id='word_1_100' title='bbox 901 1237 1100 1291; x_wconf 85' lang='grc' dir='ltr'>ἐκεῖθεν</span> <span class='ocrx_word' id='word_1_101' title='bbox 1163 1239 1254 1310; x_wconf 72' lang='grc' dir='ltr'>μὲν</span> <span class='ocrx_word' id='word_1_102' title='bbox 1313 1240 1414 1306; x_wconf 75' lang='grc' dir='ltr'>τῆς</span> <span class='ocrx_word' id='word_1_103' title='bbox 1461 1236 1642 1306; x_wconf 82' lang='grc' dir='ltr'>ἁπλῆς</span> <span class='ocrx_word' id='word_1_104' title='bbox 1669 1237 1810 1291; x_wconf 81' lang='grc' dir='ltr'>εἷσα-</span> 
     </span>
    </p>
   </div>
   <div class='ocr_carea' id='block_1_13' title="bbox 202 1325 1812 1403">
    <p class='ocr_par' dir='ltr' id='par_1_13' title="bbox 202 1325 1812 1403">
     <span class='ocr_line' id='line_1_14' title="bbox 202 1325 1812 1403; baseline -0.002 -21"><span class='ocrx_word' id='word_1_105' title='bbox 202 1329 399 1403; x_wconf 83' lang='grc' dir='ltr'>γομένης</span> <span class='ocrx_word' id='word_1_106' title='bbox 447 1325 656 1397; x_wconf 80' lang='grc' dir='ltr'>ἐκείνης</span> <span class='ocrx_word' id='word_1_107' title='bbox 704 1325 950 1401; x_wconf 88' lang='grc' dir='ltr'>ἀγνοίας,</span> <span class='ocrx_word' id='word_1_108' title='bbox 1001 1325 1053 1396; x_wconf 79' lang='grc' dir='ltr'>ἐξ</span> <span class='ocrx_word' id='word_1_109' title='bbox 1100 1327 1166 1395; x_wconf 78' lang='grc' dir='ltr'>ἧς</span> <span class='ocrx_word' id='word_1_110' title='bbox 1215 1325 1276 1380; x_wconf 79' lang='grc' dir='ltr'>οὐ</span> <span class='ocrx_word' id='word_1_111' title='bbox 1331 1331 1524 1399; x_wconf 82' lang='grc' dir='ltr'>μῶμος</span> <span class='ocrx_word' id='word_1_112' title='bbox 1556 1325 1812 1400; x_wconf 86' lang='grc' dir='ltr'>προστρί-</span> 
     </span>
    </p>
   </div>
   <div class='ocr_carea' id='block_1_14' title="bbox 205 1411 1811 1486">
    <p class='ocr_par' dir='ltr' id='par_1_14' title="bbox 205 1411 1811 1486">
     <span class='ocr_line' id='line_1_15' title="bbox 205 1411 1811 1486; baseline -0.001 -17"><span class='ocrx_word' id='word_1_113' title='bbox 205 1411 346 1483; x_wconf 72' lang='grc' dir='ltr'>ϐεται,</span> <span class='ocrx_word' id='word_1_114' title='bbox 399 1416 633 1479; x_wconf 78' lang='grc' dir='ltr'><strong>ἐντεῦθεν</strong></span> <span class='ocrx_word' id='word_1_115' title='bbox 689 1412 747 1468; x_wconf 76' lang='grc' dir='ltr'><strong>δὲ</strong></span> <span class='ocrx_word' id='word_1_116' title='bbox 803 1422 903 1483; x_wconf 76' lang='grc' dir='ltr'>τῆς</span> <span class='ocrx_word' id='word_1_117' title='bbox 963 1411 1188 1486; x_wconf 81' lang='grc' dir='ltr'><strong>διπλῆς,</strong></span> <span class='ocrx_word' id='word_1_118' title='bbox 1247 1416 1322 1476; x_wconf 82' lang='grc' dir='ltr'><strong>ὡς</strong></span> <span class='ocrx_word' id='word_1_119' title='bbox 1379 1416 1441 1469; x_wconf 87' lang='grc' dir='ltr'>τὸ</span> <span class='ocrx_word' id='word_1_120' title='bbox 1493 1417 1569 1486; x_wconf 81' lang='grc' dir='ltr'><strong>μὴ</strong></span> <span class='ocrx_word' id='word_1_121' title='bbox 1617 1412 1811 1469; x_wconf 80' lang='grc' dir='ltr'>εἷ’δέναι</span> 
     </span>
    </p>
   </div>
   <div class='ocr_carea' id='block_1_15' title="bbox 201 1500 1814 1578">
    <p class='ocr_par' dir='ltr' id='par_1_15' title="bbox 201 1500 1814 1578">
     <span class='ocr_line' id='line_1_16' title="bbox 201 1500 1814 1578; baseline -0.002 -18"><span class='ocrx_word' id='word_1_122' title='bbox 201 1504 471 1577; x_wconf 68' lang='grc' dir='ltr'>συμϐαίνειν</span> <span class='ocrx_word' id='word_1_123' title='bbox 526 1504 624 1558; x_wconf 90' lang='grc' dir='ltr'>τὸν</span> <span class='ocrx_word' id='word_1_124' title='bbox 686 1500 884 1558; x_wconf 79' lang='grc' dir='ltr'>εἰδέναι</span> <span class='ocrx_word' id='word_1_125' title='bbox 940 1502 1212 1576; x_wconf 73' lang='grc' dir='ltr'>οἱόμενον,</span> <span class='ocrx_word' id='word_1_126' title='bbox 1272 1502 1334 1558; x_wconf 79' lang='grc' dir='ltr'>οὗ</span> <span class='ocrx_word' id='word_1_127' title='bbox 1389 1501 1454 1572; x_wconf 79' lang='grc' dir='ltr'>δὴ</span> <span class='ocrx_word' id='word_1_128' title='bbox 1483 1504 1570 1557; x_wconf 82' lang='grc' dir='ltr'>καὶ</span> <span class='ocrx_word' id='word_1_129' title='bbox 1625 1509 1814 1578; x_wconf 85' lang='grc' dir='ltr'>χεῖρον</span> 
     </span>
    </p>
   </div>
   <div class='ocr_carea' id='block_1_16' title="bbox 203 1590 1814 1667">
    <p class='ocr_par' dir='ltr' id='par_1_16' title="bbox 203 1590 1814 1667">
     <span class='ocr_line' id='line_1_17' title="bbox 203 1590 1814 1667; baseline -0.002 -19"><span class='ocrx_word' id='word_1_130' title='bbox 203 1592 347 1651; x_wconf 70' lang='grc' dir='ltr'>οὖόἐν.</span> <span class='ocrx_word' id='word_1_131' title='bbox 389 1595 463 1649; x_wconf 81' lang='grc' dir='ltr'><strong>Οὐ</strong></span> <span class='ocrx_word' id='word_1_132' title='bbox 515 1594 629 1666; x_wconf 75' lang='grc' dir='ltr'>μὴν</span> <span class='ocrx_word' id='word_1_133' title='bbox 678 1591 807 1648; x_wconf 88' lang='grc' dir='ltr'>ἀλλ’</span> <span class='ocrx_word' id='word_1_134' title='bbox 853 1590 967 1647; x_wconf 80' lang='grc' dir='ltr'>οὐδ’</span> <span class='ocrx_word' id='word_1_135' title='bbox 1018 1593 1182 1655; x_wconf 79' lang='grc' dir='ltr'>αὐτὸς</span> <span class='ocrx_word' id='word_1_136' title='bbox 1230 1591 1595 1667; x_wconf 80' lang='grc' dir='ltr'>ἐγκεχείρηκα</span> <span class='ocrx_word' id='word_1_137' title='bbox 1628 1590 1690 1645; x_wconf 78' lang='grc' dir='ltr'>ἂν</span> <span class='ocrx_word' id='word_1_138' title='bbox 1747 1595 1814 1664; x_wconf 79' lang='grc' dir='ltr'>τῇ</span> 
     </span>
    </p>
   </div>
   <div class='ocr_carea' id='block_1_17' title="bbox 201 1680 1816 1759">
    <p class='ocr_par' dir='ltr' id='par_1_17' title="bbox 201 1680 1816 1759">
     <span class='ocr_line' id='line_1_18' title="bbox 201 1680 1816 1759; baseline -0.001 -23"><span class='ocrx_word' id='word_1_139' title='bbox 201 1687 373 1759; x_wconf 66' lang='grc' dir='ltr'>γραφῇ,</span> <span class='ocrx_word' id='word_1_140' title='bbox 423 1680 491 1750; x_wconf 72' lang='grc' dir='ltr'>ἤν</span> <span class='ocrx_word' id='word_1_141' title='bbox 526 1703 627 1755; x_wconf 91' lang='grc' dir='ltr'><strong>μοι</strong></span> <span class='ocrx_word' id='word_1_142' title='bbox 658 1684 734 1755; x_wconf 80' lang='grc' dir='ltr'><strong>μή</strong></span> <span class='ocrx_word' id='word_1_143' title='bbox 768 1681 923 1755; x_wconf 75' lang='grc' dir='ltr'>ἐπῄει</span> <span class='ocrx_word' id='word_1_144' title='bbox 956 1682 1194 1752; x_wconf 79' lang='grc' dir='ltr'><strong>ἐλπίζειν</strong></span> <span class='ocrx_word' id='word_1_145' title='bbox 1228 1683 1518 1757; x_wconf 79' lang='grc' dir='ltr'>προϊόντος</span> <span class='ocrx_word' id='word_1_146' title='bbox 1549 1685 1646 1735; x_wconf 75' lang='grc' dir='ltr'>τοῦ</span> <span class='ocrx_word' id='word_1_147' title='bbox 1677 1680 1816 1756; x_wconf 86' lang='grc' dir='ltr'>χρό-</span> 
     </span>
    </p>
   </div>
   <div class='ocr_carea' id='block_1_18' title="bbox 201 1765 1813 1845">
    <p class='ocr_par' dir='ltr' id='par_1_18' title="bbox 201 1765 1813 1845">
     <span class='ocr_line' id='line_1_19' title="bbox 201 1765 1813 1845; baseline 0 -22"><span class='ocrx_word' id='word_1_148' title='bbox 201 1793 277 1826; x_wconf 84' lang='grc' dir='ltr'><strong>νου</strong></span> <span class='ocrx_word' id='word_1_149' title='bbox 320 1775 392 1844; x_wconf 80' lang='grc' dir='ltr'><strong>[Ρ.</strong></span> <span class='ocrx_word' id='word_1_150' title='bbox 423 1773 476 1844; x_wconf 91' lang='grc'><strong>5]</strong></span> <span class='ocrx_word' id='word_1_151' title='bbox 506 1772 575 1824; x_wconf 75' lang='grc' dir='ltr'><strong>τά</strong></span> <span class='ocrx_word' id='word_1_152' title='bbox 627 1770 802 1845; x_wconf 82' lang='grc' dir='ltr'>χείρω</span> <span class='ocrx_word' id='word_1_153' title='bbox 850 1772 939 1826; x_wconf 71' lang='grc' dir='ltr'>καὶ</span> <span class='ocrx_word' id='word_1_154' title='bbox 971 1768 1047 1826; x_wconf 79' lang='grc' dir='ltr'>ἔτι</span> <span class='ocrx_word' id='word_1_155' title='bbox 1088 1765 1426 1844; x_wconf 75' lang='grc' dir='ltr'>ξυμϐαίνειν,</span> <span class='ocrx_word' id='word_1_156' title='bbox 1475 1769 1534 1825; x_wconf 91' lang='grc' dir='ltr'>ἐκ</span> <span class='ocrx_word' id='word_1_157' title='bbox 1578 1775 1685 1823; x_wconf 83' lang='grc' dir='ltr'><strong>τῶν</strong></span> <span class='ocrx_word' id='word_1_158' title='bbox 1714 1791 1813 1823; x_wconf 89' lang='grc' dir='ltr'><strong>πα-</strong></span> 
     </span>
    </p>
   </div>
   <div class='ocr_carea' id='block_1_19' title="bbox 1918 610 3565 690">
    <p class='ocr_par' dir='ltr' id='par_1_19' title="bbox 1918 610 3565 690">
     <span class='ocr_line' id='line_1_20' title="bbox 1918 610 3565 690; baseline -0.004 -15"><span class='ocrx_word' id='word_1_159' title='bbox 1918 612 2071 674; x_wconf 74' lang='grc' dir='ltr'>ὅπως</span> <span class='ocrx_word' id='word_1_160' title='bbox 2124 611 2382 690; x_wconf 64' lang='grc' dir='ltr'>ἀσφαλῶς</span> <span class='ocrx_word' id='word_1_161' title='bbox 2414 614 2501 668; x_wconf 78' lang='grc' dir='ltr'>καὶ</span> <span class='ocrx_word' id='word_1_162' title='bbox 2538 617 2653 686; x_wconf 80' lang='grc' dir='ltr'>μεθ’</span> <span class='ocrx_word' id='word_1_163' title='bbox 2685 618 2766 670; x_wconf 78' lang='grc' dir='ltr'><strong>ὅτι</strong></span> <span class='ocrx_word' id='word_1_164' title='bbox 2811 615 3074 687; x_wconf 79' lang='grc' dir='ltr'>πλείστης</span> <span class='ocrx_word' id='word_1_165' title='bbox 3101 619 3202 685; x_wconf 75' lang='grc' dir='ltr'><strong>τῆς</strong></span> <span class='ocrx_word' id='word_1_166' title='bbox 3255 610 3565 683; x_wconf 76' lang='grc' dir='ltr'>εὐϐουλίας,</span> 
     </span>
    </p>
   </div>
   <div class='ocr_carea' id='block_1_20' title="bbox 1916 698 3564 781">
    <p class='ocr_par' dir='ltr' id='par_1_20' title="bbox 1916 698 3564 781">
     <span class='ocr_line' id='line_1_21' title="bbox 1916 698 3564 781; baseline 0 -27"><span class='ocrx_word' id='word_1_167' title='bbox 1916 701 1984 769; x_wconf 75' lang='grc' dir='ltr'>ἧς</span> <span class='ocrx_word' id='word_1_168' title='bbox 2017 698 2172 755; x_wconf 71' lang='grc' dir='ltr'>οὐδὲν</span> <span class='ocrx_word' id='word_1_169' title='bbox 2207 700 2448 774; x_wconf 70' lang='grc' dir='ltr'>ἄμεινον,</span> <span class='ocrx_word' id='word_1_170' title='bbox 2511 702 2740 776; x_wconf 75' lang='grc' dir='ltr'>διῴκουν</span> <span class='ocrx_word' id='word_1_171' title='bbox 2795 707 2861 760; x_wconf 80' lang='grc' dir='ltr'><strong>τά</strong></span> <span class='ocrx_word' id='word_1_172' title='bbox 2905 707 3221 781; x_wconf 66' lang='grc' dir='ltr'>πράγματα,</span> <span class='ocrx_word' id='word_1_173' title='bbox 3253 705 3353 771; x_wconf 79' lang='grc' dir='ltr'>τήν</span> <span class='ocrx_word' id='word_1_174' title='bbox 3385 703 3564 777; x_wconf 68' lang='grc' dir='ltr'>ἀρχὴν</span> 
     </span>
    </p>
   </div>
   <div class='ocr_carea' id='block_1_21' title="bbox 1918 787 3564 868">
    <p class='ocr_par' dir='ltr' id='par_1_21' title="bbox 1918 787 3564 868">
     <span class='ocr_line' id='line_1_22' title="bbox 1918 787 3564 868; baseline 0.005 -26"><span class='ocrx_word' id='word_1_175' title='bbox 1918 787 2155 853; x_wconf 77' lang='grc' dir='ltr'>ἐντεῦθεν</span> <span class='ocrx_word' id='word_1_176' title='bbox 2215 797 2643 866; x_wconf 75' lang='grc' dir='ltr'>κατοχυροῦντες</span> <span class='ocrx_word' id='word_1_177' title='bbox 2682 839 2694 862; x_wconf 89' lang='grc'><strong>,</strong></span> <span class='ocrx_word' id='word_1_178' title='bbox 2751 794 2840 848; x_wconf 80' lang='grc' dir='ltr'><strong>καὶ</strong></span> <span class='ocrx_word' id='word_1_179' title='bbox 2902 800 3068 848; x_wconf 76' lang='grc' dir='ltr'>ταῦτα</span> <span class='ocrx_word' id='word_1_180' title='bbox 3139 791 3564 868; x_wconf 63' lang='grc' dir='ltr'>περιγραφείσης</span> 
     </span>
    </p>
   </div>
   <div class='ocr_carea' id='block_1_22' title="bbox 1918 878 3563 958">
    <p class='ocr_par' dir='ltr' id='par_1_22' title="bbox 1918 878 3563 958">
     <span class='ocr_line' id='line_1_23' title="bbox 1918 878 3563 958; baseline 0.001 -27"><span class='ocrx_word' id='word_1_181' title='bbox 1918 878 1992 940; x_wconf 85' lang='grc' dir='ltr'><strong>εἷς</strong></span> <span class='ocrx_word' id='word_1_182' title='bbox 2048 881 2239 952; x_wconf 65' lang='grc' dir='ltr'>μικρὸν</span> <span class='ocrx_word' id='word_1_183' title='bbox 2272 880 2472 949; x_wconf 70' lang='grc' dir='ltr'>ταύτης</span> <span class='ocrx_word' id='word_1_184' title='bbox 2523 882 2704 943; x_wconf 75' lang='grc' dir='ltr'>αὐτοῖς</span> <span class='ocrx_word' id='word_1_185' title='bbox 2763 883 2850 937; x_wconf 79' lang='grc' dir='ltr'>ἐπὶ</span> <span class='ocrx_word' id='word_1_186' title='bbox 2900 883 3043 958; x_wconf 77' lang='grc' dir='ltr'>τρισὶ</span> <span class='ocrx_word' id='word_1_187' title='bbox 3101 883 3189 936; x_wconf 81' lang='grc' dir='ltr'>καὶ</span> <span class='ocrx_word' id='word_1_188' title='bbox 3226 882 3414 954; x_wconf 81' lang='grc' dir='ltr'>μόναις</span> <span class='ocrx_word' id='word_1_189' title='bbox 3449 879 3563 934; x_wconf 74' lang='grc' dir='ltr'><strong>ἐπισ⁸</strong></span> 
     </span>
    </p>
   </div>
   <div class='ocr_carea' id='block_1_23' title="bbox 1918 966 3564 1045">
    <p class='ocr_par' dir='ltr' id='par_1_23' title="bbox 1918 966 3564 1045">
     <span class='ocr_line' id='line_1_24' title="bbox 1918 966 3564 1045; baseline 0.001 -24"><span class='ocrx_word' id='word_1_190' title='bbox 1918 966 2285 1037; x_wconf 67' lang='grc' dir='ltr'>πολαζοῦσαις</span> <span class='ocrx_word' id='word_1_191' title='bbox 2345 970 2583 1045; x_wconf 65' lang='grc' dir='ltr'>ἀρχῆθεν</span> <span class='ocrx_word' id='word_1_192' title='bbox 2642 977 2759 1035; x_wconf 86' lang='grc' dir='ltr'>ταῖς</span> <span class='ocrx_word' id='word_1_193' title='bbox 2806 971 3023 1044; x_wconf 85' lang='grc' dir='ltr'>πόλεσι,</span> <span class='ocrx_word' id='word_1_194' title='bbox 3074 971 3286 1042; x_wconf 77' lang='grc' dir='ltr'>Νικαίᾳ,</span> <span class='ocrx_word' id='word_1_195' title='bbox 3348 968 3564 1044; x_wconf 71' lang='grc' dir='ltr'>Προύσῃ</span> 
     </span>
    </p>
   </div>
   <div class='ocr_carea' id='block_1_24' title="bbox 1915 1057 3561 1138">
    <p class='ocr_par' dir='ltr' id='par_1_24' title="bbox 1915 1057 3561 1138">
     <span class='ocr_line' id='line_1_25' title="bbox 1915 1057 3561 1138; baseline 0.001 -28"><span class='ocrx_word' id='word_1_196' title='bbox 1915 1078 1973 1111; x_wconf 89' lang='grc' dir='ltr'>τε</span> <span class='ocrx_word' id='word_1_197' title='bbox 2023 1057 2112 1112; x_wconf 85' lang='grc' dir='ltr'>καὶ</span> <span class='ocrx_word' id='word_1_198' title='bbox 2161 1059 2314 1132; x_wconf 77' lang='grc' dir='ltr'>τρίτῃ</span> <span class='ocrx_word' id='word_1_199' title='bbox 2375 1059 2763 1138; x_wconf 47' lang='grc' dir='ltr'><strong>Φιλαδελφίᾳ,</strong></span> <span class='ocrx_word' id='word_1_200' title='bbox 2795 1069 2893 1130; x_wconf 76' lang='grc' dir='ltr'>τῆς</span> <span class='ocrx_word' id='word_1_201' title='bbox 2942 1057 3203 1136; x_wconf 73' lang='grc' dir='ltr'>πατρίδος</span> <span class='ocrx_word' id='word_1_202' title='bbox 3249 1059 3561 1113; x_wconf 80' lang='grc' dir='ltr'>ἐκπεσοῦσιν</span> 
     </span>
    </p>
   </div>
   <div class='ocr_carea' id='block_1_25' title="bbox 1918 1145 3562 1223">
    <p class='ocr_par' dir='ltr' id='par_1_25' title="bbox 1918 1145 3562 1223">
     <span class='ocr_line' id='line_1_26' title="bbox 1918 1145 3562 1223; baseline -0.001 -22"><span class='ocrx_word' id='word_1_203' title='bbox 1918 1145 1969 1217; x_wconf 79' lang='grc' dir='ltr'><strong>ἐξ</strong></span> <span class='ocrx_word' id='word_1_204' title='bbox 2019 1145 2091 1199; x_wconf 86' lang='grc' dir='ltr'><strong>ὦν</strong></span> <span class='ocrx_word' id='word_1_205' title='bbox 2123 1147 2309 1201; x_wconf 81' lang='grc' dir='ltr'>αἰτιῶν</span> <span class='ocrx_word' id='word_1_206' title='bbox 2345 1146 2498 1222; x_wconf 60' lang='grc' dir='ltr'>ἴδμεν</span> <span class='ocrx_word' id='word_1_207' title='bbox 2549 1150 2829 1222; x_wconf 67' lang='grc' dir='ltr'>μαθόντες,</span> <span class='ocrx_word' id='word_1_208' title='bbox 2861 1145 2922 1204; x_wconf 63' lang='grc' dir='ltr'>οὗ</span> <span class='ocrx_word' id='word_1_209' title='bbox 2976 1171 3069 1223; x_wconf 87' lang='grc' dir='ltr'>μοι</span> <span class='ocrx_word' id='word_1_210' title='bbox 3120 1146 3288 1220; x_wconf 81' lang='grc' dir='ltr'>δοκεῖ,</span> <span class='ocrx_word' id='word_1_211' title='bbox 3319 1145 3415 1202; x_wconf 73' lang='grc' dir='ltr'>κᾶν</span> <span class='ocrx_word' id='word_1_212' title='bbox 3466 1145 3562 1200; x_wconf 73' lang='grc' dir='ltr'><strong>λέ⁹</strong></span> 
     </span>
    </p>
   </div>
   <div class='ocr_carea' id='block_1_26' title="bbox 1915 1233 3564 1311">
    <p class='ocr_par' dir='ltr' id='par_1_26' title="bbox 1915 1233 3564 1311">
     <span class='ocr_line' id='line_1_27' title="bbox 1915 1233 3564 1311; baseline -0.001 -21"><span class='ocrx_word' id='word_1_213' title='bbox 1915 1257 2028 1311; x_wconf 88' lang='grc' dir='ltr'>γειν</span> <span class='ocrx_word' id='word_1_214' title='bbox 2059 1234 2326 1309; x_wconf 88' lang='grc' dir='ltr'>θέλωμεν,</span> <span class='ocrx_word' id='word_1_215' title='bbox 2384 1237 2582 1293; x_wconf 81' lang='grc' dir='ltr'>ἀνυστά</span> <span class='ocrx_word' id='word_1_216' title='bbox 2626 1245 2708 1311; x_wconf 75' lang='grc' dir='ltr'><strong>τῷ</strong></span> <span class='ocrx_word' id='word_1_217' title='bbox 2734 1261 2792 1294; x_wconf 88' lang='grc' dir='ltr'>τε</span> <span class='ocrx_word' id='word_1_218' title='bbox 2819 1238 3005 1293; x_wconf 85' lang='grc' dir='ltr'>πολλά</span> <span class='ocrx_word' id='word_1_219' title='bbox 3047 1238 3134 1292; x_wconf 84' lang='grc' dir='ltr'>καὶ</span> <span class='ocrx_word' id='word_1_220' title='bbox 3174 1233 3384 1310; x_wconf 86' lang='grc' dir='ltr'>μεγάλα</span> <span class='ocrx_word' id='word_1_221' title='bbox 3427 1235 3564 1306; x_wconf 78' lang='grc' dir='ltr'><strong>ξυμ-</strong></span> 
     </span>
    </p>
   </div>
   <div class='ocr_carea' id='block_1_27' title="bbox 1919 1321 3563 1402">
    <p class='ocr_par' dir='ltr' id='par_1_27' title="bbox 1919 1321 3563 1402">
     <span class='ocr_line' id='line_1_28' title="bbox 1919 1321 3563 1402; baseline -0.001 -24"><span class='ocrx_word' id='word_1_222' title='bbox 1919 1321 2079 1394; x_wconf 74' lang='grc' dir='ltr'>ϐῆναι</span> <span class='ocrx_word' id='word_1_223' title='bbox 2133 1325 2328 1397; x_wconf 81' lang='grc' dir='ltr'>μεταξὺ</span> <span class='ocrx_word' id='word_1_224' title='bbox 2377 1327 2716 1402; x_wconf 75' lang='grc' dir='ltr'>κρατούντων</span> <span class='ocrx_word' id='word_1_225' title='bbox 2760 1326 2976 1382; x_wconf 81' lang='grc' dir='ltr'>ἐκείνων</span> <span class='ocrx_word' id='word_1_226' title='bbox 3026 1327 3114 1380; x_wconf 86' lang='grc' dir='ltr'>καὶ</span> <span class='ocrx_word' id='word_1_227' title='bbox 3145 1323 3365 1392; x_wconf 75' lang='grc' dir='ltr'>πολλῆς</span> <span class='ocrx_word' id='word_1_228' title='bbox 3395 1323 3563 1378; x_wconf 76' lang='grc' dir='ltr'>εἰπεῖν</span> 
     </span>
    </p>
   </div>
   <div class='ocr_carea' id='block_1_28' title="bbox 1922 1409 3573 1493">
    <p class='ocr_par' dir='ltr' id='par_1_28' title="bbox 1922 1409 3573 1493">
     <span class='ocr_line' id='line_1_29' title="bbox 1922 1409 3573 1493; baseline 0.002 -25"><span class='ocrx_word' id='word_1_229' title='bbox 1922 1412 2158 1488; x_wconf 86' lang='grc' dir='ltr'>μάλιστά</span> <span class='ocrx_word' id='word_1_230' title='bbox 2214 1411 2439 1488; x_wconf 80' lang='grc' dir='ltr'>δεόμενα</span> <span class='ocrx_word' id='word_1_231' title='bbox 2497 1417 2781 1493; x_wconf 68' lang='grc' dir='ltr'>ἀσχολίας,</span> <span class='ocrx_word' id='word_1_232' title='bbox 2841 1417 2930 1470; x_wconf 77' lang='grc' dir='ltr'><strong>καὶ</strong></span> <span class='ocrx_word' id='word_1_233' title='bbox 2986 1420 3065 1488; x_wconf 81' lang='grc' dir='ltr'>τῷ</span> <span class='ocrx_word' id='word_1_234' title='bbox 3128 1411 3260 1488; x_wconf 87' lang='grc' dir='ltr'><strong>μηδ’</strong></span> <span class='ocrx_word' id='word_1_235' title='bbox 3315 1414 3463 1486; x_wconf 74' lang='grc' dir='ltr'>ἡμᾶς</span> <span class='ocrx_word' id='word_1_236' title='bbox 3521 1409 3573 1472; x_wconf 79' lang='grc' dir='ltr'>ἐς</span> 
     </span>
    </p>
   </div>
   <div class='ocr_carea' id='block_1_29' title="bbox 1917 1497 3572 1582">
    <p class='ocr_par' dir='ltr' id='par_1_29' title="bbox 1917 1497 3572 1582">
     <span class='ocr_line' id='line_1_30' title="bbox 1917 1497 3572 1582; baseline -0.001 -26"><span class='ocrx_word' id='word_1_237' title='bbox 1917 1497 2172 1579; x_wconf 78' lang='grc' dir='ltr'>τάκριϐὲς</span> <span class='ocrx_word' id='word_1_238' title='bbox 2225 1501 2420 1558; x_wconf 77' lang='grc' dir='ltr'>εἰδέναι</span> <span class='ocrx_word' id='word_1_239' title='bbox 2475 1505 2527 1560; x_wconf 93' lang='grc' dir='ltr'><strong>τί</strong></span> <span class='ocrx_word' id='word_1_240' title='bbox 2583 1506 2672 1560; x_wconf 76' lang='grc' dir='ltr'><strong>καὶ</strong></span> <span class='ocrx_word' id='word_1_241' title='bbox 2733 1505 2813 1582; x_wconf 69' lang='grc' dir='ltr'><strong>ἐφ’</strong></span> <span class='ocrx_word' id='word_1_242' title='bbox 2873 1503 3013 1567; x_wconf 49' lang='grc' dir='ltr'>οθίαις</span> <span class='ocrx_word' id='word_1_243' title='bbox 3069 1509 3190 1564; x_wconf 78' lang='grc' dir='ltr'>ταῖς</span> <span class='ocrx_word' id='word_1_244' title='bbox 3220 1501 3393 1562; x_wconf 73' lang='grc' dir='ltr'>αἰτίας</span> <span class='ocrx_word' id='word_1_245' title='bbox 3427 1499 3572 1570; x_wconf 82' lang='grc' dir='ltr'>ξυνέ-</span> 
     </span>
    </p>
   </div>
   <div class='ocr_carea' id='block_1_30' title="bbox 1921 1588 3570 1668">
    <p class='ocr_par' dir='ltr' id='par_1_30' title="bbox 1921 1588 3570 1668">
     <span class='ocr_line' id='line_1_31' title="bbox 1921 1588 3570 1668; baseline -0.002 -21"><span class='ocrx_word' id='word_1_246' title='bbox 1921 1614 2076 1647; x_wconf 88' lang='grc' dir='ltr'>πεσεν</span> <span class='ocrx_word' id='word_1_247' title='bbox 2108 1592 2324 1668; x_wconf 71' lang='grc' dir='ltr'>ἕκαστα,</span> <span class='ocrx_word' id='word_1_248' title='bbox 2359 1595 2546 1657; x_wconf 80' lang='grc' dir='ltr'>ἄλλως</span> <span class='ocrx_word' id='word_1_249' title='bbox 2576 1616 2632 1649; x_wconf 92' lang='grc' dir='ltr'>τε</span> <span class='ocrx_word' id='word_1_250' title='bbox 2665 1590 2744 1649; x_wconf 80' lang='grc' dir='ltr'>ὅτι</span> <span class='ocrx_word' id='word_1_251' title='bbox 2777 1594 2866 1649; x_wconf 85' lang='grc' dir='ltr'>καὶ</span> <span class='ocrx_word' id='word_1_252' title='bbox 2898 1591 3092 1655; x_wconf 75' lang='grc' dir='ltr'>ἄλλοις</span> <span class='ocrx_word' id='word_1_253' title='bbox 3147 1592 3316 1646; x_wconf 84' lang='grc' dir='ltr'>εἰπεῖν</span> <span class='ocrx_word' id='word_1_254' title='bbox 3363 1588 3570 1659; x_wconf 76' lang='grc' dir='ltr'>ἐπῆλθε</span> 
     </span>
    </p>
   </div>
   <div class='ocr_carea' id='block_1_31' title="bbox 1921 1677 3574 1758">
    <p class='ocr_par' dir='ltr' id='par_1_31' title="bbox 1921 1677 3574 1758">
     <span class='ocr_line' id='line_1_32' title="bbox 1921 1677 3574 1758; baseline -0.002 -23"><span class='ocrx_word' id='word_1_255' title='bbox 1921 1682 2045 1758; x_wconf 80' lang='grc' dir='ltr'>περὶ</span> <span class='ocrx_word' id='word_1_256' title='bbox 2104 1682 2342 1751; x_wconf 77' lang='grc' dir='ltr'>ἐκείνων,</span> <span class='ocrx_word' id='word_1_257' title='bbox 2403 1685 2466 1739; x_wconf 81' lang='grc' dir='ltr'>οὗ</span> <span class='ocrx_word' id='word_1_258' title='bbox 2527 1681 3004 1755; x_wconf 73' lang='grc' dir='ltr'>πεπλανημένους,</span> <span class='ocrx_word' id='word_1_259' title='bbox 3050 1683 3226 1754; x_wconf 74' lang='grc' dir='ltr'>οἶμαι,</span> <span class='ocrx_word' id='word_1_260' title='bbox 3285 1680 3372 1734; x_wconf 78' lang='grc' dir='ltr'>καὶ</span> <span class='ocrx_word' id='word_1_261' title='bbox 3436 1677 3574 1732; x_wconf 81' lang='grc' dir='ltr'>ὥστε</span> 
     </span>
    </p>
   </div>
   <div class='ocr_carea' id='block_1_32' title="bbox 1929 1768 3574 1850">
    <p class='ocr_par' dir='ltr' id='par_1_32' title="bbox 1929 1768 3574 1850">
     <span class='ocr_line' id='line_1_33' title="bbox 1929 1768 3574 1850; baseline -0.004 -23"><span class='ocrx_word' id='word_1_262' title='bbox 1929 1771 2022 1843; x_wconf 75' lang='grc' dir='ltr'><strong>μὲν</strong></span> <span class='ocrx_word' id='word_1_263' title='bbox 2107 1779 2241 1850; x_wconf 73' lang='grc' dir='ltr'>σφᾶς</span> <span class='ocrx_word' id='word_1_264' title='bbox 2317 1775 2528 1835; x_wconf 75' lang='grc' dir='ltr'>ἑαυτοῖς</span> <span class='ocrx_word' id='word_1_265' title='bbox 2610 1772 2864 1850; x_wconf 66' lang='grc' dir='ltr'>ἀσφαλῶς</span> <span class='ocrx_word' id='word_1_266' title='bbox 2935 1770 3206 1826; x_wconf 72' lang='grc' dir='ltr'>πιστεύειν</span> <span class='ocrx_word' id='word_1_267' title='bbox 3266 1768 3574 1840; x_wconf 80' lang='grc' dir='ltr'>ἐπεξιόντας</span> 
     </span>
    </p>
   </div>
   <div class='ocr_carea' id='block_1_33' title="bbox 201 1856 3572 1952">
    <p class='ocr_par' dir='ltr' id='par_1_33' title="bbox 201 1856 3572 1952">
     <span class='ocr_line' id='line_1_34' title="bbox 201 1856 3572 1952; baseline -0.001 -39"><span class='ocrx_word' id='word_1_268' title='bbox 201 1858 372 1932; x_wconf 83' lang='grc' dir='ltr'>ρόντων</span> <span class='ocrx_word' id='word_1_269' title='bbox 418 1858 514 1952; x_wconf 60' lang='grc' dir='ltr'>καὶ</span> <span class='ocrx_word' id='word_1_270' title='bbox 566 1859 639 1914; x_wconf 80' lang='grc' dir='ltr'><strong>τὰ</strong></span> <span class='ocrx_word' id='word_1_271' title='bbox 682 1858 893 1920; x_wconf 76' lang='grc' dir='ltr'>ἐσαῦθις</span> <span class='ocrx_word' id='word_1_272' title='bbox 941 1861 1350 1934; x_wconf 85' lang='grc' dir='ltr'>στοχαζομένῳ,</span> <span class='ocrx_word' id='word_1_273' title='bbox 1397 1861 1430 1930; x_wconf 71' lang='grc' dir='ltr'><strong>ἢ</strong></span> <span class='ocrx_word' id='word_1_274' title='bbox 1489 1857 1702 1932; x_wconf 75' lang='grc' dir='ltr'>μᾶλλον</span> <span class='ocrx_word' id='word_1_275' title='bbox 1758 1858 1892 1952; x_wconf 75' lang='grc' dir='ltr'>ἐκΒ</span> <span class='ocrx_word' id='word_1_276' title='bbox 1923 1862 2041 1924; x_wconf 81' lang='grc' dir='ltr'>καθ’</span> <span class='ocrx_word' id='word_1_277' title='bbox 2097 1858 2343 1928; x_wconf 77' lang='grc' dir='ltr'>ἕκαστον,</span> <span class='ocrx_word' id='word_1_278' title='bbox 2402 1861 2529 1917; x_wconf 83' lang='grc' dir='ltr'>ἀλλ’</span> <span class='ocrx_word' id='word_1_279' title='bbox 2587 1856 2826 1938; x_wconf 77' lang='grc' dir='ltr'>ἀκριϐῶς</span> <span class='ocrx_word' id='word_1_280' title='bbox 2873 1860 2962 1916; x_wconf 83' lang='grc' dir='ltr'>καὶ</span> <span class='ocrx_word' id='word_1_281' title='bbox 3023 1861 3098 1922; x_wconf 84' lang='grc' dir='ltr'>ὡς</span> <span class='ocrx_word' id='word_1_282' title='bbox 3156 1857 3366 1919; x_wconf 79' lang='grc' dir='ltr'>εἰδότας</span> <span class='ocrx_word' id='word_1_283' title='bbox 3415 1856 3466 1926; x_wconf 80' lang='grc' dir='ltr'><strong>ἐξ</strong></span> <span class='ocrx_word' id='word_1_284' title='bbox 3499 1857 3572 1909; x_wconf 85' lang='grc' dir='ltr'>ὢν</span> 
     </span>
    </p>
   </div>
   <div class='ocr_carea' id='block_1_34' title="bbox 198 1943 1819 2023">
    <p class='ocr_par' dir='ltr' id='par_1_34' title="bbox 198 1943 1819 2023">
     <span class='ocr_line' id='line_1_35' title="bbox 198 1943 1819 2023; baseline 0 -23"><span class='ocrx_word' id='word_1_285' title='bbox 198 1953 284 2000; x_wconf 79' lang='grc' dir='ltr'><strong>τῶν</strong></span> <span class='ocrx_word' id='word_1_286' title='bbox 311 1943 626 2017; x_wconf 55' lang='grc' dir='ltr'>σαμϐάντων</span> <span class='ocrx_word' id='word_1_287' title='bbox 677 1947 1025 2023; x_wconf 76' lang='grc' dir='ltr'>λογιζομένῳ</span> <span class='ocrx_word' id='word_1_288' title='bbox 1053 1951 1118 2003; x_wconf 76' lang='grc' dir='ltr'><strong>τά</strong></span> <span class='ocrx_word' id='word_1_289' title='bbox 1149 1944 1560 2022; x_wconf 76' lang='grc' dir='ltr'>συμϐησόμενα.</span> <span class='ocrx_word' id='word_1_290' title='bbox 1609 1945 1819 2018; x_wconf 82' lang='grc' dir='ltr'>Ηολλῷ</span> 
     </span>
    </p>
   </div>
   <div class='ocr_carea' id='block_1_35' title="bbox 202 2034 1820 2114">
    <p class='ocr_par' dir='ltr' id='par_1_35' title="bbox 202 2034 1820 2114">
     <span class='ocr_line' id='line_1_36' title="bbox 202 2034 1820 2114; baseline -0.001 -23"><span class='ocrx_word' id='word_1_291' title='bbox 202 2037 285 2111; x_wconf 72' lang='grc' dir='ltr'><strong>γάρ</strong></span> <span class='ocrx_word' id='word_1_292' title='bbox 315 2034 479 2107; x_wconf 77' lang='grc' dir='ltr'>δήπου</span> <span class='ocrx_word' id='word_1_293' title='bbox 523 2037 604 2098; x_wconf 80' lang='grc' dir='ltr'><strong>εἷς</strong></span> <span class='ocrx_word' id='word_1_294' title='bbox 636 2036 805 2106; x_wconf 79' lang='grc' dir='ltr'>ἀκοὴν</span> <span class='ocrx_word' id='word_1_295' title='bbox 856 2037 1019 2093; x_wconf 87' lang='grc' dir='ltr'>ὠτίου</span> <span class='ocrx_word' id='word_1_296' title='bbox 1063 2039 1504 2114; x_wconf 79' lang='grc' dir='ltr'>θαυμασιώτερον</span> <span class='ocrx_word' id='word_1_297' title='bbox 1547 2036 1606 2092; x_wconf 90' lang='grc' dir='ltr'>ἐκ</span> <span class='ocrx_word' id='word_1_298' title='bbox 1631 2037 1820 2091; x_wconf 82' lang='grc' dir='ltr'><strong>τοιαῦ-</strong></span> 
     </span>
    </p>
   </div>
   <div class='ocr_carea' id='block_1_36' title="bbox 201 2124 1820 2202">
    <p class='ocr_par' dir='ltr' id='par_1_36' title="bbox 201 2124 1820 2202">
     <span class='ocr_line' id='line_1_37' title="bbox 201 2124 1820 2202; baseline -0.002 -18"><span class='ocrx_word' id='word_1_299' title='bbox 201 2146 302 2193; x_wconf 64' lang='lat' dir='ltr'><strong>mc.</strong></span> <span class='ocrx_word' id='word_1_300' title='bbox 351 2125 413 2194; x_wconf 77' lang='grc' dir='ltr'><strong>ἦν</strong></span> <span class='ocrx_word' id='word_1_301' title='bbox 471 2124 538 2194; x_wconf 79' lang='grc' dir='ltr'><strong>δὴ</strong></span> <span class='ocrx_word' id='word_1_302' title='bbox 604 2126 697 2181; x_wconf 84' lang='grc' dir='ltr'><strong>καὶ</strong></span> <span class='ocrx_word' id='word_1_303' title='bbox 737 2126 1039 2202; x_wconf 80' lang='grc' dir='ltr'>γεγεύμεθα</span> <span class='ocrx_word' id='word_1_304' title='bbox 1072 2172 1086 2198; x_wconf 88' lang='grc'><strong>,</strong></span> <span class='ocrx_word' id='word_1_305' title='bbox 1144 2129 1382 2202; x_wconf 71' lang='grc' dir='ltr'>ἡσυχίας</span> <span class='ocrx_word' id='word_1_306' title='bbox 1426 2128 1517 2181; x_wconf 86' lang='grc' dir='ltr'>καὶ</span> <span class='ocrx_word' id='word_1_307' title='bbox 1567 2125 1820 2182; x_wconf 85' lang='grc' dir='ltr'>καταστά·</span> 
     </span>
    </p>
   </div>
   <div class='ocr_carea' id='block_1_37' title="bbox 204 2213 1817 2294">
    <p class='ocr_par' dir='ltr' id='par_1_37' title="bbox 204 2213 1817 2294">
     <span class='ocr_line' id='line_1_38' title="bbox 204 2213 1817 2294; baseline 0.009 -27"><span class='ocrx_word' id='word_1_308' title='bbox 204 2234 312 2277; x_wconf 84' lang='grc' dir='ltr'>σεως</span> <span class='ocrx_word' id='word_1_309' title='bbox 353 2215 426 2276; x_wconf 83' lang='grc' dir='ltr'><strong>εἷς</strong></span> <span class='ocrx_word' id='word_1_310' title='bbox 465 2213 600 2271; x_wconf 80' lang='grc' dir='ltr'>τάδε</span> <span class='ocrx_word' id='word_1_311' title='bbox 651 2216 928 2294; x_wconf 77' lang='grc' dir='ltr'>ξυμφορᾶς</span> <span class='ocrx_word' id='word_1_312' title='bbox 967 2217 1035 2272; x_wconf 76' lang='grc' dir='ltr'>τὰ</span> <span class='ocrx_word' id='word_1_313' title='bbox 1077 2216 1369 2292; x_wconf 80' lang='grc' dir='ltr'>πράγματα</span> <span class='ocrx_word' id='word_1_314' title='bbox 1419 2214 1734 2290; x_wconf 74' lang='grc' dir='ltr'>προελθεῖν,</span> <span class='ocrx_word' id='word_1_315' title='bbox 1783 2217 1817 2287; x_wconf 76' lang='grc' dir='ltr'><strong>ἢ</strong></span> 
     </span>
    </p>
   </div>
   <div class='ocr_carea' id='block_1_38' title="bbox 200 2303 1822 2381">
    <p class='ocr_par' dir='ltr' id='par_1_38' title="bbox 200 2303 1822 2381">
     <span class='ocr_line' id='line_1_39' title="bbox 200 2303 1822 2381; baseline 0.002 -24"><span class='ocrx_word' id='word_1_316' title='bbox 200 2309 391 2359; x_wconf 71' lang='grc' dir='ltr'>τοιαῦτα</span> <span class='ocrx_word' id='word_1_317' title='bbox 438 2307 678 2380; x_wconf 70' lang='grc' dir='ltr'>ςρανέντα</span> <span class='ocrx_word' id='word_1_318' title='bbox 722 2306 814 2360; x_wconf 85' lang='grc' dir='ltr'>καὶ</span> <span class='ocrx_word' id='word_1_319' title='bbox 872 2303 1014 2360; x_wconf 73' lang='grc' dir='ltr'>οὕτω</span> <span class='ocrx_word' id='word_1_320' title='bbox 1065 2313 1164 2375; x_wconf 78' lang='grc' dir='ltr'><strong>τῆς</strong></span> <span class='ocrx_word' id='word_1_321' title='bbox 1221 2306 1488 2381; x_wconf 89' lang='grc' dir='ltr'>προτέρας</span> <span class='ocrx_word' id='word_1_322' title='bbox 1542 2305 1822 2370; x_wconf 80' lang='grc' dir='ltr'>εὐθαλείας</span> 
     </span>
    </p>
   </div>
   <div class='ocr_carea' id='block_1_39' title="bbox 199 2389 1818 2473">
    <p class='ocr_par' dir='ltr' id='par_1_39' title="bbox 199 2389 1818 2473">
     <span class='ocr_line' id='line_1_40' title="bbox 199 2389 1818 2473; baseline 0.002 -28"><span class='ocrx_word' id='word_1_323' title='bbox 199 2389 346 2448; x_wconf 74' lang='grc' dir='ltr'>δεινοῦ</span> <span class='ocrx_word' id='word_1_324' title='bbox 395 2400 684 2471; x_wconf 76' lang='grc' dir='ltr'>χειμῶνος</span> <span class='ocrx_word' id='word_1_325' title='bbox 746 2395 1204 2473; x_wconf 78' lang='grc' dir='ltr'>ἐπεισφρήσαντος</span> <span class='ocrx_word' id='word_1_326' title='bbox 1263 2394 1693 2472; x_wconf 73' lang='grc' dir='ltr'>καταρῥεύσαντα</span> <span class='ocrx_word' id='word_1_327' title='bbox 1743 2395 1818 2457; x_wconf 76' lang='grc' dir='ltr'><strong>εἰς</strong></span> 
     </span>
    </p>
   </div>
   <div class='ocr_carea' id='block_1_40' title="bbox 196 2481 1814 2560">
    <p class='ocr_par' dir='ltr' id='par_1_40' title="bbox 196 2481 1814 2560">
     <span class='ocr_line' id='line_1_41' title="bbox 196 2481 1814 2560; baseline 0.002 -25"><span class='ocrx_word' id='word_1_328' title='bbox 196 2481 246 2536; x_wconf 77' lang='grc' dir='ltr'>τὸ</span> <span class='ocrx_word' id='word_1_329' title='bbox 296 2484 522 2556; x_wconf 73' lang='grc' dir='ltr'>ἀκμάζον</span> <span class='ocrx_word' id='word_1_330' title='bbox 586 2491 1010 2554; x_wconf 77' lang='grc' dir='ltr'>καταυανθῆναι,</span> <span class='ocrx_word' id='word_1_331' title='bbox 1070 2483 1208 2539; x_wconf 77' lang='grc' dir='ltr'>ὥστε</span> <span class='ocrx_word' id='word_1_332' title='bbox 1261 2485 1337 2557; x_wconf 83' lang='grc' dir='ltr'>μή</span> <span class='ocrx_word' id='word_1_333' title='bbox 1389 2485 1608 2560; x_wconf 83' lang='grc' dir='ltr'>ὀπώραν</span> <span class='ocrx_word' id='word_1_334' title='bbox 1661 2485 1814 2539; x_wconf 82' lang='grc' dir='ltr'>εὐθα-</span> 
     </span>
    </p>
   </div>
   <div class='ocr_carea' id='block_1_41' title="bbox 197 2567 1820 2650">
    <p class='ocr_par' dir='ltr' id='par_1_41' title="bbox 197 2567 1820 2650">
     <span class='ocr_line' id='line_1_42' title="bbox 197 2567 1820 2650; baseline 0.003 -29"><span class='ocrx_word' id='word_1_335' title='bbox 197 2567 313 2640; x_wconf 83' lang='grc' dir='ltr'>λεῐν,</span> <span class='ocrx_word' id='word_1_336' title='bbox 361 2570 485 2626; x_wconf 77' lang='grc' dir='ltr'>ἀλλ’</span> <span class='ocrx_word' id='word_1_337' title='bbox 516 2571 653 2628; x_wconf 75' lang='grc' dir='ltr'>οὐδὲ</span> <span class='ocrx_word' id='word_1_338' title='bbox 685 2578 923 2643; x_wconf 79' lang='grc' dir='ltr'><strong>ζωτικῆς</strong></span> <span class='ocrx_word' id='word_1_339' title='bbox 953 2575 1016 2628; x_wconf 88' lang='grc' dir='ltr'>τὸ</span> <span class='ocrx_word' id='word_1_340' title='bbox 1043 2576 1258 2647; x_wconf 82' lang='grc' dir='ltr'>πνεῦμα</span> <span class='ocrx_word' id='word_1_341' title='bbox 1287 2572 1537 2650; x_wconf 79' lang='grc' dir='ltr'>παράπαν</span> <span class='ocrx_word' id='word_1_342' title='bbox 1571 2574 1820 2648; x_wconf 79' lang='grc' dir='ltr'>μετέχειν</span> 
     </span>
    </p>
   </div>
   <div class='ocr_carea' id='block_1_42' title="bbox 195 2662 452 2730">
    <p class='ocr_par' dir='ltr' id='par_1_42' title="bbox 195 2662 452 2730">
     <span class='ocr_line' id='line_1_43' title="bbox 195 2662 452 2730; baseline 0.016 -16"><span class='ocrx_word' id='word_1_343' title='bbox 195 2662 452 2730; x_wconf 68' lang='grc' dir='ltr'>κινήσεως.</span> 
     </span>
    </p>
   </div>
   <div class='ocr_carea' id='block_1_43' title="bbox 203 2764 1822 2846">
    <p class='ocr_par' dir='ltr' id='par_1_43' title="bbox 203 2764 1822 2846">
     <span class='ocr_line' id='line_1_44' title="bbox 203 2764 1822 2846; baseline 0.004 -26"><span class='ocrx_word' id='word_1_344' title='bbox 203 2764 256 2838; x_wconf 79' lang='grc' dir='ltr'><strong>β’.</strong></span> <span class='ocrx_word' id='word_1_345' title='bbox 285 2766 374 2821; x_wconf 69' lang='grc' dir='ltr'>Διά</span> <span class='ocrx_word' id='word_1_346' title='bbox 399 2769 449 2823; x_wconf 88' lang='grc' dir='ltr'><strong>τί</strong></span> <span class='ocrx_word' id='word_1_347' title='bbox 479 2767 549 2823; x_wconf 77' lang='grc' dir='ltr'><strong>τὰ</strong></span> <span class='ocrx_word' id='word_1_348' title='bbox 600 2773 712 2824; x_wconf 84' lang='grc' dir='ltr'>τῶν</span> <span class='ocrx_word' id='word_1_349' title='bbox 753 2769 1019 2846; x_wconf 87' lang='grc' dir='ltr'>πρότερον</span> <span class='ocrx_word' id='word_1_350' title='bbox 1061 2769 1502 2846; x_wconf 20' lang='grc' dir='ltr'>,βασιλευσάντων</span> <span class='ocrx_word' id='word_1_351' title='bbox 1536 2768 1721 2835; x_wconf 81' lang='grc' dir='ltr'>ἐνθάδε</span> <span class='ocrx_word' id='word_1_352' title='bbox 1760 2769 1822 2826; x_wconf 78' lang='grc' dir='ltr'>οὐ</span> 
     </span>
    </p>
   </div>
   <div class='ocr_carea' id='block_1_44' title="bbox 791 2845 1212 2917">
    <p class='ocr_par' dir='ltr' id='par_1_44' title="bbox 791 2845 1212 2917">
     <span class='ocr_line' id='line_1_45' title="bbox 791 2845 1212 2917; baseline 0.002 -19"><span class='ocrx_word' id='word_1_353' title='bbox 791 2845 901 2915; x_wconf 81' lang='grc' dir='ltr'>μνη</span> <span class='ocrx_word' id='word_1_354' title='bbox 911 2863 1038 2917; x_wconf 89' lang='grc' dir='ltr'>μονε</span> <span class='ocrx_word' id='word_1_355' title='bbox 1057 2845 1212 2900; x_wconf 68' lang='grc' dir='ltr'>ἵεται.</span> 
     </span>
    </p>
   </div>
   <div class='ocr_carea' id='block_1_45' title="bbox 257 2926 1823 3010">
    <p class='ocr_par' dir='ltr' id='par_1_45' title="bbox 257 2926 1823 3010">
     <span class='ocr_line' id='line_1_46' title="bbox 257 2926 1823 3010; baseline 0.007 -27"><span class='ocrx_word' id='word_1_356' title='bbox 257 2926 325 2983; x_wconf 86' lang='grc' dir='ltr'><strong>Τὸ</strong></span> <span class='ocrx_word' id='word_1_357' title='bbox 351 2932 478 3003; x_wconf 80' lang='grc' dir='ltr'>γοῦν</span> <span class='ocrx_word' id='word_1_358' title='bbox 509 2929 834 3006; x_wconf 81' lang='grc' dir='ltr'>ἀνατρέχειν</span> <span class='ocrx_word' id='word_1_359' title='bbox 866 2930 953 2986; x_wconf 81' lang='grc' dir='ltr'>ἐπὶ</span> <span class='ocrx_word' id='word_1_360' title='bbox 985 2931 1110 2997; x_wconf 78' lang='grc' dir='ltr'>τοὺς</span> <span class='ocrx_word' id='word_1_361' title='bbox 1139 2934 1400 3010; x_wconf 86' lang='grc' dir='ltr'>πρότερον</span> <span class='ocrx_word' id='word_1_362' title='bbox 1434 2934 1469 3004; x_wconf 71' lang='grc' dir='ltr'><strong>ἢ</strong></span> <span class='ocrx_word' id='word_1_363' title='bbox 1513 2933 1630 2987; x_wconf 86' lang='grc' dir='ltr'>καθ’</span> <span class='ocrx_word' id='word_1_364' title='bbox 1675 2934 1823 3007; x_wconf 76' lang='grc' dir='ltr'><strong>ἡμᾶς</strong></span> 
     </span>
    </p>
   </div>
   <div class='ocr_carea' id='block_1_46' title="bbox 198 3140 1822 3214">
    <p class='ocr_par' dir='ltr' id='par_1_46' title="bbox 198 3140 1822 3214">
     <span class='ocr_line' id='line_1_47' title="bbox 198 3140 1822 3214; baseline 0.005 -25"><span class='ocrx_word' id='word_1_365' title='bbox 198 3153 410 3194; x_wconf 81' lang='lat' dir='ltr'><strong>narrare</strong></span> <span class='ocrx_word' id='word_1_366' title='bbox 440 3144 800 3211; x_wconf 86' lang='lat' dir='ltr'><strong>argumenta</strong></span> <span class='ocrx_word' id='word_1_367' title='bbox 853 3140 1082 3197; x_wconf 84' lang='lat' dir='ltr'><strong>dicendi</strong></span> <span class='ocrx_word' id='word_1_368' title='bbox 1131 3142 1549 3214; x_wconf 74' lang='lat' dir='ltr'><strong>qnzrrentibus,</strong></span> <span class='ocrx_word' id='word_1_369' title='bbox 1582 3142 1716 3198; x_wconf 92' lang='lat' dir='ltr'><strong>licet</strong></span> <span class='ocrx_word' id='word_1_370' title='bbox 1764 3146 1822 3198; x_wconf 87' lang='lat' dir='ltr'><strong>et</strong></span> 
     </span>
    </p>
   </div>
   <div class='ocr_carea' id='block_1_47' title="bbox 1927 1941 3575 2026">
    <p class='ocr_par' dir='ltr' id='par_1_47' title="bbox 1927 1941 3575 2026">
     <span class='ocr_line' id='line_1_48' title="bbox 1927 1941 3575 2026; baseline -0.003 -24"><span class='ocrx_word' id='word_1_371' title='bbox 1927 1947 2014 2002; x_wconf 81' lang='grc' dir='ltr'>ἐπὶ</span> <span class='ocrx_word' id='word_1_372' title='bbox 2073 1954 2180 2004; x_wconf 82' lang='grc' dir='ltr'><strong>τῶν</strong></span> <span class='ocrx_word' id='word_1_373' title='bbox 2212 1952 2544 2026; x_wconf 79' lang='grc' dir='ltr'>πραγμάτων</span> <span class='ocrx_word' id='word_1_374' title='bbox 2578 1951 2712 2019; x_wconf 78' lang='grc' dir='ltr'>ἦσαν</span> <span class='ocrx_word' id='word_1_375' title='bbox 2762 1951 2848 2004; x_wconf 79' lang='grc' dir='ltr'><strong>καὶ</strong></span> <span class='ocrx_word' id='word_1_376' title='bbox 2901 1955 3163 2024; x_wconf 76' lang='grc' dir='ltr'>περιῆσαν</span> <span class='ocrx_word' id='word_1_377' title='bbox 3199 1943 3275 2000; x_wconf 74' lang='grc' dir='ltr'>ἔτι</span> <span class='ocrx_word' id='word_1_378' title='bbox 3309 1943 3384 2006; x_wconf 80' lang='grc' dir='ltr'><strong>εἷς</strong></span> <span class='ocrx_word' id='word_1_379' title='bbox 3412 1941 3575 2007; x_wconf 77' lang='grc' dir='ltr'>τέλος</span> 
     </span>
    </p>
   </div>
   <div class='ocr_carea' id='block_1_48' title="bbox 1926 2035 3568 2114">
    <p class='ocr_par' dir='ltr' id='par_1_48' title="bbox 1926 2035 3568 2114">
     <span class='ocr_line' id='line_1_49' title="bbox 1926 2035 3568 2114; baseline -0.002 -24"><span class='ocrx_word' id='word_1_380' title='bbox 1926 2039 2280 2113; x_wconf 83' lang='grc' dir='ltr'>πραχθέντων</span> <span class='ocrx_word' id='word_1_381' title='bbox 2335 2041 2422 2094; x_wconf 85' lang='grc' dir='ltr'>καὶ</span> <span class='ocrx_word' id='word_1_382' title='bbox 2455 2041 2517 2094; x_wconf 89' lang='grc' dir='ltr'>τὸ</span> <span class='ocrx_word' id='word_1_383' title='bbox 2547 2044 2641 2094; x_wconf 75' lang='grc' dir='ltr'><strong>τοῦ</strong></span> <span class='ocrx_word' id='word_1_384' title='bbox 2688 2037 2893 2114; x_wconf 81' lang='grc' dir='ltr'>χρόνου</span> <span class='ocrx_word' id='word_1_385' title='bbox 2943 2036 3254 2112; x_wconf 79' lang='grc' dir='ltr'>μηχάνημα</span> <span class='ocrx_word' id='word_1_386' title='bbox 3297 2035 3568 2108; x_wconf 83' lang='grc' dir='ltr'>ἄπρακτον</span> 
     </span>
    </p>
   </div>
   <div class='ocr_carea' id='block_1_49' title="bbox 1926 2122 3572 2205">
    <p class='ocr_par' dir='ltr' id='par_1_49' title="bbox 1926 2122 3572 2205">
     <span class='ocr_line' id='line_1_50' title="bbox 1926 2122 3572 2205; baseline -0.002 -25"><span class='ocrx_word' id='word_1_387' title='bbox 1926 2127 2018 2197; x_wconf 81' lang='grc' dir='ltr'>ἦν,</span> <span class='ocrx_word' id='word_1_388' title='bbox 2080 2129 2192 2202; x_wconf 75' lang='grc' dir='ltr'>ἅμα</span> <span class='ocrx_word' id='word_1_389' title='bbox 2248 2129 2634 2205; x_wconf 86' lang='grc' dir='ltr'>πραττομένων</span> <span class='ocrx_word' id='word_1_390' title='bbox 2695 2129 2783 2184; x_wconf 83' lang='grc' dir='ltr'><strong>καὶ</strong></span> <span class='ocrx_word' id='word_1_391' title='bbox 2844 2127 2950 2183; x_wconf 80' lang='grc' dir='ltr'><strong>ἅλα</strong></span> <span class='ocrx_word' id='word_1_392' title='bbox 3005 2130 3190 2204; x_wconf 72' lang='grc' dir='ltr'>γραφῇ</span> <span class='ocrx_word' id='word_1_393' title='bbox 3244 2122 3572 2198; x_wconf 81' lang='grc' dir='ltr'><strong>δεδομένων,</strong></span> 
     </span>
    </p>
   </div>
   <div class='ocr_carea' id='block_1_50' title="bbox 1928 2215 3577 2293">
    <p class='ocr_par' dir='ltr' id='par_1_50' title="bbox 1928 2215 3577 2293">
     <span class='ocr_line' id='line_1_51' title="bbox 1928 2215 3577 2293; baseline -0.004 -22"><span class='ocrx_word' id='word_1_394' title='bbox 1928 2219 2377 2293; x_wconf 72' lang='grc' dir='ltr'>ἀντιμαχομένου</span> <span class='ocrx_word' id='word_1_395' title='bbox 2431 2221 2520 2274; x_wconf 83' lang='grc' dir='ltr'>καὶ</span> <span class='ocrx_word' id='word_1_396' title='bbox 2572 2221 3024 2281; x_wconf 81' lang='grc' dir='ltr'>ἀντισκοποῦντος</span> <span class='ocrx_word' id='word_1_397' title='bbox 3053 2218 3168 2272; x_wconf 79' lang='grc' dir='ltr'>οἷον</span> <span class='ocrx_word' id='word_1_398' title='bbox 3226 2217 3323 2270; x_wconf 77' lang='grc' dir='ltr'><strong>τοῦ</strong></span> <span class='ocrx_word' id='word_1_399' title='bbox 3370 2215 3577 2289; x_wconf 80' lang='grc' dir='ltr'>Ἑρμοῦ</span> 
     </span>
    </p>
   </div>
   <div class='ocr_carea' id='block_1_51' title="bbox 1927 2300 3580 2381">
    <p class='ocr_par' dir='ltr' id='par_1_51' title="bbox 1927 2300 3580 2381">
     <span class='ocr_line' id='line_1_52' title="bbox 1927 2300 3580 2381; baseline -0.004 -19"><span class='ocrx_word' id='word_1_400' title='bbox 1927 2310 1995 2372; x_wconf 76' lang='grc' dir='ltr'>τῇ</span> <span class='ocrx_word' id='word_1_401' title='bbox 2029 2313 2224 2377; x_wconf 82' lang='grc' dir='ltr'>Λητοῖ,</span> <span class='ocrx_word' id='word_1_402' title='bbox 2256 2307 2291 2377; x_wconf 79' lang='grc' dir='ltr'><strong>ἢ</strong></span> <span class='ocrx_word' id='word_1_403' title='bbox 2335 2309 2425 2363; x_wconf 84' lang='grc' dir='ltr'>καὶ</span> <span class='ocrx_word' id='word_1_404' title='bbox 2460 2307 2672 2381; x_wconf 78' lang='grc' dir='ltr'>μᾶλλον</span> <span class='ocrx_word' id='word_1_405' title='bbox 2701 2309 2798 2377; x_wconf 74' lang='grc' dir='ltr'><strong>τὴν</strong></span> <span class='ocrx_word' id='word_1_406' title='bbox 2850 2306 3061 2376; x_wconf 74' lang='grc' dir='ltr'>ἐκείνη&gt;</span> <span class='ocrx_word' id='word_1_407' title='bbox 3092 2300 3329 2379; x_wconf 85' lang='grc' dir='ltr'>πρόοδον</span> <span class='ocrx_word' id='word_1_408' title='bbox 3381 2300 3580 2356; x_wconf 88' lang='grc' dir='ltr'>ἀνακό-</span> 
     </span>
    </p>
   </div>
   <div class='ocr_carea' id='block_1_52' title="bbox 1928 2385 3580 2470">
    <p class='ocr_par' dir='ltr' id='par_1_52' title="bbox 1928 2385 3580 2470">
     <span class='ocr_line' id='line_1_53' title="bbox 1928 2385 3580 2470; baseline -0.002 -22"><span class='ocrx_word' id='word_1_409' title='bbox 1928 2415 2158 2458; x_wconf 90' lang='grc' dir='ltr'>πτοντος</span> <span class='ocrx_word' id='word_1_410' title='bbox 2194 2442 2205 2454; x_wconf 94' lang='grc'><strong>.</strong></span> <span class='ocrx_word' id='word_1_411' title='bbox 2262 2401 2422 2451; x_wconf 77' lang='grc' dir='ltr'><strong>Ταῦτ’</strong></span> <span class='ocrx_word' id='word_1_412' title='bbox 2480 2400 2580 2470; x_wconf 72' lang='grc' dir='ltr'><strong>ἂρα</strong></span> <span class='ocrx_word' id='word_1_413' title='bbox 2637 2396 2727 2453; x_wconf 78' lang='grc' dir='ltr'>καί</span> <span class='ocrx_word' id='word_1_414' title='bbox 2781 2397 2849 2452; x_wconf 74' lang='grc' dir='ltr'>τά</span> <span class='ocrx_word' id='word_1_415' title='bbox 2894 2397 3010 2452; x_wconf 86' lang='grc' dir='ltr'>κατ’</span> <span class='ocrx_word' id='word_1_416' title='bbox 3071 2395 3246 2450; x_wconf 79' lang='grc' dir='ltr'>ἐκεῖνο</span> <span class='ocrx_word' id='word_1_417' title='bbox 3299 2385 3580 2465; x_wconf 75' lang='grc' dir='ltr'>συμϐάντα</span> 
     </span>
    </p>
   </div>
   <div class='ocr_carea' id='block_1_53' title="bbox 1927 2476 3583 2560">
    <p class='ocr_par' dir='ltr' id='par_1_53' title="bbox 1927 2476 3583 2560">
     <span class='ocr_line' id='line_1_54' title="bbox 1927 2476 3583 2560; baseline -0.003 -22"><span class='ocrx_word' id='word_1_418' title='bbox 1927 2487 2024 2538; x_wconf 80' lang='grc' dir='ltr'><strong>τοῦ</strong></span> <span class='ocrx_word' id='word_1_419' title='bbox 2084 2483 2283 2560; x_wconf 86' lang='grc' dir='ltr'>χρόνου</span> <span class='ocrx_word' id='word_1_420' title='bbox 2342 2483 2522 2542; x_wconf 86' lang='grc' dir='ltr'>ἐα2έον</span> <span class='ocrx_word' id='word_1_421' title='bbox 2573 2487 2709 2560; x_wconf 79' lang='grc' dir='ltr'>ἡμῖν</span> <span class='ocrx_word' id='word_1_422' title='bbox 2760 2487 2834 2548; x_wconf 86' lang='grc' dir='ltr'><strong>ὡς</strong></span> <span class='ocrx_word' id='word_1_423' title='bbox 2886 2485 2986 2540; x_wconf 81' lang='grc' dir='ltr'>οὐκ</span> <span class='ocrx_word' id='word_1_424' title='bbox 3032 2483 3227 2539; x_wconf 80' lang='grc' dir='ltr'>ἁνυστά</span> <span class='ocrx_word' id='word_1_425' title='bbox 3271 2480 3362 2536; x_wconf 79' lang='grc' dir='ltr'><strong>καὶ</strong></span> <span class='ocrx_word' id='word_1_426' title='bbox 3394 2476 3583 2543; x_wconf 74' lang='grc' dir='ltr'>ἄλλως</span> 
     </span>
    </p>
   </div>
   <div class='ocr_carea' id='block_1_54' title="bbox 1928 2568 3576 2652">
    <p class='ocr_par' dir='ltr' id='par_1_54' title="bbox 1928 2568 3576 2652">
     <span class='ocr_line' id='line_1_55' title="bbox 1928 2568 3576 2652; baseline -0.003 -25"><span class='ocrx_word' id='word_1_427' title='bbox 1928 2577 2026 2628; x_wconf 78' lang='grc' dir='ltr'><strong>τοῦ</strong></span> <span class='ocrx_word' id='word_1_428' title='bbox 2082 2572 2443 2648; x_wconf 84' lang='grc' dir='ltr'>προκειμένου</span> <span class='ocrx_word' id='word_1_429' title='bbox 2473 2578 2679 2630; x_wconf 68' lang='grc' dir='ltr'>σκοποῦ</span> <span class='ocrx_word' id='word_1_430' title='bbox 2729 2573 3006 2652; x_wconf 82' lang='grc' dir='ltr'>ἐξαγώνια,</span> <span class='ocrx_word' id='word_1_431' title='bbox 3055 2575 3149 2630; x_wconf 86' lang='lat' dir='ltr'><strong>&quot;Ev</strong></span> <span class='ocrx_word' id='word_1_432' title='bbox 3185 2569 3242 2627; x_wconf 74' lang='grc' dir='ltr'><strong>δὲ</strong></span> <span class='ocrx_word' id='word_1_433' title='bbox 3271 2571 3361 2626; x_wconf 77' lang='grc' dir='ltr'>καὶ</span> <span class='ocrx_word' id='word_1_434' title='bbox 3413 2568 3576 2643; x_wconf 89' lang='grc' dir='ltr'>μόνον</span> 
     </span>
    </p>
   </div>
   <div class='ocr_carea' id='block_1_55' title="bbox 1930 2660 3577 2740">
    <p class='ocr_par' dir='ltr' id='par_1_55' title="bbox 1930 2660 3577 2740">
     <span class='ocr_line' id='line_1_56' title="bbox 1930 2660 3577 2740; baseline -0.003 -22"><span class='ocrx_word' id='word_1_435' title='bbox 1930 2662 2066 2726; x_wconf 89' lang='grc' dir='ltr'>τέως</span> <span class='ocrx_word' id='word_1_436' title='bbox 2119 2664 2338 2721; x_wconf 81' lang='grc' dir='ltr'>λεκτέον</span> <span class='ocrx_word' id='word_1_437' title='bbox 2396 2664 2530 2736; x_wconf 80' lang='grc' dir='ltr'>ἐστὶ,</span> <span class='ocrx_word' id='word_1_438' title='bbox 2581 2665 2670 2722; x_wconf 80' lang='grc' dir='ltr'>καὶ</span> <span class='ocrx_word' id='word_1_439' title='bbox 2729 2665 2860 2729; x_wconf 79' lang='grc' dir='ltr'>ἴσως</span> <span class='ocrx_word' id='word_1_440' title='bbox 2919 2668 2988 2722; x_wconf 83' lang='grc' dir='ltr'>οὐ</span> <span class='ocrx_word' id='word_1_441' title='bbox 3041 2663 3318 2740; x_wconf 87' lang='grc' dir='ltr'>περιττὸν,</span> <span class='ocrx_word' id='word_1_442' title='bbox 3373 2660 3456 2716; x_wconf 80' lang='grc' dir='ltr'><strong>ὅτι</strong></span> <span class='ocrx_word' id='word_1_443' title='bbox 3487 2661 3577 2715; x_wconf 84' lang='grc' dir='ltr'>καί</span> 
     </span>
    </p>
   </div>
   <div class='ocr_carea' id='block_1_56' title="bbox 1936 2749 3578 2827">
    <p class='ocr_par' dir='ltr' id='par_1_56' title="bbox 1936 2749 3578 2827">
     <span class='ocr_line' id='line_1_57' title="bbox 1936 2749 3578 2827; baseline -0.004 -19"><span class='ocrx_word' id='word_1_444' title='bbox 1936 2754 2096 2827; x_wconf 88' lang='grc' dir='ltr'>μόνον</span> <span class='ocrx_word' id='word_1_445' title='bbox 2162 2753 2335 2810; x_wconf 85' lang='grc' dir='ltr'>ἐκεῖνό</span> <span class='ocrx_word' id='word_1_446' title='bbox 2411 2777 2549 2818; x_wconf 73' lang='grc' dir='ltr'>τινες</span> <span class='ocrx_word' id='word_1_447' title='bbox 2619 2755 2899 2812; x_wconf 71' lang='grc' dir='ltr'>αἰτιῶνται</span> <span class='ocrx_word' id='word_1_448' title='bbox 2976 2755 3066 2811; x_wconf 85' lang='grc' dir='ltr'>καὶ</span> <span class='ocrx_word' id='word_1_449' title='bbox 3141 2759 3241 2822; x_wconf 83' lang='grc' dir='ltr'>τῆς</span> <span class='ocrx_word' id='word_1_450' title='bbox 3287 2749 3413 2806; x_wconf 87' lang='grc' dir='ltr'>τότε</span> <span class='ocrx_word' id='word_1_451' title='bbox 3465 2753 3578 2804; x_wconf 82' lang='grc' dir='ltr'><strong>τῶν</strong></span> 
     </span>
    </p>
   </div>
   <div class='ocr_carea' id='block_1_57' title="bbox 1932 2841 3578 2922">
    <p class='ocr_par' dir='ltr' id='par_1_57' title="bbox 1932 2841 3578 2922">
     <span class='ocr_line' id='line_1_58' title="bbox 1932 2841 3578 2922; baseline -0.003 -24"><span class='ocrx_word' id='word_1_452' title='bbox 1932 2842 2267 2920; x_wconf 82' lang='grc' dir='ltr'>πραγμάτων</span> <span class='ocrx_word' id='word_1_453' title='bbox 2299 2843 2598 2922; x_wconf 81' lang='grc' dir='ltr'>ἀσφαλείας</span> <span class='ocrx_word' id='word_1_454' title='bbox 2649 2844 2738 2900; x_wconf 81' lang='grc' dir='ltr'>καὶ</span> <span class='ocrx_word' id='word_1_455' title='bbox 2779 2846 3153 2904; x_wconf 86' lang='grc' dir='ltr'>καταστάσεως</span> <span class='ocrx_word' id='word_1_456' title='bbox 3198 2841 3288 2896; x_wconf 85' lang='grc' dir='ltr'><strong>καὶ</strong></span> <span class='ocrx_word' id='word_1_457' title='bbox 3335 2843 3436 2904; x_wconf 82' lang='grc' dir='ltr'>τῆς</span> <span class='ocrx_word' id='word_1_458' title='bbox 3485 2841 3578 2893; x_wconf 81' lang='grc' dir='ltr'><strong>νῦν</strong></span> 
     </span>
    </p>
   </div>
   <div class='ocr_carea' id='block_1_58' title="bbox 1935 2925 3585 3010">
    <p class='ocr_par' dir='ltr' id='par_1_58' title="bbox 1935 2925 3585 3010">
     <span class='ocr_line' id='line_1_59' title="bbox 1935 2925 3585 3010; baseline -0.004 -23"><span class='ocrx_word' id='word_1_459' title='bbox 1935 2933 2246 3009; x_wconf 82' lang='grc' dir='ltr'>ἀνατροπῆς</span> <span class='ocrx_word' id='word_1_460' title='bbox 2292 2933 2382 2988; x_wconf 85' lang='grc' dir='ltr'>καὶ</span> <span class='ocrx_word' id='word_1_461' title='bbox 2414 2935 2752 3010; x_wconf 81' lang='grc' dir='ltr'>συγχύσεως,</span> <span class='ocrx_word' id='word_1_462' title='bbox 2788 2936 2870 3007; x_wconf 85' lang='grc' dir='ltr'><strong>[Ρ.</strong></span> <span class='ocrx_word' id='word_1_463' title='bbox 2898 2937 2954 3007; x_wconf 88' lang='grc'><strong>6]</strong></span> <span class='ocrx_word' id='word_1_464' title='bbox 2983 2933 3130 3002; x_wconf 72' lang='grc' dir='ltr'>πλὴν</span> <span class='ocrx_word' id='word_1_465' title='bbox 3181 2929 3242 2984; x_wconf 75' lang='grc' dir='ltr'>οὐ</span> <span class='ocrx_word' id='word_1_466' title='bbox 3283 2927 3422 2983; x_wconf 87' lang='grc' dir='ltr'><strong>κατᾶ</strong></span> <span class='ocrx_word' id='word_1_467' title='bbox 3448 2925 3585 2981; x_wconf 73' lang='grc' dir='ltr'><strong>ταῦ-</strong></span> 
     </span>
    </p>
   </div>
   <div class='ocr_carea' id='block_1_59' title="bbox 1931 3131 3581 3216">
    <p class='ocr_par' dir='ltr' id='par_1_59' title="bbox 1931 3131 3581 3216">
     <span class='ocr_line' id='line_1_60' title="bbox 1931 3131 3581 3216; baseline -0.007 -19"><span class='ocrx_word' id='word_1_468' title='bbox 1931 3143 2356 3216; x_wconf 79' lang='lat' dir='ltr'><strong>principatibus</strong></span> <span class='ocrx_word' id='word_1_469' title='bbox 2371 3141 2632 3212; x_wconf 75' lang='lat' dir='ltr'><strong>actisque</strong></span> <span class='ocrx_word' id='word_1_470' title='bbox 2664 3139 2993 3212; x_wconf 83' lang='lat' dir='ltr'><strong>repetendis</strong></span> <span class='ocrx_word' id='word_1_471' title='bbox 3006 3137 3188 3208; x_wconf 82' lang='lat' dir='ltr'><strong>hujus</strong></span> <span class='ocrx_word' id='word_1_472' title='bbox 3201 3151 3374 3206; x_wconf 91' lang='lat' dir='ltr'><strong>quam</strong></span> <span class='ocrx_word' id='word_1_473' title='bbox 3407 3131 3581 3188; x_wconf 90' lang='lat' dir='ltr'><strong>modo</strong></span> 
     </span>
    </p>
   </div>
   <div class='ocr_carea' id='block_1_60' title="bbox 195 3222 3582 3324">
    <p class='ocr_par' dir='ltr' id='par_1_60' title="bbox 195 3222 3582 3324">
     <span class='ocr_line' id='line_1_61' title="bbox 195 3222 3582 3324; baseline -0.002 -43"><span class='ocrx_word' id='word_1_474' title='bbox 195 3225 878 3324; x_wconf 55' lang='lat' dir='ltr'><strong>omittereindictamulla</strong></span> <span class='ocrx_word' id='word_1_475' title='bbox 909 3231 1256 3324; x_wconf 80' lang='lat' dir='ltr'><strong>necessitate</strong></span> <span class='ocrx_word' id='word_1_476' title='bbox 1289 3232 1817 3304; x_wconf 87' lang='lat' dir='ltr'><strong>scriberecogente,</strong></span> <span class='ocrx_word' id='word_1_477' title='bbox 1851 3257 1894 3324; x_wconf 63' lang='grc' dir='ltr'><strong>ρ</strong></span> <span class='ocrx_word' id='word_1_478' title='bbox 1935 3231 2290 3286; x_wconf 76' lang='lat' dir='ltr'><strong>meditemur</strong></span> <span class='ocrx_word' id='word_1_479' title='bbox 2314 3231 2545 3286; x_wconf 88' lang='lat' dir='ltr'><strong>initium</strong></span> <span class='ocrx_word' id='word_1_480' title='bbox 2597 3229 2852 3284; x_wconf 67' lang='lat' dir='ltr'><strong>historiae</strong></span> <span class='ocrx_word' id='word_1_481' title='bbox 2901 3222 3482 3295; x_wconf 87' lang='lat' dir='ltr'><strong>ducere,exponendo</strong></span> <span class='ocrx_word' id='word_1_482' title='bbox 3518 3227 3582 3274; x_wconf 90' lang='lat' dir='ltr'><strong>ut</strong></span> 
     </span>
    </p>
   </div>
   <div class='ocr_carea' id='block_1_61' title="bbox 195 3315 1820 3392">
    <p class='ocr_par' dir='ltr' id='par_1_61' title="bbox 195 3315 1820 3392">
     <span class='ocr_line' id='line_1_62' title="bbox 195 3315 1820 3392; baseline 0.005 -25"><span class='ocrx_word' id='word_1_483' title='bbox 195 3315 357 3371; x_wconf 85' lang='lat' dir='ltr'><strong>satius</strong></span> <span class='ocrx_word' id='word_1_484' title='bbox 388 3319 655 3388; x_wconf 80' lang='lat' dir='ltr'><strong>profecto</strong></span> <span class='ocrx_word' id='word_1_485' title='bbox 686 3319 788 3390; x_wconf 85' lang='lat' dir='ltr'><strong>sit,</strong></span> <span class='ocrx_word' id='word_1_486' title='bbox 822 3323 887 3374; x_wconf 90' lang='lat' dir='ltr'><strong>ut</strong></span> <span class='ocrx_word' id='word_1_487' title='bbox 916 3336 1021 3392; x_wconf 86' lang='lat' dir='ltr'><strong>ego</strong></span> <span class='ocrx_word' id='word_1_488' title='bbox 1054 3321 1288 3391; x_wconf 79' lang='lat' dir='ltr'><strong>quidem</strong></span> <span class='ocrx_word' id='word_1_489' title='bbox 1330 3321 1602 3388; x_wconf 81' lang='lat' dir='ltr'><strong>arbitror,</strong></span> <span class='ocrx_word' id='word_1_490' title='bbox 1637 3320 1820 3376; x_wconf 88' lang='lat' dir='ltr'><strong>silen-</strong></span> 
     </span>
    </p>
   </div>
   <div class='ocr_carea' id='block_1_62' title="bbox 194 3403 1824 3484">
    <p class='ocr_par' dir='ltr' id='par_1_62' title="bbox 194 3403 1824 3484">
     <span class='ocr_line' id='line_1_63' title="bbox 194 3403 1824 3484; baseline 0.004 -28"><span class='ocrx_word' id='word_1_491' title='bbox 194 3403 260 3458; x_wconf 88' lang='lat' dir='ltr'><strong>tio</strong></span> <span class='ocrx_word' id='word_1_492' title='bbox 301 3407 597 3477; x_wconf 60' lang='lat' dir='ltr'><strong>praeterire</strong></span> <span class='ocrx_word' id='word_1_493' title='bbox 640 3424 818 3480; x_wconf 89' lang='lat' dir='ltr'><strong>quam</strong></span> <span class='ocrx_word' id='word_1_494' title='bbox 864 3426 1037 3466; x_wconf 88' lang='lat' dir='ltr'><strong>secus</strong></span> <span class='ocrx_word' id='word_1_495' title='bbox 1080 3427 1144 3466; x_wconf 88' lang='lat' dir='ltr'><strong>ac</strong></span> <span class='ocrx_word' id='word_1_496' title='bbox 1190 3416 1358 3484; x_wconf 86' lang='lat' dir='ltr'><strong>gesta</strong></span> <span class='ocrx_word' id='word_1_497' title='bbox 1389 3415 1530 3465; x_wconf 92' lang='lat' dir='ltr'><strong>sunt</strong></span> <span class='ocrx_word' id='word_1_498' title='bbox 1575 3409 1824 3466; x_wconf 81' lang='lat' dir='ltr'><strong>tradere.</strong></span> 
     </span>
    </p>
   </div>
   <div class='ocr_carea' id='block_1_63' title="bbox 193 3495 1825 3570">
    <p class='ocr_par' dir='ltr' id='par_1_63' title="bbox 193 3495 1825 3570">
     <span class='ocr_line' id='line_1_64' title="bbox 193 3495 1825 3570; baseline 0.005 -26"><span class='ocrx_word' id='word_1_499' title='bbox 193 3495 411 3550; x_wconf 68' lang='lat' dir='ltr'><strong>Praestat</strong></span> <span class='ocrx_word' id='word_1_500' title='bbox 440 3497 605 3552; x_wconf 89' lang='lat' dir='ltr'><strong>enim</strong></span> <span class='ocrx_word' id='word_1_501' title='bbox 639 3497 965 3568; x_wconf 79' lang='lat' dir='ltr'><strong>legentibus</strong></span> <span class='ocrx_word' id='word_1_502' title='bbox 997 3498 1145 3554; x_wconf 90' lang='lat' dir='ltr'><strong>nihil</strong></span> <span class='ocrx_word' id='word_1_503' title='bbox 1193 3516 1393 3555; x_wconf 92' lang='lat' dir='ltr'><strong>eorum</strong></span> <span class='ocrx_word' id='word_1_504' title='bbox 1448 3499 1598 3554; x_wconf 89' lang='lat' dir='ltr'><strong>scire</strong></span> <span class='ocrx_word' id='word_1_505' title='bbox 1648 3515 1825 3570; x_wconf 90' lang='lat' dir='ltr'><strong>quam</strong></span> 
     </span>
    </p>
   </div>
   <div class='ocr_carea' id='block_1_64' title="bbox 196 3586 1827 3644">
    <p class='ocr_par' dir='ltr' id='par_1_64' title="bbox 196 3586 1827 3644">
     <span class='ocr_line' id='line_1_65' title="bbox 196 3586 1827 3644; baseline 0.004 -10"><span class='ocrx_word' id='word_1_506' title='bbox 196 3586 376 3640; x_wconf 78' lang='lat' dir='ltr'><strong>contra</strong></span> <span class='ocrx_word' id='word_1_507' title='bbox 395 3601 463 3641; x_wconf 88' lang='lat' dir='ltr'><strong>ac</strong></span> <span class='ocrx_word' id='word_1_508' title='bbox 495 3602 637 3642; x_wconf 85' lang='lat' dir='ltr'><strong>vere</strong></span> <span class='ocrx_word' id='word_1_509' title='bbox 669 3591 800 3643; x_wconf 85' lang='lat' dir='ltr'><strong>acta</strong></span> <span class='ocrx_word' id='word_1_510' title='bbox 828 3592 970 3644; x_wconf 87' lang='lat' dir='ltr'><strong>sunt</strong></span> <span class='ocrx_word' id='word_1_511' title='bbox 1016 3587 1231 3644; x_wconf 88' lang='lat' dir='ltr'><strong>doceri.</strong></span> <span class='ocrx_word' id='word_1_512' title='bbox 1281 3587 1450 3643; x_wconf 86' lang='lat' dir='ltr'><strong>Illinc</strong></span> <span class='ocrx_word' id='word_1_513' title='bbox 1497 3586 1653 3642; x_wconf 89' lang='lat' dir='ltr'><strong>enim</strong></span> <span class='ocrx_word' id='word_1_514' title='bbox 1704 3587 1827 3641; x_wconf 90' lang='lat' dir='ltr'><strong>ins-</strong></span> 
     </span>
    </p>
   </div>
   <div class='ocr_carea' id='block_1_65' title="bbox 195 3670 1828 3750">
    <p class='ocr_par' dir='ltr' id='par_1_65' title="bbox 195 3670 1828 3750">
     <span class='ocr_line' id='line_1_66' title="bbox 195 3670 1828 3750; baseline 0.004 -26"><span class='ocrx_word' id='word_1_515' title='bbox 195 3670 382 3730; x_wconf 82' lang='lat' dir='ltr'><strong>cientia</strong></span> <span class='ocrx_word' id='word_1_516' title='bbox 407 3676 713 3746; x_wconf 66' lang='lat' dir='ltr'><strong>quaedam,</strong></span> <span class='ocrx_word' id='word_1_517' title='bbox 737 3680 794 3733; x_wconf 89' lang='lat' dir='ltr'><strong>et</strong></span> <span class='ocrx_word' id='word_1_518' title='bbox 814 3676 1063 3748; x_wconf 85' lang='lat' dir='ltr'><strong>simplex</strong></span> <span class='ocrx_word' id='word_1_519' title='bbox 1093 3676 1194 3733; x_wconf 90' lang='lat' dir='ltr'><strong>illa</strong></span> <span class='ocrx_word' id='word_1_520' title='bbox 1215 3676 1828 3750; x_wconf 86' lang='lat' dir='ltr'><strong>quidem,innascilur,</strong></span> 
     </span>
    </p>
   </div>
   <div class='ocr_carea' id='block_1_66' title="bbox 198 3760 1834 3838">
    <p class='ocr_par' dir='ltr' id='par_1_66' title="bbox 198 3760 1834 3838">
     <span class='ocr_line' id='line_1_67' title="bbox 198 3760 1834 3838; baseline 0.002 -23"><span class='ocrx_word' id='word_1_521' title='bbox 198 3760 402 3818; x_wconf 87' lang='lat' dir='ltr'><strong>nullam</strong></span> <span class='ocrx_word' id='word_1_522' title='bbox 453 3765 708 3821; x_wconf 89' lang='lat' dir='ltr'><strong>inurens</strong></span> <span class='ocrx_word' id='word_1_523' title='bbox 756 3766 1188 3838; x_wconf 87' lang='lat' dir='ltr'><strong>turpitudinem</strong></span> <span class='ocrx_word' id='word_1_524' title='bbox 1237 3767 1378 3823; x_wconf 73' lang='lat'><strong>13:</strong></span> <span class='ocrx_word' id='word_1_525' title='bbox 1435 3767 1572 3822; x_wconf 92' lang='lat' dir='ltr'><strong>hinc</strong></span> <span class='ocrx_word' id='word_1_526' title='bbox 1615 3764 1834 3838; x_wconf 80' lang='lat' dir='ltr'><strong>duplex</strong></span> 
     </span>
    </p>
   </div>
   <div class='ocr_carea' id='block_1_67' title="bbox 194 3851 1828 3928">
    <p class='ocr_par' dir='ltr' id='par_1_67' title="bbox 194 3851 1828 3928">
     <span class='ocr_line' id='line_1_68' title="bbox 194 3851 1828 3928; baseline 0.002 -23"><span class='ocrx_word' id='word_1_527' title='bbox 194 3851 782 3928; x_wconf 81' lang='lat' dir='ltr'><strong>oboritnrignoratio,</strong></span> <span class='ocrx_word' id='word_1_528' title='bbox 815 3855 1053 3913; x_wconf 88' lang='lat' dir='ltr'><strong>homine</strong></span> <span class='ocrx_word' id='word_1_529' title='bbox 1084 3855 1234 3912; x_wconf 90' lang='lat' dir='ltr'><strong>scire</strong></span> <span class='ocrx_word' id='word_1_530' title='bbox 1272 3872 1338 3912; x_wconf 87' lang='lat' dir='ltr'><strong>ac</strong></span> <span class='ocrx_word' id='word_1_531' title='bbox 1387 3860 1632 3928; x_wconf 86' lang='lat' dir='ltr'><strong>putante</strong></span> <span class='ocrx_word' id='word_1_532' title='bbox 1676 3853 1828 3926; x_wconf 91' lang='lat' dir='ltr'><strong>quod</strong></span> 
     </span>
    </p>
   </div>
   <div class='ocr_carea' id='block_1_68' title="bbox 194 3941 1832 4017">
    <p class='ocr_par' dir='ltr' id='par_1_68' title="bbox 194 3941 1832 4017">
     <span class='ocr_line' id='line_1_69' title="bbox 194 3941 1832 4017; baseline 0.002 -24"><span class='ocrx_word' id='word_1_533' title='bbox 194 3941 412 3998; x_wconf 87' lang='lat' dir='ltr'><strong>omnino</strong></span> <span class='ocrx_word' id='word_1_534' title='bbox 441 3943 676 4012; x_wconf 87' lang='lat' dir='ltr'><strong>nescit;</strong></span> <span class='ocrx_word' id='word_1_535' title='bbox 702 3959 818 4015; x_wconf 92' lang='lat' dir='ltr'><strong>quo</strong></span> <span class='ocrx_word' id='word_1_536' title='bbox 849 3961 990 4002; x_wconf 84' lang='lat' dir='ltr'><strong>sane</strong></span> <span class='ocrx_word' id='word_1_537' title='bbox 1036 3944 1181 4000; x_wconf 92' lang='lat' dir='ltr'><strong>nihil</strong></span> <span class='ocrx_word' id='word_1_538' title='bbox 1209 3946 1400 4017; x_wconf 84' lang='lat' dir='ltr'><strong>pejus.</strong></span> <span class='ocrx_word' id='word_1_539' title='bbox 1421 3943 1832 4000; x_wconf 84' lang='lat' dir='ltr'><strong>Verumenim-</strong></span> 
     </span>
    </p>
   </div>
   <div class='ocr_carea' id='block_1_69' title="bbox 190 4031 1833 4107">
    <p class='ocr_par' dir='ltr' id='par_1_69' title="bbox 190 4031 1833 4107">
     <span class='ocr_line' id='line_1_70' title="bbox 190 4031 1833 4107; baseline 0.002 -25"><span class='ocrx_word' id='word_1_540' title='bbox 190 4044 311 4086; x_wconf 79' lang='lat' dir='ltr'><strong>vero</strong></span> <span class='ocrx_word' id='word_1_541' title='bbox 332 4048 436 4088; x_wconf 87' lang='lat' dir='ltr'><strong>nec</strong></span> <span class='ocrx_word' id='word_1_542' title='bbox 470 4032 606 4104; x_wconf 88' lang='lat' dir='ltr'><strong>ipse</strong></span> <span class='ocrx_word' id='word_1_543' title='bbox 638 4033 934 4090; x_wconf 88' lang='lat' dir='ltr'><strong>scribendi</strong></span> <span class='ocrx_word' id='word_1_544' title='bbox 965 4033 1324 4106; x_wconf 86' lang='lat' dir='ltr'><strong>provinciam</strong></span> <span class='ocrx_word' id='word_1_545' title='bbox 1347 4031 1833 4107; x_wconf 89' lang='lat' dir='ltr'><strong>aggrederet,nisi</strong></span> 
     </span>
    </p>
   </div>
   <div class='ocr_carea' id='block_1_70' title="bbox 194 4119 1835 4198">
    <p class='ocr_par' dir='ltr' id='par_1_70' title="bbox 194 4119 1835 4198">
     <span class='ocr_line' id='line_1_71' title="bbox 194 4119 1835 4198; baseline 0.004 -26"><span class='ocrx_word' id='word_1_546' title='bbox 194 4119 372 4178; x_wconf 77' lang='lat' dir='ltr'><strong>futura</strong></span> <span class='ocrx_word' id='word_1_547' title='bbox 390 4139 462 4180; x_wconf 88' lang='lat' dir='ltr'><strong>ex</strong></span> <span class='ocrx_word' id='word_1_548' title='bbox 494 4123 809 4196; x_wconf 64' lang='lat' dir='ltr'><strong>praeteritis</strong></span> <span class='ocrx_word' id='word_1_549' title='bbox 839 4124 1163 4197; x_wconf 75' lang='lat' dir='ltr'><strong>aestimans,</strong></span> <span class='ocrx_word' id='word_1_550' title='bbox 1197 4139 1549 4198; x_wconf 89' lang='lat' dir='ltr'><strong>magnopere</strong></span> <span class='ocrx_word' id='word_1_551' title='bbox 1567 4123 1835 4181; x_wconf 89' lang='lat' dir='ltr'><strong>timerem</strong></span> 
     </span>
    </p>
   </div>
   <div class='ocr_carea' id='block_1_71' title="bbox 192 4207 1836 4287">
    <p class='ocr_par' dir='ltr' id='par_1_71' title="bbox 192 4207 1836 4287">
     <span class='ocr_line' id='line_1_72' title="bbox 192 4207 1836 4287; baseline 0.003 -25"><span class='ocrx_word' id='word_1_552' title='bbox 192 4207 513 4270; x_wconf 77' lang='lat' dir='ltr'><strong>difﬁciliora</strong></span> <span class='ocrx_word' id='word_1_553' title='bbox 568 4213 990 4287; x_wconf 82' lang='lat' dir='ltr'><strong>asperioraque</strong></span> <span class='ocrx_word' id='word_1_554' title='bbox 1047 4215 1357 4271; x_wconf 88' lang='lat' dir='ltr'><strong>imminere</strong></span> <span class='ocrx_word' id='word_1_555' title='bbox 1407 4215 1466 4271; x_wconf 92' lang='lat' dir='ltr'><strong>in</strong></span> <span class='ocrx_word' id='word_1_556' title='bbox 1519 4217 1836 4286; x_wconf 88' lang='lat' dir='ltr'><strong>posterum.</strong></span> 
     </span>
    </p>
   </div>
   <div class='ocr_carea' id='block_1_72' title="bbox 192 4299 1838 4371">
    <p class='ocr_par' dir='ltr' id='par_1_72' title="bbox 192 4299 1838 4371">
     <span class='ocr_line' id='line_1_73' title="bbox 192 4299 1838 4371; baseline 0.003 -20"><span class='ocrx_word' id='word_1_557' title='bbox 192 4299 354 4356; x_wconf 78' lang='lat' dir='ltr'><strong>lulto</strong></span> <span class='ocrx_word' id='word_1_558' title='bbox 387 4301 553 4358; x_wconf 87' lang='lat' dir='ltr'><strong>enim</strong></span> <span class='ocrx_word' id='word_1_559' title='bbox 585 4301 1074 4359; x_wconf 78' lang='lat' dir='ltr'><strong>videlicetauditu</strong></span> <span class='ocrx_word' id='word_1_560' title='bbox 1101 4303 1433 4360; x_wconf 82' lang='lat' dir='ltr'><strong>mirabilius</strong></span> <span class='ocrx_word' id='word_1_561' title='bbox 1457 4309 1548 4360; x_wconf 86' lang='lat' dir='ltr'><strong>est</strong></span> <span class='ocrx_word' id='word_1_562' title='bbox 1567 4319 1637 4358; x_wconf 88' lang='lat' dir='ltr'><strong>ex</strong></span> <span class='ocrx_word' id='word_1_563' title='bbox 1652 4304 1838 4371; x_wconf 89' lang='lat' dir='ltr'><strong>tanta,</strong></span> 
     </span>
    </p>
   </div>
   <div class='ocr_carea' id='block_1_73' title="bbox 193 4391 1842 4465">
    <p class='ocr_par' dir='ltr' id='par_1_73' title="bbox 193 4391 1842 4465">
     <span class='ocr_line' id='line_1_74' title="bbox 193 4391 1842 4465; baseline 0.001 -21"><span class='ocrx_word' id='word_1_564' title='bbox 193 4402 353 4459; x_wconf 85' lang='lat' dir='ltr'><strong>quam</strong></span> <span class='ocrx_word' id='word_1_565' title='bbox 376 4391 1271 4465; x_wconf 86' lang='lat' dir='ltr'><strong>degustavimus,tranquilitate</strong></span> <span class='ocrx_word' id='word_1_566' title='bbox 1299 4393 1360 4448; x_wconf 92' lang='lat' dir='ltr'><strong>in</strong></span> <span class='ocrx_word' id='word_1_567' title='bbox 1390 4391 1842 4464; x_wconf 56' lang='lat' dir='ltr'><strong>hancjultimam</strong></span> 
     </span>
    </p>
   </div>
   <div class='ocr_carea' id='block_1_74' title="bbox 193 4478 1842 4554">
    <p class='ocr_par' dir='ltr' id='par_1_74' title="bbox 193 4478 1842 4554">
     <span class='ocr_line' id='line_1_75' title="bbox 193 4478 1842 4554; baseline 0.002 -24"><span class='ocrx_word' id='word_1_568' title='bbox 193 4478 580 4536; x_wconf 72' lang='lat' dir='ltr'><strong>calamitatem</strong></span> <span class='ocrx_word' id='word_1_569' title='bbox 611 4481 904 4538; x_wconf 89' lang='lat' dir='ltr'><strong>decidisse</strong></span> <span class='ocrx_word' id='word_1_570' title='bbox 923 4499 1014 4538; x_wconf 92' lang='lat' dir='ltr'><strong>res</strong></span> <span class='ocrx_word' id='word_1_571' title='bbox 1047 4486 1304 4552; x_wconf 85' lang='lat' dir='ltr'><strong>nostras,</strong></span> <span class='ocrx_word' id='word_1_572' title='bbox 1331 4498 1509 4554; x_wconf 89' lang='lat' dir='ltr'><strong>quam</strong></span> <span class='ocrx_word' id='word_1_573' title='bbox 1542 4481 1663 4536; x_wconf 64' lang='lat' dir='ltr'><strong>haec</strong></span> <span class='ocrx_word' id='word_1_574' title='bbox 1686 4496 1842 4535; x_wconf 90' lang='lat' dir='ltr'><strong>nunc</strong></span> 
     </span>
    </p>
   </div>
   <div class='ocr_carea' id='block_1_75' title="bbox 192 4564 1844 4644">
    <p class='ocr_par' dir='ltr' id='par_1_75' title="bbox 192 4564 1844 4644">
     <span class='ocr_line' id='line_1_76' title="bbox 192 4564 1844 4644; baseline 0.001 -22"><span class='ocrx_word' id='word_1_575' title='bbox 192 4564 264 4622; x_wconf 85' lang='lat' dir='ltr'><strong>ita</strong></span> <span class='ocrx_word' id='word_1_576' title='bbox 292 4571 632 4644; x_wconf 86' lang='lat' dir='ltr'><strong>composita</strong></span> <span class='ocrx_word' id='word_1_577' title='bbox 660 4587 786 4642; x_wconf 64' lang='lat' dir='ltr'><strong>quae</strong></span> <span class='ocrx_word' id='word_1_578' title='bbox 811 4572 1127 4640; x_wconf 89' lang='lat' dir='ltr'><strong>cernimus,</strong></span> <span class='ocrx_word' id='word_1_579' title='bbox 1150 4571 1403 4644; x_wconf 81' lang='lat' dir='ltr'><strong>procella</strong></span> <span class='ocrx_word' id='word_1_580' title='bbox 1423 4571 1679 4644; x_wconf 89' lang='lat' dir='ltr'><strong>quadam</strong></span> <span class='ocrx_word' id='word_1_581' title='bbox 1696 4585 1844 4625; x_wconf 88' lang='lat' dir='ltr'><strong>nova</strong></span> 
     </span>
    </p>
   </div>
   <div class='ocr_carea' id='block_1_76' title="bbox 1933 3308 3578 3389">
    <p class='ocr_par' dir='ltr' id='par_1_76' title="bbox 1933 3308 3578 3389">
     <span class='ocr_line' id='line_1_77' title="bbox 1933 3308 3578 3389; baseline -0.007 -15"><span class='ocrx_word' id='word_1_582' title='bbox 1933 3336 2136 3375; x_wconf 89' lang='lat' dir='ltr'><strong>secure</strong></span> <span class='ocrx_word' id='word_1_583' title='bbox 2188 3319 2767 3389; x_wconf 88' lang='lat' dir='ltr'><strong>consultissimaque,</strong></span> <span class='ocrx_word' id='word_1_584' title='bbox 2815 3333 2933 3387; x_wconf 91' lang='lat' dir='ltr'><strong>qua</strong></span> <span class='ocrx_word' id='word_1_585' title='bbox 2982 3313 3124 3369; x_wconf 88' lang='lat' dir='ltr'><strong>nihil</strong></span> <span class='ocrx_word' id='word_1_586' title='bbox 3177 3308 3578 3384; x_wconf 68' lang='lat' dir='ltr'><strong>praestantius,</strong></span> 
     </span>
    </p>
   </div>
   <div class='ocr_carea' id='block_1_77' title="bbox 1935 3397 3575 3480">
    <p class='ocr_par' dir='ltr' id='par_1_77' title="bbox 1935 3397 3575 3480">
     <span class='ocr_line' id='line_1_78' title="bbox 1935 3397 3575 3480; baseline -0.008 -17"><span class='ocrx_word' id='word_1_587' title='bbox 1935 3409 2248 3480; x_wconf 84' lang='lat' dir='ltr'><strong>prudentia</strong></span> <span class='ocrx_word' id='word_1_588' title='bbox 2270 3407 2694 3480; x_wconf 84' lang='lat' dir='ltr'><strong>rempublicam</strong></span> <span class='ocrx_word' id='word_1_589' title='bbox 2736 3402 3212 3478; x_wconf 88' lang='lat' dir='ltr'><strong>gubernaverint,</strong></span> <span class='ocrx_word' id='word_1_590' title='bbox 3259 3397 3575 3470; x_wconf 89' lang='lat' dir='ltr'><strong>imperium</strong></span> 
     </span>
    </p>
   </div>
   <div class='ocr_carea' id='block_1_78' title="bbox 1935 3485 3583 3565">
    <p class='ocr_par' dir='ltr' id='par_1_78' title="bbox 1935 3485 3583 3565">
     <span class='ocr_line' id='line_1_79' title="bbox 1935 3485 3583 3565; baseline -0.008 -12"><span class='ocrx_word' id='word_1_591' title='bbox 1935 3514 2001 3553; x_wconf 83' lang='lat' dir='ltr'><strong>ea</strong></span> <span class='ocrx_word' id='word_1_592' title='bbox 2035 3497 2278 3554; x_wconf 85' lang='lat' dir='ltr'><strong>maxime</strong></span> <span class='ocrx_word' id='word_1_593' title='bbox 2305 3513 2445 3552; x_wconf 84' lang='lat' dir='ltr'><strong>cura.</strong></span> <span class='ocrx_word' id='word_1_594' title='bbox 2477 3495 2832 3565; x_wconf 84' lang='lat' dir='ltr'><strong>munientes,</strong></span> <span class='ocrx_word' id='word_1_595' title='bbox 2864 3496 3164 3562; x_wconf 89' lang='lat' dir='ltr'><strong>utcunque</strong></span> <span class='ocrx_word' id='word_1_596' title='bbox 3204 3486 3476 3560; x_wconf 85' lang='lat' dir='ltr'><strong>angustis</strong></span> <span class='ocrx_word' id='word_1_597' title='bbox 3507 3485 3583 3540; x_wconf 88' lang='lat' dir='ltr'><strong>il-</strong></span> 
     </span>
    </p>
   </div>
   <div class='ocr_carea' id='block_1_79' title="bbox 1934 3576 3586 3658">
    <p class='ocr_par' dir='ltr' id='par_1_79' title="bbox 1934 3576 3586 3658">
     <span class='ocr_line' id='line_1_80' title="bbox 1934 3576 3586 3658; baseline -0.006 -18"><span class='ocrx_word' id='word_1_598' title='bbox 1934 3585 2034 3641; x_wconf 89' lang='lat' dir='ltr'><strong>lud</strong></span> <span class='ocrx_word' id='word_1_599' title='bbox 2049 3586 2237 3658; x_wconf 90' lang='lat' dir='ltr'><strong>ipsum</strong></span> <span class='ocrx_word' id='word_1_600' title='bbox 2253 3585 2697 3642; x_wconf 89' lang='lat' dir='ltr'><strong>circumclusum</strong></span> <span class='ocrx_word' id='word_1_601' title='bbox 2717 3582 3139 3650; x_wconf 79' lang='lat' dir='ltr'><strong>finibus,trium</strong></span> <span class='ocrx_word' id='word_1_602' title='bbox 3154 3576 3424 3632; x_wconf 85' lang='lat' dir='ltr'><strong>videlicet</strong></span> <span class='ocrx_word' id='word_1_603' title='bbox 3439 3576 3586 3631; x_wconf 91' lang='lat' dir='ltr'><strong>dun-</strong></span> 
     </span>
    </p>
   </div>
   <div class='ocr_carea' id='block_1_80' title="bbox 1935 3667 3585 3748">
    <p class='ocr_par' dir='ltr' id='par_1_80' title="bbox 1935 3667 3585 3748">
     <span class='ocr_line' id='line_1_81' title="bbox 1935 3667 3585 3748; baseline -0.007 -18"><span class='ocrx_word' id='word_1_604' title='bbox 1935 3679 2097 3731; x_wconf 81' lang='lat' dir='ltr'><strong>taxat</strong></span> <span class='ocrx_word' id='word_1_605' title='bbox 2110 3675 2510 3748; x_wconf 88' lang='lat' dir='ltr'><strong>relinquarum</strong></span> <span class='ocrx_word' id='word_1_606' title='bbox 2525 3679 2652 3729; x_wconf 88' lang='lat' dir='ltr'><strong>tum</strong></span> <span class='ocrx_word' id='word_1_607' title='bbox 2674 3671 2816 3746; x_wconf 89' lang='lat' dir='ltr'><strong>ipsis</strong></span> <span class='ocrx_word' id='word_1_608' title='bbox 2829 3670 3126 3726; x_wconf 88' lang='lat' dir='ltr'><strong>civitatum</strong></span> <span class='ocrx_word' id='word_1_609' title='bbox 3140 3667 3498 3737; x_wconf 66' lang='lat' dir='ltr'><strong>,Nicaeaa,Pru</strong></span> <span class='ocrx_word' id='word_1_610' title='bbox 3509 3681 3585 3719; x_wconf 66' lang='lat' dir='ltr'><strong>sa:</strong></span> 
     </span>
    </p>
   </div>
   <div class='ocr_carea' id='block_1_81' title="bbox 1941 3752 3590 3836">
    <p class='ocr_par' dir='ltr' id='par_1_81' title="bbox 1941 3752 3590 3836">
     <span class='ocr_line' id='line_1_82' title="bbox 1941 3752 3590 3836; baseline -0.008 -15"><span class='ocrx_word' id='word_1_611' title='bbox 1941 3769 1998 3821; x_wconf 89' lang='lat' dir='ltr'><strong>et</strong></span> <span class='ocrx_word' id='word_1_612' title='bbox 2027 3769 2209 3820; x_wconf 65' lang='lat' dir='ltr'><strong>tertiae</strong></span> <span class='ocrx_word' id='word_1_613' title='bbox 2243 3762 2684 3836; x_wconf 62' lang='lat' dir='ltr'><strong>Philadelphia,</strong></span> <span class='ocrx_word' id='word_1_614' title='bbox 2725 3761 2783 3816; x_wconf 90' lang='lat' dir='ltr'><strong>in</strong></span> <span class='ocrx_word' id='word_1_615' title='bbox 2815 3777 2960 3832; x_wconf 88' lang='lat' dir='ltr'><strong>quas</strong></span> <span class='ocrx_word' id='word_1_616' title='bbox 2981 3756 3200 3814; x_wconf 86' lang='lat' dir='ltr'><strong>exclusi</strong></span> <span class='ocrx_word' id='word_1_617' title='bbox 3260 3753 3470 3828; x_wconf 90' lang='lat' dir='ltr'><strong>patria,</strong></span> <span class='ocrx_word' id='word_1_618' title='bbox 3517 3752 3590 3808; x_wconf 90' lang='lat' dir='ltr'><strong>iis</strong></span> 
     </span>
    </p>
   </div>
   <div class='ocr_carea' id='block_1_82' title="bbox 1941 3843 3592 3926">
    <p class='ocr_par' dir='ltr' id='par_1_82' title="bbox 1941 3843 3592 3926">
     <span class='ocr_line' id='line_1_83' title="bbox 1941 3843 3592 3926; baseline -0.008 -16"><span class='ocrx_word' id='word_1_619' title='bbox 1941 3871 2090 3926; x_wconf 90' lang='lat' dir='ltr'><strong>quas</strong></span> <span class='ocrx_word' id='word_1_620' title='bbox 2121 3855 2442 3910; x_wconf 89' lang='lat' dir='ltr'><strong>didicimus</strong></span> <span class='ocrx_word' id='word_1_621' title='bbox 2473 3852 2690 3923; x_wconf 87' lang='lat' dir='ltr'><strong>causis,</strong></span> <span class='ocrx_word' id='word_1_622' title='bbox 2724 3851 3038 3918; x_wconf 82' lang='lat' dir='ltr'><strong>confugere</strong></span> <span class='ocrx_word' id='word_1_623' title='bbox 3061 3847 3257 3917; x_wconf 88' lang='lat' dir='ltr'><strong>ibique</strong></span> <span class='ocrx_word' id='word_1_624' title='bbox 3293 3861 3354 3900; x_wconf 90' lang='lat' dir='ltr'><strong>se</strong></span> <span class='ocrx_word' id='word_1_625' title='bbox 3403 3843 3592 3898; x_wconf 89' lang='lat' dir='ltr'><strong>conti-</strong></span> 
     </span>
    </p>
   </div>
   <div class='ocr_carea' id='block_1_83' title="bbox 1942 3932 3592 4006">
    <p class='ocr_par' dir='ltr' id='par_1_83' title="bbox 1942 3932 3592 4006">
     <span class='ocr_line' id='line_1_84' title="bbox 1942 3932 3592 4006; baseline -0.01 -5"><span class='ocrx_word' id='word_1_626' title='bbox 1942 3961 2102 4000; x_wconf 89' lang='lat' dir='ltr'><strong>mere</strong></span> <span class='ocrx_word' id='word_1_627' title='bbox 2131 3944 2314 4000; x_wconf 90' lang='lat' dir='ltr'><strong>coacti</strong></span> <span class='ocrx_word' id='word_1_628' title='bbox 2332 3944 2582 3999; x_wconf 81' lang='lat' dir='ltr'><strong>fuerant.</strong></span> <span class='ocrx_word' id='word_1_629' title='bbox 2614 3940 2846 4006; x_wconf 81' lang='lat' dir='ltr'><strong>Mahna,</strong></span> <span class='ocrx_word' id='word_1_630' title='bbox 2880 3952 3021 3994; x_wconf 88' lang='lat' dir='ltr'><strong>sane</strong></span> <span class='ocrx_word' id='word_1_631' title='bbox 3054 3952 3120 3991; x_wconf 91' lang='lat' dir='ltr'><strong>ac</strong></span> <span class='ocrx_word' id='word_1_632' title='bbox 3144 3932 3462 4004; x_wconf 87' lang='lat' dir='ltr'><strong>scriptione</strong></span> <span class='ocrx_word' id='word_1_633' title='bbox 3485 3946 3592 3985; x_wconf 89' lang='lat' dir='ltr'><strong>nec</strong></span> 
     </span>
    </p>
   </div>
   <div class='ocr_carea' id='block_1_84' title="bbox 1942 4025 3585 4104">
    <p class='ocr_par' dir='ltr' id='par_1_84' title="bbox 1942 4025 3585 4104">
     <span class='ocr_line' id='line_1_85' title="bbox 1942 4025 3585 4104; baseline -0.011 -14"><span class='ocrx_word' id='word_1_634' title='bbox 1942 4033 2102 4089; x_wconf 87' lang='lat' dir='ltr'><strong>brevi</strong></span> <span class='ocrx_word' id='word_1_635' title='bbox 2134 4033 2313 4104; x_wconf 91' lang='lat' dir='ltr'><strong>digna</strong></span> <span class='ocrx_word' id='word_1_636' title='bbox 2344 4029 2775 4103; x_wconf 87' lang='lat' dir='ltr'><strong>imperantibus</strong></span> <span class='ocrx_word' id='word_1_637' title='bbox 2806 4027 2924 4083; x_wconf 89' lang='lat' dir='ltr'><strong>illis</strong></span> <span class='ocrx_word' id='word_1_638' title='bbox 2955 4025 3310 4082; x_wconf 90' lang='lat' dir='ltr'><strong>evenerunt:</strong></span> <span class='ocrx_word' id='word_1_639' title='bbox 3357 4035 3585 4089; x_wconf 87' lang='lat' dir='ltr'><strong>verum,</strong></span> 
     </span>
    </p>
   </div>
   <div class='ocr_carea' id='block_1_85' title="bbox 1944 4108 3590 4192">
    <p class='ocr_par' dir='ltr' id='par_1_85' title="bbox 1944 4108 3590 4192">
     <span class='ocr_line' id='line_1_86' title="bbox 1944 4108 3590 4192; baseline -0.01 -13"><span class='ocrx_word' id='word_1_640' title='bbox 1944 4125 2048 4179; x_wconf 77' lang='grc'><strong>14</strong></span> <span class='ocrx_word' id='word_1_641' title='bbox 2088 4127 2153 4178; x_wconf 91' lang='lat' dir='ltr'><strong>ut</strong></span> <span class='ocrx_word' id='word_1_642' title='bbox 2181 4121 2340 4188; x_wconf 85' lang='lat' dir='ltr'><strong>duxi,</strong></span> <span class='ocrx_word' id='word_1_643' title='bbox 2365 4119 2534 4176; x_wconf 90' lang='lat' dir='ltr'><strong>nobis</strong></span> <span class='ocrx_word' id='word_1_644' title='bbox 2565 4115 2932 4192; x_wconf 80' lang='lat' dir='ltr'><strong>perdifficilia</strong></span> <span class='ocrx_word' id='word_1_645' title='bbox 2975 4120 3234 4180; x_wconf 89' lang='lat' dir='ltr'><strong>narratu,</strong></span> <span class='ocrx_word' id='word_1_646' title='bbox 3285 4114 3412 4166; x_wconf 89' lang='lat' dir='ltr'><strong>tum</strong></span> <span class='ocrx_word' id='word_1_647' title='bbox 3445 4108 3590 4180; x_wconf 89' lang='lat' dir='ltr'><strong>quia</strong></span> 
     </span>
    </p>
   </div>
   <div class='ocr_carea' id='block_1_86' title="bbox 1945 4201 3588 4280">
    <p class='ocr_par' dir='ltr' id='par_1_86' title="bbox 1945 4201 3588 4280">
     <span class='ocr_line' id='line_1_87' title="bbox 1945 4201 3588 4280; baseline -0.011 -11"><span class='ocrx_word' id='word_1_648' title='bbox 1945 4228 2144 4270; x_wconf 88' lang='lat' dir='ltr'><strong>rerum</strong></span> <span class='ocrx_word' id='word_1_649' title='bbox 2169 4209 2330 4266; x_wconf 87' lang='lat' dir='ltr'><strong>illius</strong></span> <span class='ocrx_word' id='word_1_650' title='bbox 2359 4208 2643 4280; x_wconf 89' lang='lat' dir='ltr'><strong>temporis</strong></span> <span class='ocrx_word' id='word_1_651' title='bbox 2675 4206 3137 4278; x_wconf 87' lang='lat' dir='ltr'><strong>haudquaquam</strong></span> <span class='ocrx_word' id='word_1_652' title='bbox 3173 4203 3373 4256; x_wconf 88' lang='lat' dir='ltr'><strong>exacta</strong></span> <span class='ocrx_word' id='word_1_653' title='bbox 3403 4201 3588 4253; x_wconf 91' lang='lat' dir='ltr'><strong>certa-</strong></span> 
     </span>
    </p>
   </div>
   <div class='ocr_carea' id='block_1_87' title="bbox 1947 4290 3588 4374">
    <p class='ocr_par' dir='ltr' id='par_1_87' title="bbox 1947 4290 3588 4374">
     <span class='ocr_line' id='line_1_88' title="bbox 1947 4290 3588 4374; baseline -0.011 -16"><span class='ocrx_word' id='word_1_654' title='bbox 1947 4318 2062 4374; x_wconf 89' lang='lat' dir='ltr'><strong>que</strong></span> <span class='ocrx_word' id='word_1_655' title='bbox 2088 4301 2158 4356; x_wconf 92' lang='lat' dir='ltr'><strong>ad</strong></span> <span class='ocrx_word' id='word_1_656' title='bbox 2183 4316 2290 4356; x_wconf 92' lang='lat' dir='ltr'><strong>nos</strong></span> <span class='ocrx_word' id='word_1_657' title='bbox 2319 4303 2412 4354; x_wconf 85' lang='lat' dir='ltr'><strong>est</strong></span> <span class='ocrx_word' id='word_1_658' title='bbox 2443 4297 2727 4353; x_wconf 88' lang='lat' dir='ltr'><strong>memoria</strong></span> <span class='ocrx_word' id='word_1_659' title='bbox 2752 4294 2994 4368; x_wconf 89' lang='lat' dir='ltr'><strong>perlata,</strong></span> <span class='ocrx_word' id='word_1_660' title='bbox 3028 4290 3409 4348; x_wconf 88' lang='lat' dir='ltr'><strong>consiliorum</strong></span> <span class='ocrx_word' id='word_1_661' title='bbox 3444 4303 3588 4360; x_wconf 79' lang='lat' dir='ltr'><strong>prae-</strong></span> 
     </span>
    </p>
   </div>
   <div class='ocr_carea' id='block_1_88' title="bbox 1949 4382 3589 4456">
    <p class='ocr_par' dir='ltr' id='par_1_88' title="bbox 1949 4382 3589 4456">
     <span class='ocr_line' id='line_1_89' title="bbox 1949 4382 3589 4456; baseline -0.01 -10"><span class='ocrx_word' id='word_1_662' title='bbox 1949 4390 2152 4446; x_wconf 87' lang='lat' dir='ltr'><strong>sertim</strong></span> <span class='ocrx_word' id='word_1_663' title='bbox 2175 4405 2240 4445; x_wconf 90' lang='lat' dir='ltr'><strong>ac</strong></span> <span class='ocrx_word' id='word_1_664' title='bbox 2257 4403 2591 4453; x_wconf 88' lang='lat' dir='ltr'><strong>causarum,</strong></span> <span class='ocrx_word' id='word_1_665' title='bbox 2626 4401 2696 4440; x_wconf 91' lang='lat' dir='ltr'><strong>ex</strong></span> <span class='ocrx_word' id='word_1_666' title='bbox 2726 4384 2945 4456; x_wconf 90' lang='lat' dir='ltr'><strong>quibus</strong></span> <span class='ocrx_word' id='word_1_667' title='bbox 2977 4382 3237 4455; x_wconf 89' lang='lat' dir='ltr'><strong>quidque</strong></span> <span class='ocrx_word' id='word_1_668' title='bbox 3282 4382 3425 4434; x_wconf 89' lang='lat' dir='ltr'><strong>tunc</strong></span> <span class='ocrx_word' id='word_1_669' title='bbox 3458 4391 3589 4448; x_wconf 90' lang='lat' dir='ltr'><strong>ges-</strong></span> 
     </span>
    </p>
   </div>
   <div class='ocr_carea' id='block_1_89' title="bbox 1949 4469 3584 4549">
    <p class='ocr_par' dir='ltr' id='par_1_89' title="bbox 1949 4469 3584 4549">
     <span class='ocr_line' id='line_1_90' title="bbox 1949 4469 3584 4549; baseline -0.011 -13"><span class='ocrx_word' id='word_1_670' title='bbox 1949 4485 2143 4536; x_wconf 88' lang='lat' dir='ltr'><strong>torum</strong></span> <span class='ocrx_word' id='word_1_671' title='bbox 2177 4477 2421 4549; x_wconf 85' lang='lat' dir='ltr'><strong>contigit</strong></span> <span class='ocrx_word' id='word_1_672' title='bbox 2450 4475 2672 4547; x_wconf 88' lang='lat' dir='ltr'><strong>suscipi</strong></span> <span class='ocrx_word' id='word_1_673' title='bbox 2701 4494 2717 4545; x_wconf 90' lang='lat'><strong>;</strong></span> <span class='ocrx_word' id='word_1_674' title='bbox 2742 4479 2868 4530; x_wconf 88' lang='lat' dir='ltr'><strong>tum</strong></span> <span class='ocrx_word' id='word_1_675' title='bbox 2893 4473 3040 4545; x_wconf 90' lang='lat' dir='ltr'><strong>quod</strong></span> <span class='ocrx_word' id='word_1_676' title='bbox 3071 4469 3233 4526; x_wconf 88' lang='lat' dir='ltr'><strong>istud</strong></span> <span class='ocrx_word' id='word_1_677' title='bbox 3267 4481 3584 4539; x_wconf 90' lang='lat' dir='ltr'><strong>argumen-</strong></span> 
     </span>
    </p>
   </div>
   <div class='ocr_carea' id='block_1_90' title="bbox 1950 4555 3593 4640">
    <p class='ocr_par' dir='ltr' id='par_1_90' title="bbox 1950 4555 3593 4640">
     <span class='ocr_line' id='line_1_91' title="bbox 1950 4555 3593 4640; baseline -0.011 -15"><span class='ocrx_word' id='word_1_678' title='bbox 1950 4575 2075 4625; x_wconf 85' lang='lat' dir='ltr'><strong>tum</strong></span> <span class='ocrx_word' id='word_1_679' title='bbox 2108 4570 2576 4640; x_wconf 74' lang='lat' dir='ltr'><strong>praeoccupatum</strong></span> <span class='ocrx_word' id='word_1_680' title='bbox 2609 4565 2680 4620; x_wconf 88' lang='lat' dir='ltr'><strong>ab</strong></span> <span class='ocrx_word' id='word_1_681' title='bbox 2713 4562 2843 4618; x_wconf 86' lang='lat' dir='ltr'><strong>aliis</strong></span> <span class='ocrx_word' id='word_1_682' title='bbox 2868 4563 2994 4634; x_wconf 89' lang='lat' dir='ltr'><strong>jam</strong></span> <span class='ocrx_word' id='word_1_683' title='bbox 3026 4564 3134 4627; x_wconf 89' lang='lat' dir='ltr'><strong>est,</strong></span> <span class='ocrx_word' id='word_1_684' title='bbox 3167 4575 3283 4613; x_wconf 91' lang='lat' dir='ltr'><strong>non</strong></span> <span class='ocrx_word' id='word_1_685' title='bbox 3317 4555 3493 4625; x_wconf 89' lang='lat' dir='ltr'><strong>mala,</strong></span> <span class='ocrx_word' id='word_1_686' title='bbox 3525 4556 3593 4608; x_wconf 90' lang='lat' dir='ltr'><strong>ut</strong></span> 
     </span>
    </p>
   </div>
   <div class='ocr_carea' id='block_1_91' title="bbox 196 4637 3591 4734">
    <p class='ocr_par' dir='ltr' id='par_1_91' title="bbox 196 4637 3591 4734">
     <span class='ocr_line' id='line_1_92' title="bbox 196 4637 3591 4734; baseline -0.005 -20"><span class='ocrx_word' id='word_1_687' title='bbox 196 4637 528 4729; x_wconf 57' lang='lat' dir='ltr'><strong>ingruente,</strong></span> <span class='ocrx_word' id='word_1_688' title='bbox 553 4676 623 4715; x_wconf 88' lang='lat' dir='ltr'><strong>ex</strong></span> <span class='ocrx_word' id='word_1_689' title='bbox 646 4637 755 4715; x_wconf 70' lang='lat' dir='ltr'><strong>hac</strong></span> <span class='ocrx_word' id='word_1_690' title='bbox 780 4637 1170 4734; x_wconf 74' lang='lat' dir='ltr'><strong>prosperitate</strong></span> <span class='ocrx_word' id='word_1_691' title='bbox 1202 4637 1497 4718; x_wconf 73' lang='lat' dir='ltr'><strong>deturbari</strong></span> <span class='ocrx_word' id='word_1_692' title='bbox 1527 4661 1587 4716; x_wconf 86' lang='lat' dir='ltr'><strong>in</strong></span> <span class='ocrx_word' id='word_1_693' title='bbox 1610 4663 1841 4732; x_wconf 88' lang='lat' dir='ltr'><strong>pertur-</strong></span> <span class='ocrx_word' id='word_1_694' title='bbox 1871 4637 1919 4701; x_wconf 85' lang='lat' dir='ltr'><strong>D</strong></span> <span class='ocrx_word' id='word_1_695' title='bbox 1951 4637 2218 4731; x_wconf 81' lang='lat' dir='ltr'><strong>equidem</strong></span> <span class='ocrx_word' id='word_1_696' title='bbox 2252 4637 2524 4722; x_wconf 83' lang='lat' dir='ltr'><strong>arbitror,</strong></span> <span class='ocrx_word' id='word_1_697' title='bbox 2560 4654 2674 4708; x_wconf 83' lang='lat' dir='ltr'><strong>ﬁde</strong></span> <span class='ocrx_word' id='word_1_698' title='bbox 2706 4653 2764 4707; x_wconf 90' lang='lat' dir='ltr'><strong>in</strong></span> <span class='ocrx_word' id='word_1_699' title='bbox 2797 4669 2862 4708; x_wconf 93' lang='lat' dir='ltr'><strong>eo</strong></span> <span class='ocrx_word' id='word_1_700' title='bbox 2895 4647 3164 4717; x_wconf 81' lang='lat' dir='ltr'><strong>versatis,</strong></span> <span class='ocrx_word' id='word_1_701' title='bbox 3197 4647 3297 4702; x_wconf 90' lang='lat' dir='ltr'><strong>sed</strong></span> <span class='ocrx_word' id='word_1_702' title='bbox 3341 4661 3410 4700; x_wconf 91' lang='lat' dir='ltr'><strong>ex</strong></span> <span class='ocrx_word' id='word_1_703' title='bbox 3445 4659 3591 4715; x_wconf 83' lang='lat' dir='ltr'><strong>prae-</strong></span> 
     </span>
    </p>
   </div>
   <div class='ocr_carea' id='block_1_92' title="bbox 195 4744 1838 4823">
    <p class='ocr_par' dir='ltr' id='par_1_92' title="bbox 195 4744 1838 4823">
     <span class='ocr_line' id='line_1_93' title="bbox 195 4744 1838 4823; baseline 0.001 -22"><span class='ocrx_word' id='word_1_704' title='bbox 195 4744 481 4805; x_wconf 84' lang='lat' dir='ltr'><strong>bationem</strong></span> <span class='ocrx_word' id='word_1_705' title='bbox 505 4750 656 4805; x_wconf 87' lang='lat' dir='ltr'><strong>adeo</strong></span> <span class='ocrx_word' id='word_1_706' title='bbox 687 4749 990 4819; x_wconf 86' lang='lat' dir='ltr'><strong>miseram,</strong></span> <span class='ocrx_word' id='word_1_707' title='bbox 1018 4757 1083 4806; x_wconf 88' lang='lat' dir='ltr'><strong>ut</strong></span> <span class='ocrx_word' id='word_1_708' title='bbox 1113 4767 1180 4806; x_wconf 88' lang='lat' dir='ltr'><strong>ex</strong></span> <span class='ocrx_word' id='word_1_709' title='bbox 1215 4751 1406 4823; x_wconf 86' lang='lat' dir='ltr'><strong>specie</strong></span> <span class='ocrx_word' id='word_1_710' title='bbox 1437 4766 1504 4806; x_wconf 89' lang='lat' dir='ltr'><strong>ac</strong></span> <span class='ocrx_word' id='word_1_711' title='bbox 1526 4750 1664 4806; x_wconf 86' lang='lat' dir='ltr'><strong>ﬂore</strong></span> <span class='ocrx_word' id='word_1_712' title='bbox 1678 4747 1838 4805; x_wconf 91' lang='lat' dir='ltr'><strong>omni</strong></span> 
     </span>
    </p>
   </div>
   <div class='ocr_carea' id='block_1_93' title="bbox 195 4836 1840 4912">
    <p class='ocr_par' dir='ltr' id='par_1_93' title="bbox 195 4836 1840 4912">
     <span class='ocr_line' id='line_1_94' title="bbox 195 4836 1840 4912; baseline 0.001 -22"><span class='ocrx_word' id='word_1_713' title='bbox 195 4836 394 4905; x_wconf 87' lang='lat' dir='ltr'><strong>prioris</strong></span> <span class='ocrx_word' id='word_1_714' title='bbox 423 4837 734 4896; x_wconf 85' lang='lat' dir='ltr'><strong>felicitatis</strong></span> <span class='ocrx_word' id='word_1_715' title='bbox 762 4843 1084 4912; x_wconf 84' lang='lat' dir='ltr'><strong>tempestas</strong></span> <span class='ocrx_word' id='word_1_716' title='bbox 1105 4845 1272 4896; x_wconf 86' lang='lat' dir='ltr'><strong>atrox</strong></span> <span class='ocrx_word' id='word_1_717' title='bbox 1290 4839 1574 4912; x_wconf 81' lang='lat' dir='ltr'><strong>ingruens</strong></span> <span class='ocrx_word' id='word_1_718' title='bbox 1595 4838 1690 4893; x_wconf 89' lang='lat' dir='ltr'><strong>vix</strong></span> <span class='ocrx_word' id='word_1_719' title='bbox 1712 4841 1840 4893; x_wconf 89' lang='lat' dir='ltr'><strong>tan-</strong></span> 
     </span>
    </p>
   </div>
   <div class='ocr_carea' id='block_1_94' title="bbox 196 4926 1839 5001">
    <p class='ocr_par' dir='ltr' id='par_1_94' title="bbox 196 4926 1839 5001">
     <span class='ocr_line' id='line_1_95' title="bbox 196 4926 1839 5001; baseline 0 -21"><span class='ocrx_word' id='word_1_720' title='bbox 196 4927 309 4981; x_wconf 85' lang='lat' dir='ltr'><strong>tum</strong></span> <span class='ocrx_word' id='word_1_721' title='bbox 340 4929 494 4986; x_wconf 80' lang='lat' dir='ltr'><strong>satis</strong></span> <span class='ocrx_word' id='word_1_722' title='bbox 538 4928 817 5001; x_wconf 79' lang='lat' dir='ltr'><strong>agrisque</strong></span> <span class='ocrx_word' id='word_1_723' title='bbox 838 4930 1014 4986; x_wconf 91' lang='lat' dir='ltr'><strong>modo</strong></span> <span class='ocrx_word' id='word_1_724' title='bbox 1046 4929 1368 4986; x_wconf 88' lang='lat' dir='ltr'><strong>virentibus</strong></span> <span class='ocrx_word' id='word_1_725' title='bbox 1403 4928 1612 5000; x_wconf 90' lang='lat' dir='ltr'><strong>reliqui</strong></span> <span class='ocrx_word' id='word_1_726' title='bbox 1644 4926 1839 4992; x_wconf 81' lang='lat' dir='ltr'><strong>faciat,</strong></span> 
     </span>
    </p>
   </div>
   <div class='ocr_carea' id='block_1_95' title="bbox 192 5019 1841 5093">
    <p class='ocr_par' dir='ltr' id='par_1_95' title="bbox 192 5019 1841 5093">
     <span class='ocr_line' id='line_1_96' title="bbox 192 5019 1841 5093; baseline -0.002 -19"><span class='ocrx_word' id='word_1_727' title='bbox 192 5025 402 5088; x_wconf 87' lang='lat' dir='ltr'><strong>quanto</strong></span> <span class='ocrx_word' id='word_1_728' title='bbox 433 5024 601 5078; x_wconf 80' lang='lat' dir='ltr'><strong>esset</strong></span> <span class='ocrx_word' id='word_1_729' title='bbox 631 5037 801 5093; x_wconf 91' lang='lat' dir='ltr'><strong>opus,</strong></span> <span class='ocrx_word' id='word_1_730' title='bbox 835 5037 948 5077; x_wconf 92' lang='lat' dir='ltr'><strong>non</strong></span> <span class='ocrx_word' id='word_1_731' title='bbox 963 5021 1157 5077; x_wconf 87' lang='lat' dir='ltr'><strong>dicam</strong></span> <span class='ocrx_word' id='word_1_732' title='bbox 1192 5020 1584 5093; x_wconf 88' lang='lat' dir='ltr'><strong>perducendis</strong></span> <span class='ocrx_word' id='word_1_733' title='bbox 1613 5019 1686 5074; x_wconf 89' lang='lat' dir='ltr'><strong>ad</strong></span> <span class='ocrx_word' id='word_1_734' title='bbox 1719 5034 1841 5072; x_wconf 88' lang='lat' dir='ltr'><strong>ma-</strong></span> 
     </span>
    </p>
   </div>
   <div class='ocr_carea' id='block_1_96' title="bbox 191 5108 1842 5181">
    <p class='ocr_par' dir='ltr' id='par_1_96' title="bbox 191 5108 1842 5181">
     <span class='ocr_line' id='line_1_97' title="bbox 191 5108 1842 5181; baseline 0.002 -22"><span class='ocrx_word' id='word_1_735' title='bbox 191 5108 491 5166; x_wconf 81' lang='lat' dir='ltr'><strong>turitatem</strong></span> <span class='ocrx_word' id='word_1_736' title='bbox 530 5109 847 5181; x_wconf 80' lang='lat' dir='ltr'><strong>fructibus,</strong></span> <span class='ocrx_word' id='word_1_737' title='bbox 878 5111 981 5167; x_wconf 91' lang='lat' dir='ltr'><strong>sed</strong></span> <span class='ocrx_word' id='word_1_738' title='bbox 1014 5111 1105 5168; x_wconf 89' lang='lat' dir='ltr'><strong>vel</strong></span> <span class='ocrx_word' id='word_1_739' title='bbox 1139 5113 1212 5167; x_wconf 88' lang='lat' dir='ltr'><strong>ad</strong></span> <span class='ocrx_word' id='word_1_740' title='bbox 1243 5111 1425 5167; x_wconf 89' lang='lat' dir='ltr'><strong>vitam</strong></span> <span class='ocrx_word' id='word_1_741' title='bbox 1458 5109 1620 5166; x_wconf 91' lang='lat' dir='ltr'><strong>intus</strong></span> <span class='ocrx_word' id='word_1_742' title='bbox 1669 5109 1842 5180; x_wconf 79' lang='lat' dir='ltr'><strong>vege-</strong></span> 
     </span>
    </p>
   </div>
   <div class='ocr_carea' id='block_1_97' title="bbox 185 5197 1843 5272">
    <p class='ocr_par' dir='ltr' id='par_1_97' title="bbox 185 5197 1843 5272">
     <span class='ocr_line' id='line_1_98' title="bbox 185 5197 1843 5272; baseline 0 -22"><span class='ocrx_word' id='word_1_743' title='bbox 185 5198 446 5266; x_wconf 79' lang='lat' dir='ltr'><strong>tabilem,</strong></span> <span class='ocrx_word' id='word_1_744' title='bbox 479 5214 622 5255; x_wconf 87' lang='lat' dir='ltr'><strong>cum</strong></span> <span class='ocrx_word' id='word_1_745' title='bbox 645 5213 749 5271; x_wconf 89' lang='lat' dir='ltr'><strong>spe</strong></span> <span class='ocrx_word' id='word_1_746' title='bbox 781 5199 1219 5270; x_wconf 89' lang='lat' dir='ltr'><strong>proditurorum</strong></span> <span class='ocrx_word' id='word_1_747' title='bbox 1245 5201 1456 5256; x_wconf 73' lang='lat' dir='ltr'><strong>iterum</strong></span> <span class='ocrx_word' id='word_1_748' title='bbox 1485 5197 1843 5272; x_wconf 87' lang='lat' dir='ltr'><strong>quandoque</strong></span> 
     </span>
    </p>
   </div>
   <div class='ocr_carea' id='block_1_98' title="bbox 188 5287 1367 5360">
    <p class='ocr_par' dir='ltr' id='par_1_98' title="bbox 188 5287 1367 5360">
     <span class='ocr_line' id='line_1_99' title="bbox 188 5287 1367 5360; baseline 0.002 -17"><span class='ocrx_word' id='word_1_749' title='bbox 188 5287 552 5360; x_wconf 75' lang='lat' dir='ltr'><strong>germinum,</strong></span> <span class='ocrx_word' id='word_1_750' title='bbox 574 5303 725 5360; x_wconf 82' lang='lat' dir='ltr'><strong>aegre</strong></span> <span class='ocrx_word' id='word_1_751' title='bbox 754 5304 821 5343; x_wconf 91' lang='lat' dir='ltr'><strong>ac</strong></span> <span class='ocrx_word' id='word_1_752' title='bbox 851 5289 1064 5345; x_wconf 89' lang='lat' dir='ltr'><strong>misere</strong></span> <span class='ocrx_word' id='word_1_753' title='bbox 1093 5289 1367 5346; x_wconf 79' lang='lat' dir='ltr'><strong>tandem.</strong></span> 
     </span>
    </p>
   </div>
   <div class='ocr_carea' id='block_1_99' title="bbox 385 5432 1641 5506">
    <p class='ocr_par' dir='ltr' id='par_1_99' title="bbox 385 5432 1641 5506">
     <span class='ocr_line' id='line_1_100' title="bbox 385 5432 1641 5506; baseline 0.002 -18"><span class='ocrx_word' id='word_1_754' title='bbox 385 5435 446 5488; x_wconf 88' lang='lat'><strong>2.</strong></span> <span class='ocrx_word' id='word_1_755' title='bbox 486 5432 601 5488; x_wconf 86' lang='lat' dir='ltr'><strong>Cur</strong></span> <span class='ocrx_word' id='word_1_756' title='bbox 616 5432 825 5489; x_wconf 72' lang='lat' dir='ltr'><strong>omissa</strong></span> <span class='ocrx_word' id='word_1_757' title='bbox 854 5433 1112 5504; x_wconf 80' lang='lat' dir='ltr'><strong>priorum</strong></span> <span class='ocrx_word' id='word_1_758' title='bbox 1155 5434 1470 5506; x_wconf 75' lang='lat' dir='ltr'><strong>principum</strong></span> <span class='ocrx_word' id='word_1_759' title='bbox 1498 5437 1641 5491; x_wconf 81' lang='lat' dir='ltr'><strong>acta.</strong></span> 
     </span>
    </p>
   </div>
   <div class='ocr_carea' id='block_1_100' title="bbox 255 5556 1843 5631">
    <p class='ocr_par' dir='ltr' id='par_1_100' title="bbox 255 5556 1843 5631">
     <span class='ocr_line' id='line_1_101' title="bbox 255 5556 1843 5631; baseline -0.001 -15"><span class='ocrx_word' id='word_1_760' title='bbox 255 5560 560 5616; x_wconf 69' lang='lat' dir='ltr'><strong>Caeterum</strong></span> <span class='ocrx_word' id='word_1_761' title='bbox 589 5573 705 5612; x_wconf 93' lang='lat' dir='ltr'><strong>non</strong></span> <span class='ocrx_word' id='word_1_762' title='bbox 738 5556 1378 5631; x_wconf 80' lang='lat' dir='ltr'><strong>facile,opinor,t‘uerit,</strong></span> <span class='ocrx_word' id='word_1_763' title='bbox 1407 5557 1494 5614; x_wconf 90' lang='lat' dir='ltr'><strong>vel</strong></span> <span class='ocrx_word' id='word_1_764' title='bbox 1517 5557 1567 5615; x_wconf 90' lang='lat' dir='ltr'><strong>si</strong></span> <span class='ocrx_word' id='word_1_765' title='bbox 1591 5558 1843 5614; x_wconf 82' lang='lat' dir='ltr'><strong>maxime</strong></span> 
     </span>
    </p>
   </div>
   <div class='ocr_carea' id='block_1_101' title="bbox 190 5648 1844 5721">
    <p class='ocr_par' dir='ltr' id='par_1_101' title="bbox 190 5648 1844 5721">
     <span class='ocr_line' id='line_1_102' title="bbox 190 5648 1844 5721; baseline 0.001 -20"><span class='ocrx_word' id='word_1_766' title='bbox 190 5661 557 5719; x_wconf 80' lang='lat' dir='ltr'><strong>caperemus</strong></span> <span class='ocrx_word' id='word_1_767' title='bbox 589 5661 885 5702; x_wconf 88' lang='lat' dir='ltr'><strong>recurrere</strong></span> <span class='ocrx_word' id='word_1_768' title='bbox 917 5648 987 5704; x_wconf 88' lang='lat' dir='ltr'><strong>ad</strong></span> <span class='ocrx_word' id='word_1_769' title='bbox 1025 5649 1257 5721; x_wconf 87' lang='lat' dir='ltr'><strong>propria</strong></span> <span class='ocrx_word' id='word_1_770' title='bbox 1279 5652 1628 5721; x_wconf 85' lang='lat' dir='ltr'><strong>tempora,et</strong></span> <span class='ocrx_word' id='word_1_771' title='bbox 1660 5648 1732 5703; x_wconf 83' lang='lat' dir='ltr'><strong>ab</strong></span> <span class='ocrx_word' id='word_1_772' title='bbox 1749 5663 1844 5703; x_wconf 91' lang='lat' dir='ltr'><strong>eo-</strong></span> 
     </span>
    </p>
   </div>
   <div class='ocr_carea' id='block_1_102' title="bbox 192 5736 1846 5810">
    <p class='ocr_par' dir='ltr' id='par_1_102' title="bbox 192 5736 1846 5810">
     <span class='ocr_line' id='line_1_103' title="bbox 192 5736 1846 5810; baseline -0.002 -17"><span class='ocrx_word' id='word_1_773' title='bbox 192 5754 318 5794; x_wconf 83' lang='lat' dir='ltr'><strong>rum</strong></span> <span class='ocrx_word' id='word_1_774' title='bbox 357 5736 466 5808; x_wconf 83' lang='lat' dir='ltr'><strong>qui</strong></span> <span class='ocrx_word' id='word_1_775' title='bbox 499 5741 632 5790; x_wconf 82' lang='lat' dir='ltr'><strong>ante</strong></span> <span class='ocrx_word' id='word_1_776' title='bbox 674 5741 932 5792; x_wconf 89' lang='lat' dir='ltr'><strong>nostram</strong></span> <span class='ocrx_word' id='word_1_777' title='bbox 983 5745 1211 5794; x_wconf 64' lang='lat' dir='ltr'><strong>etatem</strong></span> <span class='ocrx_word' id='word_1_778' title='bbox 1263 5739 1438 5795; x_wconf 90' lang='lat' dir='ltr'><strong>rebus</strong></span> <span class='ocrx_word' id='word_1_779' title='bbox 1487 5738 1846 5810; x_wconf 62' lang='lat' dir='ltr'><strong>praefuerunt</strong></span> 
     </span>
    </p>
   </div>
   <div class='ocr_carea' id='block_1_103' title="bbox 1948 4733 3588 4814">
    <p class='ocr_par' dir='ltr' id='par_1_103' title="bbox 1948 4733 3588 4814">
     <span class='ocr_line' id='line_1_104' title="bbox 1948 4733 3588 4814; baseline -0.012 -9"><span class='ocrx_word' id='word_1_780' title='bbox 1948 4747 2100 4805; x_wconf 89' lang='lat' dir='ltr'><strong>senti</strong></span> <span class='ocrx_word' id='word_1_781' title='bbox 2134 4746 2341 4803; x_wconf 88' lang='lat' dir='ltr'><strong>notitia</strong></span> <span class='ocrx_word' id='word_1_782' title='bbox 2362 4748 2603 4800; x_wconf 89' lang='lat' dir='ltr'><strong>eventus</strong></span> <span class='ocrx_word' id='word_1_783' title='bbox 2630 4743 2688 4797; x_wconf 93' lang='lat' dir='ltr'><strong>in</strong></span> <span class='ocrx_word' id='word_1_784' title='bbox 2722 4742 2987 4814; x_wconf 90' lang='lat' dir='ltr'><strong>ipsorum</strong></span> <span class='ocrx_word' id='word_1_785' title='bbox 3012 4737 3200 4794; x_wconf 89' lang='lat' dir='ltr'><strong>oculis</strong></span> <span class='ocrx_word' id='word_1_786' title='bbox 3234 4739 3359 4790; x_wconf 89' lang='lat' dir='ltr'><strong>tum</strong></span> <span class='ocrx_word' id='word_1_787' title='bbox 3383 4733 3588 4788; x_wconf 86' lang='lat' dir='ltr'><strong>viven-</strong></span> 
     </span>
    </p>
   </div>
   <div class='ocr_carea' id='block_1_104' title="bbox 1947 4826 3590 4909">
    <p class='ocr_par' dir='ltr' id='par_1_104' title="bbox 1947 4826 3590 4909">
     <span class='ocr_line' id='line_1_105' title="bbox 1947 4826 3590 4909; baseline -0.012 -15"><span class='ocrx_word' id='word_1_788' title='bbox 1947 4839 2097 4894; x_wconf 88' lang='lat' dir='ltr'><strong>tium</strong></span> <span class='ocrx_word' id='word_1_789' title='bbox 2129 4840 2393 4909; x_wconf 84' lang='lat' dir='ltr'><strong>patratos</strong></span> <span class='ocrx_word' id='word_1_790' title='bbox 2415 4833 2572 4888; x_wconf 84' lang='lat' dir='ltr'><strong>ﬁdeli</strong></span> <span class='ocrx_word' id='word_1_791' title='bbox 2622 4829 2946 4904; x_wconf 89' lang='lat' dir='ltr'><strong>prosecutis</strong></span> <span class='ocrx_word' id='word_1_792' title='bbox 2992 4826 3255 4891; x_wconf 84' lang='lat' dir='ltr'><strong>historia,</strong></span> <span class='ocrx_word' id='word_1_793' title='bbox 3296 4839 3422 4895; x_wconf 65' lang='lat' dir='ltr'><strong>qua:</strong></span> <span class='ocrx_word' id='word_1_794' title='bbox 3475 4838 3590 4888; x_wconf 90' lang='lat' dir='ltr'><strong>res,</strong></span> 
     </span>
    </p>
   </div>
   <div class='ocr_carea' id='block_1_105' title="bbox 1950 4910 3590 5000">
    <p class='ocr_par' dir='ltr' id='par_1_105' title="bbox 1950 4910 3590 5000">
     <span class='ocr_line' id='line_1_106' title="bbox 1950 4910 3590 5000; baseline -0.012 -17"><span class='ocrx_word' id='word_1_795' title='bbox 1950 4931 2125 5000; x_wconf 87' lang='lat' dir='ltr'><strong>prout</strong></span> <span class='ocrx_word' id='word_1_796' title='bbox 2147 4925 2516 4998; x_wconf 90' lang='lat' dir='ltr'><strong>gerebantur,</strong></span> <span class='ocrx_word' id='word_1_797' title='bbox 2544 4938 2612 4976; x_wconf 86' lang='lat' dir='ltr'><strong>ex</strong></span> <span class='ocrx_word' id='word_1_798' title='bbox 2641 4919 2771 4976; x_wconf 88' lang='lat' dir='ltr'><strong>visu</strong></span> <span class='ocrx_word' id='word_1_799' title='bbox 2793 4923 2851 4975; x_wconf 85' lang='lat' dir='ltr'><strong>et</strong></span> <span class='ocrx_word' id='word_1_800' title='bbox 2881 4915 3236 4989; x_wconf 84' lang='lat' dir='ltr'><strong>experientia</strong></span> <span class='ocrx_word' id='word_1_801' title='bbox 3279 4911 3478 4968; x_wconf 88' lang='lat' dir='ltr'><strong>statim</strong></span> <span class='ocrx_word' id='word_1_802' title='bbox 3530 4910 3590 4964; x_wconf 91' lang='lat' dir='ltr'><strong>in</strong></span> 
     </span>
    </p>
   </div>
   <div class='ocr_carea' id='block_1_106' title="bbox 1949 5003 3590 5079">
    <p class='ocr_par' dir='ltr' id='par_1_106' title="bbox 1949 5003 3590 5079">
     <span class='ocr_line' id='line_1_107' title="bbox 1949 5003 3590 5079; baseline -0.012 -8"><span class='ocrx_word' id='word_1_803' title='bbox 1949 5016 2173 5071; x_wconf 87' lang='lat' dir='ltr'><strong>litteras</strong></span> <span class='ocrx_word' id='word_1_804' title='bbox 2197 5012 2476 5079; x_wconf 89' lang='lat' dir='ltr'><strong>mitteret,</strong></span> <span class='ocrx_word' id='word_1_805' title='bbox 2501 5009 2586 5065; x_wconf 90' lang='lat' dir='ltr'><strong>sic</strong></span> <span class='ocrx_word' id='word_1_806' title='bbox 2608 5007 3078 5063; x_wconf 88' lang='lat' dir='ltr'><strong>machinationes</strong></span> <span class='ocrx_word' id='word_1_807' title='bbox 3095 5003 3341 5061; x_wconf 91' lang='lat' dir='ltr'><strong>eludens</strong></span> <span class='ocrx_word' id='word_1_808' title='bbox 3364 5004 3590 5070; x_wconf 85' lang='lat' dir='ltr'><strong>tempo-</strong></span> 
     </span>
    </p>
   </div>
   <div class='ocr_carea' id='block_1_107' title="bbox 1953 5093 3592 5172">
    <p class='ocr_par' dir='ltr' id='par_1_107' title="bbox 1953 5093 3592 5172">
     <span class='ocr_line' id='line_1_108' title="bbox 1953 5093 3592 5172; baseline -0.013 -10"><span class='ocrx_word' id='word_1_809' title='bbox 1953 5106 2054 5170; x_wconf 91' lang='lat' dir='ltr'><strong>ris,</strong></span> <span class='ocrx_word' id='word_1_810' title='bbox 2087 5101 2355 5160; x_wconf 89' lang='lat' dir='ltr'><strong>conantis</strong></span> <span class='ocrx_word' id='word_1_811' title='bbox 2387 5114 2619 5172; x_wconf 90' lang='lat' dir='ltr'><strong>semper</strong></span> <span class='ocrx_word' id='word_1_812' title='bbox 2642 5097 2993 5154; x_wconf 89' lang='lat' dir='ltr'><strong>obumbrare</strong></span> <span class='ocrx_word' id='word_1_813' title='bbox 3022 5094 3346 5159; x_wconf 89' lang='lat' dir='ltr'><strong>veritatem,</strong></span> <span class='ocrx_word' id='word_1_814' title='bbox 3369 5093 3426 5145; x_wconf 89' lang='lat' dir='ltr'><strong>et</strong></span> <span class='ocrx_word' id='word_1_815' title='bbox 3456 5101 3592 5142; x_wconf 91' lang='lat' dir='ltr'><strong>suo-</strong></span> 
     </span>
    </p>
   </div>
   <div class='ocr_carea' id='block_1_108' title="bbox 1952 5178 3588 5260">
    <p class='ocr_par' dir='ltr' id='par_1_108' title="bbox 1952 5178 3588 5260">
     <span class='ocr_line' id='line_1_109' title="bbox 1952 5178 3588 5260; baseline -0.015 -10"><span class='ocrx_word' id='word_1_816' title='bbox 1952 5210 2084 5250; x_wconf 87' lang='lat' dir='ltr'><strong>rum</strong></span> <span class='ocrx_word' id='word_1_817' title='bbox 2108 5191 2354 5247; x_wconf 80' lang='lat' dir='ltr'><strong>ﬂexibus</strong></span> <span class='ocrx_word' id='word_1_818' title='bbox 2384 5189 2659 5260; x_wconf 85' lang='lat' dir='ltr'><strong>lapsuum</strong></span> <span class='ocrx_word' id='word_1_819' title='bbox 2695 5186 3042 5254; x_wconf 87' lang='lat' dir='ltr'><strong>involutam,</strong></span> <span class='ocrx_word' id='word_1_820' title='bbox 3068 5181 3237 5256; x_wconf 90' lang='lat' dir='ltr'><strong>quasi</strong></span> <span class='ocrx_word' id='word_1_821' title='bbox 3268 5195 3340 5235; x_wconf 90' lang='lat' dir='ltr'><strong>ne</strong></span> <span class='ocrx_word' id='word_1_822' title='bbox 3389 5178 3588 5242; x_wconf 81' lang='lat' dir='ltr'><strong>exstet,</strong></span> 
     </span>
    </p>
   </div>
   <div class='ocr_carea' id='block_1_109' title="bbox 1953 5262 3590 5352">
    <p class='ocr_par' dir='ltr' id='par_1_109' title="bbox 1953 5262 3590 5352">
     <span class='ocr_line' id='line_1_110' title="bbox 1953 5262 3590 5352; baseline -0.015 -13"><span class='ocrx_word' id='word_1_823' title='bbox 1953 5285 2220 5352; x_wconf 88' lang='lat' dir='ltr'><strong>obruere,</strong></span> <span class='ocrx_word' id='word_1_824' title='bbox 2278 5277 2579 5336; x_wconf 88' lang='lat' dir='ltr'><strong>commisis</strong></span> <span class='ocrx_word' id='word_1_825' title='bbox 2629 5276 2882 5333; x_wconf 86' lang='lat' dir='ltr'><strong>invicem</strong></span> <span class='ocrx_word' id='word_1_826' title='bbox 2943 5273 3210 5330; x_wconf 89' lang='lat' dir='ltr'><strong>videlicet</strong></span> <span class='ocrx_word' id='word_1_827' title='bbox 3282 5284 3347 5322; x_wconf 90' lang='lat' dir='ltr'><strong>ac</strong></span> <span class='ocrx_word' id='word_1_828' title='bbox 3391 5262 3590 5335; x_wconf 86' lang='lat' dir='ltr'><strong>jacula</strong></span> 
     </span>
    </p>
   </div>
   <div class='ocr_carea' id='block_1_110' title="bbox 1953 5355 3587 5437">
    <p class='ocr_par' dir='ltr' id='par_1_110' title="bbox 1953 5355 3587 5437">
     <span class='ocr_line' id='line_1_111' title="bbox 1953 5355 3587 5437; baseline -0.017 -5"><span class='ocrx_word' id='word_1_829' title='bbox 1953 5379 2156 5432; x_wconf 90' lang='lat' dir='ltr'><strong>contra</strong></span> <span class='ocrx_word' id='word_1_830' title='bbox 2185 5370 2398 5427; x_wconf 88' lang='lat' dir='ltr'><strong>infesta</strong></span> <span class='ocrx_word' id='word_1_831' title='bbox 2428 5367 2813 5437; x_wconf 86' lang='lat' dir='ltr'><strong>minantibus,</strong></span> <span class='ocrx_word' id='word_1_832' title='bbox 2846 5372 2909 5423; x_wconf 89' lang='lat' dir='ltr'><strong>ut</strong></span> <span class='ocrx_word' id='word_1_833' title='bbox 2939 5365 3117 5421; x_wconf 74' lang='lat' dir='ltr'><strong>Graeci</strong></span> <span class='ocrx_word' id='word_1_834' title='bbox 3140 5361 3326 5424; x_wconf 89' lang='lat' dir='ltr'><strong>aiunt,</strong></span> <span class='ocrx_word' id='word_1_835' title='bbox 3365 5355 3587 5409; x_wconf 83' lang='lat' dir='ltr'><strong>Mercu-</strong></span> 
     </span>
    </p>
   </div>
   <div class='ocr_carea' id='block_1_111' title="bbox 1953 5439 3584 5528">
    <p class='ocr_par' dir='ltr' id='par_1_111' title="bbox 1953 5439 3584 5528">
     <span class='ocr_line' id='line_1_112' title="bbox 1953 5439 3584 5528; baseline -0.018 -5"><span class='ocrx_word' id='word_1_836' title='bbox 1953 5466 2040 5522; x_wconf 90' lang='lat' dir='ltr'><strong>rio</strong></span> <span class='ocrx_word' id='word_1_837' title='bbox 2100 5468 2157 5520; x_wconf 87' lang='lat' dir='ltr'><strong>et</strong></span> <span class='ocrx_word' id='word_1_838' title='bbox 2187 5464 2422 5528; x_wconf 87' lang='lat' dir='ltr'><strong>Latona,</strong></span> <span class='ocrx_word' id='word_1_839' title='bbox 2477 5463 2581 5515; x_wconf 89' lang='lat' dir='ltr'><strong>aut</strong></span> <span class='ocrx_word' id='word_1_840' title='bbox 2625 5459 2726 5514; x_wconf 86' lang='lat' dir='ltr'><strong>illo</strong></span> <span class='ocrx_word' id='word_1_841' title='bbox 2759 5457 2946 5528; x_wconf 84' lang='lat' dir='ltr'><strong>potius</strong></span> <span class='ocrx_word' id='word_1_842' title='bbox 2980 5455 3158 5525; x_wconf 89' lang='lat' dir='ltr'><strong>hujus</strong></span> <span class='ocrx_word' id='word_1_843' title='bbox 3189 5453 3341 5504; x_wconf 89' lang='lat' dir='ltr'><strong>artes</strong></span> <span class='ocrx_word' id='word_1_844' title='bbox 3373 5460 3439 5499; x_wconf 90' lang='lat' dir='ltr'><strong>ac</strong></span> <span class='ocrx_word' id='word_1_845' title='bbox 3467 5439 3584 5494; x_wconf 91' lang='lat' dir='ltr'><strong>vim</strong></span> 
     </span>
    </p>
   </div>
   <div class='ocr_carea' id='block_1_112' title="bbox 1952 5531 3586 5628">
    <p class='ocr_par' dir='ltr' id='par_1_112' title="bbox 1952 5531 3586 5628">
     <span class='ocr_line' id='line_1_113' title="bbox 1952 5531 3586 5628; baseline -0.017 -18"><span class='ocrx_word' id='word_1_846' title='bbox 1952 5555 2347 5628; x_wconf 70' lang='lat' dir='ltr'><strong>praevertente,</strong></span> <span class='ocrx_word' id='word_1_847' title='bbox 2381 5565 2444 5604; x_wconf 88' lang='lat' dir='ltr'><strong>ac</strong></span> <span class='ocrx_word' id='word_1_848' title='bbox 2477 5549 2642 5620; x_wconf 87' lang='lat' dir='ltr'><strong>quasi</strong></span> <span class='ocrx_word' id='word_1_849' title='bbox 2680 5545 3012 5602; x_wconf 89' lang='lat' dir='ltr'><strong>machinam</strong></span> <span class='ocrx_word' id='word_1_850' title='bbox 3045 5538 3369 5610; x_wconf 84' lang='lat' dir='ltr'><strong>rumpente.</strong></span> <span class='ocrx_word' id='word_1_851' title='bbox 3398 5531 3586 5628; x_wconf 75' lang='lat' dir='ltr'><strong>Quare</strong></span> 
     </span>
    </p>
   </div>
   <div class='ocr_carea' id='block_1_113' title="bbox 1953 5617 3586 5712">
    <p class='ocr_par' dir='ltr' id='par_1_113' title="bbox 1953 5617 3586 5712">
     <span class='ocr_line' id='line_1_114' title="bbox 1953 5617 3586 5712; baseline -0.018 -11"><span class='ocrx_word' id='word_1_852' title='bbox 1953 5617 2082 5700; x_wconf 74' lang='lat' dir='ltr'><strong>acta</strong></span> <span class='ocrx_word' id='word_1_853' title='bbox 2111 5643 2238 5712; x_wconf 89' lang='lat' dir='ltr'><strong>ejus</strong></span> <span class='ocrx_word' id='word_1_854' title='bbox 2269 5617 3192 5708; x_wconf 80' lang='lat' dir='ltr'><strong>temporisindictaintentataque</strong></span> <span class='ocrx_word' id='word_1_855' title='bbox 3216 5623 3382 5678; x_wconf 89' lang='lat' dir='ltr'><strong>nobis</strong></span> <span class='ocrx_word' id='word_1_856' title='bbox 3411 5617 3586 5712; x_wconf 2' lang='lat' dir='ltr'><strong>relinq-</strong></span> 
     </span>
    </p>
   </div>
   <div class='ocr_carea' id='block_1_114' title="bbox 1955 5710 3568 5806">
    <p class='ocr_par' dir='ltr' id='par_1_114' title="bbox 1955 5710 3568 5806">
     <span class='ocr_line' id='line_1_115' title="bbox 1955 5710 3568 5806; baseline -0.015 -18"><span class='ocrx_word' id='word_1_857' title='bbox 1955 5710 2233 5806; x_wconf 84' lang='lat' dir='ltr'><strong>quantur,</strong></span> <span class='ocrx_word' id='word_1_858' title='bbox 2267 5727 2468 5796; x_wconf 87' lang='lat' dir='ltr'><strong>utique</strong></span> <span class='ocrx_word' id='word_1_859' title='bbox 2497 5725 2567 5778; x_wconf 88' lang='lat' dir='ltr'><strong>ad</strong></span> <span class='ocrx_word' id='word_1_860' title='bbox 2604 5739 2716 5778; x_wconf 90' lang='lat' dir='ltr'><strong>rem</strong></span> <span class='ocrx_word' id='word_1_861' title='bbox 2750 5736 2924 5792; x_wconf 83' lang='lat' dir='ltr'><strong>quam</strong></span> <span class='ocrx_word' id='word_1_862' title='bbox 2968 5716 3200 5788; x_wconf 88' lang='lat' dir='ltr'><strong>agimus</strong></span> <span class='ocrx_word' id='word_1_863' title='bbox 3249 5728 3362 5767; x_wconf 90' lang='lat' dir='ltr'><strong>non</strong></span> <span class='ocrx_word' id='word_1_864' title='bbox 3416 5710 3568 5783; x_wconf 89' lang='lat' dir='ltr'><strong>perti</strong></span> 
     </span>
    </p>
   </div>
  </div>
