3944 6202
353 389 460 444 447
1647 389 1910 448 GEORG]

2139 389 2455 445 BYMERE
3610 393 3696 448 448

353 513 444 566 τὸν
481 511 652 572 οὕτως
685 509 840 584 ἔχον,
873 507 1017 565 ἀλλά
1037 513 1208 583 παρὸν
1255 514 1349 584 μὲν
1380 513 1469 567 καὶ
1503 514 1576 574 ὠς
1608 512 1778 587 ἐχρην
1806 507 1998 565 τελού-
2029 513 2082 580 Α
2111 512 2565 580 κατακτήσασθαι,
2625 515 2704 582 τῷ
2753 507 2811 564 δὲ
2857 515 2956 579 τῆς
2990 508 3262 580 θαλάττης
3311 509 3449 584 μέρει
3487 513 3584 588 οὐχ
3609 518 3697 576 οἷο(

358 620 514 674 μενον
539 598 857 675 ἀσφαλείας,
893 599 1029 653 ἀπὸν
1061 599 1116 655 δὲ
1147 603 1238 655 καὶ
1291 603 1366 664 ὡς
1399 601 1495 656 οὐκ
1545 601 1714 677 ἐχρῆν
1746 598 2000 675 παρορώ⁹
2112 600 2158 652 τ’
2209 600 2343 667 ἦσαν
2379 601 2688 674 χρήσασθαι
2722 599 3048 674 ὀχυρώματι
3077 600 3336 673 πρότερον
3365 601 3396 668 ἢ
3440 599 3552 663 τοὺς
3584 605 3695 659 Ἰτα.

359 709 515 761 μενον
543 694 643 756 τῆς
672 687 952 760 παρούσης
982 690 1317 764 συγχύσεως.
2107 687 2238 750 λοῦς
2271 682 2543 758 ἐκϐαλεῖν,
2578 685 2666 742 διὰ
2695 691 2857 742 τοῦτο
2887 685 3055 742 πλέον
3097 688 3192 759 μὲν
3241 685 3536 743 ἐσπένδοντο
3585 695 3696 765 [Ξέρ-

2108 797 2224 838 σαις
2283 778 2372 832 καὶ
2431 778 2723 852 ἀνακωχήν
2795 773 3004 830 ἐδίδουν
3059 781 3138 848 τῷ
3194 774 3419 849 πολέμῳ
3471 783 3541 850 τῷ
3586 783 3696 854 πρὸς

2107 865 2368 937 ἐκείνους,
2419 866 2632 937 ἐτήσιον
2663 865 2824 928 τέλος
2871 866 3136 936 τάξαντες,
3196 867 3224 920 ὃ
3281 863 3344 934 δὴ
3390 867 3472 920 καὶ
3523 866 3696 924 ἐδίδουν

423 953 653 1006 Ἐκεῖνοι
708 955 886 1008 τοίνυν
951 953 1098 1009 δυοῖν
1159 958 1322 1028 μέσον
1383 956 1602 1031 ἐχθροῖν
1666 955 2000 1026 ἐναπειλημ-
2108 955 2238 1030 οὐχὶ
2293 956 2506 1028 μικρὸν,
2564 960 2679 1015 τοῖς
2738 952 2782 1008 δ’
2826 956 3061 1016 Ἰταλοῖς
3093 953 3249 1016 ὅλαις
3279 954 3487 1029 ἐπεῖχον
3513 959 3694 1032 ὁρμαῖς.

355 1041 528 1113 μένοι,
589 1041 638 1114 ἐξ
691 1042 765 1097 ἓω
829 1045 920 1116 μὲν
979 1046 1224 1120 Περσῶν,
1276 1045 1333 1100 ἐκ
1365 1044 1564 1107 δύσεως
1605 1043 1649 1100 δ’
1683 1044 1887 1100 Ιταλῶν
1938 1043 2000 1097 οὐ
2109 1050 2344 1119 Συχνοῖς
2377 1042 2435 1098 δὲ
2480 1044 2668 1104 πόνοις
2693 1043 2782 1097 καὶ
2833 1042 3292 1118 ἀκαταγωνίστοις
3321 1041 3566 1117 πολέμοις
3608 1045 3694 1100 ἐνι-

354 1133 518 1202 μόνον
576 1132 638 1184 τὸ
698 1132 834 1207 πρὸς
889 1137 957 1206 τῇ
1020 1133 1262 1207 θαλάσσῃ
1323 1133 1468 1190 ἀλλά
1515 1136 1602 1189 καὶ
1633 1135 1694 1188 τὸ
1726 1135 2000 1188 ἀνώτατον
2109 1131 2354 1204 δροῦντες
2402 1133 2637 1195 ἐκείνους
2693 1135 2788 1206 μὲν
2840 1133 3083 1205 ἐξῶσαν,
3133 1132 3224 1187 καὶ
3280 1134 3452 1188 ναυσὶν
3508 1133 3696 1196 οἰκείαις

347 1219 769 1293 κατασχόντων,
829 1221 916 1275 καὶ
976 1222 1050 1283 εἷς
1112 1224 1291 1278 στενὸν
1350 1221 1558 1296 κομιδῆ
1614 1222 1998 1296 ἀμφοτέρωθεν
2106 1221 2436 1292 παραπλέειν
2470 1223 2879 1296 παρεσχηκότες
2923 1223 3020 1290 τὴν
3073 1221 3340 1285 θάλασσαν
3391 1223 3560 1290 ἱκανήν
3605 1228 3698 1284 τοῖς

347 1309 704 1370 καταστάντες
764 1311 837 1372 ὡς
910 1310 1039 1381 μηδ’
1097 1311 1396 1388 ἐλευθέρως
1461 1313 1714 1366 ἀναπνεῖν
1794 1312 1996 1382 ἐᾶσθαι,
2105 1309 2278 1366 ἐκεῖσε
2335 1315 2442 1365 τῶν
2513 1308 2800 1384 Ῥωμαίων
2863 1309 3102 1365 οίκοῦσιν
3163 1307 3372 1365 ἐδίδουν
3426 1309 3698 1387 ἀσφάλειαν,

345 1399 415 1468 τῇ
448 1398 540 1469 μὲν
594 1397 860 1454 Ἰταλικὸν
893 1396 1116 1474 ἔχοντες
1165 1402 1519 1476 συμμαχικὸν
1575 1401 1803 1475 ἐπῄεσαν
1863 1401 2001 1475 Πέρ-
2107 1399 2221 1454 εἶτα
2275 1404 2422 1454 νῶτα
2453 1400 2775 1473 στρέψαντες
2803 1399 3035 1453 ἑκόντων
3088 1398 3328 1453 ἀκόντων
3359 1401 3557 1474 Ηερσῶν
3603 1405 3697 1459 τοῖς

349 1505 486 1554 σαις,
534 1490 602 1558 τῇ
636 1484 692 1540 δὲ
726 1489 988 1552 Σκυθικὸν
1019 1486 1460 1564 προσλαϐόμενοι
1492 1489 1613 1564 ἄρτι
1669 1476 1791 1545 τότε
1839 1491 1996 1568 φανέν
2108 1483 2285 1562 ὄρεσιν
2315 1483 2667 1559 ἐπεϐάλοντο,
2702 1493 2924 1563 συχνοῖς
2953 1485 3009 1542 δὶ
3045 1492 3166 1548 τοῖς
3212 1488 3539 1562 πανταχόθεν
3581 1487 3702 1541 ἐποί-

346 1594 405 1626 τε
459 1574 546 1627 καὶ
604 1575 949 1653 προσληφθέν
1010 1579 1251 1642 ἀνώθουν
1305 1579 1431 1641 τοὺς
1487 1578 1749 1640 Ἰταλούς.
1787 1580 1999 1641 Σκοπὸς
2104 1597 2221 1638 κοις
2249 1576 2338 1631 καὶ
2372 1576 2624 1651 ἰσχυροῖς
2652 1575 3191 1653 κατασφαλισάμενοι
3232 1574 3431 1651 ἐρυμνά
3456 1576 3598 1651 τείχη
3627 1573 3698 1629 καὶ

351 1659 395 1715 δ’
453 1663 520 1731 ἦν
575 1661 798 1726 ἐκείνοις
845 1665 1106 1744 ἀσφαλέσι
1154 1669 1214 1722 τὸ
1279 1669 1438 1740 μέσον
1496 1673 1858 1743 κατοχυροῦν.
1899 1669 1998 1723 Καὶ
2109 1669 2221 1720 οἷον
2283 1663 2770 1742 δυσεπιχειρήτους
2836 1664 3090 1739 θριγκοὺς
3145 1668 3213 1738 τῇ
3255 1662 3514 1736 Ῥωμαῖδι
3564 1668 3700 1718 ταῦτα

346 1751 409 1803 τὸ
468 1751 560 1822 μὲν
622 1752 758 1826 πρὸς
807 1750 1072 1807 θάλασσαν
1107 1753 1205 1810 οὐκ
1235 1757 1382 1830 εἶχον
1421 1756 1744 1831 ὀχυρώματι
1777 1755 1932 1828 ἄλλῳ
1961 1755 1996 1825 ἢ
2103 1755 2454 1824 κατέστησαν.

349 1835 593 1945 θαλάσση
642 1840 1134 1952 κατασξαλίςξσθκαι
1157 1863 1168 1875 ⁹
1233 1841 1357 1950 οὖξὶ
1416 1847 1518 1920 γὰρ
1568 1846 1659 1914 ἧνν
1710 1844 1996 1952 ,θαλασσοτ
2029 1887 2075 1952 Β
2106 1859 2168 1919 δ’.
2200 1864 2388 1923 "Ome;
2417 1867 2523 1916 τῶν
2554 1861 2605 1915 ἐν
2633 1866 2751 1923 ταῖς
2780 1858 2968 1935 ἄκραις
3009 1859 3370 1934 ἐπεμελοῦντο
3403 1857 3591 1935 ἀνδρῶν
3629 1859 3702 1912 καὶ

347 1927 690 2000 κρατούντων
769 1933 876 1983 τῶν
959 1930 1184 1986 Ἰταλῶν
1241 1933 1331 1987 καὶ
1380 1932 1863 2008 προσκατεχόντων
1932 1927 2075 1988 td”
2752 1927 3103 2007 πραγμάτων.

348 2014 559 2088 πρόσω,
619 2017 878 2093 ἀσφαλῶς
933 2019 994 2074 τὸ
1055 2019 1249 2075 λοιπὸν
1311 2019 1530 2092 διάξειν·
1579 2023 1642 2078 τὸ
1675 2020 1731 2077 δὲ
1758 2024 1896 2097 πρὸς
1925 2020 1996 2077 ἕω
2177 2024 2256 2093 οὐ
2293 2024 2399 2095 μὴν
2435 2021 2492 2077 δὲ
2539 2021 2628 2076 καὶ
2661 2023 2745 2095 [Ρ.
2778 2024 2835 2095 7]
2879 2018 3262 2093 ἀτημελήτους
3317 2021 3439 2084 τοὺς
3465 2020 3584 2094 πρὸς
3608 2023 3704 2077 τοῖς

352 2103 589 2179 ὀχυροῦν
637 2106 787 2181 εἶχον
841 2108 1098 2181 ἐρυμνοῖς
1151 2131 1208 2164 τε
1266 2113 1356 2164 καὶ
1407 2107 1693 2174 δυσϐάτοις
1726 2113 1919 2179 ὁρέων,
1954 2111 2000 2166 εἴ
2108 2109 2283 2184 ὄρεσιν
2345 2111 2628 2172 οἰκοῦντας
2681 2109 2829 2179 εἷ’ων,
2871 2111 2946 2173 ὡς
2994 2107 3248 2182 ἑτοίμους
3309 2107 3708 2183 μεταναστάντας,

347 2188 703 2266 προλάϐοιεν.
756 2195 858 2250 Καὶ
910 2195 1000 2250 διά
1040 2199 1206 2253 ταῦτα
1235 2197 1349 2253 ἐπεὶ
1383 2203 1481 2254 οῦκ
1511 2201 1658 2275 εἶχον
1701 2202 1814 2272 ἅμα
1861 2202 1996 2276 πρὸς
2108 2198 2161 2254 εἶ’
2210 2221 2318 2253 που
2378 2198 2634 2274 ἀμηγέπη
2695 2199 2769 2260 ὡς
2827 2197 3060 2253 ἐναντίοι
3118 2193 3518 2272 προσϐάλοιεν,
3571 2192 3710 2267 μηδὶν

348 2279 572 2352 ἑκάτερα
606 2284 897 2358 μάχεσθαι,
929 2286 1019 2340 καὶ
1055 2286 1135 2341 ὅτι
1183 2289 1248 2341 τά
1283 2289 1376 2359 μὲν
1403 2289 1541 2363 πρὸς
1586 2287 1660 2344 ’ἐω
1692 2285 1792 2365 ὄρη
1831 2288 1996 2365 μέχρι
2108 2289 2337 2365 ἔχοντας
2392 2289 2455 2344 τὸ
2487 2291 2672 2344 πεῖθον
2734 2289 2908 2361 μένειν
2959 2288 3048 2343 καὶ
3100 2288 3247 2362 παρά
3298 2285 3536 2360 δύναμιν,
3566 2285 3710 2341 εἴποι

345 2367 565 2424 πολλοῦ
606 2371 874 2446 ἀνέχοντα
915 2376 1004 2428 καὶ
1052 2375 1115 2428 τὸ
1160 2375 1396 2453 ἀσφαλὲς
1441 2384 1818 2452 κατεγγυῶντα
1863 2381 1997 2435 Ῥω-
2107 2380 2381 2453 παρείκοι,
2437 2379 2572 2454 πρὸς
2627 2377 2806 2433 ἐκεῖνα
2860 2375 3236 2452 ἀνδρίζεσθαι·
3300 2376 3426 2432 ἀλλ’
3480 2373 3708 2433 ἀτελείαις

346 2458 553 2529 μαίοις,
607 2460 836 2534 Πέρσαις
881 2458 958 2530 δὲ,
993 2463 1066 2524 ὡς
1100 2463 1290 2533 εἰπεῖν,
1341 2465 1711 2538 ἀμελούμενα,
1762 2465 1997 2542 προσδο-
2111 2469 2206 2540 μὶν
2235 2468 2364 2530 τοὺς
2395 2467 2620 2537 πάντας,
2678 2467 2961 2540 προνοίαις
3013 2463 3057 2520 δ’
3091 2465 3150 2521 ἐκ
3171 2465 3382 2521 τούτων
3407 2463 3527 2526 τοὺς
3554 2459 3708 2518 ἐπιδο-

339 2546 462 2599 κίαν
515 2553 775 2622 παρεῖχεν
810 2551 998 2612 αὐτοῖς
1024 2559 1315 2628 κατασχεῖν
1361 2554 1643 2609 κάντεῦθεν
1704 2554 1999 2632 ἀσφάλειαν
2107 2557 2380 2633 ξοτέρους,
2426 2556 2516 2611 καὶ
2567 2557 2649 2618 οἷς
2696 2554 2940 2628 τολμῆεν
2987 2556 3049 2610 τὸ
3098 2553 3380 2630 φρόνημα,
3427 2554 3704 2629 γράμμασιν

493 832 558 902 γ’.
591 831 780 892 "Once:
810 832 860 884 οἱ
893 831 1122 886 παλαιοὶ
1155 832 1510 908 κατωχύρουν
1542 833 1636 893 τὰς
1669 830 1858 906 ἄκρας.

343 2763 562 2820 nentia.
616 2763 806 2820 Unum
838 2782 906 2821 ex
951 2765 1052 2822 illa
1085 2771 1314 2826 tantum
1362 2770 1652 2841 praeterita
1704 2771 1987 2829 memoria
2095 2774 2282 2839 Quare
2305 2789 2435 2828 cum
2466 2788 2634 2844 pares
2666 2788 2781 2827 non
2811 2775 3010 2828 essent
3039 2770 3196 2826 binis
3225 2787 3256 2827 e
3289 2771 3511 2826 diversa
3548 2767 3706 2838 parte-

251 2873 258 2880 ν
339 2853 761 2908 resumendum
784 2853 878 2909 hic
902 2855 1071 2912 nobis
1103 2873 1216 2912 non
1250 2857 1554 2925 inutiliter,
1590 2859 1648 2914 ni
1682 2859 1982 2930 fallor,est,
2097 2863 2462 2918 sustinendis
2488 2861 2780 2926 hostibus,
2815 2865 2880 2916 ut
2911 2859 3118 2916 saltem
3149 2859 3387 2916 interim
3410 2875 3518 2931 pax
3545 2873 3575 2911 a
3600 2859 3712 2908 Per-

339 2945 644 3012 propterea
681 2944 831 3012 quod
867 2941 965 2999 ille
995 2944 1112 3000 tale
1154 2951 1263 3016 est,
1294 2945 1388 3002 cui
1421 2947 1529 3004 soli
1580 2948 1823 3020 quidam
1884 2949 1984 3004 ad-
2097 2949 2180 3006 sis
2211 2954 2383 3019 esset,
2416 2950 2650 3005 arcibus
2707 2965 2807 3005 eos
2866 2950 3001 3004 inde
3043 2948 3450 3021 praesidiisque
3497 2940 3707 3015 objectis

339 3031 1988 3110 scribendamputantetsecuritatemtranquilitatemque
2100 3055 2468 3095 summovere
2517 3039 2921 3095 decreverunt.
2973 3038 3087 3094 Nec
3145 3038 3327 3095 nimis
3388 3032 3612 3093 difﬁcile
3659 3029 3704 3084 id

345 3135 470 3190 qua:
497 3125 638 3175 tunc
671 3120 1014 3190 fuitrerum,
1041 3129 1097 3178 et
1127 3126 1562 3195 perversionem
1599 3144 1664 3182 ac
1696 3127 1992 3182 conl‘usio-
2100 3129 2232 3195 fuit,
2275 3129 2424 3199 quod
2483 3132 2540 3184 et
2585 3127 2798 3199 longus
2856 3126 2937 3182 ibi
2968 3130 3191 3182 tractus
3235 3131 3364 3182 erat
3408 3133 3712 3196 asperorum

339 3224 471 3264 nem
489 3226 614 3280 quae
630 3213 1396 3279 nunccernitur,unacausa
1413 3216 1990 3272 contrarioseil'ectus
2032 3280 2062 3287 _
2102 3218 2415 3283 montium,
2449 3221 2506 3272 et
2535 3217 2800 3272 custodia
2830 3216 3202 3287 vallium,per
3221 3231 3374 3287 quas
3390 3209 3713 3275 arctus,erat

337 3313 452 3350 non
477 3298 678 3352 eodem
713 3302 870 3353 statu
904 3317 969 3355 ac
994 3303 1166 3357 modo
1196 3305 1677 3372 producenle,sed
1698 3306 1974 3378 tranquil
2021 3280 2062 3347 C
2101 3280 2414 3375 transitus,
2447 3308 2627 3362 ferme
2647 3280 3126 3362 abOrientalibus
3147 3280 3260 3360 alio
3293 3303 3534 3362 intentis
3560 3296 3716 3369 negli-

331 3383 558 3438 litatem
592 3385 829 3453 quidem
852 3394 1130 3457 operante
1165 3393 1355 3458 quoad
1388 3397 1597 3463 praesto
1623 3395 1732 3448 fuit
1764 3399 1820 3448 et
1844 3412 1992 3465 prae-
2097 3397 2364 3469 gebatur.
2403 3395 2589 3451 Dilato
2618 3412 2752 3468 ergo
2775 3394 3016 3450 consilio
3042 3395 3351 3450 muniendi
3376 3389 3583 3464 Oppida
3606 3401 3713 3440 ma-

338 3489 474 3528 scns
503 3471 767 3526 adhibita
795 3479 902 3544 est,
966 3484 1276 3546 postquam
1329 3497 1459 3535 vero
1507 3483 1685 3553 (quod
1747 3484 1992 3539 minime
2096 3485 2293 3540 ritima
2325 3485 2378 3538 in
2412 3485 2467 3539 id
2501 3489 2735 3554 tempus
2777 3500 2892 3555 quo
2924 3482 3098 3539 Italos
3157 3480 3484 3538 continenti
3529 3478 3716 3547 ejectos

339 3559 623 3630 oportuit)
655 3560 917 3631 neglecta
942 3564 1144 3618 eadem
1178 3566 1514 3640 omissaque
1547 3575 1655 3637 est,
1687 3573 1989 3642 perturba-
2095 3573 2268 3645 longe
2298 3575 2754 3636 submovissent,
2785 3571 2843 3627 in
2868 3589 2981 3643 quo
3008 3580 3142 3626 tunc
3178 3570 3554 3642 potissimum
3575 3562 3716 3620 labo-

341 3649 559 3704 tionem
593 3647 908 3706 inducente
939 3669 1058 3724 qua
1089 3670 1246 3710 nunc
1278 3655 1596 3714 laboratur.
2095 3666 2354 3726 rabatur.
2386 3663 2641 3735 quietem
2672 3662 2894 3718 interea
2925 3663 3300 3718 redemerunt
3323 3679 3358 3716 a
3387 3657 3574 3715 Persis
3604 3667 3718 3726 pac-

2093 3751 2252 3808 tione
2282 3751 2484 3806 tributi
2518 3751 2722 3817 annui,
2759 3751 2907 3822 quod
2941 3749 3088 3821 ipsis
3118 3766 3232 3805 non
3268 3748 3563 3804 modicum
3596 3755 3717 3813 pen-

2095 3844 2347 3899 debant:
2409 3842 2613 3913 sicque
2664 3847 2784 3898 toto
2834 3839 3006 3896 Italos
3061 3841 3278 3911 impetu
3325 3838 3587 3904 ruerunt,
3610 3845 3720 3886 cre—

409 3912 497 3968 Illi
517 3930 653 3986 ergo
685 3915 903 3989 duplici
930 3919 1204 3991 utrinque
1229 3923 1448 3981 obsessi
1473 3942 1681 3998 genere
1709 3927 1986 3996 hostium,
2095 3931 2334 4002 brisque
2362 3912 2664 3987 laboribus
2699 3946 2764 3985 ac
2795 3928 2963 3985 bellis
3003 3928 3376 3984 difficillimis
3397 3924 3716 3982 insudantes

341 4003 538 4060 Persis
564 4004 800 4076 quidem
835 4007 906 4062 ab
929 4009 1180 4082 Oriente,
1241 4014 1314 4068 ab
1369 4015 1589 4072 Occasu
1642 4018 1822 4085 Italis,
1874 4037 1987 4074 non
2095 4037 2193 4076 eos
2238 4021 2474 4075 tandem
2526 4019 2803 4090 expulsos
2853 4019 3105 4090 propriis
3153 4018 3254 4072 10
3306 4016 3558 4072 navibus
3582 4016 3722 4065 trans

340 4109 498 4149 oram
538 4096 704 4150 modo
729 4098 1106 4167 maritimam,
1135 4103 1232 4158 sed
1268 4113 1319 4159 et
1345 4107 1646 4176 superiora
1673 4109 1770 4164 lli
1813 4125 1951 4164 occu
1971 4141 1988 4150 -
2097 4126 2255 4164 mare
2289 4109 2910 4178 deportarunt,magna
2942 4106 3024 4161 sic
3047 4105 3313 4160 stabilita
3343 4099 3723 4173 tranquililalc

336 4181 638 4252 pentibus,
662 4187 720 4238 et
745 4184 914 4241 valde
945 4187 1004 4242 in
1034 4197 1355 4261 angustum
1411 4199 1796 4268 undecunque
1852 4214 1985 4252 con-
2097 4197 2379 4253 Romanis
2409 4195 2527 4251 illic
2574 4197 2943 4268 degentibus.
2999 4196 3138 4250 Inde
3183 4214 3214 4249 a
3264 4194 3485 4258 Persis,
3531 4188 3726 4245 vellent

335 4269 508 4358 trusi,
533 4270 623 4324 vix
659 4276 721 4325 ut
754 4272 931 4329 libere
965 4279 1250 4348 respirare
1274 4283 1628 4355 sinerentur,
1670 4287 1988 4358 aliquando
2095 4286 2320 4342 nollent
2354 4285 2711 4354 deﬁcientes,
2754 4285 3208 4340 muniendorum
3254 4282 3552 4339 montium
3603 4289 3723 4331 cum

338 4357 577 4446 quidem
613 4358 703 4414 usi
735 4361 1124 4423 auxiliaribus
1159 4369 1319 4427 Italis
1337 4376 1543 4429 Persas
1565 4357 1988 4444 Tincursabant,
2096 4380 2414 4446 resumpta,
2477 4373 2676 4430 multis
2708 4379 2764 4430 et
2809 4372 3068 4428 robustis
3097 4372 3362 4444 undique
3415 4361 3723 4426 convocatis

339 4445 956 4536 aliquandoScythicis
980 4455 1164 4526 adjuti
1200 4460 1402 4529 armis,
1436 4478 1560 4532 quea
1589 4480 1705 4518 non
1763 4463 1846 4520 ita
1870 4468 1988 4536 pri-
2096 4465 2542 4529 advenis,sedes
2573 4464 2630 4519 in
2665 4464 2736 4520 iis
2770 4463 3010 4520 stabiles
3043 4464 3453 4534 assignarunt,
3504 4457 3721 4514 iisdem-

338 4535 472 4624 dem
506 4553 784 4608 apparere
817 4539 875 4596 in
940 4542 1032 4599 his
1077 4546 1342 4616 partibus
1387 4554 1443 4605 et
1489 4553 1768 4608 societate
1819 4535 1988 4610 nobis
2098 4571 2211 4624 que
2241 4553 2654 4609 custodiendas
2684 4549 3723 4616 commiseruntmunitissimas,quaS

322 4623 497 4713 jungi
520 4640 768 4713 coepere,
807 4631 1378 4701 repellebantltalos.
1406 4639 1521 4695 Hoc
1549 4647 1742 4697 autem
1775 4642 1873 4698 ini

2162 4648 2470 4699 ,truxerant
2517 4658 2689 4713 Opere
2766 4641 3151 4709 solidissima,
3201 4657 3266 4696 ac
3332 4640 3458 4694 fere
3494 4637 3719 4703 inexpu-

332 4711 787 4804 difﬁcultatibus
804 4719 1176 4788 potissimum
1192 4727 1554 4799 spectabant,
1585 4732 1817 4804 utquod
1844 4731 1979 4788 hinc
2089 4731 2353 4802 gnabiles
2384 4711 2573 4787 arces.—
2600 4733 2723 4796 Quo
2758 4730 2928 4786 modo
2961 4729 3362 4786 Romanorum
3399 4743 3495 4782 res
3521 4721 3724 4794 optimo

333 4803 512 4872 atque
541 4801 678 4858 inde
701 4806 961 4891 medium
996 4811 1146 4867 inter
1177 4813 1338 4886 ipsos
1383 4821 1440 4872 et
1482 4801 1978 4890 hostesvipsorum
2090 4801 2231 4876 sane
2263 4821 2388 4876 loco
2423 4825 2769 4891 posuerunt.

331 4893 478 4996 erat,
504 4890 755 4996 munitis
779 4898 836 4950 et
866 4895 1057 4996 valido
1087 4901 1100 4964 _.'
1107 4901 1377 4996 praesidio
1417 4905 1696 4963 insesssis
1745 4908 1980 4964 arcibus
2251 4928 2302 4981 4,
2333 4928 2396 4984 Ut
2425 4890 2739 4982 ξυναυενέηι
2755 4924 3154 4996 ρναεδίάὶανὶοε
3188 4926 3408 4980 arcium
3440 4931 3493 4977 et
3517 4935 3599 4974 re:

332 4976 688 5068 ﬁrmaretur.
726 4987 808 5037 AO
840 4985 1156 5044 maritimis
1179 4991 1418 5062 quidem
1463 4993 1604 5050 locis
1655 5013 1770 5052 non
1821 4997 1977 5053 aliud
2261 4976 2302 4981 ν
2336 4976 2391 4984 ν
2426 4976 2504 4981 Π-
2527 4976 2634 4982 m"

327 5066 581 5136 adjicere
597 5070 1038 5130 munimentum
1055 5082 1781 5155 potueruntquamipsum
1799 5102 1978 5142 mare:
2161 5092 2446 5143 Caeterum
2481 5087 2626 5142 istos
2657 5086 2740 5141 sic
2771 5066 3028 5155 objectos
3053 5083 3322 5140 hostibus
3375 5087 3436 5137 et
3471 5081 3543 5136 ad
3595 5091 3726 5149 prte—

328 5171 446 5210 non
478 5155 635 5247 enim
670 5157 904 5229 licebat,
939 5163 1380 5224 dominantibus
1405 5172 1550 5226 mari
1583 5171 1742 5228 Italis
1775 5178 1830 5228 et
1850 5192 1980 5246 par-
2091 5175 2494 5245 sens,siPersze
2526 5173 2885 5247 ingruerent,
2942 5171 3283 5228 defectionis
3325 5175 3388 5226 et
3430 5159 3728 5233 transfugii

329 5247 451 5298 tem
483 5245 841 5335 continentis
870 5254 1138 5321 prtesidio
1171 5259 1529 5327 tenentibus,
1563 5259 1644 5314 ita
1672 5245 1980 5317 illumirnu-
2091 5264 2415 5335 periculum
2440 5245 2754 5335 expositos,
2786 5268 2984 5333 utpote
2999 5261 3140 5317 nihil
3172 5261 3464 5316 habentes
3496 5254 3648 5329 quod
3678 5253 3728 5305 in

330 5349 469 5390 nere
500 5333 777 5404 limitem,
813 5344 874 5394 ut
921 5341 1068 5397 nihil
1114 5343 1250 5401 inde
1289 5348 1612 5404 timeretur.
1649 5349 1980 5407 Conﬂnium
2091 5333 2282 5408 iideac
2299 5333 2950 5407 stationeconstentiam
2974 5349 3728 5418 suaderet,haudquaquam

334 5421 721 5513 Orientalium
751 5427 868 5484 alia
898 5436 1108 5487 natura
1137 5438 1280 5490 erat.
1312 5436 1608 5492 Praeteritis
1632 5438 1789 5493 enim
1822 5441 1892 5494 ab
1916 5458 1983 5496 ea
2090 5441 2473 5513 imperatores
2504 5439 2906 5496 necessariain
2938 5439 3040 5494 tali
3063 5437 3318 5509 periculo
3341 5430 3733 5492 destituerunt

331 5516 495 5602 parte
525 5512 661 5602 altis
686 5519 741 5571 et
764 5521 1074 5592 praeruptis
1107 5523 1427 5592 montibus,
1455 5542 1667 5598 magna
1697 5544 1830 5598 spes
1860 5535 1984 5585 erat
2090 5512 2475 5602 providentia,
2509 5529 2611 5584 sed
2647 5527 2794 5585 tales
2816 5529 3134 5584 effecerunt
3163 5525 3388 5599 utipsis
3421 5519 3730 5597 expediret,

329 5598 724 5690 intercluendi
758 5605 1027 5667 hostibus
1057 5613 1364 5684 transitus,
1397 5614 1448 5672 si
1472 5617 1618 5688 juga
1638 5621 1695 5672 et
1720 5623 1981 5690 angustae
2090 5598 2147 5674 et
2197 5618 2437 5674 omnino
2480 5615 2714 5682 vellent,
2761 5617 2934 5674 etiam
2981 5633 3160 5687 supra
3209 5598 3359 5670 vires
3394 5613 3593 5670 Persis
3637 5606 3731 5663 ob-

330 5688 532 5746 fauces
605 5694 1044 5766 subjacentium
1091 5701 1332 5761 vallium
1413 5688 1978 5778 praoccuparentur.
2091 5707 2385 5763 sistere.ld
2408 5707 2917 5779 consequebantur
2946 5706 3120 5778 plena
3149 5703 3534 5760 immunitate
3553 5696 3732 5754 tribu-

550 3791 603 3844 3.
641 3792 702 3848 Ut
733 3809 886 3848 arces
916 3810 950 3848 a
976 3795 1252 3852 veteribus
1281 3800 1518 3857 munitas?
1545 3803 1776 3870 fuerint.
