4034 6200
259 344 369 402 449

1353 343 1446 396 DE
1484 343 1860 398 MICHAELE
1899 344 2345 404 PALEOLOGO
2382 352 2514 406 LIB.
2557 354 2599 404 Ῑ.

3579 358 3682 413 450

265 469 578 544 ἐσωροῦντο
641 465 972 529 Βασιλικοῖς.
1032 463 1134 521 Καὶ
1175 461 1242 534 δὴ
1272 468 1370 520 τοῦ
1400 464 1608 539 χρόνου
1633 465 1922 541 προϊόντος
1952 476 2006 541 Α
2033 468 2331 525 οἷκούντων
2392 474 2822 547 βρενθυομένων,
2855 476 2944 530 καὶ
3004 475 3155 532 οὐδὲν
3190 480 3271 532 ὅτι
3336 480 3411 551 μὴ
3439 479 3682 536 πλούτου

267 556 505 631 ηὔξανον
532 562 653 619 ταῖς
685 554 1046 630 περιουσίαις,
1087 555 1178 609 καὶ
1229 552 1470 615 πλοῦτος
1520 554 1732 631 ἐπέρρει
1784 557 1932 633 σφίσι

268 649 496 724 συχνός.
553 647 686 720 Παρ⁹
717 641 843 698 ὅσον
878 642 926 698 δ’
957 642 1184 705 ἐκείνοις
1221 643 1614 712 ἐνευθηνεῖσθαι
1665 641 1936 717 ξυνὲϐαινε

265 745 386 801 τοῖς
441 738 583 791 κατᾶ
635 735 730 790 τὸν
793 734 934 809 βίον,
988 733 1134 808 παρὰ
1180 737 1440 788 τοσοῦτον
1495 734 1585 788 καὶ
1643 735 1776 808 πρὸς
1806 734 1933 796 τοὺς

267 827 546 886 ἐναντίους
605 823 887 899 ἐθάρρουν,
946 823 1037 876 καὶ
1095 821 1333 883 πολλοῖς
1376 828 1495 884 τοῖς
1548 824 1746 878 ἐκεῖθεν
1781 823 1935 898 ἐτρύ-

271 939 413 994 φων,
441 912 914 988 νυκτολοχοῦντες
945 911 1035 965 καὶ
1069 912 1340 984 ὁσημέραι
1389 913 1488 980 τήν
1526 917 1633 966 τῶν
1682 913 1933 967 ἐναντίων

270 1005 698 1079 περικόπτοντες
727 999 815 1054 xui
843 1003 909 1054 τὰ
938 998 1127 1054 πολλὰ
1159 999 1504 1072 ληϊζόμενοι.
1560 1002 1644 1072 Ἐξ
1679 1003 1751 1055 ὧν
1783 999 1938 1055 συνέ-

268 1089 460 1148 ϐαινεν
519 1090 704 1151 αὐτοῖς
770 1091 863 1160 μὲν
925 1087 1095 1160 ὁμόσε
1141 1093 1256 1147 τοῖς
1314 1085 1629 1149 ἀντιπάλοις
1691 1094 1937 1162 χωροῦσι

269 1175 693 1254 προϐεϐλῆσθαι
731 1182 838 1232 τῶν
891 1174 1209 1251 ἐνδοτέρων,
1258 1175 1386 1236 τοὺς
1439 1173 1483 1229 δ’
1534 1175 1940 1252 ἐξαρτωμὲνους

267 1271 370 1330 τὰς
405 1266 635 1330 ἐλπίδας
665 1265 882 1321 ἐκείνων
919 1264 1007 1320 ἐπὶ
1035 1272 1138 1334 τῆς
1169 1265 1374 1327 οἰκείας
1399 1260 1694 1339 διατρίϐειν
1745 1263 1935 1336 ἀνέδην

267 1359 366 1414 xui
421 1363 542 1418 ταῖς
575 1355 801 1416 οἷκείαις
860 1355 1224 1430 προσανέχειν
1279 1352 1548 1428 φροντίσι,
1588 1353 1716 1416 τοὺς
1756 1355 1937 1427 μέντοι

267 1446 366 1502 ἐπὶ
424 1450 533 1500 τῶν
592 1444 781 1520 ἀρχῶν
839 1449 942 1511 τῆς
1001 1442 1335 1516 στρατηγίας
1364 1438 1542 1509 ὄντας,
1579 1446 1687 1497 τῶν
1718 1439 1935 1497 ὄπισθεν

267 1535 539 1614 ἀσφαλῶς
592 1533 666 1594 ὡς
733 1531 848 1586 οἷόν
902 1552 962 1586 τε
1021 1528 1276 1605 ἔχοντας,
1329 1531 1428 1598 τήν
1494 1530 1679 1606 μάχην
1714 1531 1940 1605 ἑτέρωσε

264 1628 497 1699 τρέπειν
527 1623 620 1678 καὶ
657 1623 731 1695 μὴ
787 1618 949 1676 οὖσαν
975 1625 1097 1681 ταῖς
1154 1619 1452 1682 ἐπιθέσεσιν
1513 1618 1794 1693 ἐρεθίζειν,
1850 1631 1940 1682 καὶ

272 1715 501 1792 φθάνειν
531 1716 716 1772 κακῶς
759 1707 1092 1773 διατιθέντας
1143 1707 1358 1784 ἐτέρους
1412 1707 1674 1783 πρότερον
1726 1709 1762 1777 ἢ
1815 1711 1940 1764 ἀνα-

276 1804 466 1874 μένειν
524 1800 756 1873 πάσχειν
805 1797 1061 1870 ἑτέρωθεν
1087 1797 1155 1851 τὰ
1185 1794 1348 1851 δεινά.
1399 1797 1468 1849 Τὸ
1500 1794 1557 1850 δέ
1600 1797 1814 1869 σύμπαν
1871 1799 1939 1867 ἦν

276 1856 285 1874 .
641 1856 679 1873 ι».
893 1856 901 1870 .
1671 1856 1680 1869 .
1897 1856 1906 1867 .

270 1890 726 1964 κατορθούμενον
779 1892 888 1942 τῶν
946 1887 1127 1960 ἀκρῶν
1185 1885 1372 1948 καλῶς
1404 1885 1652 1961 ἐχουσῶν
1684 1890 1772 1941 xui
1809 1885 1940 1959 μηδ’
1971 1856 2017 1918 Β

275 1980 341 2036 ἓν
380 1978 504 2035 εἷ’τι
554 1980 644 2034 xui
705 1978 920 2052 γένοιτο
950 1981 1056 2030 τῶν
1105 1974 1215 2030 ἐκεῖ
1243 1975 1674 2045 καθυπειξόντων
1707 1975 1937 2050 ἀνδρῶν,

274 2071 332 2125 εἴ
387 2090 440 2123 τι
497 2067 588 2123 καὶ
645 2067 960 2122 ἀντιτείνειν
1015 2064 1267 2138 τολμῷεν
1315 2065 1366 2119 οἱ
1419 2065 1804 2138 ἀντικείμενοι,
1851 2068 1940 2121 καὶ

270 2163 454 2214 ταῦτα
509 2157 601 2211 καὶ
656 2163 760 2225 τῆς
817 2157 999 2229 ἀρχῆς
1049 2153 1265 2230 ἐγγύθεν
1327 2151 1494 2224 οὔσης
1529 2197 1542 2221 ,
1620 2155 1943 2226 ἀνθεξούσης

277 2247 518 2319 ἑτοίμου
571 2246 722 2319 πρὸς.
766 2243 902 2298 ἅπαν
951 2243 1014 2297 τὸ
1070 2243 1550 2315 ἀντιστησόμενον.
1585 2244 1689 2298 Καὶ
1735 2245 1802 2298 τὰ
1848 2248 1940 2317 μὲν

275 2336 529 2410 πρότερα
556 2337 784 2388 τοιαῦτα
828 2331 918 2385 καὶ
945 2330 1114 2393 οὕτως
1162 2327 1382 2406 ἔχοντα,
1429 2332 1492 2385 οὐ
1541 2332 1706 2401 μόνον
1739 2337 1826 2395 αῖς
1857 2334 1942 2412 ἐρ-

277 2426 419 2501 ῥέθη
480 2421 748 2483 ἀτελείαις
791 2442 850 2476 τε
895 2421 986 2475 καὶ
1017 2421 1301 2492 προνοίαις
1333 2419 1482 2476 ἀλλά
1533 2442 1593 2495 γε
1643 2423 1730 2476 καὶ
1775 2435 1944 2494 καθη-

281 2518 541 2587 μεριναῖς
627 2509 976 2589 φιλοτησίαις
1055 2507 1364 2583 βασιλικαῖς
1431 2515 1537 2565 τῶν
1611 2511 1708 2573 τὰς
1783 2509 1949 2588 ἄκρας

278 2735 493 2785 torum
526 2743 593 2782 ac
639 2723 1006 2795 vectigalium
1049 2723 1301 2781 limitem
1348 2724 1505 2780 hunc
1554 2725 1949 2782 incolentibus

286 2814 685 2885 indulgenda,
719 2813 934 2869 annuis
973 2829 1209 2884 quoque
1264 2829 1331 2868 ex
1381 2814 1522 2869 ﬁsco
1569 2815 1952 2885 pensionibus

283 2905 653 2964 illustriores
684 2905 948 2975 ipsorum
997 2903 1360 2960 honorando.
1395 2904 1558 2960 Unde
1607 2908 1954 2976 procedente

280 3007 562 3066 tempore
594 2997 768 3050 aucta
793 2993 890 3048 isti
921 2992 1242 3065 plurimum
1277 3009 1337 3048 re
1379 2993 1674 3060 familiari,
1709 3011 1955 3066 magnas

283 3085 567 3158 plerique
602 3099 740 3154 opes
773 3087 1218 3152 congesserunt.
1255 3081 1428 3138 Porro
1485 3099 1600 3153 quo
1632 3083 1858 3140 meliori
1890 3103 1954 3141 ac

283 3169 686 3228 commodiori
711 3168 836 3224 loco
863 3185 955 3223 res
971 3169 1311 3224 domesticae
1335 3170 1596 3240 ipsorum
1616 3188 1683 3226 ac
1707 3172 1952 3227 fortunae

285 3263 465 3317 erant
496 3275 565 3313 eo
597 3256 808 3312 fortius
836 3255 1210 3328 alacriusque
1268 3257 1327 3312 in
1379 3257 1579 3314 hostes
1627 3258 1948 3326 irruebant,

288 3347 478 3404 illecti
513 3347 587 3402 ad
619 3346 728 3401 hoc
763 3346 958 3417 ipsum
991 3346 1492 3417 frequentandum
1555 3348 1954 3419 audaciusque

288 3436 654 3494 tentandum
686 3440 865 3506 gustu
894 3436 1100 3506 praedae
1133 3451 1244 3490 non
1275 3434 1453 3490 semel
1487 3437 1788 3493 nocturnis
1819 3436 1958 3492 insi-

292 3527 415 3582 diis
438 3525 684 3590 ahactaz,
706 3523 1079 3596 assiduisque
1104 3524 1236 3579 inde
1260 3523 1697 3580 incursionibus
1728 3525 1956 3580 hostem

287 3619 602 3680 vexantes,
627 3614 874 3684 ejusque
897 3612 977 3666 sic
1004 3613 1389 3683 infringentes
1406 3612 1960 3684 impetum,vastau-

297 3713 389 3763 tes
426 3705 575 3777 quin
609 3703 784 3758 etiam
818 3718 986 3773 agros
1018 3718 1084 3756 ac
1113 3706 1298 3756 terras
1332 3701 1560 3773 lateque
1585 3703 1954 3773 populantes,

290 3808 640 3863 manusque
670 3791 872 3846 obvias
903 3791 1214 3858 caedentes,
1246 3805 1313 3845 ac
1341 3789 1469 3861 ipsa
1500 3790 1776 3846 interiora
1820 3791 1957 3846 Per-

285 3882 444 3938 sidis
465 3878 792 3935 latrociniis
815 3883 872 3933 et
888 3878 1335 3934 excursionibus
1360 3878 1571 3934 infesta
1589 3877 1959 3949 solliciteque

293 3970 646 4035 reddentes,
677 3971 1002 4039 eademque
1025 3984 1196 4038 opera
1220 3968 1502 4023 Romanis
1527 3970 1567 4022 1
1584 3971 1620 4022 7
1652 3966 1782 4022 laeta
1802 3969 1960 4023 domi

287 4069 351 4116 et
375 4057 664 4131 opulenta
694 4058 813 4112 otia
843 4058 1193 4128 praebentes,
1227 4073 1428 4113 secure
1459 4057 1732 4128 deinceps
1751 4075 1815 4111 ac
1835 4057 1961 4112 sine

290 4149 502 4206 hostili
539 4147 661 4204 ullo
703 4151 864 4203 metu
924 4147 1240 4203 familiaria
1295 4147 1658 4203 curantibus.
1692 4148 1958 4202 Indidem

292 4239 562 4294 ducibus
595 4252 828 4308 quoque
860 4236 1134 4291 Romanis
1154 4234 1399 4303 militiae,
1425 4236 1639 4308 quippe
1661 4253 1809 4307 quos
1832 4237 1958 4307 jam

294 4326 454 4384 nihil
489 4331 648 4380 retro
680 4324 865 4379 vereri
896 4342 961 4380 ac
992 4325 1282 4396 respicere
1332 4341 1554 4397 cogere,
1589 4325 1874 4380 securitas
1905 4331 1962 4380 et

291 4415 555 4472 facultas
586 4415 787 4468 aderat
833 4414 950 4468 vim
1011 4413 1122 4468 alio
1179 4416 1460 4481 vertendi,
1497 4413 1791 4485 ultroque,
1826 4431 1960 4468 cum

290 4521 494 4578 operas
526 4503 784 4574 pretium
817 4507 962 4570 erat,
994 4501 1323 4558 lacessendi
1364 4502 1563 4558 hostes
1613 4503 1782 4572 alios,
1815 4519 1958 4573 prai-

292 4576 696 4662 vertendique
725 4588 883 4646 bella
914 4589 1310 4656 imminentia,
1341 4589 1702 4662 consiliaque
1732 4607 1964 4661 suspec-
1991 4576 2036 4639 D

297 4688 504 4737 tarum
539 4680 804 4750 gentium
839 4685 1068 4734 mature
1100 4679 1959 4750 praeoccupandi,saluberrimo

294 4770 512 4827 auxilii
545 4784 779 4840 genere,
815 4785 929 4822 non
961 4774 1300 4837 expectante
1331 4769 1621 4822 malorum
1672 4775 1958 4835 exortum,

296 4865 358 4916 et
389 4873 722 4931 praecavere
754 4857 970 4912 damno
995 4855 1227 4927 publica
1264 4857 1451 4912 satius
1510 4856 1757 4911 habente
1781 4873 1959 4927 quam

297 4948 513 5006 ulcisci
546 4953 651 5004 aut
702 4963 850 5002 saeve
881 4947 1213 5019 grassantia
1270 4946 1578 5018 depellere.
1611 4947 1677 5001 Hi
1737 4947 1959 5002 fructus

295 5044 477 5094 erant
508 5037 873 5092 insessarum
905 5035 1119 5092 validis
1152 5035 1495 5091 istiusmodi
1548 5037 1838 5104 praesidiis
1867 5055 1960 5091 ar-

296 5127 489 5183 cium.
525 5126 663 5189 Quae
691 5141 763 5178 ne
793 5141 1056 5196 unquam
1090 5125 1498 5180 desererentur
1544 5126 1960 5180 retrocedenti-

297 5217 420 5272 bus
452 5212 838 5286 praesidiariis
888 5214 958 5269 ob
999 5213 1114 5268 vim
1148 5217 1428 5285 majorem
1494 5213 1828 5286 urgentium
1860 5231 1960 5270 eos

299 5303 611 5360 interdum
645 5301 839 5358 acrius
861 5301 1198 5368 Persarum,
1233 5303 1377 5358 satis
1404 5303 1819 5374 providebatur
1836 5304 1960 5358 col—

297 5391 515 5448 locatis
544 5396 875 5462 opportune
895 5409 1008 5446 non
1033 5391 1232 5464 procul
1256 5391 1443 5447 abillo
1467 5392 1652 5448 limite
1681 5393 1960 5448 Romanis

302 5481 544 5550 castris,
580 5481 736 5535 unde
768 5481 1118 5535 auxiliorum
1152 5486 1439 5550 quantum
1495 5488 1649 5537 esset
1697 5499 1865 5551 opus,
1899 5481 1960 5536 in

299 5578 570 5642 tempore
600 5569 872 5624 submitti
907 5568 1317 5624 laborantibus
1359 5577 1574 5641 posset.
1611 5571 1714 5625 llic
1773 5579 1960 5626 status

296 5666 434 5718 tum
469 5660 592 5716 illic
625 5675 822 5716 rerum
873 5658 1004 5728 fuit,
1037 5657 1513 5732 imperatoribus,
1547 5659 1646 5731 qui
1706 5677 1773 5717 ea
1812 5663 1958 5716 tem-

2044 564 2271 632 σημεῖον
2326 560 2590 636 ἐχόντων,
2638 564 2920 626 κάντεῦθεν
2971 566 3059 620 καὶ
3120 566 3560 642 ἀρῥᾳθυμότερον
3596 571 3689 642 μὲν

2041 646 2420 724 φυλασσόντων
2459 696 2471 720 ,
2540 651 2979 728 θαρραλεώτερον
3044 653 3090 707 δ’
3146 651 3547 711 εἰσϐαλλόντων
3601 659 3688 712 xui

2040 736 2407 812 ἀντισχόντων
2467 745 2607 811 τοῖς,
2668 739 2720 794 εἷ’
2770 763 2844 811 πη
2901 742 3205 816 ἰσχύσειαν,
3239 750 3592 800 κακοποιοῦσι
3623 748 3691 801 τὰ

2040 825 2301 900 ἡμέτερα.

2044 945 2347 1022 ε’.“”Οπιε›ς
2406 944 2646 1014 ἀλούσης
2702 945 2870 1022 πάλαι
2920 953 3017 1022 τῆς
3069 947 3287 1022 πόλεως
3331 953 3456 1022 παρ’
3488 950 3688 1006 Ιταλῶν

2115 1013 2432 1090 ἐξησθένησε
2474 1024 2541 1070 τᾶ
2587 1013 2724 1072 κατᾶ
2765 1019 2863 1086 τὴν
2920 1013 3248 1090 Ἀνατολήν·
3296 1013 3556 1090 καὶ’περὶ
3595 1027 3691 1078 τοῦ

2115 1077 2389 1157 Χαδηνοῦ.
2823 1077 2830 1086 Ι
3183 1077 3191 1090 ⁸
3505 1077 3513 1100 ί

2114 1188 2193 1257 [Ρ.
2227 1187 2281 1258 8]
2311 1188 2402 1257 Ἓξ
2435 1185 2561 1240 ίἕτου
2596 1184 2640 1240 δ’
2672 1189 2706 1256 ἡ
2737 1189 3137 1242 Κωνσταντίνου
3199 1187 3360 1252 πόλις
3389 1191 3693 1262 Ῥωμαίοις

2042 1273 2207 1342 ἑάλω,
2256 1275 2345 1329 xui
2395 1275 2457 1341 ἦν
2505 1275 2952 1350 μεταναστρὲφειν
3006 1277 3209 1353 ἀνάγκη
3260 1282 3328 1342 τῆ
3360 1278 3582 1353 πατρίδι
3631 1280 3696 1333 τὰ

2039 1364 2218 1430 τέκνα,
2277 1364 2365 1418 xui
2423 1366 2687 1438 πρότερον
2745 1369 2852 1418 τῶν
2885 1363 3070 1419 ἄλλων
3122 1369 3202 1427 οἷς
3231 1367 3297 1434 ἦν
3343 1367 3404 1420 τὸ
3455 1373 3694 1440 κρατεῖν,

2045 1447 2315 1522 ξυνέϐαινε
2368 1454 2462 1523 μὲν
2519 1451 2666 1516 ἔνθεν
2729 1453 3025 1524 ἐξασθενεῖν
3076 1454 3309 1516 ἐκείνους
3357 1459 3426 1529 τῇ
3473 1453 3696 1510 διαστά-

2044 1563 2120 1595 σει
2152 1545 2263 1594 τῶν
2317 1540 2608 1616 βασιλέων,
2662 1540 2768 1596 ἔδει
2802 1540 2848 1596 δ’
2889 1542 3118 1604 ἐκείνοις
3147 1545 3362 1605 πάντως
3411 1545 3696 1617 προνοίας,

2043 1628 2131 1685 xui
2168 1627 2379 1701 μᾶλλον
2408 1630 2486 1707 ἐφ’
2519 1631 2563 1701 ᾧ
2612 1632 2727 1684 καθ’
2761 1629 2981 1692 ἑαυτοὺς
3015 1629 3168 1685 οὐδὲν
3216 1632 3381 1699 ἧττον
3423 1632 3695 1709 θαρροῖεν,

2047 1717 2092 1771 εἰ
2147 1715 2276 1788 μηδ’
2323 1715 2579 1785 ἄλλοθεν,
2639 1717 2765 1772 ἀλλ’
2820 1715 2910 1771 οὖν
2951 1722 3114 1791 νεῦρα
3144 1718 3394 1792 πολέμου
3423 1721 3514 1775 τὸν
3549 1725 3696 1798 σφῶν

2047 1805 2286 1860 πλοῦτον
2333 1803 2573 1881 ἔχουσιν.
2610 1805 2788 1863 Ἀλλὰ
2819 1806 3003 1881 χρόνῳ
3035 1805 3254 1882 ὕστερον
3282 1815 3380 1876 τῆς
3418 1809 3696 1882 βασιλείας

2054 1893 2460 1966 μεταπεσούσης
2510 1891 2753 1963 Χαδηνός
2800 1915 2907 1959 τις,
3037 1892 3102 1964 δὴ
3153 1895 3240 1949 καὶ
3270 1897 3332 1950 τὸ
3380 1905 3479 1964 τῆς
3535 1897 3698 1971 ἐπαρ-

2051 1982 2176 2057 χίας
2210 1983 2423 2055 ἀξίωμα
2455 1981 2665 2047 ἐσαῦθις
2720 1982 2976 2054 ἐπέθηκεν
3025 1985 3052 2038 ὁ
3100 1989 3336 2059 κρατῶν,
3394 1987 3460 2040 τὰ
3515 1984 3702 2040 πολλὰ

2049 2073 2175 2144 παρ’
2208 2071 2393 2143 ἐκείνῳ
2424 2069 2720 2144 δυνάμενος
2754 2071 2804 2142 ἐξ
2851 2071 3039 2126 αἶ’τιῶν
3075 2074 3196 2127 ὅσον
3232 2073 3412 2128 οὗκέτι
3462 2073 3699 2144 ῥηθησο-

2055 2160 2227 2232 μένων
2281 2159 2503 2234 (ἐκεῖθεν
2538 2161 2640 2235 γὰρ
2695 2161 2782 2215 xui
2832 2163 2860 2214 ὁ
2891 2162 3076 2235 παρὼν
3125 2160 3293 2237 λόγος
3327 2162 3402 2224 είς
3432 2164 3701 2218 κατάστα-

2054 2269 2135 2302 σιν
2212 2251 2312 2316 τήν
2385 2250 2694 2321 πρέπουσαν
2762 2249 3204 2324 ἀναχθήσεται),
3267 2249 3472 2312 ἐκεῖνος
3522 2251 3704 2305 τοίνυν

2057 2336 2570 2412 συμφέρον-δοκεῖν
2643 2338 2843 2399 ἐθέλων
2913 2334 3304 2411 συμϐουλεύειν
3358 2344 3438 2412 τῷ
3495 2339 3712 2415 βασιλεῖ

2054 2426 2464 2501 (Παλαιολόγος
2521 2425 2566 2481 δ’
2625 2423 2783 2488 οὗτος
2841 2427 2909 2495 ἦν
2957 2427 3217 2502 Μιχαὴλ)
3267 2427 3474 2504 βουλὴν
3508 2427 3711 2502 εἰσάγει

2056 2511 2220 2584 τήνδε
2273 2516 2362 2569 καὶ
2422 2515 2545 2570 λίαν
2606 2515 2920 2593 ἐπισφαλῆ,
2982 2518 3058 2578 ὡς
3112 2518 3176 2571 τὸ
3233 2523 3460 2593 πρᾶγμα
3516 2515 3709 2588 ἔδειξεν

2060 2732 2281 2800 pestate
2313 2728 2641 2800 reipublicae
2664 2735 2966 2800 praeerant,
3004 2729 3377 2785 utilissimam
3412 2730 3583 2786 istam
3638 2728 3704 2783 li-

2061 2817 2450 2874 mitaneorum
2484 2817 2738 2873 militum
2765 2818 3128 2873 alacritatem
3159 2818 3218 2872 in
3251 2817 3450 2874 hostes
3509 2818 3707 2873 foven-

2061 2905 2220 2960 tibus
2246 2923 2358 2961 non
2377 2909 2548 2961 modo
2575 2907 3050 2960 immunitatibus
3075 2911 3132 2961 et
3149 2906 3532 2976 pensionibus
3562 2921 3709 2975 quas

2063 2995 2179 3048 dixi
2215 2995 2584 3065 priestandis,
2615 2996 2710 3049 seil
2746 2999 2803 3049 et
2833 2994 3192 3064 quotidianis
3224 2998 3386 3048 extra
3443 2992 3705 3048 ordinem

2063 3083 2476 3154 largitionibus
2507 3099 2741 3152 operam
2789 3082 3166 3152 insigniorem
3216 3086 3273 3136 et
3309 3083 3556 3136 clariora
3582 3097 3708 3151 quea

2066 3173 2139 3227 fex
2155 3177 2358 3226 rentur
2388 3187 2551 3226 arces
2600 3172 2990 3226 obtinentium
3041 3170 3298 3225 facinora
3328 3169 3484 3241 regie
3513 3185 3709 3224 remu-

2065 3260 2345 3314 nerando.
2374 3259 2533 3314 Unde
2557 3261 2775 3330 passim
2800 3259 3293 3331 praesidiariorum
3314 3260 3561 3314 istorum
3581 3263 3713 3312 tan-

2063 3353 2190 3404 tum
2225 3348 2402 3403 animi
2436 3356 2758 3414 creverant,
2792 3355 2856 3402 ut
2889 3349 3138 3404 minima
3194 3365 3300 3419 par
3329 3349 3476 3420 ipsis
3535 3347 3712 3402 ofﬁcii

2063 3438 2358 3493 videretur
2383 3437 2531 3492 tueri
2565 3437 2914 3492 commissas
2956 3454 3142 3506 arces,
3177 3437 3330 3508 quod
3388 3435 3712 3491 ludibunde

2067 3543 2132 3582 ac
2163 3526 2324 3582 nullo
2357 3527 2588 3597 negotio
2623 3528 2999 3600 praestabant,
3024 3526 3139 3580 nisi
3172 3524 3564 3580 audacissime
3595 3524 3715 3579 lon-

2067 3616 2425 3686 gissimeque
2458 3616 2834 3670 incursarent
2864 3615 3106 3669 hostiles
3129 3621 3334 3682 terras,
3364 3620 3715 3686 apparatus-

2069 3723 2181 3777 que
2210 3706 2543 3772 Persarum,
2579 3706 2630 3760 si
2662 3706 3040 3774 procederent
3068 3705 3137 3759 ad
3175 3705 3514 3775 perfectum,
3539 3705 3713 3758 rebus

2071 3794 2291 3850 nostris
2316 3793 2677 3864 perniciosos
2703 3793 2956 3860 futuros,
2983 3794 3040 3847 in
3063 3810 3273 3848 exorsu
3300 3792 3570 3863 protinus
3593 3792 3718 3863 ipso

2069 3883 2374 3955 primaque
2408 3882 2709 3936 molitione
2741 3882 3102 3952 disjiccrent.

2069 3991 2124 4044 5.
2159 3991 2219 4045 Ut
2280 3991 2495 4056 recepta
2548 3988 2683 4040 olim
2743 4002 2812 4040 ex
2861 3987 3016 4040 Italis
3074 3987 3228 4053 urbe,
3275 3985 3574 4040 debilitatae
3633 4002 3721 4040 res

2361 4059 2670 4117 Orientales
2698 4057 2909 4126 fuerint
2935 4083 2948 4120 ς
2976 4062 3026 4111 et
3055 4057 3119 4113 de
3151 4059 3419 4123 Chadeno,

2143 4150 2222 4203 Ex
2253 4165 2368 4218 quo
2400 4152 2595 4202 autem
2629 4152 2858 4216 recepta
2880 4147 3416 4216 Constantinopolis
3447 4165 3477 4199 a
3508 4146 3714 4201 Roma-

2073 4239 2165 4293 nis
2216 4224 2327 4303 est,
2359 4241 2416 4290 et
2476 4237 2750 4289 reducere
2805 4250 3097 4304 quemque
3131 4233 3282 4288 ﬁlios
3341 4234 3398 4288 in
3461 4233 3713 4305 patriam

2071 4325 2346 4397 oportuit,
2382 4321 2679 4395 principes
2728 4322 3001 4386 maxime,
3035 4322 3279 4390 contigit
3335 4323 3605 4392 prasidia
3648 4324 3715 4376 fi-

2071 4417 2235 4469 nium
2286 4413 2653 4468 Persicorum
2716 4410 3009 4465 debilitari
3069 4411 3141 4464 ob
3195 4410 3620 4482 imperatorum
3655 4413 3713 4465 in

2071 4504 2276 4557 urbem
2322 4517 2688 4555 revcrsorum
2724 4495 3111 4564 distantiam;
3145 4515 3213 4552 ex
3263 4516 3373 4567 qua
3433 4500 3607 4553 ﬁebat
3655 4503 3718 4553 ut

2072 4591 2381 4663 pensiones
2413 4591 2481 4644 ad
2515 4588 2667 4643 diem
2703 4589 2868 4659 prius
2903 4587 3064 4642 reddi
3102 4585 3286 4642 solita»
3345 4603 3716 4657 nequaquam

2073 4681 2173 4737 18
2197 4698 2264 4736 ea
2297 4681 2408 4734 tide
2441 4677 2826 4744 solverentur,
2861 4694 2978 4747 qua
3001 4683 3140 4731 tunc
3173 4692 3322 4747 opus
3347 4676 3432 4730 vel
3465 4677 3720 4731 maxime

2072 4771 2261 4826 fuerat
2291 4771 2363 4825 ad
2395 4768 2728 4823 excitandos
2780 4767 3062 4822 militares
3097 4766 3349 4833 animos,
3384 4770 3446 4820 ut
3505 4767 3720 4821 vellent

2071 4867 2246 4929 atque
2277 4858 2562 4912 auderant
2594 4862 2880 4926 quantum
2935 4855 3008 4909 iis
3066 4855 3211 4910 locis
3243 4860 3299 4909 et
3353 4856 3720 4925 temporibus

2071 4947 2317 5020 publicae
2350 4945 2730 5000 necessitates
2782 4944 3121 5014 poscebant.
3159 4945 3376 4999 Tamen
3435 4944 3718 5014 aliquate-

2072 5053 2184 5091 nus
2217 5035 2352 5089 huic
2384 5034 2756 5088 incommodo
2789 5032 3154 5099 medebatur,
3186 5032 3338 5102 quod
3386 5030 3503 5088 illis
3534 5033 3717 5088 abun-

2070 5125 2292 5180 dabant
2322 5139 2461 5194 opes
2495 5121 2761 5193 propriae,
2797 5137 2924 5192 quae
2983 5118 3120 5175 belli
3165 5136 3371 5175 nervos
3428 5120 3719 5176 submini-

2071 5217 2344 5275 strarent,
2377 5215 2559 5266 donec
2594 5209 2901 5280 posteriori
2961 5213 3244 5279 tempore,
3277 5209 3338 5262 in
3370 5209 3717 5264 deteriorem

2071 5308 2289 5358 statum
2323 5301 2567 5372 imperio
2603 5298 2895 5370 prolapso,
2921 5297 3233 5352 Chadenus
3257 5296 3516 5366 quidam,
3539 5297 3630 5351 cui
3664 5300 3720 5348 et

2072 5391 2428 5463 praefecturae
2462 5388 2807 5459 dignitatem
2838 5386 3049 5441 deinde
3103 5385 3420 5455 imperator
3451 5383 3718 5449 contulit,

2072 5479 2329 5535 multum
2359 5478 2417 5532 in
2451 5477 2585 5531 aula
2620 5475 2843 5546 pollens
2887 5491 2956 5530 ex
3011 5473 3205 5529 causis
3235 5472 3408 5543 paulo
3436 5483 3565 5541 post
3595 5487 3716 5526 me-

2070 5569 2373 5625 morandis
2396 5569 2488 5635 (ab
2517 5567 2696 5637 hujus
2718 5566 2873 5622 enim
2906 5563 3204 5619 mentione
3227 5567 3426 5617 nostra
3450 5563 3507 5616 in
3540 5579 3717 5617 suum

2071 5658 2247 5715 ﬁnem
2275 5657 2520 5716 historia
2548 5657 2817 5730 procedet
2848 5650 3160 5711 consilium
3204 5649 3503 5723 suggessit
3530 5649 3715 5725 impe-
