3944 6202
406 342 510 399 451

409 464 652 541 ὕστερον.
712 459 812 516 Καὶ
844 457 1056 532 δεχθεὶς
1115 456 1191 520 ὡς
1242 452 1402 525 δῆθεν
1434 453 1817 532 συμφερόντως
1850 449 2055 541 λέγων,

406 538 676 626 πέμπεται
733 545 1068 622 καταπρᾶξαι
1129 545 1161 601 ἃ
1213 546 1417 625 φθάσας
1491 541 1844 618 βεοοῦλευται
1881 582 1894 596 .
1961 538 2061 594 Καὶ

409 641 474 711 δὴ
534 638 754 701 ἐπιστὰς
801 636 1017 711 ταχέως
1057 639 1174 698 τοῖς
1226 633 1388 690 τόποι
1428 632 1513 703 (οὐ
1544 633 1647 708 γὰρ
1697 631 1765 699 ἦν
1814 629 1951 701 πρὸς
1994 629 2063 683 τὰ

403 722 777 796 ἐπεσταλμένα
830 719 1113 798 βραδόνειν
1187 720 1335 781 ὅλως
1403 719 1563 775 αὐτὸν
1612 716 2060 793 καταρξάμενον),

406 811 604 885 ἄνδρας
658 809 1073 887 βαθυπλοῦτους
1122 809 1293 886 εὑρὼν
1326 810 1417 864 καὶ
1462 810 1709 880 κτήμασι
1756 806 1844 861 καὶ
1893 806 2063 881 θρέμ-

408 924 535 977 μασι
588 903 901 976 βρίθοντας,
944 899 1218 975 στρατεύει
1266 898 1495 961 τούτους
1542 897 1601 951 ἐκ
1629 900 1737 951 τῶν
1789 893 2055 972 σφετέρων

404 991 620 1048 ἐκείνων
673 991 763 1046 καὶ
820 993 903 1052 οἷς
934 992 961 1045 ὁ
1020 990 1248 1043 ἑκάστου
1301 987 1417 1064 βίος
1468 983 1913 1061 συνεκεκρότητο,
1966 991 2056 1045 καὶ

398 1082 474 1142 εἷς
537 1081 934 1156 τεσσαράκοντα
991 1079 1311 1151 νομίσματα
1377 1080 1457 1149 τῷ
1527 1074 1605 1130 ἑνὶ
1665 1073 2055 1148 συμποσώσας,

398 1172 487 1226 καὶ
517 1170 726 1226 τούτων
753 1170 813 1224 τὸ
845 1166 1103 1223 πλεῖστον
1155 1166 1213 1221 ἐκ
1241 1170 1348 1221 τῶν
1398 1164 1583 1232 αὑτοῦ,
1614 1164 1677 1220 τὸ
1717 1164 1912 1220 λοιπὸν
1958 1166 2055 1217 τοῦ

396 1260 642 1321 τεθέντος
672 1256 889 1329 τέλους,
946 1257 1045 1311 οὐκ
1075 1254 1263 1331 ὀλίγον
1296 1256 1372 1323 ὃν,
1405 1259 1485 1327 τῷ
1520 1252 1788 1329 βασιλικῷ
1817 1253 2054 1325 ταμιείῳ

400 1347 802 1421 εἰσκομίζεσθαι
849 1344 1049 1419 ἔταξεν.
1111 1347 1180 1403 "0
1230 1344 1320 1400 καὶ
1368 1344 1636 1420 πραχθὲν,
1684 1343 1919 1417 πρώτως
1950 1361 2056 1395 πα-

399 1435 601 1488 Θόντων
632 1438 741 1488 τῶν
786 1431 997 1508 ἀνδρῶν
1028 1430 1061 1487 ἃ
1093 1431 1193 1486 οὐκ
1238 1429 1477 1500 ἤλπισαν
1512 1430 1756 1497 πώποτε,
1791 1424 2054 1482 ἐπέκλασέ

395 1544 454 1578 τε
482 1524 581 1593 τὴν
614 1521 923 1597 προθυμίαν
961 1519 1346 1597 βουλομένοις,
1401 1518 1493 1574 καὶ
1540 1516 1921 1596 καθυφείκεσαν
1952 1522 2053 1586 τῆς

397 1610 700 1685 δυνάμεως.

398 1721 441 1784 ς’
513 1722 705 1783 Ὅπως
787 1718 838 1773 οἱ
938 1715 1190 1843 Πέρσαιό
1231 1713 1498 1792 κατέσχον
1597 1715 1663 1770 τὶ
1742 1709 2051 1788 Ῥωμαίδος

1194 1808 1287 1843 οη.

1193 1808 1287 1863 sn.

471 1879 743 1937 Ἐντεῦθεν
802 1877 892 1933 καὶ
948 1882 1069 1940 τοῖς
1151 1881 1259 1932 τῶν
1335 1879 1554 1952 Περσῶν
1633 1875 1907 1950 μαχίμοις
1955 1874 2047 1929 καὶ

391 1973 478 2032 οἷς
538 1967 590 2024 ἐν
650 1967 900 2044 μαχαίρᾳ
953 1967 1015 2022 τὸ
1073 1969 1187 2041 ζῇν,
1237 1969 1345 2022 τῶν
1404 1963 1591 2020 ἄλλων
1644 1961 2043 2019 ὑποκλιθέντων

389 2064 511 2121 τοῖς
563 2055 840 2133 Τοχᾶροις
907 2057 1026 2132 ἄρτι
1082 2060 1416 2132 κατασχοῦσι
1470 2056 1570 2124 τὴν
1627 2057 1728 2121 τῆς
1783 2049 2047 2128 Περσίδος

396 2149 574 2223 ἀρχὴν
609 2190 624 2218 ,
718 2146 990 2222 συμφέρον
1082 2142 1253 2201 ἐδόκει
1343 2144 1700 2223 ἀφηνιάζουσι
1779 2140 2048 2221 καταφεύ-

397 2257 507 2312 γειν
563 2235 699 2310 πρὸς
752 2235 822 2290 τὰ
875 2239 983 2289 τῶν
1043 2235 1187 2310 ὁρῶν
1247 2232 1569 2311 ὀχυρώτερα
1624 2232 1714 2286 καὶ
1768 2231 1835 2285 τὰ
1890 2228 2045 2301 πλη-

397 2325 511 2379 σίον
565 2322 995 2399 κατατρέχοντας
1051 2323 1211 2399 νόμῳ
1265 2324 1482 2400 λῃστῶν
1540 2322 1748 2394 ἀποζῆν
1808 2322 1905 2394 [Ρ.
1963 2320 2042 2395 9|.

396 2416 469 2469 ’Ὀ
516 2414 603 2467 καὶ
637 2413 863 2488 γεγονὸς
889 2414 1211 2485 συνέστησαν
1258 2415 1375 2469 κατ’
1414 2411 1607 2473 αὐτοὺς
1652 2410 1924 2479 πλεῖστοι,
1954 2409 2045 2465 καὶ

398 2502 657 2577 συχνάκις
685 2500 912 2577 ῖσχυροῖ
955 2500 1260 2567 ἐπετίθεντο
1310 2502 1547 2557 ἀσθενέσι
1591 2500 1906 2577 γενομένοις
1929 2503 2047 2562 τοῖς

396 2591 711 2663 ἡμετέροις,
769 2589 859 2643 καὶ
916 2590 1194 2665 περιόντες
1245 2592 1362 2645 κατ’
1406 2589 1589 2665 ὀκίγον
1642 2586 2042 2643 ἀδυνατούντων

400 2678 636 2734 ὑπείκειν
687 2676 926 2735 ἐποίουν.
972 2678 1078 2735 Καὶ
1130 2679 1273 2754 τάχα
1313 2678 1372 2734 ἃν
1424 2678 1794 2753 ἐσχωροῦντες
1840 2678 2046 2751 ὁσημέ-

395 2787 485 2843 ραι
508 2772 628 2829 τοῖς
672 2766 932 2830 ἐναντίοις
977 2773 1083 2823 τῶν
1135 2772 1370 2845 θριγκῶν
1418 2767 1840 2843 παρεχώρησαν,
1869 2765 1915 2820 εί
1966 2767 2042 2839 μή

399 2877 459 2933 γε
483 2855 799 2932 ταχθείσαις
847 2855 1033 2934 ῥόγαις
1062 2858 1149 2932 (τὰ
1178 2857 1282 2934 γὰρ
1331 2856 1556 2935 σφέτερα
1604 2854 1704 2911 οὐκ
1732 2856 1881 2930 εἶχον
1914 2875 2043 2911 κατ-

396 3080 576 3136 ratori
607 3079 741 3152 (fuit
769 3080 821 3136 is
854 3080 1099 3137 Michael
1133 3079 1512 3153 Palaaologus)
1543 3078 1707 3136 valde
1753 3078 2040 3151 pernicio-

1715 330 2018 387 GEORGII
2054 327 2519 385 pscarum

3647 340 3727 395 452

2085 453 2140 519 Α
2169 450 2343 526 ἐχειν)
2398 448 2563 525 μόγις
2616 449 2836 507 ὑπεῖκον
2888 453 3299 525 προσοικοῦντες
3348 453 3604 532 ἀντέχειν.
3650 464 3732 519 Καὶ

2170 538 2422 614 ἀντεῖχον
2479 539 2636 607 τέως,
2694 540 2761 595 τᾶ
2818 538 3048 595 πλεῖστα
3110 540 3202 612 μὶν
3257 543 3341 597 καὶ
3394 543 3728 621 έξὲαυτῶν,ἦν

2168 624 2215 682 δ’
2240 627 2305 682 αὖ
2351 628 2441 683 καὶ
2470 627 2696 684 πολλῶν
2741 628 3168 702 ἐπεισφρούντων
3214 635 3318 685 τῶν
3356 630 3576 690 ἐναντίων
3620 635 3732 707 δῆλα

2164 716 2396 781 τιθέντες
2430 722 2508 789 τῷ
2549 719 2805 793 ἡμετέρῳ
2852 718 3215 793 στρατεύματι
3243 722 3325 776 καὶ
3359 721 3596 798 ἄπρακτον
3622 727 3734 783 πολ-

2167 805 2327 862 λάκις
2354 808 2456 877 τὴν
2488 807 2702 862 ἐκιίνων
2733 808 3075 864 ἐπισύστασιν
3120 811 3479 874 καθιστῶντες.
3510 814 3596 869 Καὶ
3618 814 3731 872 ταῦτ’

2164 895 2300 964 ἦσαν
2338 893 2444 961 ἕως
2467 894 2709 953 ἐδίδοντο
2743 897 2898 973 ΓΞόγαι
2944 904 3161 975 καιροῖς
3200 900 3500 973 ὡρισμένοις
3533 904 3647 957 κατὰ
3683 906 3732 960 τὸ

2164 997 2410 1056 συνηθες.
2444 984 2599 1053 Πλὴν
2632 985 2995 1065 φυλάσσεσθπι
3042 989 3206 1058 μόνον
3251 989 3315 1057 ἦν
3343 990 3401 1044 τὸ
3426 991 3573 1046 κακὸν
3596 992 3731 1061 ἐπιὸν,

2161 1075 2249 1128 καὶ
2307 1077 2383 1147 μή
2444 1081 2791 1152 προσχωρεῖν
2853 1082 2987 1153 σφᾶς
3041 1075 3119 1132 ἔτι
3177 1076 3312 1150 μηδὲ
3365 1088 3732 1154 περιγίγνεσθαι,

2166 1160 2294 1236 μηδ’
2343 1164 2542 1226 αὐτοὺς
2594 1171 2775 1235 ζητεῖν
2834 1170 3036 1220 κακοῦν
3094 1167 3193 1234 τήν
3248 1166 3447 1222 ἐκείνων
3497 1170 3733 1244 καταστρέ-

2160 1254 2378 1325 ψαντας,
2426 1251 2554 1308 ἀλλ’
2603 1253 2824 1316 ἑαυτοὺς
2855 1259 3138 1330 συντηρεῖν
3188 1253 3273 1310 ἐπὶ
3317 1262 3411 1324 τῆς
3455 1256 3627 1319 οἰκείας
3663 1258 3738 1329 μέ-

2158 1361 2368 1408 νοντας,
2423 1342 2497 1403 ὡς
2557 1344 2924 1417 μαχουμένων
2986 1345 3104 1416 μὲν,
3156 1344 3244 1400 ὅτε
3292 1344 3475 1400 ἐκεῖνοι
3503 1345 3577 1400 ἐπὶ
3606 1344 3735 1417 μέσον

2156 1431 2253 1497 τῆς
2301 1431 2573 1506 ἡμετέρας
2619 1432 2710 1485 τὸν
2767 1430 3020 1505 πόλεμον
3072 1431 3406 1509 ἐξενέγκαιεν,
3452 1435 3520 1506 μὴ
3564 1453 3735 1508 μαχου-

2160 1518 2336 1590 μένων
2393 1516 2469 1587 δὶ,
2532 1518 2583 1574 εἲ
2637 1520 2713 1593 μή
2767 1519 2961 1575 ἐκεῖνοι
2992 1520 3200 1575 θέλοιεν
3233 1519 3503 1594 πολεμεῖν.
3549 1522 3669 1577 Ἐπεὶ
3693 1517 3737 1575 δὶ

2154 1607 2241 1662 καὶ
2276 1607 2399 1682 περὶ
2429 1608 2623 1671 ταύτας
2656 1610 2708 1663 οἱ
2756 1610 3020 1687 ἄρχοντες
3062 1610 3497 1687 ἐγλισχρεῦοντο,
3537 1610 3614 1664 καὶ
3661 1610 3735 1683 μό·

2155 1693 2244 1758 λις
2271 1696 2359 1752 καὶ
2395 1697 2741 1773 ὑπερήμερον
2781 1699 2870 1754 καὶ
2919 1701 3067 1772 παρὰ
3122 1700 3185 1755 τὸ
3239 1702 3460 1775 ἀρχαῖοε
3514 1704 3642 1773 μεῖον
3684 1701 3736 1766 ἦν

2079 1786 2217 1887 Βαὸ
2274 1784 2586 1861 διδόμενον,
2632 1787 2715 1866 ἐφ’
2769 1790 2918 1887 tit-nep
2977 1790 3069 1887 xui
3126 1791 3181 1846 οἱ
3235 1792 3369 1887 κατα
3417 1787 3614 1862 καιροὺς
3641 1791 3734 1887 ,τῶν

2158 1880 2574 1951 στρατευμάτων
2623 1878 2887 1952 ἡγεμόνες
2940 1878 3161 1954 μερίτας
3193 1878 3257 1935 ἐκ
3297 1876 3601 1952 κλεμμάτων
3641 1876 3739 1930 ἑαυ-

2152 1964 2282 2028 τοὺς
2308 1963 2548 2040 εἰσῆγον,
2599 1965 2854 2021 ἀπώλετο
2910 1968 3007 2039 μὲν
3052 1968 3087 2037 ἠ
3138 1965 3356 2039 πληθὺς
3400 1966 3612 2031 ἐκείνων,
3650 1966 3732 2017 τῶν

2158 2053 2253 2125 μὶν
2284 2051 2437 2129 ἔργον
2484 2054 2759 2130 μαχαίρας
2803 2056 3129 2131 γεγονότων,
3176 2060 3287 2111 τῶν
3320 2053 3376 2112 δὶ
3413 2055 3494 2111 καὶ
3520 2070 3737 2128 προσχω-

2155 2140 2433 2217 ρησάντων
2460 2148 2580 2205 τοῖς
2611 2143 2899 2212 ἐναντίοις,
2947 2143 3134 2202 ἄλλων
3168 2142 3229 2200 δὶ
3267 2145 3355 2201 καὶ
3383 2142 3612 2217 ἀλλαχοῦ
3635 2161 3735 2209 που,

2153 2230 2265 2286 ἐπεὶ
2317 2230 2417 2287 οὐκ
2471 2232 2539 2301 ἦν
2599 2230 2769 2287 ἐκεῖσε
2822 2234 3188 2308 προσμένουσι
3238 2234 3435 2313 φευκτά
3477 2234 3538 2286 τὰ
3583 2228 3736 2297 δεινὰ,

2158 2318 2597 2393 μετοικησάντων
2646 2320 2738 2376 καὶ
2787 2322 2862 2384 ὡς
2894 2323 3048 2397 εἶχον
3098 2320 3457 2400 διαγαγόντων
3500 2322 3583 2376 τὸν
3628 2317 3737 2394 βίον,

2152 2409 2287 2465 κατὰ
2314 2408 2534 2479 πολλὴν
2568 2408 2625 2465 δὶ
2650 2414 2748 2466 τοῦ
2776 2409 3124 2473 κωλύσοντος
3168 2411 3402 2488 ἐρημίαν
3445 2410 3673 2483 κατέσχον
3696 2405 3737 2458 ol

2153 2498 2384 2554 ἐναντίοι
2435 2500 2503 2554 τὰ
2559 2498 2917 2575 ὀχυρώματα,
2976 2500 3027 2573 ἐξ
3078 2502 3153 2556 ὧν
3184 2502 3278 2557 καὶ
3308 2497 3630 2575 κατατρέχειν
3656 2493 3740 2550 οἷοί

2151 2589 2197 2643 τ’
2254 2589 2409 2659 ἦσαν,
2468 2589 2656 2651 ὁσάκις
2703 2590 2770 2659 ἦν
2831 2589 3015 2654 αὐτοῖς
3065 2589 3444 2667 βουλομένοις,
3472 2589 3553 2643 καὶ
3598 2589 3741 2643 κακῶς

2152 2682 2328 2732 ποιεῖν
2363 2678 2471 2754 οὐχ
2526 2677 2677 2739 ὅπως
2731 2678 2859 2742 τοὺς
2888 2679 3259 2755 προσχώρους
3309 2684 3485 2754 (τοῦτο
3510 2677 3599 2751 γὰρ
3624 2675 3741 2748 εἶχον

2152 2766 2416 2840 αὐτόθεν),
2447 2765 2592 2822 ἀ).λᾶ
2614 2766 2703 2822 καὶ
2735 2768 2808 2822 ὧν
2837 2767 2891 2831 ές
2916 2769 3123 2845 μακρὰν
3155 2769 3409 2843 ἀπεῖχον.
3439 2769 3560 2827 Τοῖς
3588 2760 3635 2818 δὶ
3657 2764 3742 2815 τῶν

2152 2854 2437 2930 Ῥωμαίων
2488 2855 2880 2931 στρατεύμασιν
2945 2856 3214 2932 ἆσχολίυν
3272 2862 3527 2934 παρεῖχον
3572 2852 3627 2907 οὗ
3668 2850 3745 2918 τὴν

2152 3078 2910 3150 quotidianisvalentiorum
2935 3079 3264 3138 insultibus
3280 3080 3440 3137 tracti
3462 3077 3747 3134 desererent

391 3184 527 3224 sum
555 3176 763 3224 eventu
788 3170 1247 3240 deprehensum,
1280 3187 1415 3225 cum
1444 3170 1568 3241 ipse
1598 3167 1738 3223 utile
1765 3172 1996 3240 putaret
2020 3185 2034 3234 ;
2067 3186 2110 3253 ρ
2150 3167 2539 3238 hostibusque
2569 3169 2868 3237 dederent,
2892 3170 3016 3225 sola
3037 3170 3341 3241 prohibuit
3370 3165 3742 3240 stipendiorum

389 3273 574 3328 eoque
606 3259 871 3329 probato,
901 3268 1207 3314 exsecutor
1237 3260 1363 3330 ipse
1394 3258 1614 3313 missus
1642 3264 1733 3313 est
1760 3256 1862 3328 qui
1901 3273 2037 3311 sua-

392 3349 569 3400 serat.
602 3346 789 3410 Quare
822 3347 873 3403 is
902 3346 1166 3404 celeriter
1197 3348 1253 3403 in
1310 3346 1442 3402 illas
1490 3345 1801 3402 Orientalis
1830 3344 2037 3400 limitis

389 3432 685 3503 profectus
742 3449 923 3501 arces,
956 3451 1087 3489 cum
1154 3435 1432 3505 degentes
1490 3434 1547 3487 in
1598 3432 1669 3488 iis
1725 3432 2038 3503 reperisset

396 3520 720 3592 praedivites
754 3521 1021 3577 homines
1045 3522 1372 3577 latifundiis
1424 3538 1721 3593 agrorum,
1755 3535 2031 3592 gregum-

388 3626 505 3681 que
534 3615 713 3681 atque
744 3616 1142 3667 armentorum
1167 3612 1501 3681 provenitus
1523 3608 1857 3680 opulentos,
1880 3607 2035 3663 mili-

384 3699 497 3755 tari
519 3714 699 3754 censu
735 3698 937 3755 habito
969 3700 1231 3770 initaque
1254 3698 1510 3770 pecuniae
1540 3699 1827 3768 cujusque
1869 3713 2033 3752 sum-

390 3803 508 3853 ma,
540 3788 905 3858 stipendium
940 3788 1193 3857 singulis
1215 3803 1592 3843 nummorum
1641 3787 2033 3858 quadraginta

388 3874 709 3939 constituit,
743 3878 898 3946 quod
931 3877 1224 3948 reliquum
1247 3882 1391 3941 erat,
1412 3875 1579 3948 pretii
1610 3893 1725 3930 non
1758 3874 1942 3945 parvi,
1962 3891 2031 3929 ex

391 3962 606 4018 annuis
637 3962 875 4020 illorum
907 3970 1198 4021 tractuum
1257 3964 1661 4035 vectigalibus,
1698 3964 1833 4019 fisco
1865 3964 2029 4019 deiu-

382 4064 517 4119 ceps
549 4052 821 4124 praecepit
852 4055 1035 4109 reddi.
1071 4055 1218 4110 Hinc
1249 4054 1441 4110 evenit
1471 4055 1727 4125 primum
1759 4060 1823 4108 ut
1843 4053 2029 4124 praesi-

386 4137 578 4208 diarii,
612 4157 738 4209 qua:
767 4141 1009 4197 minime
1056 4145 1379 4198 timuerant
1414 4142 1591 4211 passi,
1619 4142 2028 4213 frangerentur

380 4225 577 4282 animo
608 4234 665 4284 et
695 4233 996 4301 antiquam
1031 4231 1390 4288 alacritatem
1416 4232 1668 4286 bellandi
1695 4232 2025 4302 perderent,

378 4329 648 4386 moxque,
683 4327 745 4373 ut
776 4319 861 4385 tit,
895 4320 1141 4376 minutis
1188 4323 1371 4393 copiis
1426 4320 1612 4376 multo
1669 4320 2024 4375 inﬁrmiores

374 4403 775 4461 redderentur.

458 4546 514 4603 6.
541 4547 605 4603 Ut
632 4548 814 4605 Persa:
840 4553 1161 4620 occuparint
1192 4552 1433 4610 Romani
1471 4550 1665 4607 limitis
1698 4558 1925 4608 montes.

455 4673 715 4729 Postbaac
735 4675 876 4732 viris
899 4677 1146 4732 fortibus
1168 4676 1321 4731 inter
1340 4676 1565 4744 Persas,
1584 4675 1801 4747 quibus
1822 4676 2017 4731 omnis

372 4766 599 4823 vivendi
634 4781 770 4836 spes
794 4770 853 4820 et
880 4766 1136 4821 conditio
1168 4769 1227 4820 in
1260 4765 1439 4821 armis
1490 4770 1634 4828 erat,
1666 4765 1890 4820 caeteris
1921 4765 2015 4820 in-

371 4856 605 4912 clinatis
637 4854 710 4910 ad
742 4854 1057 4918 Tocharos,
1088 4855 1189 4925 qui
1222 4870 1409 4925 nuper
1462 4852 1775 4925 imperium
1808 4852 2012 4909 Persa-

371 4961 502 5001 rum
529 4949 907 5015 occuparant,
933 4942 1376 5009 rebellantibus,
1399 4943 1592 4999 visum
1614 4949 2009 5014 opportunum

366 5039 456 5091 est
483 5033 748 5103 refugere
770 5033 870 5088 19
914 5034 983 5087 ad
1020 5032 1275 5088 claustra
1300 5032 1657 5103 castellaque
1693 5033 2006 5099 montium,

366 5130 426 5179 et
454 5124 591 5179 inde
620 5122 810 5177 vicina
841 5122 1196 5177 incursando
1229 5126 1397 5192 raptu
1430 5138 1497 5175 ac
1543 5122 1756 5192 praedis
1788 5120 2006 5178 victum

366 5228 650 5286 quaerere.
682 5213 738 5266 Id
772 5211 1079 5267 consilium
1110 5227 1222 5281 quo
1252 5209 1609 5265 exsecutioni
1639 5210 2005 5279 mandarent,

366 5305 767 5358 convenerunt
797 5298 1060 5371 plurimi,
1082 5298 1379 5370 vilidaque
1406 5298 1736 5367 Iidentidem
1759 5297 2008 5354 conflata

367 5408 546 5447 manu
580 5390 928 5446 inﬁrmiores
956 5390 1076 5457 jam
1105 5393 1336 5445 nostros
1366 5391 1506 5442 sunt
1530 5385 1737 5453 adorti,
1771 5392 1826 5440 ct
1857 5402 2005 5456 pau-

372 5481 535 5537 latim
591 5479 1100 5535 circumveniendo
1158 5482 1367 5533 tenues
1424 5476 1634 5548 Opibus
1691 5482 1745 5530 et
1796 5474 2004 5545 prioris

361 5574 526 5640 parte
554 5569 710 5623 haud
737 5568 961 5623 modica
982 5567 1251 5638 potentiae
1273 5565 1583 5620 destitutos
1616 5563 1781 5620 facile
1801 5579 2001 5636 coege-

363 5664 502 5715 runt
532 5658 642 5716 sibi
676 5658 897 5715 cedere.
924 5657 992 5713 Et
1015 5672 1179 5713 arces
1199 5656 1436 5727 quidem
1470 5653 1630 5727 ipsas
1661 5670 1776 5727 quo
1808 5653 2003 5711 minus

2149 3258 2221 3312 ab
2247 3257 2597 3328 imperatore
2614 3257 2849 3324 solutio,
2873 3267 3114 3314 eatenus
3136 3259 3287 3316 satis
3308 3263 3462 3316 certa
3485 3256 3587 3311 ﬁde
3604 3254 3742 3308 iacta.

2144 3347 2286 3400 Cum
2366 3346 2523 3401 enim
2550 3347 2783 3418 propria
2836 3348 2958 3416 jam
2983 3365 3097 3403 non
3129 3348 3551 3416 haberentquae
3580 3341 3744 3397 defen-

2144 3434 2369 3500 derent,
2400 3434 2524 3491 solo
2554 3434 2653 3491 illo
2693 3440 2845 3491 recte
2873 3438 3165 3492 numerati
3222 3434 3497 3508 stipendii
3548 3427 3741 3486 vinculo

2143 3528 2445 3593 utcunque
2469 3523 2525 3578 in
2562 3524 3255 3594 ofticio‘continebantur,
3287 3530 3527 3581 eatenus
3554 3524 3737 3576 tantum

2141 3617 2203 3665 ut
2235 3616 2438 3666 contra
2469 3620 2877 3683 Oppugnantes
2908 3629 2939 3669 e
2964 3613 3151 3668 vicino
3183 3613 3394 3670 Persas
3450 3621 3739 3684 propugna-

2139 3699 2273 3754 cula
2302 3699 2662 3771 castellaque
2713 3706 3050 3771 tuerentur;
3085 3720 3151 3758 ac
3181 3702 3233 3757 si
3280 3702 3517 3773 quando
3571 3693 3741 3766 majori

2138 3804 2208 3842 ea
2251 3788 2302 3841 vi
2367 3789 2552 3844 Persm
2610 3796 2887 3845 coeuntes
2944 3791 3340 3858 adorirentur,
3375 3785 3677 3845 necessaria
3721 3798 3745 3835 θ

2137 3883 2475 3932 nostrorum
2516 3878 2724 3933 castris
2755 3877 2973 3934 auxilia
3015 3884 3347 3949 evocarent,
3389 3878 3594 3949 quibus
3622 3885 3745 3940 saepe

2135 3967 2194 4021 in
2244 3972 2504 4037 tempore
2551 3969 2735 4037 adjuti
2796 3975 3040 4025 conatus
3087 3971 3347 4027 hostium
3407 3964 3742 4027 reddiderunt

2131 4055 2347 4110 irritos.
2384 4056 2493 4111 Res
2523 4072 2589 4111 eo
2617 4056 2740 4113 loco
2774 4059 3028 4128 fuerunt,
3053 4061 3339 4131 quamdiu
3375 4053 3745 4130 processerunt

2132 4160 2198 4199 ex
2220 4145 2591 4213 imperatoris
2611 4146 2748 4200 tisco
2771 4148 2944 4201 statis
2962 4148 3348 4217 pensionibus
3370 4143 3743 4218 repraesentata

2131 4233 2423 4301 stipendia
2452 4234 2523 4288 de
2565 4250 2743 4290 more.
2774 4234 2916 4291 Toto
2957 4236 3111 4291 enim
3146 4236 3247 4292 illo
3285 4242 3547 4306 tempore
3577 4225 3741 4302 praesi-

2130 4321 2300 4377 diarii
2334 4339 2448 4377 non
2468 4322 2701 4392 quidem
2734 4330 2800 4379 ut
2819 4325 3119 4395 quondam
3150 4324 3327 4398 longe
3351 4319 3743 4380 submovebant

2127 4409 2334 4466 Persas
2364 4415 2422 4465 et
2450 4412 2666 4467 damna
2697 4412 2844 4483 ipsis
2883 4414 3267 4484 reponebant,
3308 4413 3668 4469 excurrentes
3691 4402 3739 4457 in

2126 4502 2313 4555 terras
2343 4508 2637 4563 eorum,et
2667 4501 2905 4557 illorum
2928 4518 3102 4573 agros
3135 4503 3521 4574 regionesque
3548 4502 3741 4552 vastan-

2047 4552 2094 4618 Β
2124 4591 2251 4643 tes:
2285 4594 2500 4656 tamen,
2550 4552 2611 4644 ut
2640 4589 2783 4655 dixi,
2834 4552 3528 4663 locaoobtinebaintvips—i‘s
3556 4583 3744 4642 credita

2126 4677 2452 4747 castrisque
2492 4694 2557 4734 ac
2588 4678 2735 4734 vallo
2767 4678 2955 4735 clausi
2980 4680 3205 4736 fortiter
3235 4680 3559 4736 obstabant
3584 4686 3741 4745 oppu-

2123 4767 2459 4833 gnantibus,
2485 4768 2856 4823 cessantibus
2877 4773 2935 4824 et
2956 4769 3255 4839 negotium
3285 4786 3406 4825 non
3436 4758 3743 4823 facessenti-

2125 4854 2234 4910 bus
2246 4859 2315 4910 de
2328 4860 2532 4912 caetero
2546 4873 2661 4912 non
2677 4858 2905 4913 molesti
2915 4898 2928 4913 .
2945 4860 3017 4913 At
3032 4864 3345 4930 postquam
3365 4856 3596 4929 parcius
3606 4850 3743 4907 dein-

2121 4945 2189 4998 de
2202 4960 2267 4998 ac
2281 4943 2597 5015 malignius
2614 4946 3214 5018 cmperuntstipendia
3232 4946 3743 5019 persolvi,etneque

2120 5032 2190 5086 ad
2225 5031 2376 5086 diem
2413 5049 2601 5104 neque
2632 5035 2734 5091 20
2768 5035 2887 5103 pari
2920 5052 2986 5091 ac
3020 5035 3182 5106 prius
3231 5051 3475 5090 summa
3508 5027 3742 5105 pecunias

2120 5120 2406 5176 militibus
2438 5123 2875 5189 numerabatur,
2911 5122 3233 5194 quinetiam
3270 5122 3447 5178 missi
3499 5137 3564 5177 eo
3594 5113 3741 5171 certis

2115 5208 2438 5265 intervallis
2468 5212 2647 5267 duces
2667 5212 3027 5267 exercituum
3065 5213 3268 5284 praedae
3291 5227 3363 5267 ex
3398 5212 3565 5266 hoste
3594 5208 3743 5277 parte:

2115 5296 2398 5351 divisores
2429 5314 2491 5352 se
2534 5300 2988 5368 constituerunt,
3035 5306 3197 5374 parte
3240 5299 3517 5354 videlicet
3558 5288 3740 5364 majori

2115 5384 2227 5441 sibi
2252 5385 2395 5456 ipsis
2412 5393 2672 5460 excepta,
2691 5389 3092 5446 Romanorum
3119 5389 3286 5445 illum
3313 5387 3568 5444 limitem
3595 5390 3740 5439 tuen-

2111 5476 2259 5531 tium
2297 5475 2617 5533 multitudo
2657 5478 2816 5534 varie
2844 5479 3075 5550 dilapsa
3125 5482 3602 5550 consumptaque
3643 5472 3736 5532 est.

2114 5563 2409 5637 plerisque
2427 5566 2615 5634 caesis,
2640 5566 2847 5624 multis
2870 5585 2986 5639 qua
3002 5568 3056 5622 vi
3090 5585 3200 5641 qua
3226 5573 3440 5623 coacta
3469 5560 3739 5621 deditione

2109 5654 2262 5711 hosti
2321 5654 2622 5727 subjectis.
2669 5655 2761 5710 Sic
2821 5658 3057 5714 domum
3116 5672 3277 5713 arces
3328 5655 3394 5713 in
3451 5655 3735 5711 Persarum
