4034 6200
260 329 374 385 453

1358 333 1456 386 DE
1492 331 1864 386 MICHABLE
1901 329 2346 387 PALEOLOGO
2381 336 2513 389 LIB.
2553 340 2597 390 Ῑ.

3577 344 3682 401 454

261 459 566 531 τυχοῦσαν,
620 453 759 529 πρὸς
817 453 1056 516 ἐκείνους
1111 451 1192 532 ἐφ’
1249 454 1398 530 ᾧπερ
1457 451 1702 541 ἐπισχεῖν
1756 451 1808 515 ἇς
1841 452 1922 507 ἀεὶ
1951 451 2333 541 Απρονόμιον
2384 457 2525 532 εἶχεν
2585 457 2644 514 ἐκ
2699 460 2936 516 παλαιοῦ
2996 464 3071 525 εἰς
3137 470 3326 540 χεῖρας
3381 465 3530 541 ἄγειν
3588 469 3678 525 τὸν

259 543 515 620 ῥέπουσι,
577 544 668 598 καὶ
725 548 833 598 τῶν
878 541 1066 597 ἄλλων
1102 542 1394 620 ἀφεμένοις
1424 542 1527 596 οὐκ
1555 540 1748 615 ὀλίγης
1781 560 1924 616 χρῃ-

263 633 474 702 ζόντων
503 631 842 708 ἐπικουρίας,
889 631 978 686 καὶ
1015 630 1233 704 μᾶλλον
1276 636 1383 686 τῶν
1419 631 1558 706 πρὸς
1589 628 1764 697 δύσιν,
1796 628 1827 684 ἃ
1858 632 1923 699 δὴ

257 723 349 776 καὶ
405 720 748 785 κενωθέντων
805 725 912 774 τῶν
967 718 1306 774 ἀνατολικῶν
1358 720 1528 774 ἐκεῖσε
1574 720 1772 790 τάξεων
1822 720 1926 794 πρὸ

260 811 463 874 τέλους
602 812 772 866 ταῦτα
800 810 1048 884 γενέσθαι
1085 813 1162 883 μή
1197 813 1278 864 ὅτι
1314 832 1376 886 γε
1405 811 1472 865 τὰ
1502 810 1609 882 tua
1658 816 1926 884 προσεξη-

268 903 459 973 μίουν,
494 899 639 955 ἀλλὰ
664 901 751 954 καὶ
787 902 905 954 κατ’
951 900 1089 954 αὑτά
1119 897 1339 972 ἀπόρως
1378 901 1527 975 εἶχον
1555 903 1660 953 τῶν
1696 897 1928 953 δυτικῶν

262 993 403 1045 ποτε
436 991 533 1062 μὲν
563 989 642 1067 ἐφ’
687 992 859 1062 ἡμᾶς,
886 989 1019 1043 ποτὲ
1051 985 1096 1041 δ’
1130 987 1213 1043 ἐπ’
1263 987 1499 1050 ἐκείνους
1553 987 1926 1062 τρεπομένων,

261 1082 358 1133 καὶ
391 1083 460 1152 τῇ
505 1085 604 1146 τῆς
635 1079 869 1153 γνώμης
896 1077 1121 1149 ἀστασίᾳ
1149 1072 1344 1150 τριϐήν
1391 1076 1764 1150 ἐμποιούντων
1811 1082 1926 1138 τοῖς

261 1168 650 1244 ἀμφοτέροις,
707 1168 782 1229 ὡς
840 1166 1126 1238 παρόντων
1190 1167 1284 1238 μὶν
1339 1171 1456 1220 τῶκ
1511 1167 1926 1240 στρατευμάτων

264 1256 448 1332 χωρὶς
508 1254 822 1310 ὐποκλίνειν
882 1255 1142 1329 ἀνάγκης,
1193 1255 1491 1329 ἀνακωχῆς
1535 1252 1594 1308 δὲ
1633 1256 1930 1329 γενομένης

259 1348 352 1403 έπῖ
413 1346 645 1419 σμικρὸν
699 1346 837 1419 πρὸς
895 1344 1091 1417 θάτερα
1151 1343 1304 1406 αὖθις
1364 1342 1566 1420 ῥᾳδίως
1622 1345 1923 1418 τρέπεσθαι.

262 1439 311 1493 εἰ
376 1436 540 1508 μόνον
592 1434 726 1489 ἴοιεν
764 1436 878 1506 μεθ’
912 1432 1100 1488 ὅπλων
1137 1433 1222 1488 ἐπ’
1251 1434 1470 1496 αὐτούς.
1505 1435 1664 1492 Οὕτω
1697 1434 1743 1488 δ’
1767 1431 1932 1510 ἐχόν-

260 1548 375 1582 των
403 1527 513 1582 τῶν
543 1531 643 1593 τῆς
672 1525 950 1592 ἀνατολῆς
999 1525 1080 1596 [Ρ.
1122 1526 1205 1596 10]
1257 1523 1346 1578 καὶ
1377 1523 1520 1578 οὕτω
1577 1529 1684 1578 τῶν
1735 1521 1934 1598 δυσχε-

260 1619 376 1689 ρῶν
435 1613 726 1682 ἐπιόντων,
786 1610 840 1674 ἐς
897 1611 925 1665 ὃ
981 1612 1162 1686 τύχης
1218 1610 1438 1685 ὕστερον
1485 1611 1553 1666 τὰ
1581 1613 1722 1667 κεῖθι
1754 1613 1934 1688 πράγ-

263 1724 412 1776 ματα
467 1696 788 1776 προῦϐησαν
845 1700 1060 1762 ἐσαῦθις
1120 1701 1347 1775 ἐροῦμεν
1384 1744 1398 1768 ,
1468 1700 1786 1776 προσθέντες
1841 1710 1933 1764 καὶ

2033 539 2229 617 ἔχοντα
2257 549 2420 599 τοῦτο
2483 548 2617 602 ἅπαν
2677 550 2740 604 τὸ
2793 550 2844 620 ἐξ
2902 552 3128 607 Ἰταλῶν
3177 557 3680 629 στρατιωτικὸνκαῖ

2033 631 2302 705 ὑπήκοον)
2361 633 2606 698 ὕποπτος
2669 639 2763 710 μὲν
2825 639 2900 701 εἷς
2963 641 3240 715 βασιλείαν
3292 644 3372 698 ἀεί
3433 649 3555 700 ποτ’
3611 648 3680 717 ἦν

2031 720 2119 774 καὶ
2175 717 2364 793 δῆλος,
2425 723 2474 794 ἐξ
2533 726 2604 779 ὢν
2662 728 3090 802 ὑποκαθημένων
3146 730 3679 807 εὗχε,νεωτερίσων,

2032 809 2077 864 εἰ
2134 815 2324 883 καιροῦ
2357 808 2614 885 λάϐηται,
2668 817 2734 871 τὰ
2795 820 2958 872 πιστά
3017 817 3073 873 δὲ
3130 817 3254 882 δοὺς
3318 827 3398 894 τῷ
3426 828 3520 877 τοῦ
3551 845 3679 900 κρα-

2029 903 2252 961 τοῦντος
2312 903 2474 975 πατρὶ
2525 903 2814 980 ἀσφαλέσιν
2877 909 3084 981 ὅρκοις,
3139 909 3227 963 καὶ
3263 907 3328 978 δὴ
3367 913 3456 965 καὶ
3489 913 3682 988 ἀρχιε-

2033 992 2275 1058 ρατικαῖς
2374 987 2708 1060 ἐμπεδωθεῖς

2033 1075 2234 1130 ἐκεῖνον
2296 1076 2448 1152 ἀραῖς
2477 1124 2490 1144 ,

2804 995 3186 1071 ἀφοριζούσαις
3268 1003 3374 1053 τῶν
3472 1022 3677 1056 πιστων

2550 1079 2604 1134 εἷ’
2654 1102 2759 1135 που
2816 1083 2904 1137 καὶ
2973 1085 3293 1141 ἀποστατεῖν
3353 1097 3677 1166 προαιροῖτο

2030 1163 2121 1218 καὶ
2199 1163 2438 1220 δυσνοεῖν
2495 1168 2642 1231 ὅλως
2709 1177 2826 1232 τοῖς
2887 1174 3262 1248 βασιλεύουσιν
3302 1221 3313 1232 .
3376 1179 3473 1231 Καὶ
3528 1183 3675 1234 ταῦτ’

2033 1251 2322 1327 ἐπράττετο
2357 1298 2370 1323 ,
2428 1256 2517 1310 ὅτε
2571 1260 2669 1327 τὴν
2729 1264 2832 1314 τῶν
2891 1259 3120 1316 δυτικῶν
3181 1263 3676 1340 έμπεπιστευμένος

2033 1343 2176 1416 παρᾶ
2221 1348 2318 1397 τοῦ
2354 1345 2624 1419 βασιλέως
2654 1347 2831 1422 ἀρχὴν
2869 1349 3041 1404 αἰτίαν
3093 1345 3222 1426 ἔσχε
3267 1359 3363 1407 τοῦ
3413 1357 3681 1426 συνθήκας

2033 1435 2205 1484 ποιεῖν
2259 1429 2326 1485 δι’
2359 1434 2683 1509 ἀπορρήτων
2740 1438 2877 1512 πρὸς
2904 1439 2994 1492 τὸν
3051 1437 3318 1510 δεσπότην
3365 1447 3473 1496 τῶν
3526 1441 3680 1499 δυτι-

2033 1523 2144 1573 κῶν
2179 1520 2412 1595 Μιχαὴλ
2454 1523 2544 1577 τὸν
2597 1525 2881 1600 Ἄγγελον,
2938 1526 3019 1605 ἐφ’
3079 1529 3124 1600 ᾧ
3173 1538 3534 1606 κατεγγυῆσαι
3591 1533 3683 1587 τὸν

2038 1604 2304 1678 δεσπότην
2351 1610 2534 1683 ἐκείνῳ
2581 1613 2678 1681 τήν
2734 1611 2867 1668 ῗδίαν
2915 1614 3082 1670 παῖδα
3109 1617 3246 1693 πρὸς
3273 1619 3471 1694 γάμον,
3524 1620 3680 1677 αὐτὸν

2040 1692 2096 1750 δέ
2152 1694 2486 1770 παραδοῦναι
2539 1702 2639 1768 τήν
2698 1705 2793 1755 τοῦ
2850 1703 3119 1778 βασιλέως
3155 1692 3384 1781 χώραν,
3443 1709 3531 1763 καὶ
3595 1710 3682 1765 ὑπ’

256 1793 359 1854 τὰς
414 1790 619 1853 αἰτίας·
682 1792 822 1852 τέως
882 1787 927 1843 δ’
985 1788 1075 1844 οὖν
1112 1785 1542 1853 ἐπαναλαϐόντες
1586 1791 1678 1845 τὸν
1740 1787 1926 1865 λόγον,
1957 1826 2003 1888 Β
2039 1783 2225 1857 ἐκείνῳ
2269 1787 2554 1860 γενόμενον
2605 1791 2966 1866 συμπράττειν
3026 1793 3101 1855 ὠς
3155 1794 3296 1858 εἰκὸς
3352 1798 3451 1866 τὴν
3502 1800 3680 1874 ἀρχὴν

257 1881 361 1947 τὴν
425 1879 630 1954 ἀρχὴν,
663 1877 715 1948 ἐξ
748 1878 916 1953 οὗπερ
973 1878 1063 1932 καὶ
1108 1878 1173 1932 οὐ
1225 1884 1412 1952 χεῖρον
1445 1880 1728 1954 ἄρχεσθαι,
1763 1899 1923 1952 μετα-

257 1971 362 2039 στή
375 1988 566 2040 σομεν,

261 2086 325 2154 ζ’.
367 2086 592 2158 Α⁹Οπως
641 2082 756 2158 *ἐπὶ
836 2081 1114 2158 βασιλέωςΔ
1188 2087 1322 2158 τοῦ-
1358 2081 1616 2158 Ἰωάννου
1689 2082 1778 2158 έπὶ
1851 2087 1920 2158 τῇ

334 2155 414 2216 εἷς
513 2139 758 2231 βασιλεῖς
829 2139 1006 2209 irin-ret
1224 2153 1609 2230 Παλαιολόγος
1684 2139 1918 2230 Μιχαὴλ

332 2248 476 2297 κατη
486 2224 552 2304 σ’νρ
561 2224 629 2281 αλ
639 2227 801 2295 ίζετο.

331 2321 482 2394 ’Ήδη
537 2324 632 2396 μὲν
691 2322 1158 2398 αὐτοκρατοῦντος
1219 2323 1355 2395 μετά
1404 2321 1608 2397 πατέρα
1659 2326 1754 2376 τοῦ
1811 2321 1921 2377 Λά-

258 2434 438 2487 σκαρη
501 2410 810 2486 Θεοδώρου,
856 2412 884 2465 6
942 2409 1029 2465 ἐπὶ
1076 2413 1301 2486 θυγατρί
1355 2410 1682 2485 αὐτανεψίου
1715 2409 1918 2466 ἐκείνου

257 2496 516 2576 γαμϐρὸς
569 2501 596 2554 ὁ
658 2497 1040 2573 Παλαιολόγος
1097 2496 1330 2573 Μιχαὴλ
1387 2502 1466 2569 τῷ
1520 2502 1616 2552 τοῦ
1677 2497 1917 2573 μεγάλου

254 2585 635 2643 κονοσταύλου
711 2584 1022 2661 διαπρέπων
1101 2585 1369 2659 ἀξιώματι
1449 2586 1532 2659 (τὸ
1601 2584 1646 2640 δ’
1705 2586 1916 2658 ἀξίωμα

254 2810 545 2862 venerunt
581 2809 922 2877 potestatem
955 2824 970 2874 ;
1004 2820 1072 2860 ex
1103 2804 1319 2877 quibus
1347 2808 1723 2876 erumpentes
1776 2821 1912 2877 age-

253 2900 388 2950 rent
420 2895 762 2967 ferrentque
791 2897 1116 2949 Romanum
1149 2892 1396 2948 limitem
1430 2893 1658 2964 quoties
1682 2892 1909 2961 liberet,

250 2983 665 3054 Romanisque
697 2983 1046 3039 exercitibus
1085 2981 1575 3039 molestissimum
1610 2983 1908 3054 negotium

247 3074 607 3147 praeberent,
642 3072 778 3142 alia,
825 3071 1147 3144 praesertim
1206 3071 1265 3126 in
1325 3071 1588 3128 occiduis
1621 3071 1908 3144 partibus,

251 3162 645 3235 quantumvis
669 3162 934 3232 urgentia
955 3167 1012 3216 et
1033 3177 1140 3232 ope
1162 3159 1251 3214 vel
1284 3160 1535 3216 maxime
1557 3160 1901 3233 indigentia,

245 3258 316 3307 ut
375 3251 476 3307 his
535 3250 1233 3315 obsisterent,_omittere
1289 3250 1526 3305 coactis.
1587 3253 1720 3316 Qum
1778 3255 1904 3306 erat

247 3341 478 3396 misera
503 3347 555 3394 et
581 3338 914 3411 reipublicae
974 3339 1262 3394 damnosa
1312 3339 1557 3408 jactatio
1607 3339 1909 3410 copiarum

247 3434 624 3494 nostrarum,
658 3444 814 3483 nunc
839 3446 871 3483 a
893 3428 1106 3493 Persis,
1131 3443 1265 3482 cum
1292 3443 1390 3482 eos
1416 3427 1643 3482 minuto
1669 3445 1912 3483 numero

246 3520 401 3573 citra
426 3533 712 3589 magnum
748 3516 1072 3588 periculum
1114 3516 1406 3572 instantes
1457 3523 1777 3585 cernerent,
1841 3518 1911 3572 ad

249 3609 560 3664 Romanos
600 3621 662 3660 se
713 3605 1204 3673 convertentium,
1264 3621 1474 3659 rursus
1532 3621 1664 3659 cum
1728 3606 1914 3660 redire

251 3697 441 3752 iidem
482 3695 756 3750 fortiores
803 3693 1419 3764 formidolosioresque
1478 3695 1914 3762 nuntiarentur,

253 3802 324 3841 co
361 3784 836 3857 respectantium
870 3789 1111 3855 totaque
1167 3783 1220 3835 vi
1282 3784 1740 3848 occurrentium,
1801 3784 1916 3840 ista

262 3875 533 3948 quadam
566 3871 979 3928 incertitudine
1037 3871 1416 3928 consiliorum
1479 3888 1543 3926 ac
1603 3872 1918 3928 desultoria

256 3962 684 4020 vicissitudine
715 3961 970 4018 bellandi
1007 3977 1279 4032 magnam
1315 3961 1566 4016 securim
1620 3960 1920 4033 inﬂigente

257 4052 646 4108 successibus
689 4068 754 4106 ac
806 4050 1194 4123 tianquilitati
1259 4050 1524 4122 publica).
1578 4054 1696 4106 Hoc
1763 4056 1917 4106 statu

257 4140 630 4197 Orientalem
663 4156 882 4205 rerum,
913 4145 970 4194 et
1008 4139 1066 4193 in
1128 4139 1286 4193 hunc
1319 4139 1557 4194 modum
1596 4139 1918 4210 ingruenti-

255 4231 373 4286 bus
408 4229 695 4290 adversis.
727 4245 844 4300 quo
876 4229 1112 4284 tandem
1148 4244 1239 4282 res
1273 4231 1505 4282 nostras
1554 4228 1789 4282 fortuna
1820 4230 1918 4283 de-

255 4317 532 4383 truserit,
568 4317 842 4390 deinceps
877 4317 1238 4378 narrabitur
1302 4315 1581 4387 expositis
1605 4322 1916 4371 eventuum

257 4408 487 4464 causis.
524 4408 798 4479 Adeoque
821 4406 958 4463 hinc
1015 4411 1252 4478 sumpto
1312 4405 1551 4462 exordio
1611 4405 1919 4461 historiam

261 4496 736 4569 suspicabimur.

2029 1879 2109 1947 τῷ
2184 1873 2416 1951 δεσπότῃ
2498 1879 2585 1933 καὶ
2640 1885 2878 1956 πενθερῷ
2913 1925 2924 1936 .
2994 1882 3429 1959 Προσαγγελθεὶς
3489 1884 3536 1942 δ’
3592 1873 3681 1942 ἐπὶ

2030 1965 2208 2036 τούτῳ
2261 1965 2396 2042 πρὸς
2447 1965 2672 2039 βασιλέα
2718 1970 2852 2042 πρὸς
2903 1971 3138 2042 οἰκέτην,
3189 1975 3233 2045 ᾧ
3265 1971 3321 2028 δὲ
3365 1975 3454 2028 καὶ
3488 1975 3554 2030 τὰ
3579 1981 3680 2046 τῆς

2036 2051 2281 2128 βουλῆς,
2340 2055 2415 2116 ὡς
2473 2053 2676 2119 ἐκεῖνος
2735 2065 3056 2134 κατηγορῶν
3114 2055 3308 2136 ἔλεγε,
3362 2066 3679 2137 προσανετίο

2032 2153 2152 2206 θετο
2187 2185 2200 2210 ,
2260 2143 2568 2217 ἀνήρπαστό
2619 2165 2678 2200 τε
2733 2149 2831 2215 τὴν
2891 2147 3156 2222 ταχίστην
3194 2151 3526 2226 παραλυθείς
3579 2161 3678 2222 τῆς

2031 2230 2231 2306 ἀρχῆς,
2287 2233 2377 2286 καὶ
2420 2237 2488 2306 τῇ
2538 2233 2757 2310 φυλακῇ
2814 2234 3169 2312 σιδηρόδετος
3219 2239 3549 2316 ἒρῥιπτεῖτο·
3584 2245 3677 2313 Mill

2031 2317 2206 2388 δήλου
2265 2317 2321 2374 δὲ
2377 2322 2622 2396 γενέσθαι
2681 2321 2983 2396 δυναμένου
3039 2331 3134 2380 τοῦ
3191 2332 3676 2405 κατηγορήματος,

2029 2405 2235 2478 ἄδηλον
2287 2409 2344 2463 ’ὀν
2401 2409 2496 2464 εἴτ’
2530 2411 2789 2479 ἀληθεῦοι
2824 2413 2851 2466 6
2881 2415 3339 2492 προσαγγέλλων,
3373 2420 3447 2483 ὡς
3476 2419 3677 2483 ἐκεῖνος

2030 2495 2342 2571 ἰσχυρίζετο
2376 2544 2391 2568 ,
2455 2495 2559 2553 εἷ’τε
2619 2503 3018 2578 συκοφαντοίη,
3079 2505 3155 2566 ὡς
3212 2507 3238 2560 6
3298 2505 3676 2585 Παλαιολόγος

2026 2585 2392 2662 ἀντεπιφέρων
2451 2586 2672 2662 ἕτοιμος
2726 2591 2790 2659 ἦν
2853 2591 2984 2669 ὑπὲρ
3017 2592 3277 2664 ἀληθείας
3337 2605 3676 2674 μονομαχεῖν

2021 2823 2154 2861 cum
2180 2823 2282 2878 spe
2309 2807 2508 2878 aliqua
2541 2811 2826 2864 tentandae
2857 2813 3188 2880 opportuna
3243 2812 3473 2867 occasio
3521 2830 3671 2884 prae-

2021 2895 2202 2950 beret.
2229 2895 2427 2949 Fidem
2464 2895 2558 2951 ille
2611 2901 2806 2952 tamen
2866 2899 3089 2969 parenti
3129 2898 3505 2969 imperatoris
3563 2901 3658 2954 fir-

2021 2984 2290 3039 missimo
2313 2984 2704 3054 jurejurando
2734 2985 3085 3041 astrinxerat
3116 3004 3128 3041 :
3162 2991 3220 3042 et
3239 3004 3302 3042 se
3326 2987 3498 3058 ultro,
3525 2989 3670 3044 sub-

2012 3071 2226 3142 jiciens
2248 3073 2670 3142 pontificalium
2695 3074 3135 3130 anathematum
3161 3075 3305 3130 diris
3333 3093 3509 3147 quam
3544 3093 3674 3132 ma-

2019 3161 2173 3214 xime
2199 3159 2528 3225 horrendis,
2559 3161 2607 3215 si
2634 3179 2892 3232 unquam
2919 3168 3020 3218 aut
3040 3163 3283 3218 deficere
3311 3169 3414 3219 aut
3433 3165 3674 3220 omnino

2019 3247 2306 3303 dissidere
2338 3249 2410 3303 ab
2443 3248 2899 3318 impecatoribus
2941 3253 2999 3306 in
3043 3252 3309 3307 animum
3369 3253 3676 3310 induceret

2019 3336 2382 3408 persuasisse
2405 3338 2716 3393 videbatur
2739 3353 2800 3394 se
2818 3344 3183 3395 constantem
3214 3341 3272 3395 in
3296 3342 3488 3398 ofﬁcio
3514 3343 3674 3397 futu-

2021 3443 2150 3481 rum
2185 3446 2199 3494 ;
2234 3443 2367 3481 eum
2400 3426 2734 3482 Occidentis
2771 3429 3178 3497 procuratione
3209 3429 3320 3485 sibi
3354 3432 3427 3485 ab
3487 3431 3670 3503 impe-

2019 3521 2208 3571 ratnre
2239 3517 2476 3580 credita,
2534 3516 2815 3572 initarum
2867 3517 3094 3574 occulte
3146 3521 3480 3591 pactionum
3536 3538 3669 3579 cum

2021 3605 2351 3660 Occidentis
2383 3607 2629 3676 despota
2677 3606 2953 3662 Michaele
3018 3608 3239 3679 Angelo
3297 3610 3675 3666 insimulatus

2022 3699 2130 3748 est.
2164 3694 2453 3748 Nimirum
2496 3694 2648 3748 inter
2698 3711 2797 3749 eos
2835 3697 3182 3752 convenisse
3232 3699 3547 3765 ferebatur,
3611 3706 3677 3756 ut

2023 3783 2461 3853 despotafiliam
2485 3783 2874 3854 desponderet
2898 3784 3238 3856 Palmologo,
3263 3786 3359 3842 ille
3389 3788 3676 3858 vicissim,

2027 3889 2130 3944 pro
2165 3889 2231 3926 ea
2254 3888 2371 3941 qua
2395 3871 2638 3943 polleret
2661 3873 2811 3944 apud
2839 3873 3179 3943 imperatori
3209 3877 3505 3946 subjectae
3531 3894 3675 3949 gen-

2027 3965 2114 4015 tes
2145 3965 2202 4015 et
2233 3962 2384 4032 apud
2409 3961 2728 4016 exercitum
2780 3963 3146 4028 auctoritate,
3180 3965 3404 4020 ambitu
3438 3971 3494 4020 et
3557 3969 3684 4022 suf-

2027 4049 2355 4120 fragatione
2385 4066 2491 4103 suo
2521 4049 2669 4104 viam
2701 4052 2768 4104 ad
2807 4050 3116 4121 imperium
3156 4069 3354 4107 socero
3399 4055 3676 4111 muniret.

2027 4139 2141 4194 Hac
2166 4139 2236 4192 de
2264 4155 2322 4192 re
2355 4139 2504 4208 apud
2541 4137 2952 4209 imperatorem
2990 4156 3091 4210 per
3119 4140 3460 4197 familiarem
3522 4144 3680 4200 dela-

2028 4233 2121 4282 tus
2145 4229 2338 4298 (quem
2375 4226 2558 4281 totius
2585 4226 2838 4292 consilii,
2868 4233 2928 4281 ut
2961 4229 3085 4299 ipse
3111 4232 3440 4287 accusando
3465 4232 3681 4300 aiebat,

2030 4316 2372 4386 participem
2397 4315 2630 4382 fecerat)
2662 4320 2924 4369 actutum
2985 4319 3448 4388 comprehensus
3477 4325 3531 4376 et
3589 4338 3679 4376 re-

2028 4405 2233 4458 dactus
2268 4405 2323 4458 in
2357 4405 2622 4458 ordinem
2675 4404 3020 4474 catenisque
3078 4408 3404 4462 contrictus
3461 4411 3676 4464 carceri

2030 4493 2302 4548 traditur.
2341 4499 2419 4547 Ac
2465 4509 2799 4564 quanquam
2861 4493 3023 4549 nullo
3077 4496 3221 4550 satis
3271 4498 3521 4552 evidenti
3571 4515 3680 4554 ex-

333 4605 387 4657 7_
430 4603 495 4660 ω
527 4604 842 4673 imperante
870 4603 1099 4670 Joanne,
1124 4602 1414 4658 Michaelis
1440 4599 1762 4670 ραιέεοιορί
1790 4602 1919 4670 ﬁdes
1950 4569 1995 4632 D
2029 4586 2221 4636 stante
2243 4583 2383 4673 tanti
2412 4581 2680 4673 criminis
2706 4581 2939 4673 indicis,
2964 4584 3172 4638 merito
3196 4585 3562 4641 dubitaretur
3579 4589 3679 4644 22

607 4691 737 4743 erga
758 4676 1113 4746 imperatores
1139 4674 1359 4743 ﬁrmata
1386 4673 1579 4744 fuerit.

338 4765 434 4820 21
469 4766 801 4835 Imperante
820 4763 944 4833 jam
960 4762 1260 4818 Theodoro
1292 4762 1515 4818 Lascari
1540 4766 1670 4832 post
1693 4765 1911 4831 patrem

262 4854 366 4925 qui
398 4851 584 4907 ﬁliam
617 4851 844 4923 nepotis
888 4851 1016 4920 ejus
1058 4868 1126 4907 ex
1161 4851 1336 4907 fratre
1395 4850 1768 4906 matrimonio
1802 4851 1912 4906 sibi

255 4943 561 5011 junxerat,
592 4939 833 4996 Michael
892 4938 1276 5012 Palaeologus,
1333 4938 1532 5009 magni
1589 4939 1913 4994 conostauli

263 5031 558 5104 dignitate
589 5030 965 5102 conspicuus,
999 5033 1055 5085 et
1104 5030 1278 5085 istius
1317 5029 1691 5101 magistratus
1736 5029 1912 5083 veteri

254 5119 393 5190 jure
421 5135 490 5174 ac
517 5118 821 5191 privilegio
845 5119 1079 5175 Italicas
1109 5134 1314 5175 omnes
1336 5117 1534 5190 copias
1556 5117 1611 5172 in
1633 5122 1913 5189 potestate

263 5207 516 5276 habens,
553 5223 785 5278 semper
815 5208 1106 5264 obnoxius
1166 5207 1602 5277 suspicionibus
1663 5207 1911 5262 affectati

265 5297 454 5368 regni,
487 5303 621 5352 vota
649 5298 775 5367 ejus
808 5299 1039 5370 generis
1073 5302 1265 5353 mente
1314 5295 1458 5352 clam
1505 5297 1714 5351 intima
1771 5297 1913 5351 sub-

265 5385 521 5442 sidentis
561 5387 780 5443 frustra
817 5386 941 5458 ipso
993 5386 1239 5457 celante,
1288 5402 1420 5441 cum
1481 5386 1633 5441 ultro
1683 5385 1916 5440 indiciis

265 5481 661 5547 erumperent,
717 5476 1091 5532 manifestum
1127 5479 1538 5548 argumcntum
1594 5474 1912 5547 praebuisse

267 5565 431 5622 visus
461 5571 552 5622 sst
580 5565 922 5621 ambitionis
957 5565 1237 5622 iubiantis
1299 5564 1676 5630 novitatibus,
1732 5567 1788 5619 et
1835 5564 1906 5618 ad

264 5655 494 5727 aliquid
548 5655 884 5710 audendum
951 5660 1336 5725 prorupturis,
1404 5654 1453 5708 si
1515 5670 1576 5707 se
1638 5652 1753 5708 ulla
1833 5653 1910 5708 rei

2033 4688 2243 4724 verane
2291 4671 2519 4725 delator
2551 4672 2745 4739 ferret,
2771 4676 2833 4725 ut
2864 4671 2989 4742 ipse
3019 4673 3431 4741 contendebat,
3485 4693 3556 4730 an
3591 4693 3683 4731 ca-

2025 4759 2374 4828 lumniatur,
2438 4759 2520 4812 uti
2583 4765 2785 4814 contra
2843 4762 3230 4830 pertendebat
3289 4763 3676 4836 Palmologus,

2023 4852 2292 4920 paratum
2325 4865 2386 4904 se
2416 4847 2698 4903 exhibens
2731 4852 2795 4903 axi
2832 4866 3000 4904 suam
3038 4851 3434 4908 innocentiam
3469 4855 3672 4927 singu-

2023 4937 2164 4992 laris
2195 4938 2534 4993 certaminis
2566 4939 2964 5008 experimento
2996 4941 3518 5011 comprobandam,
3551 4961 3680 5016 qum

2023 5026 2334 5081 dubiarum
2353 5026 2794 5080 accusationum
2819 5029 3255 5099 purgandarum
3275 5031 3421 5086 ratio
3436 5033 3680 5103 antiquo

2023 5116 2432 5186 imperatorem
2468 5116 2846 5185 comprobato
2881 5133 2992 5172 usu
3026 5118 3294 5185 invaluit,
3325 5127 3517 5174 tamen
3571 5137 3676 5175 nec

2023 5204 2107 5258 sic
2138 5202 2376 5258 amoleri
2410 5203 2812 5274 suspicionem
2848 5211 2949 5260 aut
2983 5206 3149 5278 plene
3184 5209 3406 5262 diluere
3430 5211 3680 5279 cogitate

2023 5293 2365 5348 defectionis
2397 5294 2615 5348 crimen
2652 5294 2871 5361 valens,
2908 5295 3086 5367 longo
3133 5303 3394 5368 tempore
3450 5299 3677 5352 vinctus

2023 5385 2411 5440 detinebatur.
2439 5386 2700 5456 Cumque
2725 5385 2824 5440 diu
2860 5385 3060 5440 nullus
3084 5391 3237 5441 esset
3267 5388 3369 5458 qui
3405 5405 3507 5459 pro
3556 5392 3672 5440 tam

2023 5478 2294 5543 suspecto
2343 5491 2438 5529 reo
2472 5477 2883 5545 imperatorem
2929 5473 3150 5546 alloqui
3201 5477 3460 5540 auderet,
3501 5473 3675 5528 exsti-

2022 5565 2090 5618 tit
2120 5564 2347 5620 tandem
2380 5568 2522 5618 tune
2559 5563 2990 5635 patriarchatus
3053 5564 3273 5618 honore
3325 5561 3676 5635 praefulgens

2027 5652 2284 5719 Manuel,
2316 5653 2418 5726 qui
2448 5670 2579 5708 cum
2601 5654 2723 5722 jam
2761 5653 2960 5725 plures
2991 5668 3224 5708 menses
3257 5651 3316 5706 in
3346 5651 3524 5724 Lydia
3559 5669 3676 5708 una
