4034 6200
339 341 446 400 455

1641 320 1944 383 GEORGII
1981 323 2446 380 PACHYMERB

3651 326 3768 381 456

338 467 476 523 κατά
530 487 584 519 τι
635 466 907 536 κρατῆσαν
963 456 1053 512 ἐπὶ
1110 459 1228 516 τοῖς
1282 452 1512 524 ἀδήλοις
1541 451 1648 504 τῶν
1680 450 2071 524 προσαγγε-Α
2103 467 2250 536 στοις
2316 449 2653 524 ἀρχιερεῦσι,
2740 445 2956 504 στέΛλει
3041 449 3178 520 πρὸς
3253 446 3346 504 τὸν
3433 453 3769 524 κρατοῦντα,

342 556 476 612 λιῶν
537 553 766 625 ἀρχαῖον
825 542 943 608 ἔθος
1001 549 1120 607 τοῖς
1165 541 1500 618 βασιλεῦσιν,
1536 541 1688 611 ὅμως
1718 538 1816 605 τὴν
1857 538 1990 625 ὑπο-

341 643 465 716 ψίαν
524 621 772 711 ούκνεῖχε
801 633 1184 697 διολισθαίνειν
1213 629 1301 685 καὶ
1348 631 1409 684 τὸ
1465 635 1563 697 τῆς
1613 625 1863 687 ἀπιστίας
1906 621 1991 700 ἔγ-

342 713 535 802 κλημα
593 727 669 790 εἷς
717 723 876 785 τέλος
956 719 1354 794 διαδιδράσκειν
1391 765 1406 789 ,
1469 714 1597 771 ἀλλ’
1672 713 1753 792 ἐφ’
1808 715 1988 768 ἱκανὸν

345 819 544 895 χρόνον
603 819 672 888 τῇ
731 813 950 891 φυλακῇ
1007 811 1294 884 κατείχετο
1325 807 1565 879 δὲσμιος,
1596 806 1682 859 καὶ
1717 807 1751 872 ἡ
1787 802 1994 876 ὑποψία

338 891 570 983 προσῆν.
631 906 719 966 Ὡς
771 901 816 956 δ’
875 899 974 955 οὐκ
1028 903 1091 968 ἦν
1157 899 1289 971 ὑπὲρ
1341 895 1543 950 ἐκείνου
1576 891 1745 948 ἄλλον
1778 891 1989 964 τολμᾷν

341 979 432 1052 καὶ
462 989 774 1069 πρεσϐεύειν
831 994 911 1061 [Ρ.
947 991 1029 1062 li]
1073 992 1152 1059 τῷ
1204 983 1441 1062 βασιλεῖ,
1501 985 1528 1037 ὁ
1585 979 1841 1052 τηνικάδε
1889 1001 1991 1034 πα-

337 1068 680 1161 τριαρχεύων
739 1077 1002 1147 Μανουήλ
1052 1076 1135 1130 ἐπὶ
1195 1075 1326 1148 μησὶ
1372 1072 1647 1132 πλείστοις
1694 1068 1989 1143 συνδιάγων

338 1155 477 1229 κᾷτά
508 1155 725 1226 λυδίαν
783 1172 863 1239 τῷ
919 1163 1151 1241 βασιλεῖ,
1216 1162 1330 1217 ἐπεὶ
1387 1160 1523 1236 πρὸς
1572 1155 1752 1232 ἔδοξον
1798 1160 1860 1228 ἧν
1902 1157 1991 1212 καὶ

340 1261 509 1328 δῆλος
564 1260 630 1329 ἦν
690 1260 718 1314 ὁ
774 1259 986 1331 κρατῶν
1046 1251 1181 1328 πρὸς
1239 1253 1402 1327 χάριν
1459 1250 1636 1304 τελεῖν
1667 1270 1716 1302 τι
1749 1251 1830 1319 τῷ
1857 1248 1994 1321 ἱερεῖ

341 1350 841 1426 προθυμούμενος,
916 1343 1085 1399 αὐτίκ’
1164 1341 1367 1402 ἐκεῖνος
1446 1339 1596 1415 ἀφεὶς
1657 1335 1835 1391 τᾶλλα
1890 1337 1990 1404 τήν

341 1423 472 1515 ὑπὲρ
528 1423 627 1493 τοῦ
679 1432 1036 1511 σιδηροδέτου
1094 1425 1383 1507 πρεσϐείαν
1445 1427 1630 1502 εἰσῆγε
1664 1471 1678 1497 ,
1751 1423 1842 1479 καὶ
1920 1425 1994 1489 ὡς

341 1525 844 1599 συκοφαντούμενον
927 1521 1132 1577 ἱκέτευε
1216 1516 1604 1590 κατοικτείρειν
1719 1537 1744 1568 ι
1820 1513 1885 1568 Εἴ
1946 1510 1992 1567 δ’

339 1619 454 1688 οὗν,
486 1617 633 1672 ἀλλά
685 1617 761 1688 μὴ
795 1614 940 1687 παρά
971 1611 1055 1665 σοὶ
1111 1612 1384 1683 καθαρῶς,
1444 1604 1570 1682 ἔφη,
1615 1607 1711 1673 τῆς
1763 1603 1995 1677 ὑποψίας

338 1711 574 1787 ἀρεῖται,
634 1707 678 1760 ὧ
739 1701 987 1781 βασιλεῖ),
1047 1699 1174 1756 ἀλλ’
1226 1699 1430 1758 ἐκεῖνος
1486 1697 1548 1750 τὸ
1605 1697 1796 1750 πιστὸν
1831 1691 1990 1748 δώσει

338 1782 472 1873 πρὸς
526 1795 771 1864 τούπιὸν,
830 1793 925 1854 τὰς
953 1798 1054 1860 τῆς
1105 1787 1437 1858 Ἐκκλησίας
1495 1786 1575 1864 ἐφ’
1602 1785 1788 1839 ἑαυτὸν
1822 1782 1992 1838 ἐπιτι-

343 1891 532 1961 μήσεις
577 1881 1007 1956 καταδεξάμενος
1039 1924 1055 1950 ,
1115 1882 1200 1940 αῖς
1253 1877 1345 1932 καὶ
1407 1874 1554 1950 μάλα
1609 1871 1991 1946 κατεμπεδού-

342 1997 500 2051 μενος
558 1974 646 2028 καὶ
705 1973 834 2027 αὐτὸ
895 1968 961 2039 δὴ
1019 1970 1081 2025 τὸ
1139 1965 1532 2042 ἀκατὲργαστον
1587 1968 1683 2018 τοῦ
1712 1964 1835 2025 νοὸς
1869 1961 1991 2036 περὶ

335 2063 664 2125 ἀποστασίας
699 2060 958 2132 ἐνθύμιον
1015 2057 1076 2113 ού
1131 2058 1487 2131 προσήσεται,
1549 2051 1692 2108 ἀλλά
1748 2073 1809 2126 γε
1857 2057 1988 2127 Χρι-

336 2153 547 2214 στιανὸς
579 2150 654 2206 ὢν
681 2153 781 2220 τήν
813 2154 910 2204 τοῦ
950 2145 1271 2216 Θεοῦδίκην
1307 2144 1620 2223 φυλάξεται,
1649 2141 1738 2195 καὶ
1772 2139 1986 2202 ἀδόλως

334 2242 560 2315 ἐμμενεῖ
586 2246 704 2302 τοῖς
752 2241 936 2315 ὅρκοις
969 2239 1044 2300 εἰς
1094 2238 1195 2306 τήν
1253 2235 1389 2310 πρὸς
1448 2234 1505 2286 σὲ
1563 2231 1740 2286 πίστιν
1787 2231 1874 2284 καὶ
1925 2229 1987 2284 τὸ

334 2333 488 2406 γένος
515 2331 578 2385 τὸ
628 2329 742 2386 σόν.
805 2353 832 2380 ››
891 2326 1078 2388 Οὖτως
1112 2324 1331 2380 εἰπόντα
1376 2320 1615 2377 δυσωπεῖ
1655 2321 1754 2389 τήν
1805 2317 1985 2389 δὲησιν

335 2421 362 2474 6
421 2423 658 2493 κρατῶν,
712 2416 802 2473 καὶ
862 2416 1094 2471 ἐπινεύει
1153 2416 1289 2487 πρὸς
1345 2413 1441 2481 τὴν
1511 2415 1607 2466 τοῦ
1663 2409 1987 2482 κατακρίτου

334 2510 696 2582 συμπάθειαν,
772 2506 969 2580 εὐμενῆ
1056 2503 1298 2564 συνόλως
1389 2499 1576 2572 ἐκείνῳ
1661 2499 1760 2567 τὴν
1850 2495 1989 2551 ἰδίαν

336 2598 583 2672 γενέσθαι
651 2597 835 2671 ψυχήν
914 2594 1444 2669 κατεγγυησάμενος,
1522 2589 1571 2644 εἷ’
1625 2589 1872 2648 κάκεῖνος
1922 2587 1989 2640 τὰ

333 2690 434 2752 τῆς
511 2682 779 2740 εἶσέπειτα
842 2683 976 2757 πρὸς
1057 2679 1214 2736 αυτὸν
1295 2679 1528 2747 εὐνοίας,
1588 2681 1661 2739 ὡς
1737 2678 1764 2730 6
1815 2675 1990 2751 ἱερεὺς

343 2775 610 2850 ὑπέσχετο
646 2818 660 2838 ,
740 2772 903 2828 πιστά
957 2772 1310 2841 καταστήσειε
1345 2812 1357 2825 .
1416 2769 1520 2824 Καὶ
1581 2765 1648 2836 δὴ
1705 2768 1826 2842 περί
1881 2786 1988 2819 που

337 2865 436 2933 τὴν
500 2863 806 2938 Ἀχυράους
839 2863 866 2916 6
898 2860 1072 2936 ἱερεὺς
1120 2858 1380 2936 γεγονὼς,
1430 2856 1641 2930 σύναμα
1688 2855 1777 2910 καὶ
1826 2851 1988 2908 πλεί-

336 3007 471 3046 cum
505 2990 854 3062 imperatore
887 2988 1096 3043 fuisset
1118 2995 1290 3058 atque
1321 2986 1378 3041 in
1405 2984 1702 3054 procinctu
1729 2986 1882 3037 esset
1903 2981 1974 3036 ad

331 3080 610 3144 reditum,
643 3081 1067 3149 appareretque
1099 3075 1510 3146 imperatorem
1536 3073 1618 3127 ita
1648 3072 1706 3126 in
1734 3088 1866 3126 eum
1892 3069 1981 3124 af-

2097 535 2273 598 οὕτως
2347 536 2552 591 ἐκείνου
2622 539 2757 609 πρὸς
2829 536 2921 590 τὸν
2981 537 3288 612 ἀρχιθύτην
3362 538 3766 610 συνταξαμένου

2096 625 2185 678 καὶ
2245 624 2386 680 οὕτω
2441 623 2698 696 τᾶξαντος
2733 670 2746 695 ,
2795 625 2918 680 τινα
2974 626 3082 680 τῶν
3153 627 3322 680 αὐτοῦ
3381 627 3611 681 οἷκετςῖιν
3672 630 3767 682 καὶ

2096 714 2363 788 ἱερωσύνῃ
2391 715 2796 788 κοσμούμενον,
2852 715 2910 770 ’ὀν
2944 716 2971 768 6
3004 721 3216 789 κρατῶν
3253 713 3543 787 δεξάμενος
3579 717 3769 786 ἀνίησι

2101 802 2194 874 μὶν
2228 805 2531 878 παραυτίκα
2576 805 2670 858 τὸν
2716 805 3087 878 κατεχόμενον
3147 808 3254 858 τῶν
3321 802 3557 876 δεσμῶν,
3619 805 3768 858 ἀπο-

2099 888 2216 944 λύει
2249 889 2294 944 δ’
2351 891 2599 965 ἀσμένως
2650 895 2784 966 πρὸς
2832 893 2925 947 τὸν
2981 893 3271 968 ἱεράρχην,
3331 890 3569 955 ὀπαδοὺς
3613 893 3768 965 αύτῷ

2099 983 2491 1056 συνεξαγαγών.
2551 985 2703 1056 ’Ἅμα
2761 987 2887 1057 γοῦν
2939 982 3134 1047 ἐπέστη
3180 983 3270 1036 καὶ
3321 983 3432 1055 ἅμα
3481 984 3629 1057 παρά
3656 991 3765 1051 τῆς

2099 1067 2327 1124 συιόδου
2367 1072 2434 1125 τα
2483 1069 2664 1124 εἶκότα
2718 1069 3109 1143 ἐνωτισοὶμενος
3157 1073 3259 1140 τήν
3306 1070 3520 1126 ἐκείνων
3582 1071 3763 1126 ἐπιτί-

2103 1179 2266 1228 μησιν
2329 1159 2404 1222 είς
2459 1159 2671 1237 ἀσφακῆ
2721 1165 2828 1213 τῶν
2889 1160 3025 1234 πρὸς
3088 1159 3314 1235 βασιλέα
3373 1158 3525 1214 ἰδίων
3577 1159 3764 1234 ὅρκων

2103 1241 2390 1320 βεϐαίωσιν
2445 1245 2684 1322 δὲχεται.
2738 1248 2844 1302 Καὶ
2902 1249 3040 1322 πρὸς
3097 1248 3190 1303 τὸν
3239 1253 3543 1323 κρατοῦντα
3602 1249 3760 1312 αὖθις

2100 1334 2332 1390 ἐπανιὼν
2383 1336 2606 1406 πολλῆς
2661 1344 2761 1406 τῆς
2818 1339 2945 1412 παρ’
3002 1337 3209 1392 ἐκείνου
3270 1337 3547 1410 εὐμενείας
3599 1338 3764 1413 ἐτύγ-

2101 1445 2262 1501 χανεν
2300 1468 2312 1480 .
2371 1426 2530 1483 Οὕτω
2585 1427 2885 1503 τοιγαροῦν
2957 1425 3099 1502 ἔχὼν
3158 1427 3248 1482 καὶ
3306 1427 3447 1483 οὕτω
3506 1427 3761 1483 σπεύδων

2101 1515 2286 1570 ἑαυτὸν
2342 1514 2628 1593 φυλάττειν
2687 1516 2864 1586 πάσης
2920 1517 3273 1591 καχυποψίας
3307 1518 3603 1588 ἀνώτερον,
3663 1518 3762 1572 καὶ

2105 1602 2318 1677 μᾶλλον
2367 1604 2449 1659 δτι
2498 1605 2587 1659 καὶ
2627 1604 2938 1678 ἀξιώματος
2986 1601 3152 1674 ἐπέϐη
3218 1606 3492 1680 μεγίστου,
3551 1605 3761 1678 πολλῷ

2099 1691 2265 1747 πλὲον
2295 1694 2428 1769 πρὸς
2456 1693 2547 1748 τὸν
2602 1697 2716 1766 μετ’
2765 1693 2924 1749 αὐτὸν
2956 1695 3017 1748 τὸ
3065 1696 3261 1770 κράτος
3294 1690 3499 1770 ἔχοντα
3544 1694 3762 1750 ἁλῶναι

2099 1789 2198 1852 τῆς
2233 1783 2466 1856 ὑποψίας
2499 1780 2906 1861 διεφυλάττετο.

2102 1893 2168 1958 η’.
2200 1893 2389 1953 *Οπως
2421 1893 2448 1946 6
2481 1889 2728 1966 δεύτερος
2763 1893 3031 1966 Ᾱάσκαρις
3080 1889 3475 1966 πολλοῦςῄτῶν
3508 1891 3559 1947 ἐν
3594 1893 3766 1966 ἀξιώ-

2319 1984 2478 2036 μασιν
2524 1963 2806 2038 ὑπερορῶν
2849 1963 3062 2038 ἑτέρους
3111 1963 3537 2034 ἀντικαθίστησι.

2176 2050 2328 2106 Ἀλλ’
2360 2050 2546 2121 ἔπειδή
2582 2053 2780 2128 θερμὸς
2812 2053 2878 2121 ἧν
2911 2052 3117 2114 ἐκεῖνος
3147 2053 3284 2127 πρὸς
3330 2053 3523 2122 πάντα,
3569 2052 3650 2109 ἔτι
3707 2052 3770 2110 δὲ

2097 2141 2186 2195 καὶ
2215 2142 2314 2208 τὴν
2338 2146 2434 2196 τοῦ
2469 2144 2550 2216 [Ρ.
2592 2145 2675 2216 12]
2723 2151 3129 2220 καταφρονῆσαι
3182 2141 3334 2214 δόξαν
3456 2149 3559 2220 γὰρ
3591 2143 3760 2206 νόσος
3821 2167 3826 2172 ’

2099 2229 2488 2286 ἐπεισπεσοῦσα
2561 2232 2649 2286 καὶ
2726 2231 2938 2305 μᾶλλον
3013 2233 3299 2308 τρύχουσα
3365 2231 3544 2288 ἔπειθε
3603 2231 3762 2288 δεινά

2101 2317 2424 2390 ὑπιδέσθαι),
2481 2321 2748 2396 παραλύει
2809 2323 2904 2394 μὲν
2961 2326 3057 2376 τοῦ
3088 2323 3399 2394 ἀξιώματος
3427 2323 3506 2386 εἷς
3528 2343 3762 2397 πρωτο-

2099 2404 2409 2484 ϐεστιαρίου
2476 2414 2803 2486 τεταγμένον
2860 2413 3028 2484 τιμὴν
3086 2412 3178 2465 τὸν
3232 2411 3428 2468 Ῥαοὺλ
3480 2411 3758 2485 Ἀλέξων,

2099 2499 2402 2573 ἀντεισάγει
2460 2496 2508 2554 δ’
2560 2500 2640 2554 εἷσ
2667 2500 2868 2570 ταύτην
2915 2501 3006 2555 τὸν
3068 2499 3118 2571 ἐξ
3169 2501 3532 2576 Ἀτραμυτίου
3565 2503 3762 2577 Γεωρ-

2098 2609 2216 2662 γιον
2266 2589 2356 2642 τὸν
2408 2587 2774 2658 Μουζάλῶνα,
2832 2589 3136 2652 συνοικίσας
3200 2591 3346 2662 αὐτῷ
3386 2592 3475 2645 καὶ
3541 2593 3646 2660 τὴν
3691 2592 3758 2647 ἐκ

2099 2680 2562 2748 Καντακουζηνῶν
2609 2677 2924 2754 Θεοδώραν,
2981 2684 3079 2734 τοῦ
3137 2679 3525 2756 Παλαιολόγου
3585 2679 3757 2736 οὖσαν

2097 2763 2417 2845 ἀδελφιδῆν,
2465 2769 2558 2822 τὸν
2619 2765 2676 2822 δὲ
2738 2769 2855 2841 μετ’
2911 2767 3112 2824 ἐκεῖνον
3176 2765 3519 2842 Ἀνδρόνικον
3579 2769 3753 2844 μέγαν

2099 2852 2468 2929 δομὲστικον,
2528 2855 2767 2912 Κλοϊστᾶ
2815 2859 2914 2927 τήν
2970 2862 3068 2912 τοῦ
3114 2857 3311 2914 Ῥαοὺλ
3371 2858 3637 2935 θυγατέρα
3697 2860 3756 2913 οἱ

2089 2988 2375 3053 peccaret,
2409 3001 2620 3039 novum
2658 2985 2958 3040 ﬁdelitatis
3003 2984 3290 3040 inviolatis
3331 2987 3752 3055 juramentum

2095 3073 2324 3142 proprie
2357 3073 2467 3127 sibi
2500 3073 2712 3128 dictata
2735 3073 2805 3128 ab
2840 3073 2910 3128 iis
2945 3073 3193 3130 formula
3213 3075 3507 3146 concepit;
3541 3075 3756 3146 sicque

332 3170 544 3224 fectum
581 3173 646 3222 ut
677 3184 792 3222 non
825 3173 1059 3238 gravate
1088 3165 1450 3227 concederet,
1484 3162 1531 3214 si
1577 3161 1714 3232 quid
1777 3159 1978 3229 gratias
2011 3161 2054 3225 C
2095 3162 2162 3214 ad
2201 3161 2522 3232 principem
2559 3177 2848 3224 reversus,
2910 3179 3123 3232 magna
3178 3171 3270 3218 est
3311 3166 3442 3234 ejus
3493 3165 3748 3219 benevo-

330 3257 454 3312 loco
480 3260 763 3326 posceret;
789 3255 1065 3310 omnibus
1097 3253 1228 3307 aliis
1255 3251 1496 3306 omissis
1530 3266 1726 3318 preces
1766 3247 1982 3303 obtulit

333 3360 434 3413 pro
459 3343 877 3412 Palaaologo,et
902 3342 1106 3407 utejus
1129 3346 1407 3408 tanquam
1435 3337 1790 3393 calumniam
1824 3335 1980 3406 passi

336 3430 648 3484 miseretur
697 3430 895 3482 oravit.
933 3450 960 3476 ‹‹
1023 3429 1182 3492 Quod
1247 3427 1316 3490 si,
1369 3443 1400 3480 o
1461 3427 1799 3494 imperator,
1858 3425 1979 3479 aie-

335 3519 453 3582 bat,
493 3517 883 3586 suspicionem
915 3518 985 3568 de
1048 3515 1147 3568 illo
1206 3531 1320 3568 non
1377 3515 1545 3583 plene
1604 3514 1864 3584 deponis,
1924 3520 1980 3568 at

332 3606 427 3661 ille
456 3605 694 3674 quidem
727 3605 786 3657 in
823 3610 1124 3672 posterum
1157 3602 1555 3672 qualicunque
1613 3619 1679 3656 ac
1728 3611 1977 3672 quanto-

330 3709 557 3764 cunque
583 3692 738 3747 voles
769 3692 902 3746 ﬁdei
933 3691 1171 3762 pignore
1203 3691 1310 3745 tibi
1347 3691 1590 3754 cavebit,
1627 3708 1806 3762 seque
1837 3708 1976 3746 cen-

337 3782 760 3838 surisEcclesiae
775 3781 1324 3851 subjiciet,quarum
1352 3780 1840 3835 incurrendarum
1859 3785 1976 3835 met

330 3871 416 3927 vel
445 3871 633 3940 ipsam
658 3870 1000 3926 defectionis
1028 3871 1298 3924 umbram
1333 3877 1705 3924 aversaturus
1735 3870 1974 3925 omnino

329 3963 428 4016 sit.
462 3961 644 4016 Homo
677 3961 832 4015 enim
865 3959 1233 4015 Christianus
1271 3959 1565 4028 judicium
1626 3961 1824 4028 utique
1875 3959 1975 4013 Dei

330 4053 713 4119 pertimescet,
746 4054 801 4103 et
832 4052 960 4116 ejus
993 4048 1451 4102 comminatione
1501 4047 1746 4103 sancitis
1807 4049 1976 4103 firme

331 4139 511 4192 stabit
540 4137 852 4209 promissis
881 4155 894 4204 ;
919 4151 1023 4192 nec
1045 4135 1363 4208 obligatam
1389 4136 1850 4190 talicaaremonia
1870 4135 1974 4190 tibi

326 4244 391 4280 ac
425 4237 521 4280 tuo
549 4226 745 4294 generi
791 4226 961 4280 [idem
998 4241 1259 4296 unquam
1304 4225 1362 4279 in
1422 4225 1687 4278 animum
1739 4225 1976 4278 inducet

328 4315 545 4370 fallere.
581 4337 608 4364 »
643 4315 772 4368 Haec
805 4313 1096 4384 loqentem
1133 4313 1301 4368 illum
1342 4314 1659 4384 imperator
1694 4313 1974 4367 reveritus

325 4403 587 4458 damnati
644 4419 873 4457 carcere
927 4402 1335 4457 liberationem
1390 4403 1488 4457 23
1524 4403 1733 4455 annuit
1801 4400 1970 4470 polli-

331 4509 470 4547 cens
500 4492 745 4562 insuper
774 4491 970 4545 animo
1047 4507 1109 4544 sc
1153 4491 1210 4545 in
1255 4490 1420 4544 illum
1467 4489 1638 4560 plane
1698 4490 1972 4546 benevolo

334 4584 622 4644 futurum,
656 4583 705 4636 si
728 4581 778 4636 is
806 4597 1038 4651 quoque
1072 4597 1172 4650 pro
1205 4597 1286 4642 se,
1315 4581 1390 4633 uti
1428 4579 1759 4650 patriarcha
1791 4597 1970 4650 spon-

326 4671 518 4739 debat,
558 4686 732 4724 suum
793 4685 930 4740 erga
991 4668 1308 4740 principem
1356 4669 1613 4723 studium
1676 4669 1970 4738 ﬁdemque

331 4763 650 4830 praestaret.
682 4760 830 4812 Hinc
861 4773 995 4812 cum
1038 4758 1192 4827 apud
1253 4757 1585 4828 Achyraum
1641 4757 1972 4828 patriarcha

327 4864 460 4901 cum
485 4846 779 4919 plurimus
800 4846 978 4900 simul
1006 4843 1354 4914 praesulibus
1376 4845 1507 4900 aliis
1532 4847 1973 4912 adesset,mittit

328 4938 397 4990 ad
431 4936 866 5006 imperatorem,
893 4940 1066 5005 prout
1097 4933 1220 5004 ipse
1249 4934 1570 4990 discedenti
1599 4935 1971 5006 praescripse-

329 5030 436 5094 ret,
469 5042 499 5080 e
520 5024 910 5080 familiaribus
942 5040 1125 5078 unum
1159 5025 1484 5080 sacerdotio
1505 5025 1830 5096 praeditum,
1856 5041 1971 5095 quo

329 5115 650 5186 imperator
677 5117 913 5184 excepto
933 5111 1246 5184 auditoque
1269 5113 1440 5169 solvit
1462 5114 1738 5169 continuo
1762 5113 1970 5168 Palaao-

329 5203 526 5271 logum
550 5201 798 5258 vinculis
819 5206 876 5257 et
893 5202 964 5257 ad
989 5201 1184 5271 ipsum
1209 5202 1598 5271 patriarcham
1621 5201 1974 5272 perlibenter

331 5293 511 5347 mittit
541 5309 675 5346 cum
699 5291 1011 5347 comitibus
1037 5291 1251 5361 pariter
1275 5292 1560 5345 liberatis.
1589 5291 1664 5344 Eo
1686 5308 1817 5344 cum
1846 5307 1970 5360 per-

325 5383 599 5446 venisset,
636 5388 942 5452 postquam
968 5379 1192 5434 audivit
1222 5395 1424 5450 graves
1449 5381 1504 5434 in
1533 5379 1757 5446 synodo
1788 5383 1846 5434 et
1877 5396 1972 5433 ac-

323 5474 723 5527 commodatas
747 5486 933 5524 cause
949 5485 1012 5523 ac
1035 5469 1281 5539 tempori
1299 5467 1715 5522 adminitiones
1737 5471 1794 5522 et
1816 5484 1973 5522 com-

328 5557 1513 5628 minationcsPatrum,obnoxisprofessus
1541 5556 1684 5611 nihil
1708 5573 1976 5612 recusare

324 5665 387 5705 se
399 5647 693 5706 canonicis
712 5645 1229 5704 animadversionis
1244 5663 1308 5702 ac
1321 5663 1625 5720 poenarum
1641 5647 1690 5704 si
1703 5645 1975 5720 deinceps

2091 3248 2272 3304 lentia
2301 3255 2358 3305 et
2406 3250 2838 3319 signiﬁcatione
2878 3251 3076 3319 gratiae
3137 3252 3436 3321 dignatus.
3470 3253 3589 3308 Hoc
3637 3254 3744 3308 ille

2088 3354 2329 3393 suarum
2363 3343 2514 3392 statu
2552 3355 2741 3392 rerum
2773 3340 3114 3404 iuvigilabat
3145 3341 3256 3395 sibi
3291 3341 3525 3404 acriter,
3560 3344 3744 3396 undi-

2085 3443 2199 3496 que
2227 3427 2710 3497 circumspiciens
2733 3443 2795 3481 ac
2821 3427 3243 3483 sollicitissime
3259 3434 3600 3493 observans,
3623 3449 3745 3500 quo

2087 3532 2148 3570 se
2179 3516 2338 3570 omni
2370 3517 2732 3586 superiorem
2759 3533 2932 3586 prava
2962 3517 3300 3585 suspicione
3329 3526 3610 3574 servaret.
3665 3521 3735 3574 In

2085 3622 2269 3674 eaque
2299 3621 2439 3659 cura
2471 3605 2853 3674 custodiaque
2887 3608 3294 3674 perseverebat
3329 3623 3395 3662 eo
3428 3609 3748 3678 intentius,

2085 3710 2200 3763 qno
2231 3711 2292 3746 se
2325 3694 2381 3746 in
2430 3693 2681 3747 maxime
2734 3693 2898 3764 apice
2956 3695 3262 3764 dignitatis
3315 3698 3506 3767 magis
3552 3713 3738 3769 expo-

2083 3783 2128 3836 si
2143 3788 2264 3835 tum
2288 3781 2517 3836 invidiae
2549 3781 3007 3852 imperantiumq
3020 3801 3088 3838 ue
3107 3785 3415 3840 olfensioni
3437 3790 3742 3857 cernebat,

2085 3872 2408 3942 praesertim
2438 3872 2693 3940 junioris
2725 3871 2990 3942 ipsorum
3015 3878 3069 3926 et
3091 3875 3450 3928 successoris
3473 3874 3532 3928 in
3568 3877 3738 3944 prin-

2081 3960 2278 4029 cipatu
2327 3959 2642 4029 designati,
2705 3978 2738 4014 a
2795 3961 2968 4028 cujus
3029 3962 3353 4030 praasertim
3430 3962 3733 4033 suspicaci

2083 4048 2278 4102 animo
2309 4047 2419 4102 sibi
2449 4053 2508 4102 et
2537 4048 2783 4102 timebat
2805 4054 2861 4102 et
2885 4054 3168 4118 quantum
3208 4055 3433 4120 poterat
3464 4053 3732 4107 cavebat.

2150 4210 2203 4263 8.
2241 4208 2522 4279 Utjunior
2546 4209 2795 4264 Lascaris
2823 4209 3009 4277 plures
3054 4226 3084 4264 ε
3125 4211 3547 4279 magistratibus
3602 4227 3742 4265 con-

2393 4283 2642 4351 temptim
2675 4283 2966 4347 amaverit,
2999 4281 3130 4336 aliis
3150 4281 3410 4353 suffectis.

2151 4406 2222 4457 At
2252 4403 2532 4474 quoniam
2571 4405 2661 4459 hic
2689 4404 2922 4475 ingenio
2955 4405 3180 4459 ardenti
3217 4421 3347 4460 cum
3382 4423 3638 4476 praeceps
3675 4409 3734 4462 in

2003 4533 2048 4596 Β
2083 4491 2197 4548 alia
2216 4498 2427 4547 cuneta
2452 4493 2768 4559 ferebatur,
2800 4501 2921 4548 tum
2958 4493 3273 4548 faclllimus
3319 4499 3445 4548 erat
3504 4497 3574 4549 ad
3607 4498 3738 4566 epi-

2085 4584 2346 4637 nandum
2371 4598 2498 4636 sese
2545 4584 2838 4638 contemni
2889 4583 3156 4652 (morbus
3214 4584 3366 4637 enim
3401 4601 3516 4654 quo
3577 4591 3740 4640 tene-

2082 4673 2254 4726 batur
2275 4681 2328 4726 et
2353 4671 2605 4726 multum
2640 4674 2976 4738 urgebatur,
3009 4677 3405 4742 opportunum
3437 4690 3572 4728 eum
3631 4692 3740 4746 pa—

2080 4769 2391 4833 ratumque
2419 4763 2638 4818 talibus
2670 4763 2974 4818 credendis
3006 4765 3298 4835 rebusque
3318 4781 3467 4835 quas
3500 4766 3741 4821 audiret

2082 4854 2466 4905 autccrneret
2496 4850 2553 4904 in
2589 4857 2809 4919 partem
2879 4850 3208 4921 sequiorem
3269 4851 3737 4922 interpretandis

2084 4938 2376 5008 iaciebat),
2400 4937 2642 4992 Raulem
2676 4938 2936 4992 Alexium
2972 4939 3397 5008 protovestiarii
3445 4939 3740 5011 dignitate

2081 5032 2353 5081 ornatum
2391 5025 2578 5097 privat
2610 5025 2980 5095 magistratu,
3013 5032 3070 5080 et
3100 5025 3229 5095 ejus
3253 5026 3312 5080 in
3365 5025 3562 5081 locum
3600 5044 3741 5098 pro-

2085 5119 2276 5170 movet
2307 5114 2622 5185 Georgium
2665 5114 3029 5169 Muzalodem
3089 5115 3585 5186 Atramyttinum,
3638 5117 3743 5172 2-1

2084 5204 2177 5259 cui
2209 5208 2265 5258 et
2291 5203 2652 5258 Theodoram
2702 5219 2732 5257 e
2787 5201 3323 5257 Cantucazenorum
3374 5208 3570 5273 gente,
3634 5204 3750 5259 Pa-

2084 5291 2308 5360 lwologi
2345 5297 2574 5359 neptem
2607 5307 2676 5345 ex
2707 5308 2925 5355 sorore,
2959 5291 3118 5346 dedit
3159 5291 3494 5361 conjugem.
3557 5292 3748 5362 Hujus

2087 5397 2316 5450 quoque
2375 5381 2609 5434 fratrem
2673 5380 2957 5433 minorem
3009 5379 3407 5434 Andronicum
3456 5397 3746 5449 magmim

2089 5468 2475 5523 domesticum
2501 5485 2674 5536 creat,
2728 5468 3011 5524 collocata
3071 5467 3180 5537 ipsi
3244 5469 3302 5522 in
3364 5469 3748 5524 matrimonio

2087 5557 2298 5614 Cloista
2330 5557 2531 5612 Baulis
2566 5558 2702 5613 tilia.
2749 5558 3010 5612 Tertium
3063 5557 3320 5629 denique
3362 5557 3576 5612 horum
3642 5560 3758 5614 fra-

2090 5654 2236 5704 trem
2261 5645 2789 5721 prothieracarium
2830 5647 2951 5705 sive
3003 5662 3308 5704 summum
3361 5647 3754 5721 accipitraria:
