3944 6202
35 41 225 212 Γ

175 503 492 578 συναρμόσας,
518 501 605 556 τὸν
663 498 719 555 δὲ
776 500 958 575 τρίτον
1003 503 1109 554 τῶν
1173 497 1424 573 ἀδελφῶν
1457 493 1771 571 προϐάλλε-
1801 502 1855 568 Α
1889 496 2104 554 δεδιότα
2155 500 2242 557 διὰ
2297 507 2398 574 τὴν
2449 508 2853 584 ὑποτρέχουσαν
2887 522 2987 585 τῆς
3039 519 3220 595 ἀρχῆς
3273 523 3531 598 ὑποψίαν.

175 614 245 648 ται
289 587 720 665 πρωθιερακᾶριν,
763 585 960 662 ἄνδρας
1017 586 1116 642 οὐκ
1164 585 1433 661 εύγενειας
1499 587 1593 658 μὲν
1652 607 1777 659 μιτ-
1886 588 2028 643 Οὐδὲ
2079 591 2181 665 γὰρ
2243 590 2368 647 οὐδὲ
2426 598 2515 651 τὸν
2570 600 2712 656 Οεῖον
2759 603 2956 660 τούτου
2989 585 3262 684 εἷς-μέγαν
3291 585 3534 686 χαρτου-

177 685 366 754 ἑχοντας
414 680 472 734 τὸ
524 677 794 750 παράπαν,
820 677 896 740 εἷς
950 674 1359 738 παιδοπούλους
1417 673 1474 729 δὲ
1525 674 1778 729 αύθεντο-
1889 675 2077 750 λάριον
2122 684 2469 756 τεταγμένον,
2506 688 2880 764 Παλαιολόγον
2942 673 3188 771 Μιχαὴλ·
3227 673 3332 754 καῖ
3371 673 3530 760 αὐτὸν

1886 765 2172 836 ἀκούοντα,
2207 769 2485 827 ἀκίνδυνον
2547 775 2630 829 εἷά
2687 781 2720 846 ἡ
2783 781 3004 854 ὑποψία,
3058 785 3203 840 ἀλλὰ
3254 789 3379 860 περὶ
3434 798 3535 860 τῆς

1888 854 2065 928 ἀρχῆς
2126 856 2456 930 ἐρωτηθέντα
2505 865 2786 929 ἁπλοϊκῶς
2841 871 3002 943 φάναι
3057 872 3273 950 λέγεταὶ
3331 879 3428 950 ὡς,
3490 879 3537 934 εἷ’

1886 946 2307 1039 κεχρεώστηταίΔ
2349 971 2426 1022 τῳ
2482 954 2618 1027 πρὸς
2679 961 2812 1010 Θεοῦ
2869 960 2931 1013 τὸ
2991 946 3145 1036 ἄρξαι
3200 968 3261 1036 [Ρ
3321 946 3532 1039 13]’ἀν-

1887 1032 2136 1125 υπαίτιος
2165 1037 2192 1088 6
2224 1035 2558 1110 καλούμενος
2591 1061 2605 1075 ο
2631 1046 2692 1098 οὗ
2745 1043 2810 1114 δὴ
2864 1032 3036 1122 χιὶριν⁷
3070 1032 3164 1105 καὶ
3201 1032 3536 1125 ’νεμεσῇθεὶς

1886 1119 2005 1173 οἷον
2035 1124 2176 1196 παρᾶ
2205 1129 2300 1178 τοῦ
2357 1134 2705 1203 κρατοῦντος,
2741 1133 2786 1186 εἴ
2841 1141 3090 1202 τοιοῦτος
3148 1138 3220 1195 ὢν
3263 1143 3535 1206 τοιούτοις

1888 1214 2202 1286 μετεωρίζει
2257 1217 2350 1270 τὸν
2399 1222 2543 1290 νοῦν,
2603 1225 2670 1294 τῇ
2729 1222 2946 1299 φυλακῇ
3024 1225 3232 1284 δίδοται
3291 1229 3532 1305 δέσμιος.

1883 1297 2019 1351 Τότε
2065 1299 2243 1354 τοίνυν
2308 1305 2493 1376 μαθὼν
2551 1307 2640 1360 καὶ
2699 1309 2770 1370 ὡς
2824 1310 2965 1373 εἰκὸς
3027 1310 3223 1388 δείσας,
3257 1316 3302 1370 εἰ
3358 1297 3532 1390 μένων

1889 1387 1982 1456 μὲν
2045 1386 2370 1459 κινδυνεύοι,
2403 1391 2575 1448 δεινὸν
2631 1399 2822 1471 ἡγεῖτο
2876 1401 2966 1454 καὶ
3026 1400 3148 1457 λίαν
3182 1386 3440 1475 ἐλεεινὸν,
3472 1409 3533 1462 τὸ

1887 1471 1935 1569 δί
1958 1474 2288 1569 αὐτομολεῖν
2320 1480 2471 1544 αὖθις
2523 1487 2660 1559 πρὸς
2717 1485 3050 1564 ἀλλοτρίους
3106 1497 3378 1569 σωτήριον
3415 1471 3532 1567 μὲν,

1884 1563 2009 1618 ἀλλ’
2040 1563 2331 1640 ἐπίμωμον
2366 1569 2584 1657 ⁸ἔκρινε.
2619 1574 2772 1638 Τέως
2831 1563 2907 1632 δὶγ
2940 1579 3090 1636 δυοῖν
3149 1563 3536 1657 νομιζομέ-νοιν

1882 1659 2091 1720 κακοῖν,
2139 1661 2234 1710 τοῦ
2278 1654 2450 1734 φόϐου
2495 1666 2902 1736 προστεθέντος,
2938 1669 3166 1743 αἱρεῖται
3212 1669 3536 1733 τοῦλαττον.

1882 1742 1986 1796 Καὶ
2046 1741 2111 1812 δὴ
2163 1743 2220 1799 ἐκ
2268 1747 2520 1820 πολλῶν,
2576 1752 2648 1814 ὡς
2695 1756 2835 1828 εἶχε,
2889 1759 3412 1832 προμηθευσάμενος
3473 1768 3536 1817 τὸ

1799 1866 1846 1930 Β
1883 1831 2190 1908 ἀφώρατον,
2251 1836 2586 1909 παραλαϐὼν
2659 1844 2747 1896 καί
2805 1866 2955 1908 τινας
3006 1851 3112 1900 τῶν
3173 1831 3386 1904 οἰκείων
3444 1851 3531 1906 καὶ

1271 378 1360 429 DE
1399 377 1768 430 MICUAELE
1807 379 2249 436 PALIEOLOGO
2284 385 2418 437 LIB.
2463 388 2507 439 Ι.

177 767 522 839 πουλευομένῳ
566 766 925 840 τεταγμένους
957 765 1123 837 αύτῷ.
1159 765 1263 819 Δύο
1316 768 1500 837 μέντοι
1558 784 1618 837 γε
1668 768 1775 817 τῶν

182 859 464 930 μεγιστάνων
492 861 595 909 τῶν
627 855 896 927 ὀμμάτων
929 859 1122 928 στερεῖ,
1157 855 1229 907 ὧν
1287 855 1315 907 ὁ
1377 855 1470 926 μὲν
1527 853 1599 913 εἷς
1659 853 1774 913 υἱὸς

174 948 227 1014 ἦν
266 950 351 1001 τοῦ
403 943 904 1020 Στρατηγοπούλου
935 942 1208 1016 Ἀλεξίου,
1262 943 1289 996 6
1348 945 1776 1010 Κωνσταντῖνος,

175 1037 221 1096 ὃς
243 1035 436 1103 ἠξιοῦτο
464 1033 552 1088 καὶ
582 1030 787 1103 κήδους
819 1033 939 1104 (τὴν
970 1033 1071 1106 γὰρ
1123 1028 1422 1108 ἀδελφιδῆν
1466 1034 1564 1084 τοῦ
1626 1030 1776 1104 βασι-

176 1123 283 1183 λέως
333 1123 574 1176 Ἰωάννου
641 1121 847 1176 ἐκείνου
919 1118 1161 1182 διδόντος
1233 1122 1368 1194 εἶχε)
1453 1121 1779 1195 περιφανοῦς

171 1212 241 1264 καὶ
293 1210 425 1283 μάλα
478 1209 762 1284 λαμπροῦ,
796 1209 981 1284 ἅτερος
1040 1210 1067 1262 ὁ
1127 1207 1308 1276 Φιλῆς
1344 1209 1409 1276 ἦν
1471 1204 1776 1282 Θεόδωρος.

172 1300 252 1356 Καὲ
301 1297 455 1354 πόλλ’
483 1300 614 1354 ἄττα
672 1298 1037 1371 ἐκαινοτόμει,
1095 1300 1196 1366 τὴν
1253 1297 1420 1373 ὀφρὺν
1476 1301 1583 1350 τῶν
1638 1299 1778 1367 πρὸς

170 1391 356 1461 αἵματος
410 1395 709 1466 καθαιρῶν,
740 1390 828 1444 καὶ
880 1389 941 1442 τὸ
993 1386 1231 1464 ἀσιραλὶς
1291 1386 1526 1442 ἐντεῦθεν
1580 1388 1774 1458 ἑαυτῷ,

169 1482 228 1541 ὡς
269 1480 410 1552 ᾤετο,
465 1479 932 1553 προμηθούμενος
968 1499 980 1510 ο
1037 1478 1098 1532 ού
1185 1478 1287 1553 γαρ
1355 1478 1605 1531 ἀναπνεῖν
1694 1476 1776 1530 ε’ία

167 1570 332 1624 ἐκεῖνον
363 1573 394 1640 ἡ
425 1569 606 1632 νόσος.
639 1568 854 1644 νύκτωρ
887 1567 976 1623 καὶ
1013 1569 1128 1640 μεθ’
1160 1567 1370 1640 ἡμέραν
1415 1567 1483 1620 τα
1525 1567 1601 1639 μὴ
1633 1563 1775 1620 καλὰ

167 1656 520 1732 φανταζόμενον
531 1702 544 1714 .

161 1751 213 1804 θ’.
254 1752 424 1810 Ὅπως
478 1750 505 1803 6
565 1747 738 1810 Κότυς
793 1747 884 1801 τὸν
943 1743 1322 1819 Παλαιολόγον
1383 1742 1771 1820 παρασκευάζει

542 1837 928 1910 αύτομολησαι
960 1837 1094 1909 πρὸς
1127 1834 1358 1908 Πέρσας.

213 1929 328 1982 Τότε
371 1925 434 1996 δὴ
480 1929 572 1981 καὶ
627 1931 726 1980 τοῦ
772 1924 1154 1998 Παλαιολόγου
1205 1925 1277 1986 είς
1303 1923 1546 2001 κεφαλήν
1577 1943 1769 1996 τεταγ-

164 2018 297 2087 μένου
347 2019 679 2082 Μεσοθυνίας
755 2017 845 2071 καὶ
921 2016 1096 2070 αὐτῶν
1176 2015 1494 2088 ὀπτιμάτων
1565 2013 1768 2068 ἐκείνου

157 2107 528 2180 προστάξαντος,
560 2106 658 2160 καὶ
714 2106 780 2160 τὰ
834 2104 1020 2160 πολλᾶ
1074 2107 1190 2159 κατ’
1225 2103 1444 2158 Ἰταλῶν
1503 2103 1766 2177 πράττον-

156 2217 246 2262 τος,
275 2199 462 2269 προσῆν
509 2217 603 2259 τις
639 2199 736 2250 τοῦ
793 2193 1082 2251 παλατίου.
1117 2193 1288 2256 Κότυς
1347 2192 1630 2265 ἐπώνυμον
1685 2196 1764 2264 τῷ

156 2284 403 2359 basium!
460 2287 538 2348 εἷς
601 2286 670 2340 τὰ
726 2285 961 2357 μάλιστά
1019 2286 1069 2339 οἱ
1126 2291 1234 2340 τῶν
1295 2282 1470 2361 φίλων
1540 2279 1632 2339 ὥν.
1667 2285 1762 2337 Καὶ

157 2371 294 2436 δῆλος
342 2376 403 2444 ἦν
461 2375 588 2451 περὶ
644 2373 823 2446 τούτῳ
880 2375 1120 2449 ἀγωνιῶν
1182 2373 1232 2444 ἐξ
1281 2374 1352 2426 ὧν
1412 2373 1546 2446 πρὸς
1603 2370 1760 2426 αὐτὸν

149 2459 469 2536 ὁιεξῄει,καὶ,
502 2462 635 2520 «Εἴ
697 2465 772 2536 μή
833 2460 1098 2537 φυγαδείᾳ
1157 2464 1419 2537 χρήσαιο,
1473 2484 1501 2512 ››
1555 2459 1761 2534 ἔλεγεν,

146 2574 166 2599 ιι
193 2553 385 2623 ἡμερῶν
435 2551 652 2626 ὀλίγων
718 2550 793 2613 ε”ς
847 2550 984 2625 μέγα
1042 2556 1324 2626 συμφορᾶς
1383 2551 1449 2605 τὰ
1505 2550 1642 2603 κατὰ
1703 2550 1758 2603 σὲ

140 2635 452 2713 προϐήσεται.
516 2638 684 2698 Ἀλλ’
743 2637 860 2695 οὐδ’
920 2640 1044 2713 ἐμοὶ
1107 2640 1418 2703 τούντεῦθεν
1478 2636 1758 2694 ἀκίνδυνον

144 2727 309 2798 μένειν,
339 2729 457 2785 ἀλλ’
487 2728 909 2801 αὐτομολητέον
944 2730 1082 2804 πρὸς
1117 2730 1321 2805 Ηέρσας
1371 2729 1460 2783 καὶ
1511 2727 1754 2804 ἀμφοτέ-

145 2818 331 2889 ροις,εἶ’
374 2841 454 2874 σοι
521 2818 685 2894 μέλει
741 2822 849 2873 τῶν
904 2818 1224 2896 ὀφθαλμῶν.
1260 2844 1286 2870 ››
1344 2823 1520 2873 Ταῦτα
1579 2816 1752 2892 λέγει,

139 2909 210 2961 mi
237 2909 390 2964 πείθει
419 2913 805 2986 πληροφορῶν
838 2905 999 2985 φίλος
1029 2906 1101 2962 ὢν
1130 2909 1222 2962 τὸν
1271 2908 1350 2962 ἀεὶ
1410 2909 1529 2984 περῖ
1579 2909 1752 2978 ἑαυτῷ

135 3086 416 3145 venationis
457 3093 516 3145 et
547 3087 700 3161 regii
758 3087 995 3160 aucupii
1057 3088 1396 3158 praefectum
1460 3087 1744 3158 nominat,

137 3173 363 3231 homines
392 3179 662 3248 patriciae
694 3177 1014 3233 nobilitatis
1046 3178 1287 3248 prorsus
1310 3181 1598 3247 expertes,
1632 3177 1743 3231 sibi

135 3279 240 3319 vero
267 3266 464 3336 puerili
507 3265 893 3322 famliaritate
940 3269 1110 3320 notos
1158 3282 1224 3320 ac
1281 3265 1744 3332 commendatos,

130 3355 250 3420 quod
293 3355 398 3425 ipsi
454 3357 527 3410 ab
589 3355 846 3409 infantia
891 3355 1046 3410 inter
1097 3353 1440 3410 honorarios
1485 3355 1745 3425 ephebos

131 3444 520 3513 apparuissent.
576 3449 740 3500 Duos
798 3443 939 3515 quin
997 3443 1174 3499 etiam
1233 3459 1302 3498 ex
1358 3442 1746 3515 optimatibus

130 3531 278 3587 oculis
325 3535 572 3604 privavit
607 3552 623 3600 ;
657 3550 912 3605 quorum
973 3534 1119 3588 alter
1175 3532 1332 3587 filius
1393 3533 1506 3587 fuit
1561 3531 1743 3586 Alexii

125 3620 495 3697 StrategoPuli,
529 3625 641 3678 viri
675 3621 1088 3694 perillustrtris
1119 3639 1184 3677 ac
1219 3622 1275 3676 in
1305 3621 1512 3693 primis
1544 3621 1741 3692 splen-

124 3709 238 3778 didi,
265 3711 692 3768 Constantinus
714 3711 969 3780 nomine,
993 3712 1272 3781 dignatus
1305 3711 1378 3764 ab
1402 3711 1528 3782 ipso
1549 3709 1740 3764 afﬁni-

125 3801 216 3852 tate
236 3802 402 3873 regia,
434 3802 740 3873 siquidem
785 3805 1018 3872 neptam
1067 3799 1442 3871 imperatoris
1492 3798 1738 3853 Joannis

120 3886 196 3940 ilio
219 3891 467 3945 tradente
493 3905 743 3945 uxorem
769 3888 1002 3946 habuit.
1037 3889 1195 3944 Alter
1223 3888 1570 3943 Theodorus
1603 3886 1736 3941 Phi-

123 3975 186 4028 les
211 3984 338 4032 erat.
370 3982 499 4034 Haec
531 3979 637 4034 ille
669 3989 720 4034 et
749 3980 864 4033 alia
891 3978 1080 4033 multa
1110 3994 1258 4032 nova
1305 3976 1571 4048 exempla
1599 3977 1735 4031 ede-

121 4064 213 4135 bat,
240 4066 293 4123 in
325 4068 471 4133 dies,
506 4069 782 4124 intentus
806 4067 1184 4138 deprimendo
1216 4064 1532 4137 supercilio
1581 4065 1736 4136 prin-

119 4155 279 4222 cipum
310 4157 449 4228 regii
484 4157 826 4228 sanguinis,
856 4157 992 4210 inde
1021 4155 1396 4210 securitatem
1445 4155 1556 4209 sibi
1593 4171 1731 4224 pru-

116 4243 263 4309 denti,
283 4251 342 4299 ut
369 4247 620 4318 quidem
647 4245 1064 4312 arbitrabatur,
1087 4243 1331 4299 consilio
1355 4259 1590 4315 parans.
1607 4243 1730 4297 Non

117 4334 239 4386 enim
266 4337 558 4406 respirare
593 4335 764 4390 illum
799 4335 1030 4389 sinebat
1052 4334 1292 4388 morbus
1315 4331 1413 4387 diu
1440 4339 1733 4404 noctuque

118 4439 256 4491 prava
282 4427 737 4498 imaginantem.

164 4515 209 4569 9.
265 4517 322 4572 Ut
378 4515 539 4586 Cotys
618 4510 926 4582 Palaeologo
958 4513 1296 4583 persuaserit
1347 4513 1548 4582 fugam
1586 4511 1661 4566 ad

802 4602 1014 4654 Persas.

164 4692 290 4748 Tum
319 4694 626 4749 enimvero
658 4686 980 4760 Palaeologo
1012 4687 1386 4760 Mesothynize
1432 4688 1724 4760 praefecto,

116 4783 498 4853 praepositoque
534 4780 691 4852 ipsis
715 4778 1097 4849 Optimatibus
1121 4779 1298 4846 jussu
1331 4778 1725 4848 imperatoris,

110 4885 155 4920 ar:
183 4877 396 4926 strenue
422 4874 646 4926 eontra
678 4866 854 4923 Italos
887 4882 1006 4921 rem
1040 4865 1288 4937 gerenti,
1322 4866 1518 4922 adfuit
1548 4883 1578 4922 e
1630 4883 1727 4938 pa-

111 4954 223 5013 latio
259 4962 497 5030 quidam
553 4961 941 5029 cognomeato
973 4960 1160 5028 Cotys,
1195 4973 1261 5011 ex
1301 4955 1529 5010 intimis
1579 4956 1728 5026 ejus,

109 5050 235 5101 vultu
267 5053 360 5121 qni
392 5049 772 5121 signiﬁcaret
801 5061 932 5099 eum
963 5061 1074 5099 non
1109 5061 1304 5117 parem
1341 5044 1472 5116 angi
1498 5044 1570 5098 iis
1603 5061 1729 5116 quas

114 5135 334 5194 dicturus
365 5137 683 5203 veniebat;
720 5134 936 5206 quibus
967 5134 1287 5205 expositis:
1325 5156 1352 5183 ‹‹
1383 5136 1462 5190 Ac
1514 5133 1626 5189 nisi
1674 5139 1731 5190 te

112 5223 217 5295 toga
244 5229 520 5299 proripis,
557 5247 587 5274 η
624 5223 913 5294 adjunxit,
945 5243 969 5274 α
1005 5223 1210 5294 paucis
1258 5223 1466 5278 diebus
1517 5223 1574 5276 in
1607 5239 1730 5278 ma-

112 5326 251 5379 gnam
281 5317 685 5371 calamitatem
719 5328 813 5368 res
843 5317 956 5366 tua:
976 5312 1376 5382 prolabentur.
1398 5313 1505 5368 Sed
1538 5327 1732 5383 neque

111 5403 222 5457 mihi
253 5412 373 5460 tuta
406 5405 504 5460 hic
537 5404 825 5466 deinceps
849 5402 946 5457 25
978 5417 1139 5456 mora
1169 5407 1280 5466 est,
1303 5417 1504 5456 verum
1535 5407 1730 5456 trans-

113 5489 412 5560 fugiendum
448 5493 523 5548 ad
561 5497 772 5546 Persas
805 5490 1025 5561 pariter
1072 5490 1305 5560 utrique
1354 5495 1647 5556 nostrum,
1679 5490 1728 5546 si

111 5579 369 5638 oculorum
401 5598 552 5638 cura
589 5578 696 5635 tibi
729 5583 838 5634 est.
870 5601 898 5628 »
924 5577 1055 5632 Haec
1086 5577 1221 5644 ille;
1249 5595 1374 5648 qua:
1408 5579 1576 5634 facile
1603 5596 1734 5648 per-

113 5669 266 5725 suasit
293 5672 524 5729 amicus
558 5667 772 5736 amico,
805 5667 916 5724 sibi
949 5682 1185 5740 semper
1212 5668 1442 5723 timenti
1495 5672 1734 5741 propter

346 5801 637 5861 Paraon.
684 5795 792 5858 Gn.
839 5793 1083 5858 CXLIII

1875 1921 1965 1973 τὸν
2023 1925 2267 1997 ποταμὸν
2322 1930 2645 2002 περαιωθεὶς
2703 1933 2996 2010 Σάγγαριν,
3055 1937 3154 2004 τὴν
3219 1936 3340 1991 εὐθὺ
3393 1945 3533 2014 Περ-

1877 2006 2027 2072 σίδος
2087 2013 2184 2067 ἀνα
2240 2017 2435 2089 κράτος
2497 2017 2630 2074 ἷέται
2691 2021 2890 2094 καὶτῷ
2920 2023 3151 2078 σουλτὰν
3183 2033 3524 2102 προσχωρεῖ.

1875 2098 1935 2154 Ὁ
1967 2097 2282 2174 δ’ἀςμένως
2338 2104 2554 2181 δέχεται
2611 2115 2802 2165 τοῦτον
2863 2111 2952 2165 καὶ
3002 2119 3136 2185 τιμᾷ
3160 2120 3279 2176 τοῖς
3309 2135 3524 2190 προση-

1873 2207 2048 2248 κουσι.
2084 2192 2235 2256 Τέως
2279 2192 2336 2249 δέ
2383 2217 2445 2269 γε
2495 2196 2588 2252 κάν
2647 2202 2714 2271 τῇ
2747 2197 3036 2274 ἀλλοδαπῇ
3064 2203 3325 2274 σημαίαις
3375 2205 3524 2280 βασι-

1874 2284 2056 2348 λικαῖς
2113 2288 2556 2360 παραταξάμενος
2616 2288 2707 2342 σὺν
2768 2288 2994 2352 ἐκείνοις
3049 2293 3185 2347 κατὰ
3251 2299 3360 2348 τῶν
3425 2294 3522 2369 ἐχ-

1873 2378 2014 2449 Ορῶν
2071 2380 2174 2430 τοῦ
2228 2374 2460 2430 σουλτᾶν
2519 2377 2808 2452 ἀριστεύει,
2858 2379 2950 2433 τὸν
3009 2379 3258 2456 βασιλέα,
3309 2381 3364 2437 εἷ’
3414 2405 3520 2438 που

1871 2465 2114 2532 ἀκούσοι,
2167 2465 2400 2519 ἐντεῦθεν
2458 2464 2964 2540 ἐκμειλισσόμενος.
3017 2471 3146 2525 Εἶτα
3205 2471 3520 2544 μεταμελη-

1869 2554 1998 2622 θεὶς,
2072 2556 2186 2607 οἷον
2272 2553 2362 2608 καὶ
2437 2551 2837 2630 παλινδρομεῖν
2914 2557 3381 2632 προαιρούμενος,
3439 2565 3519 2633 τῷ

1863 2640 2121 2712 τηνικάδε
2148 2644 2371 2698 Ἰκονίου
2417 2650 2801 2718 προσέρχεται,
2835 2645 2923 2700 καί
2974 2649 3026 2701 οἱ
3072 2648 3260 2723 μεσίτῃ
3316 2656 3517 2725 χρᾶται

1863 2731 1998 2805 πρὸς
2060 2730 2306 2806 βασιλέα,
2357 2730 2411 2786 εἷ’
2461 2753 2578 2794 πως
2647 2733 2712 2788 τὰ
2761 2735 2925 2790 πιστὰ
2982 2738 3267 2811 γράμμασι
3329 2737 3517 2804 δόντος

1862 2820 2086 2894 ἐκείνου,
2119 2823 2152 2890 ἦ
2215 2824 2322 2894 μὴν
2371 2822 2470 2890 τὴν
2531 2823 2700 2897 ὀργὴν
2750 2827 3000 2899 καθαρῶς
3059 2827 3333 2902 ἀνασχεῖν,
3365 2827 3513 2900 αὐτῷ

1860 2909 1950 2964 καὶ
2029 2909 2192 2965 πάλιν
2271 2909 2585 2974 ἐπανελθεῖν
2664 2914 2898 2986 γένοιτο.
2954 2919 3063 2971 Τοῦ
3131 2913 3189 2969 δὲ
3245 2916 3510 2990 ἱεράρχου

1857 3089 2008 3143 clam
2041 3093 2408 3160 grassantem
2456 3091 2527 3144 de
2558 3107 2620 3145 se
2645 3090 3040 3161 suspicionem
3093 3094 3344 3148 aﬂ’ectati
3390 3094 3506 3149 im-

1861 3178 2026 3248 perii.
2058 3179 2198 3232 Nam
2243 3194 2312 3232 ne
2366 3182 2600 3248 patrum
2651 3179 2887 3249 quidem
2940 3179 3069 3250 ejus
3113 3182 3171 3236 in
3225 3197 3506 3254 magnum

1859 3265 2285 3322 chartularium
2317 3271 2677 3337 coeptatum,
2713 3267 2813 3337 qui
2844 3273 2901 3322 et
2930 3267 3072 3340 ipsa:
3117 3270 3361 3326 Michael
3395 3271 3505 3326 Pa-

1856 3353 2130 3425 lznologus
2162 3355 2499 3422 vocabatur,
2533 3355 2659 3410 sine
2691 3355 2949 3427 periculo
2982 3374 3110 3413 esse
3164 3361 3501 3431 patiebatur

1855 3443 2135 3515 suspicio.
2171 3445 2317 3500 Cum
2369 3444 2524 3500 enim
2577 3445 2626 3500 is
2675 3445 3074 3519 interrogatus
3124 3449 3196 3504 de
3251 3450 3498 3521 imperio

1853 3533 2100 3588 candide
2122 3533 2498 3604 respondisse
2530 3533 2842 3602 diceretur,
2874 3536 2923 3590 si
2955 3537 3046 3590 cui
3078 3536 3363 3593 divinitus
3393 3539 3500 3593 de-

1853 3621 2110 3688 beretur,
2133 3621 2302 3677 illum
2335 3622 2576 3695 impune
2607 3639 2912 3695 capessere
2944 3625 3044 3696 qui
3073 3630 3401 3698 vocaretur,
3425 3643 3496 3699 cp

1851 3709 2006 3765 dicto
2038 3710 2218 3765 relato
2243 3712 2467 3766 invisus
2496 3727 2830 3784 exosusque
2863 3712 3225 3784 imperatori,
3248 3731 3369 3770 rem
3402 3715 3494 3770 in-

1850 3799 2090 3872 dignam
2145 3818 2250 3856 nec
2297 3800 2595 3856 ferendam
2651 3801 2932 3857 arbitrato
2982 3800 3162 3857 talem
3212 3802 3396 3858 virum
3433 3803 3492 3860 in

1847 3889 2138 3958 ejusmodi
2171 3889 2554 3960 cogitationes
2587 3896 2842 3945 mentem
2895 3890 3182 3958 attollere,
3213 3893 3490 3948 custodia:

1844 3980 2073 4032 vinctus
2103 3979 2376 4034 traditur.
2410 3979 2634 4045 Quibus
2683 3979 2779 4032 ille
2829 3979 3068 4049 auditis,
3095 3981 3324 4052 sibique
3373 3999 3488 4038 non

1843 4067 2138 4122 immerito
2170 4071 2460 4135 metuens,
2489 4066 2582 4121 hic
2633 4067 2870 4137 quidem
2917 4084 3090 4140 grave
3121 4073 3177 4124 et
3208 4086 3486 4141 perquam

1846 4157 2246 4212 miserandum
2267 4157 2509 4227 putabat
2531 4172 2664 4210 cum
2687 4160 2851 4210 tanto
2879 4156 3136 4228 periculo
3162 4175 3485 4226 remanere,

1842 4244 1978 4300 inde
2009 4261 2140 4300 vero
2173 4245 2241 4300 ad
2266 4248 2530 4300 externos
2551 4245 2918 4315 transfugere
2939 4245 3196 4302 salutare
3221 4248 3484 4320 quidem,

1841 4339 1900 4388 at
1958 4335 2303 4405 probrosum
2357 4333 2686 4403 judicabat.
2728 4335 2918 4398 Quare
2977 4353 3109 4390 cum
3166 4343 3486 4409 utrumque

1845 4419 2062 4474 malum
2095 4419 2389 4475 videretur
2439 4423 2681 4492 urgente
2725 4420 2797 4474 ad
2849 4420 3185 4494 eligendum
3235 4422 3484 4478 alterum

1844 4509 2102 4581 periculo
2134 4508 2604 4580 prasenti,quod
2641 4508 2834 4564 minus
2856 4526 2886 4564 e
2911 4511 3144 4566 duobus
3176 4516 3266 4566 est
3297 4511 3483 4566 visum

1759 4586 1807 4652 Ι)
1841 4599 2081 4670 optavit.
2115 4603 2317 4668 Itaque
2349 4596 2535 4651 multa
2568 4596 2831 4651 adhibita
2862 4598 2934 4652 ad
2968 4598 3270 4654 latendum
3303 4604 3488 4655 atten-

1840 4688 1998 4743 tione
2028 4703 2092 4743 ac
2114 4686 2444 4758 diligentia,
2470 4685 2818 4756 aescitisque
2867 4686 3224 4758 quibusdam
3257 4705 3287 4745 e
3319 4688 3486 4745 fami-

1838 4777 2100 4842 liaribus,
2134 4777 2487 4830 transmisso
2521 4775 2757 4830 flumine
2788 4777 3028 4847 Sangari
3061 4784 3220 4834 recta
3259 4777 3317 4832 in
3352 4778 3486 4832 Per-

1839 4867 2028 4921 sidem
2082 4865 2310 4936 magnis
2358 4863 2661 4919 contendit
2693 4863 3030 4936 itineribus,
3063 4866 3487 4938 sultanumque

1839 4954 2126 5019 convenit,
2163 4953 2262 5024 qui
2295 4953 2594 5007 hominem
2628 4969 2762 5007 cum
2789 4955 3002 5026 gaudio
3035 4959 3091 5011 et
3138 4957 3352 5026 quibus
3383 4973 3489 5028 par

1839 5047 1964 5098 erat
1993 5043 2317 5098 honoribus
2347 5041 2578 5114 excipit.
2615 5045 2732 5097 Hoc
2790 5043 3022 5098 interim
3083 5046 3273 5116 spatio
3329 5046 3484 5116 apud

1840 5137 2066 5189 exteros
2099 5132 2209 5187 sub
2260 5131 2437 5202 regiis
2485 5130 2711 5187 vexillis
2761 5148 2896 5188 cum
2947 5133 3220 5190 hostibus
3268 5133 3485 5190 sultani

1841 5237 2194 5293 congressus
2226 5221 2544 5276 fortissime
2575 5236 2637 5274 se
2668 5221 2842 5292 gerit,
2876 5221 3292 5293 imperatorem
3329 5221 3486 5288 inde,

1841 5312 1890 5367 si
1923 5311 2069 5366 torte
2099 5309 2346 5376 audiret,
2371 5309 2484 5364 sibi
2510 5308 2944 5365 consiliandum
2979 5314 3080 5365 aut
3101 5309 3313 5365 saltem
3344 5308 3485 5362 deli-

1840 5400 2119 5455 niendum
2155 5415 2418 5470 sperans.
2447 5400 2584 5452 Inde
2609 5399 2800 5469 palam
2828 5400 3114 5469 paenitens
3148 5397 3482 5465 transfugii,

1841 5507 1908 5544 ac
1939 5489 2039 5546 26
2073 5502 2367 5544 recurrere
2398 5487 2466 5542 ad
2509 5503 2646 5542 suos
2679 5490 2891 5555 certus,
2927 5486 2977 5540 ei
3037 5486 3134 5556 qui
3171 5489 3308 5540 tunc
3362 5483 3482 5536 Ico-

1841 5578 2030 5634 niensi
2070 5575 2346 5634 Ecclesiae
2401 5581 2646 5646 praeerat
2693 5576 3007 5631 consilium
3059 5570 3482 5634 communicat,

1840 5668 2058 5740 illoque
2099 5667 2471 5738 deprecatore
2531 5665 2714 5720 utitur
2762 5663 2916 5736 apud
2967 5662 3404 5733 imperatorem,
3437 5657 3484 5712 si

3170 5786 3246 5846 15
