3944 6202
419 388 526 445 459

1675 377 1688 380 ’
1715 367 2018 425 GEORHII
2057 365 2520 419 PACHYMERE

3636 371 3715 426 460

422 514 707 590 γράμμασι
791 499 1173 578 σχεδιάσαντος
1249 498 1348 566 τὴν
1424 491 1709 568 πρεσοείαν
1768 493 1796 546 ὁ
1854 493 2067 564 κρατῶν
2095 485 2530 558 ΑκαΟεσθέντος
2575 493 2655 559 τῷ
2699 487 2857 560 ἵππῳ
2903 489 3029 564 παρ’
3060 487 3250 543 ἐκείνου
3300 492 3488 564 καιρίαν
3522 491 3724 566 βάλλεται

1084 589 1087 590 ,
1401 587 1409 590 -
1477 585 1498 590 _
1602 581 1618 590 -
1732 586 1754 590 _
1931 576 1989 590 ς,
2238 578 2250 590 .
2297 578 2313 590 .
2373 573 2432 590 ο.
2509 575 2534 590 ..

420 576 704 658 κατένευσε
910 589 1268 662 συμπάθειαν,
1324 587 1414 639 καὶ
1473 581 1780 656 βασιλικαῖς
1863 576 2066 632 συλλα-

421 685 546 749 ϐαῖς
599 685 681 739 ἐπ’
711 679 979 759 ἀσφαλείᾳ
1034 681 1130 732 τοῦ
1193 676 1267 748 μή
1325 695 1377 729 τι
1426 673 1614 727 παθεῖν
1651 671 1960 740 ιἀνήκεστον
2019 663 2072 735 ἐξ

423 777 590 850 ὀργῆς
623 756 912 828 ἐπάνεισιν.
946 770 1006 826 Ὀ
1053 765 1109 821 δὲ
1155 766 1245 820 καὶ
1296 760 1508 839 δέχεται
1565 763 1760 814 τοῦτον
1811 756 2070 832 πρόφρων

422 861 840 932 ταπεινωθέντα,
867 858 956 914 καὶ
1014 854 1366 932 ἀγκαλίζεται
1418 849 1736 925 προσιόντα,
1784 846 1873 901 καὶ
1932 847 2076 916 ὁμο-

427 954 695 1029 λογοῦντι
755 952 828 1013 ὡς
885 949 1058 1018 ἑαυτῷ
1123 940 1336 1000 σύνοιδε
1410 938 1635 1000 πταίσας
1721 934 2076 1010 ἀσύγγνωστα

426 1046 722 1116 συμπαθεῖ,
754 1039 844 1094 καὶ
875 1037 962 1092 ἐπὶ
990 1043 1089 1105 τῆς
1122 1033 1387 1109 προτέρας
1417 1026 1561 1102 ἔχων
1588 1032 1777 1098 τιμῆς.

431 1161 480 1214 ι’.
540 1160 730 1218 Ὅπως
787 1156 814 1209 ὁ
866 1147 1248 1224 ΙΙαλαιολόγος
1304 1141 1612 1207 ἐπανελθὼν
1691 1141 1778 1195 καὶ
1867 1135 2079 1212 δεχθεὶς

573 1242 856 1301 στέλλεται
888 1239 1188 1315 στρατηγὸς
1221 1235 1272 1290 έν
1304 1240 1418 1295 τοῖς
1449 1234 1584 1286 κατά
1612 1233 1710 1300 τὴν
1754 1229 1933 1283 Λύσιν.

505 1335 655 1393 Ἐπεὶ
715 1332 772 1388 δὲ
821 1336 920 1396 τῆς
975 1328 1111 1384 κατά
1167 1323 1313 1380 δύσιν
1369 1319 1704 1393 Ἐπιδάμνου
1774 1313 2080 1387 κατειλημ-

437 1425 603 1498 μένης
658 1423 796 1495 πρὸς
851 1423 958 1474 τῶν
1019 1415 1300 1490 ἡμετέρων
1368 1407 1674 1498 ἠγγέλλετο
1849 1398 2081 1498 συμᾷἀν,

433 1514 523 1568 καὶ
582 1517 702 1572 τοῖς
755 1509 927 1564 ἐκεῖσε
977 1501 1081 1560 ἔδει
1117 1504 1209 1577 μὲν
1241 1499 1565 1576 ἀρχιερέως,
1595 1491 1700 1551 ἔδει
1734 1493 1779 1550 δ’
1810 1490 2084 1568 ἡγεμόνος

435 1603 523 1658 καὶ
577 1594 967 1675 στρατιώτιδος
1014 1593 1236 1664 τάξεως,
1269 1588 1571 1666 ἀρχιερέως
1621 1583 2086 1660 έπικηρυχθέντος

437 1697 534 1747 τοῦ
592 1685 1040 1756 Χαλκοῦτζη,’ὁς
1099 1683 1188 1736 καὶ
1246 1681 1344 1748 τήν
1395 1681 1492 1732 τοῦ
1527 1673 1766 1750 μεγάλου
1825 1668 2086 1744 σκευοφό-

439 1782 608 1843 λακος
665 1777 753 1832 ἐπὶ
795 1755 1202 1846 τῆςνΜεγάλης
1245 1766 1536 1836 ἐκκλησίας
1588 1765 1702 1838 εἶχε
1741 1763 1931 1835 τιμὴν,
1962 1755 2088 1813 τού-

2183 578 2259 650 μὴ
2297 573 2482 632 λαϐὼν
2509 575 2657 648 ’ίσην,

2186 693 2270 748 ια’.
2321 693 2509 754 "Ome;
2585 691 2980 748 ἀποστέλλεται
3052 689 3295 762 Χαδηνὸς
3346 693 3536 768 ἀγαγεῖν
3606 695 3724 750 αὐτὸν

2821 778 3190 854 σιδηρόδετον.

2253 888 2434 944 Ἀλλά
2489 893 2587 944 τοῦ
2643 887 2948 964 Δυῤῥαχίου
3015 890 3149 965 πρὸς
3215 887 3571 958 Οεσσαλονίκην
3634 893 3730 944 ὓπο-

2185 978 2508 1054 στραφέντος
2570 975 2659 1031 διὰ
2711 978 2812 1045 τὴν
2883 976 3168 1052 σύγχυσιν,
3216 976 3446 1034 κάκείνου
3509 979 3569 1038 ὡς
3625 979 3731 1038 είκὸς

2187 1064 2619 1139 διαπονουμένου
2680 1065 2760 1144 ἐφ’
2819 1067 2864 1138 ᾧ
2940 1065 3227 1136 συσταλείη
3296 1066 3355 1120 τὸ
3409 1065 3739 1138 ἀνθιστάμενον,

2187 1157 2347 1231 φήμη
2382 1157 2678 1229 προτρέχει
2725 1156 2818 1210 τὸν
2864 1160 2970 1210 τῶν
3021 1154 3309 1228 βασιλικῶν
3357 1153 3522 1209 ἵππων
3572 1155 3739 1226 κόμητα

2188 1242 2434 1314 Χαδηνὸν
2497 1247 2619 1298 ὅσον
2673 1244 2770 1299 οὐκ
2817 1242 2927 1315 ἤδη
2970 1241 3391 1318 καταλαμϐάνειν
3417 1241 3739 1312 Θεσσαλονίκην

2191 1332 2562 1409 ἀγγέλλουσα,
2614 1333 2712 1388 οὐκ
2766 1331 2940 1390 ἄλλου
2997 1333 3158 1409 χάριν
3216 1335 3248 1404 ἢ
3298 1335 3381 1388 τὸν
3441 1331 3741 1404 Παλαιολὸγον

2190 1424 2485 1494 καθέξοντα
2561 1425 2636 1484 ὡς
2707 1423 2933 1497 βασιλέα
3007 1421 3224 1496 δέσμιον
3303 1422 3530 1499 ἐνεγκεῖν.
3578 1421 3655 1475 Καὶ
3701 1421 3745 1480 ’ὸς

2194 1513 2411 1590 (ἔφθασε
2456 1513 2557 1590 γὰρ
2611 1508 2899 1587 διατρίϐων
2950 1513 3002 1567 ἐν
3035 1511 3386 1585 Θεσσαλονίκῃ
3420 1515 3491 1582 τῷ
3532 1505 3748 1578 τηνικάδε)

2195 1601 2430 1664 ἀκούσας
2485 1603 2546 1657 τὸ
2601 1602 2978 1680 φημιζόμενον
3042 1600 3190 1656 δεινά
3245 1600 3424 1667 ἐποίει,
3449 1598 3528 1653 καὶ
3562 1597 3746 1672 στρέφων

2197 1693 2264 1760 ἦν
2320 1691 2404 1745 ἐπὶ
2466 1689 2746 1767 λογισμῶν
2805 1689 2857 1743 τί
2903 1711 3035 1745 ποτε
3062 1691 3166 1766 ἄρα
3192 1694 3267 1762 τῷ
3300 1686 3496 1763 βασιλεῖ
3523 1684 3648 1758 δόξαν
3694 1684 3748 1744 ὡς

2198 1781 2386 1835 ἑαυτὸν
2447 1780 2554 1854 οὐχ
2611 1779 2686 1841 ὡς
2739 1776 2974 1853 ἔπεμψεν
3034 1778 3308 1854 ἐπανάγει,
3337 1776 3469 1833 ἀλλά
3507 1779 3622 1847 τιμῇ
3645 1793 3749 1848 προ-

436 1892 515 1942 τῳ
567 1864 929 1937 συνεκπέμπει
986 1861 1238 1916 κάκεῖνον
1295 1853 1897 1943 ἡγεμονεύσονταᾷτὼν
1958 1849 2093 1943 btet,
2125 1857 2420 1943 Βπὲμψας
2479 1869 2789 1933 ἐπανελθεῖν
2850 1870 3164 1943 ἀναγκάζειν
3217 1849 3358 1932 δέλει
3422 1867 3522 1940 μετ,
3567 1863 3752 1936 ἀτιμίας,

438 1959 738 2032 προστάξας
797 1952 1158 2028 συμπράττειν
1217 1948 1279 2002 τὸ
1329 1944 1483 2016 δόξαν
1555 1943 1646 1996 καὶ
1723 1939 1919 2001 ἄλλοις
1999 1939 2092 2010 μὲν

443 2028 718 2123 ἀρχηγοῖς
779 2048 895 2104 τοῖς
953 2041 1086 2110 ἐκεῖ,
1141 2035 1380 2111 μάλιστα
1431 2031 1489 2087 δέ
1545 2052 1609 2106 γε
1661 2034 1741 2101 τῷ
1797 2030 1951 2101 ἱερεῖ.
2001 2028 2091 2088 Ὡς

434 2115 738 2195 Θεσσαλίας
797 2129 888 2186 διά
939 2129 1152 2203 ταχέων
1214 2118 1482 2193 ἐπέϐησαν
1538 2121 1625 2174 καὶ
1677 2115 1784 2188 ἤδη
1843 2117 1980 2191 πρὸς
2029 2117 2092 2170 τὸ

438 2225 792 2300 περαιοῦσοαι
850 2221 943 2275 τὸν
1005 2217 1254 2289 ποταμὸν
1314 2213 1614 2288 Βαρδάριον
1673 2210 1830 2284 ᾖσαν,
1881 2212 1946 2281 [Ρ
2006 2207 2095 2274 14]

437 2297 756 2389 περαιοῦται
820 2310 913 2382 μὲν
975 2309 1002 2362 ὁ
1044 2306 1270 2383 ἡγεμὼν
1340 2305 1434 2357 σὺν
1488 2307 1607 2364 ταῖς
1660 2301 1841 2370 τάξεσι
1898 2297 2096 2373 πρότε-

442 2383 562 2476 ρον,
616 2398 848 2475 εὑρίσκει
910 2395 967 2450 δὲ
1015 2397 1083 2449 τὰ
1136 2391 1270 2468 τῇδε
1351 2389 1732 2466 συγκεχυμένα
1815 2388 1903 2442 καὶ
1963 2383 2099 2460 πρὸς

447 2491 694 2546 απιστίαν
744 2487 1028 2555 κλίναντα,
1062 2484 1091 2538 ὅ
1137 2503 1196 2537 τε
1241 2483 1330 2536 καὶ
1363 2482 1390 2534 ὁ
1419 2485 1516 2534 τοῦ
1565 2478 1831 2534 δεσπότου
1865 2475 2100 2551 Μιχαὴλ

447 2581 506 2634 ἐκ
562 2578 773 2642 νοθείας
833 2574 1051 2634 σκότιος
1099 2575 1227 2632 παῖς
1269 2567 1530 2635 Μανουήλ
1559 2568 1744 2641 τυχὼν
1778 2565 1950 2621 ἐκεῖσε
2007 2565 2098 2619 σὺν

443 2670 613 2740 ἱκανῷ
671 2662 1053 2740 στρατεύματι,
1111 2659 1202 2714 καὶ
1277 2657 1617 2729 συμπλακεὶς
1693 2660 1772 2727 τῷ
1841 2652 2097 2726 πολέμῳ,

442 2758 510 2813 τά
539 2759 729 2831 πρῶτα
762 2753 856 2826 μὲν
892 2752 1060 2824 ὁμόσε
1089 2749 1355 2823 χωρήσας
1398 2750 1480 2817 τῷ
1526 2743 1758 2818 ἡγεμόνι
1804 2746 1882 2814 τῷ
1924 2747 2099 2831 κο-ντῷ

447 2848 678 2908 συνωθεῖ
723 2843 814 2898 καὶ
865 2840 1068 2916 ῥιπτεῖ,
1115 2836 1300 2892 ἔπειτα
1359 2833 1413 2889 δὲ
1472 2833 1760 2893 συστάντος
1824 2832 1914 2885 καὶ
1982 2829 2098 2885 ἐπι-

443 3031 590 3084 forte
620 3026 937 3096 impetrare
968 3022 1167 3094 posset
1199 3018 1390 3090 regias
1441 3016 1687 3083 litteras,
1722 3015 1938 3087 quibus
1988 3011 2101 3069 sibi

456 3118 605 3173 ﬁdes
634 3117 792 3171 certa
823 3113 987 3168 fieret
1043 3110 1140 3164 iraa
1199 3106 1575 3180 imperatoris
1633 3106 1804 3177 plane
1863 3104 2099 3173 sedatae,

2199 1960 2288 2014 καὶ
2339 1961 2396 2014 ’ὸν
2453 1960 2788 2032 συμπαθείας
2846 1957 3003 2032 ἠξίου
3053 1956 3144 2013 διὰ
3171 1956 3484 2034 γραμμάτων
3534 1954 3608 2008 καὶ
3649 1950 3752 2006 οὕτω

2201 2054 2476 2124 καρτερῶς
2529 2050 2860 2120 ἀμνημονεῖν
2918 2047 3072 2120 ἐῴκει
3129 2053 3235 2102 τῶν
3314 2043 3656 2120 πεπραγμένων
3701 2039 3753 2098 ὡς

2202 2137 2292 2190 καὶ
2350 2137 2645 2212 ἡγεμονίας
2693 2137 2872 2207 ἀξιοῦν
2918 2137 3203 2211 μεγίστης,
3259 2139 3458 2203 τοῦτον,
3498 2132 3578 2194 τὰς
3615 2128 3757 2196 συνθή-

2204 2247 2301 2287 κας
2349 2221 2771 2298 ἀναλαμϐάνων,
2819 2226 2892 2287 ὡς
2942 2225 3021 2302 ἐφ’
3055 2224 3506 2299 ὁμολογουμέναις
3547 2216 3759 2274 καθοσιώ-

2208 2335 2318 2368 σεσι
2346 2315 2673 2388 κατακρίνει.
2706 2316 2899 2387 ’Ὸμως
2931 2313 3032 2369 οὐκ
3059 2309 3206 2388 ἔχων
3239 2314 3360 2368 ὅποι
3399 2316 3495 2365 τῶν
3538 2307 3759 2382 λογισμῶν

2207 2403 2434 2458 καὶτῶν
2473 2401 2612 2458 ὁδῶν
2643 2403 2929 2478 τράποιτο,
2961 2402 3048 2458 ἐπὶ
3106 2404 3236 2458 Θεὸν
3285 2399 3600 2476 καταφεύγειν
3639 2391 3761 2466 ἔγνω.

2211 2491 2496 2547 Κοινοῦταί
2542 2512 2600 2546 τε
2646 2497 2726 2563 τῷ
2775 2492 3086 2568 Δυρραχίου
3116 2493 3188 2546 τά
3215 2491 3345 2546 κατὰ
3372 2490 3592 2564 γνώμην,
3616 2481 3688 2537 καί
3729 2480 3764 2533 οἱ

2208 2588 2308 2650 τῆς
2337 2581 2471 2656 πρὸς
2513 2582 2573 2635 τὸ
2605 2586 2757 2635 Θεῖον
2789 2566 3020 2642 ἱκετείας
3068 2581 3391 2654 συνάρασθαι
3449 2575 3616 2631 δέεται.
3645 2566 3770 2632 Εὐθὺς

2209 2671 2383 2725 τοίνυν
2419 2667 2615 2743 (ἐδόκει
2644 2671 2748 2744 γὰρ
2779 2670 3002 2733 αὐτόθεν
3059 2670 3154 2724 καὶ
3205 2670 3266 2725 τὸ
3310 2672 3521 2744 πρᾶγμα
3558 2655 3766 2736 θεοφιλὶς)

2211 2758 2295 2814 ἐπὶ
2346 2765 2447 2828 τῆς
2492 2763 2588 2814 τοῦ
2636 2758 2949 2816 Ἀκατονίου
3003 2765 3179 2832 μονῆς
3241 2755 3593 2831 ὑμνολογεῖται
3639 2744 3766 2820 παρά-

2208 2847 2406 2919 κλησις
2487 2849 2677 2912 νυκτὸς
2755 2849 2842 2926 ἀφ’
2911 2849 3164 2923 ἑσπέρας,
3221 2851 3318 2918 τῆς
3396 2835 3769 2920 έτιιγενησομιένης

2211 3031 2297 3088 ll.
2329 3031 2564 3087 Mittitur
2595 3031 2878 3088 Chadenus
2909 3029 3175 3086 ducturus
3220 3023 3576 3095 Palzoiogum
3613 3012 3772 3078 catenis

2903 3121 3169 3174 vinctum.

451 3207 656 3277 δίοίῖυθ
686 3207 846 3258 "ltus
886 3200 1000 3271 ίβδί
1046 3203 1104 3255 et
1150 3213 1392 3253 securus
1442 3193 1803 3286 contingeret
1850 3193 2092 3286 τθάίψε·
2125 3217 2171 3286 c
2278 3211 2486 3267 Verum
2519 3208 2798 3280 Dyrrachi
2830 3207 3076 3280 praesule
3110 3202 3572 3263 Thessalonicam
3614 3197 3673 3254 ob
3697 3207 3772 3249 eas

447 3299 519 3350 At
549 3290 798 3366 praesule
821 3287 1117 3362 negotium
1143 3291 1384 3359 urgente
1411 3285 1612 3340 missis
1639 3285 1766 3339 sine
1798 3300 1962 3338 mora
1983 3283 2082 3336 lit-

448 3383 591 3439 teris
623 3381 943 3452 imperator
973 3376 1180 3433 annuit
1210 3375 1556 3445 veniamque
1580 3371 2088 3438 concessit,chiro-

449 3470 670 3544 grapho
703 3485 914 3525 cavens
963 3463 1208 3532 homini,
1243 3462 1389 3517 nihil
1439 3477 1712 3534 asperum
1758 3463 1829 3516 ab
1875 3460 1962 3514 ira
1992 3463 2094 3514 aut

450 3577 625 3635 grave
684 3571 1018 3630 passurum.
1065 3554 1379 3608 Reversum
1431 3549 1680 3621 benigne
1727 3549 1963 3619 excipit,
1995 3548 2093 3602 de-

456 3651 784 3706 mittentem
819 3660 880 3701 se
909 3649 966 3699 et
996 3643 1366 3698 accedentem
1399 3638 1789 3710 amplectitur,
1813 3644 1869 3693 et
1891 3637 2094 3692 fatenti

457 3739 678 3796 nullam
713 3753 774 3794 se
805 3732 1016 3792 mereri
1045 3731 1274 3788 veniam
1307 3729 1512 3801 parcit,
1545 3744 1799 3799 eumque
1840 3726 2100 3798 pristina:

458 3827 718 3884 restituit
755 3821 1050 3896 dignitati.

462 3920 546 3974 10.
585 3918 647 3973 Ut
690 3929 940 3972 reversus
970 3916 1021 3967 et
1052 3912 1186 3966 bene
1233 3916 1490 3981 exceptus
1519 3908 1863 3980 Palaeologus
1906 3907 2104 3962 missus

888 4001 1060 4074 fuerit
1089 4000 1203 4055 dux
1233 3998 1294 4054 in
1325 3999 1678 4056 Occieentem.

533 4093 820 4160 Quoniam
852 4109 984 4147 vero
1017 4091 1087 4145 de
1118 4089 1440 4160 Epidamno
1472 4088 1534 4143 in
1583 4087 1894 4144 Occidente
1942 4089 2112 4157 capta

466 4199 770 4239 sermones
801 4185 859 4237 et
889 4180 1094 4236 litteraa
1129 4184 1462 4234 nostrorum
1498 4177 1962 4248 proferebantur,
1998 4176 2115 4230 ibi-

462 4291 574 4344 que
606 4271 1096 4327 desiderabantur
1132 4276 1188 4323 et
1238 4268 1445 4339 przssul
1479 4273 1540 4322 et-
1566 4268 1686 4322 dux
1736 4271 1792 4320 et
1842 4265 2116 4320 militaris

465 4363 639 4429 acies,
674 4359 1010 4416 renuntiato
1069 4357 1314 4430 praesule
1368 4353 1700 4419 Chalcutze,
1738 4353 1840 4423 qui
1893 4356 2114 4424 Magnae

459 4447 1125 4519 Constantinopolitanaa
1195 4445 1452 4501 ecclesia:
1526 4449 1772 4514 praeerat
1843 4445 2097 4499 sacrario

465 4559 598 4598 cum
631 4542 739 4597 hoc
771 4541 992 4597 missus
1025 4555 1140 4594 una
1174 4537 1530 4606 Palaaologus
1580 4540 1670 4592 est
1708 4541 1770 4592 ut
1823 4537 1991 4592 ducis
2042 4519 2124 4603 ibi

470 4647 709 4687 munere
742 4632 1105 4701 fungeretur,
1139 4627 1232 4681 cui
1267 4626 1616 4681 mandatum
1672 4626 2025 4682 nominatim
2058 4627 2116 4682 in

466 4722 525 4776 in
559 4718 946 4776 decernendis
977 4718 1151 4772 rebus
1177 4730 1309 4769 cum
1334 4718 1674 4771 caaterorum
1702 4715 1798 4788 qui
1824 4716 1997 4772 isthic
2021 4733 2117 4770 es-

468 4815 599 4865 sent
630 4809 871 4874 ducum,
903 4810 1027 4860 tum
1060 4805 1120 4858 in
1164 4803 1373 4875 primis
1406 4804 1671 4876 praesulis
1716 4803 1958 4860 consilio
1994 4810 2116 4860 ute-

470 4904 650 4954 retur.
687 4897 802 4951 Iloc
832 4895 1040 4949 itinere
1071 4893 1336 4948 celeriter
1368 4895 1687 4965 trangressi
1727 4893 2114 4958 Thessaliam,

466 5003 600 5042 cum
626 4988 750 5057 jam
783 4981 1128 5038 Bardarium
1181 4982 1401 5038 flumen
1452 4982 1864 5039 transmissuri
1895 4986 2112 5049 essent,

468 5075 685 5146 trajicit
716 5073 971 5145 primum
1005 5072 1124 5126 dux
1144 5087 1279 5126 cum
1313 5071 1520 5143 copiis,
1545 5073 1644 5126 ubi
1666 5073 1865 5128 omnia
1888 5077 2111 5144 pertur-

473 5168 606 5222 bata
634 5167 691 5218 ct
721 5162 793 5217 ad
817 5160 1202 5216 defectionem
1229 5159 1508 5216 inclinata
1540 5161 1772 5232 reperit,
1798 5162 2034 5232 quando
2057 5165 2115 5217 et

475 5251 778 5310 Michaelis
804 5251 1058 5321 despotaa
1084 5248 1300 5304 nothus
1315 5254 1370 5305 et
1394 5250 1681 5305 obscurus
1698 5250 1857 5306 ﬁlius
1883 5250 2110 5306 Manuel

467 5359 601 5400 cum
662 5339 817 5395 haud
872 5353 1012 5394 sane
1063 5339 1491 5393 contemnendo
1545 5337 1799 5393 exercitu
1851 5339 1996 5394 forte
2045 5355 2110 5395 eo

469 5433 729 5499 veniens,
763 5432 1026 5484 conserto
1057 5426 1274 5498 praelio,
1308 5427 1566 5497 primum
1599 5427 1839 5499 quidem
1872 5445 2108 5502 aggres-

466 5539 569 5578 sus
599 5521 807 5575 dueem
837 5516 1040 5572 lancea
1079 5515 1352 5588 propellit
1382 5517 1475 5572 27
1526 5520 1583 5572 et
1612 5515 1866 5588 projicit,
1898 5517 2108 5574 deinde

465 5627 599 5668 cum
633 5609 683 5664 is
714 5605 1132 5663 assurrexisset
1161 5611 1220 5662 et
1248 5621 1397 5676 equo
1432 5604 2000 5677 insedisset,vulnus
2033 5609 2105 5666 ab

466 5716 532 5756 eo
563 5695 778 5755 lethale
809 5695 1054 5768 accepit,
1087 5710 1192 5752 nec
1221 5711 1328 5767 par
1357 5695 1640 5767 reposuit.

2194 3301 2401 3357 turbas
2437 3314 2688 3365 reverso,
2723 3298 3071 3368 eodemque,
3106 3302 3284 3369 prout
3312 3311 3403 3350 res
3432 3289 3689 3365 poscebat,
3715 3297 3779 3336 8&-

2194 3391 2435 3460 tagente
2467 3392 2532 3441 ut
2562 3387 2936 3442 mitterentur
2959 3386 3059 3457 qui
3088 3383 3573 3442 tumultuantibus
3589 3373 3780 3460 obsiste-

2200 3480 2350 3544 rent,
2381 3491 2586 3529 rumor
2615 3474 2920 3546 praecurrit
2949 3474 3321 3545 imperatorii
3343 3470 3618 3544 equitatus
3637 3457 3780 3517 comi-

2201 3571 2318 3621 tem
2342 3563 2680 3618 Chadenum
2707 3562 3146 3634 quamprimum
3173 3570 3570 3634 perventurum
3589 3551 3778 3608 Thessa-

2206 3653 2475 3719 lonicam,
2497 3669 2610 3707 non
2634 3651 2810 3707 aliam
2829 3653 2902 3707 ob
2920 3668 3160 3707 causam
3183 3667 3363 3724 quam
3386 3639 3780 3708 utPalasologum

2209 3741 2698 3812 comprehensum
2729 3740 3110 3812 vinctumque
3137 3743 3212 3796 ad
3239 3742 3628 3810 imperatorem
3653 3729 3783 3812 ducef

2212 3809 2399 3887 remst
2411 3831 2872 3899 ille(versabatur
2884 3809 3039 3886 enim
3053 3831 3251 3902 etipse
3267 3809 3786 3885 tuncThessalonioi‘B)

2214 3921 2415 3977 audito
2446 3921 2601 3991 quod
2651 3921 2972 3988 ferebatur,
3003 3935 3146 3975 sane
3199 3935 3375 3991 quam
3424 3930 3563 3986 aegre
3602 3902 3788 3962 ferebat,

2221 4027 2542 4082 secumque
2575 4010 2701 4082 ipse
2733 4010 2928 4066 animo
2961 4009 3144 4065 multa
3193 4009 3485 4072 versabat,
3517 3996 3794 4082 desquireas

2223 4117 2350 4172 quae
2371 4117 2548 4156 causa
2570 4105 2686 4156 tam
2710 4099 2996 4172 inopinati
3020 4099 3254 4155 consilii
3280 4098 3485 4154 fuisset
3505 4077 3793 4162 imperatori,

2228 4199 2292 4247 ut
2323 4198 2440 4247 tam
2474 4191 2700 4246 diverso
2733 4190 2905 4245 modo
2936 4190 3007 4245 de
3039 4206 3100 4246 se
3131 4193 3442 4256 statueret,
3469 4189 3524 4241 et
3549 4192 3692 4253 quem
3711 4177 3796 4226 tam

2231 4280 2549 4336 honorifice
2582 4280 2753 4334 modo
2785 4279 3046 4334 miserat.
3081 4278 3279 4334 statim
3319 4283 3440 4332 tam
3482 4261 3797 4345 ignominiosa

2233 4374 2548 4437 revocaret,
2582 4367 2792 4439 cuique
2842 4369 3019 4439 regiis
3063 4367 3275 4423 litteris
3323 4364 3490 4421 venia
3531 4355 3681 4432 paulo
3704 4347 3798 4403 ante

2235 4460 2658 4528 securitateque
2680 4456 2940 4512 stabilita
2959 4473 3092 4511 cum
3115 4455 3292 4528 plena
3305 4452 3582 4510 oblivione
3601 4447 3798 4530 veterna!

2238 4549 2581 4604 delictorum
2616 4547 2816 4619 gratia:
2849 4563 2965 4602 non
2993 4545 3252 4618 vulgaris
3277 4544 3468 4600 locum
3494 4535 3633 4611 apud
3659 4546 3708 4587 se
3731 4528 3801 4578 tri-

2234 4640 2460 4704 buerat,
2483 4637 2760 4708 dignatus
2786 4636 2978 4706 ipsum
3003 4635 3224 4692 honore
3247 4633 3524 4696 maxime,
3545 4639 3661 4683 eum
3688 4626 3801 4709 ηρῐξο

2227 4727 2414 4798 pactis
2445 4725 2743 4782 conventis
2776 4730 3071 4780 momento
3099 4723 3390 4791 rescissis,
3425 4719 3568 4776 velut
3595 4705 3799 4768 criminis

2226 4815 2586 4871 detestabilis
2634 4820 3020 4885 compertum,
3055 4818 3294 4884 repente
3337 4808 3643 4867 damnaret.
3671 4799 3802 4853 Caete-

2227 4921 2290 4958 ru
2303 4921 2356 4958 m
2373 4921 2504 4960 cum
2521 4902 2660 4974 quid
2678 4902 2931 4958 consiliii
2955 4907 3184 4974 caperct
3202 4916 3395 4973 quove
3412 4915 3475 4953 se
3491 4892 3802 4974 verteretllor1

2225 4993 2483 5057 haberet,
2503 4973 2573 5047 ad
2589 4992 2848 5046 divinam
2865 4973 3178 5062 petendam
3191 5006 3367 5062 Opem
3394 4987 3505 5045 sibi
3526 4973 3805 5062 confugien'

2223 5082 2363 5136 dum
2413 5097 2542 5136 esse
2591 5081 2789 5148 duxit;
2825 5059 3379 5148 communicataque
3429 5090 3560 5130 cum
3604 5059 3804 5138 Dyrrha-

2221 5170 2444 5225 chiensi
2477 5187 2636 5235 cura,
2657 5186 2791 5224 eum
2817 5175 2881 5225 ut
2909 5169 3023 5224 sibi
3056 5170 3265 5224 adesse
3287 5165 3492 5223 divina
3515 5177 3608 5236 pro
3635 5171 3688 5212 88
3727 5158 3804 5218 ορθ

2221 5260 2586 5330 imploranda
2620 5276 2689 5314 ne
2717 5265 2993 5331 gravetur
3021 5263 3206 5330 rogat.
3229 5260 3359 5322 Quo
3381 5254 3549 5311 facile
3570 5240 3804 5333 annuen‘lf

2220 5321 2335 5415 (res
2364 5348 2516 5405 enim
2551 5364 2653 5419 per
2683 5321 2750 5403 se
2772 5347 2867 5417 pia
2898 5321 3127 5418 Deoque
3157 5351 3326 5419 grata
3369 5342 3660 5400 videbatur
3700 5321 3804 5403 ρεὶί)

2218 5437 2277 5491 in
2311 5437 2576 5492 Acatonii
2612 5435 2964 5491 monasterio
2992 5454 3024 5489 a
3055 5450 3301 5506 vespera
3332 5437 3625 5489 nocturnae
3642 5423 3806 5478 decan-

2217 5532 2352 5584 tatas
2369 5533 2506 5581 sunt
2529 5541 2726 5597 preces
2752 5541 2766 5580 :
2795 5528 3028 5597 postera
3046 5524 3263 5598 quippe
3285 5523 3382 5578 die
3403 5531 3625 5577 sacrum
3659 5511 3804 5598 facere

2217 5616 2428 5688 praesul
2485 5593 2828 5670 decreverat.
2865 5613 2965 5670 28
2997 5593 3081 5670 Ut‘
3110 5593 3295 5685 igitur
3344 5606 3699 5666 illucescente
3736 5593 3806 5688 die

2215 5687 2395 5762 statas
2414 5720 2480 5762 ac
2501 5703 2794 5761 solemnes
2810 5703 2985 5761 horas
3007 5716 3370 5776 percurrere,
3397 5697 3642 5756 divinam
3661 5687 3806 5746 factu-
