4034 6200
315 358 421 412 461

1464 362 1551 413 DE
1589 356 1960 413 MICHAELE
2003 355 2354 412 PALEOGO
2393 360 2527 413 LIB.
2568 363 2616 413 Ι.
2666 404 2669 407 λ

3642 377 3746 430 462

311 484 532 559 ἡμέρας
560 481 613 537 ἐν
646 487 724 555 νῷ
753 484 934 545 θέντος
963 487 1064 538 τοῦ
1114 484 1418 559 ἀρχιερέως
1467 484 1566 551 τήν
1619 482 1766 557 ἱερὰν
1817 478 1971 534 τελέ-
2005 479 2057 543 Α
2090 480 2397 553 πονώτερον
2450 480 2746 554 ἐρευνῶντα
2792 491 2913 563 περὶ
2964 490 3227 548 τοιούτων
3277 493 3589 569 ἐγνωκέναι.
3634 501 3741 556 Καὶ

306 593 395 626 σαι
451 573 858 648 μυσταγωγίαν.
891 573 982 635 Ὦς
1029 577 1163 647 γοῦν
1216 572 1525 650 ἐπέφωσκεν
1577 575 1611 639 ἡ
1665 571 1847 644 ἡμέρα
1898 573 1987 621 και

304 663 408 725 τὰς
462 663 831 734 νομιζομένας
877 662 1023 737 ὥρας
1070 660 1305 725 διελθεῖν
1358 659 1588 733 ἔμελλεν
1623 662 1650 714 ὁ
1697 656 1956 734 ἀρχιερεὺ

306 751 391 828 ἐφ’
420 751 469 821 ᾧ
500 752 929 826 λειτουργήσειε,
966 752 1121 826 σιγὴν
1157 751 1250 823 μὲν
1302 749 1624 820 ἐπισκήπτει
1682 754 1799 809 τοῖς
1859 728 1991 826 ἓξωῗ

308 840 421 905 θεν,
457 838 618 900 αὐτὸς
679 837 735 893 δὲ
782 840 919 894 κατά
973 840 1142 913 μόνας
1181 838 1384 912 ὡμίλει
1419 838 1560 911 Θεῷ,
1592 837 1807 897 καὶτὰς
1858 856 1987 905 συν-

309 930 473 996 τίθεις
527 928 620 981 καὶ
679 926 1101 1002 προτελεστικάς
1156 927 1326 1003 εὐχὰς
1407 928 1524 1000 μεθ’
1584 928 1666 980 ὅτι
1722 924 1991 997 πλείστης

310 1012 581 1070 ἀπεδίδου
638 1024 739 1085 τῆς
798 1018 1057 1092 ἡσυχίας.
1092 1018 1232 1074 Τότε
1282 1015 1347 1084 δὴ
1394 1017 1519 1071 τότε
1577 1015 1790 1090 λέγεται
1821 1014 1992 1067 ἀκοῦ-

313 1124 408 1157 σαι
468 1112 653 1181 φωνῆς
707 1112 807 1173 τῆς
866 1105 1033 1175 αὐτῆς
1085 1104 1288 1159 ἐκεῖνον
1353 1105 1413 1160 ἐκ
1468 1105 1681 1180 τρίτου,
1717 1103 1825 1177 οὐχ
1880 1102 1992 1174 ἅμα

311 1189 447 1245 ἀλλ’
479 1192 530 1245 ἐν
590 1197 667 1263 τῷ
720 1193 915 1265 μεταξὺ
969 1198 1163 1269 καιροῦ
1209 1190 1578 1256 διαλείποντς.
1635 1195 1716 1265 [Ρ.
1756 1193 1839 1263 15]
1883 1188 1988 1244 Καὶ

314 1282 351 1347 ἡ
388 1282 545 1355 φωνή
582 1281 779 1351 λέξεως
809 1283 873 1336 ού
905 1284 1201 1352 συνήθους,
1233 1280 1356 1337 οὔτε
1392 1284 1498 1355 μὴν
1532 1282 1637 1357 οὐχ
1680 1280 1829 1341 ὅπως
1863 1278 1990 1333 Ἑλ-

314 1368 551 1438 ληνικὴ,
587 1368 867 1425 ἀλλὀύδέ
914 1391 1021 1425 τινι
1073 1368 1226 1445 ἑτέρᾳ
1270 1370 1492 1445 γλώσσῃ
1540 1372 1838 1446 προσήκειν
1897 1366 1989 1422 δο-

313 1462 491 1512 κοῦσα
527 1479 538 1491 ’
574 1460 805 1531 Μάρπου
838 1460 941 1535 γὰρ
973 1459 1210 1535 ἐλέγετο,
1243 1460 1332 1514 καὶ
1372 1459 1538 1514 πλέον
1591 1460 1689 1513 οὐκ
1738 1460 1832 1526 ἦν.
1875 1459 1970 1534 Ἐφ

308 1548 357 1617 ᾧ
396 1544 465 1615 δή
501 1551 850 1619 θαυμάσαντα
879 1550 969 1602 τὸν
1004 1548 1261 1624 ἀρχιερέα
1302 1548 1455 1611 εὐθὺς
1514 1548 1835 1624 προσελθεῖν
1894 1550 1976 1617 τῷ

308 1633 720 1705 Θεσσαλονίκης
771 1636 821 1708 (ὁ
873 1633 1165 1698 δισύπατος
1216 1637 1281 1705 ἦν
1340 1634 1635 1708 Μανουὴλ)
1668 1635 1757 1689 καὶ
1814 1635 1991 1709 ἀπαγ-

305 1722 496 1797 γεῖλαι
526 1722 681 1784 ὅπως
710 1744 769 1777 τε
802 1725 1016 1795 σταθείη
1052 1724 1127 1786 εἷς
1179 1726 1278 1793 τὴν
1336 1726 1471 1797 μετά
1515 1722 1847 1798 ψαλμῳδίας
1904 1723 1993 1784 ἐν-

2100 566 2165 637 δὴ
2221 571 2485 643 γνωρίσαι
2532 574 2759 635 θέΛοντα
2796 583 2964 634 ταῦτα
2991 582 3035 651 ᾧ
3058 603 3119 656 γε
3145 582 3236 636 καὶ
3266 566 3428 653 ἠντῆς
3463 587 3742 659 βασιλείας

2098 666 2444 733 κατηγγυᾶτο
2502 666 2778 737 περιωπὴ,
2838 668 2927 721 καὶ
2986 668 3262 747 ἀναφέρειν
3349 675 3464 729 οἷον
3538 676 3743 733 ἐκεῖνον

2096 753 2195 814 τῆς
2254 746 2454 818 λύπης,
2486 750 2599 805 ἐπεὶ
2656 755 2744 807 καὶ
2803 756 2927 828 περὶ
2960 746 3103 831 αὐτῇ
3125 762 3194 829 τῇ
3227 765 3339 834 ζωῇ
3374 760 3652 836 ἐδεδοίκει,
3683 767 3745 820 τὸ

2103 836 2196 905 μὲν
2248 834 2308 889 ἐκ
2359 832 2564 909 βίϐλων
2618 840 2814 896 εἰδέναι
2867 844 3045 920 λέγειν
3111 850 3185 919 μὴ
3238 832 3388 923 ἔχειν
3433 850 3621 926 ἐκείνῳ
3641 832 3742 907 ⁷πιε-

2100 923 2302 978 στεύειν
2336 924 2486 994 (οὐδὲ
2541 930 2644 1001 γὰρ
2700 930 2980 1005 ἀραρότως
3039 934 3155 1009 εἶχε
3212 943 3330 999 ταῖς
3386 923 3603 1013 βίϐλοις
3661 941 3743 997 ἐπ’

2099 1009 2331 1106 ἀδήλοις
2382 1020 2502 1077 ταῖς
2560 1015 2902 1090 ἀποϐάσεσι),
2956 1024 3018 1076 τὸ
3076 1022 3123 1077 δ’
3177 1026 3235 1079 ἐκ
3294 1009 3429 1082 Θεοῦ
3504 1036 3743 1106 φανερῶς

2100 1097 2347 1169 ἀκοῦσαι,
2384 1104 2459 1174 μὴ
2490 1106 2576 1159 καὶ
2610 1104 2881 1170 πολλάκις
2940 1110 3032 1163 τὸν
3083 1110 3253 1187 λόγον
3308 1097 3576 1171 πιστεύειν
3628 1097 3742 1173 δια·
3794 1132 3797 1133 ⁷

2098 1194 2276 1242 πεσεῖν
2307 1187 2623 1263 δεδοικέναι,
2656 1196 2745 1249 καὶ
2777 1197 2865 1251 διὰ
2911 1204 3077 1254 ταῦτα
3132 1206 3211 1271 τῷ
3258 1203 3567 1280 Δυῤῥαχίου
3619 1210 3742 1282 περὶ

2097 1280 2204 1330 τῶν
2236 1279 2500 1334 τοιούτων
2532 1284 3065 1361 κοινολογησάμενον
3113 1290 3260 1361 αὐτῷ
3311 1294 3403 1363 μὲν
3461 1279 3747 1357 ὑποθέσθαι

2101 1365 2272 1439 λέγειν
2327 1375 2424 1437 τῆς
2485 1379 2669 1445 φωνῆς
2737 1375 2984 1444 ἀκοῦσαι,
3030 1375 3231 1432 ἐκεῖνον
3292 1376 3338 1433 δ’
3395 1380 3745 1437 ἀναπτύσσειν

2099 1464 2512 1526 προσποιεῖσθαι
2571 1464 2707 1535 πρὸς
2755 1462 2887 1539 ὅπερ
2946 1466 3034 1519 καὶ
3087 1466 3349 1540 βούλοιτο
3378 1472 3477 1540 τήν
3507 1473 3633 1547 παρ’
3662 1472 3751 1527 αύ-

2098 1549 2194 1597 τοῦ
2253 1550 2585 1603 συντεθεῖσαν
2644 1550 2808 1621 λέξιν.
2862 1556 2928 1610 Ἃ
2986 1552 3052 1622 δὴ
3104 1558 3181 1628 τῷ
3230 1556 3601 1635 Παλαιολόγῳ
3656 1583 3747 1615 πι-

2100 1636 2374 1697 στεύοντες
2430 1640 2519 1692 καὶ
2587 1640 2885 1716 ἀμφότεροι
2953 1642 3155 1699 ἐκεῖνον
3228 1648 3322 1718 μὲν
3384 1648 3468 1702 ἐπ’
3521 1649 3751 1725 ἀγαθαῖς

2102 1722 2311 1779 ἐλπίσιν
2347 1727 2493 1801 εἶχον
2556 1731 2926 1804 μετεωρίζειν,
2959 1733 3169 1796 ἑαυτοῖς
3231 1733 3307 1806 δὲ,
3341 1737 3386 1790 εἰ
3439 1740 3516 1810 μὴ
3570 1722 3750 1802 ὀὕτως

304 1811 508 1884 τυχίαν
547 1812 700 1879 θεοῦ,
734 1814 821 1867 καί
856 1811 1004 1876 ὅπως
1037 1813 1363 1887 ἀπροόπτως
1410 1814 1664 1891 ἀφίκοιτο
1713 1816 1747 1882 ἡ
1796 1814 1973 1890 φωνή,
2008 1842 2055 1908 Β
2102 1808 2365 1883 ἀποϐαίη.
2400 1816 2722 1889 παραίτησιν
2758 1819 3114 1877 ὑπελείποντο
3164 1824 3238 1885 ὡς
3289 1808 3592 1900 ἁμαρτοῦσι
3648 1835 3751 1897 τῆς

312 1902 667 1975 Λογιζομένῳ
696 1902 819 1975 περὶ
870 1903 943 1955 ὧν
1006 1901 1314 1976 λογίζεσθαι
1370 1900 1496 1975 ἔφη.
1533 1902 1635 1958 Καὶ
1686 1902 1975 1967 ἐφ”ικανὸν

306 1990 411 2056 τήν
447 1987 593 2058 λέξιν
655 1991 1017 2063 σκεψάμενον,
1044 1991 1106 2044 τὸ
1156 1986 1363 2063 συμϐὰν
1417 1991 1500 2045 ἐπὶ
1547 1992 1609 2045 τὸ
1660 1988 1829 2045 πάλαι
1878 1991 1977 2045 Βέ-

308 2077 453 2139 κλας
509 2074 696 2132 λαϐεῖν
740 2078 827 2133 ἐπὶ
878 2078 1181 2153 λογισμῶν,
1210 2079 1298 2135 καὶ
1328 2081 1396 2134 τὰ
1427 2085 1678 2154 στοιχεῖα
1733 2086 1832 2147 τῆς
1887 2078 1978 2133 λέ-

312 2172 449 2240 ξεως
510 2167 879 2239 ἀναπτύξαντα
937 2165 1217 2243 ἀριδήλως
1277 2168 1438 2246 φάναι
1512 2170 1609 2237 τὴν
1700 2167 1977 2243 βασιλείαν

309 2256 610 2328 Ῥωμαίων
671 2260 749 2327 τῷ
818 2254 1184 2332 Παλαιολόγῳ
1243 2258 1632 2330 μνηστεύεσθαι
1669 2277 1680 2290 ’
1745 2256 1978 2332 Μιχαὴλ

306 2346 416 2421 γὰρ
451 2345 616 2413 ’Ἄναξ
666 2344 949 2416 Ῥωμαίων
1011 2344 1395 2420 Παλαιολὸγος
1456 2348 1650 2416 Ὀξέως
1698 2347 1979 2418 Ὑμνηθή-

309 2455 491 2503 σεται,
527 2434 600 2495 ὡς
654 2429 831 2506 ἔλεγε,
863 2434 961 2501 τήν
1018 2430 1162 2503 λέξιν
1218 2431 1444 2504 δηλοῦν.
1502 2434 1622 2490 Εἰσὶ
1681 2431 1727 2487 δ’
1782 2432 1978 2497 οῗτινες

321 2523 548 2597 λέγουσι
612 2524 752 2594 μήτε
806 2523 898 2576 τὸν
947 2521 1258 2597 Δυρῥαγίου
1301 2528 1524 2578 τοιαῦτα
1555 2523 1781 2577 ἀκοῦσαι
1839 2529 1977 2595 μήτε

306 2612 409 2665 τὸν
471 2609 874 2680 Θεσσαλονίκης
921 2615 1146 2665 τοιαῦτα
1193 2607 1574 2688 φοιϐάσασθαι,
1609 2611 1755 2666 ἀλλὰ
1813 2612 1976 2688 σοφὸν

312 2700 523 2754 ἐκεῖνον
585 2696 734 2769 ὄντα,
766 2699 855 2753 καὶ
913 2700 1037 2775 περὶ
1092 2700 1340 2762 τοιαύτας
1396 2695 1622 2775 βίϐλους
1655 2701 1709 2754 αῖ
1760 2698 1825 2768 δὴ
1886 2702 1976 2755 καὶ

320 2787 613 2865 βασιλείας
643 2787 697 2851 ἐς
740 2787 964 2842 τούπιὸν
1022 2786 1371 2844 διατυποῦσιν
1420 2788 1780 2862 ἐπτοημένον,
1816 2788 1973 2867 φιλο-

321 2988 431 3026 rus
465 2987 588 3025 rem
628 2970 824 3043 coepit,
858 2969 1159 3027 silentium
1196 2970 1403 3026 indicit
1437 2972 1672 3044 populo.
1700 2972 1977 3043 solusque

318 3076 526 3115 secum
552 3060 679 3131 ipse
701 3059 885 3115 Deum
912 3059 1304 3115 intentissima
1330 3059 1660 3131 alloquens,
1690 3078 1817 3132 quae
1839 3066 1974 3116 ante

317 3148 685 3205 sacriﬁcium
719 3149 827 3203 rite
861 3149 1021 3203 fundi
1053 3156 1483 3204 consueverunt
1513 3166 1713 3220 preces
1738 3166 1973 3204 summa

312 3237 745 3309 tranquillitate
772 3237 1072 3292 recitabat.
1098 3238 1248 3292 Tum
1272 3238 1426 3293 enim
1446 3254 1578 3294 vero
1594 3238 1975 3293 voceminau-

313 3327 481 3380 disse
511 3326 684 3380 tertio
715 3326 983 3380 eamdem
1026 3325 1365 3381 intermisso
1426 3331 1682 3398 tempore
1737 3328 1971 3382 dicitur.

315 3414 457 3469 Erat
488 3419 683 3468 autem
718 3430 825 3468 vox
850 3412 1086 3469 insueta
1119 3415 1309 3485 plane,
1345 3414 1566 3470 nullius
1606 3416 1805 3471 affinis
1828 3420 1975 3471 notae

314 3505 560 3578 linguae,
588 3506 805 3561 nedum
839 3505 1069 3561 Graecae.
1104 3511 1343 3573 Marpou
1376 3506 1655 3561 nimirum
1709 3525 1975 3578 pronun-

310 3595 447 3650 tiari
482 3594 786 3661 audiebat,
818 3600 876 3649 et
907 3594 1052 3649 nihil
1084 3595 1263 3649 aliud.
1284 3595 1443 3658 Quod
1466 3595 1678 3668 praesul
1712 3596 1973 3650 admira-

314 3688 439 3749 tus,
499 3683 701 3737 statim
754 3682 1340 3738 Thessalonicensem
1410 3684 1682 3739 convenit
1725 3684 1800 3755 (is
1858 3690 1982 3740 erat

320 3772 647 3844 Disypatus
674 3772 953 3843 Manuel),
988 3772 1157 3842 eique
1190 3772 1426 3827 nuntiat
1456 3773 1647 3844 agenti
1682 3775 1795 3828 sibi
1849 3791 1978 3829 cum

323 3862 444 3917 Deo
482 3878 583 3932 per
615 3877 839 3916 Sacram
872 3861 1285 3933 psalmodiam,
1320 3868 1374 3917 et
1405 3880 1473 3918 ea
1505 3868 1699 3919 mento
1728 3864 1983 3920 versanti

328 3969 463 4023 quae
497 3968 559 4007 sc
592 3951 882 4020 cogitasse
915 3953 1217 4019 referebat,
1244 3953 1488 4007 missam
1521 3961 1577 4008 et
1603 3959 1756 4007 clare
1797 3954 1986 4024 prola-

333 4047 459 4096 tam
525 4056 705 4111 quam
764 4040 1076 4095 retulimus
1132 4057 1350 4096 vocem.
1413 4042 1554 4097 Eam
1595 4058 1729 4097 cum
1763 4042 1856 4097 ille
1889 4041 1989 4097 diu

333 4133 684 4199 attenteque
716 4129 1170 4192 considerasset,
1211 4129 1435 4201 aliquid
1472 4130 1529 4184 in
1562 4146 1629 4185 ea
1669 4130 1860 4186 simile
1901 4148 1993 4186 su-

332 4219 604 4291 spicatus
636 4222 725 4272 est
755 4234 818 4271 ac
854 4217 1285 4289 deprehensum
1321 4219 1529 4275 fuisset
1552 4218 1699 4274 alias
1737 4220 1792 4274 in
1831 4236 1993 4274 voca-

331 4306 475 4364 bulo
508 4306 798 4362 divinitus
832 4308 1051 4377 pariter
1081 4308 1237 4363 edito
1274 4310 1498 4375 Beclas;
1532 4309 1686 4363 unde
1725 4308 1993 4380 singulas

332 4398 469 4467 ejus
500 4396 689 4467 ignoti
723 4395 982 4450 nominis
1014 4397 1311 4451 excutiens
1343 4396 1589 4464 litteras,
1650 4398 1996 4468 planissime

332 4484 598 4541 asseruit
620 4484 1018 4539 Romanorum
1042 4484 1356 4556 imperium
1373 4484 1695 4558 Palaeologo
1709 4487 1993 4557 promitti.

2092 1902 2420 1976 ἐξηγήσεως,
2451 1903 2591 1959 ἄλλο
2620 1927 2671 1960 τι
2705 1914 2804 1976 τῆς
2833 1916 3015 1985 φωνῆς
3042 1911 3184 1987 τάχα
3242 1910 3520 1983 δηλούσὴς
3574 1917 3609 1984 ἢ
3669 1917 3744 1978 ὡς

2089 1991 2317 2054 ἐκείνοις
2374 1992 2626 2068 ἐξήγητο.
2664 1994 2815 2065 Πλὴν
2869 1997 2995 2052 ἀλλ’
3026 1998 3078 2053 ἐν
3108 2001 3352 2074 τοσούτῳ
3406 2005 3590 2063 φθάνει
3643 2004 3734 2058 καὶ

2088 2083 2116 2135 ὁ
2145 2086 2253 2135 τῶν
2294 2081 2592 2156 βασιλικῶν
2637 2081 2822 2139 ἵππων
2864 2086 3043 2159 κόμης
3073 2089 3100 2141 ὁ
3133 2087 3404 2159 δηλωθεές
3463 2090 3735 2161 Χαδηνὸς,

2088 2171 2177 2224 καὶ
2235 2165 2496 2225 ἐπιϐαίνει
2554 2172 2770 2245 ἀπτέρῳ
2824 2176 2982 2250 τάχει
3039 2176 3579 2250 Θεσσαλονίκης,καῖ
3640 2181 3734 2235 αὐ-

2085 2259 2210 2313 τίκα
2248 2260 2310 2313 τὸ
2357 2261 2546 2314 πιστὸδ
2603 2268 2705 2330 τῆς
2755 2264 2948 2337 φήμης
2999 2261 3166 2335 ἔδειξε
3220 2268 3448 2342 πράξας,
3476 2270 3568 2322 τὸν
3629 2275 3737 2323 Πα-

2090 2346 2383 2421 λαιολόγον
2414 2347 2465 2402 ἐν
2500 2350 2732 2423 ἀσφαλεῖ
2762 2354 3070 2426 κατασχών.
3108 2352 3374 2428 Σιδήροις
3425 2357 3609 2429 μέντοι
3642 2357 3742 2412 οὐκ

2087 2434 2223 2509 ἔγνω
2254 2433 2533 2508 δεσμεύειν
2564 2436 2643 2491 τὼ
2673 2436 2829 2508 πόδε,
2862 2440 2936 2503 ὡς
2966 2438 3030 2511 δή
3089 2444 3141 2495 οἱ
3188 2445 3274 2497 καὶ
3329 2445 3737 2519 προστεταγμέ-

2084 2545 2175 2578 νον
2217 2526 2308 2596 ἦν,
2340 2525 2441 2578 οὐκ
2498 2522 2597 2578 οἶδ’
2631 2523 2737 2580 εἴτε
2788 2527 2851 2581 τὸ
2896 2533 2992 2582 τοῦ
3043 2527 3234 2605 ἀνδρὸς
3292 2529 3618 2605 αἰδούμενος
3651 2533 3735 2588 εὐο

2084 2612 2255 2687 γενὲς,
2287 2612 2392 2667 εἴτε
2439 2634 2489 2667 τι
2538 2614 2628 2667 καὶ
2672 2614 2861 2691 φιλίας
2891 2619 3027 2690 πρὸς
3060 2616 3264 2673 ἐκεῖνον
3304 2639 3315 2651 ·
3349 2622 3410 2675 τὸ
3440 2622 3540 2697 γὰρ
3600 2622 3734 2677 ὑπο-

2084 2707 2223 2756 νοεῖν
2255 2724 2307 2756 τι
2337 2702 2460 2772 περὶ
2492 2701 2700 2757 ἐκείνου
2729 2708 2836 2759 τῶν
2887 2706 3096 2781 ἀγαθῶν
3150 2710 3219 2763 τὰ
3271 2716 3371 2778 τῆς
3424 2711 3590 2785 ὀργῆς
3639 2711 3739 2766 οὐκ

2085 2787 2317 2846 ἐδίδουν.
2353 2791 2503 2853 Τέως
2541 2788 2588 2845 δ’
2619 2792 3065 2866 ἀφοσιωσάμενος
3096 2794 3286 2868 ἐκείνῳ
3340 2798 3407 2852 τά
3439 2797 3537 2865 τῇς
3568 2806 3737 2872 τιμῆς

2082 2967 2530 3024 exhilarandum
2564 2969 2954 3042 Palaeologum
2988 2973 3257 3029 eumdem
3283 2978 3445 3029 tanto
3469 2979 3606 3030 tunc
3631 2993 3731 3047 op-

2082 3075 2352 3128 pressum
2386 3057 2568 3113 animi
2600 3074 2867 3127 maerore,
2902 3064 2965 3114 ut
2995 3062 3067 3115 de
3094 3062 3210 3115 vita
3259 3063 3388 3133 ejus
3444 3070 3733 3120 metuere-

2082 3153 2196 3201 tur.
2221 3147 2344 3201 Non
2374 3163 2643 3218 sperasse
2668 3153 2862 3202 autem
2894 3165 2954 3203 se
2978 3150 3089 3220 ipsi
3130 3166 3551 3220 persuasurum
3577 3155 3735 3225 quod

2086 3235 2344 3303 volebat,
2369 3235 2418 3291 si
2451 3252 2520 3290 ex
2545 3234 2712 3290 libris
2735 3235 2793 3291 id
2815 3253 2876 3292 se
2908 3237 3180 3295 hausisse
3204 3240 3547 3307 afﬁrmaret,
3586 3259 3735 3313 quo-

2088 3328 2243 3380 niam
2260 3326 2332 3380 ob
2352 3324 2571 3380 multas
2595 3324 3001 3395 praedictiones
3026 3328 3171 3383 tales
3190 3335 3395 3384 eventu
3424 3331 3737 3387 frustratas

2086 3416 2231 3471 haut
2255 3418 2380 3471 erat
2417 3414 2734 3470 verisimile
2758 3414 2893 3470 huic
2934 3433 3067 3471 eum
3110 3418 3426 3489 tranquille
3444 3436 3509 3473 ac
3534 3435 3737 3475 secure

2088 3505 2518 3576 acquieturum.
2546 3503 2855 3574 Propterea
2895 3504 3134 3561 ﬁnxisse
3158 3508 3466 3562 manifeste
3489 3507 3600 3563 sibi
3632 3526 3736 3563 au-

2090 3596 2272 3650 ditam
2308 3594 2550 3648 missam
2585 3609 2617 3646 a
2648 3597 2762 3647 Deo
2793 3609 3015 3664 vocem,
3050 3596 3141 3649 cui
3174 3595 3341 3666 signo
3377 3602 3575 3668 utpote
3608 3614 3736 3653 raro

2091 3688 2147 3739 et
2178 3684 2325 3737 miro
2359 3680 2588 3737 facilius
2620 3681 2981 3736 crediturum
3023 3682 3413 3755 Palwologum
3475 3686 3735 3756 putabat.

2094 3771 2232 3826 Inde
2266 3787 2325 3826 re
2355 3786 2490 3825 cum
2520 3769 2861 3841 Dyrrhachii
2887 3772 3135 3840 praesule
3168 3773 3618 3844 communicata,
3651 3774 3738 3828 illi

2097 3859 2331 3931 penitus
2363 3858 2623 3914 suasisse
2655 3861 2719 3912 ut
2745 3857 2794 3912 is
2828 3874 3024 3912 vocem
3060 3859 3361 3915 inaudisse
3391 3861 3642 3917 diceret:
3676 3877 3740 3917 se

2100 3953 2271 4019 prout
2299 3947 2503 4001 liberet
2527 3948 2790 4001 eamdem
2822 3963 2854 3999 a
2886 3962 2946 3999 se
2978 3947 3283 4001 confictam
3318 3948 3603 4019 explicare
3661 3952 3740 4006 si-

2101 4035 2487 4091 mulaturum.
2523 4034 2748 4098 Quibus
2781 4033 3097 4105 Palaeologo
3128 4034 3305 4089 veluti
3333 4036 3403 4091 ad
3437 4053 3640 4093 aurem
3666 4039 3739 4094 ab

2104 4125 2363 4192 utrisque
2384 4123 2641 4190 creditis,
2666 4126 2723 4177 iu
2748 4138 3019 4193 magnam
3045 4140 3209 4194 spem
3228 4123 3524 4181 hominem
3544 4143 3744 4183 erexe-

2104 4218 2263 4283 runt,
2296 4212 2547 4283 sibique,
2579 4211 2628 4265 si
2690 4216 2930 4265 eventus
2988 4213 3058 4265 ad
3116 4217 3444 4269 extremum
3499 4214 3745 4284 falleret,

2104 4301 2538 4358 excusationem
2570 4298 2933 4371 probabilem
2966 4300 3355 4373 reliquerunt,
3387 4305 3554 4374 quasi
3599 4321 3745 4375 quos

2104 4393 2441 4459 conjectura
2464 4389 2792 4444 induxisset
2816 4389 2871 4443 in
2891 4405 3163 4460 errorem,
3190 4408 3303 4445 non
3338 4393 3482 4447 satis
3506 4393 3749 4449 feliciter

2105 4480 2517 4551 interpretatos
2548 4494 2744 4533 vocem
2770 4476 2927 4532 aliud
2955 4494 3150 4534 revera
3173 4479 3552 4552 indicantem,
3576 4488 3750 4553 prout

332 4577 450 4630 llas
485 4573 644 4629 enim
678 4572 841 4628 hisce
872 4573 1086 4628 litteris
1128 4574 1420 4644 designari
1478 4592 1645 4629 voces
1672 4592 1684 4629 :
1749 4575 1993 4630 Michael
2022 4568 2069 4632 D
2101 4575 2305 4626 eventa
2336 4572 2750 4631 monstrarent,
2780 4584 2953 4637 quam
2980 4569 3137 4638 quod
3161 4568 3273 4639 ipsi
3307 4570 3587 4641 suspicati
3624 4577 3747 4627 tum

332 4667 645 4734 Augustus
671 4661 1064 4717 Romanorum
1082 4662 1439 4733 Palaeologus
1455 4662 1642 4734 Ocyus
1654 4663 1992 4719 Vocabitur.

331 4754 493 4810 Sunt
524 4756 724 4806 tamen
762 4750 862 4822 qui
896 4750 1093 4807 dicant
1115 4751 1237 4806 haec
1262 4768 1451 4822 neque
1480 4770 1512 4806 a
1548 4752 1996 4823 Dyrrhachiensi

336 4840 543 4896 audita
578 4855 768 4910 neque
799 4857 831 4894 a
877 4839 1384 4895 Thessalonicensi
1434 4840 1615 4895 fuisse
1663 4840 1840 4908 dicta,
1894 4841 1994 4896 sed

329 4930 496 4985 hunc
528 4926 770 4997 ingenio
802 4932 978 5000 atque
1012 4932 1135 4984 arte
1166 4945 1288 4983 rem
1332 4933 1516 4983 totam
1576 4935 1995 4984 commentum.

328 5019 473 5074 Erat
494 5016 780 5071 nimirum
795 5016 1345 5072 Thessalonicensis
1364 5017 1505 5071 mire
1520 5016 1752 5072 deditus
1766 5015 1998 5073 lectioni

327 5124 401 5163 ac
436 5106 814 5161 meditationi
841 5104 1127 5161 librorum
1152 5105 1250 5177 qui
1278 5112 1461 5162 artem
1486 5106 1835 5177 profitentur
1856 5107 1998 5162 divi-

334 5195 522 5252 nandi
558 5194 791 5249 futuras
825 5197 1219 5266 quorumdam
1254 5195 1577 5249 evectiones
1606 5196 1676 5250 ad
1734 5194 1998 5266 imperia,

334 5293 589 5355 totoque
622 5283 681 5337 in
717 5283 831 5338 isto
862 5282 1259 5355 qualicunque
1292 5283 1540 5338 artificio
1596 5283 2001 5354 praeodorandi

335 5378 631 5431 eventura
664 5371 994 5444 plurimum
1024 5372 1124 5428 29
1157 5372 1527 5427 exercitatus.
1563 5373 1711 5442 Ergo
1743 5389 1875 5428 cum
1910 5390 2003 5430 res

336 5464 520 5519 istius
551 5461 789 5532 generis
822 5461 1224 5516 curiosissime
1256 5461 1621 5531 investigans
1645 5462 1837 5517 nescio
1861 5462 2000 5533 quid

337 5554 412 5609 de
425 5552 793 5622 imperaturo
809 5549 1129 5623 Palaeologo
1144 5550 1501 5621 comperisse
1515 5548 1629 5605 sibi
1649 5555 1803 5605 esset
1823 5551 2000 5620 visus,

336 5642 513 5699 aiunt
545 5640 663 5695 ista
692 5655 829 5696 eum
879 5639 1088 5697 notitia
1117 5644 1443 5712 opportune
1499 5640 1582 5695 uti
1620 5638 1877 5697 voluisse
1929 5642 2003 5698 ad

2104 4659 2375 4714 fuissent.
2410 4658 2635 4711 Interea
2663 4656 2804 4710 dum
2854 4655 2975 4710 hinc
3024 4663 3329 4728 geruntur,
3389 4660 3748 4732 imperatorii

2106 4748 2407 4819 equitatus
2437 4744 2632 4800 dictus
2655 4744 2781 4813 jam
2815 4760 3006 4799 comes
3037 4747 3373 4817 supervenit
3414 4748 3748 4815 Chadenus,

2108 4833 2703 4903 Thessalonicamque
2725 4832 3053 4903 ingreditur
3076 4834 3463 4906 perceleriter,
3514 4840 3750 4892 statim-

2109 4941 2223 4997 que
2244 4923 2395 4993 quod
2418 4922 2890 4976 communifama
2903 4926 3079 4994 atque
3101 4924 3752 4983 omniumsermonihus

2108 5012 2412 5083 vulgatum
2446 5012 2654 5077 fuerat,
2689 5026 2750 5064 re
2773 5010 2902 5080 ipsa
2925 5020 3162 5065 ostensa
3188 5013 3574 5068 confirmavit.
3606 5015 3751 5071 Nam

2112 5099 2498 5172 Palaeologum
2532 5115 2737 5155 secura
2768 5099 3037 5155 custodia
3061 5101 3270 5169 tenuit,
3293 5118 3535 5173 parcens
3557 5108 3753 5158 tamen

2111 5206 2245 5245 eum
2268 5190 2453 5243 ferrea
2475 5188 2759 5259 stringere
2782 5189 3078 5259 compede,
3103 5192 3371 5260 quamvis
3408 5191 3463 5244 id
3520 5192 3757 5246 haberet

2112 5280 2171 5334 in
2206 5275 2525 5334 mandatis.
2560 5277 2725 5341 Quod
2757 5276 2854 5333 ille
2890 5282 3083 5332 utrum
3117 5285 3289 5333 tanta:
3324 5278 3645 5333 nobilitatis
3668 5295 3757 5335 ve-

2114 5368 2497 5430 recundia,an
2515 5366 2783 5421 amicitiae
2798 5367 3052 5436 quodam
3071 5367 3347 5423 instinctu
3365 5367 3581 5432 fecerit,
3599 5366 3753 5422 haud

2113 5456 2550 5513 afﬁrmaverim.
2572 5455 2786 5509 Vereor
2808 5457 2961 5509 enim
2986 5459 3049 5508 ut
3082 5457 3220 5509 satis
3241 5453 3634 5509 verisimiliter
3654 5455 3756 5510 80

2113 5545 2402 5619 suspicari
2433 5544 2605 5600 liceat
2626 5543 2965 5598 ministrum
2997 5544 3093 5597 iraa
3130 5549 3248 5598 tam
3282 5542 3493 5597 atrocis
3510 5547 3628 5596 tam
3654 5542 3758 5599 hu-

2115 5652 2320 5693 manos
2343 5650 2554 5691 sensus
2568 5638 2745 5704 atque
2758 5631 3021 5701 affectus,
3046 5632 3185 5685 dum
3202 5645 3419 5686 saevum
3438 5630 3754 5705 imperium
