3944 6202
264 316 369 372 465

1390 324 1480 375 DE
1518 318 1885 373 MICHAELE
1924 315 2372 371 PALEOLOGO
2408 320 2539 370 LlB.
2584 323 2626 371 Ι.

3568 319 3672 373 466

260 441 339 510 ἦν,
372 440 448 501 ὡς
499 438 693 508 ἔοικεν,
728 440 786 495 ἐκ
835 443 1028 510 ζέσεως
1084 449 1315 518 φυσικῆς
1365 440 1673 518 ἔγκαρδίου.
1718 441 1901 504 Ὅθεν,
1932 439 1987 506 Α
2021 438 2433 515 προτεινόμενοι
2465 438 2646 514 ὅρκοι,
2680 440 2740 495 οὐ
2771 439 2903 515 βίων
2934 444 3040 494 τῶν
3073 441 3180 515 πρὸ
3226 443 3322 495 τοῦ
3382 439 3670 512 ἐξετάσεις,

259 530 432 597 οἶμαι,
462 531 549 582 καὶ
598 531 661 583 τὸ
705 529 894 605 εὗφυὶς
948 531 1139 603 ἐκείνῳ
1198 534 1285 586 καὶ
1321 532 1451 606 ὑπὲρ
1507 532 1570 586 τὸ
1621 532 1898 602 προσῆκον

258 618 339 688 ἦν,
401 618 466 672 06
527 614 808 695 στέγοντος
865 624 961 673 τοῦ
1014 620 1209 692 μορίου
1266 622 1331 674 τὸ
1388 624 1557 683 πάθος
1617 616 1899 674 κάντεῦΘεν

256 706 656 779 ἐκτρεπομένου
685 712 783 761 τοῦ
816 707 1047 779 εἰκότος,
1082 709 1155 770 ὡς
1205 707 1345 781 μηδὲ
1392 709 1705 784 χρησίμους
1760 705 1901 760 πολ-

255 795 404 856 λάκις
452 798 789 868 ἀναπέμπειν
848 802 929 869 τῷ
987 798 1274 872 ἐγκεφάλῳ
1350 802 1447 854 τὰτ
1532 796 1899 865 ἀναπνεύσεις,

253 887 363 948 ὅθεν
412 886 501 939 καὶ
558 887 619 940 τὸ
672 885 1005 960 λογίζεσθαι.
1043 888 1129 943 Ἐν
1180 888 1360 959 τούτῳ
1417 888 1519 961 γὰρ
1551 887 1639 941 καὶ
1673 883 1901 963 φιλοσό·

251 996 353 1049 οων
421 973 533 1049 ἔριν
588 976 710 1050 περὶ
769 980 869 1029 τοῦ
927 981 1148 1051 φρονεῖν
1200 972 1554 1049 συμϐιϐάζειν
1606 996 1685 1035 τις
1744 970 1891 1049 ἔχοι*

251 1064 399 1135 πηγή
465 1065 567 1138 γὰρ
626 1063 911 1137 λογισμῶν
961 1066 995 1133 ἡ
1052 1061 1268 1137 καρδία,
1324 1063 1470 1133 πλὴν
1547 1064 1897 1138 ἀναγομένων

247 1152 373 1225 πρὸς
406 1152 499 1204 τὸν
550 1151 876 1229 ἐγκέφαλον,
908 1153 981 1214 ὡς
1034 1151 1239 1215 ἐκεῖνος
1295 1152 1630 1228 συμμετρίας
1692 1153 1727 1220 ἢ
1791 1152 1897 1223 μὴν

243 1239 617 1311 ἀσυμμετρίας
648 1238 1001 1314 ἔχοι,οῧτως
1052 1239 1438 1295 εἷδοποιεῖσθαι
1498 1236 1778 1313 συμϐαίνει
1836 1240 1898 1292 τὸ

242 1328 602 1401 ἀναγόμενον.
634 1328 773 1384 Τότε
802 1328 980 1383 τοίνυν
1031 1329 1431 1400 ἐπιπιπτούσης
1480 1331 1740 1403 συχνάκις
1798 1334 1898 1396 τῆς

235 1416 417 1485 νόσου,
472 1416 573 1470 οὐκ
626 1413 728 1470 οἶδ’
782 1417 999 1483 ὁπόθεν,
1062 1421 1277 1491 μήνιμα
1336 1419 1470 1473 εἶναι
1520 1419 1583 1472 τὸ
1641 1416 1811 1479 πάθος
1868 1418 1895 1471 6

232 1507 462 1580 πάσχων
524 1506 584 1560 ἐκ
642 1507 964 1582 μαγγανείας
1024 1506 1307 1580 δαιμόνιον
1370 1502 1740 1581 ὑπελάμϐανε.
1794 1496 1895 1561 Κοιἓ

233 1597 281 1649 οἱ
318 1597 415 1666 μὶν
447 1592 658 1650 πολλοὶ
714 1600 822 1649 τῶν
876 1595 997 1668 ἔξω,
1026 1600 1106 1658 οἷς
1154 1598 1219 1665 ἧν
1250 1596 1317 1651 τὰ
1346 1602 1568 1652 τοιαῦτα
1597 1597 1892 1661 πιστεύειν,

228 1685 285 1738 τὸ
363 1681 630 1760 ἔγκλημα
700 1680 1057 1760 προσὲτριϐον
1129 1692 1246 1748 τοῖς
1328 1684 1687 1755 Μουζάλωσι,
1745 1687 1891 1759 παρά

2014 528 2112 582 οὐκ
2143 527 2267 583 ἄλλ’
2301 527 2431 584 ἅττα
2465 532 2547 591 οἷς
2597 530 2657 583 τὸ
2706 527 2903 602 ψεῦδος
2952 528 3231 604 ἐλεγχεται
3266 547 3279 559 ⁸
3314 528 3441 584 ἀλλ’
3468 530 3521 584 ἓν
3572 532 3661 585 καὶ

2027 620 2190 689 μόνον
2248 618 2314 685 ἧν
2367 620 2429 672 τὸ
2488 623 2660 687 σῶζον
2714 618 2838 679 τοὺς
2877 617 3189 686 ἡλωκότας,
3226 623 3302 685 [Ρ.
3336 620 3421 690 18]
3452 618 3499 673 εἴ
3558 620 3664 693 μύ-

2013 703 2143 780 δρον
2208 706 2265 759 ἐκ
2322 707 2490 779 πυρὸς
2542 705 2650 776 ἤδη
2683 706 2889 777 ζέοντα,
2921 707 2949 761 ’ὀ
2982 704 3047 775 δὴ
3081 708 3167 760 καὶ
3204 708 3356 780 ἅγιον
3390 706 3664 783 ἐπεφήμι-

2017 794 2435 870 ζον,τολμώσῃ
2501 799 2645 871 χειρὶ
2702 797 2964 869 κύψαντες
3011 792 3334 853 ἀναλάϐοιεν
3394 797 3483 851 καὶ
3538 796 3658 869 τρὶς

2014 887 2373 959 βηματίσειαν
2435 883 2676 960 ἔχοντες,
2725 888 2986 960 πρότερον
3044 888 3218 960 τρισὶν
3274 886 3508 958 ἡμέραις
3560 891 3656 939 τοῦ

2010 978 2176 1027 ταῦτα
2204 974 2434 1048 γίνεσθαι
2466 974 2689 1045 νηστείᾳ
2739 974 3159 1049 καθηγνισμὲνοι
3207 974 3297 1029 καὶ
3348 978 3656 1049 προσευχῇ,

2011 1062 2227 1132 ἐπισεση
2241 1064 2507 1135 μασμένοι
2540 1063 2627 1116 καὶ
2658 1065 2757 1132 τὴν
2789 1068 2951 1137 χεῖρα
2978 1062 3302 1139 κεκρυφάλῳ
3340 1063 3428 1118 καὶ
3491 1062 3655 1137 βουλ-

2012 1151 2082 1225 λῃ
2138 1153 2209 1213 ὡς
2265 1154 2428 1223 μήτις
2484 1152 2796 1225 ἐπιχειροίη
2856 1151 3095 1228 ἀλείφων
3152 1152 3292 1205 τισὶν
3347 1151 3427 1227 ἐφ’
3483 1153 3528 1223 ᾧ
3576 1154 3650 1224 μή

2008 1245 2204 1314 ψαῦσαι
2266 1239 2407 1312 μηδὲ
2454 1244 2647 1294 καῦσαι
2705 1242 2768 1295 τὸ
2823 1244 2951 1314 πῦρ.
2983 1241 3083 1296 Καὶ
3148 1238 3279 1295 εἶδεν
3322 1241 3350 1294 6
3408 1239 3650 1316 γράφων,

2006 1326 2159 1399 ἡϐῶν
2188 1335 2267 1401 τῷ
2306 1330 2446 1397 τότε,
2482 1330 2810 1389 ὑποστάντας
2840 1331 2989 1389 τινας
3038 1332 3277 1397 τοιαῦτα,
3310 1327 3455 1394 πλὴν
3504 1328 3651 1382 ἀλω-

2008 1414 2191 1488 ϐτςτως
2224 1418 2659 1489 ἀπαλλάξαντας,
2686 1419 2747 1472 τὸ
2796 1416 3115 1489 Θαυμάσιον.
3150 1416 3279 1471 Τότε
3308 1416 3484 1470 τοίνυν
3520 1414 3649 1489 ὥρι-

2006 1530 2098 1569 στο
2156 1511 2247 1579 μὶν
2304 1509 2393 1561 καὶ
2452 1505 2644 1567 ἄλλοις
2676 1507 2819 1579 παρᾶ
2864 1510 2959 1559 τοῦ
2990 1510 3317 1581 κρατοῦντος
3350 1500 3647 1576 λαμϐάνειν

2004 1598 2077 1659 εἷς
2124 1596 2296 1673 γάμον
2358 1594 2412 1650 εὖ
2466 1600 2561 1649 τοῦ
2619 1594 2807 1669 γένους
2847 1593 3100 1669 ἐχούσας,
3131 1594 3225 1647 κᾶν
3260 1593 3454 1649 ἐκεῖνοι
3512 1591 3654 1649 πολ-

2003 1687 2156 1747 λάκις
2218 1686 2275 1739 ἐκ
2334 1684 2656 1759 σπερμάτων
2716 1686 2850 1750 ἦσαν
2906 1685 3009 1737 οὐκ
3052 1682 3278 1755 εὐγενῶν
3316 1701 3328 1714 ⁸
3380 1681 3525 1749 πλὴν
3586 1684 3648 1736 τί)

230 1772 423 1847 λόγον.
483 1776 576 1827 καί
632 1774 707 1836 ὡς
766 1772 863 1827 οὐκ
940 1772 999 1827 ἂν
1066 1773 1495 1849 προσεδόκησαν,
1550 1780 1658 1829 τῶν
1724 1777 1881 1846 ἀξιω-
1921 1776 2204 1871 Βεύγενὲς
2257 1774 2482 1834 ἐκείνοις
2535 1774 2670 1846 πρὸς
2723 1776 2819 1825 τοῦ
2875 1776 3201 1843 κρατοῦντος
3287 1768 3497 1845 ἔρρεπε,
3555 1773 3644 1824 καῖ

231 1865 413 1935 μάτων
469 1866 703 1936 τυχοῦσι
740 1880 753 1895 ⁸
814 1866 892 1932 τῷ
944 1864 1127 1933 μεντοι
1184 1884 1246 1937 γε
1300 1864 1567 1937 πάσχοντι
1625 1870 1729 1924 πᾶς
1775 1863 1879 1915 ὕπ-

228 1972 388 2011 οπτος
450 1952 546 2019 ἦν,
611 1950 660 2004 εἷ’
724 1952 888 2023 μόνον
944 1971 1025 2012 τις
1094 1951 1180 2005 ἐπὶ
1242 1952 1588 2028 μαγγανείαις
1640 1972 1879 2026 κατηγο-

225 2040 366 2114 ροίη.
431 2042 597 2103 Ὅθεν
659 2038 751 2093 καὶ
805 2037 1057 2094 πλεῖστοι
1108 2040 1198 2094 καὶ
1252 2045 1358 2095 τῶν
1418 2041 1694 2115 τυχόντων
1753 2062 1877 2095 συν-

223 2123 617 2201 ελαμϐάνοντο,
670 2126 725 2182 εἷ’
773 2128 879 2182 πού
930 2150 1014 2190 τις
1064 2130 1302 2204 γρύξειεν
1362 2129 1629 2204 ἐγκαλῶν.
1684 2130 1787 2185 Καὶ
1848 2132 1875 2184 6

219 2220 306 2288 μὲν
368 2215 593 2271 διώκων
659 2216 988 2292 μαγγανείας
1044 2215 1214 2273 ἄλλον
1268 2219 1399 2291 ὑπὲρ
1440 2220 1631 2273 ἑαυτοῦ
1661 2218 1877 2273 πολλά-

214 2327 293 2367 κις
352 2306 388 2374 ἢ
454 2310 558 2359 τοῦ
608 2304 846 2375 πλησίον
899 2302 1220 2381 προῦϐαλλε
1266 2304 1613 2381 τοῦγκλημα,
1666 2308 1739 2369 ὡς
1797 2305 1874 2361 δί-

215 2415 302 2455 κας
390 2394 721 2467 ληψόμενος
807 2393 1129 2465 ἀποδείξας·
1193 2396 1522 2471 ἀναγόμενον
1602 2394 1657 2450 δὲ
1742 2398 1876 2469 πρὸς

218 2482 443 2557 βασιλέα
505 2483 570 2536 τὸ
628 2480 885 2557 ἔγκλημα
930 2482 989 2538 ἐκ
1032 2488 1129 2537 τοῦ
1178 2484 1481 2559 παραυτίκα
1514 2483 1598 2555 (οὐ
1645 2486 1744 2558 γὰρ
1806 2485 1873 2553 ἦν

215 2577 415 2642 σιωπᾷν
483 2571 842 2643 ἀκούσαντα),
877 2574 905 2626 6
964 2570 1019 2627 δὲ
1078 2572 1190 2647 οὐχ
1221 2574 1352 2649 ὑπὶρ
1384 2572 1560 2628 άλλου
1590 2595 1687 2627 του
1744 2572 1871 2628 ἀλλ’

210 2660 361 2724 αὐτὸς
420 2663 623 2715 ἑαυτοῦ
684 2659 933 2724 συνόλως
989 2662 1238 2736 ἀγωνιῶν
1300 2662 1655 2735 προσέταττεν
1693 2662 1873 2733 ἐξετά-

211 2755 406 2817 ζεσθαι.
448 2751 799 2822 Παράστασις
858 2748 915 2805 δὲ
966 2755 1063 2805 τοῦ
1125 2754 1199 2823 μὴ
1261 2754 1469 2828 ψήφοις
1500 2752 1731 2815 ἀπάσαις
1783 2754 1875 2807 τὸν

210 2839 538 2911 κρινόμενον
601 2840 871 2913 αἱρεῖσθαι
934 2840 999 2894 06
1066 2842 1350 2916 μαρτύρων
1412 2842 1752 2917 παραγωγαὶ,
1813 2842 1873 2896 o6

205 2992 421 3063 gravis,
458 2991 773 3064 epilepsia,
810 3009 924 3063 qua
954 2992 1207 3049 subinde
1237 2996 1638 3066 apprehensus
1680 2997 1871 3052 conci-

206 3081 397 3136 debat.
437 3080 623 3151 Origo
648 3082 778 3151 ejus
800 3081 1172 3137 versimiliter
1193 3083 1599 3155 imputabatur
1620 3085 1874 3141 naturali

1997 1866 2070 1925 ὡς
2102 1870 2235 1942 σφᾶς
2295 1861 2399 1918 ἔδει
2461 1862 2803 1934 σεμνύνεσθαι
2859 1861 3182 1931 ἀξιώμασιν,
3234 1857 3283 1912 ἐν
3343 1858 3645 1934 εὐεργεσίας

1991 1955 2139 2029 μὲρει
2205 1954 2295 2008 καὶ
2350 1953 2681 2028 ἀμφοτέροις
2740 1950 2800 2003 τὸ
2860 1946 3034 2017 κῆδος
3095 1950 3123 2002 6
3166 1951 3377 2021 κρατῶν
3450 1946 3635 2012 ἐτίθει,

1988 2042 2116 2097 ὥστ’
2161 2041 2393 2101 ἐκείνους
2456 2040 2549 2112 μὶν
2605 2043 2723 2098 ταῖς
2783 2038 3109 2112 ματρώναις,
3159 2036 3231 2097 ὡς
3287 2037 3314 2090 6
3364 2037 3640 2106 Ῥωμαῖος

1987 2129 2153 2196 εἷ’ποι,
2186 2131 2259 2191 ὡς
2319 2129 2461 2192 εἰκὸς
2517 2125 2928 2203 μεγαλύνεσθαι,
2960 2123 3164 2188 ὲκείνας
3213 2122 3257 2178 δ’
3291 2122 3440 2187 αὖθις
3497 2145 3633 2195 συμ-

1989 2220 2237 2293 μετέχειν
2294 2217 2400 2274 τῶν
2454 2217 2775 2289 ἀξιωμάτων
2831 2220 2948 2276 τοῖς
3003 2216 3319 2289 ἀγομένοις.
3358 2212 3630 2286 ΙΙροστάτ-

1982 2330 2060 2363 τει
2084 2309 2261 2363 τοίνυν
2287 2307 2379 2361 σὺν
2411 2312 2528 2366 τοῖς
2560 2303 2753 2367 ἄλλοις
2782 2304 2871 2358 καί
2898 2324 3004 2357 τινι
3046 2307 3152 2357 τῶν
3214 2302 3288 2363 εἷς
3330 2298 3632 2355 παιδοπού-

1984 2397 2113 2458 λους
2144 2398 2453 2470 ταχθέντων
2488 2395 2676 2465 ἐκείνῳ
2707 2397 2806 2448 τοῦ
2852 2392 3056 2466 πατρὸς
3110 2395 3330 2460 ζῶντος,
3375 2388 3629 2446 Βαλανει-

1985 2484 2154 2561 διώτῃ
2178 2485 2508 2556 τούπίκλην,
2538 2485 2636 2551 τήν
2665 2491 2765 2552 τῆς
2796 2480 3141 2559 αὐταδέλφης
3170 2484 3267 2534 τοῦ
3321 2474 3599 2534 Παλαιολὸ

1983 2596 2083 2650 γου
2136 2576 2377 2651 Μαρίας,
2408 2571 2514 2628 εἷ’τε
2560 2573 2649 2626 καὶ
2712 2571 2958 2647 Μάρθας,
2988 2570 3157 2645 κόρην
3212 2565 3517 2641 Θεοδώραν,
3569 2568 3631 2634 ἢν

1982 2670 2063 2737 τῷ
2090 2663 2483 2737 Ταρχανειώτῃ
2520 2658 2742 2736 μεγάλῳ
2788 2658 3095 2732 δομεστίκῳ
3142 2657 3319 2726 ἐκείνη
3379 2656 3629 2729 γεγεννη-

1982 2774 2093 2821 κεν,
2128 2753 2202 2815 εἷς
2264 2752 2441 2827 γάμον
2500 2750 2737 2823 νόμιμον
2798 2748 3109 2823 ἀγαγέσθαι.
3135 2746 3240 2802 Καὶ
3269 2745 3331 2811 ἦν
3380 2746 3407 2798 6
3466 2743 3631 2817 λόγος

1982 2846 2079 2896 τοῦ
2141 2840 2409 2916 βασιλέως
2468 2838 2653 2900 αὐτοῖς
2708 2832 2895 2911 βεϐαία
2948 2857 3030 2897 τις
3088 2834 3469 2908 κατεγγύησις,
3502 2833 3629 2887 κᾶν·

1984 2999 2055 3052 ad
2084 2998 2493 3068 imperatorem
2520 2992 2894 3050 accusatione
2926 2994 3061 3061 (non
3101 2992 3226 3044 erat
3272 2988 3426 3042 enim
3484 2985 3628 3041 libe-

1983 3104 2114 3142 rum
2147 3087 2196 3141 ei
2247 3082 2620 3140 dissimulare
2678 3081 2832 3153 quod
2889 3080 3017 3149 ejus
3076 3076 3303 3147 generis
3360 3074 3625 3128 auditum

190 3168 659 3225 effervescentis
710 3170 905 3225 cordis
938 3172 1140 3241 (quam
1185 3175 1243 3226 et
1290 3188 1532 3228 causam
1585 3174 1636 3228 ei
1685 3175 1871 3231 fuisse
1906 3164 1948 3230 C
1980 3176 2208 3241 fuerat),
2233 3172 2433 3229 statim
2456 3172 2506 3225 is
2527 3170 2799 3225 turbatus
2821 3173 2877 3222 et
2898 3170 3179 3232 aestuans,
3204 3168 3488 3233 tanquam
3512 3178 3625 3216 non

190 3272 319 3312 reor
338 3257 587 3311 ruboris
614 3256 672 3310 in
697 3258 861 3311 vultu
890 3257 1192 3330 ﬂagrantis
1217 3261 1314 3329 (1),
1342 3260 1498 3316 haud
1523 3277 1651 3317 sese
1667 3262 1869 3318 videli-

189 3350 275 3400 cet
305 3346 589 3416 capiente
622 3345 830 3401 ardore
862 3347 1145 3417 principis
1178 3348 1338 3403 illius
1384 3351 1659 3418 membri,
1718 3352 1862 3422 quin

185 3432 335 3488 foras
367 3449 569 3504 usque
596 3431 656 3486 in
680 3449 746 3488 os
768 3438 826 3488 et
855 3449 1037 3505 genas
1064 3441 1411 3507 erumpente
1434 3437 1650 3493 interni
1685 3445 1869 3495 aestus

184 3523 397 3577 indicio
418 3539 485 3577 ae
512 3521 808 3592 proderet.
833 3522 945 3577 Sed
971 3528 1027 3578 et
1049 3524 1329 3594 fuliginea
1348 3542 1416 3581 ex
1442 3526 1552 3582 isto
1591 3526 1870 3585 incendio

179 3625 421 3666 sursum
456 3611 521 3665 in
554 3611 869 3665 cerebrum
902 3612 1135 3683 perlatas
1160 3613 1402 3669 rationis
1442 3632 1616 3671 usum
1645 3623 1868 3687 pertur-

177 3700 416 3755 babant.
454 3700 625 3765 Quod
651 3701 1155 3770 quemadmodum
1180 3704 1300 3770 fiat,
1323 3707 1718 3775 quantumvis
1738 3708 1869 3777 phi-

172 3788 403 3859 losophi
443 3789 715 3842 rixentur
734 3788 887 3844 inter
910 3806 1063 3860 sese,
1087 3796 1316 3847 certum
1340 3796 1538 3848 tamen
1561 3796 1869 3864 experien-

172 3877 266 3933 tia
297 3876 598 3948 suffragio
633 3881 723 3931 est
757 3876 982 3934 fontem
1017 3881 1160 3935 recti
1184 3880 1393 3950 judicii
1427 3899 1527 3937 cor
1586 3898 1738 3954 esse,
1804 3871 1871 3940 οῖ

182 3972 358 4036 prout
390 3964 758 4021 exhalantur
784 3983 853 4021 es
905 3983 970 4023 eo
1032 3971 1465 4025 accommodati
1525 3972 1596 4027 ad
1655 3990 1866 4028 sanum

178 4060 731 4126 temperamentum
767 4055 979 4126 capitis
1012 4064 1112 4111 aut
1145 4057 1199 4112 ei
1231 4058 1552 4115 adversarii
1601 4077 1869 4131 vapores,

172 4144 253 4197 ita
285 4143 554 4198 delirare
572 4142 879 4198 hominem
904 4148 1006 4200 aut
1027 4162 1257 4217 sapere.
1283 4147 1645 4220 Tuncigitur
1673 4149 1871 4205 istius-

182 4232 337 4287 modi
372 4230 715 4302 caliginum
749 4231 1127 4289 incommodo
1162 4236 1222 4289 in
1256 4238 1566 4292 cerebrum
1619 4240 1868 4309 appulsu

183 4320 447 4375 subinde
484 4318 803 4391 perculsus
836 4337 1006 4392 aeger,
1040 4322 1311 4378 laborare
1345 4341 1407 4379 se
1438 4324 1491 4379 vi
1524 4342 1676 4381 saeva
1736 4313 1872 4381 mali

179 4409 478 4465 daemonis
515 4424 833 4477 magorum
867 4410 1097 4465 artibus
1128 4410 1401 4468 immissa
1429 4414 1754 4483 judicabat.
1792 4417 1871 4471 AC

1976 3264 2034 3318 in
2070 3262 2249 3319 alium
2278 3276 2455 3332 quam
2482 3260 2539 3313 in
2573 3274 2702 3313 sese
2724 3256 2823 3327 qui
2850 3254 3219 3310 deferebatur
3245 3252 3449 3306 noxias
3472 3254 3626 3304 artes

1976 3352 2348 3418 intendisset,
2376 3348 2625 3419 disquiri
2658 3346 2729 3400 de
2760 3362 2819 3400 re
2839 3344 3103 3415 jubebat.
3129 3340 3405 3396 Elabendi
3431 3344 3624 3394 autem

1976 3441 2255 3512 ejudicio
2313 3444 2494 3508 atque
2552 3434 2901 3489 innocentiae
2958 3430 3275 3503 probandae
3337 3444 3453 3483 una
3506 3431 3629 3480 erat

1976 3532 2144 3596 ratio,
2178 3546 2293 3585 non
2327 3529 2383 3581 in
2410 3524 2938 3595 calculisjudicum
2964 3525 3063 3577 aut
3085 3519 3361 3575 laudibus
3384 3514 3621 3571 testium

1976 3625 2076 3675 aut
2097 3616 2489 3691 jurejurando
2521 3616 2656 3669 dato
2689 3616 2790 3668 aut
2810 3610 2939 3667 vita:
2962 3610 3126 3682 prius
3150 3606 3459 3675 inculpata:
3484 3606 3622 3657 actm

1978 3708 2255 3779 suffragio
2289 3707 2422 3775 sita,
2459 3705 2561 3760 sed
2597 3703 2655 3757 in
2697 3700 2937 3756 innoxia
2984 3695 3434 3770 pertractatione
3488 3692 3621 3746 ferri

1977 3796 2306 3865 candentis,
2340 3794 2495 3865 quod
2525 3794 2794 3847 sanctum
2828 3788 3133 3845 vocabant.
3172 3784 3358 3855 Hujus
3411 3794 3623 3853 purga-

1976 3886 2155 3941 tionis
2188 3886 2277 3941 hic
2309 3885 2457 3937 ritus
2479 3887 2621 3938 erat.
2647 3880 2753 3944 Qui
2787 3895 2849 3933 se
2878 3878 2947 3933 ad
2972 3876 3133 3931 illam
3158 3875 3407 3935 offerret,
3430 3868 3623 3924 triduo

1978 3975 2142 4045 prius
2163 3972 2392 4043 jejunio
2424 3975 2482 4025 et
2511 3969 2772 4027 oratione
2803 3984 2866 4022 se
2898 3966 3161 4038 parabat,
3191 3962 3519 4018 custoditus
3542 3963 3629 4018 in-

1977 4062 2147 4116 terim
2181 4066 2238 4117 et
2268 4077 2445 4115 manu
2479 4058 2604 4113 velo
2630 4056 2914 4122 involuta,
2949 4053 3041 4109 cui
3074 4051 3336 4124 sigillum
3370 4057 3522 4107 esset
3542 4069 3625 4106 re-

1978 4152 2141 4223 gium
2172 4151 2548 4220 impressum,
2583 4162 2655 4201 ne
2686 4146 2818 4216 quis
2850 4158 2975 4199 eam
3009 4140 3386 4197 unctionibus
3417 4140 3623 4195 adver—

1979 4259 2082 4297 sus
2114 4240 2268 4311 ignis
2298 4252 2535 4293 sensum
2570 4234 2981 4290 roborantibus
3011 4232 3288 4287 muniret.
3313 4231 3462 4284 Tum
3489 4245 3625 4301 pro-

1981 4332 2193 4386 ductus
2222 4328 2280 4383 in
2307 4327 2567 4383 medium
2591 4325 2867 4381 audacter
2886 4321 3201 4393 arripiebat
3221 4318 3472 4391 ignitum
3496 4318 3621 4389 glo-

1981 4420 2119 4475 bum
2158 4420 2316 4473 nuda
2347 4433 2546 4481 manu,
2578 4418 2635 4469 et
2660 4430 2791 4468 eum
2824 4428 2925 4483 per
2954 4410 3065 4466 tria
3094 4409 3385 4466 conclavis
3430 4408 3622 4479 spatia

176 4497 402 4590 vulgus
430 4496 680 4590 quidem
714 4497 784 4551 ad
810 4497 1303 4590 taliacredulum
1334 4501 1557 4557 crimen
1590 4505 1719 4573 ejus
1743 4509 1871 4590 ma:
1902 4525 1947 4589 D
1982 4508 2268 4580 portabat.
2301 4505 2459 4559 Vidit
2490 4504 2589 4575 qui
2621 4503 2741 4558 bmc
2773 4501 2978 4557 scribit
3007 4500 3065 4554 in
3088 4503 3309 4554 aetatem
3333 4498 3459 4567 jam
3492 4500 3617 4551 tum

175 4583 351 4639 leﬁcii
388 4584 771 4655 impingebat
810 4585 1240 4652 Muzalonibus,
1275 4590 1443 4659 quasi
1473 4591 1572 4661 qui
1601 4609 1712 4647 non
1738 4610 1845 4649 con

174 4677 320 4729 tenti
359 4675 775 4745 dignitatibus
810 4676 1131 4745 concessis,
1188 4677 1258 4731 ad
1316 4680 1589 4749 majores,
1645 4684 1861 4753 quibus

176 4763 529 4825 inhiabant,
563 4761 716 4816 viam
752 4761 867 4818 sibi
901 4780 967 4820 eo
1020 4763 1238 4821 scelere
1290 4770 1636 4824 sternerent.
1689 4772 1859 4842 .Egro

182 4859 388 4907 autem
409 4856 735 4922 suspectus
759 4852 1107 4923 quiviserat,
1132 4870 1305 4925 quem
1331 4858 1860 4931 quomodocunque

182 4940 536 4996 insimulari
568 4940 1000 5012 praestigiarum
1033 4942 1284 5000 audiret.
1319 4948 1508 5012 Quare
1538 4950 1735 5004 statim
1787 4952 1855 5005 ad

179 5032 417 5102 primos
456 5044 743 5084 susurros
773 5028 861 5085 vel
892 5034 1112 5087 temere
1135 5033 1521 5091 deferentium
1557 5037 1707 5093 obvii
1733 5056 1859 5109 pas-

177 5120 293 5173 sim
328 5118 569 5189 quique
601 5118 1272 5188 comprehendebantur.
1308 5125 1429 5188 Quo
1453 5125 1857 5185 animadverso

177 5207 276 5279 qui
334 5207 610 5277 aliquem
672 5207 939 5277 oderant,
1002 5215 1218 5267 certam
1281 5229 1409 5268 eam
1468 5215 1693 5271 inibant
1760 5236 1855 5273 ra-

180 5299 417 5352 tionem
456 5297 589 5365 ejus
621 5296 773 5353 male
817 5297 1131 5367 multandi,
1192 5306 1255 5354 ut
1303 5303 1428 5373 jam
1472 5305 1680 5361 delatio
1737 5325 1853 5361 ma-

189 5385 302 5457 gia:
393 5384 690 5439 indicium
774 5392 931 5442 esset
990 5387 1084 5442 ira:
1140 5388 1373 5460 injustas
1461 5410 1660 5462 pcnnas
1757 5414 1858 5467 per

191 5476 292 5531 83
308 5472 688 5531 calumniam
712 5474 782 5529 de
806 5475 1045 5531 inimico
1060 5481 1392 5549 repetentis.
1410 5482 1637 5539 Perlata
1660 5492 1853 5540 autem

266 5629 346 5697 {1)
380 5624 481 5681 Cf.
515 5628 745 5682 Possin.
779 5626 1036 5684 Glossar.
1070 5646 1119 5684 v.
1156 5627 1371 5707 Εὐφυῆς

1979 4599 2256 4671 puberem
2290 4593 2528 4650 adultus
2568 4592 2853 4664 quosdam
2886 4590 2982 4645 isti
3016 4587 3269 4644 examini
3319 4587 3618 4658 subjectos

1974 4688 2114 4742 citra
2160 4685 2341 4739 ullam
2403 4683 2711 4737 defunctos
2771 4696 2977 4734 noxam
3038 4676 3346 4732 candentis
3395 4674 3612 4730 metalli

1973 4781 2153 4843 tactu,
2183 4771 2541 4829 mirantibus
2571 4770 2668 4842 qui
2696 4770 2958 4838 aderant,
2991 4766 3201 4823 illaesos
3238 4766 3615 4835 integrosque

1972 4865 2257 4919 recedere.
2293 4861 2436 4914 Cum
2472 4864 2663 4913 autem
2702 4856 2879 4928 perid
2904 4862 3134 4926 tempus
3168 4872 3280 4909 non
3310 4870 3437 4908 raro
3466 4852 3613 4907 sole-

1970 4958 2055 5006 rct
2088 4952 2407 5022 imperator
2435 4948 2574 5001 viris
2607 4946 2760 5001 haud
2796 4945 3093 5000 nobilibus
3124 4942 3347 5015 prmmii
3377 4942 3503 4996 loco
3527 4940 3610 4995 vel

1969 5040 2167 5113 gratiae
2201 5037 2705 5093 nobilissimarum
2738 5034 3031 5106 virginum
3091 5032 3359 5104 conjugis
3413 5032 3607 5086 decer-

1970 5145 2128 5194 nere,
2170 5129 2320 5183 inter
2350 5125 2465 5181 alia
2487 5127 2615 5196 ejus
2638 5126 2869 5195 generis
2899 5122 3160 5193 exempla
3186 5122 3418 5176 cuidam
3471 5121 3607 5173 ado-

1968 5219 2203 5274 lescenti
2259 5234 2288 5271 e
2346 5216 2521 5287 regiis
2579 5214 2843 5285 ephebis,
2901 5211 3274 5267 Balanidiotze
3352 5207 3605 5273 nomine,

1968 5308 2333 5363 Theodoram
2367 5307 2467 5360 34
2498 5304 2735 5359 Marthze
2771 5303 2947 5357 tiliam
2978 5299 3195 5355 sororis
3225 5296 3550 5365 Palaaologi,
3578 5312 3607 5347 e

1968 5414 2181 5467 magno
2209 5397 2529 5453 domestico
2550 5393 2934 5450 Tarchaniota
2960 5391 3239 5462 genitam,
3259 5382 3603 5457 desponderi

1962 5487 2162 5557 jussit.
2198 5485 2498 5541 Celebrate
2531 5500 2820 5540 consensu
2847 5480 3103 5552 partium
3136 5475 3410 5530 mandato
3440 5471 3600 5542 prin-
