4034 6200
246 289 367 345 469

1380 287 1476 340 ΒΕ
1513 286 1889 340 MICHAELE
1934 288 2385 346 PALIEOLOG’O
2422 294 2557 345 LIB.
2599 297 2643 347 Ι.

3580 300 3684 356 470

250 412 525 484 παντίνῳ
568 415 648 483 τῷ
704 410 907 485 Τείχῳ,
940 412 974 479 ἡ
1036 407 1091 464 δὲ
1138 414 1218 481 τῷ
1265 412 1364 463 τοῦ
1397 405 1615 495 δυτικσῦ
1648 405 1910 462 δεσπότου
1939 412 1994 478 Α
2025 410 2106 463 ὅτι
2158 411 2395 483 μάλιστα
2444 415 2685 489 ἄριστον,
2749 416 2887 473 ὥστε
2938 419 3026 475 καὶ
3084 421 3414 495 παμπληθὲς
3469 420 3683 478 ἐκινδῦ-

247 502 496 577 Μιχαὴλ
556 500 713 556 παιδὶ
770 500 1071 577 Νικηφόρῳ
1127 500 1263 574 πρὸς
1322 500 1496 572 γάμον
1547 493 1776 575 ἔφθασαν
1829 497 1916 552 ἐκ·

251 590 507 661 δοθῆναι.
538 593 606 648 “Ο
665 588 731 659 δή
790 590 878 645 καὶ
934 590 1295 663 προεσήμηνὲ
1349 610 1400 641 τι
1451 592 1721 659 σημεῖον
1755 586 1919 655 ἥλιος

241 683 352 757 γάρ
402 679 715 735 ἐκλελοίπει
764 678 847 756 ἐφ’
889 677 1032 753 ὥραν
1089 677 1279 752 τρίτην
1326 684 1426 745 τῆς
1473 673 1635 744 ἕκτης
1683 675 1917 750 ἡμέρας,

244 770 337 823 καὶ
382 768 519 843 βαθὺ
552 764 751 830 σκὸτος
778 768 840 822 τὸ
867 773 971 821 πᾶν
1028 766 1372 842 κατειλήφει,
1408 763 1545 819 ὥστε
1601 764 1691 818 καὶ
1752 766 1919 837 ἄστρα

244 864 487 931 φανῆναι
531 859 649 910 κατ’
705 855 955 930 οὐρανοῦ.
1016 855 1118 909 Καὶ
1183 852 1250 923 δὴ
1309 856 1602 928 ἁρπάζεται
1666 852 1754 907 καὶ
1811 853 1918 926 πρὸ

243 947 397 1020 ὥρας
429 946 569 1019 ἀνὴρ
608 943 911 1019 βασιλικῶς
948 946 1041 1017 μὲν
1076 945 1166 998 καὶ
1192 943 1475 1017 γεννηθεὶς
1533 943 1622 997 καὶ
1671 941 1917 1019 τραφεὶς,

243 1035 553 1109 βασιλικῶς
586 1032 631 1089 δ’
664 1034 922 1109 ἀναχθεὶς
949 1034 1040 1090 καὶ
1073 1030 1406 1102 παιδευθεὶς,
1433 1033 1530 1086 κάν
1593 1032 1637 1086 εἷ
1687 1036 1767 1103 τῷ
1814 1051 1917 1084 πα-

232 1126 322 1199 τρὶ
379 1124 442 1178 οὐ
497 1125 800 1199 προσεῴκει
846 1125 909 1179 τὸ
962 1123 1097 1200 βαθύ
1146 1144 1204 1178 τε
1250 1124 1340 1177 καὶ
1389 1121 1605 1177 συνετὸν
1634 1119 1772 1195 πρὸς
1806 1119 1913 1200 δτξ

232 1212 389 1283 λέξοι
440 1214 533 1267 καὶ
578 1214 772 1288 πράξοι
820 1212 907 1267 καί
957 1214 1020 1267 τὸ
1069 1219 1169 1282 τῆς
1223 1212 1452 1286 γνώμης
1484 1209 1705 1286 στερρόν
1738 1229 1798 1263 τε
1824 1198 1913 1262 κο.ι

242 1302 257 1319 9
400 1303 471 1323 'n,
642 1301 758 1323 ἕπευ
824 1300 852 1320 1'
939 1301 953 1321 τ
1095 1303 1109 1323 γ’
1170 1322 1175 1323 ,
1350 1300 1401 1323 x,
1435 1298 1516 1323 ζ’--.
1554 1320 1575 1323 Α
1611 1298 1665 1323 -ὶ
1703 1299 1762 1323 l'n
1822 1254 1915 1323 an]

234 1302 600 1373 ἀμετάθετον,
631 1301 758 1356 ἀλλ’
794 1300 883 1356 οὖν
936 1301 997 1356 ἐκ
1041 1303 1267 1356 πάππου
1311 1300 1404 1373 μὲν
1433 1298 1577 1373 ἔχων
1609 1298 1672 1352 τὸ
1703 1299 1792 1370 [Ρ.
1822 1299 1892 1351 20

232 1388 287 1451 ἒς
319 1392 488 1444 πάντ’
521 1391 613 1460 ὀξὺ
643 1392 731 1444 καὶ
765 1388 1114 1467 μεγαλόφρον
1162 1390 1251 1444 καὶ
1306 1390 1545 1463 ἀρεϊκὸν,
1582 1386 1641 1441 ἔκ
1692 1387 1749 1440 δὲ
1804 1406 1911 1457 μη·-

230 1480 365 1553 τρὸς
398 1481 468 1534 τὸ
500 1478 968 1557 φιλοδωρότατον,
1002 1481 1075 1541 ὡς
1111 1477 1267 1541 ὅλαις
1300 1478 1456 1553 χερσὶ
1497 1482 1614 1538 τοῖς
1646 1474 1913 1545 ὕπηκόοις

230 1568 297 1621 τά
360 1570 639 1642 χρήματα
693 1567 963 1638 ἐξαντλεῖν
1029 1568 1118 1622 καὶ
1172 1566 1532 1637 ἐξαντλοῦντα
1590 1564 1706 1639 οὐχ
1761 1562 1912 1626 ὅπως

232 1656 497 1721 ἀνιᾶσθαι
530 1658 677 1713 ἀλλὰ
731 1660 820 1712 καὶ
870 1662 1107 1732 χαίρειν,
1141 1654 1594 1734 φιλολογώτατος
1637 1652 1683 1707 δ’
1734 1652 1786 1714 ἐς
1842 1652 1909 1706 τά

2026 518 2173 554 νευεν
2234 502 2625 577 εὐεριίετεῖσθαι
2684 508 2760 579 μὴ
2822 507 2903 563 ὅτι
2960 510 3087 572 τοὺς
3144 509 3478 583 ψάλλοντας,
3539 511 3681 568 ἀλλὰ

2028 588 2115 642 καὶ
2176 591 2370 645 αὐτοὺς
2426 597 2533 647 τῶν
2590 593 2772 667 ὕμνων
2828 597 3229 671 ἀκροωμένους,
3260 599 3357 655 κᾶν
3400 605 3508 654 τῶν
3537 623 3674 675 προ-

2027 679 2353 733 κοιτούντων
2386 682 2451 750 ἦν
2483 704 2564 743 τις
2596 683 2688 737 κᾶν
2733 689 2838 739 τῶν
2887 687 3214 764 ὁπλοφόρων
3274 688 3362 742 καὶ
3420 710 3673 761 σωματο-

2030 764 2417 842 φυλακούντων
2448 775 2525 841 τῷ
2560 771 2798 846 βασιλεῖ,
2825 774 2920 828 κᾶν
2955 773 3143 837 ἄλλως
3202 776 3497 850 ὑπηρετοίη
3555 785 3672 839 τοῖς

2033 854 2349 942 βασιλείοις,
2383 856 2475 911 κᾶν
2536 857 2723 921 ἄλλως
2783 861 3014 918 ἄλλοθεν
3066 865 3329 929 ἐπελθών.
3383 872 3520 920 Πᾶσι
3570 868 3671 942 γάρ

2029 941 2079 1012 ἐξ
2138 941 2253 997 ἴσου
2308 946 2370 999 τὸ
2432 948 2713 1021 βασιλικὸν
2776 952 3190 1023 ἀνεξαντλήτως
3249 950 3437 1027 ἔχευεν
3498 941 3673 1025 ἕλεος,

2026 1035 2378 1106 στρατιώταις
2409 1033 2466 1089 δὲ
2499 1037 2710 1108 μᾶλλον
2742 1041 2831 1094 καὶ
2863 1042 2946 1103 οἷς
2979 1043 3007 1096 ὁ
3040 1040 3207 1116 λόγος
3259 1044 3321 1097 τὸ
3352 1041 3675 1117 σπούδασμα

2026 1120 2113 1189 ἦν.
2149 1122 2225 1178 Οὐ
2255 1124 2355 1199 γάρ
2386 1124 2454 1191 ἦν
2487 1127 2687 1200 ἡμέρα,
2722 1129 2786 1182 οὐ
2845 1129 2957 1201 νὺξ,
2988 1131 3048 1185 οὐ
3105 1132 3295 1207 καιρὸς
3351 1130 3671 1205 δυσθυμίας,

2026 1210 2132 1286 οὐχ
2159 1210 2274 1288 ὥρα
2306 1218 2498 1288 χαρᾶς,
2534 1215 2630 1269 οὐκ
2681 1217 2992 1273 ἀνατέλλων
3048 1219 3233 1289 ἥλιος,
3268 1221 3329 1275 οὐ
3387 1218 3670 1293 δυόμενος,

2025 1300 2113 1354 ὅτε
2168 1322 2250 1362 τις
2306 1303 2608 1379 εὐεργεσίας
2664 1302 2797 1380 δίχα
2840 1308 2929 1361 τὸν
2979 1307 3201 1377 ἄνακτα,
3258 1312 3293 1378 ἢ
3350 1309 3406 1363 εὖ
3465 1308 3669 1370 ἐκεῖνος

2023 1389 2248 1463 πάσχων
2307 1390 2339 1459 ἢ
2402 1390 2588 1448 ἄλλων
2646 1393 2713 1448 τὰ
2771 1394 2861 1450 ἴσα
2916 1398 3265 1472 πασχόντων,
3299 1400 3425 1471 ὁρᾷν
3483 1397 3518 1465 ἢ
3577 1398 3666 1451 καὶ

2021 1478 2232 1532 ἀκούειν
2268 1479 2403 1553 εἶχε,
2436 1486 2698 1545 Τοιοῦτος
2739 1481 2795 1538 δὲ
2821 1482 2892 1538 ὢν
2931 1486 3095 1560 βαρὺς
3124 1483 3271 1559 ἔδοξε
3294 1492 3411 1549 τοῖς
3472 1487 3523 1541 ἐν
3580 1488 3666 1540 τὲ-

2021 1564 2125 1639 λει,
2160 1566 2239 1620 ὅτι
2274 1566 2333 1621 οὐ
2365 1570 2480 1622 κατ’
2511 1571 2779 1643 εὐγένειαν
2822 1573 2912 1626 καὶ
2960 1571 3129 1643 κῆδος
3184 1575 3484 1649 βασιλικὸν,
3519 1573 3663 1630 ἀλλὰ

2017 1654 2325 1728 ἀριστίνδην
2382 1656 2508 1719 τοὺς
2572 1658 2811 1714 ἐπὶτῶν
2889 1662 3223 1735 πραγμάτων
3302 1663 3661 1739 ἐκλεγόμενος

233 1746 491 1817 μάλιστα
544 1742 644 1815 ὤν,
698 1746 787 1800 καὶ
850 1752 981 1800 πᾶσι
1057 1747 1147 1819 μὲν
1225 1747 1474 1818 λογικοῖς
1556 1740 1906 1816 εὐεργετικῶς
1940 1748 2129 1848 Βτοῖς
2173 1747 2539 1819 προσήκουσιν
2592 1746 2873 1820 ἐσέμνυνεν
2934 1750 3254 1821 ἀξιώμασιν.
3289 1755 3380 1814 Οἷς
3428 1751 3485 1807 δὲ
3539 1775 3661 1807 συν-

512 1834 523 1848 ρ
795 1836 807 1848 ς
896 1838 925 1848 λυ
1088 1834 1128 1848 δι
1241 1835 1254 1848 \
1350 1832 1362 1848 9
1413 1834 1424 1847 \
1524 1830 1542 1848 Ν
1698 1835 1722 1845 τ
2028 1827 2075 1848 ID
2498 1837 2507 1848 ι
2684 1838 2709 1848 ιν
2929 1840 2938 1848 .
3027 1840 3039 1848 ι
3180 1841 3190 1848 .
3313 1839 3337 1848 ,ρ
3570 1843 3580 1848 -

232 1834 713 1911 προσφερόμενος,
749 1836 860 1909 οὐχ
888 1838 1050 1904 ἦττον
1084 1834 1141 1889 δὲ
1168 1835 1256 1888 καὶ
1306 1832 1465 1894 αὐτὸς
1524 1830 1726 1907 λογικῇ
1779 1851 1905 1884 παι-

232 1923 353 1996 δείᾳ
385 1925 821 2000 προσεσχηκὼς,
848 1924 909 1979 οὐ
945 1923 1156 1997 μᾶλλον
1191 1922 1249 1977 ἐκ
1282 1925 1567 1995 μαθήσεως
1606 1922 1641 1991 ἢ
1698 1919 1906 1994 φύσεως

226 2016 329 2084 τήν
389 2014 525 2087 περὶ
581 2014 644 2068 τὸ
700 2015 924 2091 γράφειν
987 2010 1210 2085 δύναμιν
1261 2007 1430 2087 ἔχων,
1463 2011 1538 2074 ὡς
1564 2009 1655 2064 καὶ
1713 2006 1904 2062 πολλά

229 2100 543 2178 έπιρῥύδην
595 2101 881 2174 ἐκτιθέναι,
937 2102 982 2157 εἰ
1038 2102 1203 2175 μόνον
1249 2102 1536 2177 ὁρμήσειεν
1571 2119 1584 2131 ⁸
1618 2094 1720 2153 ἔδει
1772 2098 1898 2171 γὰρ,

226 2192 315 2247 καὶ
379 2193 584 2246 σιωπῶ
626 2194 693 2246 τά
732 2193 983 2264 πλεῖστα,
1015 2194 1050 2262 ἡ
1100 2192 1400 2267 περιφανὴς
1451 2187 1605 2263 ἁγίου
1646 2185 1898 2264 ἐφειστή-

226 2302 309 2335 κει
379 2280 790 2355 μνήμη,οὐδὲν
849 2283 1174 2358 προσθέντα,
1226 2283 1261 2349 ἢ
1319 2276 1468 2343 ὅπως
1522 2278 1727 2352 μακρὸν
1784 2277 1892 2330 τῶν

225 2369 584 2444 πραγμάτων
612 2372 883 2443 ἀνεθέντα,
924 2372 1039 2432 ἑνὸς
1069 2374 1177 2425 τῶν
1215 2373 1312 2423 τοῦ
1363 2366 1577 2442 κλήρου
1628 2364 1890 2441 σχολαιό-

223 2479 387 2534 τερον
422 2459 491 2513 τὸ
541 2460 1006 2534 προκαταρκτικὸν
1048 2462 1143 2512 τοῦ
1196 2453 1394 2533 ὄρθρου
1458 2454 1890 2528 μονολογοῦντος

221 2549 554 2623 ἐξάψαλμον
602 2550 797 2605 κανόνα
846 2548 1120 2619 πλακῆναι
1180 2553 1257 2620 τῷ
1318 2547 1782 2621 μνημονευομένῳ
1838 2543 1889 2605 ἐς

217 2733 625 2791 Constantino
683 2733 871 2790 Techo
929 2732 1315 2805 Bulgarorum
1375 2732 1651 2804 principi,
1712 2730 1891 2787 altera

217 2840 355 2878 vero
390 2822 727 2895 Nicephoro
759 2822 1056 2878 Michaelis
1089 2823 1342 2893 despotae
1383 2820 1715 2876 Occidentis
1746 2818 1883 2876 ﬁlio.

219 2912 338 2969 Nec
356 2912 539 2983 plane
555 2911 911 2982 improvisus
933 2911 1145 2967 accidit
1171 2911 1266 2966 hic
1287 2927 1481 2978 casus,
1498 2910 1715 2982 quippe
1740 2926 1884 2980 prae-

2018 1827 2193 1887 ἔϐαινε
2249 1837 2599 1909 προσγενὲσιν
2662 1838 2789 1891 εἶναι
2849 1840 2938 1894 καί
2994 1840 3045 1892 οἱ
3098 1841 3231 1914 πρὸς
3283 1839 3662 1916 α’ίματος,ἀρ-

2014 1926 2126 1975 κεῖν
2170 1916 2346 1997 ἔκρινε
2384 1924 2446 1978 τὸ
2492 1929 2743 1980 τοιοῦτον
2789 1929 2875 1981 καὶ
2928 1929 3108 1982 ἱκανὸν
3143 1928 3217 1990 εἷς
3248 1928 3414 2004 λόγον
3448 1931 3660 2002 σεμνώ-

2015 2031 2207 2081 ματος.
2241 2012 2317 2067 Τὸ
2367 2010 2423 2067 δὶ
2466 2014 2555 2083 ἦν,
2590 2015 2632 2068 εἰ
2666 2018 2903 2087 σκοποίη
2938 2038 3039 2087 τις,
3072 2016 3265 2093 ἀρετὴν
3329 2016 3663 2096 ὀφέλλοντος

2008 2095 2277 2174 ἄρχοντος
2326 2102 2417 2155 καὶ
2474 2102 2922 2179 παρακαλοῦντος
2979 2107 3113 2180 πρὸς
3187 2095 3538 2179 εὐδοκίμησιν
3595 2109 3658 2161 τὸ

2010 2188 2271 2258 ὑπήκοον.
2306 2190 2382 2246 Οὐ
2435 2192 2533 2266 γάρ
2590 2193 2846 2267 βλακείας
2877 2195 3065 2270 χάριν,
3096 2194 3221 2251 ἀλλ’
3254 2195 3520 2270 ἀριστείας
3570 2195 3659 2249 καὶ

2002 2282 2098 2331 τοῦ
2127 2276 2310 2341 καλῶς
2343 2277 2562 2354 ἄγεσθαί
2594 2302 2649 2335 τε
2678 2283 2813 2357 πρὸς
2848 2282 3051 2339 ἐκείνου
3102 2284 3192 2337 καὶ
3249 2281 3392 2359 ἄγειν
3454 2281 3661 2346 ἄλλους

2000 2368 2095 2427 τας
2159 2365 2444 2441 βασιλικάς
2503 2368 2824 2447 φιλοτησίας
2877 2367 3080 2446 ἔκρινεν
3138 2370 3504 2444 διανέμεσθαι,
3552 2378 3651 2432 Καὶ

1999 2457 2059 2509 τὸ
2092 2451 2322 2532 φοϐερὸν
2347 2465 2576 2531 προσῆν,
2610 2460 2684 2521 ὡς
2718 2461 2953 2535 ἑτοίμων
2983 2462 3070 2515 καὶ
3102 2463 3193 2516 τὸν
3244 2459 3430 2524 ἄλλως
3479 2460 3514 2529 ἢ
3575 2460 3650 2521 ὡς

1997 2542 2104 2599 ἔδει
2135 2549 2395 2600 ποιοῦντα
2436 2545 2762 2617 κολάζεσθαι
2813 2548 2902 2604 καὶ
2950 2550 3042 2604 τὸν
3090 2551 3453 2622 κατορθοῦντα
3509 2549 3660 2622 εὑερ-

2000 2746 2154 2801 dona
2182 2746 2497 2803 videretur.
2528 2750 2684 2805 Adeo
2735 2766 2851 2806 non
2901 2750 3248 2822 psallentes,
3282 2766 3397 2804 non
3429 2751 3646 2817 dantes~

1997 2852 2236 2905 operam
2296 2838 2662 2905 canentibus,
2716 2839 3029 2895 indonatos
3086 2838 3479 2910 relinquebat.
3531 2838 3645 2893 Seu

1995 2923 2095 2994 qui
2129 2924 2186 2978 in
2242 2925 2647 2981 excubitorum
2699 2927 2923 2994 ordine,
2962 2943 3063 2982 seu
3112 2927 3171 2981 in
3225 2926 3545 2982 satellitum
3579 2931 3638 2979 et

219 3018 339 3055 nun
353 3006 527 3056 tatus
560 3000 777 3055 caelesti
810 3006 1094 3071 portento.
1118 3001 1347 3055 Etenim
1371 2998 1458 3054 sol
1488 2999 1779 3053 defecerat
1808 2998 1879 3052 ad

217 3089 438 3144 horam
474 3091 709 3143 tertiam
739 3094 913 3144 sextae
944 3090 1083 3157 diei,
1106 3093 1162 3145 et
1183 3090 1374 3144 densa:
1397 3089 1645 3143 tenebrm
1674 3091 1883 3141 cuncta

214 3178 828 3250 comprehenderant,
861 3179 1005 3234 adeo
1045 3184 1111 3233 ut
1159 3181 1508 3249 apparerent
1557 3176 1735 3231 stellae
1782 3192 1883 3247 per

214 3267 463 3323 ccelum.
499 3268 588 3322 lta
622 3266 951 3338 praeripitur
972 3267 1181 3322 acerba
1204 3274 1389 3321 morte
1410 3266 1499 3320 vir
1529 3264 1684 3336 regie
1707 3270 1881 3319 natus

215 3362 271 3411 et
331 3356 634 3423 nutritus,
668 3356 823 3426 regie
876 3372 1109 3427 quoque
1166 3356 1451 3410 educatus
1504 3358 1557 3410 et
1617 3354 1878 3418 edoctus,

216 3445 366 3515 patri
408 3461 533 3499 non
566 3443 665 3499 ille
697 3445 935 3514 quidem
966 3444 1180 3499 similis
1206 3443 1265 3498 in
1298 3443 1587 3514 profunda
1604 3458 1880 3497 consum-

218 3540 510 3605 mataque
543 3533 856 3603 prudentia
884 3533 1179 3589 dictorum
1233 3533 1450 3604 pariter
1477 3536 1535 3587 et
1590 3536 1878 3600 actorum,

218 3638 418 3693 neque
453 3622 513 3675 in
546 3620 901 3677 immutabili
932 3622 1260 3678 constantia
1291 3623 1470 3677 semel
1499 3626 1651 3677 recte
1684 3622 1878 3675 decre-

218 3714 448 3777 torum,
480 3714 761 3766 caetorum
793 3728 862 3767 ex
891 3728 994 3766 avo
1027 3712 1250 3767 habens
1282 3711 1529 3767 celerem
1564 3711 1632 3765 ad
1658 3710 1877 3777 omnia,

211 3802 523 3856 excelsum
549 3816 614 3854 ac
636 3816 915 3872 magnum
939 3800 1210 3873 belloque
1232 3816 1425 3856 acrem
1466 3801 1769 3868 animum;
1810 3816 1879 3854 ex

216 3895 409 3946 matre
445 3906 582 3945 vero
613 3890 1211 3947 beneficentissimam
1263 3896 1554 3956 naturam,
1588 3907 1718 3961 qua:
1755 3908 1875 3945 am-

220 3976 414 4033 babus
448 3978 729 4033 manibus
760 3980 913 4034 dona
938 3980 996 4034 in
1019 3979 1327 4035 subdditos
1348 3980 1690 4045 effunderet,
1716 3978 1876 4033 nullo

221 4080 475 4121 merre
528 4067 880 4139 largissime,
912 4068 1029 4124 imo
1078 4069 1374 4123 effundere
1411 4069 1711 4139 gauderet.
1748 4068 1877 4121 Stu-

220 4152 555 4211 diossimus
586 4156 645 4211 in
679 4158 885 4228 primis
916 4156 1305 4225 litterrarum,
1335 4161 1391 4211 et
1422 4156 1709 4210 litteratos
1748 4172 1875 4209 am—

216 4240 391 4310 plecti
463 4242 766 4300 beneticiis
832 4245 1061 4314 solitus,
1120 4245 1481 4301 meditationi
1516 4246 1659 4316 quin
1695 4244 1872 4299 etiam

2008 4257 2202 4312 udinis
2226 4273 2360 4312 cum
2384 4257 2694 4329 principali
2716 4259 2889 4313 domo
2913 4257 3199 4313 rationem
3224 4257 3498 4323 haberet;
3525 4258 3621 4311 sed

216 4330 581 4399 Opi-imarum
614 4334 833 4389 artium
877 4334 1142 4391 intentus
1171 4339 1228 4389 et
1256 4351 1369 4389 non
1400 4334 1592 4405 magis
1628 4334 1871 4388 insmu‘
1980 4361 2275 4418 quemque
2303 4346 2520 4401 viritim
2569 4362 2637 4400 ex
2686 4346 2921 4417 propria
2970 4345 3309 4418 praestantia
3358 4345 3627 4415 verisque

216 4418 381 4472 ίίοοθ
425 4432 596 4487 ειυατη
648 4422 841 4478 ίῐιάοῙΘ
888 4440 1161 4495 magnam
1221 4423 1517 4494 eleganter
1572 4422 1867 4478 scribendi
1903 4426 1949 4487 D
1982 4434 2220 4490 dotibus
2243 4434 2563 4503 aestimans,
2584 4435 2930 4489 admovebat
2954 4435 3035 4489 rei
3058 4434 3324 4506 gerendas
3349 4434 3417 4489 ad
3446 4451 3625 4506 quam

218 4507 573 4561 facultatem
604 4516 930 4579 assecutus,
954 4518 1019 4566 ut
1050 4512 1238 4567 multa
1262 4513 1475 4567 diserte
1497 4516 1869 4582 componeret

2004 4529 2152 4594 iptus
2182 4529 2327 4588 erat,
2353 4540 2417 4579 ac
2449 4524 2675 4578 meritis
2698 4523 3087 4591 dignitatibus
3109 4523 3374 4578 ornabat.
3400 4522 3623 4594 Cogna-

222 4596 463 4667 ίίυοίίεε
506 4595 653 4647 tanti
688 4601 925 4683 duceret
974 4602 1031 4655 ίη
1082 4602 1138 4655 id
1190 4602 1530 4656 incumbere
1574 4603 1751 4671 Cujus
1786 4602 1865 4654 ποί
1979 4614 2055 4667 tis
2085 4629 2218 4668 vero
2251 4629 2316 4667 ac
2348 4613 2801 4683 consanguineis
2851 4612 2976 4667 suis
3027 4613 3313 4667 censebat
3360 4612 3628 4667 sufﬁcere

221 4686 659 4738 documentum
691 4681 891 4749 (ηυιια
922 4688 1142 4743 Similia
1172 4689 1698 4743 Γθῐίθθηεὶυοίουῐη
1736 4706 1867 4759 ΡΓΟ·
1980 4702 2156 4755 debre
2203 4702 2385 4756 istum
2437 4681 3034 4763 nataliumbonorem,
3073 4718 3241 4755 suam
3292 4705 3505 4755 sortem
3560 4716 3625 4754 ac

221 4773 441 4834 ῖετειων
501 4768 602 4824 ubi
664 4767 975 4860 εοιςῑοοὶυε
1027 4778 1215 4832 sancti
1265 4778 1595 4848 cuiuspiam
1654 4778 1867 4832 festum
1978 4788 3624 4860 claritudinemprosapiaeabundemagnrcdignitatisloco

222 4860 508 4915 iunxerat
555 4875 671 4913 Ποῖ]
732 4856 844 4913 alia
888 4866 1152 4922 adhibita
1210 4868 1628 4937 praeparatione
1688 4884 1865 4936 quam

2004 4879 2210 4932 lucere.
2247 4879 2305 4932 Id
2339 4856 2535 4933 autem
2582 4856 2643 4933 et
2682 4879 2973 4948 judicium
3020 4856 3075 4931 et
3125 4856 3345 4932 factum
3396 4881 3538 4942 erat,
3573 4877 3621 4931 si

223 4948 571 5004 avocatione
604 4948 820 5001 mentis
850 4962 882 5001 ει
903 4957 1159 5027 negotiis,
1180 4972 1296 5010 uno
1326 4957 1496 5010 modo
1520 4955 1865 5010 clericorum

2004 4967 2109 5036 [uis
2140 4970 2293 5021 recte
2324 4968 2720 5022 consideraret
2750 4967 3032 5039 principis
3085 4966 3355 5020 virtutem
3391 4982 3622 5037 promo-

225 5039 499 5093 sedatius
566 5036 1003 5105 distinctiusrtle
1072 5045 1488 5115 pronuntiante
1563 5046 1861 5100 senarium

2004 5056 2189 5121 tentis,
2224 5060 2282 5109 et
2314 5056 2682 5125 provocantis
2712 5056 2981 5110 subditos
3013 5056 3082 5109 ad
3118 5055 3378 5109 studium
3430 5057 3621 5109 omnis

226 5128 601 5198 Psalmorum
665 5125 766 5195 qni
812 5125 1053 5194 Premh‘i
1103 5139 1528 5189 consueverunt
1577 5136 1865 5189 matutino
1976 5161 2121 5198 verae
2154 5143 2367 5200 laudis.
2400 5145 2525 5200 Non
2559 5144 2712 5199 enim
2759 5147 3197 5199 auctoramenta
3244 5143 3486 5208 inertiae,
3519 5144 3615 5197 sed

228 5218 456 5282 οδω-υἱ,
500 5214 758 5308 ειοείυιξλ
807 5211 986 5308 βθξδξῄν
1021 5226 1155 5308 (ξυνα
1204 5228 1415 5279 Vocant
1461 5240 1767 5289 Cimonem.
1800 5242 1864 5279 ex
1976 5234 2063 5289 vel
2090 5236 2282 5290 stadia
2311 5235 2398 5291 vel
2422 5236 2659 5308 praemia
2684 5235 2928 5291 heroicae
2952 5234 3183 5289 virtutis
3208 5233 3472 5288 illustres
3495 5248 3619 5285 esse

226 5308 499 5395 tempore
531 5302 843 5395 ﬁngebat,
875 5301 1071 5395 ῗηῃθίΔ
1093 5313 1244 5367 (“4'08
1293 5314 1575 5369 memoria
1607 5315 1862 5370 celebru-
1978 5324 2362 5395 magistratus
2389 5301 2574 5395 ;quos
2605 5325 2686 5379 ita
2716 5329 2772 5379 et
2802 5324 2919 5378 illis
2951 5324 3190 5377 demum
3228 5321 3438 5376 debere
3468 5334 3619 5372 com-

229 5395 409 5448 batur
430 5394 637 5449 laudes
664 5408 836 5463 quam
860 5391 1475 5485 SOitlSSim_§Lantexens
1489 5406 1862 5462 ornatissimo
1978 5391 2127 5467 mitti
2161 5391 2507 5469 decernebat
2538 5414 2637 5485 qui
2670 5417 2726 5468 et
2757 5430 2818 5468 se
2850 5413 2949 5467 38
2975 5412 3250 5481 praeclare
3279 5409 3440 5479 ipsos
3468 5407 3521 5460 in
3548 5405 3619 5457 iis

230 5483 527 5556 praeconio
554 5502 567 5551 ;
603 5483 757 5552 quod
786 5479 1173 5574 tamliberali
1204 5479 1493 5574 largitione
1524 5497 1864 5553 cumulabat
1975 5520 2186 5574 genere
2209 5509 2265 5557 et
2286 5504 2428 5557 alios
2453 5479 2757 5558 commode
2779 5479 3213 5571 salubriterque
3229 5512 3397 5568 posse
3419 5494 3617 5566 guber-

232 5579 297 5627 ut
331 5588 610 5643 spargere
642 5571 862 5643 passim
924 5571 981 5626 in
1026 5571 1262 5641 quosvis
1299 5587 1343 5627 In
1378 5599 1523 5653 pene
1581 5587 1861 5657 projicere

2004 5609 2114 5645 lare
2139 5592 2501 5661 judicentur.
2541 5592 2734 5646 Inerat
2765 5592 2892 5661 ejus
2920 5589 3179 5643 moribus
3211 5592 3266 5641 et
3295 5585 3613 5639 terriﬁcum

1991 3012 2252 3083 corporis
2310 3015 2619 3069 custodum
2692 3031 2956 3085 numero,
3016 3032 3119 3070 seu
3182 3014 3295 3069 alio
3361 3015 3636 3086 quopiam

1988 3100 2176 3155 aulico
2208 3101 2532 3157 ministerio
2560 3102 2897 3174 imperatori
2950 3108 3273 3175 appareret,
3308 3103 3427 3159 sive
3459 3104 3633 3157 etiam

1986 3188 2224 3245 aliunde
2257 3190 2439 3261 aliqui
2470 3208 2536 3246 eo
2570 3192 2712 3246 forte
2743 3192 2982 3246 veniens
3010 3198 3154 3248 tunc
3177 3200 3524 3256 occurreret,
3559 3192 3614 3244 in

1986 3294 2189 3333 omnes
2220 3294 2288 3334 ex
2318 3296 2482 3351 aquo
2514 3280 2731 3351 regiam
2767 3281 3209 3335 beneficentiam
3258 3282 3621 3336 extendebat.

1987 3366 2200 3422 milites
2270 3370 2590 3439 praesertim
2663 3373 2721 3423 et
2762 3368 3089 3423 litterarum
3147 3369 3459 3424 studiosos.
3494 3369 3619 3423 Non

1985 3457 2141 3511 enim
2191 3473 2323 3524 nox,
2366 3474 2481 3512 non
2530 3457 2679 3523 dies,
2715 3474 2829 3512 non
2890 3462 3127 3528 tempus
3177 3462 3474 3522 moestum,
3508 3474 3622 3511 non

1985 3547 2131 3601 hora
2160 3545 2362 3613 lmtior,
2398 3565 2511 3603 non
2563 3547 2758 3603 oriens
2805 3547 2893 3603 sol
2944 3565 3058 3602 non
3110 3549 3383 3603 occidens
3435 3548 3625 3618 ipsum

1984 3640 2286 3691 vacantem
2333 3653 2367 3691 a
2416 3636 2816 3692 beneﬁciendo
2849 3636 3150 3708 reperiret.
3197 3636 3436 3691 Videres
3468 3636 3629 3691 audi-

1984 3740 2194 3795 resque
2228 3725 2380 3779 circa
2402 3741 2533 3779 eum
2558 3726 3012 3797 semperautqui
3039 3742 3257 3780 munus
3277 3725 3627 3796 acciperent,

1984 3817 2086 3867 aut
2115 3813 2213 3884 qui
2246 3820 2479 3884 accepto
2524 3815 2882 3883 recederent,
2914 3814 3013 3885 qui
3048 3830 3161 3869 non
3214 3813 3428 3868 frustra
3478 3816 3629 3883 peto-

1983 3908 2135 3968 rent,
2168 3903 2267 3973 qui
2321 3902 2476 3957 nacti
2511 3905 2665 3975 quod
2726 3903 3032 3958 voluerant
3088 3903 3309 3974 gratias
3366 3908 3626 3973 agerent.

1980 3992 2171 4060 Atque
2204 3990 2296 4044 hic
2332 3996 2520 4046 tamen
2554 3990 2689 4046 talis
2721 4008 2855 4047 cum
2887 3994 3040 4047 esset
3064 3990 3404 4061 imperator,
3438 3990 3631 4061 gravis

1981 4084 2106 4134 erat
2137 4079 2499 4149 primoribus
2531 4096 2860 4151 procerum,
2890 4080 3109 4135 idcirco
3142 4080 3255 4150 qod
3286 4079 3344 4132 in
3380 4079 3627 4133 deman-

1980 4169 2191 4223 dandis
2219 4168 2575 4239 praefecturis
2607 4186 2723 4224 non
2746 4169 2978 4240 patricii
3001 4168 3231 4239 generis
3255 4176 3353 4222 aut
3376 4169 3629 4223 necessi-
