4034 6200
310 271 414 328 471

316 399 604 469 γετεῖσθαι.
637 394 714 450 Οὐ
744 393 846 468 γὰρ
880 394 1070 468 μικρὸν
1103 394 1165 447 τὸ
1193 397 1291 464 τοῦ
1358 398 1679 468 μεγιστᾶνος
1740 388 1965 468 σφάλμα

320 484 356 553 ἢ
393 485 500 556 μὴν
533 477 769 555 ἔμπαλιν
803 481 865 534 τὸ
895 479 1253 556 κατόρθωμα,
1289 481 1417 537 ἀλλ’
1451 481 1622 536 ἐκεῖνο
1686 480 1779 553 μὲν
1833 479 1978 534 ἐκτο-

329 581 456 654 μίου
508 578 662 631 πάθει
707 577 1021 651 προσέοικεν
1079 580 1152 641 ὡς
1215 583 1284 653 τῇ
1335 585 1432 634 τοῦ
1471 578 1668 655 μορίου
1699 577 1973 655 ἀφαιρέσει

329 668 496 742 μέγαν
556 663 780 740 ἔχοντος
839 664 1010 742 λόγον
1066 671 1134 742 τῇ
1187 669 1344 746 φύσει
1372 672 1547 724 πάντα
1577 673 1976 742 συμπαρασπᾶ-

327 767 446 819 σθαι
505 754 597 810 καὶ
657 757 1121 832 παρατρέπεσθαι,
1152 759 1212 812 τὸ
1263 755 1320 812 δὲ
1361 757 1692 831 κατόρθωμα
1745 755 1824 827 τῷ
1876 760 1976 809 τοῦ

325 843 532 910 κύκλου
592 843 818 920 κέντρῳ,
875 844 1219 919 παμπόλλην
1276 845 1570 914 ἀσφάλειαν
1628 850 1698 919 τῇ
1755 865 1973 918 περιφε-

328 934 445 1009 ρείᾳ
497 933 887 1009 προσνέμοντι,
921 933 970 989 εἴ
1025 937 1162 991 κατᾶ
1219 939 1404 1011 χώραν
1451 934 1624 990 ἐκεῖνο
1671 933 1839 1007 μένει.
1873 935 1972 989 Καὶ

324 1027 442 1084 πῶς
469 1023 570 1099 γὰρ
599 1023 699 1078 οὐκ
727 1019 958 1096 ἔμελλεν
991 1025 1091 1092 τήν
1118 1025 1294 1100 ἀρχὴν
1328 1027 1410 1095 [Ρ.
1441 1027 1534 1096 21]
1563 1021 1788 1078 διοικεῖν
1844 1022 1979 1076 κατὰ

323 1113 388 1168 τὸ
444 1116 744 1186 προσῆκον,
780 1110 926 1175 ὅστις
992 1114 1094 1168 ὑπὸ
1141 1111 1341 1186 τοιῷδε
1391 1115 1577 1186 πατρὶ,
1626 1110 1754 1186 μηδ’
1799 1108 1977 1182 ὄνομα

329 1201 606 1278 βασιλείας
637 1198 806 1276 ἔχων,
835 1201 907 1256 ὣν
939 1201 990 1274 ἐξ
1024 1202 1230 1257 ἐκείνου
1287 1205 1376 1257 καὶ
1439 1203 1624 1275 μόνος,
1660 1203 1811 1275 ὅμως
1861 1203 1976 1276 ἀγε-

328 1289 510 1346 λατεῖν
541 1290 797 1368 ἀσφαλῶς
830 1288 1253 1366 προύδιδάσκετο
1280 1313 1294 1362 ;

334 1404 420 1462 ιδ’.
453 1409 643 1482 ’Ὁπως
695 1403 1068 1482 ἐπαιδεύετο-ὁ
1100 1407 1373 1482 Λλάσκαριῄς
1432 1408 1576 1482 παρᾶ
1621 1411 1717 1461 τοῦ
1773 1409 1974 1481 πατρὸς

613 1479 872 1534 Ἰωάννου
905 1477 979 1539 εἷς
1012 1477 1301 1552 βασιλείαν
1332 1477 1689 1552 ἀναγόμενος.

401 1585 494 1647 Ὃς
519 1583 635 1638 ἐπεί
667 1604 798 1638 ποτε
827 1584 916 1638 καὶ
950 1589 1307 1661 χρυσοφορῶν
1365 1585 1506 1657 ἆξῄιι
1568 1584 1644 1646 εἷς
1695 1587 1974 1659 κυνήγιον,

337 1673 631 1749 ὑπέστρεφε
693 1673 789 1744 μὲν
848 1671 1048 1734 ἐκεῖνος
1106 1673 1328 1740 ἐκεῖθεν,
1363 1675 1596 1744 συνήντα
1627 1671 1684 1728 δὲ
1736 1676 1870 1730 κατὰ
1916 1677 1977 1730 τὸ

333 1759 644 1832 προστυχὸν
699 1764 778 1831 τῷ
835 1759 1017 1832 πατρί.
1052 1761 1148 1814 Καὶ
1210 1758 1274 1830 δὴ
1308 1763 1741 1836 προσκυνήσαντί
1788 1765 1838 1817 οἱ
1901 1765 1975 1835 μή

339 1846 557 1920 βλέπειν
603 1846 806 1910 ἐκεῖνος
868 1846 1009 1920 μηδὲ
1084 1851 1373 1925 προσέχειν
1434 1855 1837 1925 προσεποιεῖτο,
1893 1856 1982 1905 καὶ

332 1937 656 2006 προσιόντος
687 1934 908 2009 ἡμέλει.
935 1939 1002 1994 ⁴Ὀ
1035 1935 1101 2006 δὴ
1155 1939 1243 1992 καὶ
1293 1933 1585 2011 συμϐαῖνον
1625 1939 1796 2014 ὀργῆς
1843 1942 1980 2012 πρὸς

331 2023 492 2078 αὐτὸν
542 2025 808 2099 πατρόθεν
859 2030 1113 2098 σημεῖον,
1167 2028 1296 2099 ὅπερ
1358 2027 1447 2080 καὶ
1493 2024 1690 2096 ἀληθὲς
1743 2028 1832 2096 ἦν,
1863 2025 1980 2082 ἕδο-

332 2112 435 2181 ξεν.
470 2114 627 2170 ’Όθεν
688 2113 869 2169 ἀλύων
927 2116 1014 2168 καὶ
1070 2113 1154 2170 ὅτι
1185 2116 1418 2190 ἁμάρτοι
1452 2113 1834 2187 διανοούμενος
1893 2116 1980 2170 καὶ

332 2205 509 2269 ζητῶν
541 2207 820 2276 πρόσεισιν
851 2202 912 2257 οὗ
950 2203 1097 2275 μάλα
1130 2203 1472 2279 θαρρούντως
1519 2209 1601 2276 τῷ
1647 2204 1809 2278 πατρῖ
1865 2205 1981 2258 κατ’

328 2285 577 2346 ἰδίαν.⁴Ο
623 2287 669 2343 δ’
702 2287 832 2345 ἲδὼν
892 2292 1089 2355 εὐθέως
1147 2293 1237 2347 καὶ
1295 2291 1606 2363 ἀλαστήσας
1661 2295 1797 2367 πρὸς
1851 2293 1983 2348 ἐκεῖ·

329 2470 678 2542 quid,vultu
699 2491 1086 2549 sermoneque
1111 2477 1544 2534 declarantibus
1558 2477 1716 2533 haud
1737 2476 1978 2547 impune

330 2559 555 2618 laturos
596 2563 697 2634 qui
743 2563 910 2619 aliter
959 2583 1024 2621 ac
1078 2572 1371 2637 oporteret
1419 2569 1680 2638 agerent,
1715 2566 1796 2620 uti
1849 2569 1906 2620 et
1947 2583 1978 2622 e

341 2651 657 2722 contrario,
690 2653 790 2724 qui
826 2657 997 2724 prout
1028 2671 1134 2725 par
1163 2659 1287 2712 erat
1333 2655 1524 2711 ofﬁcio
1575 2656 1978 2725 fungerentur,

337 2754 709 2809 nequaquam
783 2742 1048 2798 mercede
1114 2744 1421 2800 carituros.
1496 2745 1756 2815 Ingentis
1821 2745 1977 2799 enim

338 2829 626 2884 utramvis
657 2829 717 2884 in
750 2836 974 2901 partem
1007 2834 1246 2888 omnino
1277 2833 1559 2888 momenti
1601 2837 1692 2888 est
1721 2832 1978 2889 hominis

334 2916 393 2970 in
429 2917 662 2973 civitate
693 2919 959 2990 primarii
991 2925 1142 2976 recte
1189 2927 1292 2978 aut
1322 2939 1491 2978 secus
1530 2922 1770 2991 factum,
1804 2939 1978 2992 prava

333 3005 629 3075 siquidem
653 3007 773 3062 vita
795 3013 852 3063 et
877 3008 1031 3064 mala
1053 3010 1313 3066 facinora
1331 3010 1614 3066 nobilium
1636 3028 1742 3083 par
1765 3012 1975 3067 vitium

330 3094 674 3166 reipublicae
705 3096 1025 3168 important
1050 3115 1116 3154 ac
1143 3099 1404 3156 virilium
1435 3100 1685 3156 exsectio
1717 3100 1976 3156 humano

329 3185 579 3255 corpori,
597 3187 749 3256 quod
774 3187 910 3242 inde
934 3188 1273 3243 universum
1297 3189 1970 3261 debilitaturenerveque

329 3269 396 3323 ﬁt
426 3289 491 3327 ac
524 3274 854 3330 ﬂaccidum.
889 3277 1101 3333 Contra
1141 3277 1326 3334 virtus
1358 3282 1414 3333 et
1461 3278 1611 3333 actio
1657 3277 1970 3335 laudabilis

329 3361 664 3432 principum
697 3365 954 3420 virorum
987 3367 1200 3422 similis
1229 3372 1320 3422 est
1367 3373 1565 3422 centro
1597 3367 1821 3437 circuli,
1854 3384 1969 3438 quo

329 3455 485 3504 recte
502 3455 806 3506 constante
825 3468 887 3506 ac
910 3455 1090 3508 situm
1116 3455 1498 3510 immobiliter
1519 3457 1815 3510 obtinente
1839 3472 1968 3527 pro-

329 3536 524 3608 prium
557 3539 747 3593 status
779 3539 936 3596 orbis
968 3558 1034 3597 ac
1078 3542 1559 3600 circumferentia
1609 3545 1788 3600 totius
1819 3545 1970 3601 ﬁxus

330 3641 397 3680 ac
429 3626 608 3679 ﬁmus
659 3633 982 3696 permanet.
1016 3630 1326 3688 Enimvero
1363 3633 1568 3704 quidni
1602 3633 1825 3703 sperari
1869 3633 1972 3688 de-

330 3714 459 3768 buit
480 3718 642 3770 tanta
665 3717 1046 3773 consiliorum
1069 3721 1358 3792 sapientia
1379 3738 1625 3777 usurum
1655 3724 1972 3777 moderate-

333 3802 448 3858 bue
481 3819 545 3859 ac
579 3802 798 3860 utiliter
827 3807 1215 3878 praefuturum
1240 3811 1416 3866 rebus
1436 3810 1602 3866 illum
1627 3811 1972 3883 principem,

336 3892 437 3962 qui
470 3893 870 3951 rudimentum
905 3897 1230 3968 imperandi
1266 3901 1375 3956 sub
1408 3900 1507 3956 tali
1532 3904 1973 3972 tantoquejusti

335 3981 642 4052 regiminis
672 3987 973 4058 magistro,
1007 3991 1171 4059 patre
1215 3989 1454 4060 optimo,
1484 3993 1764 4060 posuerit,
1795 4007 1826 4046 a
1861 4007 1973 4063 quo

335 4070 548 4126 unicus
576 4072 711 4129 licet
735 4081 792 4130 et
820 4075 1062 4132 adultus
1094 4077 1250 4133 ﬁlius
1281 4078 1340 4132 in
1375 4079 1611 4150 privatae
1642 4079 1818 4134 sortis
1864 4079 1973 4134 hu-

337 4160 585 4218 militate
617 4163 882 4232 relictus,
905 4166 1297 4238 exclususque
1328 4170 1620 4224 consortio
1644 4185 1708 4222 ac
1741 4169 1976 4223 nomine

335 4250 585 4322 imperii,
619 4259 890 4310 accurate
925 4257 1227 4325 otioseque
1277 4257 1748 4329 praexercitatus
1798 4262 1886 4317 est
1915 4259 1975 4312 in

334 4340 613 4397 omnibus
644 4342 1083 4403 meditamentis
1114 4347 1257 4402 artis
1300 4347 1466 4418 spisw
1518 4362 1583 4402 ac
1632 4346 1976 4418 multiplicis

332 4429 604 4486 homines
634 4433 868 4504 regendi
893 4432 920 4488 ?

337 4567 423 4620 14.
458 4568 519 4623 Ut
549 4569 802 4625 Lascaris
831 4586 871 4624 α
893 4575 1059 4643 patre
1078 4573 1284 4626 Joanne
1326 4570 1396 4625 ad
1448 4571 1744 4642 imperiam
1785 4570 1972 4625 erudi-

986 4669 1073 4716 tus
1117 4661 1318 4730 fuerit.

410 4762 556 4818 Huic
587 4763 902 4834 aliquando
933 4773 1206 4822 venatum
1232 4782 1464 4837 egresso
1487 4783 1620 4821 cum
1648 4771 1805 4821 veste
1836 4782 1978 4821 auro

338 4855 515 4920 texta,
546 4852 797 4923 indeque
828 4855 1068 4909 domum
1103 4855 1386 4919 redeunti,
1415 4856 1829 4910 occurritl‘orte
1874 4871 1978 4926 pa-

341 4947 450 5008 ter,
471 4946 528 4996 et
549 4959 678 4997 eum
702 4959 764 4998 se
785 4943 1198 5000 dimississime
1215 4953 1586 5001 venerantem
1612 4961 1716 5001 nec
1738 4950 1977 5016 aspectu

341 5031 620 5101 dignatus
652 5031 807 5087 velut
837 5032 1276 5089 inobservatum
1303 5034 1600 5105 praeteriit,
1625 5051 1874 5106 moxque
1907 5035 1977 5088 ab

340 5122 591 5176 adeunte
620 5122 1002 5193 contemptim
1055 5139 1116 5177 se
1149 5123 1377 5178 avertit.
1413 5123 1622 5195 Capuit
1661 5124 1717 5178 id
1769 5125 1974 5195 frigus,

338 5227 443 5266 nec
478 5210 624 5266 male
656 5211 1062 5280 ratiocinatus,
1087 5213 1346 5283 prudens
1381 5212 1535 5267 ﬁlius
1569 5213 1625 5266 in
1659 5230 1978 5285 argumen-

335 5304 461 5354 tum
485 5299 636 5354 haud
656 5301 897 5354 dubium
918 5301 1243 5370 paternaein
1267 5300 1469 5356 seiras.
1489 5300 1649 5356 Unde
1663 5308 1974 5372 postquam

332 5394 639 5444 aestuasset
699 5389 1046 5461 aliquandiu
1109 5394 1164 5443 et
1195 5404 1394 5443 severe
1427 5404 1623 5442 secum
1672 5389 1976 5460 inquirens

330 5495 569 5533 causam
603 5479 944 5532 offensionis
971 5483 1186 5532 frustra
1212 5479 1267 5532 in
1302 5493 1410 5532 sua
1431 5477 1790 5532 conscientia
1821 5495 1973 5548 qua:-

330 5567 837 5636 siisset,privatim
857 5574 1074 5635 patrem
1094 5567 1516 5620 convenitsane
1556 5565 1843 5621 sollicitus
1871 5585 1974 5622 nec

338 5658 489 5714 actu
527 5670 763 5709 vacuus.
797 5659 980 5718 Quem
1013 5655 1108 5711 ille
1140 5655 1339 5710 statim
1386 5654 1458 5710 iis
1513 5656 1748 5712 intuens
1780 5656 1967 5713 oculis

1611 271 1912 330 GEORGII
1961 269 2432 328 PACHYMERE

3628 278 3746 334 472

2006 393 2057 460 Α
2083 411 2176 446 νον
2209 396 2326 448 οἷον
2358 397 2458 464 τὴν
2483 402 2583 465 τῆς
2632 395 2958 472 ἀμπεχόνης
3017 396 3261 474 ἀκαιρίαν
3323 396 3593 469 ὠνείδιζε,
3625 403 3748 481 καὶ,

2083 504 2109 532 ‹‹
2147 483 2212 538 Τί
2241 482 2408 539 καλὸν
2442 482 2703 548 συνειδὼς
2748 486 2921 558 ἑαυτῷ
2963 484 3159 561 δράσας
3190 487 3514 560 Ῥωμαίους,
3547 513 3577 541 ι)
3611 485 3748 563 ἔφη,

2085 592 2112 619 ‹‹
2145 570 2209 624 τὰ
2261 569 2478 625 ἐκείνων
2531 572 2738 646 ἐκχέεις
2797 572 2850 628 ἐν
2907 568 3213 648 διατριϐαῖς
3244 571 3411 647 μηδὲν
3453 575 3518 630 τὸ
3577 575 3750 650 ἀναγ-

2083 663 2234 712 καῖον
2270 658 2565 733 ἐχούσαις
2599 663 2665 715 Ἢ
2712 662 2811 736 γὰρ
2862 661 2960 716 οὐκ
2991 660 3160 731 οἶδας,
3193 686 3221 715 ››
3258 664 3443 739 φησὶν,
3477 688 3506 715 ι(
3532 663 3748 737 α’ίματα

2085 747 2217 800 εἶναι
2248 749 2532 822 Ῥωμαίων
2566 753 2633 803 τὰ
2663 750 2992 825 χρυσόσημα
3019 756 3185 806 ταῦτα
3236 753 3327 806 καὶ
3387 755 3622 824 Σηρικά,
3660 757 3752 818 οἷς

2086 836 2218 909 ὑπὲρ
2278 837 2491 892 ἐκείνων
2553 836 2658 894 ἔδει
2716 841 2954 915 χρῆσθαι
3014 839 3234 895 ἐκείνων
3265 862 3324 916 γε
3354 840 3512 910 οὗσις
3547 849 3750 913 Ζητεῖς

2085 922 2142 978 δὲ
2173 933 2358 997 μαθεῖν
2392 928 2481 982 καὶ
2517 930 2650 1003 ὑπὲρ
2685 928 2903 985 ἐκείνων
2961 932 3133 1000 πότε;
3164 932 3295 988 "Ore
3343 929 3559 1002 δηλαδή
3619 933 3752 987 ἐπι-

2086 1020 2236 1069 στᾶσι
2291 1013 2574 1087 πρέσϐεσιν
2609 1017 2657 1090 ἐξ
2703 1016 3027 1087 ἀλλοδαπῆς
3080 1022 3172 1074 τὸν
3225 1020 3440 1075 ἐκείνων
3497 1020 3753 1076 πλοῦτον

2085 1103 2630 1180 λαμπρειμονοῦντες
2662 1105 2867 1178 δηλοῦν
2908 1107 3158 1183 ἔγοιμεν.
3192 1110 3253 1166 ’0
3308 1111 3408 1185 γὰρ
3471 1108 3758 1184 βασιλέων

2084 1194 2325 1256 πλοῦτος
2372 1195 2615 1257 πλοῦτος
2665 1201 2771 1251 τῶν
2833 1198 3089 1267 ὑπηκόων
3136 1195 3436 1272 λογίζεται,
3495 1201 3625 1273 παρ’
3688 1202 3756 1267 ἦν

2089 1283 2264 1338 αἰτίαν
2296 1283 2478 1338 καὶτὸ
2529 1305 2605 1346 εις
2657 1281 2912 1340 δουλείαν
2956 1285 3298 1341 καθυπείκειν
3350 1287 3556 1362 ἕτεροις
3615 1289 3760 1365 σφί-

2085 1392 2168 1425 σιν
2219 1371 2403 1435 οὕτως
2454 1369 2644 1446 ἔχουσι
2694 1373 2784 1427 καὶ
2830 1372 2951 1428 λίαν
2985 1373 3305 1447 ἄιπώμοτον.
3337 1376 3434 1436 Οἷς
3464 1377 3526 1430 σὺ
3561 1373 3752 1431 διακε-

2084 1467 2185 1530 νῆς
2245 1461 2540 1536 χρώμενος
2597 1462 2657 1516 οὐ
2717 1459 2912 1537 λογίζῃ
2970 1463 3032 1517 τὸ
3061 1463 3391 1536 πλημμελὲς
3448 1465 3680 1520 ὁπόσον.
3721 1489 3750 1516 υ

2085 1549 2236 1604 Οὕτω
2267 1550 2356 1605 καὶ
2392 1550 2478 1605 ἐπὶ
2508 1550 2786 1614 τοιούτοις
2816 1551 2844 1604 ὁ
2878 1551 2952 1613 είς
2979 1551 3257 1627 βασιλείαν
3289 1553 3752 1628 ἀναχϐησόμενος

2084 1638 2416 1697 ἐπαιδεύετο.

2011 1763 2058 1829 Β
2091 1758 2166 1811 ιε’.
2210 1758 2397 1832 Ὅπως
2445 1758 2484 1832 ὁᾼ
2526 1751 3024 1832 πρωτοϐεστίαριος
3051 1755 3396 1832 ’Μουζάλων
3453 1762 3556 1812 τοῦ
3618 1779 3748 1832 μει-

2169 1829 2426 1903 ρακίσκου
2463 1828 2730 1903 βασιλέως
2763 1828 3016 1882 Ἰωάννου
3047 1828 3424 1904 ἐπετρόπευεν.

2162 1937 2247 2009 [Ρ.
2280 1937 2370 2007 22]
2403 1934 2541 1991 Τότε
2595 1931 2651 1988 δὲ
2703 1935 2959 1998 θανόντος
3003 1935 3230 2003 ἐκείνου,
3263 1934 3378 1989 ἐπεὶ
3407 1936 3497 1988 καὶ
3530 1935 3560 1989 ό
3590 1955 3752 2010 πρω-

2089 2021 2467 2099 τοϐεστιάριος
2501 2023 2809 2092 Μουζάλων
2840 2025 2938 2094 τὴν
2971 2023 3272 2098 ἐπιτροπήν
3315 2028 3412 2078 τοῦ
3467 2023 3752 2100 ἀφήλικος

2095 2113 2362 2189 βασιλέως
2395 2111 2542 2187 ἔχειν
2576 2110 2882 2188 ἠγγέλλετο
2913 2113 3058 2188 παρὰ
3104 2117 3201 2168 τοῦ
3245 2113 3448 2188 πατρὸς
3505 2113 3597 2167 καὶ
3659 2115 3754 2187 βα-

2091 2201 2286 2263 σιλέως
2332 2203 2425 2256 τὸν
2479 2204 2721 2277 μοναχὸν
2773 2200 3226 2274 ὑπελθόντος,τῷ
3276 2203 3369 2276 μὶν
3405 2203 3750 2275 μειρακίσκῳ

2090 2290 2275 2363 ἐκείνῳ
2307 2289 2491 2346 ἄνακτι
2526 2293 2742 2365 Ἰωάννῃ
2772 2291 2876 2368 οὐχ
2907 2289 3007 2363 σ’ίῳ
3065 2292 3113 2345 τ’
3145 2287 3259 2346 ὄντι
3312 2288 3401 2346 διὰ
3455 2293 3555 2360 τὴν
3610 2292 3750 2359 ἡλι-

2088 2475 2188 2545 qui
2245 2474 2487 2546 quidam
2549 2473 3011 2546 indignationem
3071 2489 3188 2544 prae
3246 2490 3308 2529 se
3369 2474 3610 2541 ferrent,
3643 2490 3746 2531 ex-

2087 2563 2352 2634 probavit
2381 2562 2467 2617 illi
2499 2563 2694 2619 cultus
2726 2563 2899 2619 istius
2942 2579 3008 2618 ac
3054 2562 3303 2618 vestitus
3355 2562 3745 2619 insolentiam

2087 2650 2190 2707 tali
2222 2651 2526 2708 occasione
2558 2653 2656 2707 39
2689 2651 3080 2724 intempestivi
3107 2669 3172 2706 :u
3206 2651 3352 2707 Nam
3375 2652 3540 2724 quid,
3570 2675 3597 2700 υ
3632 2652 3744 2717 ait,

2091 2761 2118 2790 ‹‹
2137 2740 2242 2795 tibi
2260 2741 2530 2797 conscius
2550 2758 2611 2797 es
2629 2741 2941 2812 perfecisse
2962 2745 3015 2796 te
3033 2740 3093 2795 in
3135 2740 3534 2796 Romanorum
3573 2757 3748 2796 com-

2089 2831 2354 2898 modum,
2371 2833 2434 2884 ut
2463 2829 2714 2884 indetibi
2747 2829 3044 2885 licentiam
3064 2834 3286 2900 partam
3306 2832 3476 2900 putes
3489 2829 3746 2884 abuten-

2087 2919 2147 2972 di
2171 2919 2382 2990 opibus
2414 2918 2650 2974 illorum
2680 2919 2738 2974 in
2773 2923 2904 2974 tuas
2938 2918 3314 2974 remissiones
3335 2918 3407 2974 ad
3443 2918 3750 2990 privatum

2088 3011 2372 3064 duntaxat
2400 3008 2486 3063 tui
2537 3008 2718 3063 animi
2767 3009 3049 3076 fructum,
3082 3023 3196 3063 non
3245 3021 3379 3062 vero
3424 3007 3496 3062 ad
3544 3006 3742 3062 ullam

2007 3111 2050 3179 ρ
2087 3098 2443 3170 pertinentes
2476 3096 2790 3152 utilitatem
2834 3095 3180 3168 publicam?
3210 3097 3295 3151 An
3345 3095 3537 3152 nescis
3587 3096 3744 3152 istas

2081 3205 2222 3243 auro
2256 3188 2514 3258 insignes
2544 3192 2601 3241 et
2632 3187 2850 3242 sericas
2872 3191 3060 3242 vestes
3083 3185 3430 3257 sanguinem
3455 3201 3589 3240 esse
3622 3185 3748 3240 Ro-

2079 3276 2635 3346 manorum;quibus
2652 3275 2869 3331 idcirco
2887 3277 2945 3330 in
2961 3290 3160 3331 eorum
3181 3279 3407 3330 tantum
3423 3275 3748 3329 commoda

2079 3367 2362 3420 utendum
2390 3370 2497 3430 est,
2517 3381 2650 3420 cum
2677 3381 2768 3419 res
2790 3366 3053 3434 ipsorum
3075 3364 3190 3418 sint
3209 3363 3236 3417 ?
3255 3364 3488 3426 Quaeres
3516 3363 3742 3418 fortas-

2079 3469 2139 3509 se
2168 3454 2404 3524 quando
2427 3457 2481 3507 et
2507 3453 2796 3524 quomodo
2825 3451 2934 3506 illae
2957 3451 3016 3506 in
3040 3452 3302 3523 ipsorum
3322 3451 3544 3506 bonum
3561 3467 3741 3506 usur-

2079 3548 2294 3614 pentur
2315 3542 2342 3596 ?
2360 3546 2520 3596 Tunc
2551 3541 2823 3596 videlicet
2845 3542 3080 3612 quando
3103 3541 3367 3596 admissa
3391 3544 3738 3596 exterarum

2079 3632 2339 3704 gentium
2375 3631 2662 3702 legatione
2701 3630 2945 3685 Romani
2995 3629 3197 3701 populi
3246 3644 3386 3700 opes
3439 3629 3733 3683 ostentari

2080 3723 2142 3778 in
2160 3719 2320 3777 cultu
2344 3725 2400 3774 et
2419 3724 2628 3774 ornatu
2653 3717 2932 3790 principis
2951 3717 3170 3790 publici
3193 3716 3433 3773 honoris
3453 3716 3730 3780 interest,

2081 3812 2299 3867 divitiae
2331 3811 2626 3880 siquidem
2662 3825 2864 3881 regum
2898 3807 3108 3862 divitias
3137 3807 3512 3862 subditorum
3545 3823 3732 3886 repu-

2082 3905 2299 3957 tantur.
2328 3899 2501 3954 Extra
2531 3915 2706 3969 quam
2741 3913 2979 3954 causam
3007 3895 3242 3968 publica
3263 3895 3521 3968 insignia
3545 3897 3731 3966 maje-

2083 3989 2256 4046 statis
2288 3989 2357 4044 ad
2389 3988 2642 4059 privatas
2674 3985 2849 4042 etiam
2899 3985 3286 4041 relaxationes
3339 3984 3637 4050 adhibere,
3673 3981 3729 4035 id

2083 4095 2216 4133 vero
2251 4077 2328 4132 sit
2357 4076 2665 4131 dominum
2718 4091 2780 4130 se
2833 4080 3162 4129 monstrare
3212 4090 3328 4128 non
3379 4074 3726 4144 principem,

2084 4173 2141 4222 et
2172 4167 2340 4238 quasi
2373 4165 2715 4221 servitutem
2748 4164 3004 4220 indicere
3034 4163 3278 4229 civibus,
3301 4164 3556 4234 quicum
3583 4159 3726 4214 libe-

2084 4273 2180 4312 ros
2212 4273 2273 4310 se
2306 4258 2512 4326 putent
2543 4258 2599 4308 et
2629 4253 2829 4308 haberi
2864 4251 3065 4318 velint,
3099 4253 3211 4307 ista
3239 4252 3490 4306 vestium
3524 4247 3725 4302 odiosa

2086 4344 2362 4416 superbia
2383 4360 2512 4399 esse
2532 4343 2688 4398 velut
2713 4343 2774 4399 in
2801 4341 3231 4414 mancipiorum
3254 4341 3516 4396 ordinem
3539 4336 3730 4408 redigi

2008 4468 2056 4535 Β
2087 4434 3404 4535 detestantesindignantesqueconq‘uerentpr
3426 4423 3585 4535 Nu‘m
3604 4427 3729 4524 iam

2089 4524 2267 4592 igitur
2287 4522 2591 4593 intelligis,
2608 4522 2722 4576 ista
2743 4519 2974 4576 levitate
2998 4517 3248 4574 traducti
3272 4517 3340 4572 ad
3359 4513 3728 4568 venatorium

2092 4629 2266 4668 usum
2302 4612 2442 4681 regii
2475 4615 2718 4665 ornatus
2749 4613 3037 4678 quantum
3072 4601 3721 4677 ﬁagitiiconsciveris?»

2090 4699 2428 4756 Istiusmodi
2463 4698 2728 4766 monitis,
2759 4697 2868 4751 hac
2919 4695 3281 4750 histitutione
3341 4692 3466 4742 tam
3531 4705 3735 4745 severa

2092 4791 2271 4845 btPt'eS
2287 4788 2511 4859 imperii
2533 4805 2563 4841 a
2581 4790 2740 4857 patre
2757 4785 2976 4857 optimo
2995 4784 3066 4838 ad
3093 4771 3444 4837 mcderatam
3465 4781 3526 4832 et
3547 4796 3733 4850 popu-

2087 4879 2269 4934 larem
2296 4878 2657 4950 principalus
2681 4873 3239 4929 administratinwm
3265 4863 3728 4924 informabatur.

2090 5014 2177 5068 15.
2215 5015 2275 5070 Ut
2302 5009 2711 5084 proveni/Irim:
2742 5007 2995 5062 Ματαιοη
3013 4999 3202 5095 (meri.
3227 4998 3513 5070 principis
3559 5003 3730 5058 Joan-

2554 5101 2645 5155 nis
2677 5097 2906 5153 tutelam
2936 5095 3243 5156 scsceperu.

2161 5213 2276 5267 Iioc
2302 5226 2472 5282 porro
2497 5223 2654 5264 nunc
2677 5192 3117 5282 mortualialam
3142 5192 3454 5282 vulgatum
3480 5202 3575 5254 est
3596 5216 3730 5270 pro-

2085 5281 2485 5356 tovestiarium
2530 5302 2782 5351 tutorem
2811 5281 2957 5362 pleri
2985 5281 3268 5353 PPiDCiPiB
3293 5299 3326 5337 θι
3349 5289 3521 5354 patre
3543 5287 3730 5359 impe-

2087 5395 2278 5445 ratore
2311 5388 2667 5442 declaratum
2703 5384 3034 5442 eo-emPOI‘e
3071 5386 3186 5441 quo
3220 5375 3391 5426 morti
3419 5381 3732 5444 proximus

2087 5476 2356 5534 monachi
2385 5475 2649 5534 habitum
2684 5459 2875 5527 ίιάυὶῐ.
2899 5460 3052 5515 Sane
3075 5460 3417 5515 succedenti
3441 5464 3504 5516 in
3537 5463 3729 5535 impe-

2087 5568 2236 5622 rium
2275 5565 2407 5618 huic
2466 5564 2693 5634 ρυριιηο
2751 5548 2962 5604 Joanni
3013 5565 3080 5602 ea
3130 5553 3322 5614 astate,
3359 5550 3455 5603 cui
3490 5567 3601 5608 nec
3659 5553 3728 5606 ad

2083 5653 2506 5729 providendum
2540 5652 2630 5709 εῑμ
2654 5639 2820 5707 ratio,
2849 5653 3037 5708 neque
3063 5637 3134 5692 ad
3159 5654 3221 5693 se
3249 5638 3541 5696 tuendum
3571 5641 3721 5696 vires
