4034 6200
242 319 338 375 473

1350 320 1447 372 DE
1487 318 1858 373 MICHAELE
1898 315 2249 370 PALEOGO
2287 317 2420 368 LIB.
2464 320 2508 368 Ι.

3534 319 3645 376 474

241 446 347 500 κῖαν
376 442 436 497 τὸ
464 440 697 516 ἀσφαλὲς
724 445 1027 515 περιποιεῖν
1071 441 1244 514 ἑαυτῷ
1276 440 1541 517 προνοίας
1580 438 1686 496 ἔδει
1736 439 1873 493 πάν·
1902 442 1954 507 Α
1997 436 2042 492 δ’
2100 439 2128 491 ὁ
2184 441 2401 511 πρῶτος
2450 441 2556 492 τῶν
2608 439 3017 515 Μουζαλώνων,
3049 441 3105 504 ὅς
3135 442 3224 497 καὶ
3254 447 3333 515 τῷ
3361 447 3457 499 τοῦ
3487 465 3641 520 πρω-

240 554 334 594 τως
361 536 454 586 τοῦ
484 532 560 604 μή
587 551 641 585 τι
669 535 855 593 παθεῖν
886 529 1241 604 ἀπροόπτως,
1274 530 1504 586 πολλῶν
1553 526 1723 585 ὄντων
1773 537 1879 586 τῶν

243 616 710 685 ἐπιϐουλευόντων,
743 616 837 672 κᾶν
880 640 933 673 τι
984 621 1178 692 μικρὸν
1227 620 1502 689 κινηθείη,
1550 618 1702 681 εὐθὺς
1752 615 1878 693 δρα-

241 712 475 766 σειόντων
530 710 599 762 τὰ
652 709 897 781 μέγιστα.
955 710 1047 762 Διὸ
1097 710 1187 763 καὶ
1232 712 1311 780 τῷ
1355 708 1489 763 κατὰ
1543 708 1637 761 τὸν
1668 709 1875 778 Ἕρμον

235 808 322 870 τῆς
386 797 702 872 Μαγνησίας
793 797 1042 872 φρουρίῳ
1118 797 1321 852 ἐκεῖνον
1382 797 1633 871 φέροντες
1687 796 1879 870 ἐγκατ-

239 893 464 957 έστησαν,
492 885 729 962 συχνοὺς
769 886 897 949 τοὺς
947 886 1194 962 ὀπτῆρας
1238 886 1325 941 ἐπὶ
1382 885 1689 961 βασιλικαῖς
1746 886 1879 953 ὑπη-

243 979 421 1055 ρεσίαις
466 978 739 1048 τάξαντες.
785 976 852 1031 Οἱ
907 973 965 1029 δὲ
1020 980 1360 1049 μεγιστᾶνες,
1404 976 1455 1027 οἱ
1509 975 1601 1047 μὶν
1650 972 1703 1027 ἐν
1756 978 1879 1036 ταῖς

240 1074 403 1140 τιμαῖς
435 1064 510 1120 ἔτι
546 1064 823 1137 μένοντες,
856 1064 906 1118 οἱ
934 1062 992 1119 δὲ
1022 1064 1113 1119 καὶ
1143 1070 1251 1118 τῶν
1285 1064 1393 1132 ὅπη
1427 1064 1559 1118 ποτε
1588 1066 1693 1137 γῆς
1743 1062 1877 1132 ἀκη-

240 1156 336 1219 δέες
380 1154 564 1228 ἔμενον
612 1154 661 1223 ἐξ
720 1154 893 1228 ὀργῆς
955 1158 1168 1228 γωνιῶν
1225 1152 1511 1226 ἐξάλμενοι
1546 1195 1559 1219 ,
1610 1150 1719 1205 τῶν
1784 1152 1877 1223 μὲν

233 1246 544 1320 πραγμάτων
600 1242 905 1316 ἐλευθέρως
967 1242 1146 1316 εἶχον,
1196 1245 1294 1306 τῆς
1348 1239 1405 1295 δὲ
1437 1240 1693 1317 γλώσσης
1727 1236 1878 1293 οὔπω

234 1334 525 1408 θαρροῦντες
554 1332 633 1399 (οἱ
664 1331 767 1404 γὰρ
824 1329 1192 1399 Μουζάλωνες
1243 1330 1671 1404 ἐφειστήκεισαν)
1718 1323 1877 1382 ἔϐυσ-

238 1418 511 1493 σοόόμευον
568 1420 669 1482 τὰς
738 1419 926 1493 ὀργὰς,
1008 1419 1097 1473 καὶ
1175 1421 1370 1480 πάντες
1449 1420 1879 1493 προσεποιοῦντο

236 1510 355 1581 πρὸς
404 1508 642 1569 ἐκείνους
690 1509 754 1562 τὸ
808 1508 1053 1569 εὐπειθὲς
1086 1509 1159 1569 ὡς
1196 1509 1298 1562 ὑπὸ
1335 1506 1549 1582 βασιλεῖ
1580 1504 1736 1575 δῆθεν
1792 1526 1879 1559 τε-

240 1597 445 1659 λοῦντες
505 1602 585 1669 τῷ
650 1595 1031 1672 μειρακίσκῳ,
1091 1596 1137 1650 εἰ
1193 1596 1283 1650 καὶ
1345 1594 1469 1666 ὀδὰξ
1521 1597 1572 1649 οἱ
1620 1594 1877 1657 παθόντες

241 1690 368 1761 παρὰ
419 1691 513 1740 τοῦ
567 1687 799 1759 πατρὸς,
841 1684 1124 1761 ιφαγόντος
1164 1685 1289 1745 τοὺς
1343 1687 1443 1753 τῆς
1499 1685 1666 1757 ὀργῆς
1698 1680 1881 1759 ὄμφα-

1984 523 2361 601 τοϐεστιαρίου
2417 527 2678 600 τετίμητο
2735 529 3034 603 ἀξιώματι,
3095 534 3238 607 ὁρῶν
3296 534 3387 586 τὸν
3447 536 3640 597 φθόνον

1984 614 2158 672 πολὺν
2186 617 2276 671 καὶ
2305 614 2479 671 δεινὸν
2528 614 2855 691 ὑφέρποντα,
2915 620 3003 675 καὶ
3062 620 3134 682 ὡς
3187 619 3463 692 Βασιλείᾷν
3496 624 3644 697 παρὰ

1984 704 2211 760 πολλῶν
2264 704 2645 778 ὑποπτεύοιτο,
2694 707 2978 762 κάντεῦθεν
3035 710 3128 764 τὸν
3181 708 3343 785 μέγαν
3390 709 3637 766 κίνδυνον

1989 796 2359 868 ὑφορώμενος,
2418 792 2554 871 ἔγνω
2613 797 2828 858 συνετὸς
2892 795 2966 851 ὣν
3022 798 3181 868 πείρᾳ
3221 800 3281 853 τὸ
3329 801 3636 875 στράτευμα

1986 880 2319 954 δοκιμάσαι,
2380 881 2495 955 ἅμα
2553 882 2611 938 δὶ
2665 885 2755 938 καὶ
2813 886 2938 946 τοὺς
3003 892 3322 962 μεγιστᾶνας
3376 888 3636 962 γνωρίσαι

1986 974 2136 1034 ὅπως
2168 970 2349 1046 ἔχοιεν
2380 972 2565 1044 ἐκείνῳ
2596 970 2903 1044 διαθέσεως,
2945 976 3130 1031 πολλὰ
3176 976 3440 1053 πρότερον
3503 979 3635 1032 ὑπο-

1982 1068 2152 1135 ταγῆς
2210 1060 2299 1115 καὶ
2351 1059 2602 1123 δουλείας
2656 1057 2910 1134 σύμϐολα
2938 1065 3075 1137 πρὸς
3132 1067 3227 1119 τὸν
3280 1066 3524 1140 ἀφήλικα
3556 1064 3640 1121 δε-

1985 1150 2191 1219 σπότην
2254 1148 2568 1217 σπουδάζων
2624 1152 2706 1211 οἷς
2763 1150 2913 1225 λέγοι
2961 1152 3051 1206 καὶ
3100 1155 3328 1225 πράττοι
3371 1151 3638 1209 ἐνδείκνυ-

1986 1242 2126 1295 σθαι.
2172 1240 2306 1294 Τότε
2360 1238 2538 1293 τοίνυν
2599 1236 3067 1313 συῃαλεσάμενος
3120 1240 3243 1295 ὅσον
3294 1244 3360 1310 ἦν
3418 1244 3480 1297 τὸ
3536 1250 3635 1311 τῆς

1983 1328 2264 1404 γερουσίας
2323 1327 2412 1381 καὶ
2466 1327 2589 1381 ὅσον
2647 1332 2747 1381 τοῦ
2809 1327 3091 1402 βασιλείου
3156 1330 3340 1403 γένους
3397 1329 3522 1384 ὅσον
3580 1351 3639 1384 τε

1985 1422 2091 1472 τῶν
2153 1416 2435 1491 ἀρχόντων
2494 1416 2584 1471 καὶ
2644 1415 2766 1471 ὅσον
2816 1424 2915 1487 τῆς
2976 1426 3368 1493 στρατιωτικῆς
3409 1418 3632 1489 τάξεως,

1985 1507 2268 1578 παρόντων
2324 1506 2497 1560 ἐκεῖσε
2551 1505 2642 1559 καὶ
2697 1512 2803 1560 τῶν
2862 1510 2958 1560 τοῦ
3015 1508 3351 1582 προπάππου
3405 1510 3484 1580 [Ρ.
3544 1512 3677 1581 23]

1984 1600 2079 1649 τοῦ
2132 1592 2399 1670 βασιλέως
2453 1595 2691 1664 Λάσκαρι
2738 1592 3110 1671 αὖταδὲλιρων,
3154 1596 3211 1657 ὃς
3239 1593 3304 1663 δὴ
3339 1596 3427 1649 καὶ
3478 1593 3635 1657 οὗτος

1983 1686 2045 1740 τὸ
2077 1683 2245 1739 πάλαι
2282 1680 2561 1759 βασιλείας
2612 1680 2865 1757 διέπρεπε
2923 1680 3219 1755 διαδήματι
3278 1683 3366 1738 καὶ
3423 1684 3490 1739 τὰ
3536 1692 3635 1753 τῆς

235 1797 319 1830 καί
346 1775 431 1829 καὶ
456 1772 625 1828 κόνδυ
656 1773 879 1848 πικρίας
912 1773 1151 1835 ἐκείνους
1197 1775 1547 1839 ποτίσαντος,
1606 1770 1875 1844 αἱμωδιᾷν
1908 1815 1953 1878 Β
1982 1769 2283 1845 Ῥωμαίδος
2314 1771 2604 1844 πράγματα
2635 1772 2971 1845 συγχυθέντα
3027 1771 3101 1833 ὡς
3162 1771 3305 1845 εἶχεν
3364 1772 3639 1827 ἀνεκαλεῖ-

252 1865 263 1878 ο
315 1864 323 1878 Ι
554 1864 567 1878 ς
684 1865 697 1878 ε
722 1864 734 1878 1
854 1862 921 1878 '1‘
953 1863 966 1878 \
1111 1862 1123 1878 \
1208 1862 1233 1878 οι
1400 1857 1420 1878 ΙΙ
1678 1858 1701 1878 δ
2142 1861 2153 1878 ν
2173 1858 2214 1878 αὶ
2360 1862 2382 1878 ’ί
2405 1864 2432 1875 ~
2530 1858 2544 1878 9
2614 1861 2664 1878 vn
2784 1859 2796 1871 ‘
2864 1858 2876 1878 Ι
3059 1861 3098 1878 Ι(
3143 1866 3177 1878 π
3408 1860 3419 1878 Ι
3537 1861 3558 1878 ﬁ

238 1864 485 1939 ὠρὲγοντο
515 1864 610 1917 τὸν
649 1864 787 1919 υἱόν.
854 1862 1006 1931 Πλὴν
1037 1862 1127 1917 καὶ
1174 1862 1345 1923 οὕτως
1396 1857 1616 1936 ἔχοντες
1675 1858 1870 1933 δυσμε-

234 1953 360 2013 νείας
415 1954 465 2006 οἱ
528 1954 629 2025 μὲν
680 1956 759 2022 τῷ
791 1951 1268 2026 ἐπιτροπευομένῳ
1298 1951 1387 2005 καὶ
1436 1951 1563 2023 νέῳ,
1599 1951 1650 2004 οἱ
1682 1947 1737 2003 δὲ
1761 1954 1876 2010 τοῖς

238 2043 558 2119 ἐφεστηκόσι,
590 2040 851 2101 παθόντες
888 2039 979 2112 μέν
1015 2061 1067 2094 τι
1100 2040 1191 2094 καὶ
1243 2039 1293 2111 ἐξ
1345 2038 1556 2093 ἐνείνων
1610 2039 1672 2092 τὸ
1723 2038 1871 2109 πρὶν,

239 2132 295 2185 οὗ
328 2132 426 2201 μὴν
458 2127 504 2183 δ’
536 2127 668 2184 ἀλλ’
704 2126 818 2183 οὐδ’
849 2132 883 2197 ἡ
918 2127 1132 2201 νέμεσις
1180 2130 1407 2203 ἠρεμεῖν
1443 2126 1524 2182 εῗἀ
1558 2126 1699 2183 οὕτω
1731 2129 1874 2201 παρὰ

235 2222 287 2275 τὸ
328 2219 463 2280 εῗκὸς
508 2221 862 2293 τιμηθέντων
919 2220 994 2290 μὴ
1038 2216 1489 2291 δυσμεναίνοντας
1531 2222 1871 2291 κακουργεῖν,

231 2312 301 2379 τῷ
344 2309 469 2382 πρὸς
516 2307 761 2368 ἐκείνους
810 2306 943 2368 τὲως
988 2302 1141 2384 φόϐῳ
1171 2304 1673 2381 συγκατεκλίνοντο.
1734 2305 1873 2363 Τότε

240 2439 621 2506 suppeterent,
657 2451 806 2506 opus
838 2433 1073 2489 omnino
1091 2438 1215 2488 erat
1245 2434 1452 2489 idoneo
1475 2431 1768 2505 praesidio,
1799 2448 1871 2486 ne

248 2523 365 2595 quid
400 2523 789 2595 improvisum
828 2527 1140 2594 pateretur.
1172 2522 1487 2578 Multorum
1512 2521 1729 2593 quippe
1756 2520 1871 2591 ipsi

251 2612 380 2668 clam
408 2612 825 2668 insidiantium
858 2611 1071 2666 infesta
1101 2610 1660 2675 odiaimminebant
1690 2609 1745 2663 in
1781 2625 1876 2664 oc-

244 2704 514 2756 casionem
548 2702 599 2757 ei
642 2701 886 2756 nocendi
914 2719 928 2769 ;
962 2716 1110 2771 quos
1143 2716 1299 2769 sane,
1329 2702 1372 2754 si
1402 2700 1535 2771 quis
1568 2703 1764 2754 motus
1794 2715 1877 2753 re-

249 2806 359 2845 rum
390 2789 473 2845 vel
504 2789 854 2845 levissimus
913 2788 1218 2843 exsisteret
1277 2805 1391 2859 quo
1450 2787 1648 2858 aliqua
1704 2788 1876 2842 modo

251 2878 525 2950 quidpiam
550 2877 812 2933 novandi
835 2877 1244 2949 opportunitas
1263 2878 1517 2944 daretur,
1534 2876 1698 2957 avide
1717 2874 1875 2930 illam

1982 1882 2064 1929 το,
2100 1858 2225 1915 οὐδὲ
2254 1862 2473 1937 τυφλῶν
2526 1858 2723 1914 ἐκεῖθεν
2773 1858 3022 1913 ἀπόντων
3055 1861 3107 1932 (ὁ
3141 1860 3634 1934 Στρατηγόπουλος

1986 1947 2032 2003 δ’
2063 1950 2210 2003 οὗτοι
2258 1949 2393 2017 ἦσαν
2444 1949 2531 2001 καὶ
2567 1950 2595 2003 ὁ
2627 1947 2855 2019 Φιλῆς),
2894 1947 2981 2002 καὶ
3010 1950 3209 2010 παντὸς
3242 1946 3418 2003 ἄλλου
3474 1970 3633 2023 μεγι-

1984 2044 2173 2099 στᾶνος
2207 2041 2668 2111 συμπληροῦντος
2695 2038 2784 2091 τὸν
2814 2035 3115 2112 σύλλογον,
3148 2036 3231 2111 ἐφ’
3262 2036 3482 2111 ὑψηλοῦ
3509 2037 3635 2100 στὰς

1983 2128 2057 2188 ὡς
2118 2124 2176 2179 ἂν
2228 2127 2340 2198 ἅμα
2392 2124 2443 2179 οἵ
2489 2146 2547 2180 τε
2592 2129 2800 2198 πρῶτοι
2852 2125 3096 2181 ἀκούοιεν
3137 2124 3227 2180 καὶ
3278 2127 3331 2180 οἱ
3389 2123 3627 2193 ὕστατοι,

1978 2213 2130 2291 ἔλεγε
2158 2212 2305 2269 τάδε·

1983 2444 2159 2500 quam
2193 2428 2347 2499 quod
2382 2430 2640 2499 optasset
2672 2445 2915 2500 passum
2957 2429 3327 2497 meminerat,
3379 2444 3628 2500 pronum

1974 2518 2243 2589 judicatu
2278 2521 2367 2572 est
2388 2516 2848 2588 haudquaquam
2871 2522 3329 2588 temperaturam
3349 2534 3382 2572 a
3411 2522 3623 2573 conatu

1986 2605 2231 2661 ledendi
2263 2603 2626 2675 necendique
2658 2605 2951 2677 capitibus
2973 2606 3165 2662 exesis
3187 2605 3629 2661 multitudinem

1987 2695 2215 2761 iratam,
2252 2693 2364 2749 nisi
2393 2697 2584 2748 metus
2618 2695 2887 2765 potentiae
2921 2700 3162 2751 armatae
3195 2696 3495 2751 conscium
3516 2696 3628 2751 sibi

1986 2784 2323 2851 exiguarum
2347 2781 2558 2837 virium
2594 2784 2847 2838 furorem
2874 2783 3164 2855 privatum
3198 2788 3502 2839 coerceret.
3528 2784 3634 2839 Nc-

1987 2889 2100 2944 que
2132 2872 2222 2926 hic
2254 2875 2688 2943 tamsuspectus
2719 2875 2777 2927 et
2806 2872 2997 2927 minax
3017 2875 3210 2927 tumor
3233 2888 3427 2927 rerum
3456 2888 3633 2943 quor-

239 2949 557 3038 captaturos
590 2974 657 3022 et
687 2966 774 3021 vel
807 2972 1065 3021 extrema
1097 2983 1343 3039 quaeque
1374 2967 1475 3021 40
1508 2951 1743 3021 strenue
1778 2981 1878 3019 au-
1915 2949 1957 3016 Ο
1988 2978 2118 3017 sum
2153 2962 2387 3015 tandem
2418 2964 2743 3031 erumperet
2775 2977 2890 3015 non
2921 2961 3230 3015 verebatur
3260 2959 3630 3015 Muzalonum

240 3072 392 3110 suros
450 3055 801 3128 apparebat.
847 3054 1034 3117 Quare
1080 3054 1242 3110 illum
1289 3056 1348 3109 in
1408 3054 1867 3111 munitissimam

241 3159 407 3199 arcem
440 3146 506 3200 ad
544 3145 833 3199 Hermum
868 3143 1177 3214 Magnesia
1214 3144 1686 3198 submovendum
1735 3158 1870 3197 cen-

243 3237 485 3299 suerunt,
520 3231 730 3287 addito
760 3231 968 3287 idoneo
1022 3231 1302 3287 comitatu
1353 3236 1410 3287 et
1467 3232 1643 3287 solita
1704 3231 1873 3301 regiae

243 3319 458 3374 familiae
488 3336 553 3375 ac
588 3319 844 3390 palatini
877 3320 1186 3374 ministerii
1216 3319 1565 3391 frequentia,
1616 3320 1879 3375 studiose

240 3409 439 3463 delecta
477 3426 541 3463 ex
583 3408 726 3463 ﬁdis
759 3407 895 3462 viris
926 3413 981 3463 et
1014 3410 1083 3463 ad
1118 3406 1542 3481 invigilandum
1564 3408 1735 3464 saluti
1772 3425 1877 3479 pu-

247 3496 353 3568 pilli
374 3497 661 3569 principis
675 3495 882 3568 gnavis
898 3501 953 3552 et
975 3497 1229 3552 acribus.
1247 3498 1527 3552 Craterum
1544 3498 1877 3567 optimates,

255 3586 357 3640 sive
385 3588 481 3657 qui
504 3587 565 3641 in
590 3602 707 3642 usu
725 3586 1012 3641 honorum
1034 3592 1091 3640 et
1110 3585 1407 3640 functione
1429 3585 1880 3655 magistratuum

256 3676 594 3744 perstabant,
631 3676 755 3730 sive
794 3675 893 3745 qui
924 3674 1079 3729 varie
1110 3672 1383 3745 dispersi,
1432 3673 1682 3744 indeque
1729 3671 1885 3727 male

254 3764 477 3818 animati
508 3780 649 3835 erga
682 3762 864 3818 exsilii
911 3766 1177 3817 auctores
1226 3762 1333 3817 hac
1390 3762 1766 3817 conversione
1796 3778 1884 3816 re-

256 3868 367 3905 rum
401 3852 779 3923 prosilierunt
807 3868 875 3907 ex
923 3851 1178 3923 angulis,
1226 3850 1405 3906 libere
1451 3852 1571 3921 jam
1606 3865 1775 3921 agere
1800 3848 1882 3902 illi

256 3941 469 4011 quidem
504 3941 825 4006 audebant,
874 3940 1256 3995 continebant
1301 3944 1498 3995 tamen
1548 3938 1799 4009 linguas,
1832 3940 1888 3993 et

256 4033 395 4083 metu
423 4027 859 4100 invigilantium
912 4029 1123 4083 acriter
1153 4033 1208 4083 et
1239 4028 1403 4099 quasi
1445 4044 1475 4083 e
1520 4027 1758 4100 specula
1788 4042 1883 4081 su-

256 4133 438 4173 surros
469 4134 677 4174 omnes
707 4134 847 4172 aure
879 4116 1049 4171 anxia
1103 4117 1465 4188 captantium
1512 4116 1886 4173 Muzalonum

254 4208 398 4261 taciti
430 4207 839 4278 ringebantur,
872 4208 960 4261 ira
989 4207 1239 4278 odioque
1270 4207 1505 4278 penitus
1555 4206 1802 4261 condilis
1834 4210 1889 4259 et

1978 3054 2119 3105 natu
2157 3048 2477 3115 maximus,
2528 3049 2959 3120 protovestiarii
3009 3048 3272 3104 eminens
3325 3049 3629 3120 dignitate.

1983 3130 2133 3210 Ergo
2167 3137 2218 3192 is
2253 3138 2427 3191 homo
2462 3153 2565 3191 nec
2597 3137 2774 3192 hebes
2808 3153 2911 3192 nec
2967 3137 3265 3205 incautus,
3327 3141 3635 3208 perspecta

1979 3244 2094 3283 non
2127 3225 2323 3281 dubiis
2341 3225 2528 3297 signis
2552 3224 2771 3279 invidia
2794 3228 2990 3281 contra
3013 3241 3073 3281 se
3095 3226 3344 3297 ingenti,
3371 3225 3634 3296 cognito-

1982 3333 2095 3387 que
2136 3317 2229 3370 41
2268 3314 2463 3369 tacitis
2492 3313 2934 3385 suspicionibus
2970 3314 3292 3369 multorum
3344 3312 3638 3382 designari

1983 3421 2045 3461 se
2068 3421 2134 3460 ac
2163 3419 2330 3459 reum
2363 3401 2726 3475 agilail‘ectati
2758 3418 2857 3473 per
2887 3402 3078 3458 scelus
3107 3402 3359 3474 imperii,
3390 3403 3643 3472 indeque

1986 3496 2273 3565 quantum
2299 3507 2405 3547 suo
2429 3491 2602 3563 capiti
2627 3491 2954 3562 periculum
2975 3491 3359 3562 impenderet,
3384 3490 3638 3563 pruden-

1986 3588 2074 3637 ter
2103 3581 2422 3649 zestimans,
2458 3580 2709 3651 sapienti
2736 3579 2982 3635 consilio
3005 3580 3259 3635 decrevit
3283 3580 3639 3652 experimen-

1990 3678 2111 3725 tum
2145 3685 2350 3741 capere
2379 3667 2698 3725 voluntatis
2727 3668 3027 3740 studiique
3075 3669 3326 3723 militum
3360 3684 3495 3740 erga
3555 3683 3636 3732 se,

1990 3757 2405 3829 explorareque
2423 3774 2529 3827 que
2547 3758 2925 3811 madmodum
2951 3758 3006 3810 in
3032 3772 3094 3812 se
3116 3757 3300 3811 allecti
3327 3756 3638 3828 optimates

1990 3849 2206 3902 essent.
2232 3846 2414 3917 Igitur
2438 3844 2640 3900 multis
2664 3844 2826 3916 prius
2842 3846 3211 3901 documentis
3226 3844 3417 3916 palam
3441 3843 3638 3915 exqui-

1990 3935 2087 3990 siti
2115 3934 2361 3989 aﬂ'ectus
2391 3933 2528 3988 fidei
2559 3948 2624 3987 ac
2655 3933 3046 3988 venerationis
3088 3950 3227 4005 erga
3273 3934 3637 4005 impuberem

1992 4026 2325 4095 Augustum
2360 4022 2533 4077 editis
2565 4021 2722 4076 dicto
2753 4022 3044 4092 factoque,
3077 4038 3144 4075 ex
3176 4020 3390 4091 quibus
3434 4037 3639 4075 omnes

1988 4112 2149 4167 intell
2163 4112 2455 4183 igerentse
2470 4110 2539 4164 ab
2571 4111 2726 4165 omni
2741 4110 3089 4181 cogitatione
3118 4109 3434 4164 insidiandi
3459 4110 3639 4180 capiti

1994 4206 2094 4255 aut
2124 4200 2420 4270 majestati
2453 4199 2581 4269 ejus
2614 4214 2931 4270 essequam
2950 4198 3404 4259 alienissimum,
3428 4214 3636 4252 convo-

258 4295 622 4351 simulatione
647 4294 917 4365 obsequii
950 4294 1174 4350 velatis.
1213 4296 1328 4350 Prae
1357 4311 1417 4350 se
1441 4296 1699 4350 ferebant
1728 4295 1882 4350 enim
1916 4316 1963 4379 Β
1994 4290 2145 4347 cavit
2174 4293 2462 4361 quotquot
2488 4289 3044 4343 aderantsenatores
3062 4287 3473 4359 principesque
3504 4285 3639 4341 uni-

256 4399 439 4453 parere
470 4401 531 4438 se
567 4384 715 4455 ipsis
745 4384 890 4439 velle
924 4390 985 4438 ut
1009 4385 1187 4439 vicem
1222 4385 1559 4454 gerentibus
1582 4383 1887 4454 imperato-

256 4471 325 4526 ris
356 4472 604 4544 parvuli,
659 4473 750 4528 cui
797 4474 973 4528 etiam
1031 4489 1134 4545 per
1177 4474 1480 4528 ministros
1528 4477 1585 4529 et
1642 4472 1885 4528 vicarios

256 4560 822 4630 imperantilibenter
853 4561 1347 4632 obtemperarent.
1381 4562 1510 4616 Ηᾶεο
1545 4562 1599 4615 in
1635 4562 1886 4631 speciem

257 4651 712 4720 ostentabantur,
752 4650 987 4704 interim
1012 4651 1151 4704 dum
1186 4650 1225 4704 ii
1260 4652 1579 4722 praesertim
1643 4652 1739 4722 qui
1779 4668 1885 4704 nu-

257 4752 378 4806 pero
408 4737 744 4809 principatu
776 4737 931 4806 passi
955 4737 1201 4793 adversa
1227 4738 1474 4806 fuerant,
1505 4739 1799 4793 mordicus
1830 4738 1886 4790 in

257 4827 536 4894 proposito
560 4825 855 4880 contrario
889 4824 1207 4892 haerebant,
1244 4825 1566 4880 ulciscendi
1622 4826 1892 4880 videlicet

258 4913 308 4967 in
331 4913 427 4968 filii
461 4918 637 4986 caput
670 4918 939 4985 acceptas
972 4931 1003 4969 a
1028 4919 1186 4985 patre
1206 4915 1478 4986 injurias,
1502 4931 1567 4970 ac
1593 4915 1891 4970 vehemen-

258 5006 335 5056 ter
360 5004 639 5073 optabant
668 5004 894 5058 efficere
918 5006 980 5056 ut
1009 5004 1215 5057 Joanni
1243 5004 1359 5059 filio
1384 5003 1588 5059 dentes
1611 5005 1889 5075 obstupe-

258 5096 470 5146 scerent
519 5108 588 5147 ex
637 5108 701 5146 eo
743 5092 895 5161 quod
946 5091 1289 5148 Theodorus
1320 5097 1485 5164 pater
1536 5094 1663 5163 ejus
1723 5111 1889 5148 uvam

260 5180 513 5235 acerbam
546 5180 646 5235 ira:
678 5180 927 5235 immitis
959 5184 1015 5234 et
1056 5180 1181 5253 ipse
1213 5182 1539 5237 mandisset
1569 5189 1627 5238 et
1657 5197 1891 5254 expres-

260 5284 377 5322 sum
410 5286 475 5324 ex
506 5285 575 5323 ea
607 5268 763 5323 succi
799 5268 979 5322 amari
1023 5271 1296 5340 poculum
1334 5271 1478 5341 ipsis
1502 5273 1890 5343 prepinasset.

261 5355 433 5427 Hujus
465 5358 699 5430 generis
749 5358 977 5413 infestis
1030 5359 1303 5415 sensibus
1354 5366 1531 5431 atque
1589 5359 1894 5415 affectibus

263 5461 455 5501 arcano
488 5448 709 5518 passim
751 5445 1137 5517 gliscentibus
1181 5449 1392 5518 partim
1444 5450 1502 5503 in
1562 5449 1894 5504 adolescen-

264 5533 438 5590 tulum
457 5535 777 5607 principem
794 5534 1411 5606 paternalaborantem
1427 5538 1661 5603 invidia,
1683 5537 1895 5609 partim

260 5622 314 5678 in
345 5628 609 5694 potentes
640 5628 856 5694 rerum,
891 5628 957 5680 ut
997 5625 1249 5697 quisque
1280 5626 1351 5681 ab
1380 5626 1452 5682 iis
1476 5626 1618 5683 alias
1641 5643 1703 5682 se
1736 5626 1893 5682 aliud

1992 4404 2194 4443 versos
2226 4387 2369 4458 regii
2392 4386 2724 4455 sanguinis,
2763 4390 3169 4457 quantumque
3186 4385 3636 4455 magistratuum

1994 4480 2275 4549 quantum
2307 4492 2375 4531 ex
2408 4474 2646 4530 militari
2675 4474 2880 4530 ordine
2906 4474 3029 4545 cogi
3063 4491 3131 4529 ex
3164 4475 3489 4546 propinquo
3544 4490 3642 4544 po-

1992 4565 2126 4621 tuit.
2162 4566 2569 4621 Convenerunt
2622 4579 2857 4635 quoque
2886 4562 2943 4617 in
3001 4580 3137 4617 eum
3184 4570 3397 4616 coetum
3435 4564 3641 4616 fratres

1996 4654 2192 4727 proavi
2242 4652 2630 4724 imperatoris,
2696 4652 2977 4721 Lascaris,
3044 4652 3143 4722 qui
3202 4657 3259 4707 et
3318 4666 3442 4722 Ipse
3501 4650 3639 4705 olim

1994 4759 2270 4815 magnam
2297 4741 2405 4795 sibi
2429 4740 2657 4796 laudem
2679 4740 3144 4812 peperitimperii
3164 4740 3437 4813 praeclare
3459 4740 3525 4795 ad
3538 4740 3643 4793 mi-

1996 4832 2248 4898 nistrati,
2284 4846 2403 4884 rem
2440 4831 2759 4885 Romanam
2794 4846 2859 4884 ex
2884 4830 3098 4886 afflicta
3132 4835 3187 4886 et
3219 4836 3370 4886 retro
3393 4829 3560 4901 lapsa
3583 4829 3642 4883 in

1999 4920 2179 4975 multo
2214 4918 2514 4973 meliorem
2549 4934 2825 4975 revocans
2848 4923 3090 4976 statum.
3126 4920 3207 4975 Ne
3238 4920 3369 4974 caeci
3404 4919 3641 4990 quidem

1998 5009 2238 5063 abfuere
2298 5005 2743 5077 Strategopulus
2774 5011 2830 5061 et
2890 5007 3102 5075 Philes,
3154 5008 3644 5063 concurrentibus

2001 5113 2101 5167 pro
2135 5112 2195 5150 se
2228 5110 2459 5167 quoque
2492 5095 3644 5166 magnatibussimiliterczeterisﬂuibus

2000 5185 2227 5240 cunctis
2259 5201 2534 5239 consessu
2570 5184 2834 5254 specioso
2857 5201 2923 5239 ac
2945 5185 3257 5240 venerabili
3293 5191 3642 5239 conventum

2001 5274 2351 5329 ornantibus
2385 5274 2658 5345 apparuit
2687 5277 2855 5328 stans
2885 5274 2944 5328 in
2975 5273 3100 5329 loco
3131 5272 3418 5344 superiori
3452 5275 3643 5343 proto-

2000 5362 2332 5430 vestiarius,
2368 5363 2523 5417 unde
2557 5362 2820 5433 conspici
2854 5364 3069 5432 pariter
3112 5363 3182 5417 ob
3215 5362 3492 5417 omnibus
3524 5364 3581 5413 et
3611 5374 3642 5411 a

2002 5452 2210 5524 primis
2244 5468 2358 5506 non
2392 5452 2591 5506 minus
2623 5467 2798 5520 quam
2832 5451 2903 5505 ab
2936 5450 3161 5505 ultimis
3202 5449 3393 5506 audiri
3424 5449 3640 5520 posset,

2001 5540 2320 5612 statimque
2350 5538 2410 5595 in
2442 5539 2603 5596 hunc
2632 5540 2873 5595 modum
2904 5535 3061 5609 loqui
3090 5536 3293 5609 coepit:
