4034 6200
291 306 398 363 475

367 431 451 493 ις’.
519 419 838 496 Δημηγορία
874 419 970 472 τοῦ
1019 402 1523 489 πρωτοϐεστιαρίου
1562 400 1866 473 Μουζάλω-

1051 507 1167 547 νος.

364 629 394 657 ‹‹
452 603 521 656 Τὸ
584 600 678 672 μὲν
733 597 802 650 τὰ
855 593 1097 668 ἡμέτερα
1128 593 1368 665 ἀρχῆθεν
1399 587 1535 663 πρὸς
1571 586 1711 658 ὑμᾶς
1741 578 1941 656 ἀρτίως

291 686 616 756 συντᾶττειν,
689 683 918 759 εὐγενεῖς
987 677 1175 756 ἄνδρες
1234 678 1326 732 καὶ
1383 675 1695 749 σύντροφοι,
1753 687 1940 764 περιτ-

289 779 380 833 τὸν
416 819 430 845 ,
479 776 630 848 οἶμαι
668 817 682 842 ,
742 769 892 826 δοκεῖ
945 769 1037 824 καὶ
1093 771 1190 822 τοῦ
1241 764 1508 840 παρόντος
1563 761 1666 831 ἕξω
1717 761 1938 832 καιρουο

289 843 498 939 ἀνάγκη
538 843 665 937 ’γὰρ
697 860 901 933 ἐπείγει
931 861 1100 913 ταῦτα
1126 856 1390 930 παρέντας
1443 855 1539 907 τοῦ
1585 848 1722 904 κατά
1746 843 1943 939 ,πόδας

293 935 584 1024 διεξιέναι(
619 935 770 1011 Τέως
824 945 870 1002 δ’
929 947 1022 1001 οὗν
1080 945 1241 1018 μόνον
1275 943 1336 998 οὐ
1369 939 1711 1018 γεννηθέντες
1743 935 1793 991 ἐν
1825 940 1942 995 τοῖς

297 1039 598 1117 βασιλείοις
648 1039 749 1093 ὑπὸ
793 1037 955 1112 πατρὶ
1019 1037 1375 1110 ὑπηρετοῦντι
1423 1028 1652 1100 κάκείνῳ
1692 1031 1808 1086 τοῖς
1843 1025 1944 1100 βα-

291 1130 528 1185 σιλεῦσιν
589 1128 921 1204 ἐτράφημεν,
981 1125 1068 1179 καὶ
1109 1121 1570 1198 ’προσληφθέντες
1620 1117 1941 1204 ἀνήχθημεν

289 1203 677 1290 παιδευόμενοι
733 1203 859 1270 ὑπὸ
927 1218 1022 1268 τοῦ
1097 1210 1397 1286 μακαρίτου
1457 1207 1726 1284 βασιλέως
1783 1203 1942 1275 ἡμῶν

289 1304 794 1384 ὑφηγεμονεῦοντος
820 1306 899 1375 τῷ
945 1302 1132 1375 πατρί.
1195 1299 1299 1355 Καὶ
1355 1299 1429 1359 ὡς
1491 1298 1699 1384 πιστῶς
1744 1293 1946 1384 ὑπηρε-

285 1402 472 1469 τοῖμεν
506 1394 912 1469 προσκείμενοι,
945 1390 1024 1468 ἐφ’
1056 1393 1139 1453 οἷς
1169 1389 1228 1443 ἃν
1279 1387 1370 1442 καὶ
1418 1383 1772 1461 προστάσσοι,
1817 1378 1946 1454 ἀγά-

285 1465 394 1554 πην
455 1465 610 1556 φόϐῳ
671 1465 994 1556 μιγνύντες,
1037 1478 1232 1540 πάντες
1278 1474 1340 1530 ἂν
1397 1473 1822 1548 μαρτυρήσοιτε.
1865 1465 1946 1556 ,οὑ

288 1574 393 1649 γὰρ
423 1573 490 1641 ἦν
522 1554 679 1643 ἡμᾶς
701 1554 841 1624 ἄλλο
873 1589 924 1623 τι
954 1568 1241 1640 τρέπεσθαι
1299 1564 1333 1632 ἢ
1392 1554 1950 1649 καθυπουργεῖνᾉάδοέ

290 1647 403 1723 λως
431 1666 510 1732 τῷ
539 1658 866 1734 κυριεύοντι,
925 1653 1019 1710 κᾶν
1044 1689 1053 1696 -
1083 1653 1216 1714 ἴσως
1272 1654 1335 1706 τὸ
1385 1649 1694 1722 εὐδοκιμεῖν
1756 1647 1858 1701 οὐκ
1884 1648 1950 1714 ἦν

1587 278 1891 339 GEORGII
1930 273 2396 328 PACHYMERE

3601 269 3717 323 476

1969 400 2022 467 Α
2055 395 2382 470 ὑπέρχεσθαι
2409 394 2502 449 τὸν
2530 394 2719 468 καιρὸν
2751 391 2841 447 καὶ
2870 391 2937 447 τὰ
2985 391 3040 454 ἐς
3092 386 3308 468 βλάϐην
3364 391 3477 447 τισὶ
3525 412 3716 467 πραγ-

2051 484 2388 558 ματεὺεσθαι.
2449 485 2534 555 [Ρ.
2594 485 2684 555 24]
2746 479 2903 539 Οἶδεν
2963 481 3042 543 εἷς
3101 484 3262 534 τοῦτο
3320 481 3382 534 τὸ
3432 482 3712 555 ἡμέτερον

2047 570 2304 633 συνειδὸς,
2358 569 2491 625 Οὔτε
2547 572 2652 646 γάρ
2709 569 2772 624 τὸ
2818 574 3068 624 τοισῦτον
3105 569 3262 644 ἧρξεν
3297 570 3432 641 ἡμῖν
3464 576 3566 638 τῆς
3623 591 3714 622 τι-

2051 669 2182 735 μῆς,
2215 661 2306 715 καὶ
2335 660 2396 714 τὸ
2433 661 2566 732 μετά
2587 663 2754 714 ταῦτα
2798 658 3078 733 κρατύνειν
3113 657 3293 719 οὕτως
3347 658 3517 726 αὐτὴν
3582 659 3712 713 λίαν

2047 750 2327 826 ἡγούμεθα
2351 753 2460 803 τῶν
2492 747 2812 822 αἰσχίστων·
2863 744 3017 822 ἀνδρὶ
3061 748 3160 821 γὰρ
3219 744 3503 819 δυναμένῳ
3566 747 3716 821 μέγα

2047 842 2174 914 παρ’
2231 837 2479 914 ἄρχοντι,
2529 837 2578 892 s’v.‘
2626 835 2752 898 τοὺς
2797 833 3003 899 ἄλλους
3045 835 3316 910 πτερνίζοι
3369 829 3713 890 ὑποϐάλλων

2047 930 2114 982 τὰ
2156 930 2232 1001 μὴ
2285 929 2615 998 καθήκοντα,
2674 924 2777 979 οὐκ
2833 922 2976 979 ἔστιν
3036 925 3182 985 ὅστις
3239 923 3301 977 οὐ
3357 919 3586 985 δικαίως
3647 923 3716 978 ἂν

2049 1019 2416 1091 νεμεσήσειεν.
2493 1014 2669 1072 Ἀλλὰ
2738 1013 2827 1069 καὶ
2883 1013 2945 1068 τὸ
3007 1014 3085 1086 μὴ
3146 1012 3404 1076 θωπείαις
3461 1011 3714 1088 ἀγεννέσι

2050 1108 2140 1162 καὶ
2189 1105 2558 1178 ἀνελευθέροις
2613 1105 3008 1173 ὑποποιήσεσιν
3078 1101 3400 1177 ὑποτρέχειν
3450 1102 3542 1156 τὸν
3603 1101 3714 1177 ἅρ-

2051 1215 2245 1272 χοντα,
2301 1195 2388 1248 καὶ
2442 1194 2577 1267 πρὸς
2628 1190 2852 1253 ἑαυτοὺς
2894 1186 3213 1267 ἐφέλκεσθαι
3258 1191 3355 1250 τὰς
3381 1189 3546 1263 θύρας
3605 1197 3714 1259 τῆς

2051 1284 2259 1339 ἐκείνου
2302 1282 2579 1357 εὐμενειας
2623 1285 2739 1342 τοῖς
2785 1280 2989 1355 ἒτέροις
3045 1278 3454 1354 ἐπιζυγοῢντας,
3501 1275 3714 1348 ἔδειξαν

2053 1373 2106 1427 αἱ
2137 1371 2344 1427 πολλαὶ
2375 1376 2484 1426 τῶν
2517 1370 2728 1425 ἐκείνου
2776 1367 3006 1444 πληγῶν
3053 1365 3331 1443 ἐπιφοραὶ,
3380 1365 3517 1421 ὥστε
3564 1366 3716 1422 πολο

2055 1462 2212 1524 λάκις
2269 1463 2416 1533 ἡμᾶς
2470 1457 2700 1534 ἐγγίζειν
2755 1461 2837 1530 τῷ
2904 1457 3119 1528 θανάτῳ
3184 1457 3657 1531 μαστιγουμένους
3697 1499 3713 1512 .

2052 1552 2238 1611 Ὅπως
2270 1546 2325 1603 δὲ
2353 1548 2443 1602 καὶ
2474 1548 2609 1622 πρὸς
2668 1546 2818 1618 ὑμῶν
2869 1543 3091 1599 ἕκαστον
3155 1546 3376 1618 ἀγάπης
3429 1542 3712 1618 εἷ’χομων.

2054 1639 2143 1694 καὶ
2175 1640 2248 1702 ὡς
2275 1639 2373 1706 τήν
2409 1637 2670 1711 ὑμετέραν
2702 1636 2828 1709 παρ’
2859 1633 3048 1706 ἐκείνῳ
3077 1631 3363 1708 ἀποδοχὴν
3412 1638 3509 1687 τοῦ
3568 1653 3714 1687 παν-

288 1720 493 1825 ἐφίοῖέ
522 1720 1010 1822 πρὸόθυμούμεθα·
1071 1743 1248 1798 πίστιν
1309 1739 1366 1795 δὲ
1427 1720 1942 1812 μετὰήπροθυμίας,
1975 1744 2022 1808 Β
2051 1721 2818 1825 τὸςκέτιμώμεραητξολλοὺς
2866 1723 3434 1825 οἶμαηγινώσκεξντας
3453 1720 3716 1825 ἐξειπεῖν.

286 1836 380 1891 κᾶν
427 1837 504 1909 μὴ
557 1836 690 1908 ἁνύῃ
722 1854 826 1903 τις,
869 1833 959 1887 καὶ
992 1829 1214 1886 δύσνουν
1247 1835 1397 1899 νιγᾷν
1449 1825 1803 1898 εὐδοκίμησιν
1859 1822 1940 1877 οἷ’-

289 1923 477 1997 δαμεν.
537 1923 608 1977 Τὸ
641 1920 698 1977 δὲ
745 1922 834 1976 καὶ
892 1920 1055 1992 τιμάς
1107 1914 1294 1973 Λαϐεῖν
1336 1921 1484 1989 ἡμᾶς
1519 1915 1609 1968 καὶ
1637 1918 1744 1968 τῶν
1778 1912 1938 1982 ἀξιω-

290 2034 472 2086 ματων
504 2013 632 2087 παρ’
685 2011 714 2065 ’ὀ
769 2007 1193 2085 προσεδοκῶμεν
1227 2008 1294 2062 τὰ
1328 2007 1557 2081 μέγιστα
1590 1999 1940 2077 βασιλεύσαν-

283 2122 375 2163 τος
405 2105 502 2155 τοῦ
532 2099 817 2167 δεσπότου,
851 2098 1057 2153 ἐκείνου
1117 2096 1366 2159 θέλοντος
1403 2097 1487 2162 ἧν.
1541 2091 1599 2146 Τί
1649 2091 1749 2164 γὰρ
1811 2089 1938 2161 ὑμῖν

285 2191 375 2244 καὶ
433 2190 499 2258 ἦν
551 2189 626 2251 εἷς
658 2189 718 2242 τὸ
751 2188 1079 2260 θαυμαστὸν,
1132 2185 1269 2240 ὥστε
1295 2183 1385 2238 καὶ
1413 2187 1717 2256 τιμηθῆναι
1746 2181 1940 2233 τοσαῦ-

287 2298 394 2347 τα;
445 2276 597 2348 ὅμως
649 2273 823 2331 ἐδόκει
853 2280 934 2346 τῷ
969 2272 1334 2348 βασιλεύοντι,
1365 2272 1451 2325 καὶ
1495 2271 1658 2342 ἡμεῖς
1689 2267 1776 2322 ἐπὶ
1831 2269 1942 2320 τῶν

291 2365 616 2439 ἀξιωμάτων
664 2366 828 2438 ἦμεν,
887 2363 950 2418 οὐ
1004 2365 1110 2437 μὴν
1158 2359 1215 2416 δὲ
1264 2360 1402 2416 ὥστε
1449 2359 1539 2414 καὶ
1568 2359 1945 2432 κακεντρεχῶς

564 2547 651 2601 16.
686 2545 885 2603 Concio
903 2543 1315 2616 protovestiarii
1341 2539 1670 2598 Mazalom's.

361 2655 387 2688 ι
423 2636 534 2691 Res
565 2638 799 2690 nostras
831 2652 866 2689 a
896 2632 1186 2704 principio
1218 2630 1373 2704 apud
1391 2645 1492 2685 vos
1520 2628 1803 2684 hodierna
1819 2640 1944 2678 ora-

290 2724 452 2780 tione
482 2727 762 2794 repetere,
790 2722 898 2777 viri
932 2719 1424 2790 nobilesmquales
1465 2717 1765 2773 etsodales
1805 2712 1941 2780 mei,

292 2812 654 2884 superﬂuum
714 2811 924 2884 Opinor
979 2810 1276 2865 videretur
1306 2812 1362 2864 et
1418 2807 1676 2862 alienum
1717 2804 1788 2858 ab
1831 2801 1942 2856 hoc

290 2907 579 2973 tempore,
610 2917 726 2972 quo
756 2901 912 2956 aliud
949 2899 1120 2954 nobis
1151 2887 1943 2968 objiciturnecessariumdi-

291 2990 460 3050 cendi
493 2993 844 3062 argumentu
859 3005 912 3044 m
927 2988 1044 3056 ,isti
1070 2987 1276 3058 utique
1293 2985 1779 3059 praevertendum.
1801 2977 1942 3034 Obi-

285 3084 376 3135 ter
405 3078 598 3135 solum
630 3079 874 3134 innuam
914 3094 1021 3134 nos
1053 3081 1284 3133 tantum
1320 3093 1439 3132 non
1466 3075 1524 3130 in
1541 3072 1755 3146 palatio
1773 3065 1939 3142 geni-

284 3172 376 3224 tos
405 3184 439 3222 a
469 3173 656 3236 patre,
687 3167 960 3223 ministro
986 3171 1046 3222 et
1072 3166 1200 3237 ipso
1233 3165 1683 3236 imperatorum,
1704 3161 1764 3216 in
1797 3160 1930 3216 aula

286 3257 388 3312 42
420 3257 701 3312 educatos
733 3272 883 3322 esse,
916 3260 973 3310 et
1027 3254 1086 3310 in
1141 3253 1463 3324 palatinum
1526 3249 1928 3323 paedagogium

289 3344 550 3399 adscitos
583 3344 694 3398 sub
726 3343 1094 3414 imperatore,
1126 3358 1296 3411 quem
1321 3342 1494 3396 modo
1509 3344 1807 3396 mortuum
1838 3338 1928 3393 lu-

287 3447 520 3501 gemus,
555 3431 893 3486 rudimenta
923 3429 1579 3502 puerilisinstitutionis
1616 3429 1806 3498 prima
1829 3444 1930 3498 po-

288 3518 499 3575 suisse.
534 3519 597 3574 In
631 3518 761 3587 ejus
790 3518 1075 3588 obsequio
1095 3518 1203 3572 sub
1226 3523 1391 3588 patre
1416 3515 1776 3571 dominantis
1800 3516 1932 3570 ado-

288 3605 574 3676 levimus;
607 3611 662 3660 et
693 3621 810 3676 qua
841 3606 890 3659 ei
937 3606 1050 3660 ﬁde
1102 3606 1480 3661 servierimus
1521 3604 1932 3660 incumbentes

291 3695 517 3765 impetu
549 3694 879 3764 aﬂ‘ectuque
908 3697 1028 3749 toto
1058 3694 1120 3749 in
1151 3710 1219 3750 ea
1248 3693 1648 3764 quaejubebat,
1671 3709 1931 3748 amorem

288 3797 422 3838 cum
453 3787 614 3838 metu
645 3781 983 3854 miscentes,
1014 3783 1218 3838 testari
1251 3782 1492 3853 potestis
1518 3781 1772 3838 universi
1806 3798 1930 3836 vos.

289 3871 605 3944 Nunquam
637 3871 794 3926 enim
827 3871 915 3927 vel
975 3871 1275 3928 tantillum
1310 3871 1654 3927 deﬂeximus
1701 3888 1734 3926 a
1773 3876 1932 3927 recta

290 3959 482 4016 ﬁdelis
514 3960 783 4032 obsequii
812 3961 928 4029 via,
950 3961 1227 4016 necaliud
1249 3961 1593 4016 studuimus
1610 3975 1787 4032 quam
1803 3961 1930 4015 sine

289 4050 494 4105 fraude
525 4066 590 4105 ac
622 4050 751 4106 fuco
768 4051 994 4107 sincere
1011 4050 1248 4106 obedire
1275 4050 1532 4120 domino,
1548 4049 1724 4106 etiam
1755 4049 1814 4103 in
1840 4048 1931 4104 his

291 4138 570 4204 ubiforte,
595 4139 751 4208 quod
783 4139 980 4194 studio
1003 4155 1236 4194 summo
1260 4139 1640 4203 conabamur,
1659 4138 1729 4193 ad
1753 4137 1929 4192 ﬁnem

288 4225 372 4280 illi
397 4227 663 4298 placendi
686 4243 796 4282 non
815 4227 1193 4299 pertingeret.
1223 4226 1318 4283 Sic
1331 4227 1487 4282 enim
1506 4227 1928 4292 statuebamus,

287 4314 466 4370 ﬁdem
497 4331 630 4369 cum
663 4313 925 4370 ofﬁciosa
950 4314 1270 4382 voluntate,
1303 4314 1728 4370 licetsuccessu
1752 4315 1931 4369 desti-

286 4407 498 4470 tutam,
557 4402 814 4473 praeferri
874 4404 1087 4459 debere
1141 4403 1423 4474 obsequio
1466 4404 1618 4474 quod
1654 4419 1766 4458 non
1800 4407 1931 4457 stu-

285 4491 449 4547 diose
475 4506 579 4547 nec
612 4491 891 4548 benevolo
939 4492 1264 4564 suscipitur
1319 4492 1552 4560 affectu,
1601 4491 1736 4547 licet
1794 4509 1928 4563 pro—

285 4595 456 4650 spere
489 4596 555 4636 ac
587 4595 722 4635 cum
754 4580 984 4653 agentis
1025 4582 1195 4637 laude
1224 4586 1614 4652 perpetretur.
1636 4581 1798 4645 Quod
1829 4599 1937 4636 au-

280 4673 399 4724 tem
430 4668 678 4725 honores
692 4669 1047 4725 admisimus
1079 4674 1135 4725 et
1165 4670 1485 4741 dignitates
1504 4671 1935 4742 exspectatione

284 4761 489 4812 nostra
521 4758 801 4828 majores,
834 4763 1010 4830 atque
1039 4759 1186 4814 adeo
1235 4759 1548 4826 maximas,
1608 4760 1935 4831 imperante

287 4846 524 4901 domino
547 4850 770 4916 nostro,
786 4845 1068 4902 voluntati
1091 4848 1219 4920 ejus
1236 4848 1651 4920 imputandum
1666 4849 1933 4913 est.Quid

287 4935 440 4990 enim
473 4951 579 4991 nos
601 4936 832 5006 egimus
867 4939 980 4990 tam
1013 4936 1626 5008 egregiumuttantum
1661 4938 1935 4994 honorari

292 5038 655 5078 mereremur
679 5023 706 5077 ?
762 5023 980 5078 Tamen
1014 5025 1097 5079 ita
1127 5025 1441 5096 imperanti
1470 5026 1684 5082 visum.
1720 5029 1787 5083 Et
1829 5044 1934 5083 nos

284 5109 346 5166 in
377 5111 759 5180 dignitatibus
791 5128 1020 5181 sumus,
1055 5131 1172 5170 non
1201 5119 1397 5171 tamen
1430 5119 1495 5170 ut
1526 5120 1717 5172 astuta
1771 5118 1934 5173 mali-

289 5200 510 5272 gnitate
555 5201 973 5258 immineamus
1012 5204 1422 5260 occasionibus
1455 5205 1719 5271 nocendi,
1762 5214 1819 5261 et
1875 5208 1932 5262 in

284 5290 639 5361 cujusquam
674 5290 958 5346 damnum
979 5295 1266 5364 potestate
1285 5293 1853 5350 abutamur.Testem
1872 5297 1932 5351 in

283 5378 340 5432 id
373 5379 587 5434 damus
617 5380 1039 5435 conscientiam
1073 5385 1359 5436 nostram.
1395 5381 1593 5452 Neque
1622 5381 1779 5438 enim
1833 5390 1934 5440 aut

285 5467 880 5536 ejusmodidamnatae
915 5474 1068 5524 artes
1083 5470 1233 5524 viam
1251 5470 1422 5524 nobis
1453 5470 1523 5524 ad
1547 5473 1928 5528 crescendum

288 5555 652 5627 munierunt,
687 5561 788 5612 aut
819 5559 1144 5613 conducere
1175 5563 1453 5630 putamus
1477 5560 1547 5615 ad
1578 5561 1928 5620 ﬁrmandam

2054 1816 2115 1874 Ei
2148 1814 2205 1871 δέ
2234 1835 2328 1870 ποι
2358 1814 2446 1869 καὶ
2479 1814 2554 1886 μὴ
2588 1813 2844 1885 ἀνύοιμεν
2875 1811 3226 1878 ἱκετεύοντες,
3259 1809 3320 1866 οὒ
3368 1810 3505 1886 πρὸς
3553 1813 3716 1883 ἡμᾶς

2050 1903 2170 1960 οἴδα
2214 1908 2395 1959 τοῦτο.
2438 1902 2592 1972 Ηλὴν
2637 1902 2700 1956 τὸ
2745 1899 3008 1956 δύσκολον
3051 1904 3148 1955 τοῦ
3195 1903 3386 1975 καιροῦ
3433 1894 3717 1973 περιϐάλ-

2049 1992 2164 2048 λειν
2211 1993 2486 2068 μεγίσταις
2534 1990 2794 2064 ὑποψίαις
2843 1989 2934 2044 καὶ
2975 1987 3104 2050 τοὺς
3157 1985 3325 2061 μηδὶν
3373 1985 3600 2050 δικαίως
3652 1985 3721 2042 ἃν

2050 2082 2580 2157 ἐγκληθησομένους,
2627 2078 2672 2134 εἷ
2728 2078 2904 2153 ὀρθῶς
2951 2099 3035 2141 τις
3078 2077 3278 2153 κρίνοι,
3333 2075 3492 2132 οὐδὲν
3549 2075 3716 2131 ἀπει-

2050 2172 2144 2235 κὸς
2190 2169 2340 2232 ἴσως.
2395 2171 2458 2225 Ἦ
2503 2169 2606 2243 γὰρ
2653 2171 2752 2222 τοῖ’)
2791 2171 2983 2235 καιροῦ
3016 2163 3282 2221 δυσκαλία
3310 2166 3564 2239 ἀψαμένη
3611 2163 3712 2220 καὶ

2051 2265 2158 2316 τῶν
2199 2260 2489 2335 μεγίστων,
2545 2257 2636 2311 καὶ
2695 2259 2778 2318 οἷς
2839 2257 2940 2311 οὐκ
2997 2258 3062 2325 ἦν
3116 2257 3302 2310 παθεῖν
3353 2255 3413 2309 ἐκ
3467 2252 3714 2326 δικαίου,

2055 2350 2279 2410 ἐκείνοις
2309 2349 2402 2420 μὶν
2435 2345 2741 2424 συμφορὰν,
2774 2348 2910 2418 ἡμῖν
2941 2342 2998 2399 δὲ
3047 2343 3277 2418 ὑποψίαν
3327 2343 3410 2418 (οὐ
3458 2344 3563 2420 γὰρ
3609 2365 3718 2398 κα-

2055 2550 2228 2606 nobis
2258 2546 2696 2621 possessionem
2732 2545 3019 2602 bonorum
3071 2544 3488 2616 turpissimum
3534 2544 3705 2601 istud

2053 2654 2241 2712 genus
2273 2637 2526 2693 astutiae.
2555 2634 2790 2690 Homini
2822 2634 3043 2706 quippe
3067 2635 3223 2705 apud
3251 2633 3581 2705 principem
3607 2650 3713 2704 po-

2052 2727 2220 2794 tenti,
2245 2727 2294 2781 si
2330 2729 2573 2780 conetur
2602 2723 2985 2795 supplantare
2999 2723 3166 2788 alios,
3191 2738 3516 2794 suggerens
3545 2724 3712 2793 quod

2053 2817 2284 2871 irritare
2312 2815 2594 2870 adversus
2626 2813 2894 2868 innoxios
2925 2815 3268 2883 regnantem
3301 2811 3509 2882 possit,
3528 2827 3709 2868 nemo

2049 2910 2140 2960 est
2166 2904 2267 2975 qui
2298 2919 2414 2959 non
2439 2904 2603 2973 juste
2633 2906 2976 2957 succenseat
3023 2905 3081 2956 et
3135 2900 3265 2955 dira
3321 2900 3708 2970 imprecetur.

2047 2993 2158 3049 Sed
2189 3007 2378 3064 neque
2406 3008 2513 3046 nos
2545 2989 2990 3046 adulationibus
3019 2989 3240 3043 vilibus
3291 2993 3348 3044 et
3400 2987 3586 3044 libero
3617 2989 3711 3044 in-

2047 3080 2239 3153 dignis
2283 3079 2807 3136 assentatiunculis
2847 3077 3306 3134 circumvenisse
3357 3077 3711 3133 facilitatem

2045 3169 2352 3243 principis,
2385 3173 2442 3224 et
2470 3169 2551 3222 ita
2582 3169 2638 3222 in
2673 3168 2802 3238 ejus
2833 3165 3148 3238 irrepsisse
3180 3165 3430 3237 gratiam
3454 3171 3520 3221 ut
3550 3167 3712 3222 fores

2035 3260 2164 3331 ejus
2195 3257 2613 3314 benevolentiae
2643 3272 2825 3327 supra
2855 3272 2962 3311 nos
2993 3255 3424 3310 attraheremus
3465 3257 3566 3310 43
3608 3271 3713 3310 ex-

2036 3348 2345 3403 cludendis
2377 3345 2531 3412 aliis,
2559 3345 2704 3401 satis
2729 3344 3246 3400 indicantinﬂictae
3262 3343 3432 3399 nobis
3465 3344 3536 3399 ab
3569 3344 3705 3415 ipso

2034 3435 2238 3492 liberis
2269 3435 2445 3490 dictis
2474 3435 2696 3490 offenso
2731 3434 2932 3488 multae
2964 3449 3070 3489 nec
3105 3432 3261 3488 leves
3280 3432 3486 3504 plagae,
3520 3434 3608 3488 ita
3628 3438 3700 3490 ut

2038 3526 2109 3580 ad
2144 3523 2352 3580 mortis
2383 3539 2537 3594 saepe
2565 3523 2840 3578 viciniam
2876 3521 3106 3593 ﬂagella
3133 3537 3240 3577 nos
3265 3523 3395 3591 ejus
3419 3522 3709 3578 admove-

2037 3613 2179 3669 rint.
2213 3614 2433 3669 Cbaros
2467 3617 2661 3668 autem
2704 3611 2875 3666 nobis
2905 3627 3005 3666 vos
3066 3627 3271 3666 omnes
3320 3626 3470 3680 esse,
3517 3616 3576 3665 et
3635 3616 3710 3668 ut

2037 3706 2296 3759 vestram
2332 3701 2620 3772 cujusque
2650 3699 3146 3756 introductionem
3178 3700 3238 3754 in
3270 3699 3400 3770 ejus
3446 3700 3706 3772 gratiam

2037 3791 2482 3847 commodorum
2517 3789 2694 3844 etiam
2729 3796 3066 3844 nostrorum
3098 3804 3165 3842 ac
3204 3788 3448 3843 fortunae
3477 3790 3704 3846 damno

2037 3877 2571 3950 procuraverimus,
2597 3876 2816 3932 multos
2835 3883 2976 3948 puto
2999 3877 3403 3948 dicturos,{qui
3427 3878 3708 3949 praeclare

2037 3969 2256 4025 norint.
2292 3967 2454 4031 Quod
2490 3967 2538 4022 si
2571 3966 2712 4037 quid
2747 3982 2816 4022 ex
2846 3966 3184 4038 cujuspiam
3209 3983 3339 4022 vero
3363 3966 3688 4038 impetrare

2037 4055 2422 4127 supplicando
2445 4054 2843 4126 nequivimus,
2863 4071 2979 4110 non
2994 4054 3475 4125 idimputandum
3492 4056 3687 4120 nobis,

2038 4146 2247 4215 utique
2268 4143 2520 4200 consciis
2543 4143 2927 4200 sincerissimi
2951 4143 3008 4198 in
3032 4144 3327 4214 ejusmodi
3345 4144 3562 4201 ofﬁciis
3580 4150 3707 4201 stu-

2038 4234 2141 4298 dii,
2177 4234 2277 4288 sed
2305 4233 2691 4288 tribuendum
2722 4232 3176 4288 difﬁcultatibus
3200 4237 3705 4305 temporum,sug-

2036 4321 2376 4395 gerentibus
2435 4320 2618 4376 menti
2677 4321 2976 4393 principis
3036 4337 3203 4376 acres
3232 4321 3615 4393 suspiciones
3639 4322 3703 4378 in

2037 4411 2328 4483 quosdam
2354 4410 2594 4466 omnino
2624 4410 2983 4481 inculpatos,
3017 4410 3067 4466 si
3094 4417 3249 4466 recte
3304 4411 3703 4482 judicaretur,

1959 4491 2003 4554 D
2035 4501 2176 4567 Quis
2207 4501 2363 4555 enim
2391 4499 2573 4554 moris
2597 4499 2839 4554 humani
2874 4499 3067 4555 sciens
3094 4516 3210 4554 non
3239 4498 3324 4555 ita
3345 4502 3583 4557 evenire
3606 4518 3704 4557 so-

2046 4589 2164 4644 lere
2197 4587 2409 4642 novit?
2442 4588 2822 4656 Temporum,
2847 4587 3114 4657 inquam,
3147 4587 3324 4642 certis
3380 4588 3702 4644 momentis

2044 4678 2289 4732 confusa
2317 4677 2583 4746 quaedam
2603 4674 2858 4746 maligne
2873 4674 3222 4746 perplexitas
3243 4676 3501 4731 summis
3522 4676 3704 4733 etiam

2043 4766 2185 4820 viris
2217 4764 2584 4835 suspiciones
2618 4763 3026 4834 iniquissimas
3058 4763 3340 4835 aspergit,
3391 4764 3676 4834 importat

2044 4871 2157 4927 que
2187 4853 2550 4909 calamitates
2584 4851 2657 4907 iis
2687 4852 2786 4923 qui
2824 4851 3064 4907 multari
3093 4868 3162 4907 ex
3193 4853 3403 4908 merito
3434 4870 3552 4910 non
3602 4871 3704 4924 po-

2042 4947 2278 5000 tuerant
2310 4960 2324 5009 ;
2359 4939 2528 4997 nobis
2560 4945 2754 4996 autem
2787 4940 3185 4997 familiaribus
3245 4942 3536 5013 principis
3595 4960 3706 4998 su-

2044 5032 2365 5104 spicionem
2389 5028 2793 5096 verisimilem,
2832 5046 2948 5084 non
2987 5029 3108 5084 veri
3166 5035 3365 5086 tamen
3426 5032 3702 5088 criminis

2041 5117 2311 5189 imponit,
2341 5115 2513 5189 quasi
2543 5117 2742 5172 causis
2772 5122 2831 5173 et
2863 5118 3206 5173 auctoribus
3240 5117 3537 5175 malorum
3569 5137 3700 5192 qua:

2044 5211 2383 5281 pravertere
2414 5205 2811 5274 nequivimus.
2846 5205 3133 5261 Caeterum
3167 5205 3517 5277 hujusmodi
3559 5225 3696 5264 om-

2042 5299 2208 5354 nium
2232 5295 2415 5366 judex
2445 5295 2495 5348 si
2523 5293 2762 5348 divinus
2793 5293 3020 5360 oculus,
3067 5294 3168 5366 qui
3227 5295 3342 5350 scit
3401 5296 3697 5353 malitiam

2044 5385 2250 5458 punire
2277 5404 2292 5452 ;
2327 5399 2432 5439 nec
2450 5383 2501 5438 ei
2527 5383 2688 5438 fraus
2710 5384 3064 5454 cujusquam
3084 5383 3237 5439 valet
3252 5385 3564 5457 obrepere.
3583 5391 3700 5442 Ita-

2042 5490 2156 5546 que
2187 5475 2235 5528 si
2268 5489 2394 5543 quae
2425 5471 2970 5540 contigerunttalia,
3006 5473 3175 5528 nobis
3202 5472 3406 5528 invitis
3429 5479 3490 5530 et
3523 5474 3697 5546 plane

2042 5563 2296 5620 innoxiis
2351 5561 2744 5632 contigerunt.
2781 5561 2850 5618 Et
2899 5578 3026 5633 quae
3057 5577 3240 5632 poma:
3272 5562 3696 5620 innocentibus
