4034 6200
212 310 299 366 477
1236 307 1327 358 ΟΕ
1368 306 1741 360 MICHAELE
1781 307 1805 358 Ῑ

1991 303 2226 357 OLOGO
2266 304 2394 355 LIB.
2436 305 2478 357 Ι.
3478 308 3584 363 478

212 434 313 489 κίαν
340 430 595 503 εἴποιμεν)
633 429 689 484 ἐκ
740 433 836 484 τοῦ
889 427 1099 492 είκότος
1153 432 1423 504 προσῆψε.
1480 426 1633 498 Πλὴν
1692 429 1814 483 ἱκά-
1846 431 1896 497 Α
1930 428 2010 498 [Ρ.
2042 428 2134 498 25]
2194 431 2416 501 Πρῶτον
2454 426 2546 498 μὲν
2598 429 2661 481 τὸ
2714 430 2856 491 νέαις
2904 436 3005 499 τῆς
3049 428 3272 500 ἡλικίας
3306 434 3580 507 φροντίσιν

214 545 320 578 στου
361 521 542 596 κριτής
589 520 650 573 τὸ
695 520 835 573 θεῖον
885 516 1062 590 ὄμμα,
1097 517 1157 580 ὃς
1189 516 1299 572 οἶδε
1329 517 1516 572 κακίαν
1566 515 1817 586 κολάζειν
1928 513 2217 569 ἀττάλλειν
2248 514 2336 569 καὶ
2374 513 2542 587 μηδὲν
2580 516 2897 591 ὑπορύττειν
2929 520 3020 573 τὸν
3058 521 3415 595 βασιλεύοντα
3444 523 3580 596 πρὸς

216 610 358 686 μηδὲν
404 609 633 683 ἐχόντων
680 606 1162 682 παραλογίζεσθαι.
1220 606 1403 667 Οὕτως
1456 608 1617 678 ἡμεῖς
1664 605 1821 661 ἐλεὺ-
1928 603 1993 656 τὰ
2059 606 2205 678 παρὰ
2274 610 2381 658 τῶν
2457 606 2784 680 ἀρχομένων
2852 610 3200 681 πραττόμενα
3257 608 3583 685 ἐφέλκοντός

213 714 333 773 θεροι
359 704 459 754 τῶν
485 696 773 763 τοιούτων,
806 694 865 749 ἄν
898 716 1009 749 τισι
1040 690 1239 763 συνέϐη
1290 694 1380 748 καὶ
1423 694 1489 748 τὰ
1532 695 1817 763 ἀνήκεστα.
1927 690 2182 770 tenvi-119'
2235 692 2419 747 ἰαυτὸν
2454 690 2687 761 εὔνοιαν,
2745 694 2913 767 μηδὲν
2970 697 3347 752 ὑπονοούντων
3409 699 3584 755 πείσε-

210 791 266 843 T6
291 789 380 862 γὰρ
409 786 609 841 ἐκείνου
639 783 853 857 Θὲλημα
905 790 1100 859 περιῆν
1128 784 1327 844 παντὸς
1369 780 1623 854 ἐμποδὼν
1669 783 1819 836 ἰσταο
1930 781 2069 850 σθαι,
2126 780 2215 834 καὶ
2270 785 2367 834 τοῦ
2422 776 2592 857 φόϐου
2643 783 2878 845 ἀπόντος
2919 786 2995 857 μὴ
3031 783 3305 840 δειλιῶντι
3335 788 3422 840 καὶ
3454 788 3579 863 περὶ

213 880 366 950 μένου,
418 877 460 946 ᾧ
518 872 584 943 δὴ
641 874 1031 948 προσίστασθαι
1088 873 1164 944 μὴ
1208 872 1297 926 καὶ
1347 869 1593 933 κίνδυνος
1650 870 1717 940 ἦν
1767 869 1818 940 ἐξ
1930 869 2102 940 ἑαυτῷ
2176 866 2398 942 ἕτοιμος
2478 870 2677 925 ἐσεῖται
2749 873 2815 926 τὰ
2884 881 2987 942 τῆς
3042 874 3260 949 ἀγάπης
3312 873 3578 931 ἐνδείκνυ-

209 963 538 1041 ἀνάγκης,χαῖ
597 966 631 1032 ἡ
692 963 915 1037 ἀκαιρία
944 969 1177 1037 προσῆν·
1239 961 1501 1035 κρείσσων
1560 960 1663 1034 γὰρ
1722 961 1817 1033 βα·
1928 960 2068 1042 σθαι.
2126 959 2196 1012 Τὸ
2248 959 2351 1033 γὰρ
2412 957 2728 1028 σπουδαῖον,
2763 960 3032 1035 ἆφ’ᾧτις
3065 963 3385 1038 ὑπηρετοίη,
3420 966 3455 1035 ἢ
3489 966 3579 1042 φό-

207 1051 375 1119 σιλεὺς,
429 1050 505 1105 ὅτ’
561 1048 842 1124 ὀργίζοιτο
894 1048 1125 1123 χείρονι.
1186 1049 1287 1103 Καὶ
1343 1052 1509 1102 ταῦτα
1543 1048 1635 1120 μὶν
1681 1048 1818 1101 ὥστε
1926 1041 2026 1099 ϐυυ
2172 1048 2278 1119 μὴν
2310 1048 2521 1121 ἀγάπης
2580 1049 2975 1117 συνιπώντων,
3030 1052 3118 1105 καὶ
3170 1054 3305 1124 ἡμῖν
3340 1041 3576 1127 ἀνάγκης

206 1140 341 1209 δεῖξαι
388 1140 519 1211 μήτε
566 1140 634 1192 τὰ
680 1138 967 1211 ἀξιώματα
998 1135 1409 1198 σπουδάσαντας
1441 1142 1615 1210 σχεῖν,
1680 1138 1817 1208 μήτε
1924 1136 2138 1197 πάντως
2214 1132 2379 1205 οὔσης
2451 1136 2776 1209 ὑπηρετεῖν,
2832 1138 3066 1202 ἀπόντος
3123 1146 3219 1194 τοῦ
3278 1136 3451 1214 φόϐου
3506 1145 3574 1215 τῇ

199 1236 281 1297 τῆς
321 1227 399 1282 ἐπί
446 1247 590 1287 τινας
638 1228 747 1280 τῶν
801 1228 1138 1300 μεγιστάτων
1187 1230 1283 1279 τοῦ
1318 1224 1587 1299 βασιλέως
1648 1225 1813 1299 ὀργῆς
1925 1224 2109 1297 ἀγάπῃ
2167 1225 2229 1278 τὸ
2287 1230 2391 1278 πᾶν
2439 1227 2844 1299 περιστήσεται’
2902 1228 3185 1301 παρούσης
3244 1227 3301 1283 δὲ
3342 1236 3578 1304 καθαρᾶς

202 1315 389 1375 δικαίως
429 1310 568 1390 ἔχειν
630 1317 780 1387 ἡμᾶς
828 1314 1098 1368 αἰτιᾶσθαί
1149 1334 1318 1377 τινας.
1380 1310 1535 1367 ’Λλλ’
1591 1313 1658 1381 ἦν
1718 1316 1812 1385 μὲν
1923 1319 2023 1380 τῆς
2083 1312 2293 1387 ἀγάπης
2350 1314 2439 1367 καὶ
2492 1312 2779 1377 ἀοολώτου
2836 1315 2934 1370 οὑσ
2988 1314 3129 1371 ἔστιν
3159 1317 3304 1379 ὅστις
3332 1321 3577 1393 καθυφή-

194 1406 303 1465 ’ἶσως
352 1404 435 1458 καί
490 1403 739 1475 πταῖσμά
767 1425 897 1469 τινι,
930 1403 997 1471 ἦν
1038 1402 1083 1455 δ’
1125 1400 1321 1462 ἄλλοις
1350 1400 1439 1455 καὶ
1472 1401 1576 1455 οὐκ
1605 1401 1657 1455 ἐν
1686 1402 1812 1474 ἀγα-
1926 1421 2003 1455 σει
2056 1405 2153 1455 τοῦ
2210 1404 2347 1475 πρὸς
2402 1404 2500 1471 τήν
2563 1404 2857 1477 ὑπηρεσίαν
2892 1402 3289 1469 ἐπιϐάλλοντος
3320 1406 3457 1461 ὥστε
3485 1407 3575 1461 καὶ

199 1500 293 1558 eoi;
334 1492 544 1565 ὑποψία,
602 1494 674 1561 ἦν
731 1490 788 1547 δὶ
833 1492 921 1546 καὶ
978 1490 1247 1567 βασιλέως
1305 1489 1392 1544 ἐπί
1440 1511 1547 1543 τισι
1598 1489 1814 1562 θέλημα
1923 1488 2169 1561 ἀμελεῖν.
2226 1491 2329 1546 Καὶ
2386 1496 2605 1564 πρῶτον
2661 1494 2755 1565 μὲν
2820 1498 3004 1562 τοῦτο,
3067 1492 3313 1569 δεύτερον
3377 1492 3434 1549 δὶ
3483 1495 3574 1549 καὶ

198 1582 327 1654 θυμῷ
371 1580 856 1655 σογκροτοὺμενον.
906 1580 1001 1634 Καὶ
1051 1577 1222 1640 ἄλλος
1268 1579 1470 1653 ἀγαθὸς
1516 1577 1589 1631 ὣν
1628 1575 1814 1632 ἀδόκι-
1922 1576 2007 1633 ὅτι
2083 1579 2183 1632 ὑπὸ
2258 1579 2362 1650 νὲῳ
2433 1581 2811 1653 καθισταμένῳ
2882 1579 3117 1656 δεσπότῃ
3211 1582 3574 1658 βασιλευόμε-

200 1692 282 1741 μος
324 1667 456 1740 ἔδοξε
498 1670 583 1722 καὶ
619 1670 966 1743 παρώραται,
999 1668 1178 1736 ἥκιστ’
1230 1668 1376 1737 ἄξιος
1423 1662 1515 1721 ὤν.
1571 1668 1670 1723 Ἤν
1722 1667 1811 1719 οὖν
1920 1686 2040 1737 νει,
2101 1666 2182 1720 ὅτι
2241 1670 2331 1720 καὶ
2392 1670 2467 1739 μὴ
2539 1669 2826 1741 ἀναγκαίαν
2883 1668 3041 1723 οὖσαν
3092 1671 3190 1739 τὴν
3270 1671 3573 1748 εὐεργεσίαν

195 1758 376 1813 ἐκείνων
429 1760 612 1832 καιρὸς
649 1803 663 1823 ,
722 1757 863 1812 οὕτω
922 1754 1077 1826 δόξαν
1128 1761 1207 1828 τῷ
1263 1755 1527 1831 κρείττονι
1558 1799 1569 1811 .
1633 1753 1811 1810 Ἀλλά
1846 1794 1886 1857 Β
1918 1755 2017 1823 τήν
2064 1756 2153 1809 ἀπ’
2211 1755 2417 1809 ἐκείνου
2448 1758 2584 1831 πρὸς
2611 1757 2673 1811 τὸ
2708 1758 2949 1828 ὑπήκοον
2992 1760 3019 1812 6
3046 1760 3234 1833 καιρὸς
3279 1760 3571 1835 ἀναγκαίαν

194 1852 280 1913 νῦν,
332 1849 493 1918 οἶμαι,
554 1844 675 1901 ἔστι
732 1847 820 1900 καὶ
876 1853 977 1914 τῆς
1025 1846 1279 1912 ἀνέσεως,
1312 1842 1453 1901 Ἰδοὺ
1484 1843 1586 1917 γὰρ
1620 1845 1648 1898 ὁ
1678 1864 1808 1916 κρα-
1846 1842 1885 1857 “’
1918 1848 2085 1914 ποιεῖ,
2141 1843 2246 1918 οὐχ
2304 1845 2454 1906 ὅπως
2503 1844 2828 1919 ἐκφύγοιμεν
2886 1851 3065 1908 κακῶς
3111 1849 3298 1901 παθεῖν
3336 1846 3571 1920 μελλον-

191 1941 277 1990 τῶν
320 1934 574 2003 ἐκποδὼν,
632 1937 718 1989 καὶ
773 1936 801 1989 6
846 1935 895 2005 ἐξ
928 1934 1131 1989 ἐκείνου
1174 1934 1321 2006 ἄξιος
1376 1935 1565 2009 ἄρχειν
1621 1933 1809 2007 μεῖράξ
1915 1954 2004 1995 τες
2039 1936 2398 2006 ζητήσαιμεν,
2447 1933 2572 1989 ἀλλ’
2605 1934 2753 1997 ὅπως
2812 1934 2868 1990 εὖ
2927 1942 3117 2000 παθεῖν
3175 1939 3310 2009 ἡμῖν
3358 1937 3566 2013 γένοιτο

194 2025 327 2095 ἐστιν,
368 2026 436 2083 ὡς
481 2026 669 2097 ὁρᾶτε,
718 2023 807 2077 καὶ
854 2021 942 2077 διὰ
986 2027 1153 2077 τοῦτο
1192 2021 1412 2091 πολλῆς
1474 2023 1569 2093 μὲν
1596 2026 1810 2081 πιστοῖς
1917 2020 2238 2095 ἐλπίζοιμεν
2289 2020 2723 2098 προσδοκῶντες.
2790 2024 3060 2097 Ἐτοίμως
3132 2023 3189 2079 δὲ
3243 2026 3333 2080 καὶ
3386 2027 3565 2101 ὧνπερ

193 2114 286 2166 οὖσι
314 2120 403 2180 τῆς
432 2112 512 2166 ἐπ’
537 2112 691 2183 αὑτῷ
724 2109 804 2166 δεῖ
835 2109 1139 2189 φροντίδος,
1181 2118 1388 2185 συχνῆς
1440 2108 1496 2164 δὲ
1536 2116 1635 2178 τῆς
1686 2110 1809 2163 ἐπι-ο
1916 2106 2139 2172 ἕκαστος
2197 2112 2363 2182 θέλει,
2422 2112 2466 2166 εἰ
2529 2112 2692 2185 μόνον
2726 2112 2871 2183 ἄξιος
2914 2115 3180 2189 κρίνοιτο,
3210 2120 3398 2189 τυχεῖν
3432 2112 3566 2187 ἔστι,

196 2199 401 2272 μελείας,
465 2200 538 2263 ὡς
596 2200 662 2254 ἃν
713 2199 801 2255 καὶ
845 2201 982 2274 πρὸς
1035 2200 1160 2262 τοὺς
1191 2199 1340 2263 ἐντὸς
1369 2201 1460 2254 καὶ
1490 2199 1630 2274 πρὸς
1679 2196 1807 2260 τοὺς
1918 2199 2005 2253 καὶ
2057 2200 2119 2253 τὸ
2178 2197 2403 2273 δαψιλὲς
2456 2208 2555 2270 τῆς
2606 2202 2907 2277 εὐεργεσίας
2962 2202 3269 2277 προσέσται.
3306 2205 3436 2265 Νὲος
3466 2204 3566 2280 γάρ

193 2289 315 2350 ἕκτος
351 2292 635 2365 ἀγρυπνεῖν
692 2288 995 2367 ὀφείλουσι,
1060 2291 1135 2362 μή
1195 2309 1309 2349 πως
1368 2286 1531 2342 λαθόν
1590 2307 1642 2340 τι
1698 2292 1806 2341 τῶν
1919 2286 1992 2340 ὣν
2026 2288 2053 2341 ὁ
2082 2293 2295 2363 κρατῶν
2327 2290 2417 2343 καὶ
2450 2288 2553 2344 ὑπὸ
2585 2288 2856 2364 κηδεμόσι
2883 2289 3055 2345 τελῶν
3086 2296 3155 2365 τῇ
3201 2293 3294 2364 μὶν
3342 2294 3570 2367 σφετέρᾳ

193 2378 457 2448 ἀνηκέστων
506 2378 759 2453 γενηται.
814 2384 994 2440 Ὅπως
1055 2375 1112 2432 δὲ
1168 2377 1258 2431 καὶ
1302 2375 1487 2439 καλῶς
1541 2371 1658 2450 ἔχει
1719 2374 1808 2429 καὶ
1924 2374 2213 2451 βουλήσει,
2269 2379 2388 2441 ὅθεν
2447 2376 2723 2441 πολλάκις
2758 2379 2846 2435 καὶ
2877 2381 2938 2434 τὸ
2971 2379 3304 2457 σφάλλεσθαι
3337 2380 3567 2455 πρὸςτὸ

194 2466 364 2522 δίκαιον
390 2466 713 2543 πιστοτέραν
767 2468 865 2536 τὴν
918 2467 1212 2537 ὑπηρεσίαν
1244 2467 1402 2536 νῦνῆ
1442 2466 1505 2520 τὸ
1544 2464 1809 2539 πρότερον
1917 2464 2123 2537 πρέπον
2197 2467 2360 2538 ἐστὶν,
2436 2468 2766 2543 ἀρχοντικοῦ
2838 2469 3009 2547 τύφου
3081 2468 3209 2532 τοὺς
3265 2469 3565 2546 λογισμοὺς

194 2563 438 2632 συντηρεῖν
466 2562 544 2629 τῷ
577 2554 926 2629 δεσπόζοντι,
958 2554 1111 2611 οὐδὲν
1155 2552 1613 2627 ὑποστειλάμενος
1648 2552 1806 2623 λέξω.
1922 2548 2357 2627 ὑπερϐαίνοντος,
2391 2555 2503 2630 οὐχ
2544 2556 2647 2627 ἓξει
2704 2558 2891 2632 χώραν
2925 2555 3153 2615 διδόναι.
3208 2562 3339 2621 Τοῖς
3385 2557 3443 2613 δὲ
3472 2581 3569 2629 κη-

194 2740 812 2813 άθίθάθίττθρεηδίῖθε
854 2740 905 2797 εί
964 2740 1199 2797 inmota
1264 2744 1425 2807 sunt.
1485 2739 1609 2794 εῖοθ
1668 2753 1809 2825 οοη·
1924 2771 2133 2812 navare
2163 2757 2461 2813 communi
2492 2758 2752 2825 domino,
2775 2759 2923 2815 nihil
2947 2760 3562 2817 dissimulansdicam.

191 2846 359 2895 sensu,
386 2832 507 2886 sine
540 2830 726 2901 culpa
747 2835 885 2886 sunt
911 2835 1112 2886 nostra
1140 2829 1395 2899 inflictae,
1420 2827 1545 2884 sola
1562 2831 1618 2883 et
1639 2824 1784 2881 nobi:

1967 2844 2298 2902 rimumilla
2336 2846 2685 2919 simplicitas
2706 2849 2951 2914 domini,
2975 2849 3186 2921 puerili
3209 2849 3560 2916 sinceritate,

187 2917 503 2973 ίηθῘυείεδίῙί
538 2920 848 2990 τεεηεωιῑε
880 2918 1198 2974 νοῘυοίειίθο
1224 2918 1386 3008 Dicd-
1406 2916 1619 3008 ειῙίίΙυῘε
1644 2934 1665 3008 ξε
1700 2916 1803 3008 PF"
1914 2935 2042 2991 sine
2074 2939 2194 2990 arte
2228 2936 2361 2990 fuco
2400 2916 2634 3007 quidvis
2692 2938 2941 3008 agentis,
2975 2916 3132 2991 nihil
3192 2937 3561 3000 occultando,

185 3010 277 3060 tuit
305 3009 504 3063 talibus
536 3024 802 3080 premens
824 3009 1076 3078 objicere
1101 3024 1163 3063 se
1195 3007 1453 3063 medium
1487 3009 1544 3060 et
1574 3006 1778 3077 injuria

1967 3022 2060 3076 .hil
2090 3006 2427 3078 clanculum
2454 3028 2557 3078 aut
2588 3006 2798 3081 arcane
2830 3026 3244 3089 machinando,
3279 3025 3425 3079 nihil
3460 3041 3560 3079 su-

189 3056 275 3060 ”““”
306 3056 503 3063 ‘—""‘
538 3056 594 3080 Γ·
618 3056 800 3063 ””““”¹¹”
828 3056 1073 3078 ⁷’νιΙ“““’⁷
1101 3056 1161 3063 ⁷⁷
1195 3056 1453 3063 “““⁷“”“’”⁷“
1492 3056 1541 3060 ’⁷
1576 3056 1799 3077 ”“υ“’“““
1836 3056 1878 3123 C
1915 3056 2060 3078 υιυιι
2090 3056 2420 3078 υιαυυυιυιυ
2454 3056 2557 3078 CUI!
2588 3056 2798 3081 αιυαυῠ
2830 3056 3244 3089 ιιιαυυιυαυυυ,
3279 3056 3425 3079 υιυιι
3460 3056 3558 3079 au-

182 3096 394 3151 obstare.
418 3096 757 3164 P0tuit,sed
783 3094 1799 3168 patientibusinutiliter,sibinoxie:
1913 3110 2164 3183 ερίοίοεθ
2224 3110 2536 3182 cogitando
2589 3112 2658 3167 de
2718 3112 2789 3168 iis
2848 3129 2975 3184 qua
3036 3113 3256 3167 subditi
3317 3112 3558 3183 faciunt,

184 3201 319 3239 suam
350 3186 497 3240 enim
528 3185 623 3241 sic
657 3185 951 3241 fortunam
976 3188 1265 3257 perderet,
1299 3184 1501 3241 alienae
1530 3202 1642 3241 non
1673 3201 1776 3256 pro

1963 3200 2046 3254 Jid
2082 3198 2239 3253 aliud
2271 3216 2445 3268 quam
2474 3200 2655 3255 trahit
2684 3204 2744 3255 et
2781 3200 3138 3257 ineluctabili
3163 3201 3417 3273 quadam
3445 3199 3556 3272 pel-

186 3272 364 3328 deeset.
398 3275 495 3329 Vis
526 3279 739 3330 contra
773 3276 957 3345 major
986 3280 1041 3330 et
1072 3276 1288 3330 invicta
1319 3274 1636 3329 necessitas
1667 3289 1779 3328 ruet

1962 3286 2056 3342 cia
2088 3286 2242 3358 rapit
2271 3287 2340 3342 ad
2377 3303 2505 3343 sese
2537 3288 2801 3343 omnium
2828 3272 3312 3357 benevolentiam,
3337 3288 3555 3357 studia,

185 3361 279 3428 bat,
305 3364 588 3419 obstantia
648 3379 892 3435 quaeque
923 3367 1295 3435 perruptura.
1324 3361 1599 3417 Przevalet
1638 3361 1778 3417 enitr

1967 3374 2254 3430 nerrimos
2280 3374 2547 3444 atl‘ectus,
2573 3376 2777 3447 utique
2807 3392 2946 3448 erga
2972 3376 3131 3432 omni
3155 3378 3269 3447 iam
3304 3394 3373 3432 ex
3397 3381 3558 3447 parte

188 3466 286 3515 NX,
312 3467 432 3505 cum
477 3451 784 3507 imbecillo
830 3452 1123 3507 li‘ﬂSCltUI‘.
1156 3456 1288 3507 Ηδεο
1347 3451 1503 3506 dicta
1560 3450 1699 3515 sint,
1731 3454 1796 3505 ιιι
1905 3463 2218 3519 amabilem
2256 3463 2602 3535 principatu,
2638 3481 2671 3520 α
2700 3481 2815 3536 quo
2841 3481 3014 3521 nemo
3046 3465 3369 3536 quidquam
3403 3465 3555 3535 quod

181 3539 574 3597 ἀθωοηείπθῖυῐ·
623 3557 812 3613 neque
840 3541 995 3613 (μιοά
1053 3540 1389 3613 dignitates,
1422 3556 1539 3595 non
1594 3541 1793 3595 είυάίο
1905 3552 2051 3608 nolit
2073 3569 2383 3623 passurum
2401 3569 2529 3609 sese
2547 3552 2628 3608 vel
2651 3552 2960 3625 cogitando
2979 3554 3168 3625 possit
3190 3553 3559 3622 ﬁngereiEx-

180 3630 434 3697 quam“,
458 3630 889 3702 acceperimus,
922 3646 1111 3700 neque
1151 3629 1200 3685 εί
1232 3646 1358 3701 qua3
1394 3629 1579 3683 imi-"9
1630 3628 1793 3699 Ρτίο-
1902 3639 2066 3696 cluso
2086 3646 2281 3695 autem
2302 3646 2460 3697 metu
2476 3642 3259 3714 omnirestatpuracharitas
3278 3642 3552 3709 etlibera,

178 3730 289 3786 ceps
316 3734 453 3773 saeve
484 3719 543 3773 in
562 3719 854 3791 quosdam
872 3718 1218 3790 optimatum
1245 3718 1573 3789 infesteque
1594 3718 1771 3773 decre

1959 3730 2071 3800 ljUS
2104 3728 2289 3785 solius
2311 3746 2592 3801 generoso
2616 3747 2683 3785 ac
2715 3730 2995 3785 laudabili
3029 3730 3283 3801 impulsu
3308 3747 3552 3801 pronum

178 3804 314 3871 verit,
343 3807 567 3863 crimini
602 3807 774 3864 nobis
822 3808 1044 3878 justea
1088 3824 1384 3880 quoquam
1417 3806 1560 3862 verti
1596 3821 1787 3877 posse.
1899 3822 1988 3873 est
2016 3818 2114 3873 45
2149 3822 2213 3872 ut
2242 3818 2505 3873 studium
2539 3818 2792 3890 quisque
2824 3818 3165 3874 ostendatin
3202 3818 3553 3891 principem,

176 3891 263 3946 Sed
292 3892 370 3948 vel
395 3894 484 3951 his
515 3912 760 3951 causam
795 3896 1106 3967 praibuerit
1144 3896 1278 3966 quis
1310 3900 1411 3951 44
1440 3894 1609 3966 lapsu
1643 3912 1791 3965 quo-
1900 3906 2055 3961 unde
2086 3906 2239 3977 quod
2273 3907 2383 3962 sibi
2418 3912 2637 3962 metuat
2665 3907 2835 3977 plane
2866 3907 3012 3962 nihil
3044 3912 3153 3962 est.
3187 3907 3338 3962 Sane
3379 3909 3552 3963 obse-

177 3978 286 4034 dam
317 3998 416 4037 8υο
449 3983 637 4049 ςᾶῙίοε
666 3990 947 4055 umquam
982 4002 1098 4041 non
1131 3984 1311 4041 b01109
1346 3984 1488 4039 ίθιῖεᾶ
1530 3984 1787 4054 suspicio
1898 3994 2038 4065 quia
2067 3994 2279 4050 civium
2312 3995 2371 4049 in
2406 4011 2569 4067 reges
2602 3995 2812 4050 harum
2848 3996 2967 4050 fere
3008 3995 3191 4051 altera
3242 4013 3556 4051 causarum

177 4068 462 4126 traduxerit
490 4091 505 4137 ;
537 4074 854 4128 excesserit
884 4073 1137 4144 denique
1167 4073 1226 4127 in
1266 4073 1497 4144 aliquos
1530 4073 1617 4127 ira
1646 4088 1785 4127 con-
1897 4087 2110 4150 movet,
2144 4084 2322 4137 timor
2352 4088 2453 4138 aut
2476 4082 2964 4145 οῂατίιαε,ουωιθ
2992 4100 3125 4138 cum
3154 4100 3309 4138 nunc
3334 4084 3555 4137 οοηειί-

175 4155 381 4213 sultrice
412 4177 526 4215 non
555 4160 715 4215 ﬁdeli
751 4179 859 4217 usa
916 4162 1186 4218 voluntas
1218 4162 1521 4233 principis.
1567 4162 1787 4233 Perque
1896 4175 2032 4226 terit
2063 4169 2259 4225 timori
2287 4170 2515 4225 nullum
2541 4169 2733 4226 locum
2765 4187 2913 4239 esse,
2950 4171 3218 4242 sequitur
3248 4171 3303 4226 id
3363 4175 3549 4227 totum

175 4242 368 4300 similes
397 4246 488 4303 his
518 4265 734 4305 causas
766 4251 1021 4304 evenerit
1053 4256 1116 4305 ut
1171 4251 1270 4321 qui
1305 4251 1495 4305 bonus
1524 4255 1649 4305 erat
1682 4266 1785 4321 pro
1896 4260 2310 4333 imputandum
2336 4261 2631 4316 charitati.
2655 4261 2759 4316 Ubi
2782 4266 2979 4318 autem
3008 4263 3175 4317 adest
3199 4279 3332 4318 vera
3354 4267 3409 4317 et
3430 4262 3552 4317 sin-

173 4340 408 4404 suspecto
422 4338 1192 4409 rejiceretur,przeteriretur
1208 4355 1324 4393 non
1350 4339 1546 4394 minus
1564 4339 1784 4409 dignus
1896 4365 2025 4404 cera
2041 4349 2317 4416 Charitas,
2335 4349 2457 4403 ﬁeri
2474 4366 2586 4404 non
2604 4354 2795 4421 potest
2813 4356 2874 4404 ut
2890 4350 3214 4422 quidquam
3236 4351 3551 4423 quisquam

170 4429 461 4495 “sumpto-
496 4425 593 4481 Sic
625 4431 749 4481 tum
780 4432 948 4482 erant
981 4435 1260 4498 tempore.
1294 4427 1389 4482 Sic
1424 4432 1563 4483 tunc
1596 4427 1785 4483 visum
1820 4423 1864 4487 D
1898 4443 2147 4505 recuset,
2194 4439 2519 4509 quidquam
2555 4438 2812 4509 negligat
2842 4456 3044 4494 eorum
3080 4457 3205 4510 qua:
3255 4441 3327 4495 ad
3386 4439 3549 4495 illius

170 4523 430 4600 summam
464 4514 707 4569 habenti
732 4520 1099 4586 potestatem.
1134 4521 1208 4569 At
1231 4517 1518 4585 praeterito
1550 4515 1632 4570 illi
1659 4516 1784 4584 jam
1899 4542 2073 4597 quem
2108 4543 2237 4581 vere
2261 4527 2452 4597 diligit
2480 4527 2830 4596 obsequium
2859 4528 3174 4598 pertinent.
3202 4528 3402 4583 Altera
3423 4545 3548 4600 quae

168 4598 379 4668 tempori
412 4600 574 4657 aliud
601 4603 885 4658 successit
908 4603 1076 4675 plane
1098 4604 1417 4672 diversum,
1442 4609 1675 4677 tempus
1701 4624 1757 4661 re

1955 4615 2053 4669 10d
2087 4616 2360 4687 proposui
2392 4616 2601 4670 suadet
2634 4616 2804 4684 ratio,
2830 4616 2949 4671 haec
2976 4620 3084 4672 est.
3122 4617 3344 4673 Recens
3378 4598 3548 4672 insti-

170 4684 433 4777 missionis
462 4697 524 4745 et
554 4693 911 4747 securitatis.
950 4693 1089 4747 Ecce
1146 4693 1247 4764 qui
1306 4698 1446 4748 tunc
1504 4695 1787 4765 regnabat
1896 4684 2023 4758 tuto
2059 4684 2305 4775 principi
2344 4704 2735 4759 beneﬁcentia
2764 4705 2820 4759 in
2856 4706 3263 4771 subditos,alio
3294 4716 3551 4777 tempore

170 4773 408 4860 sublatus
437 4795 467 4834 e
500 4780 695 4835 medio
717 4790 802 4835 est
828 4797 840 4836 :
868 4782 919 4836 ei
979 4783 1267 4837 successit
1295 4799 1361 4837 ex
1393 4782 1490 4838 illo
1549 4784 1783 4853 genitus
1896 4773 2102 4860 libera,
2135 4773 2455 4847 talirerum
2479 4792 2727 4847 articulo
2753 4794 3082 4849 necessaria
3101 4795 3185 4851 ﬁt.
3219 4795 3340 4850 Non
3377 4773 3551 4851 modo

169 4859 354 4954 dignus
383 4866 652 4938 imperio.
688 4874 839 4925 Puer
869 4876 976 4937 est,
1012 4875 1077 4926 ut
1106 4871 1335 4927 videtis.
1380 4875 1623 4943 Propter
1678 4872 1787 4927 hoc
1896 4859 2263 4952 igiturmetu
2290 4898 2586 4948 vacamus,
2613 4882 2712 4937 sed
2737 4882 2793 4936 in
2812 4900 2945 4952 spes
2970 4884 3223 4954 optimas
3249 4900 3545 4952 vocamur;

170 4948 389 5008 ﬁdorum
412 4955 675 5026 plurium
703 4963 833 5029 eget
854 4976 1015 5025 cura,
1041 4959 1329 5032 frequenti
1354 4960 1528 5015 etiam
1553 4965 1610 5016 et
1632 4961 1786 5017 solli-
1897 4948 2002 5025 nec
2032 4973 2153 5025 tota
2193 4974 2390 5025 nostra
2420 4970 2478 5024 in
2526 4948 2901 5026 securitate—a
2934 4948 3086 5026 malo
3137 4972 3382 5027 felicitas
3442 4948 3549 5027 sita

170 5037 261 5133 cita
283 5041 608 5133 diligentia.
638 5046 1131 5104 Custodibustam
1156 5049 1316 5104 chari
1340 5048 1550 5120 capitis
1591 5049 1784 5106 inten-
1895 5064 2004 5127 est,
2038 5057 2252 5128 quibus
2283 5064 2558 5129 praetcrea
2620 5064 2947 5115 ostentetur
2996 5061 3354 5130 expectanda
3380 5061 3545 5133 copia

170 5125 331 5219 dende
358 5133 559 5203 vigilia
590 5140 697 5206 est,
724 5144 843 5191 tarn
870 5138 928 5192 in
953 5154 1052 5193 eos
1079 5138 1178 5209 qui
1214 5138 1373 5193 intus
1399 5155 1575 5210 quam
1604 5139 1663 5193 in
1691 5155 1787 5195 cos
1896 5125 2207 5201 bonorum.
2245 5125 2305 5201 In
2342 5153 2615 5218 promptu
2658 5154 2746 5202 est
2769 5149 2922 5218 quod
2955 5125 3147 5219 quivis
3179 5154 3360 5219 optat.
3396 5125 3549 5203 Velit

169 5216 410 5307 quil‘oris
442 5228 607 5291 sunt,
642 5243 713 5281 ne
762 5227 910 5295 quod
973 5228 1023 5281 ei
1080 5226 1352 5282 alicunde
1410 5228 1628 5283 malum
1671 5230 1787 5284 im-
1896 5234 2089 5301 modo,
2124 5216 2362 5290 accedat
2396 5216 2697 5306 :accipiet,
2726 5216 3011 5306 sidignu‘s
3032 5237 3363 5307 judicelur;
3398 5237 3547 5292 votis

169 5306 481 5397 medicabile
511 5311 661 5369 clam
702 5315 964 5387 obrepat.
1026 5318 1245 5371 Causas
1304 5333 1494 5387 porro,
1545 5334 1650 5373 cur
1699 5320 1786 5373 fas
1896 5326 2165 5396 quamvis
2221 5323 2408 5379 avidis
2466 5330 2731 5379 occurret
2790 5306 3307 5397 largitasminime
3366 5324 3547 5394 avari,

166 5396 453 5485 et‘zequum
479 5401 605 5470 juri
636 5408 693 5458 et
724 5403 917 5458 ofﬁcio
949 5409 1410 5460 consentaneum
1444 5406 1520 5461 sit
1554 5407 1785 5463 ﬁdelius
1895 5413 2379 5484 quippcjuvenis,
2405 5413 3110 5485 principis,ejusdemquc
3136 5431 3247 5469 non
3300 5412 3541 5483 proprio

171 5480 539 5572 ministerium
576 5490 1043 5564 obsequiumque
1075 5494 1445 5550 constantius
1480 5497 1697 5567 pariter
1726 5503 1783 5553 ct
1895 5480 2135 5557 arbitrio
2166 5517 2256 5556 res
2290 5502 2882 5572 dispensantis.Quod
2917 5501 2963 5556 si
2998 5508 3171 5571 esset,
3205 5499 3395 5556 timeri
3416 5515 3540 5555 ma-

167 5569 391 5632 alacrius
423 5595 585 5634 nunc
613 5600 789 5653 quam
816 5590 985 5640 antea
1008 5601 1268 5655 unquam
1294 5586 1560 5643 exhibere
1592 5605 1697 5644 nos
1721 5605 1788 5644 ac
1894 5591 1984 5663 gis
2018 5595 2212 5662 posset
2242 5607 2313 5646 ne
2369 5590 2456 5645 illi
2490 5609 2597 5647 sua
2654 5607 2757 5663 per
2798 5607 2859 5646 se
2912 5592 3181 5645 tractanti
3240 5590 3545 5659 obreperet
