4034 6200
389 310 494 367 479

1691 302 1989 356 GEORGII
2029 297 2495 354 PACHYMBRB

3709 295 3827 354 £80

387 432 606 507 δεμόσιν
655 429 768 484 ἔστι
827 428 917 481 καὶ
973 424 1291 500 προσελθεῖν
1325 424 1385 480 lx
1425 422 1521 479 τοῖ’)
1552 430 1918 500 παραχρῆμα,
1951 421 2039 476 καὶ
2072 435 2126 502 Α
2155 420 2461 496 παρρησίας
2513 422 2603 476 καὶ
2656 428 2758 491 τῆς
2824 421 3212 495 προσηκούσης
3283 421 3617 507 ἐλευθερίας,
3647 420 3823 477 εἰπεῖν

389 522 537 594 νύξαι
590 519 822 590 λέγοντα
861 516 1268 590 συνεχέστερον.
1329 517 1453 571 Τῶν
1513 518 1602 568 νῦν
1664 513 1904 582 ἐλπίζειν
1961 511 2045 565 ἰν-

389 612 570 666 τεῦθεν
605 604 805 682 ῥᾳδίως
864 611 1054 680 τυχεῖν
1096 606 1170 657 ὦν
1230 602 1413 676 ἓραταί
1470 624 1575 670 τις,
1629 609 1750 660 πῶς
1793 602 1859 655 οὐ
1913 599 2047 673 μετᾶ

393 698 674 773 ῥᾳστώνης
715 694 926 764 ἀπάσης
978 691 1294 748 δουλευτέον
1322 696 1400 763 τῷ
1454 690 1705 766 βασιλεῖς
1757 689 1934 765 χωρὶς
1990 685 2048 742 δὲ

389 786 620 853 τούτων,
676 785 766 838 καὶ
825 787 1018 837 σιωπῶ
1074 782 1140 835 τὰ
1195 780 1447 849 πλεῖστα,
1499 781 1623 835 τότε
1683 780 1779 850 μὶν
1835 779 2046 852 γὰρκαὶ

391 872 512 936 δέος
543 875 609 942 ἧν
647 874 723 944 μή
757 871 1106 946 κατορθώσας
1162 871 1551 944 παρακρουσθῇ
1591 890 1696 936 τις,
1729 865 1915 922 ἄλλων
1947 867 2046 934 τήν

394 962 684 1038 βασιλικὴν
721 961 1174 1031 ὑποποιουμένων
1209 959 1390 1032 ὁρμὴν
1438 957 1666 1030 τρόποις
1729 959 1811 1017 οἷς
1868 956 2045 1028 ἐκείνῃ

388 1051 592 1129 πέφυκε
620 1051 968 1117 κλέπτεσθαι,
1017 1047 1106 1103 καὶ
1166 1045 1255 1102 διὰ
1307 1051 1466 1102 τοῦτο
1521 1044 1631 1100 οὔτ’
1692 1047 1758 1114 ἦν
1804 1042 2048 1099 σπουδά-

394 1147 498 1210 ζειν
557 1139 646 1194 ἐπὶ
700 1141 761 1194 τὸ
823 1144 1007 1210 μεῖζον
1060 1137 1094 1205 ἢ
1153 1139 1289 1191 κατὰ
1343 1135 1470 1200 τοὺς
1535 1133 1740 1196 ἄλλους
1799 1132 2049 1207 πράττειν

389 1231 697 1305 πειρᾶσθαι,
751 1232 847 1282 τοῦ
907 1225 1205 1300 δυνάμενου
1263 1226 1439 1298 λέγειν
1493 1226 1630 1300 πρὸς
1679 1222 1902 1298 βασιλέα
1958 1219 2049 1275 καί

396 1323 690 1393 μαρτυρεῖν
746 1318 993 1389 καθαρῶς
1053 1315 1150 1370 οὐκ
1209 1310 1366 1377 ὄντος
1400 1358 1413 1383 ,
1472 1314 1557 1368 καὶ
1615 1315 1843 1385 μάταιος
1883 1312 1950 1380 ἦν
2009 1313 2044 1379 ἡ

393 1404 603 1474 σπουδῆ
680 1410 758 1478 τῷ
816 1402 1171 1472 σπουδάζοντι
1225 1401 1722 1479 παραλογιζομένῳ
1770 1398 2046 1460 πολλάκις

389 1494 480 1549 καὶ
543 1494 901 1567 ζημιουμένῳ
952 1495 1050 1561 τὴν
1109 1491 1190 1570 ἐφ’
1251 1492 1332 1553 οἷς
1390 1489 1610 1564 ἔπραξεν
1667 1485 2044 1561 εὐδοκίμησιν.

391 1583 496 1638 Νὖν
570 1581 618 1637 δ’
673 1581 801 1637 ἀλλ’
860 1582 948 1636 ἐπὶ
1006 1587 1114 1636 τῶν
1173 1578 1495 1652 κηδεμόνων
1549 1583 1656 1634 τῶν
1708 1578 2043 1653 πραγμάτων

387 1671 733 1744 τελουμένων
783 1670 967 1731 καλῶς
1022 1669 1082 1723 ἂν
1110 1667 1234 1745 ἔχοι
1284 1669 1382 1737 τὴν
1416 1669 1640 1723 ἑκάστου
1673 1664 1913 1734 σπουδήν
1946 1687 2046 1743 φα-

2153 511 2227 571 ὡς
2283 509 2464 580 ἀληθῆ
2524 509 2757 583 λέξοντι.
2789 511 2927 586 Ἐγὼ
2959 507 3074 564 οὔτ’
3099 507 3261 572 ἰδίαις
3311 511 3400 564 καὶ
3452 505 3822 574 αὖτοϐούλοις

2151 601 2529 674 προαιρέσεσιν
2571 599 2700 655 οὔτε
2751 602 2860 673 μὴν
2913 605 3100 672 σκοπῷ
3145 601 3382 654 τινικαὶ
3431 598 3639 673 μελέτῃ
3692 607 3817 664 ταῖς

2149 693 2247 743 τοῦ
2299 689 2572 764 βασιλέως
2625 691 2981 765 προσανέχειν
3032 689 3352 764 έπιτροπαῖς
3398 686 3642 763 ᾒρημαι,
3677 689 3827 745 ἀλλὰ

2151 783 2369 852 πρῶτον
2408 780 2504 851 μὲν
2529 779 2821 842 ἐπιστολὰς
2849 777 3082 853 πληρῶν
3133 776 3430 853 βασιλέως,
3489 773 3682 832 ἔπειτα
3739 776 3819 833 δέ.

2153 864 2314 922 Ἀλλ’
2373 867 2434 922 οὗ
2499 867 2776 942 βούλομαι
2826 866 3028 942 λέγειν.
3090 867 3242 935 Πλὴν
3301 867 3390 921 καὶ
3441 867 3595 939 ὑμῶν
3627 865 3828 930 θελόν-

2150 977 2284 1023 των,
2339 955 2482 1010 οὕτω
2538 957 2629 1011 καὶ
2663 958 2827 1028 μόνον
2859 957 3219 1032 προσανέχειν
3266 955 3356 1011 καὶ
3394 953 3474 1010 ἔτι
3517 961 3642 1017 ταῖς
3696 955 3822 1010 ἐπι-

2149 1050 2378 1119 τροπαῖς
2414 1044 2709 1119 βούλομαι.
2742 1046 2806 1101 Ei
2835 1044 2882 1100 δ’
2938 1045 3051 1114 οὖν,
3085 1043 3210 1100 ὅλλ’
3243 1046 3394 1118 ὑμεῖς
3433 1048 3528 1117 μὲν
3566 1047 3661 1099 τὸν
3693 1043 3822 1099 ἐπι-

2151 1132 2521 1207 τροπεύσοντα
2569 1135 2838 1211 ἐφιστᾶτε,
2891 1135 3014 1206 ἐμοὶ
3047 1132 3094 1189 δ’
3144 1133 3355 1210 ἀρκέσει
3385 1134 3445 1189 τὸ
3501 1133 3585 1188 ἐπ’
3642 1132 3819 1207 ἐσχά-

2152 1243 2268 1285 τοις
2321 1224 2639 1278 τάττεσθαι.
2722 1221 2830 1278 Κὲὶν
2889 1245 2973 1285 τις
3019 1225 3119 1292 τὴν
3182 1223 3472 1299 βασιλικὴν
3530 1224 3821 1294 σωτηρίαν

2153 1311 2470 1384 πρεπόντως
2546 1312 2869 1388 πολυωροῖη
2947 1312 3037 1368 καὶ
3109 1311 3426 1375 ἶδιωτεῦσας
3500 1312 3823 1386 ἀγαπήσω,

2151 1403 2238 1455 καὶ
2300 1401 2738 1476 προσλιπαρήσω
2788 1403 2864 1474 μή
2926 1401 3228 1477 ὀργίζεσθαι
3283 1403 3375 1457 τὸν
3409 1399 3716 1471 δεσπότην,
3777 1401 3825 1456 εἰ

2154 1486 2345 1544 λυπεῖν
2367 1511 2518 1552 τινας
2552 1492 2702 1564 ὑμῶν
2737 1489 2929 1560 δοκοίη
2987 1492 3050 1546 τὸ
3107 1491 3235 1565 ἐμὸν
3268 1490 3500 1564 ἀξίωμα.
3546 1493 3824 1564 Κρεῖσσον

2151 1580 2252 1652 γὰρ
2309 1580 2384 1640 ὡς
2431 1575 2526 1633 ἵνα
2588 1584 2697 1634 τῶν
2757 1585 3103 1655 στρατιωτῶν
3159 1581 3590 1656 ἐξυπηρετοῦντα
3651 1580 3828 1656 ἀσφα-

2155 1666 2265 1728 λῶς
2299 1665 2502 1741 διάγειν
2640 1664 2796 1746 φόϐῳ
2844 1669 2932 1723 καὶ
2985 1671 3270 1731 ὑπονοίαις
3329 1671 3446 1742 μετ’
3493 1669 3825 1741 ἀξιώματος

388 1762 546 1837 νεραν
607 1764 744 1816 εἶναι
801 1757 890 1813 καὶ
949 1764 1063 1820 τοῖς
1120 1759 1394 1831 ἀμείνοσιν
1456 1752 1892 1829 ἀνταμείϐεσθαι.
1952 1756 2045 1809 Διὸ
2077 1797 2124 1862 Β
2156 1755 2272 1828 ζῇν.
2326 1754 2465 1810 Ἰδοὺ
2506 1757 2684 1811 τοίνυν
2730 1761 2846 1812 κατ’
2900 1759 3107 1832 ἀγαθὴν
3147 1755 3360 1821 πάντως
3417 1759 3690 1834 πρόνοιαν
3717 1763 3823 1813 τοῦ

459 1853 471 1862 ι
658 1848 682 1862 ἢ
794 1851 804 1862 ι
943 1851 956 1862 ι
1018 1854 1042 1862 -
1152 1848 1165 1862 Ὦ
1247 1849 1260 1862 ι
1354 1848 1367 1862 1
1465 1842 1488 1862 ν
1642 1848 1655 1862 \
1733 1848 1745 1862 ς
1823 1847 1850 1862 n
1951 1843 1971 1862 Χ
1997 1845 2006 1862 Ι
2161 1851 2192 1862 Α
2261 1848 2286 1858 αι
2395 1845 2407 1862 1
2494 1847 2507 1862 κ
2575 1847 2588 1862 ο
2666 1848 2677 1862 1
2908 1846 2920 1862 9
3028 1849 3051 1862 Α
3087 1853 3109 1862 -
3235 1848 3249 1862 ι
3338 1849 3350 1862 l
3768 1850 3785 1862 ι

388 1853 476 1907 καὶ
512 1848 874 1905 σπουδαστέον
932 1851 1094 1921 ἡμῖν,
1148 1848 1262 1903 ἐπεὶ
1314 1848 1411 1902 οὐκ
1463 1842 1572 1901 ἔστι
1601 1848 1665 1901 τὸ
1693 1848 1784 1900 τὸν
1822 1843 2048 1921 βασιλέα

391 1938 644 2007 δεδιέναι,
675 1940 738 1993 τὸ
764 1939 896 2004 ὑπὲρ
927 1942 1022 1992 τοῦ
1059 1938 1326 2012 βασιλέως
1387 1931 1690 2013 φοϐεῖσθαι,
1743 1936 1816 1996 ὡς
1868 1933 2040 1988 ἐντεῦ-

386 2031 472 2083 θεν
522 2027 558 2096 ἢ
619 2027 696 2096 εὗ,
767 2026 812 2080 εἰ
854 2028 1068 2095 σώζοιτ’
1127 2025 1350 2094 ἐκεῖνος,
1406 2025 1441 2093 ἢ
1493 2029 1693 2094 κακῶς,
1747 2023 1792 2079 εἷ
1828 2025 1904 2096 μὴ
1936 2023 2045 2077 σώ-

389 2123 561 2188 ζοιτο,
629 2117 765 2188 ἡμῖν
847 2113 1086 2185 ἐλπίζειν
1160 2110 1497 2187 συμϐαἷνειν.
1567 2113 1664 2167 Καὶ
1723 2115 1891 2166 ταῦτα
1947 2113 2041 2184 μὶν

383 2206 520 2279 πρὸς
577 2205 703 2264 τοὺς
779 2203 944 2276 ἐμους
1013 2205 1416 2276 συστρατιώτας
1477 2205 1616 2276 ὑμᾶς
1669 2201 1760 2256 καὶ
1821 2200 2042 2274 συντρὸ-

386 2309 540 2368 φους⁸
604 2293 686 2364 [Ρ.
721 2295 812 2363 ‘26]
862 2293 1000 2365 πρὸς
1057 2289 1113 2346 δὲ
1167 2292 1296 2355 τοὺς
1351 2295 1434 2354 οἷς
1498 2291 1750 2366 ὑπερέχει
1781 2291 1842 2343 τὸ
1890 2288 2042 2364 γένος

385 2383 474 2437 καὶ
535 2378 818 2456 διαπρέπει
870 2381 937 2435 τὰ
989 2382 1271 2455 ἀξιώματα
1305 2423 1321 2450 ,
1399 2379 1690 2457 ὑπέρχεται
1757 2399 1848 2452 μοι
1912 2376 2046 2450 μετὰ

384 2545 703 2598 consuetus
735 2555 936 2609 regum
995 2537 1181 2591 fastus
1214 2535 1286 2590 ad
1344 2534 1707 2606 spernendos
1762 2531 2034 2587 subditos

386 2631 706 2700 minusque
721 2627 1012 2684 curandas
1031 2623 1408 2679 necessitates
1425 2637 1649 2686 eorum;
1673 2623 2036 2676 metueretur

388 2718 564 2774 etiam
600 2734 671 2773 ne
699 2733 813 2772 non
847 2714 994 2770 adiri
1024 2714 1244 2786 posSet,
1278 2729 1349 2766 ne
1396 2728 1507 2766 non
1569 2710 1652 2764 illi
1687 2713 1917 2764 vacaret
1947 2712 2032 2762 at-

384 2809 642 2863 tendere.
675 2806 842 2862 Nunc
871 2801 1016 2858 nihil
1075 2801 1278 2857 oberit.
1341 2799 1580 2856 Habetis
1634 2798 1929 2870 expositos
1960 2797 2030 2852 ad

379 2900 606 2952 vestros
628 2911 772 2951 usus
794 2897 1090 2948 curatores
1110 2891 1239 2962 ejus
1265 2914 1280 2958 ;
1302 2888 1609 2945 convenire
1630 2887 1778 2959 |licet
1799 2887 2032 2958 quando

382 2990 441 3043 et
471 2985 702 3058 quoties
736 2982 959 3053 libebit,
989 2981 1211 3037 instare
1242 2979 1382 3052 quin
1416 2978 1617 3050 etiam,
1641 2979 1853 3033 iterare
1885 2976 2032 3048 peti-

385 3075 598 3144 tiones,
632 3089 807 3145 quam
839 3070 1042 3127 crebro
1073 3075 1130 3125 et
1173 3085 1352 3140 quam
1383 3067 1622 3123 assidue
1651 3084 1802 3139 Opus
1859 3064 2034 3120 fuerit

2157 1848 2290 1898 Θεοῦ
2321 1845 2411 1899 καὶ
2453 1847 2516 1899 τὸ
2570 1847 2813 1916 ὑπήκοον
2873 1846 3109 1902 εὖπειθεῖ
3161 1848 3252 1902 καὶ
3298 1849 3360 1902 τὸ
3416 1850 3826 1920 στρατιωτικὸν

2153 1932 2397 1989 εὖτακτεῖ
2443 1934 2630 1990 καὶτὰ
2657 1939 2766 1989 τῶν
2795 1935 3008 2011 ἐχθρῶν
3053 1939 3271 2012 ἠρεμεῖ.
3313 1938 3412 1990 Καὶ
3464 1935 3680 1992 πολλοί
3728 1959 3825 1992 τι-

2151 2042 2239 2082 νες
2271 2023 2427 2094 ὑμεῖς
2455 2024 2543 2078 καὶ
2569 2023 2824 2097 μεγάλοι,
2875 2026 2926 2080 οἱ
2961 2027 3055 2097 μὲν
3086 2027 3222 2101 πρὸς
3269 2023 3501 2098 α’ῐματος
3544 2031 3630 2098 τῷ
3680 2048 3826 2103 κρα-

2150 2115 2350 2179 τοῦντι,
2395 2113 2447 2166 οἱ
2499 2109 2555 2166 δὲ
2602 2115 2689 2167 καὶ
2756 2119 2872 2176 τοῖς
2938 2115 3206 2188 ἀξιώμασι
3270 2111 3666 2190 διαπρέποντες
3726 2117 3824 2170 καὶ

2150 2201 2267 2262 καθ’
2327 2200 2356 2252 ’ὀ
2396 2221 2448 2254 τι
2498 2199 2558 2254 ἂν
2608 2222 2690 2264 τις
2739 2201 2884 2257 εἷ’ποι
2931 2201 3098 2257 καλὸν
3148 2203 3238 2257 καὶ
3277 2208 3520 2277 γενναῖον
3583 2204 3823 2280 ὑπερτε-

2153 2288 2391 2365 ῥοῦντες.
2424 2289 2526 2346 Καὶ
2567 2291 2802 2365 ἀνάγκης
2851 2292 3016 2364 οῧσης
3069 2298 3447 2366 νεοκομεῖσθαι
3501 2296 3596 2349 τὸν
3655 2296 3824 2367 βασι-

2153 2374 2274 2448 λέα,
2326 2376 2631 2452 ἐκλεγέσθω
2681 2380 2776 2451 μὲν
2828 2382 2856 2435 ὁ
2885 2383 2961 2454 μή
3009 2379 3251 2453 ἀπᾴδων,
3282 2379 3486 2456 ἕψομαι
3550 2381 3609 2437 δὲ
3656 2385 3820 2460 κάγὼ

2145 2541 2199 2590 et
2234 2541 2630 2611 prosperitate
2668 2538 2831 2595 illius
2860 2539 3137 2610 pendent.
3202 2544 3333 2595 Haec
3385 2539 3682 2594 hactenus
3742 2541 3820 2595 ad

2145 2630 2580 2686 commilitones
2611 2633 2668 2685 et
2696 2628 2926 2684 sodales
2986 2645 3154 2684 meos
3179 2629 3339 2699 ‘dixi;
3395 2628 3682 2700 deinceps
3732 2629 3809 2684 ad

2149 2732 2249 2771 eos
2282 2734 2528 2784 quorum
2562 2717 2784 2774 eminet
2829 2733 3039 2789 genus,
3093 2733 3338 2789 quorum
3391 2716 3719 2789 dignitates
3749 2717 3814 2773 in

2148 2805 2454 2876 republica
2487 2806 2858 2878 praefulgent,
2892 2807 3013 2862 hac
3073 2806 3321 2862 dicenda
3344 2806 3638 2877 judicavi,
3673 2823 3812 2862 cum

2142 2908 2210 2948 ea
2240 2893 2507 2950 libertate
2537 2913 2604 2950 ac
2628 2895 2840 2951 ﬁducia
2865 2913 3038 2967 quam
3071 2895 3322 2966 inspirat
3349 2895 3619 2967 loquenti
3652 2912 3797 2951 con-

2141 2982 2387 3039 scientia
2441 2983 2722 3040 veritatis.
2773 2988 2887 3056 Ego
2947 3000 3060 3039 non
3117 2984 3350 3056 propria
3404 2983 3800 3041 inclinatione

2141 3072 2504 3144 privatisque
2533 3073 2797 3129 consiliis
2845 3073 2916 3128 ad
2963 3072 3204 3130 tutelam
3243 3073 3530 3144 principis
3563 3074 3801 3131 accessi

385 3179 619 3235 urgere.
655 3165 861 3218 Annon
920 3159 1101 3233 igitur
1145 3159 1313 3229 justa
1361 3174 1540 3213 causa
1586 3161 1674 3212 est
1744 3155 1914 3212 facile
1969 3169 2035 3208 ac
2067 3169 2110 3236 ρ
2140 3176 2247 3216 nec
2277 3167 2402 3217 arte
2433 3166 2534 3216 aut
2563 3161 2793 3216 ambitu
2826 3162 3070 3217 incubui
3103 3167 3171 3217 ut
3201 3163 3273 3217 ab
3305 3163 3434 3229 ejus
3465 3166 3640 3234 patre
3671 3167 3802 3219 tam

385 3257 660 3324 prompta
687 3251 988 3307 voluntate
1017 3246 1365 3319 obsequenti
1411 3245 1690 3318 principi,
1719 3261 1854 3316 spes
1883 3250 2034 3300 certa

388 3345 444 3396 et
468 3341 716 3396 fundata
763 3336 1124 3410 impetrandi
1181 3342 1237 3391 et
1266 3335 1660 3404 consequendi
1693 3337 1764 3390 ab
1799 3349 1864 3389 eo
1901 3348 2034 3403 quae

389 3429 761 3499 quiscunque
814 3424 1221 3496 concupierit?
1251 3424 1380 3479 Haec
1439 3439 1555 3479 non
1613 3427 1831 3489 essent,
1867 3422 1913 3477 si
1943 3437 2035 3477 res

391 3532 508 3571 non
562 3515 1027 3586 gubernarentur
1052 3529 1154 3584 per
1183 3512 1332 3566 ﬁdos
1362 3515 1420 3566 et
1437 3527 1678 3565 accessu
1710 3509 1865 3565 facili
1889 3527 2036 3565 cun-

391 3603 501 3661 ctis
533 3602 829 3675 expositos
861 3600 1184 3656 ministros.
1219 3598 1365 3655 Nam
1418 3599 1668 3670 cogitate
1700 3614 1944 3671 nupera,
1977 3602 2035 3655 et

392 3693 652 3748 conferte
685 3707 818 3746 cum
842 3687 1250 3761 praesentibus.
1277 3687 1568 3744 Plurimae
1599 3688 1848 3744 reticebo
1868 3689 2037 3745 diﬁ'e-

391 3781 630 3848 rentias,
665 3779 772 3836 has
802 3782 1028 3834 tantum
1062 3777 1352 3834 indicans.
1384 3777 1546 3833 Tunc
1577 3783 1768 3834 metus
1799 3783 1923 3834 erat
1967 3796 2038 3835 ne

392 3869 495 3944 qui
525 3870 702 3926 etiam
748 3867 1076 3924 rectissime
1105 3867 1340 3940 egisset,
1382 3867 1697 3923 offenderet
1735 3867 2040 3939 gratiaque

391 3956 845 4027 excideret,aliis
867 3955 928 4011 in
951 3973 1021 4012 eu
1038 3972 1092 4010 m
1110 3956 1392 4028 principis
1415 3955 1560 4011 iram
1585 3957 2037 4027 concitantibus,

392 4050 466 4106 iis
497 4049 689 4104 modis
714 4047 816 4103 46
847 4061 1027 4113 eaque
1078 4050 1202 4102 arte
1258 4061 1434 4116 quam
1483 4062 1552 4101 ex
1603 4046 1905 4102 observata
1936 4062 2040 4101 na-

392 4141 528 4193 tura
557 4139 685 4207 ejus
707 4141 884 4206 atque
905 4133 1102 4189 indole
1126 4134 1245 4190 fore
1267 4133 1677 4206 intelligebant
1699 4135 1770 4190 ad
1794 4151 2040 4206 scopum

391 4226 689 4281 intentum
721 4224 1039 4280 efﬁcacem.
1089 4223 1235 4279 Hinc
1263 4228 1388 4279 erat
1428 4223 1636 4279 inutile
1695 4225 2044 4280 contendere

395 4313 658 4370 studium
692 4316 748 4367 et
777 4311 974 4367 conari
1005 4311 1176 4384 plura
1223 4328 1402 4384 quam
1451 4312 1618 4380 alios,
1678 4329 1814 4368 cum
1871 4329 2042 4368 nemo

391 4406 549 4459 esset
576 4401 680 4472 qui
711 4405 908 4473 posset
939 4399 1046 4456 hoc
1097 4400 1290 4472 ipsum
1346 4401 1682 4472 imperatori
1716 4401 2044 4473 signiﬁcare

391 4507 458 4547 ac
491 4489 758 4546 debitum
817 4489 1020 4544 virtuti
1077 4489 1482 4546 testimonium
1515 4491 1776 4546 reddere.
1812 4493 2032 4557 Vanus,

390 4579 653 4650 inquam,
685 4581 809 4634 erat
840 4577 1003 4634 labor
1031 4578 1371 4650 impendere
1385 4595 1448 4634 se
1479 4579 1713 4651 publico
1745 4583 1802 4634 et
1831 4595 2036 4651 magna

392 4669 452 4724 in
486 4683 609 4723 rem
641 4666 926 4738 principis
956 4667 1174 4734 moliri,
1197 4683 1335 4723 cum
1365 4684 1518 4741 sape
1548 4667 1915 4741 contingeret
1944 4669 2041 4725 de-

393 4756 590 4812 lusum
623 4760 681 4812 et
712 4755 1203 4824 circumventum,
1239 4755 1337 4826 qui
1361 4756 1446 4811 sio
1482 4761 1699 4823 egerat,
1734 4775 1837 4829 pro
1871 4759 2043 4813 laude

395 4863 461 4902 ac
493 4845 683 4917 gratia
712 4845 931 4900 damna
960 4849 1018 4901 et
1049 4845 1462 4901 contumeliam
1493 4846 1729 4902 referre.
1758 4847 1924 4903 Nunc
1956 4864 2049 4903 re-

394 4935 507 4990 bus
534 4933 942 4989 ministrorum
966 4933 1225 4989 ﬁdelium
1257 4951 1408 4989 curae
1433 4935 1788 5002 commissis,
1818 4935 2049 4992 nullum

396 5027 548 5078 recte
584 5024 801 5078 factum
836 5021 1059 5088 latebit,
1115 5025 1408 5095 cujusque
1454 5025 1644 5080 virtus
1676 5030 2048 5097 agnoscetur,

398 5111 662 5168 studium
692 5110 886 5182 palam
940 5111 1071 5182 erit,
1106 5111 1271 5168 labor
1329 5115 1810 5186 compensabitur
1849 5116 2050 5171 condi-

394 5202 527 5274 gnis
557 5201 836 5272 praemiis.
871 5203 1061 5267 Quare
1092 5203 1429 5274 augendum
1481 5204 1744 5258 studium
1776 5211 1883 5270 est,
1908 5222 2052 5260 con-

392 5290 688 5347 tendenda
718 5291 1014 5346 industria
1043 5289 1104 5345 in
1134 5291 1486 5363 obsequium
1546 5291 1851 5364 principis,
1912 5298 1967 5350 et
2019 5311 2053 5349 a

399 5397 515 5452 quo
549 5378 697 5435 nihil
755 5380 1058 5446 timemus,
1089 5378 1141 5434 ei
1197 5387 1404 5435 cuncta
1436 5381 1772 5440 timeamus.
1831 5385 2051 5443 Felices

399 5470 621 5526 crimus
653 5469 703 5524 si
737 5468 933 5525 salvus
964 5469 1060 5537 sit,
1091 5468 1137 5524 si
1171 5469 1310 5540 quid
1352 5468 1438 5524 illi
1483 5469 1774 5544 acciderit,
1808 5474 2051 5546 perieri-

397 5574 531 5614 mus
563 5574 671 5614 nos
713 5573 965 5629 quoque.
1015 5558 1170 5614 Bona
1199 5564 1253 5614 et
1285 5557 1442 5615 mala
1474 5563 1675 5616 nostra
1713 5577 1780 5617 cx
1819 5563 2052 5622 fortuna

2143 3251 2326 3306 arduo
2359 3250 2588 3322 negotio
2612 3251 2957 3322 praiﬁcerer,
2989 3251 3086 3307 sed
3148 3252 3408 3322 primum
3440 3266 3508 3306 eo
3543 3251 3805 3323 prosilui

2143 3341 2438 3411 supremis
2470 3341 2764 3395 mandatis
2784 3339 3151 3409 imperatoris
3169 3340 3526 3412 obsequens,
3561 3341 3801 3397 deinde.

2145 3459 2214 3468 —
2240 3429 2351 3485 Sed
2385 3444 2584 3485 revoco
2603 3445 2716 3495 me,
2747 3443 2936 3500 neque
2957 3429 3070 3485 isto
3113 3443 3325 3501 genere
3373 3428 3668 3486 orationis
3719 3430 3805 3485 uti

2145 3518 2292 3574 volo.
2359 3519 2414 3572 ld
2470 3517 2663 3573 solum
2723 3520 2877 3589 apud
2929 3535 3030 3572 vos
3085 3518 3381 3589 proﬁteor,
3413 3517 3495 3572 ita
3521 3534 3619 3573 me
3654 3519 3802 3576 velle

2145 3621 2517 3678 perseverare
2546 3606 2604 3660 in
2636 3607 2745 3662 hoc
2767 3622 3029 3672 munere,
3064 3608 3112 3660 si
3138 3623 3242 3661 vos
3269 3606 3552 3676 jubeatis.
3591 3606 3807 3664 Decer-

2147 3695 2266 3751 nite
2297 3696 2481 3767 igitur
2510 3696 2666 3767 quod
2702 3694 2911 3766 placet.
2941 3695 3219 3750 Praaﬁeite
3250 3694 3345 3750 isti
3376 3711 3556 3764 cura,
3601 3697 3656 3752 si
3717 3697 3806 3752 vi-

2146 3787 2336 3852 detur,
2369 3784 2590 3841 alium:
2624 3787 2824 3841 cedam
2853 3784 3120 3852 libenter,
3153 3783 3452 3854 redigique
3484 3800 3583 3839 me
3613 3787 3805 3856 patiar

2147 3875 2206 3930 in
2230 3875 2519 3945 ordinem,
2550 3875 2675 3931 loco
2700 3876 2791 3930 47
2831 3872 2917 3930 vel
2951 3873 3154 3928 inﬁmo
3184 3876 3536 3939 contentus;
3561 3874 3802 3930 videns-

2149 3979 2263 4036 que
2294 3984 2327 4019 a
2356 3964 2526 4019 vobis
2558 3965 2848 4019 delectum
2882 3962 3065 4017 alium
3096 3961 3374 4017 idoneum
3424 3961 3529 4033 qui
3593 3963 3802 4034 pupilli

2151 4051 2435 4125 principis
2469 4051 2666 4121 saluti,
2696 4056 2762 4107 ut
2793 4067 2898 4122 par
2940 4053 3048 4120 est,
3109 4048 3395 4121 invigilet,
3455 4050 3806 4121 (equissimo

2152 4142 2348 4197 animo
2381 4142 2617 4213 privatae
2658 4140 2873 4211 quietis
2931 4143 3150 4195 sortem
3210 4137 3552 4208 amplectar.
3613 4147 3805 4211 Agam

2153 4229 2293 4302 quin
2325 4231 2503 4286 etiam
2541 4229 2762 4284 infimis
2794 4228 3068 4301 precibus
3097 4243 3228 4282 cum
3267 4226 3555 4298 principe,
3581 4244 3657 4284 ne
3678 4245 3810 4284 mo-

2151 4319 2296 4375 leste
2329 4321 2474 4375 ferat
2504 4313 2769 4374 recedere
2799 4333 2893 4374 me
2924 4317 2997 4373 ab
3028 4317 3153 4386 ejus
3183 4333 3344 4383 cura,
3370 4317 3522 4387 quod
3540 4333 3614 4374 ea
3641 4322 3810 4374 tanta

2152 4414 2392 4480 tamque
2424 4408 2748 4464 honoriﬁca
2802 4406 3146 4479 praefectura
3195 4412 3470 4460 ornatum
3529 4423 3666 4462 esse
3716 4425 3808 4463 me

2155 4498 2510 4570 quibusdam
2554 4500 2815 4553 vestrum
2873 4512 2988 4551 non
3046 4494 3346 4568 probetur.
3406 4495 3806 4553 Praestabilius

2153 4588 2310 4644 enim
2345 4587 2515 4659 longe
2543 4590 2632 4642 est
2661 4587 2720 4641 in
2748 4583 2952 4640 militis
2981 4583 3065 4640 vel
3099 4583 3348 4656 gregarii
3370 4584 3715 4641 conditione
3745 4603 3809 4642 ac

2154 4678 2383 4732 fortuna
2428 4674 2762 4747 reipublicae
2796 4672 3033 4742 servire,
3067 4688 3245 4743 quam
3289 4677 3445 4727 metu
3488 4677 3548 4728 et
3607 4675 3807 4747 suspi-

2159 4765 2429 4820 cionibus
2461 4764 2698 4819 anxium
2730 4763 2788 4817 in
2822 4761 3109 4834 dignitate
3135 4761 3347 4817 vivere.
3381 4761 3466 4816 En
3498 4761 3682 4831 igitur
3712 4781 3810 4836 per

2158 4855 2480 4910 beneﬁcam
2518 4853 2942 4924 providentiam
2968 4851 3238 4906 Numinis
3268 4855 3324 4906 et
3341 4851 3564 4906 subditi
3589 4853 3812 4910 dociles

2160 4944 2231 4998 ad
2266 4941 2592 5013 parendum
2623 4943 2780 5006 sunt,
2812 4943 2869 4992 et
2900 4936 3273 5009 disciplinam
3309 4936 3530 4993 milites
3551 4944 3810 5001 servant,

2160 5036 2216 5087 et
2244 5030 2554 5101 quiescunt
2585 5028 3010 5099 quiescereq-ue
3056 5043 3162 5082 nos
3221 5027 3427 5081 sinunt
3483 5026 3712 5097 hostes,
3763 5034 3817 5084 et

2163 5120 2272 5175 istc
2305 5123 2494 5174 vester
2523 5114 3180 5186 ordoamplissimorum
3199 5113 3535 5187 principum
3553 5117 3817 5174 abundat

2160 5223 2432 5272 numero,
2448 5221 2701 5277 quorum
2715 5203 2958 5275 quidam
2975 5203 3346 5274 imperatoris
3369 5207 3814 5276 consanguinei,

2163 5298 2402 5370 quidam
2438 5294 2646 5368 primis
2660 5293 3212 5364 sunt‘dignitatibus
3235 5292 3519 5361 illustres,
3546 5295 3818 5352 dotibus-

2163 5403 2276 5458 que
2306 5385 2500 5441 omnis
2531 5383 2762 5455 generis
2794 5381 3114 5454 praeclaris,
3146 5399 3271 5455 quae
3311 5398 3614 5455 quemque
3659 5402 3816 5442 com-

2160 5477 2438 5532 mendare
2468 5472 2555 5527 vel
2591 5473 2846 5527 maxime
2889 5471 3141 5542 possint,
3201 5488 3435 5527 summe
3493 5475 3817 5547 conspicui.
3881 5526 3884 5527 ν

2158 5566 2240 5622 Ex
2271 5563 2364 5620 his
2399 5562 2651 5634 eligatur
2681 5560 2807 5632 qui,
2839 5561 2994 5632 quod
3026 5576 3120 5616 res
3150 5561 3337 5632 poscit
3365 5565 3424 5618 et
3441 5577 3688 5622 necesse
3717 5569 3816 5632 est,
