3944 6202
165 366 239 420 481
704 382 707 385 λ
1142 360 1240 412 DE
1278 352 1650 413 MICHAELE
1687 352 1726 403 P

1891 346 2135 404 ‘OLOGO
2169 352 2301 402 LIB.
2342 352 2386 401 Ι.

3387 356 3494 413 482

168 490 234 544 ἀἰ
276 493 335 559 τῷ
399 491 548 557 κοινῷ
601 484 931 573 ψηφίσματικ
970 485 1231 573 θήῨῨμαι’
1416 478 1518 553 γὰρ
1586 472 1729 573 laid,“
1758 484 1813 552 Α
1847 490 1929 560 [Ρο
1961 490 2054 560 27]
2105 490 2269 549 Ταῦτ’
2328 490 2575 553 εἷπόντος
2626 497 2722 547 τοῦ
2772 490 3269 570 πρωτοϐεστιαρίου
3300 498 3497 573 ἅθρουν

172 580 404 643 συστάσεις,
434 573 566 629 ἀλλὰ
614 574 710 642 τήν
757 576 855 627 τοῦ
913 570 1179 646 βασιλέως
1231 564 1506 643 προῦργου
1536 562 1733 624 παντὸς

171 668 423 739 ποιούμεθα.
475 662 577 720 Κᾶν
609 664 673 718 οὐ
726 664 877 716 θέλοι
934 683 1017 723 τις
1077 658 1264 715 ἄλλων
1323 654 1733 733 ψηφιζομένων,

172 756 286 813 οὐδὲν
314 755 519 809 ἀνύσειεν
546 751 603 807 ἂν
662 753 739 825 μὴ
795 750 967 807 Θὲλων
1018 750 1245 811 ἐκεῖνος·
1306 750 1340 817 ἡ
1366 746 1466 822 γὰρ
1504 742 1738 817 ὑμετέρα

174 847 448 920 ὕπερτερήσει
503 840 785 916 βούλησις.
843 841 1030 900 Οὕτως
1088 838 1194 914 ἐγὼ
1254 834 1569 909 δημοτικῶς
1618 829 1735 905 ἔχω

170 936 269 989 ὥστε
308 934 380 988 καὶ
413 929 564 1005 μηδὲν
594 930 679 986 ἐπὶ
747 926 938 1003 μηδενὶ
998 928 1316 999 ἀξιούμενος
1361 923 1569 997 μείζονι
1600 920 1734 994 ἀγα-

170 1029 272 1094 πᾷν,
310 1023 384 1077 καὶ
436 1019 691 1075 θελόντων
750 1021 844 1091 μὶν
895 1018 1218 1094 προφρόνων
1278 1017 1430 1088 ὑμῶν
1487 1012 1570 1067 ἐπὶ
1624 1014 1731 1065 τῶν

170 1113 430 1186 πραγμάτων
480 1112 651 1181 μένειν
708 1110 999 1183 αἱρεῖσθαι,
1061 1108 1137 1177 μὴ
1193 1101 1461 1159 Θελόντων
1492 1099 1549 1156 δὲ
1578 1096 1733 1155 πάντ’

254 1200 323 1253 καὶ
351 1197 501 1269 μηδὲν
557 1197 1043 1272 πολυπραγμονεῖν
1100 1191 1323 1265 ἐθέλειν,
1380 1190 1475 1246 κᾶν
1511 1194 1737 1263 ζημιοῦ-

170 1310 236 1361 μαι
275 1288 328 1342 τὰ
374 1286 594 1362 ἔσχατα.
661 1284 967 1359 Παρακαλῶ
1023 1284 1202 1338 τοίνυν
1267 1279 1434 1355 μηδὲν
1497 1281 1733 1354 ὑποκρυ-

165 1378 403 1448 πιομένους
452 1376 535 1429 καὶ
593 1376 736 1447 ὑμᾶς
764 1372 999 1444 τάληθὲς
1030 1373 1191 1447 ἱρεῖν.
1253 1369 1348 1429 Τίς
1403 1369 1502 1443 γὰρ
1543 1371 1578 1437 ἡ
1636 1374 1734 1436 τῆς

166 1465 325 1528 δειλίας
374 1465 560 1541 ἀνάγκη
623 1469 720 1520 τοῦ
782 1466 855 1537 μὴ
889 1462 1291 1537 παριστάμενον
1323 1459 1495 1534 λέγειν
1524 1480 1537 1529 ;
1574 1460 1601 1513 ὁ
1630 1457 1730 1533 γὰρ

164 1555 385 1624 ἇντιΑέξων
434 1556 529 1609 οὐκ
582 1552 718 1624 ἔστι,
770 1553 859 1607 καὶ
908 1548 1074 1630 φόϐος
1108 1549 1308 1618 οὐδεὶς,
1338 1548 1402 1617 ἥν
1434 1569 1516 1610 τις
1546 1549 1609 1602 τὸ
1641 1544 1732 1600 δο-

163 1648 255 1698 κοῦ-ι
300 1644 454 1719 λέγειν
505 1645 761 1719 αἱρεῖται.
823 1642 1057 1705 Αὐτόθεν
1112 1643 1400 1714 τοιγαροῦν
1446 1638 1537 1693 καὶ
1598 1638 1730 1711 βου-

163 1733 315 1787 λευέτω
359 1754 431 1795 τις
483 1734 569 1788 καὶ
628 1732 909 1809 πραττέτω
968 1731 1059 1785 σὺν
1120 1728 1315 1792 ἄλλοις
1338 1729 1399 1783 τὸ
1429 1728 1732 1802 χρήσιμον,

1846 579 1938 649 μὲν
1993 579 2056 632 τὸ
2112 585 2330 648 πλῆθος
2389 580 2631 656 ξυμμιγῆ
2690 583 2787 651 τήν
2845 586 3029 659 φωνὴν
3093 586 3344 659 ἀφῆκαν,
3402 591 3494 643 καὶ

1843 665 2415 742 ὑπεραποδεχομένοις
2492 670 2722 741 ἐῴκεσαν
2799 678 2878 742 τῷ
2959 676 3046 729 ὑπ’
3123 675 3495 749 ἐκείνῳ-μετὰ.

1837 757 1928 809 τὸν
1990 755 2214 830 βασιλέα
2264 758 2545 831 τετάχθαι,
2603 759 2860 837 ἐμφανεῖς
2908 783 2963 817 τε
3010 762 3144 831 ἦσαν
3206 763 3489 837 ἰνασμενί-

1843 850 2021 912 ζοντες
2073 845 2165 917 μὲν
2217 850 2295 917 τῷ
2338 852 2666 920 κρατοῦντι,
2734 850 3137 925 παρενείροντες
3196 851 3253 907 δὲ
3306 854 3490 909 κάκεί-

1839 955 1916 1004 νῳ
1957 932 2243 995 πλείστους
2293 936 2379 989 καὶ
2432 937 2576 1010 παρᾶ
2617 938 2680 991 τὸ
2728 937 2869 1000 εἰκὸς
2925 940 3174 1002 ἐπαίνους
3229 942 3305 1004 ὡς
3355 942 3491 1014 ἀξίῳ

1843 1024 1955 1093 μετ’
2002 1021 2203 1076 ἐκεῖνον
2251 1028 2396 1099 σφῶν
2440 1027 2628 1099 ἄρχειν
2665 1026 2981 1101 ἐθεράπευον
3013 1030 3103 1083 τδν
3136 1031 3321 1104 καιρὸν
3384 1032 3491 1106 οὐχ

1838 1111 2025 1178 ἦττον,
2082 1113 2179 1178 τὴν
2240 1110 2718 1186 παρακινδύνευσιν
2754 1112 3007 1184 δεδιότες,
3040 1116 3075 1183 ἢ
3106 1118 3172 1170 τὰ
3202 1119 3336 1172 κατά
3366 1118 3490 1173 νοῦν

1839 1196 2050 1272 ἔλεγον.
2097 1203 2209 1254 Τῶν
2256 1197 2311 1254 δέ
2353 1222 2413 1276 γε
2443 1204 2775 1276 μεγιστάνων
2808 1202 2980 1259 ἄλλος
3012 1203 3152 1260 ἄλλο
3183 1227 3236 1260 τι
3265 1207 3400 1280 πρὸς
3429 1208 3490 1262 τὸ

1835 1288 2004 1362 παρὸν
2034 1289 2441 1365 ὑποφωνοῦντες
2478 1288 2639 1358 δῆλοι
2672 1292 2807 1359 ἦσαν
2834 1298 2913 1365 τῷ
2963 1298 3135 1365 καιρῴ
3183 1296 3489 1369 χαριζόμε-

1834 1397 1939 1441 νοι,
1991 1377 2449 1453 σεμνολογοῦντες
2500 1382 2615 1433 οἷον
2651 1381 2739 1435 καὶ
2772 1382 2975 1435 ἑαυτῶν
3008 1381 3210 1436 ἐκεῖνον
3271 1384 3491 1459 ὑπερτι-

1838 1466 2073 1537 θέμενοι.
2125 1468 2244 1521 Τῶν
2273 1465 2329 1521 δὲ
2358 1463 2679 1539 συμϐάντων
2712 1474 2966 1524 τοσοῦτον
3010 1472 3236 1546 ἀπεῖχον
3284 1471 3487 1528 ἐκεῖνον

1839 1550 2018 1606 δοκεῖν
2074 1554 2379 1624 αἰτιᾶσθαι,
2441 1556 2578 1610 ὥστε
2634 1557 2721 1611 καὶ
2778 1563 2859 1631 τῷ
2922 1559 3137 1634 βασιλεῖ
3190 1561 3341 1633 μόνῳ
3394 1562 3491 1625 τὰς

1838 1641 2013 1703 αἶ’τίας
2044 1650 2386 1717 προσῆπτον,
2442 1644 2532 1698 καὶ
2591 1645 2921 1721 ὡμολόγουν
2977 1647 3076 1702 οὐκ
3125 1646 3227 1717 ἕξω
3256 1655 3354 1704 τοῦ
3408 1648 3494 1705 δι-

1836 1730 1993 1785 καίου
2022 1739 2231 1803 παθεῖν,
2265 1732 2310 1786 εἰ
2346 1735 2419 1805 μή
2456 1732 2522 1788 δι’
2581 1732 2633 1787 ἓν
2689 1732 2830 1789 ἄλλο
2892 1737 2924 1794 ἢ
2961 1737 3023 1791 τὸ
3088 1738 3189 1791 ὑπὸ
3222 1736 3489 1808 δεσπότην

159 1822 223 1875 καὶ
267 1822 316 1876 τό
354 1844 447 1876 τινι
500 1822 771 1898 παραστάν
832 1820 909 1882 εἷς
964 1822 1191 1893 γνώμην
1248 1817 1415 1873 εἰπεῖν
1472 1815 1732 1893 ἀσφαλὲς,
1762 1853 1809 1919 Β
1838 1819 2127 1883 τελοῦντας
2176 1822 2275 1890 τήν
2331 1827 2477 1895 σφῶν
2524 1823 2599 1884 εἰς
2649 1829 2838 1898 χεῖρας
2878 1825 3020 1892 ζωὴν
3050 1819 3268 1899 ἔχοντα,
3301 1827 3489 1901 ἐκείνῳ

158 1912 212 1973 ὡς
252 1912 455 1983 εὐμενῶς
501 1912 885 1983 ἀκουσομένων
945 1909 1041 1964 κᾶν
1102 1910 1131 1963 ὃ
1159 1930 1211 1962 τι
1261 1907 1451 1977 λέξειε.
1486 1905 1729 1978 Δεσπότῃ

156 2000 226 2071 vi;
283 2001 604 2075 προσκρούειν
677 1999 815 2060 iam:
895 1999 993 2053 οὐκ
1065 1996 1325 2064 ἀσφαλὲς,
1385 1994 1437 2065 ἐξ
1484 1992 1611 2048 τίσου
1670 1991 1728 2047 δὲ

156 2087 509 2163 προσοερομένῳ
557 2095 640 2162 τῷ
696 2090 914 2163 Λέγοντι
969 2087 1036 2141 τὰ
1090 2090 1189 2151 τῆς
1249 2082 1546 2160 παρρησίας
1604 2078 1726 2156 ἔχοι

155 2181 312 2251 nea,
362 2180 427 2241 ὡς
466 2178 727 2251 ’μείζονος
783 2179 840 2232 ’ὸν
892 2176 926 2245 ἢ
982 2176 1098 2230 κατ’
1147 2174 1379 2235 ἐκείνους
1408 2174 1471 2227 τὸ
1503 2171 1727 2246 κρίνειν.

154 2264 283 2321 Ἀλλὰ
307 2268 382 2322 καὶ
409 2270 596 2324 τούτου
646 2273 738 2322 νῦν
767 2266 875 2341 οὐχ
924 2267 1175 2335 ὑπόντος,
1208 2265 1235 2318 ὁ
1268 2262 1435 2333 λέξων
1462 2263 1490 2316 ὃ
1538 2284 1590 2315 τι
1638 2261 1728 2316 καὶ

155 2357 347 2426 βοῦλεται
390 2361 707 2434 ἑκατέρωθέν
759 2357 876 2432 ἔχει
914 2358 976 2412 τὸ
1025 2357 1101 2417 εἷς
1151 2354 1309 2409 αὐτὸν
1357 2350 1662 2408 ἀκίνδυνον.
1699 2375 1728 2403 ››

149 2537 333 2593 tutelam
362 2542 512 2611 pueri
562 2539 854 2611 principis
883 2543 1163 2594 exerceat.
1207 2535 1528 2600 Assentiar,
1562 2550 1723 2589 acce-

148 2627 265 2692 dam,
289 2634 337 2683 et
378 2629 785 2685 communibus
819 2627 1064 2684 calculis
1115 2642 1308 2682 meum
1362 2625 1719 2695 adjungam:

148 2730 226 2767 non
252 2718 382 2772 enim
413 2720 668 2789 privatas
704 2719 963 2772 rationes
996 2720 1192 2772 status
1225 2717 1587 2783 fortunaeque
1621 2728 1725 2765 no-

147 2806 262 2871 stras,
288 2807 371 2860 sed
402 2807 682 2877 principis
714 2805 1024 2860 utilitatem
1052 2821 1116 2859 ac
1148 2803 1396 2859 salutem
1429 2805 1563 2856 ante
1594 2814 1724 2854 οη]-

142 2892 214 2945 nia
237 2897 512 2964 quaerimus
542 2901 601 2952 et
625 2896 859 2952 cunctis
886 2893 1270 2967 praeferimus.
1304 2891 1414 2956 Qui
1445 2889 1664 2947 electus
1689 2905 1722 2944 a

142 2982 264 3036 vobis
287 2984 460 3054 fuerit,
484 2986 533 3039 si
558 2986 975 3057 deprecabitur
1001 2985 1306 3045 honorem,
1336 2984 1555 3036 frustra
1578 2980 1688 3034 erit
1714 2995 1728 3033 :

138 3068 283 3125 vincet
308 3074 447 3128 enim
478 3090 809 3130 consensus
842 3078 1030 3128 vester
1061 3074 1188 3143 ejus
1222 3069 1593 3136 modestiam,
1619 3083 1721 3122 nec

140 3172 217 3211 sua
241 3176 351 3215 eum
380 3163 725 3218 verecundia
770 3160 1008 3231 iudiciis
1042 3160 1308 3215 omnium
1352 3162 1612 3213 vestrum
1647 3156 1719 3211 ad

1839 1909 1929 1961 καὶ
1966 1910 2128 1981 μόνον
2162 1908 2358 1965 δοκοῦν
2393 1912 2724 1975 ὑπευθύνους
2752 1915 2885 1967 εἶναι
2915 1914 3004 1966 καὶ
3031 1918 3414 1987 τιμωρεῖσθαι.

1842 2020 1922 2082 ιζ’.
1963 2013 2269 2091 Ἀπολογία
2309 2018 2443 2091 πρὸς
2480 2019 2579 2086 τὴν
2623 2016 2970 2094 δημηγορίαν
3027 2023 3122 2073 τοῦ
3182 2020 3487 2077 Παλαιολό-

2599 2110 2722 2164 γου.
2788 2120 2791 2123 ν

1906 2178 1964 2232 Ὀ
1992 2173 2048 2231 δέ
2077 2198 2137 2249 γε
2158 2176 2535 2253 ΙΙαλαιολόγος
2560 2180 2792 2252 Μιχαὴλ
2811 2180 2899 2232 καὶ
2936 2181 3099 2255 μέγας
3125 2180 3488 2243 κονοσταῦλος

1835 2265 1897 2318 τὸ
1969 2271 2287 2336 τηνικαῦτα,
2348 2267 2384 2336 ἢ
2436 2268 2529 2323 καὶ
2587 2274 2704 2330 ταῖς
2759 2267 3040 2339 ἀληθείαις
3098 2268 3173 2325 ὢν
3233 2276 3375 2335 θεῖος
3430 2270 3490 2326 ἐκ

1838 2354 2087 2425 γυναικὸς
2120 2353 2327 2410 ἂκείνου
2357 2357 2447 2411 καὶ
2500 2358 2859 2434 συμμετέχειν
2916 2359 3097 2434 ὥσπερ
3152 2364 3248 2414 τοῦ
3303 2362 3488 2434 γένους

1836 2550 2046 2591 vacans
2078 2538 2356 2608 periculo.
2392 2539 2560 2605 Quali
2584 2556 2697 2595 non
2730 2543 2821 2595 est
2847 2541 3150 2611 expositus
3170 2541 3271 2611 qui
3303 2540 3489 2611 loqui-

1832 2627 1929 2678 tur
1960 2626 2029 2680 ad
2080 2626 2191 2681 sibi
2225 2644 2416 2698 pares.
2472 2627 2678 2685 Nullus
2708 2628 2807 2683 hic
2857 2627 3166 2702 principali
3217 2630 3488 2685 eminens

1835 2714 2069 2785 fastigio
2103 2723 2253 2770 astat
2301 2718 2682 2773 dicendorum
2719 2718 2980 2774 arbiter:
3038 2717 3253 2773 similis
3284 2719 3487 2773 condi-

1832 2805 1913 2857 tio
1945 2807 2032 2858 est
2061 2806 2323 2861 omnium
2358 2811 2415 2859 et
2471 2823 2779 2861 commune
2804 2807 3118 2877 judicium.
3152 2807 3342 2869 Quare
3392 2806 3487 2863 hic

1833 2891 2025 2946 liberas
2056 2894 2305 2949 orationi
2334 2900 2389 2950 et
2420 2894 2567 2949 nihil
2619 2898 2778 2949 metu
2828 2894 3115 2963 reticenti,
3158 2910 3485 2964 quamcun-

1834 2997 1947 3051 que
1975 2981 2032 3035 in
2069 2989 2291 3052 partem
2344 2984 2679 3038 incubuerit
2710 2982 3021 3049 sententia,
3066 2982 3161 3037 hic
3195 2983 3474 3052 profecto,

1834 3072 1882 3125 si
1919 3088 2192 3140 usquam,
2226 3073 2390 3126 locus
2434 3077 2541 3127 est.
2579 3094 2604 3120 ››
2647 3071 2776 3125 Hinc
2808 3070 3251 3142 protovestiario
3281 3068 3478 3124 locuto

1833 3162 2093 3214 conferta
2136 3160 2373 3230 quidem
2421 3160 2741 3214 multitudo
2792 3159 2989 3214 nescio
3039 3159 3178 3229 quid
3234 3158 3478 3214 mistum

140 3252 398 3306 extremum
455 3251 641 3308 obniti
692 3226 961 3323 patietur.
1019 3254 1105 3305 Me
1150 3249 1309 3319 quod
1370 3248 1596 3311 attinet,
1646 3246 1727 3300 ita
1757 3226 1800 3293 ί)
1831 3247 2089 3303 confusis
2120 3226 2467 3303 acclamavit
2515 3246 2778 3317 vocibus,
2810 3262 2937 3318 quea
2985 3226 3281 3301 declarare
3311 3244 3476 3300 vide-

141 3347 442 3405 comparatus
492 3359 653 3407 sum,
687 3346 751 3394 ut
784 3356 886 3394 nec
935 3339 982 3395 si
1008 3356 1113 3394 vos
1137 3338 1437 3408 jusseritis
1478 3350 1719 3408 pergere

143 3421 182 3475 in
208 3431 438 3499 suscepto
471 3445 715 3485 munere
747 3429 1084 3497 detrectem,
1118 3428 1294 3482 etiam
1329 3425 1491 3481 nullo
1524 3424 1725 3480 addito

143 3512 307 3571 honore
332 3517 407 3572 vel
441 3523 885 3574 auctoramento
925 3517 1128 3587 majori
1157 3534 1170 3583 ;
1220 3521 1277 3571 et
1307 3516 1355 3571 si
1388 3515 1500 3570 alio
1545 3519 1725 3568 nutus

142 3604 273 3656 vestri
292 3609 712 3678 propenderint,
738 3607 933 3661 statim
959 3605 1071 3660 sim
1096 3606 1475 3676 acquieturus
1496 3609 1553 3658 et
1573 3607 1728 3657 tran-

142 3691 281 3759 quillo
304 3711 612 3769 socuroque
666 3696 865 3752 animo
897 3710 1238 3750 recessurus
1269 3694 1537 3758 domum,
1577 3690 1724 3746 nihil

140 3775 383 3849 inquirens
412 3785 479 3840 de
509 3785 711 3841 causis
739 3801 867 3855 quae
895 3800 998 3838 vos
1026 3782 1096 3837 ad
1130 3783 1214 3837 sic
1241 3783 1311 3836 de
1344 3797 1435 3837 me
1466 3785 1728 3836 statuen-

141 3865 245 3922 dum
293 3871 641 3943 impulerint,
696 3873 931 3929 etiamsi
980 3873 1197 3927 damna
1248 3872 1618 3926 fortunarum
1670 3872 1727 3924 et

141 3961 286 4013 status
325 3960 377 4016 in
408 3980 497 4018 me
553 3964 658 4019 48
716 3963 852 4018 inde
910 3962 1258 4033 gravissima
1306 3960 1724 4015 redundarent.

144 4044 227 4098 Oro
252 4047 411 4119 igitur
438 4052 799 4123 obsecroque
838 4067 938 4105 vos
965 4056 1030 4105 ut
1059 4054 1116 4105 et
1140 4049 1249 4121 ipsi
1293 4050 1420 4104 sine
1450 4048 1571 4104 ullo
1596 4049 1726 4103 fuco

142 4137 256 4199 quod
284 4154 397 4195 vere
427 4141 715 4197 sententis
738 4140 1013 4196 efferatis.
1038 4141 1172 4204 Quae
1196 4137 1350 4192 enim
1374 4142 1463 4193 est
1482 4136 1727 4192 timendi

142 4226 317 4280 causa?
345 4230 445 4285 Aut
492 4248 624 4302 quae
655 4229 895 4286 obtendi
941 4235 1141 4300 posset
1172 4228 1469 4282 excusatio
1516 4226 1727 4281 idonea

140 4309 304 4379 ignavae
328 4318 816 4376 dissimulationis
844 4318 914 4373 ab
964 4333 1030 4373 eo
1077 4318 1176 4388 qui
1240 4315 1596 4371 sententiam
1656 4316 1726 4371 de

138 4404 375 4470 republica
407 4418 643 4479 rogetur
674 4409 733 4463 in
767 4408 875 4461 hoc
897 4406 1262 4477 amplissimo
1294 4410 1349 4460 et
1378 4404 1724 4476 gravissimo

139 4492 370 4549 Concilio?
397 4497 705 4553 Promatur
737 4495 915 4551 libere
946 4495 1235 4567 quidquid
1268 4494 1326 4549 in
1371 4495 1568 4550 animo
1616 4498 1720 4549 est.

1833 3344 2037 3392 rentur
2061 3338 2308 3393 libenter
2328 3355 2391 3393 se
2420 3336 2505 3391 illi
2528 3340 2659 3409 post
2679 3337 3093 3407 imperatorem
3116 3333 3358 3406 subjici,
3375 3351 3478 3405 ap-

1834 3427 2071 3499 parebat
2088 3444 2156 3483 ea
2175 3427 2289 3481 dici
2315 3427 2511 3482 studio
2534 3424 2872 3482 assentandi
2900 3423 3169 3495 principi.
3195 3426 3479 3494 Congera-

1835 3518 1979 3572 bant
2009 3523 2067 3572 et
2093 3534 2150 3572 In
2175 3515 2680 3588 protovestiarium
2711 3512 3031 3569 liberaliter
3052 3512 3277 3581 laudes,
3302 3512 3480 3568 etiam

1835 3608 2177 3677 invidiosae,
2210 3608 2454 3678 dignum
2489 3604 2759 3660 videlicet
2791 3601 3205 3674 eumquiipsis
3227 3601 3481 3673 impera-

1835 3701 1923 3752 ret
1958 3698 2359 3768 praedicantes.
2408 3694 2542 3758 Quaa
2584 3693 2772 3765 magis
2804 3691 3183 3747 servientium
3229 3688 3483 3761 tempori

1836 3792 1891 3841 et
1913 3786 2106 3841 liberm
2140 3784 2419 3840 orationis
2443 3780 2701 3853 pericula
2730 3780 3062 3835 caventium
3096 3794 3265 3834 voces
3295 3783 3484 3845 erant,

1835 3891 2012 3946 quam
2063 3892 2192 3945 quis
2225 3888 2390 3929 veros
2441 3871 2770 3926 animorum
2806 3885 3016 3924 sensus
3069 3867 3483 3938 exprimerent.

1836 3965 2200 4036 Optimatum
2250 3978 2386 4017 vero
2418 3962 2518 4015 49
2572 3959 2725 4014 allus
2754 3957 2912 4013 aliud
2969 3972 3071 4026 pro
3102 3970 3162 4009 re
3209 3955 3482 4025 prmsenti

1836 4052 2132 4109 submisse
2184 4067 2247 4105 ac
2281 4047 2677 4121 perfunctorie
2726 4046 3013 4111 dixerunt,
3047 4045 3127 4096 ita
3174 4052 3237 4096 ut
3267 4044 3484 4113 gratiﬁ-

1836 4144 1950 4200 cari
1983 4159 2079 4198 eos
2110 4142 2469 4213 potientibus
2501 4144 2641 4192 tunc
2674 4151 2866 4191 rerum
2896 4134 3087 4205 palam
3122 4137 3300 4187 esset.
3333 4131 3481 4187 Lau-

1835 4234 2055 4288 dabant
2085 4227 2615 4303 protovestiarium,
2649 4230 2706 4280 et
2736 4224 2845 4278 sibi
2875 4223 3018 4293 ipsis
3049 4221 3433 4293 praferebant
3465 4235 3479 4274 :

1834 4339 2037 4378 eorum
2059 4336 2195 4375 vero
2217 4336 2342 4391 quas
2367 4316 2564 4389 gravia
2581 4313 2935 4386 quibusdam
2962 4315 3020 4365 et
3045 4310 3277 4381 publice
3295 4310 3484 4365 invisa

1834 4413 2221 4483 contigerant,
2253 4413 2485 4462 tantum
2520 4406 2766 4459 aberant
2794 4402 2867 4457 ab
2897 4416 2964 4455 eo
2996 4399 3386 4462 criminando,
3422 4402 3485 4451 ut

1834 4518 2043 4558 causas
2075 4498 2337 4556 omnium
2364 4495 2422 4550 in
2453 4494 2860 4564 imperatorem
2885 4489 3099 4544 diserte
3130 4489 3481 4553 conferrent,

138 4578 410 4652 Excipietur
437 4588 623 4658 equis
671 4571 938 4651 auribus),
974 4601 1076 4639 nec
1108 4584 1217 4639 erit
1248 4585 1348 4654 qui
1395 4600 1557 4639 mera
1582 4600 1717 4637 ϐοο-
1755 4596 1805 4660 D
1840 4592 2122 4645 addentes
2173 4587 2328 4657 quod
2375 4581 2543 4653 quasi
2591 4597 2726 4637 eum
2758 4583 3124 4647 excusarent,
3178 4575 3314 4632 talia
3354 4589 3485 4631 sese

138 4668 400 4728 indicendi
422 4676 668 4730 libidine
690 4679 1007 4746 oppugnet.
1031 4672 1242 4727 Nullus
1262 4673 1511 4743 denique
1532 4677 1721 4729 metus

139 4756 399 4828 impendet,
426 4780 541 4835 quo
575 4764 831 4820 revocari
864 4770 966 4817 aut
995 4762 1277 4817 retardari
1303 4762 1497 4833 quivis
1538 4763 1726 4833 possit

142 4844 192 4893 ab
230 4862 284 4902 eo
311 4853 702 4925 qualicunque
752 4853 1121 4923 proferendo,
1175 4851 1330 4922 quod
1380 4855 1481 4905 aut
1512 4852 1725 4908 mentis

132 4930 303 4997 judicio
344 4943 590 4998 senserit
650 4945 752 4998 aut
805 4941 1125 4997 voluntatis
1184 4941 1424 4996 arbitrio
1465 4939 1725 5011 elegerit.

140 5025 370 5095 Αὲθάυω,
398 5030 599 5086 statim
631 5046 697 5086 ex
737 5046 892 5085 nunc
922 5036 1092 5085 eatur
1122 5030 1180 5084 in
1215 5028 1555 5095 sententias,
1590 5045 1729 5084 con-

136 5110 250 5167 sulat
275 5117 533 5190 quisque,
564 5121 624 5176 in
652 5120 935 5187 medium,
960 5124 1205 5192 agatque
1227 5119 1379 5190 quod
1405 5117 1549 5187 vult,
1573 5119 1725 5189 quod

138 5206 263 5265 Putat
290 5207 439 5263 utile.
495 5210 783 5265 Securum
814 5217 864 5264 et
896 5213 1091 5264 tutum
1128 5212 1218 5265 est
1265 5222 1531 5279 promere
1562 5207 1727 5277 quid-

137 5288 237 5353 rluid
266 5294 485 5353 demum
515 5298 573 5352 in
610 5303 861 5354 mentem
893 5298 1136 5353 venerit.
1170 5300 1468 5363 Attentos,
1500 5296 1723 5366 faciles,

135 5378 183 5429 ad
211 5381 371 5449 quivis
415 5386 773 5443 audiendum
826 5392 1060 5458 paratos
1091 5402 1161 5441 en
1215 5403 1323 5442 nos
1352 5399 1578 5441 omnes.
1614 5384 1721 5440 Ubi

136 5466 353 5541 Princeps
383 5476 438 5529 in
489 5481 696 5531 senatu
728 5480 836 5545 est,
870 5492 1051 5531 causa
1079 5489 1207 5532 esse
1240 5480 1431 5546 potest
1464 5474 1721 5528 circum-

133 5553 363 5620 spiciendi
391 5564 534 5636 quid
570 5566 702 5637 quis
742 5565 936 5622 dicat:
972 5581 1158 5637 prona
1188 5564 1345 5620 enim
1380 5568 1470 5619 est
1500 5563 1721 5618 dicenti

134 5647 247 5711 διδυὰ
274 5649 570 5709 dominum
603 5654 865 5723 oﬁ‘ensio,
900 5670 1007 5710 nec
1056 5670 1124 5709 ea
1155 5652 1203 5710 si
1233 5668 1361 5724 quas
1409 5651 1723 5723 contigerit

1836 4698 1952 4736 non
1995 4678 2165 4750 plane
2209 4673 2427 4745 injuria
2459 4686 2691 4744 passos,
2738 4668 2784 4723 si
2818 4684 2931 4723 non
2977 4667 3051 4721 ob
3100 4665 3285 4730 aliud,
3330 4670 3486 4719 certe

1834 4771 1969 4841 quia
2003 4765 2346 4838 impositum
2380 4760 2706 4817 cervicibus
2736 4757 2996 4813 tulerant
3027 4754 3331 4811 dominum
3356 4754 3485 4808 vita:

1840 4860 2103 4931 ipsorum
2136 4852 2443 4909 arbitrium
2478 4850 2815 4912 habentem,
2848 4846 2940 4900 cui
2972 4845 3126 4916 quod
3152 4848 3381 4898 tantum
3406 4844 3489 4898 ita

1836 4950 2153 5011 videretur,
2187 4959 2316 4998 reos
2349 4957 2412 4997 se
2442 4939 2623 4994 fuisse
2655 4952 2720 4994 ac
2742 4936 2905 5008 juste
2939 4933 3198 5006 punitos.

1911 5083 1994 5135 17.
2032 5076 2321 5149 Responsio
2368 5071 2675 5142 Palmologi
2731 5070 2803 5126 ad
2870 5067 3193 5125 concionem
3237 5073 3484 5137 protovc-

2566 5160 2775 5217 stiarii.

1909 5293 1978 5341 At
2001 5283 2241 5341 Michael
2270 5279 2649 5350 Palaeologus,
2671 5291 2918 5346 magnus
2939 5279 3080 5328 tunc
3102 5266 3484 5327 conostaulus

1832 5378 1919 5435 vel
1952 5392 2083 5432 vere
2116 5376 2314 5429 favens
2344 5370 2429 5425 illi
2461 5369 2633 5438 cujus
2666 5365 2864 5420 uxoris
2892 5360 3250 5418 avunculum
3278 5374 3339 5412 se
3370 5371 3484 5409 me-

1833 5469 2105 5535 minerat,
2129 5470 2185 5519 et
2211 5458 2622 5516 communione
2639 5453 2871 5527 generis
2891 5452 2951 5506 in
2976 5444 3478 5520 participationem

1832 5572 2065 5628 quoque
2090 5530 2278 5623 ipsius
2301 5548 2495 5621 gloriae
2526 5562 2589 5601 se
2617 5548 2924 5600 venturum
2952 5544 3183 5628 putans,
3206 5532 3292 5628 vel
3323 5530 3477 5628 quod

1829 5619 1887 5706 e-t
1932 5619 2058 5718 ipse
2080 5619 2434 5699 adulationis
2466 5634 2849 5705 haud-expers
2871 5624 3220 5698 captandam
3245 5619 3483 5676 duceret
