4034 6200
501 348 608 403 483

1803 331 2114 388 GEORGII
2153 327 2620 383 PACHYMERB
3748 347 3821 402 484

499 471 692 542 ἐκείνῳ
750 468 893 524 οὕτω
940 465 1033 522 καὶ
1062 470 1161 535 τῆς
1215 460 1374 533 δόξης
1407 460 1681 533 οἰόμενος,
1713 456 1749 525 ἢ
1786 457 1890 529 μὴν
1923 453 2013 509 καὶ
2041 454 2150 507 θω-
2181 452 2235 521 Α
2264 454 2483 542 νοῦμενσ
2547 452 2622 542 ὡς
2677 454 2781 528 γάρ
2840 451 2952 542 ἐκεῖ
3004 454 3067 508 τὸ
3100 457 3277 530 χρεὼν
3308 457 3575 533 ἀναγκαῖον
3606 464 3686 520 κᾶν
3711 469 3826 534 νόσος

496 562 766 621 πευτικῶς
814 557 952 630 πρὸς
999 555 1092 610 τὸν
1143 552 1330 628 καιρὸν
1388 547 1811 624 ὑπερχόμενος,
1872 545 2008 616 μετὰ
2061 543 2161 611 τὴν

490 653 596 702 τῶν
633 643 823 700 ἄλλων
854 641 1154 720 ἀπολογίαν
1187 641 1278 696 καὶ
1309 641 1408 708 τήν
1458 635 1868 716 ἐμφαινομένην
1904 632 2166 688 ὑπόπτω-

494 757 575 789 σιν
648 732 1260 810 παρρησιαστικώτερον
1329 729 1468 803 πρὸς
1512 725 1641 788 τοὺς
1695 722 1900 797 λόγους
1964 720 2165 776 ἀπελο-

492 831 667 900 γεῖτοο
851 825 946 895 28]
993 846 1022 874 ‹‹
1077 820 1181 878 Καὶ
1237 818 1289 874 τί
1348 837 1479 872 ποτε
1537 814 1640 891 ἄρα
1699 816 1926 869 τοιαῦτα
1986 809 2170 883 λέγειν

494 915 736 989 παρέστη
772 933 858 967 σοι
913 912 1055 986 πρὸς
1102 912 1250 982 ἡμᾶς
1299 905 1522 981 ἀρτίως,
1557 905 1585 959 ὁ
1616 907 1738 965 ταῖς
1772 900 1942 972 ἀξίαις
2003 900 2168 976 ὑπερ·

498 1005 642 1078 ἔχων
673 1001 898 1056 καὶτῶν
929 997 1115 1055 ἄλλων
1150 997 1323 1073 κρίσει
1358 992 1622 1070 βασιλείῳ
1674 991 2116 1078 ὑπερφερόμενοῗς
2151 1029 2166 1072 ς

495 1073 637 1146 τῖδὲ
661 1111 746 1145 σοι
776 1089 866 1144 καὶ
912 1087 1039 1162 περὶ
1091 1090 1252 1158 ἡμῶν
1284 1082 1548 1154 ἤκουσται
1601 1081 1674 1142 ὡς
1704 1078 1946 1154 ἐγκοτεῖν
2007 1073 2165 1145 δῆθεν

497 1177 803 1234 δοκούντων
857 1175 1157 1231 διοικοῦντι
1215 1175 1284 1228 τά
1344 1169 1654 1247 βασιλέωςς
1711 1167 1792 1229 τίς
1851 1164 1909 1220 δὲ
1966 1185 2024 1219 σε
2077 1165 2168 1218 καὶ

496 1267 796 1322 αἰτιάσαιτο
877 1263 1099 1325 δικαίως
1171 1261 1242 1316 ὧν
1325 1260 1667 1336 ὀργισθέντος
1739 1259 1834 1310 τοῦ
1899 1251 2168 1330 βασιλέως

495 1351 686 1427 ξυνέϐη
762 1355 814 1409 οἱ
889 1356 1124 1422 παθεῖνς
1209 1348 1390 1413 οὐδεὶς
1448 1347 1526 1410 εἷς
1583 1347 1744 1400 τόσον
1793 1339 2167 1418 προεληλύθει

497 1445 712 1519 ἀγνοίας
745 1442 882 1499 ὥστε
913 1442 1004 1498 καὶ
1041 1439 1313 1515 βασιλέως
1345 1438 1514 1514 ὀργὴν
1544 1437 1755 1510 ἀγνοεῖν
1809 1432 1899 1488 καὶ
1942 1433 2042 1500 τὴν
2073 1435 2170 1485 τοῦ

496 1539 686 1608 καιροῦ
769 1534 844 1606 μὴ
928 1529 1123 1586 εἰδέναι
1183 1530 1404 1600 πικρίαν
1440 1570 1458 1598 ,
1514 1525 1689 1594 ὁπόση
1747 1525 1814 1592 ἦν
1872 1522 1962 1576 καὶ
2021 1520 2170 1581 ὅπως

498 1622 735 1699 ἐφῆπται
792 1627 945 1690 πᾶσι,
1005 1619 1098 1674 καὶ
1159 1615 1373 1689 μᾶλλον
1433 1619 1549 1676 τοῖς
1609 1613 2002 1683 πλησιάζουσι.
2062 1615 2146 1665 Κα

499 1697 584 1772 τις
634 1713 759 1786 γὰρ,
823 1709 867 1764 εἰ
931 1709 1004 1781 μή
1041 1706 1232 1782 ποῤῥω
1275 1710 1384 1761 τῶν
1419 1703 1702 1777 ἡμετέρων
1737 1697 1924 1776 ἔτυχεν
1958 1698 2030 1753 ὢν
2065 1698 2171 1752 κάκ

2271 538 2513 615 ἐνσκήψῃ
2562 539 2657 595 κᾶν
2713 543 2828 614 μή,
2887 541 3061 605 οὕτως
3118 542 3340 609 ἐνταῦθα
3390 549 3448 602 τὸ
3497 554 3662 607 παθεῖν
3709 556 3828 631 ἐγγὺς

2270 633 2370 683 τοῦ
2424 633 2627 704 χρεὼν,
2689 631 2785 684 κᾶν
2846 631 2949 686 εἶεν
2988 633 3040 685 οἱ
3095 631 3295 708 λόγους
3350 633 3827 714 ὑποδαλλόμενοικὲν

2277 720 2351 790 μή
2412 718 2534 775 εἶεν.
2583 721 2677 774 Καὶ
2727 718 2789 774 τὸ
2843 719 3167 794 τεταγμένον
3222 723 3306 778 ὑπ’
3362 724 3508 799 ἄλλῳ
3557 731 3635 784 καὶ
3683 730 3827 790 δοῦλον

2273 803 2402 862 ὅντα
2457 805 2581 861 ὅσον
2611 807 2686 870 εἰς
2747 807 2927 878 λύπην
2985 811 3173 865 παθεῖν
3233 808 3466 886 δικαίως,
3516 824 3732 875 τοσοῦτον
3777 825 3830 888 εἲς

2275 895 2617 968 παραμυθίαν
2669 898 2729 952 τὸ
2788 894 2989 960 ἀδίκως
3035 896 3132 953 κᾶν
3181 901 3248 954 τά
3291 902 3507 976 μέγιστα
3540 907 3713 982 πάσχοι
3763 935 3833 967 πα.

2274 986 2405 1040 θεῖν.
2467 988 2578 1038 Ιῐοῦ
2632 983 2810 1038 τοίνυν
2867 986 3055 1056 καιρὸς
3111 991 3219 1040 τῶν
3271 989 3519 1047 τοιούτων
3568 996 3683 1064 ἡμῖν
3705 997 3833 1061 οὕτως

2276 1071 2465 1147 ἔχουσι
2543 1077 2651 1127 τῶν
2735 1074 3073 1149 πραγμάτων
3154 1084 3484 1149 μεμνῆσθαι,
3561 1082 3638 1136 καὶ
3707 1084 3832 1157 μηδὲν

2274 1169 2553 1236 προσῆκον
2626 1163 2751 1234 ὑμῖν
2827 1160 3081 1237 ἔγκλημα
3148 1166 3501 1238 περιάπτειν;
3553 1171 3608 1224 τὸ
3650 1169 3688 1224 δ’
3734 1174 3835 1238 ὑμᾶς

2275 1233 2422 1325 παρὰ
2473 1254 2572 1306 τοῦ
2634 1233 2901 1325 βασιλέως
2957 1233 3229 1324 τιμᾶσθαι
3265 1260 3380 1319 τοῖς
3411 1233 3627 1328 μείζοσιν
3652 1233 3835 1332 ἀξιώῖιιιζ

2277 1361 2358 1393 σιν
2417 1338 2480 1393 οὐ
2545 1338 2762 1412 θέλημα
2823 1339 2987 1412 μόνον
3042 1342 3108 1409 ἦν
3173 1341 3437 1416 βασιλέως
3465 1347 3547 1400 καὶ
3572 1348 3834 1424 σχὲσιςπερὶ

2279 1430 2418 1502 ὑμᾶς
2477 1427 2701 1504 ἄκαιρος
2752 1431 2843 1484 καὶ
2902 1433 3050 1506 ὁρμή
3112 1453 3194 1494 τις
3252 1431 3453 1509 ἄλογός
3479 1458 3532 1491 τε
3559 1439 3834 1514 καὶπεριττὴ

2277 1519 2548 1591 (μαίνοιτο
2600 1519 2661 1573 ἂν
2715 1541 2801 1583 τις
2857 1519 2906 1574 εἴ
2935 1517 3110 1582 οὕτως
3156 1523 3481 1596 ὑπονοοῖτο)⁶
3513 1524 3642 1581 ἀλλὰ
3664 1529 3720 1582 τὰ
3745 1531 3834 1599 ὑμῖν

2277 1607 2550 1683 προσόντα
2577 1606 3051 1682 πλεονεκτήματα,
3109 1611 3198 1665 καὶ
3245 1613 3309 1667 τὸ
3358 1613 3483 1685 ὑπὲρ
3510 1614 3622 1677 τοὺς
3648 1614 3838 1680 πολλοὺς

2279 1695 2475 1752 εἰδέναι
2523 1703 2612 1752 καί
2662 1696 2839 1772 λέγειν
2889 1699 2979 1754 καὶ
3010 1699 3288 1774 πράττειν,
3344 1703 3427 1758 καὶ
3460 1706 3492 1772 ἡ
3537 1707 3656 1779 πρὸς
3687 1706 3835 1760 ἐκεῖνον

496 1783 1082 1875 γένους-ἀλλοδαπός
1139 1794 1292 1864 Πλὴν
1352 1795 1467 1848 ἐπεὶ
1526 1787 1808 1865 ξυμϐαίνει
1860 1786 2165 1882 ,δολοῦσθαι
2202 1818 2246 1882 Β
2277 1783 2497 1882 ὄίδολος¹
2535 1785 2714 1882 πίστι-ς
2761 1787 2850 1842 καὶ
2901 1790 3146 1865 καθαρά,
3204 1792 3295 1846 καὶ
3349 1793 3409 1846 τὸ
3461 1799 3561 1848 τῶν
3615 1795 3836 1868 βασιλείων

496 1888 681 1960 ὅρκοις
735 1887 824 1941 καὶ
880 1887 1168 1955 συνθήκαις
1209 1884 1298 1938 ἐπὶ
1348 1882 1526 1937 πίστει
1570 1877 2028 1954 συνισχημὲνους,
2080 1876 2172 1930 ού·

499 1974 584 2030 δὲν
645 1975 865 2036 ἀπεικὸς
921 1974 1010 2028 καὶ
1075 1972 1304 2046 πάσχειν
1364 1971 1636 2040 ἀνήκεστα
1695 1964 1889 2022 δοκοῦν
1950 1965 2164 2036 ἐκείνῳ,

499 2063 596 2119 κᾶν
679 2062 873 2136 μηδεὶς
942 2061 1211 2134 ἐποτρύνῃ
1281 2060 1598 2134 ἐπηρεάζων
1673 2059 1755 2128 τῷ
1830 2052 2164 2126 πεισομὲνῳ·

506 2156 683 2212 ¹¹Οπου
734 2154 912 2209 τοίνυν
967 2160 1070 2221 τῆς
1129 2150 1302 2211 αἰτίας
1355 2150 1446 2204 καὶ
1488 2150 1516 2203 ὁ
1575 2146 1772 2222 δράσας
1805 2146 2020 2223 ἀφεῖται
2047 2149 2166 2204 τοῖς

502 2244 569 2297 τά
625 2249 725 2312 τῆς
781 2241 1083 2316 μοναρχίας
1129 2238 1510 2312 ἐπισταμένοις
1569 2234 1703 2308 ἴδια,
1751 2234 1936 2311 σχολῇ
1993 2233 2046 2306 γ’
2105 2231 2163 2286 ἂν

505 2329 678 2402 ἀλῴεν
722 2329 887 2384 ἄλλοι
933 2334 1286 2404 συκοφαντεῖν
1339 2327 1732 2400 ὑπονοούμενοι
1777 2324 1867 2380 καὶ
1921 2323 2164 2394 ἐξάπτειν

502 2421 570 2474 τά
621 2426 720 2489 τῆς
779 2420 966 2492 ὀργῆς.
1029 2419 1222 2494 Γέγονε
1276 2421 1443 2472 ταῦτα
1498 2415 1590 2471 καὶ
1650 2411 1922 2490 παρῆλθε,
1981 2409 2162 2467 καὶτὸ

501 2508 626 2580 περὶ
672 2507 938 2563 τοιούτων
990 2508 1190 2582 ἀρτίως
1249 2504 1494 2577 διεξιέναι
1545 2506 1738 2577 ὅμοιον
1792 2501 1972 2574 ὥσπερ
2024 2499 2084 2555 ἂν
2119 2494 2164 2555 εἶ

505 2596 629 2670 περὶ
660 2600 860 2670 νεκρῶν
921 2595 1071 2656 ὅπως
1129 2594 1369 2658 ἐντεῦθεν
1428 2590 1678 2663 ἂπῆλθον
1732 2588 2162 2665 ἐπολυπραγμο-

510 2776 878 2831 occasionem
911 2773 1258 2831 insinuandi
1291 2788 1353 2829 se
1381 2773 1440 2828 in
1471 2772 1720 2845 gratiam
1741 2775 1881 2826 tunc
1913 2767 2162 2840 praepol-

506 2862 775 2934 lentium,
808 2867 943 2935 post
984 2879 1084 2918 eas
1117 2878 1262 2933 quas
1291 2860 1685 2916 indicavimus
1745 2857 2161 2930 responsiones

508 2952 757 3008 aliorum
788 2957 849 3007 et
896 2951 1288 3021 signiﬁcatam
1339 2949 1818 3013 submissionem,
1864 2945 2045 3002 altius
2102 2949 2160 3001 et

507 3040 676 3112 quasi
713 3041 957 3095 liberius
986 3055 1186 3096 vocem
1219 3038 1456 3106 tollens,
1489 3039 1576 3094 sic
1607 3038 1680 3092 ad
1709 3036 2050 3092 concionem
2075 3051 2161 3091 re-

505 3128 779 3199 spondit:
803 3150 830 3178 «
857 3128 964 3194 Qui
993 3127 1102 3183 tibi
1124 3127 1424 3194 tandem;
1447 3125 1743 3197 inquiens,
1776 3147 1804 3175 «
1825 3125 1884 3180 in
1901 3129 2157 3180 mentem

504 3217 664 3271 venit
693 3216 846 3272 hanc
878 3232 1056 3287 quam
1108 3217 1282 3271 modo
1313 3212 1647 3287 explicuisti
1678 3215 1750 3270 ad
1799 3230 1907 3270 nos
1937 3211 2159 3268 oratio-

507 3321 642 3360 nem
675 3304 889 3361 habere
911 3305 938 3359 ‘2
967 3305 1147 3369 Quasi
1196 3321 1311 3360 non
1345 3303 1570 3359 meritis
1603 3307 1660 3358 et
1690 3302 1973 3374 dignitate
2003 3319 2154 3374 prai-

507 3393 770 3448 emineas
811 3393 1037 3464 judicio
1088 3391 1453 3464 imperatoris
1503 3391 1849 3462 praepositus
1897 3390 2150 3447 cunctis.

505 3481 639 3545 Quae
685 3497 856 3552 porro
905 3498 1010 3536 nos
1064 3480 1218 3551 apud
1267 3485 1322 3534 te
1364 3479 1511 3534 falsa
1560 3479 1863 3533 infamavnl
1914 3478 2153 3548 delatio,

505 3575 790 3640 tanquam
843 3568 944 3640 qui
976 3569 1310 3624 videremur
1355 3568 1406 3624 ei
1437 3583 1568 3622 esse
1596 3565 1813 3622 infensi
1861 3566 1963 3637 qui
1994 3567 2149 3623 vices

501 3656 874 3729 imperatoris
903 3657 1170 3728 gereret?
1200 3657 1340 3722 Quis
1363 3661 1560 3711 autem
1593 3655 1696 3710 tibi
1720 3657 1882 3722 juste
1912 3655 2149 3727 culpam

498 3747 754 3818 imputet
783 3762 986 3802 eorum
1019 3762 1148 3817 quae
1205 3745 1277 3800 ab
1307 3745 1396 3800 ira
1424 3745 1570 3800 forte
1600 3745 1814 3800 mortui
1866 3743 2150 3815 principis

500 3835 612 3905 ipsi
645 3837 763 3908 pati
795 3835 1109 3907 contigerit
1136 3834 1164 3890 τ
1193 3834 1374 3890 Nemo
1406 3839 1526 3889 tam
1547 3833 1791 3906 ignarus
1815 3851 2011 3889 rerum
2037 3838 2149 3902 est,

499 3922 589 3978 cui
635 3926 774 3979 nota
804 3940 921 3978 non
955 3924 1032 3980 sit
1083 3927 1296 3978 natura
1332 3922 1460 3992 ejus
1494 3922 1594 3993 qui
1644 3921 1810 3993 prius
1842 3921 2150 3994 imperavit

498 4011 855 4068 iracundior.
889 4013 1031 4077 Quis
1061 4012 1239 4067 etiam
1271 4012 1501 4082 ignoret
1531 4016 1745 4080 quanta
1779 4010 1954 4066 fuerit
1983 4027 2148 4066 acer-

500 4099 648 4156 bitas
679 4100 966 4172 temporis
1015 4101 1197 4167 illius,
1232 4117 1357 4172 quae
1387 4100 1445 4154 in
1496 4115 1702 4155 omnes
1733 4104 2002 4171 grassata
2033 4103 2145 4167 est,

496 4192 554 4244 et
585 4189 775 4260 magis
807 4189 865 4243 in
901 4189 1350 4260 propinquiores
1370 4188 1397 4243 ?
1417 4189 1518 4246 50
1540 4187 1715 4244 Plane
1737 4188 1916 4259 huius
1946 4203 2148 4259 expers

496 4276 607 4331 fuit
638 4278 754 4331 fere
788 4292 984 4342 nemo,
1017 4277 1132 4331 nisi
1186 4278 1332 4332 forte
1363 4277 1799 4332 remotissimus
1827 4294 1857 4332 a
1890 4276 2060 4332 nobis
2091 4281 2148 4333 et

504 4371 636 4420 ortu
667 4363 1144 4420 exterus.Verum
1178 4363 1249 4418 ab
1280 4380 1346 4418 eo
1376 4363 1471 4418 cui
1501 4364 1670 4420 fidem
1703 4369 2068 4421 sacramento
2090 4369 2147 4422 et

497 4452 683 4523 pactis
727 4456 1030 4508 conventis
1072 4452 1388 4523 obligatam
1422 4457 1485 4507 ut
1533 4452 1783 4525 principi
1831 4453 2141 4538 habemus,

2275 1876 2612 1950 πραγμάτων
2677 1877 3019 1950 ὑπερπονεῖν,
3077 1878 3166 1932 καὶ
3222 1878 3403 1936 τᾶλλα
3448 1885 3526 1945 οἷς
3554 1882 3604 1936 ἂν
3634 1882 3838 1952 ὁάληθὴς

2276 1965 2412 2038 ἀνὴρ
2464 1963 2779 2036 σεμνύνοιτο
2825 1963 3083 2036 τοιαύτην
3133 1966 3279 2042 ἔχων
3338 1970 3672 2042 κατάστασιν,
3717 1972 3839 2026 ταῦτα

2273 2053 2374 2122 τήν
2409 2053 2678 2126 βασιλέως
2710 2051 2886 2108 ἔπειθε
2932 2056 3158 2129 γνώμην
3215 2056 3402 2114 καλῶς
3461 2056 3593 2134 ἔχειν
3643 2061 3746 2133 ὑμῖν
3777 2063 3838 2115 καὶ

2272 2145 2435 2212 τιμᾷν
2494 2145 2612 2203 τοῖς
2669 2144 3031 2216 προσήκουσι.
3087 2145 3156 2201 Τί
3215 2143 3276 2200 δὲ
3315 2149 3454 2222 παρὰ
3505 2153 3648 2204 τοῦτο
3691 2149 3759 2203 καί
3780 2170 3837 2209 τις

2273 2225 2533 2299 ἠδικηται
2563 2249 2576 2298 ;
2633 2227 2814 2306 ὥσπερ
2877 2231 2934 2286 ἂν
2996 2234 3099 2288 οὐκ
3129 2231 3320 2297 ἄλλως
3349 2237 3412 2305 ἦν
3443 2237 3562 2301 τοὺς
3587 2236 3754 2298 ἄλλους
3773 2259 3838 2291 τι-

2278 2322 2499 2388 μᾶσθαι,
2560 2317 2605 2371 εἰ
2669 2318 2744 2389 μὴ
2794 2317 2846 2371 ἐν
2900 2318 3101 2394 ἐσχάτῃ
3138 2320 3284 2391 τάξει
3321 2323 3470 2395 ὑμεῖς
3523 2321 3838 2386 τάττοισθε.Εί

2277 2407 2370 2477 μὲν
2428 2405 2528 2480 γὰρ
2590 2404 2761 2468 οὕτως
2811 2410 2878 2476 ἧν
2935 2408 2998 2463 τὸ
3027 2408 3156 2474 τοὺς
3202 2410 3409 2475 ἄλλους
3459 2419 3686 2484 τιμᾶσθαι
3709 2411 3754 2466 ἐκ
3772 2415 3838 2465 τοῦ

2273 2495 2414 2567 ὑμᾶς
2449 2496 2832 2568 ιπαρορᾶσθαι,
2888 2495 3072 2562 καλῶς
3124 2497 3182 2552 ἂν
3244 2499 3390 2575 εἶχεν
3451 2502 3579 2572 ὑμᾶς
3628 2499 3670 2554 ἐν
3714 2500 3839 2559 αἰτίας

2269 2585 2422 2639 εἶναι·
2485 2583 2601 2639 ἐπεὶ
2659 2581 2718 2639 δὲ
2770 2584 2837 2654 ἦν
2898 2588 3010 2660 ἅμα
3059 2586 3149 2642 καὶ
3203 2588 3345 2658 ὑμᾶς
3392 2591 3628 2662 τιμᾶσθαι
3661 2587 3837 2648 καὶτοῖς

2269 2765 2388 2822 sive
2418 2765 2690 2821 adferent
2746 2765 2870 2820 sive
2919 2765 3186 2822 deforent
3215 2767 3463 2840 maligni
3517 2771 3835 2840 suggestores.

2267 2854 2550 2910 Caeterum
2583 2852 2806 2909 homini
2839 2854 2950 2909 sub
2981 2853 3176 2911 aliena
3199 2860 3493 2928 potestate
3523 2855 3786 2912 constituto
3800 2857 3838 2908 et

2266 2959 2386 2998 sua:
2412 2941 3012 3014 conditionejfortunae
3036 2945 3220 3000 manci
3230 2949 3369 3017 pato
3384 2944 3626 3001 servituti
3640 2941 3836 3014 supremi

2266 3030 2510 3100 domini,
2539 3035 2828 3102 quantum
2860 3029 3122 3087 dolorem
3145 3034 3314 3105 angit
3335 3034 3534 3089 inﬂicti
3561 3033 3676 3088 mali
3700 3032 3834 3102 culpa

2266 3122 2646 3189 conscientia,
2679 3138 2797 3194 qua
2825 3138 2888 3177 se
2918 3122 2973 3176 id
3001 3123 3164 3193 juste
3194 3125 3573 3196 promeritum
3612 3120 3834 3194 agnoscit,

2267 3215 2498 3266 tantum
2521 3212 2591 3266 ad
2625 3209 3079 3266 consolationem
3102 3213 3266 3268 valet
3288 3215 3462 3269 etiam
3489 3213 3711 3286 pessime
3730 3208 3838 3265 mul-

2268 3300 2402 3356 tatis
2431 3299 2786 3367 innocentia,
2813 3301 2982 3371 cujus
3015 3300 3124 3371 ipsi
3158 3307 3311 3358 tcste
3345 3303 3452 3357 sibi
3477 3305 3625 3367 sunt,
3651 3304 3699 3354 et
3723 3300 3836 3352 certa

2263 3389 2399 3444 inde
2424 3394 2558 3445 nata
2575 3387 2875 3460 persuasio
2899 3405 3026 3445 sese
3048 3389 3274 3460 injuste
3299 3393 3412 3460 pati
3439 3408 3558 3461 quae
3583 3389 3832 3461 perferunt.

2261 3477 2408 3542 Quid
2443 3493 2580 3547 ergo
2613 3475 2816 3548 utique
2847 3478 3018 3533 nobis
3050 3484 3215 3534 vacat
3254 3481 3363 3535 hoc
3396 3477 3696 3550 reipublicae
3718 3478 3830 3529 statu

2262 3567 2551 3638 ejusmodi
2575 3570 3004 3623 transactarum
3032 3568 3156 3639 jam
3190 3586 3391 3624 rerum
3423 3574 3478 3623 et
3497 3563 3816 3623 oblitteranda

2260 3673 2392 3711 rum
2425 3656 2785 3720 meminisse,
2835 3656 3179 3727 crimenque
3208 3658 3378 3713 vobis
3425 3658 3676 3728 efﬁngere
3703 3671 3726 3708 ει
3751 3665 3831 3721 quo

2258 3747 2400 3800 eslis
2432 3743 2776 3800 alienissimi
2811 3747 2833 3798 ἓ
2861 3745 3004 3800 Nam
3033 3746 3186 3816 quod
3221 3748 3301 3801 ab
3333 3747 3659 3817 imperatore
3686 3738 3831 3812 digni-

2258 3835 2479 3892 tatibus
2493 3833 2638 3889 estis
2651 3832 3038 3904 amplissimis
3051 3837 3269 3904 ornati,
3288 3853 3401 3890 non
3420 3836 3472 3889 id
3492 3830 3828 3904 imputandum

2259 3923 2449 3979 solum
2466 3922 2664 3995 gratias
2687 3926 2743 3977 et
2761 3922 3040 3978 benevolo
3054 3923 3110 3978 in
3127 3941 3231 3979 vos
3246 3923 3444 3980 studio
3463 3922 3831 3987 faventisAugu-

2258 4013 2353 4081 sti,
2383 4011 2554 4084 quasi
2581 4010 2630 4067 is
2655 4011 3065 4083 intempestivo
3081 4013 3138 4068 in
3156 4030 3261 4069 vos
3278 4014 3375 4069 ind
3389 4012 3582 4084 uigens
3595 4005 3830 4066 atiectuiet

2258 4103 2542 4173 impetum
2576 4101 2801 4156 ratione
2831 4105 3126 4156 carentem
3164 4102 3417 4156 nimium
3452 4115 3680 4172 sequens
3704 4095 3748 4148 id
3775 4093 3831 4146 le-

2257 4188 2528 4246 ceril.5l
2569 4187 2830 4244 Insaniat
2849 4188 3104 4260 profecto
3141 4189 3343 4260 quisic
3377 4189 3598 4244 sentiat.
3623 4183 3711 4238 Sed
3738 4191 3831 4249 qua

2256 4279 2461 4334 insunt
2480 4277 2644 4332 vobis
2664 4276 2911 4343 eximiae,
2938 4276 3156 4347 quibus
3179 4295 3363 4349 supra
3383 4275 3593 4333 caeteris
3607 4265 3828 4328 excellitis

2255 4365 2704 4437 dotes,facultas
2729 4356 3830 4438 intelligendi,loquendietagendimelins

2257 4472 2433 4526 quam
2468 4454 2753 4526 plerique,
2787 4453 3014 4509 sincera
3042 4453 3101 4509 in
3136 4453 3306 4510 illum
3353 4471 3418 4510 ac
3452 4452 3560 4508 luci
3588 4462 3758 4520 expers
3780 4441 3830 4496 ﬁ-

494 4541 673 4598 etiam
733 4539 1135 4597 intolerabilia
1187 4541 1426 4596 ferenda
1479 4546 1637 4612 sunt,
1671 4541 1721 4597 si
1773 4541 1824 4597 ei
1882 4533 2142 4613 libuerit,
2180 4545 2222 4610 D
2255 4545 2376 4610 des,
2401 4543 2708 4599 laboresin
2729 4533 3831 4615 administrationereipiiblicaaassidui9t

496 4635 797 4702 utcunque
846 4646 1019 4686 nemo
1049 4645 1185 4685 eum
1243 4628 1510 4702 impellat
1532 4635 1635 4686 aut
1664 4629 1939 4703 malignis
1989 4632 2142 4689 dela-

493 4719 758 4776 tionibus
789 4718 984 4774 irritet
1014 4719 1072 4773 in
1129 4719 1436 4788 miserum,
1470 4718 1565 4775 cui
1595 4724 1684 4775 est
1713 4720 2002 4778 infensus.
2038 4721 2144 4777 Ubi

494 4823 632 4878 ergo
666 4808 792 4878 ipse
829 4807 931 4879 qui
963 4808 1165 4864 nocuit
1193 4807 1422 4879 injuria:
1470 4807 1812 4878 absolvitur,
1837 4809 1972 4879 jure
2013 4825 2146 4880 pro-

494 4900 621 4968 prio
649 4899 810 4969 regni
845 4898 1073 4953 cunctis
1106 4904 1263 4968 noto,
1295 4898 1548 4954 otiosum
1579 4914 1721 4954 sane
1751 4899 1930 4953 fuerit
1960 4901 2145 4955 inces-

493 5002 621 5041 scrc
652 4985 798 5042 alios
819 4985 1260 5057 suspicionibus
1283 4985 1784 5044 calumniosarum
1813 4988 2142 5060 suggestio-

496 5091 661 5138 num,
691 5074 908 5145 quibus
939 5073 1085 5129 iram
1114 5075 1383 5131 videlicet
1430 5076 1598 5160 quasi
1630 5093 1742 5131 non
1778 5093 1882 5147 per
1907 5093 1970 5132 se
1999 5078 2143 5135 satis

493 5163 798 5220 ardentem
832 5163 1222 5220 accenderint.
1250 5164 1512 5220 Fuerunt
1543 5165 1681 5230 haec,
1704 5169 1761 5220 et
1779 5166 2144 5223 transierunt

489 5258 547 5308 et
579 5253 637 5306 in
670 5252 764 5307 his
796 5254 968 5308 modo
1002 5269 1273 5309 sermone
1305 5253 1693 5308 retractandis
1724 5253 2028 5311 immorari
2059 5256 2142 5312 si-

489 5340 626 5395 mile
658 5341 833 5396 fuerit
863 5357 928 5396 ac
961 5343 1010 5397 si
1045 5343 1114 5396 de
1160 5342 1413 5396 mortuis
1444 5358 1548 5396 cur
1577 5342 1942 5398 decesserint
1972 5347 2144 5400 anxia

490 5430 840 5486 instituatur
895 5429 1228 5501 inquisitio.
1263 5429 1337 5484 Ut
1394 5431 1546 5485 enim
1597 5429 1677 5484 ibi
1712 5430 1908 5486 fatalis
1940 5447 2141 5489 neces-

485 5520 652 5586 sitas,
713 5519 833 5574 sive
867 5519 1108 5573 morbus
1168 5516 1456 5588 ingruerit
1507 5517 1770 5573 sonticns
1827 5519 1948 5575 sive
2001 5537 2142 5589 non,

485 5622 728 5664 causam
787 5606 1057 5678 absolvit,
1088 5605 1173 5663 ita
1203 5610 1261 5662 et
1317 5605 1440 5663 meo
1469 5622 1578 5664 nos
1605 5607 1728 5679 pati
1761 5606 1947 5666 fatum
2007 5611 2139 5684 fuit,

2256 4632 2472 4704 magni,
2493 4635 2836 4702 caeteraque,
2852 4647 2979 4702 quae
2998 4647 3304 4687 summum
3323 4633 3372 4703 ej
3386 4648 3452 4686 ns
3470 4627 3670 4685 ordinis
3687 4622 3826 4675 virum

2253 4721 2342 4777 vel
2362 4720 2614 4776 maxime
2635 4720 3068 4784 commendent,
3083 4720 3494 4793 imperatorem
3519 4719 3572 4772 in
3595 4717 3738 4770 istam
3757 4722 3829 4762 vos

2256 4809 2630 4883 promovendi
2677 4812 2734 4864 et
2764 4813 2829 4864 ut
2866 4826 2973 4881 par
3001 4815 3128 4865 erat
3174 4808 3498 4865 honorandi
3545 4797 3826 4883 sententiain

2255 4880 2575 4954 traxerunt.
2600 4897 2744 4964 Quid
2767 4880 2965 4953 autem
2981 4897 3112 4963 hoc,
3136 4915 3360 4970 quieso,
3381 4898 3636 4965 cuiquam
3659 4880 3831 4980 nonut?

2254 4989 2432 5055 Quasi
2461 5003 2596 5042 vero
2628 5003 2744 5042 non
2777 4986 2949 5042 aliter
2977 4987 3276 5059 potuerint
3325 4987 3424 5042 alii
3456 4979 3720 5040 honorari,
3745 4972 3828 5028 nisi

2252 5093 2353 5132 vos
2388 5076 2445 5130 in
2479 5079 2696 5131 sortem
2726 5074 3000 5131 ultimam
3034 5074 3515 5132 detrudercmini.
3550 5071 3673 5128 Nam
3703 5075 3828 5123 senm

2253 5166 2300 5220 si
2329 5165 2409 5221 ita
2442 5182 2534 5220 res
2563 5163 2804 5219 haberet
2835 5167 2898 5220 ut
2922 5164 3057 5220 aliis
3088 5169 3361 5237 speratus
3386 5167 3670 5236 optatusve
3689 5155 3831 5208 honor

2252 5271 2321 5312 ex
2350 5254 2522 5310 vestri
2549 5254 2824 5325 despectu
2859 5257 2917 5308 et
2941 5252 3318 5325 depressione
3341 5253 3623 5326 penderet,
3643 5237 3830 5317 possent

2253 5361 2386 5400 cum
2419 5342 2618 5414 aliqua
2651 5342 2844 5414 specie
2879 5343 2956 5398 im
2971 5347 3173 5414 putare
3202 5343 3372 5398 vobis
3402 5339 3700 5412 neglectum
3728 5341 3831 5420 puro:

2253 5435 2471 5506 prium,
2495 5431 2595 5504 qui
2615 5447 2676 5488 se
2703 5432 3030 5504 praeteritos
3053 5435 3403 5503 queruntur.
3428 5432 3562 5486 Cum
3588 5438 3702 5480 vero
3721 5409 3830 5514 nillil

2254 5505 2619 5595 prohibuerit
2650 5520 2972 5592 quominus
3018 5526 3075 5577 et
3103 5538 3204 5577 vos
3251 5515 3623 5579 ornaremini,
3651 5514 3699 5566 et
3729 5505 3830 5560 aliis

2255 5609 2651 5685 contingerint
2676 5609 2896 5667 meritas
2927 5614 3032 5668 aut
3051 5610 3375 5683 concupita:
3397 5605 3701 5681 dignitates,
3726 5605 3828 5651 cum
