4034 6200
421 337 524 394 487

1721 313 2026 368 GEORGII
2065 314 2534 371 PACHYMERE
3693 313 3776 368 488

418 459 516 521 τὰς
569 453 812 534 φυλακὰς
865 449 963 514 τὴν
1000 445 1094 520 μὲν
1157 439 1425 518 βασιλέως
1471 433 1940 534 ἀνδράσιιπιστοῖς.
1983 431 2068 508 ἐγ·
2098 437 2151 504 Α
2184 434 2323 491 λὲων
2382 434 2606 506 ζηλοῦν,
2683 440 2779 491 106
2841 436 2936 509 μὲν
2996 429 3476 534 81t'payyavelatr
3530 437 3785 534 taig‘na‘p'

420 522 686 626 χειρίσας,
743 539 839 607 τήν
901 533 958 590 δὲ
1012 537 1109 589 106
1180 528 1467 608 βασιλικοῦ
1536 523 1787 598 ταμιείου
1866 522 2068 598 ἑτέροις

421 612 628 709 όκμοίως
657 632 874 688 πιστοῖς
921 625 1013 680 καὶ
1070 620 1259 693 ἀξίοις,
1293 618 1397 674 ἀπὸ
1454 614 1686 671 πολλῶν
1714 614 1776 668 τὸ
1810 612 2069 686 ἐχέγγυον

411 701 661 799 ἕξουσιν,
695 721 768 774 ὢν
803 715 870 786 δὴ
906 716 933 770 ὁ
965 711 1264 789 λογοθὲτης
1295 709 1418 799 τότε
1446 709 1553 799 τῶν
1588 701 1798 799 ἀγελῶν
1830 702 1858 755 ὁ
1886 702 2060 799 Ἀγιῗ.

405 809 740 879 Θιοδωοίτης
812 806 1060 880 ἐξηγεῖτο
1139 800 1302 862 αὐτὸς
1378 796 1466 851 ἐπὶ
1534 801 1652 856 ταῖς
1708 796 1816 847 τῶν
1873 794 2070 845 κοινῶν

406 876 710 972 διοικήσεσι
749 876 883 972 μετᾶ
924 876 1049 948 γτῶν
1111 890 1322 946 λοιπῶν
1383 876 1869 958 ἐσπουδαιοτρίϐει.
1933 887 2068 933 Συν-

402 989 685 1046 ετάττοντο
744 984 927 1040 τοίνυν
963 979 1353 1057 προστάγματα
1408 975 1689 1046 πανταχοῦ
1721 968 1937 1024 πόλεων
1967 972 2067 1035 τῆς

405 1078 692 1152 Ῥωμαίων
739 1081 842 1150 γῆς
885 1055 1404 1139 ἀποσταλησόμενα,
1464 1061 1554 1116 καὶ
1611 1060 1727 1114 κατ’
1765 1055 1940 1119 ἄλλας
1975 1057 2067 1128 μὶν

409 1147 596 1245 χρείας
640 1147 845 1239 ἔτερ-ας,
875 1161 938 1215 τὸ
989 1156 1045 1212 δὲ
1088 1155 1344 1211 πλεῖστον
1399 1152 1489 1207 καὶ
1541 1151 1790 1225 μέγιστον
1820 1147 1956 1202 κατά
2009 1166 2068 1214 τε

413 1235 654 1327 ξῆλωσιν
682 1235 784 1308 106
815 1246 1042 1304 Θανάτου
1089 1251 1185 1301 106
1235 1243 1522 1319 βασιλέως,
1556 1241 1668 1313 ἅμα
1712 1237 1770 1292 δὲ
1821 1235 1912 1290 καὶ
1968 1240 2068 1303 τῆς

409 1324 506 1401 106
561 1344 685 1397 νέου
740 1338 1008 1415 βασιλέως
1038 1335 1405 1411 ἆναρῥήσεως,
1463 1331 1554 1385 καὶ
1607 1332 1704 1384 106
1744 1326 1819 1390 εἷς
1862 1324 2069 1380 ἐκεῖνον

413 1413 795 1510 προστίθεσθαι
857 1429 1021 1503 χάριν
1083 1426 1373 1494 συνθήκαις
1436 1419 1611 1496 ὅρκων
1666 1415 1800 1471 κατὰ
1849 1415 1910 1468 τὸ
1942 1413 2067 1467 σύν-

413 1505 564 1593 ηθες.
641 1518 739 1574 Καὶ
799 1516 1088 1591 ὲξετίθεντο
1144 1513 1238 1586 μὲν
1295 1512 1362 1565 τὰ
1418 1505 1864 1582 προσταττόμενα
1917 1523 2067 1574 παμ-

414 1591 636 1681 πληθεῖ,
692 1608 785 1670 τὰς
851 1605 907 1661 δὲ
946 1602 1016 1659 δι’
1047 1604 1283 1677 ἐρυθρῶν
1322 1597 1608 1673 βασιλικὰς
1640 1591 2067 1666 ὑποσημάνσεις,

417 1706 530 1762 ἐπεὶ
600 1706 700 1759 οὐκ
773 1705 837 1771 ἦν
915 1700 1005 1754 τὸν
1075 1698 1193 1753 νὲον
1258 1694 1485 1772 βασιλέα
1541 1697 1704 1768 χεῖρα
1756 1696 1924 1746 κινεῖν
1978 1686 2068 1742 καὶ

417 1793 902 1867 ὑποσημαίνεσθαι,
960 1793 1040 1861 τῷ
1098 1785 1400 1857 δηλωθέντι
1433 1781 1696 1859 λογοθὲτῃ
1724 1781 1828 1836 τῶν
1857 1781 2069 1855 ἀγεΛῶν

414 1889 591 1938 ποιεῖν
621 1877 949 1936 ἐνεδίδοσαν.
989 1879 1044 1930 Ὁ
1108 1877 1202 1950 μὲν
1255 1875 1345 1929 οὖν
1403 1868 1898 1948 πρωτοϐεστιάριος
1929 1869 2065 1944 πρὸς

413 1976 532 2036 ταῖς
559 1971 818 2046 περὶτῶν
879 1965 1064 2024 ἄλλων
1110 1963 1386 2043 φροντίσιν
1418 1965 1508 2034 ἦν,
1558 1961 1646 2016 καὶ
1680 1959 1934 2035 ἀσχόλως
1993 1958 2065 2012 εἶ-

414 2083 534 2137 χεν,
594 2057 862 2132 ἐλευθέρῳ
893 2057 1185 2132 χρώμενος
1245 2054 1320 2116 ὡς
1377 2049 1544 2125 μηδὲν
1580 2046 1934 2122 ὑπειδόμενος
1990 2051 2069 2119 τῷ

415 2151 725 2228 φρονήματι
759 2146 836 2224 ἐφ’
872 2146 951 2207 οἷς
982 2140 1260 2218 ἔπραττεν.

427 2285 536 2354 ιη’.
603 2281 873 2343 Ἐπίοεσις
936 2282 1034 2334 106
1106 2279 1333 2351 στρατοῦ
1396 2276 1534 2330 κατᾶ
1595 2278 1703 2329 τῶν
1761 2268 2068 2342 Μουζαλώ-

1185 2387 1311 2422 νων.

490 2491 592 2546 Ἦν
645 2485 702 2542 at
758 2487 860 2558 ἄρα
892 2487 919 2539 ὁ
950 2485 1086 2558 πρὸς
1129 2482 1330 2538 ἐκεῖνον
1365 2483 1558 2560 φθόνος
1591 2479 1843 2536 οἶδαίνων
1882 2475 2072 2552 βαρὺς,

417 2577 508 2631 καὶ
567 2575 740 2636 δεινὸς
776 2576 1030 2650 ὑφεῖρπεν
1082 2571 1272 2643 ἐκείνῳ
1309 2573 1383 2643 μὴ
1443 2573 1503 2625 τὸ
1535 2570 1758 2625 σύνολον
1801 2567 2068 2627 ἐπαΐοντι.

421 2665 516 2719 Καὶ
579 2666 612 2730 ἡ
675 2665 872 2734 σκῆψις
905 2665 1011 2715 τῶν
1059 2659 1388 2734 ἀπορρήτων
1419 2659 1535 2714 κατ’
1595 2658 1797 2713 ἐκείνου
1826 2663 1944 2720 τοῖς
1978 2658 2074 2733 ὀρ-

421 2753 737 2828 γιζομένοις
791 2751 868 2812 ὡς
924 2750 1148 2819 πιθανήο
1207 2745 1426 2802 ἐδόκουν
1486 2748 1587 2822 γὰρ
1633 2746 1722 2802 καὶ
1756 2748 1887 2822 ὑπὲρ
1923 2747 2074 2822 βασι-

425 2879 757 2950 prreposita,
795 2876 1070 2930 similiter
1099 2876 1372 2930 aerarium
1425 2875 1654 2946 regium
1711 2875 2070 2930 servandum

430 2967 560 3022 aliis
593 2965 956 3021 concredidit
987 2980 1151 3035 aeque
1183 2965 1444 3035 probatis
1472 2981 1538 3020 ac
1563 2963 1764 3020 multis
1784 2963 2076 3035 variisque

427 3054 842 3128 experimentis
862 3053 1348 3126 compertissima:
1376 3053 1486 3108 sibi
1504 3053 1634 3108 ﬁdei
1651 3053 2075 3126 viris,quorum

425 3146 544 3200 dux
576 3148 701 3200 erat
740 3143 1041 3216 agelarum
1103 3143 1224 3198 sive
1283 3158 1528 3215 gregum
1589 3147 1728 3199 tunc
1775 3143 2075 3216 logotheta

431 3233 1001 3303 Hagiotheodorites;
1037 3232 1254 3302 quibus
1308 3231 1389 3286 ita
1445 3232 1720 3302 provisis,
1754 3234 1880 3304 ipse
1939 3247 2074 3287 cum

432 3322 678 3393 reliquis
721 3326 939 3377 caeteras
967 3321 1372 3392 gubernationi
1407 3322 1738 3394 reipublicae
1769 3328 1989 3380 attente
2018 3339 2084 3380 ac

433 3413 698 3468 studiose
718 3414 979 3466 vacabat.
996 3410 1418 3466 Scribebantur
1435 3429 1572 3483 ergo
1589 3413 1776 3468 edicta
1803 3415 1860 3467 in
1883 3429 2085 3469 omnes

433 3507 708 3558 Romanae
740 3499 980 3555 ditionis
1010 3502 1186 3555 urbes
1217 3499 1523 3570 mittenda,
1558 3517 1691 3556 cum
1724 3503 1794 3557 ad
1819 3501 1934 3558 alia
1955 3519 2084 3574 quis

433 3607 693 3662 praesens
728 3588 1005 3661 poscebat
1033 3604 1199 3657 usus,
1235 3594 1358 3644 tum
1393 3589 1451 3644 in
1485 3590 1716 3661 primis,
1749 3592 1906 3662 quod
1951 3592 2081 3647 uui-

433 3695 600 3735 verse
645 3694 848 3734 omnes
881 3683 1155 3748 spectans
1207 3679 1446 3734 maximi
1504 3681 1788 3736 momenti
1844 3687 1989 3751 erat,
2022 3684 2086 3736 ut

439 3767 868 3839 significaretur
887 3783 1046 3822 mors
1073 3767 1467 3838 imperatoris,
1490 3772 1547 3824 et
1569 3769 1735 3840 pueri
1754 3769 1858 3824 lilii
1877 3773 1926 3839 ei
1940 3789 2005 3826 us
2025 3771 2082 3826 in

440 3856 630 3912 locum
663 3856 792 3926 ejus
814 3855 1131 3925 successio;
1156 3857 1538 3912 mandaretur
1565 3863 1630 3912 ut
1650 3874 1855 3914 omnes
1879 3861 2085 3915 stude-

438 3949 570 4000 rent
593 3959 782 4000 anovo
809 3943 1072 4016 principe
1091 3946 1340 4016 gratiam
1369 3945 1537 4013 inire,
1561 3947 1875 4018 obliganda
1897 3949 1947 4004 ei
1972 3948 2086 4005 ﬁde

438 4039 718 4090 consueto
735 4033 836 4088 tali
857 4035 1163 4089 occasione
1188 4041 1577 4092 sacramento.
1610 4037 1669 4091 In
1701 4054 1828 4093 eam
1861 4045 2088 4094 senten-

437 4123 581 4177 tiam
613 4122 1076 4178 conficiebantur
1107 4140 1318 4196 magno
1350 4125 1526 4180 simul
1563 4127 1760 4182 labore
1811 4129 1912 4184 54
1951 4127 2085 4199 plu-

440 4211 595 4265 rium
632 4211 956 4266 scribarum
992 4211 1309 4283 diplomata
1331 4229 1576 4270 numero
1607 4231 1786 4287 quam
1805 4216 2083 4288 maximo,

441 4315 689 4371 quorum
722 4299 930 4354 rubras
963 4301 1449 4372 subscriptiones,
1483 4319 1610 4373 quae
1633 4303 2085 4376 manuirnpera-

441 4387 588 4444 toris
619 4387 741 4443 ﬁeri
777 4387 1088 4457 debebant,
1135 4391 1413 4460 quoniam
1454 4408 1697 4447 manum
1748 4391 1939 4447 adhuc
1989 4409 2090 4463 per

442 4482 668 4532 aetatem
703 4493 849 4548 puer
879 4477 1197 4548 imperator
1253 4494 1484 4534 movere
1535 4482 1607 4536 ad
1666 4481 1722 4536 id
1781 4482 2084 4552 nequibat,

2178 526 2395 583 ἐκείνων
2447 525 2916 585 συσκευασθείσαις
2975 522 3166 590 νοσοίη
3195 523 3281 576 καὶ
3345 522 3415 582 ὡς
3443 525 3607 582 κακῶς
3636 520 3783 577 ἀπαλ-

2179 613 2355 686 λάξειε
2385 614 2661 689 πρόωρος,
2713 617 2808 668 106
2858 611 2916 667 δὲ
2969 611 3052 667 δτι
3109 609 3354 686 βασιλειᾷ
3381 609 3468 664 καὶ
3500 611 3781 686 ὑφαρπάζειν

2174 706 2274 774 τήν
2332 705 2511 779 ἀρχὴν
2573 702 2775 778 μελετᾷ
2829 703 2917 756 καὶ
2977 706 3161 775 μεῖζον
3191 699 3225 768 ἢ
3257 699 3370 762 καθ’
3428 698 3577 753 αὐτὸν
3608 705 3782 776 φρονεῖ,

2176 797 2514 870 περιφρονῶν
2567 797 2664 847 106
2723 790 2991 868 βασιλέως
3021 789 3110 844 καὶ
3167 790 3264 858 τήν
3300 787 3561 863 βασιλείαν
3588 789 3779 861 $611900-

2178 885 2341 945 ώπως
2406 880 2870 954 ὑποποιούμενος.
2927 882 3062 942 Τοῖς
3091 875 3148 933 δὲ
3174 882 3284 932 τῶν
3315 877 3524 948 ξενικῶν
3565 875 3782 947 Ἰταλοῖς,

2176 971 2268 1034 οὕς
2325 971 2391 1040 δὴ
2437 971 2526 1026 καὶ
2584 971 2686 1026 ὑπὸ
2738 975 2901 1045 χεῖρα
2932 969 3075 1042 εἶχεν
3137 968 3164 1022 ὁ
3227 967 3389 1040 μέγας
3442 966 3764 1027 κονοσταῦ).ος

2174 1067 2265 1123 καὶ
2314 1067 2461 1124 ἄλλα
2518 1065 2614 1122 ἵδι’
2671 1065 2800 1121 ἄττα
2831 1068 2965 1134 ἦσαν
2993 1072 3093 1134 τῆς
3125 1064 3241 1118 κατ’
3293 1062 3502 1118 ἐκείνων
3533 1063 3690 1137 ὁρμῆς
3715 1036 3783 1116 ai:

2172 1158 2433 1230 τιάματα,
2473 1156 2547 1220 ὡς
2577 1156 2726 1229 ποιρᾶ
2753 1151 3170 1222 Μουζαλώνων,
3225 1152 3316 1207 καὶ
3378 1149 3582 1224 μᾶλλον
3610 1153 3682 1224 [Ρ.
3708 1154 3779 1224 31]

2177 1247 2294 1306 ἑνὸς
2317 1249 2413 1299 106
2442 1245 2688 1320 πρώτου,
2747 1247 3026 1315 στεροῖντο
3079 1246 3282 1310 ζῶντος
3321 1239 3581 1315 βασιλέως
3607 1244 3700 1294 τῶν
3725 1241 3784 1303 εἰς

2177 1334 2335 1410 ρόγας
2414 1333 2600 1394 αὐτοῖς
2679 1329 3160 1406 ἆποτεταγμένων,
3221 1331 3318 1392 ’ὡς
3401 1336 3782 1406 καταφρονοῖντο

2175 1423 2255 1500 ἐφ’
2314 1425 2397 1483 οἷς
2459 1419 2731 1476 ἐδικαίουν
2787 1418 3013 1481 ἑαυτοὺς
3070 1419 3421 1490 τετιμῆσθαι,
3461 1419 3532 1479 ὡς
3561 1425 3649 1486 τῆς
3674 1420 3784 1493 πρὸς

2180 1509 2407 1585 βασιλέα
2477 1508 2857 1565 ἀποκλείοιντο
2937 1507 3247 1583 παρῥησίας
3333 1505 3631 1581 εἶσηγήσεσι
3690 1513 3784 1568 ταῖς

2175 1598 2419 1667 ἐκείνου,
2479 1598 2553 1659 ὡς
2611 1597 2893 1669 ἀτιμοῖντο
2946 1599 3042 1649 106
3100 1587 3593 1669 πρωτοϐεστιαρίου
3643 1613 3787 1668 προσ-

2171 1689 2482 1749 τάσσοντος.
2544 1685 2780 1747 Τούτοις
2833 1685 2922 1739 καὶ
2981 1689 3097 1745 τοῖς
3135 1681 3411 1744 τοιούτοις
3464 1683 3523 1736 τὸ
3554 1683 3716 1752 ξανθόν
3739 1703 3786 1736 τε

2099 1817 2146 1882 Β
2177 1776 2266 1831 καὶ
2320 1776 2637 1852 ἁρειμὰἱνιον
2695 1775 2851 1850 γένος
2902 1772 3276 1845 ἐπεοιζόμενοι
3325 1770 3534 1844 ἕτοιμοι
3562 1772 3683 1840 ἦσαν
3711 1792 3789 1825 κα-

2333 1867 2342 1881 υ
2552 1863 2565 1882 ἳ
2645 1864 2655 1882 Ι
2887 1863 2900 1882 9
3023 1863 3034 1882 Ι
3371 1881 3381 1882 κ
3440 1881 3448 1882 κ
3645 1860 3689 1882 Δῖ
3728 1860 3736 1880 1

2175 1867 2489 1942 τασφάττειν
2549 1863 2804 1933 ἐκείνους,
2860 1863 2904 1916 εἰ
2968 1863 3134 1936 μόνον
3161 1883 3248 1923 τις
3279 1881 3604 1936 παρορμῳη.
3633 1860 3786 1916 Αἶτίαν

2178 1953 2234 2010 δὲ
2291 1950 2446 2029 ἔσχεν
2507 1953 2582 2016 εἷς
2639 1957 2825 2024 τοῦτο,
2857 1951 2929 2012 ὡς
2979 1952 3006 2005 ὁ
3035 1955 3143 2005 τῶν
3175 1947 3407 2005 πολλῶν
3437 1948 3590 2024 λόγος
3621 1943 3741 2022 ἔχει,
3767 1949 3788 2003 ὁ

2174 2043 2380 2099 τούτων
2438 2049 2540 2112 τῆς
2593 2040 2876 2119 φάλαγγος
2925 2037 3290 2113 ἐξηγούμενος
3331 2081 3344 2104 ,
3403 2037 3464 2099 ὃς
3517 2037 3601 2091 καὶ
3647 2036 3786 2090 πάλαι

2182 2132 2278 2206 μὲν
2338 2131 2702 2205 ὡρμημένους
2753 2127 2948 2191 αὐτοὺς
3004 2123 3128 2182 τότε
3187 2124 3232 2180 δ’
3291 2124 3600 2203 ἐξαφθὲντας
3650 2123 3785 2179 πλέον

2179 2221 2457 2281 ἀνεθέντας
2509 2222 2608 2273 τοῦ
2665 2213 2839 2292 φόϐου
2895 2216 2986 2272 καὶ
3040 2213 3394 2290 δρασείοντας
3449 2215 3511 2269 τὰ
3564 2215 3790 2284 ἀνήκεστα

2177 2309 2230 2381 ἐξ
2285 2309 2511 2382 ἑτοίμου
2567 2307 2786 2378 ἠρέθισε
2838 2305 2930 2361 τὸν
2991 2307 3154 2380 φόνον
3217 2305 3585 2376 ἐπιτολμῆσαι
3634 2303 3788 2377 καιρὸν

2179 2396 2429 2474 ἔχοντας.
2461 2396 2566 2453 Καὶ
2598 2397 2625 2450 ὁ
2668 2395 2835 2471 λόγος
2874 2393 2935 2450 ἐκ
2961 2399 3070 2450 τῶν
3104 2393 3324 2467 ὕστερον
3355 2393 3502 2468 φέρει
3547 2393 3604 2448 τὸ
3654 2393 3790 2446 πιθα-

2178 2489 2290 2544 νόν·
2323 2485 2446 2543 οὐδὲ
2498 2488 2602 2560 γὰρ
2663 2485 2722 2540 ἂν
2757 2482 3037 2558 ἐτόλμων,
3063 2483 3114 2539 εἷ’
3145 2485 3220 2556 μή
3282 2505 3431 2546 τινας
3478 2479 3788 2558 προϐιϐάσας

2182 2579 2353 2653 εἶχόν,
2412 2575 2728 2639 ἀλλοεθνεῖς
2786 2568 2936 2636 ὄντες
2967 2573 3057 2628 καὶ
3087 2573 3149 2628 τὸ
3209 2572 3380 2628 πλέον
3415 2570 3679 2644 ἐπήλυδες.
3709 2571 3787 2625 Καὶ

2182 2666 2227 2722 εἷ
2277 2666 2448 2728 οὕτως
2482 2665 2632 2739 εἶχον
2689 2663 2777 2717 καὶ
2842 2664 3007 2735 μόνος
3066 2660 3309 2738 θαρρεῖν,
3379 2662 3576 2738 ἀνάγκη
3628 2661 3791 2722 παντὸς

2187 2753 2400 2829 μᾶλλον
2421 2753 2514 2809 τὸν
2545 2753 2740 2830 ἄγοντα
2772 2750 3185 2808 ὑποπτεύεσθαι.

2185 2901 2360 2970 hujus
2383 2898 2627 2970 magicis
2651 2896 2956 2953 maleﬁciis
2979 2896 3182 2952 morbo
3195 2900 3605 2968 consumptum
3625 2893 3792 2948 etdira

2186 2989 2501 3044 immature
2522 2991 2708 3041 morte
2735 2985 3220 3049 sublatum,hunc
3244 3002 3380 3040 vero
3406 2984 3793 3040 miserabantur

2187 3095 2319 3133 mox
2350 3075 2701 3149 privandum
2734 3075 2982 3146 imperio
3015 3073 3236 3144 injuste
3261 3074 3435 3130 istius
3459 3073 3509 3128 vi
3538 3071 3790 3130 elfcrenlis

2107 3182 2150 3250 ρ
2181 3183 2243 3222 se
2273 3165 2535 3237 improbe
2563 3181 2742 3234 supra
2776 3163 3066 3234 privatum
3102 3165 3369 3231 modum,
3406 3169 3461 3218 et
3483 3164 3626 3218 haud
3647 3160 3790 3215 dubie

2196 3271 2370 3325 regno
2402 3252 2709 3317 inhiantia,
2736 3256 3188 3322 contemptaque
3226 3251 3462 3323 .tugusti
3489 3250 3639 3321 pueri
3661 3253 3793 3304 astate

2196 3341 2509 3415 imperium
2545 3341 2658 3396 sibi
2692 3340 2952 3396 honestis
2977 3341 3356 3412 praztexlibus
3377 3343 3644 3413 parantis.
3670 3336 3796 3393 Auxi-

2197 3432 2442 3487 liaribus
2461 3447 2630 3502 porro
2653 3429 3124 3502 Italis,peculiari
3144 3432 3346 3502 magni
3363 3427 3797 3486 conostaulisub-

2185 3521 2360 3594 jectis
2393 3520 2774 3592 praefecturae,
2808 3527 3021 3591 praeter
3051 3517 3198 3574 alias
3231 3521 3543 3591 quaedam,
3563 3519 3642 3574 his
3664 3517 3797 3571 vehe-

2195 3609 2513 3664 mentiores
2545 3608 2778 3680 proprie
2796 3616 2962 3662 erant
2983 3607 3100 3662 odii
3123 3607 3179 3660 in
3206 3623 3345 3662 eum
3369 3615 3426 3663 et
3452 3606 3696 3662 meditati
3721 3606 3801 3659 im-

2197 3705 2366 3770 petus
2397 3713 2607 3766 causai,
2640 3696 2796 3768 quod
2829 3713 2892 3752 se
2931 3714 2966 3752 a
2995 3695 3428 3765 Muzalonibus,
3451 3693 3798 3768 etprazsertim

2197 3790 2268 3842 ab
2289 3787 2398 3841 hoc
2421 3785 2576 3840 inter
2597 3802 2694 3840 eos
2715 3790 2852 3841 natu
2881 3786 3153 3851 maximo,
3179 3787 3440 3856 privatos
3460 3785 3798 3840 meminerant

2198 3875 2488 3930 donativis
2519 3880 2574 3929 et
2591 3873 2905 3946 stipendiis
2930 3874 3071 3946 ipsis
3093 3876 3166 3930 ab
3191 3875 3388 3930 adhuc
3411 3875 3624 3930 vivente
3646 3872 3794 3942 impc-

2199 3969 2390 4020 ratore
2422 3964 2693 4028 decretis,
2727 3963 2881 4034 quod
2917 3966 3440 4019 contemnerentur
3461 3965 3515 4018 in
3543 3963 3608 4018 iis
3627 3962 3798 4031 quibus

2191 4055 2356 4124 juste
2387 4069 2448 4108 se
2480 4052 2752 4108 honorari
2786 4053 2999 4107 debere
3018 4053 3480 4118 contendebant,
3503 4052 3643 4124 quod
3669 4049 3796 4104 aditu

2196 4141 2456 4213 etgratia
2479 4139 2850 4212 imperatoris
2873 4141 3358 4212 suggestionibus
3385 4142 3561 4212 hujus
3578 4138 3800 4196 exclude-

2197 4235 2422 4298 rentur,
2457 4231 2553 4287 55
2591 4229 2745 4301 quod
2782 4229 3212 4302 protovestiarii
3239 4227 3730 4302 jussuignominia
3753 4229 3796 4279 et

2197 4319 2574 4375 contumeliis
2609 4319 3004 4374 afficerentur.
3029 4317 3131 4374 His
3163 4324 3218 4374 et
3248 4319 3547 4374 similibus
3570 4318 3736 4372 rufum
3753 4317 3796 4368 et

2196 4406 2540 4462 bellicosum
2573 4423 2759 4478 genus
2783 4407 3013 4474 irritati,
3039 4409 3226 4477 parati
3249 4409 3508 4462 erantad
3540 4423 3630 4462 eos
3651 4401 3795 4458 truci-

2197 4496 2445 4559 dandos,
2470 4495 2518 4551 si
2551 4497 2684 4567 quis
2713 4495 2802 4551 vel
2826 4495 3134 4568 paululum
3160 4496 3512 4568 impelleret.
3545 4496 3793 4552 Jaclatum

441 4565 616 4620 modo
649 4568 974 4621 memorata
1005 4564 1310 4637 logolhetzs
1343 4567 1642 4638 agelarum
1667 4570 1939 4626 faciendae
1970 4576 2075 4627 tra-

2197 4583 2374 4640 etiam
2408 4591 2499 4640 est
2530 4601 2801 4640 sermone
2835 4585 3152 4641 multorum
3186 4587 3398 4642 ducem
3431 4586 3595 4641 istius
3625 4581 3794 4638 Italica:

439 4654 995 4710 debautur.lnterim
1014 4654 1494 4724 protovestiarius
1512 4659 1788 4715 curandis
1803 4659 1934 4716 aliis
1957 4677 2084 4732 quae

442 4759 588 4798 usus
637 4743 914 4814 poscebat
946 4755 1205 4814 praesens
1237 4760 1442 4801 secure
1473 4763 1538 4802 ac
1596 4747 1778 4806 libere
1816 4751 2081 4818 vacabat,

443 4831 636 4887 nullas
668 4831 1011 4904 suspicatus
1040 4831 1289 4890 insidias
1315 4835 1373 4892 in
1406 4853 1468 4892 se
1489 4839 1816 4911 comparari
1835 4841 2085 4913 negotiis

444 4920 696 4992 publicis
728 4922 1044 4976 intentum.

734 5053 816 5110 l8.
832 5055 1044 5113 Seditio
1073 5060 1355 5131 exepcilus
1376 5061 1434 5116 in
1468 5061 1796 5121 Mumlones.

513 5171 901 5227 Tumescebat
926 5177 1119 5230 autem
1152 5177 1346 5248 gravis
1373 5182 1547 5250 atque
1577 5185 1743 5237 atrox
1763 5181 1820 5238 in
1845 5199 1976 5239 eum
2000 5185 2082 5241 in-

440 5260 620 5326 vidia,
648 5259 916 5334 clamque
939 5280 1180 5337 serpens
1207 5269 1410 5324 eadem
1435 5269 1758 5340 periculose
1779 5272 2081 5344 gliscebat,

442 5351 569 5421 ipso
601 5350 743 5405 nihil
777 5353 950 5422 plane
971 5356 1276 5412 sentiente.
1305 5363 1368 5412 Et
1393 5367 1517 5414 erat
1542 5377 1765 5416 arcanae
1798 5363 1854 5417 in
1885 5365 2081 5436 ipsum

441 5439 538 5494 ira:
567 5455 742 5494 causa
769 5439 1017 5498 infensis
1051 5443 1133 5499 illi
1164 5445 1506 5516 probabilis.
1533 5448 1900 5506 Videbantur
1929 5453 2083 5508 enim

440 5528 608 5599 ipsis,
638 5545 700 5584 se
728 5530 849 5585 zelo
876 5531 1032 5587 ﬁdeli
1065 5534 1152 5602 agi
1186 5550 1326 5605 erga
1356 5536 1738 5608 imperatores
1759 5547 1982 5612 patrem
2017 5560 2083 5599 ac

442 5615 656 5685 filium,
687 5633 939 5689 quorum
971 5619 1140 5676 illum
1173 5623 1409 5693 quidem
1439 5627 1728 5698 putabant
1773 5640 2082 5703 procurata

2195 4673 2505 4744 phalangis
2536 4680 2763 4745 partem
2789 4674 2963 4729 istius
2981 4673 3163 4746 culpae
3186 4673 3543 4730 conscivisse
3564 4688 3667 4729 non
3690 4686 3793 4742 par-

2194 4777 2346 4831 vam,
2380 4761 2597 4834 quippe
2629 4762 2730 4834 qui
2762 4779 2904 4818 suos
2934 4762 3069 4819 oliui
3096 4763 3156 4817 in
3183 4762 3333 4819 hinc
3358 4764 3568 4818 caedem
3594 4773 3790 4832 pronus,

2194 4856 2335 4906 tunc
2368 4856 2565 4907 autem
2598 4851 2902 4907 occasione
2933 4869 3209 4908 accensos
3233 4869 3407 4923 nova,
3433 4857 3585 4907 metu
3608 4847 3792 4905 solutos

2195 4946 2250 4996 et
2279 4941 2595 5010 gestientes
2628 4941 2820 4996 dirum
2853 4940 3087 4997 facinus
3109 4946 3367 5014 patrare,
3396 4956 3454 4996 re
3469 4934 3794 5013 paratainci-

2196 5029 2407 5086 taverit
2437 5033 2500 5086 ut
2522 5045 2831 5101 erumpere
2878 5045 2994 5101 quo
3044 5030 3485 5086 destinaverant
3532 5025 3791 5084 auderent.

2196 5119 2303 5181 Qui
2335 5119 2572 5190 quidem
2601 5134 2804 5174 rumor
2826 5134 2893 5174 ex
2925 5119 2996 5175 iis
3029 5135 3155 5191 qua:
3185 5123 3500 5175 consecuta
3529 5119 3653 5173 sunt
3680 5111 3792 5168 veri-

2195 5207 2408 5263 similis
2439 5208 2503 5263 tit
2537 5225 2549 5262 :
2586 5223 2775 5280 neque
2825 5207 2980 5264 enim
3009 5209 3138 5266 ausi
3170 5212 3403 5264 tantum
3456 5209 3659 5273 essent,
3701 5197 3790 5256 nisi

2193 5297 2323 5351 freti
2347 5298 2686 5353 auctoribus
2707 5301 2762 5353 et
2787 5296 3052 5353 instincti
3077 5297 3559 5371 persuasionibus
3579 5291 3785 5354 idoneis,

2193 5384 2531 5457 alienigena;
2563 5394 2617 5443 et
2648 5385 2914 5458 plerique
2946 5387 3199 5443 advenae:
3233 5403 3352 5459 quo
3386 5389 3540 5441 statu
3563 5381 3786 5438 homines

2194 5474 2244 5529 si
2275 5474 2359 5530 vel
2394 5476 2652 5547 cogitent
2699 5475 2814 5531 vim
2865 5476 3100 5543 inferre,
3155 5493 3402 5549 prorsus
3451 5486 3694 5530 necessse
3726 5466 3788 5522 sit

2193 5564 2486 5635 suspicari
2518 5564 2608 5638 agi
2640 5565 2846 5638 utique
2869 5565 2941 5623 ad
2973 5565 3033 5622 id
3089 5565 3249 5640 ipsos
3309 5563 3617 5638 impulsore
3667 5571 3784 5630 quo-

2191 5668 2373 5727 piam.
