4034 6200
228 320 337 375 489

228 446 295 498 ιθ’
322 486 334 501 .

791 522 905 579 τοῖς
934 518 1320 588 Μοῦζάλωσιν.

293 624 448 684 Τέως
480 621 525 678 δ’
576 622 669 678 οὗν
702 625 736 692 ἡ
770 623 856 678 ἐπὶ
904 628 984 696 τῷ
1023 627 1386 699 ἀποιχομένῳ
1418 623 1607 696 ἐννατη
1650 623 1888 698 κειμένῳ

220 714 553 788 παρῆν,καῖ
615 709 723 768 ἔδει
772 715 870 783 τὴν
928 716 1148 787 μνήμην
1201 712 1348 789 ἄγειν
1400 713 1591 787 ἐκείνῳ
1640 715 1776 769 κατὰ
1823 717 1886 769 τὸ

220 804 452 873 σύνηθες
489 847 501 858 .
557 804 903 877 Ἀνέρκονται
969 804 1153 859 τοίνυν
1209 804 1284 866 είς
1343 806 1443 873 τῆν
1500 809 1606 858 τῶν
1664 805 1885 858 Σωσάν-

219 891 366 965 δρων
456 894 630 964 μονὴν
666 937 679 963 ,
764 892 903 947 ὅπου
975 894 1065 947 καὶ
1123 895 1151 947 ὁ
1209 895 1397 965 νεκρὸς
1460 898 1557 947 τοῦ
1613 894 1883 966 βασιλέως

218 982 470 1057 ἐχόμενα
514 986 612 1038 τοῦ
668 984 871 1059 πατρὸς
923 986 1177 1053 τεθαπτο,
1228 989 1335 1039 τῶν
1396 984 1708 1058 ἱερωμένων
1767 986 1883 1038 ὅσοι

212 1078 471 1145 παρῆσαν
547 1070 737 1127 ἐκεῖσε.
820 1073 1177 1147 ’Λνέρχονται
1256 1069 1311 1127 δὲ
1370 1072 1460 1126 καὶ
1523 1074 1572 1125 οἱ
1631 1072 1682 1125 ἐν
1738 1071 1883 1127 τέλει

210 1161 440 1229 πάντες,
492 1160 668 1235 χωρὶς
758 1158 805 1215 δ’
858 1161 1074 1215 ἐκείνων
1147 1160 1238 1215 καὶ
1313 1166 1420 1215 τῶν
1500 1164 1766 1234 γυναικῶν
1830 1162 1884 1215 αἱ

209 1250 567 1324 προύχουσαι
612 1254 911 1325 ματρῶναι,
960 1250 1050 1304 καὶ
1102 1256 1204 1305 πᾶν
1258 1252 1380 1304 ὅσον
1436 1251 1503 1319 ἦν
1556 1250 1880 1325 ὑπηρετικὸν

204 1347 332 1402 τοῖς
380 1346 664 1413 κρατοῦσι.
719 1341 797 1399 Τὸ
834 1342 1018 1413 μέντοι
1073 1363 1133 1416 γε
1190 1341 1584 1416 στρατιῶτικὸν
1635 1340 1693 1395 ἐκ
1741 1362 1881 1415 προ-

205 1428 367 1492 νοίας
398 1430 487 1483 καὶ
544 1428 757 1498 μᾶλλον
808 1431 957 1484 κάτω
1005 1430 1128 1505 περὶ
1177 1431 1267 1484 τὸν
1323 1427 1550 1504 βασιλέα
1594 1425 1880 1503 ἐγκαταλέ-

210 1518 438 1577 λειπτο.
482 1520 569 1581 Ὠς
617 1523 744 1593 γοῦν
791 1520 1012 1574 πανοικὶ
1059 1519 1148 1573 καὶ
1204 1521 1255 1573 οἱ
1286 1517 1649 1588 Μουζαλωνες
1693 1516 1880 1588 ἤεσαν,

208 1605 357 1662 ἰδίαν
390 1609 533 1683 περᾶ
582 1608 710 1670 τοὺς
771 1606 979 1670 ἄλλους
1022 1609 1259 1682 στοργήν
1316 1609 1454 1681 πρὸς
1513 1608 1604 1661 τὸν
1655 1607 1881 1671 θανόντα

208 1695 681 1768 ἐπιδεικνύμενοι,
739 1696 863 1751 τότε
916 1697 979 1750 τὸ
1039 1696 1454 1771 στρατιωτικὸν,
1513 1693 1878 1772 διαφερόντως

210 1783 269 1841 δὲ
317 1788 382 1840 τὸ
431 1784 705 1840 Ἰταλικόν
780 1806 840 1839 τε
901 1786 989 1839 καὶ
1068 1784 1268 1857 ξενικὸν
1306 1829 1321 1855 ,
1378 1783 1710 1858 ἁρπάσαντες
1784 1786 1874 1838 τὸν
1908 1823 1955 1889 Β

280 1876 292 1889 .
354 1876 367 1889 .
517 1876 531 1889 .
639 1875 653 1889 ε
763 1875 779 1889 .
848 1873 861 1889 ι
964 1876 987 1889 ,ι
1177 1874 1188 1889 κ
1278 1874 1297 1889 ς
1413 1876 1423 1889 .
1692 1875 1705 1889 .
1831 1874 1843 1889 ,

208 1876 435 1951 καὶρὸν,
486 1876 538 1929 οἱ
599 1875 693 1947 μὲν
753 1873 1048 1947 ἀμύνεσθαι
1104 1874 1234 1936 τοὺς
1278 1874 1628 1944 λυπήσαντας
1686 1874 1877 1949 ὀρεγό-

210 1985 394 2037 μενοι,
451 1966 503 2017 οἱ
554 1960 601 2017 δ’
648 1960 981 2039 ἐφηδόμενοι
1032 1968 1175 2036 τοῖς,
1229 1962 1275 2018 εἰ
1326 1961 1604 2033 δυνηθεῖεν
1656 1962 1874 2032 ἐκεῖνοι,

201 2054 743 2128 τολμηθησομένοις
803 2056 941 2127 (ταῖς
1003 2057 1109 2130 γὰρ
1176 2054 1552 2128 καινοτομίαις
1612 2053 1692 2109 ἀεί
1745 2074 1879 2109 ποτε

206 2145 506 2219 χαίρουσιν
568 2141 870 2219 ἄνθρωποι,
950 2144 1041 2198 καὶ
1122 2143 1246 2219 ῥᾷόν
1319 2164 1402 2205 τις
1479 2141 1605 2197 ἰδὼν
1691 2144 1875 2197 καινὸν

205 2236 377 2289 κακὸν
444 2232 696 2298 τελεσθὲν
759 2232 1020 2304 ἐφησθείη
1090 2238 1207 2295 τοῖς
1272 2234 1533 2288 παθοῦσιν
1590 2231 1624 2301 ἢ
1679 2231 1874 2307 ἀγαθὸν

205 2322 507 2394 συνησθείη
570 2328 688 2385 τοῖς
748 2322 1133 2396 ἆπολαύσασι),
1167 2327 1458 2398 συμμιγεῖς
1518 2323 1605 2392 [Ρ
1632 2323 1750 2394 32]
1799 2325 1879 2393 τῷ

206 2410 425 2484 πλήθει
457 2411 744 2487 γενόμενοι
795 2413 973 2486 φωνὸς
1022 2412 1219 2490 ἠφίουν
1269 2409 1444 2473 δεινὰς
1499 2409 1737 2467 κάτωθεν
1772 2408 1879 2463 ἄνω

285 2608 375 2661 19.
417 2607 485 2663 Ut
515 2606 826 2661 Mazalones
850 2605 917 2661 ab
949 2609 1199 2660 exercztu
1231 2604 1514 2673 interfecti
1540 2602 1676 2659 sint.

277 2697 456 2752 Tunc
488 2696 861 2751 commodum
894 2710 1087 2749 nonus
1117 2693 1387 2750 illuxerat
1416 2711 1449 2748 a
1480 2696 1666 2748 morte
1696 2692 1874 2762 impe~

206 2786 436 2841 ratoris
476 2784 627 2851 dies,
662 2800 777 2855 quo
808 2784 936 2853 ejus
970 2783 1253 2838 memoria
1276 2782 1575 2839 consuetis
1596 2779 1873 2836 honorari

207 2875 433 2930 ritibus
460 2874 733 2929 debebat.
759 2872 1122 2928 Conveniunt
1152 2872 1332 2944 igitur
1352 2871 1411 2927 in
1439 2871 1871 2927 Sosandrorum

204 2964 670 3032 monasterium,
690 2961 790 3017 ubi
824 2978 1038 3033 corpus
1071 2961 1441 3033 imperatoris
1459 2962 1627 3031 juxta
1648 2964 1871 3030 patrem

204 3052 519 3126 sepultum
555 3052 767 3117 fuerat,
800 3055 1088 3122 quantum
1112 3055 1239 3105 erat
1259 3050 1339 3106 ibi
1365 3066 1666 3105 sacrorum
1690 3048 1874 3104 homi-

202 3157 394 3209 num;
433 3137 791 3195 conveniuut
820 3142 877 3193 et
923 3137 1304 3209 magistratus
1336 3153 1562 3205 omnes,
1596 3134 1873 3190 mulieres

200 3244 451 3301 quoque
465 3228 670 3299 prima:
689 3227 998 3298 dignitatis
1019 3243 1085 3282 ac
1108 3231 1410 3292 matronae,
1428 3231 1553 3280 tum
1578 3223 1866 3296 quidquid

199 3318 259 3373 in
292 3316 592 3389 obsequio
624 3316 956 3387 principum
988 3320 1133 3371 erat.
1163 3318 1235 3370 At
1261 3313 1545 3370 militares
1594 3313 1769 3385 capias
1797 3314 1868 3368 de

202 3406 516 3463 industria
548 3405 720 3473 infra,
744 3404 910 3476 quasi
928 3404 995 3459 ad
1017 3403 1343 3459 custodiam
1359 3402 1868 3474 eircaprincipem,

202 3502 346 3552 sunt
376 3495 619 3551 relictze.
657 3494 727 3550 Ut
750 3498 946 3549 autem
977 3494 1089 3565 ipsi
1123 3509 1354 3564 quoque
1378 3492 1709 3547 Muzalones
1731 3506 1866 3546 cum

202 3584 508 3641 universis
522 3584 785 3655 ipsorum
804 3583 1044 3638 familiis
1064 3583 1267 3638 eodem
1283 3582 1666 3638 ascenderant
1679 3585 1867 3635 osten-

197 3676 401 3731 tandm
438 3673 638 3729 studio
662 3674 830 3745 quasi
855 3672 1161 3744 principum
1186 3673 1494 3742 cujusdam
1516 3671 1780 3742 ipsorum
1803 3670 1864 3724 in

146 3820 152 3825 _
191 3764 488 3819 defunctu
502 3780 553 3816 m
570 3762 896 3829 charitatis,
912 3767 1053 3817 tunc
1066 3760 1380 3827 exercitus,
1395 3760 1715 3831 praesertim
1730 3775 1863 3814 vero

192 3855 420 3910 Italicas
453 3862 509 3908 et
541 3854 855 3909 auxiliares
885 3858 1090 3909 exterae
1147 3852 1345 3924 copiae,
1404 3855 1637 3922 captata
1691 3866 1863 3905 occa-

192 3945 388 4009 sione,
426 3944 642 4015 partim
678 3942 920 3998 ultionis
950 3942 1113 3997 abiis
1142 3939 1865 4013 quilmserantexpetendee

196 4031 839 4097 desiderioinstinctw,
871 4032 1082 4103 partim
1115 4028 1492 4086 conniventes
1510 4029 1863 4084 audentibus

199 4124 471 4194 quadam
504 4123 606 4178 56
640 4120 951 4177 dulcedine
982 4120 1257 4176 novitatis
1288 4124 1343 4174 et
1374 4118 1709 4173 curiositate
1740 4117 1865 4189 spei

197 4213 387 4269 mista
421 4226 559 4267 mox
571 4210 804 4266 videndi
828 4209 963 4282 quis
988 4209 1690 4280 respouderetsuccessus
1704 4207 1865 4262 anci-

196 4300 437 4373 pitibus
470 4298 721 4355 aliorum
747 4296 974 4370 emptis,
1006 4302 1063 4352 et
1093 4313 1294 4352 annon
1312 4298 1459 4352 forte
1476 4295 1699 4367 aliquid
1721 4294 1864 4367 ipsis

199 4390 349 4446 utile
382 4388 663 4461 privatim
686 4404 716 4443 e
746 4386 946 4443 statim
970 4386 1501 4458 perturbandarum
1524 4385 1864 4441 confusione

198 4494 408 4534 rerum
444 4478 699 4534 oriretur
736 4476 1080 4549 (inopinatis
1110 4475 1264 4532 enim
1297 4475 1724 4533 mutationibus
1746 4475 1864 4530 fere

1302 328 1400 380 DE
1436 325 1806 380 MICHAELE
1843 323 2292 381 PALEOLOGO
2328 328 2461 381 LIB.
2505 329 2551 380 Ι.

391 446 587 506 ’Ὀπως
640 448 787 521 παρὰ
837 450 1226 526 τῌοῦησρτατοῦ
1284 444 1570 520 ἐτολμήθη
1636 448 1664 501 ὁ
1719 446 1885 524 φόνος
1916 450 1971 517 Α
1999 448 2192 521 καὶμὴ
2229 448 2538 526 φαινομένῳ
2584 454 2661 523 τῷ
2696 448 2931 526 βασιλεῖ,
2962 453 3053 509 καὶ
3109 452 3462 513 ἐπενεκάλουν
3516 459 3652 514 κατά

1904 3181 1945 3248 C

3545 334 3650 390 490

1998 540 2107 590 τῶν
2137 534 2296 606 δῆθεν
2349 539 2613 611 ἀπίστων,
2662 540 2790 604 τοὺς
2838 541 3215 611 Μουζάλωνας
3262 544 3649 619 αἰνιττόμενοι,

2000 625 2165 695 ζῆλον
2231 627 2375 703 ὑπὴρ
2437 629 2604 683 αὐτοῦ
2675 629 2764 684 καὶ
2820 636 2918 685 τοῦ
2975 632 3161 706 γένους
3221 632 3650 709 ἐνδεικνυμένοις

1998 713 2236 778 ἐοικότες
2269 718 2492 793 θερμόν.
2543 718 2641 772 Καὶ
2695 717 2784 773 ’ἱνα
2847 724 2920 793 μὴ
2979 725 3229 797 φθάσειαν
3290 723 3483 779 ἐκεῖνοι
3543 728 3648 799 πρὸ

1994 809 2091 859 τοῦ
2148 811 2337 869 παθεῖν
2408 805 2715 879 δράσαντες,
2771 806 3005 872 δεδιότες
3087 808 3246 880 δῆθεν
3319 812 3643 870 ἐπέσπενδον

1994 894 2094 961 τήν
2142 894 2224 948 ἐπ’
2275 894 2511 957 ἐκείνους
2559 901 2656 951 τοῦ
2710 896 2978 971 βασιλέως
3024 898 3359 975 ἐγχώρησιν,
3406 904 3497 957 καὶ
3549 905 3648 977 ἅμ’

1996 979 2225 1052 ἐδήλουν
2274 985 2353 1037 ὡσ
2410 982 2557 1058 εἷ’περ
2609 987 2635 1039 ὁ
2692 985 2993 1060 βασιλεύων
3052 988 3258 1067 ἐφήσει·
3322 992 3368 1045 εί
3427 988 3473 1045 δ’
3526 991 3641 1063 οὖν,

1994 1069 2120 1124 ἀλλ’
2173 1071 2367 1127 ἐκεῖνοι
2415 1073 2506 1127 καὶ
2557 1072 2730 1138 οὕτως
2766 1073 3186 1149 ἐπιδραμοῦνται
3229 1078 3315 1133 καῖ
3366 1083 3642 1157 καταπρά-

1992 1163 2191 1232 ξονται.
2253 1166 2429 1217 Ταῦτα
2488 1163 2764 1234 Λεγόντων
2822 1165 2935 1238 ἅμα
2989 1167 3075 1221 καὶ
3137 1165 3542 1241 θομυϐούντων,
3590 1171 3642 1225 οἱ

1988 1251 2088 1318 τὴν
2163 1249 2456 1325 βασιλικὴν
2520 1252 2768 1330 φυλακην
2845 1253 3317 1330 ἐπιτετραμμένοι,
3397 1257 3644 1329 δηλωθέν

1990 1340 2258 1401 κάκείνοις
2284 1342 2347 1395 τὸ
2386 1340 2678 1416 τόλμημα,
2728 1345 2763 1413 ἢ
2809 1344 2899 1399 καὶ
2949 1346 3096 1420 παρὰ
3141 1351 3301 1402 τοῦτο
3354 1349 3644 1423 πρότερον,

1989 1426 2025 1497 ἤ
2080 1431 2186 1501 μὴν
2246 1432 2359 1503 ἅμα
2408 1435 2487 1503 τῷ
2546 1428 2793 1507 θορυϐεῖν
2849 1432 3085 1497 ἐκείνους
3146 1435 3413 1499 δείσαντες
3463 1435 3644 1508 δῆθεν,

1991 1517 2267 1593 ἐξάγουσιν
2299 1519 2455 1583 εὐθὺς
2481 1522 2543 1575 τὸ
2590 1519 2831 1591 παιδίον,
2894 1524 3030 1578 κατὰ
3087 1522 3362 1581 δυσωπίαν
3422 1525 3644 1597 ἐλπιζο-

1994 1609 2159 1678 μένην
2208 1608 2284 1672 ὡς
2330 1608 2565 1672 ἐκείνους
2617 1610 2898 1687 ἐμφαίνειν
2945 1618 3236 1677 ποιοῦντας
3285 1616 3497 1692 ἐμφανῆ
3547 1616 3639 1672 τὸν

1989 1701 2327 1769 κρατοῦντα.
2378 1699 2467 1761 Ὠς
2527 1696 2584 1753 δὲ
2642 1699 2899 1777 φανέντος
2955 1706 3053 1756 τοῦ
3112 1704 3240 1758 νέοσ
3290 1704 3379 1759 καὶ
3440 1705 3638 1779 μείζων

1989 1782 2152 1859 ᾔρετο
2210 1788 2245 1855 ἠ
2307 1788 2461 1864 φωνὴ
2517 1786 2609 1842 καὶ
2678 1790 3032 1864 ἂτακτότερον
3110 1789 3425 1866 ἐθορύϐουν,
3492 1794 3641 1870 χειρί

1984 1874 2292 1930 κατανεύειν
2350 1877 2401 1929 οἱ
2471 1877 2605 1955 ἀμφ’
2684 1877 2885 1933 ἐκεῖνον
2948 1877 3280 1937 διδάσκουσι.
3340 1883 3415 1939 Τὸ
3476 1881 3521 1938 δ’
3570 1887 3635 1954 ῆν

1987 1966 2099 2037 ἅμα
2129 1968 2325 2039 κροῦον
2377 1965 2467 2019 καὶ
2519 1967 2655 2036 πρὸς
2710 1966 3010 2045 ἀμφότερα,
3066 1967 3156 2024 ὅτε
3200 1990 3260 2025 τε
3312 1970 3634 2028 ἀναστελλόι

1986 2054 2075 2107 τὸν
2113 2049 2342 2129 θόρυϐον
2374 2055 2467 2109 καὶ
2516 2056 2597 2110 ὅτι
2658 2055 2938 2132 ἐκχωροίη
2973 2055 3177 2120 διδούς.
3212 2060 3315 2115 Καὶ
3369 2066 3486 2123 τοῖς
3541 2062 3638 2134 μὲν

1986 2141 2111 2217 περὶ
2139 2142 2233 2197 τὸν
2263 2142 2381 2198 νέον
2415 2144 2658 2219 ἄρχοντα
2705 2145 2888 2200 ἱκανὸν
2937 2145 3012 2208 είς
3063 2146 3371 2223 ἀπολογίαν
3402 2149 3455 2211 ἐς
3485 2148 3636 2205 ὕστε-

1990 2252 2079 2307 ρον
2140 2232 2277 2307 πρὸς
2332 2230 2460 2295 τοὺς
2516 2233 2789 2308 ἄρχοντας
2843 2235 2877 2303 ἠ
2930 2241 3030 2304 τῆς
3089 2236 3274 2311 χειρὸς
3324 2239 3643 2303 κατάνευσις

1990 2317 2400 2393 ὑπολέλειπτο,
2459 2322 2532 2383 ὡς
2594 2320 2752 2388 δῆθεν
2822 2321 3068 2398 ἐπισχεῖν
3139 2324 3493 2397 οἰκονομοῦσι
3547 2328 3638 2382 τὸν

1988 2404 2242 2482 θόρυϐον,
2288 2415 2405 2471 τοῖς
2468 2408 2526 2464 δὲ
2578 2411 2669 2465 καὶ
2722 2409 2844 2467 λίαν
2905 2412 3101 2486 ὁρκοῦν
3153 2411 3436 2487 ἐνομίζετο
3502 2415 3639 2489 πρὸς

1983 2600 2229 2671 impelli,
2280 2601 2547 2673 nihilque
2569 2603 2805 2658 studere
2845 2602 3006 2658 aliud
3057 2604 3173 2659 nisi
3233 2621 3639 2677 praeoccupare

1983 2690 2415 2761 destinatajam
2448 2692 2522 2746 ab
2554 2691 2684 2747 istis
2716 2692 2847 2747 dira
2886 2692 2945 2747 in
2978 2693 3304 2764 principem
3354 2694 3635 2762 facinora,

1981 2781 2237 2852 dareque
2267 2798 2503 2853 operam
2556 2789 2619 2837 ut
2682 2782 2889 2838 nefarii
2943 2783 3201 2840 latrones
3258 2784 3425 2856 prius
3473 2786 3637 2855 juste

1983 2871 2287 2943 patiantur
2315 2888 2382 2927 ea
2411 2871 2629 2943 quibus
2658 2872 2821 2943 digni
2858 2876 3017 2938 sunt,
3057 2889 3232 2943 quam
3296 2874 3638 2930 immaniter

1983 2964 2381 3032 exsequantur
2411 2977 2538 3033 quis
2572 2961 2632 3016 in
2666 2961 2951 3033 principis
2982 2964 3039 3017 et
3067 2961 3402 3032 reipublicae
3438 2963 3633 3034 perni-

1983 3049 2132 3105 ciem
2186 3050 2459 3120 cogitant.
2509 3049 2627 3105 Hac
2659 3049 2937 3105 benevola
2957 3050 3028 3105 de
3050 3050 3241 3106 salute
3263 3050 3638 3121 imperatoria

1985 3137 2383 3194 sollicitudine
2415 3141 2801 3194 monstranda
2829 3138 2887 3193 id
2924 3139 3196 3211 agebant,
3231 3143 3295 3194 ut
3323 3154 3634 3197 assensum

1982 3227 2112 3298 ejus
2141 3227 2202 3281 in
2219 3227 2338 3282 vim
2356 3243 2535 3298 quam
2558 3229 2847 3300 parabant
2878 3227 3174 3299 elicerent,
3200 3228 3371 3301 quasi
3394 3230 3633 3301 cupien-

1980 3321 2067 3372 tes
2099 3332 2233 3372 cum
2266 3316 2421 3373 bona
2452 3318 2580 3388 ejus
2608 3317 2776 3373 venia
2807 3319 2964 3390 quod
3022 3319 3400 3375 decreverant
3457 3319 3629 3391 perfi-

1981 3420 2129 3473 cere,
2165 3404 2343 3462 simul
2377 3406 2845 3477 subindicantes,
2878 3406 2925 3462 si
2946 3406 3222 3480 princeps
3245 3406 3629 3463 remissiorin

1976 3493 2345 3566 indulgentia
2374 3499 2683 3567 perstaret,
2714 3511 2776 3551 se
2834 3500 3033 3551 tamen
3065 3512 3452 3567 procursuros
3510 3512 3628 3568 quo

1977 3583 2363 3652 intenderent,
2398 3590 2454 3640 et
2484 3584 2775 3641 destinata
2808 3589 3261 3657 perpetraturos.
3296 3584 3464 3641 Talia
3506 3585 3625 3641 illis

1976 3672 2448 3742 vociferantibus,
2482 3673 2658 3729 simul
2689 3678 2746 3731 et
2775 3674 3301 3744 tumultuantibus,
3332 3673 3372 3728 ii
3405 3674 3625 3747 quibus

1975 3763 2295 3818 commissa
2325 3763 2607 3835 principis
2637 3764 2905 3819 custodia
2926 3764 3135 3833 luerat,
3154 3764 3274 3819 sive
3295 3781 3327 3819 a
3346 3763 3619 3835 quopiam

1975 3850 2045 3904 de
2077 3866 2136 3905 re
2168 3866 2297 3921 quas
2330 3850 2611 3922 agebatur
2642 3852 2804 3923 prius
2836 3852 3034 3919 edicti,
3061 3852 3180 3907 sive
3221 3852 3336 3908 sibi
3375 3852 3520 3923 ipsis
3558 3852 3617 3907 in

1974 3942 2135 3994 tanto
2166 3940 2425 3995 tumultu
2461 3944 2810 4011 metuentes,
2841 3942 3101 3997 educunt
3130 3956 3380 4012 puerum
3420 3942 3619 4012 Augu-

1973 4034 2153 4096 stum,
2179 4045 2295 4099 pra
2326 4045 2388 4085 se
2420 4029 2669 4085 ferentes
2702 4029 2758 4084 id
2792 4046 2854 4085 se
2883 4045 3053 4101 agere
3084 4046 3188 4100 spe
3208 4028 3506 4100 placandae
3536 4045 3623 4084 se-

1974 4117 2212 4173 ditionis
2226 4122 2464 4189 aspectu
2479 4122 2535 4173 et
2548 4118 2879 4174 reverentize
2893 4118 3195 4189 principis,
3212 4118 3624 4189 componendi-

1974 4223 2087 4278 que
2109 4212 2256 4263 nutu
2279 4208 2408 4278 ejus
2430 4207 2489 4261 in
2509 4207 2859 4263 modestiam
2878 4207 3172 4279 inquietos
3195 4208 3420 4263 furores
3435 4207 3623 4280 plebis

1976 4297 2069 4352 57
2106 4296 2377 4352 etfraanis.
2396 4296 2466 4352 Ut
2481 4302 2674 4352 autem
2694 4296 2921 4367 objeeto
2945 4296 3198 4367 publicis
3213 4297 3624 4369 conspectibus

1972 4384 2415 4442 adolescentulo
2448 4385 2637 4455 major
2663 4384 2938 4441 sublatus
2966 4390 3055 4442 est
3078 4385 3301 4442 clamor
3329 4392 3386 4443 et
3433 4385 3622 4458 impo-

1972 4476 2195 4531 tentius
2224 4474 2686 4542 bacchabantur,
2719 4483 3042 4547 suggerunt
3072 4475 3123 4531 ei
3145 4475 3240 4546 qui
3262 4475 3623 4547 circaipsum

199 4583 448 4639 semper
475 4567 841 4623 delectantur
864 4565 1160 4634 homines;
1182 4569 1239 4621 et
1264 4564 1492 4621 facilius
1511 4565 1643 4635 quis
1664 4564 1869 4619 videns
1902 4555 1947 4617 D
1978 4569 2411 4623 erantutmanu
2426 4567 2715 4623 innueret.
2730 4566 3071 4621 Eratautem
3086 4566 3141 4621 id
3158 4566 3394 4638 signum
3411 4582 3625 4638 anceps

208 4674 439 4714 novum
472 4657 797 4729 quodpiam
829 4656 888 4710 in
903 4656 1135 4727 aliquos
1165 4653 1876 4726 malumingruere,mali-

204 4762 397 4818 guum
427 4747 500 4802 de
532 4745 723 4801 aliena
752 4745 1085 4801 calamitate
1114 4743 1326 4800 sentiat
1355 4744 1637 4815 gaudium
1695 4759 1873 4814 quam

204 4838 368 4892 bono
399 4835 732 4891 {ruentibus
755 4833 1117 4907 collaetetur),
1135 4832 1577 4905 tunc,inquam,
1594 4832 1876 4888 militares

212 4926 541 4997 utriusque
571 4925 803 4997 generis
836 4925 1038 4997 copiae,
1090 4925 1304 4997 partim
1348 4925 1629 4992 furentes,
1664 4921 1875 4992 partim

209 5016 482 5070 faventes
518 5014 871 5081 furentibus,
916 5013 1073 5086 plebi
1106 5013 1290 5069 nihilo
1346 5010 1550 5067 mitius
1607 5010 1876 5066 animatae

210 5104 447 5175 passim
481 5102 692 5170 mistze,
721 5104 959 5160 insanos
993 5103 1341 5159 attollebant
1361 5101 1644 5157 clamores
1660 5116 1728 5155 ex
1757 5099 1877 5154 imo

213 5197 273 5247 et
306 5191 480 5248 atriis
512 5191 711 5262 palatii
739 5209 978 5248 sursum
1007 5200 1061 5249 et
1092 5193 1375 5248 fenestras
1392 5206 1617 5256 versus,
1652 5188 1751 5244 ubi
1774 5188 1879 5243 im-

214 5286 579 5354 peratorem,
613 5282 711 5354 qui
738 5299 854 5338 non
878 5282 1219 5355 apparebat,
1239 5298 1363 5337 esse
1381 5280 1687 5352 putabant,
1711 5279 1879 5350 depoc

218 5375 459 5426 scentes
487 5371 560 5426 ad
592 5388 823 5443 poenam
849 5372 1127 5443 perﬁdos,
1148 5388 1263 5442 quo
1282 5371 1521 5426 nomine
1546 5367 1881 5424 Muzalones

214 5460 579 5526 innuebant,
603 5460 793 5516 zelum
824 5461 887 5517 in
912 5465 1242 5532 Augustum
1265 5464 1320 5515 et
1337 5476 1523 5532 genus
1549 5459 1882 5530 ejusosten-

219 5554 423 5605 tantes
456 5554 517 5605 et
540 5550 771 5622 egregie
799 5550 1147 5607 simulantes
1178 5548 1501 5619 ardentem,
1531 5564 1596 5603 ac
1653 5546 1881 5619 signifi—

222 5643 433 5696 cantes
467 5643 632 5695 metu
664 5655 727 5696 se
784 5639 1075 5696 malorum
1128 5641 1394 5711 Augusto
1442 5636 1881 5694 imminentium

555 5760 817 5825 ΡΑτιιοι..
864 5760 975 5825 Gn.
1020 5758 1278 5823 CXLIII.

1984 4660 2041 4711 et
2070 4656 2130 4710 in
2150 4655 2442 4711 contraria
2492 4655 2710 4727 pariter
2765 4655 3133 4727 ambiguum,
3167 4673 3299 4711 cum
3360 4661 3416 4712 et
3443 4657 3627 4713 videri

1984 4748 2183 4816 posset
2212 4745 2600 4815 comprimere
2630 4745 2953 4800 tumultum
2979 4761 3045 4801 eo
3074 4750 3244 4817 gestu
3274 4745 3551 4817 voluisse,
3573 4751 3631 4803 et

1984 4834 2465 4905 interpretatione
2498 4850 2611 4888 non
2644 4833 3011 4889 inverisimili
3044 4834 3199 4890 trahi
3252 4839 3446 4907 posset
3473 4834 3629 4891 idem

1986 4924 2044 4978 in
2078 4921 2360 4979 indicium
2388 4938 2677 4978 concessae
2700 4940 2733 4978 a
2764 4923 3101 4995 principein
3125 4940 3329 4996 parum
3355 4923 3633 4995 ipsifidos

1987 5011 2260 5067 saeviendi
2293 5010 2611 5066 facultatis.
2646 5011 2846 5081 Neque
2877 5011 2933 5067 id
2967 5012 3268 5083 ignorasse
3288 5013 3638 5068 videbantur

1987 5101 2085 5171 qui
2117 5100 2370 5172 principi
2404 5101 2687 5156 aderant:
2722 5102 2820 5157 sed
2853 5102 2989 5170 sibi,
3024 5102 3073 5156 si
3106 5101 3217 5157 hoc
3248 5102 3507 5173 periculo
3538 5102 3636 5157 in-

1989 5189 2156 5245 noxie
2187 5190 2648 5262 defungerentur
2673 5191 2773 5260 qui
2801 5190 2975 5246 rebus
2997 5196 3307 5262 praeerant,
3338 5196 3633 5261 receptum

1987 5280 2048 5334 in
2079 5278 2454 5335 excusatione
2485 5280 2772 5349 parabant
2800 5284 3086 5350 tanquam
3117 5281 3187 5335 ab
3217 5279 3364 5351 ipsis
3394 5296 3460 5335 eo
3507 5285 3632 5334 tau-

1988 5372 2118 5425 tum
2152 5367 2350 5424 animo
2382 5385 2560 5425 suasa
2590 5366 2692 5423 illa
2718 5369 3085 5439 protentione
3101 5366 3635 5438 manus,utseditio

1992 5475 2095 5531 per
2125 5474 2252 5513 eam
2307 5456 2816 5528 comprimeretur.
2868 5460 2941 5513 At
2998 5457 3435 5513 tumultuantes
3493 5453 3639 5509 satis

1993 5547 2144 5604 clare
2174 5545 2287 5603 sibi
2310 5562 2650 5602 concessam
2684 5562 2749 5602 eo
2781 5554 2946 5618 gestu
2977 5547 3130 5617 quod
3162 5544 3377 5600 vellent
3430 5543 3641 5615 agendi

1991 5636 2295 5694 licentiam
2322 5636 2718 5693 crediderunt.
2748 5634 2954 5693 Statim
2983 5634 3164 5705 igitur
3185 5632 3537 5690 sublatavox
3553 5637 3645 5689 est

3248 5753 3324 5815 16
