4034 6200
471 293 573 348 491

3709 37 3850 90 .'-'

1781 283 2084 341 GEORGII
2121 283 2584 338 PACHYMERE
3728 295 3812 349 £92

477 419 816 494 ἐκχώρησιν.
862 413 1035 476 Εὐθὺς
1093 414 1184 469 οὗν
1249 413 1351 488 βοὴ
1411 409 1553 488 ἤρθη
1613 412 1687 472 ὡς
1743 408 2203 485 ἐκχωροῦντοςΑ
2237 407 2406 485 φέρει,
2469 406 2618 480 μάλα
2694 409 2910 482 θερμῶς
2972 408 3339 484 εἱσηγοῦνται.
3397 409 3461 467 Οἱ
3519 408 3561 465 δ’
3611 414 3814 488 ἡμὲλουν

463 512 561 563 τοῦ
615 505 903 582 βασιλέως,
954 503 1043 558 καί
1092 504 1204 577 ἅμα
1251 500 1472 578 ἐχέοντο
1519 497 1866 574 παμπληθεῖ,
1921 498 2011 554 καὶ
2043 499 2115 559 ὡς

463 595 710 670 τιμωρὸς
758 596 856 658 τῆς
915 590 1207 668 βασιλικῆς
1262 590 1535 666 σωτηρίας
1595 588 1833 653 συνέθεεν
1887 585 2115 648 ἕκαστος

465 685 539 746 ὡς
594 683 684 738 καὶ
737 680 1242 758 προσκινδυνεύσοι,
1285 681 1329 736 εί
1381 679 1512 738 δεοι.
1565 680 1659 737 Καὶ
1706 677 1991 748 ἀλλήλους
2035 677 2114 748 τῷ

464 767 682 846 Θορύϐῳ
738 777 1210 847 παρακρατοῦντες
1281 771 1368 826 ἐπὶ
1432 775 1531 836 τῆς
1589 776 1760 843 μονῆς
1817 768 2114 842 ἠπείγοντο

459 865 564 915 τῶν
628 859 986 935 Σωσάνδρων,
1043 863 1112 916 τὰ
1166 857 1370 936 ἔσχατα
1425 859 1566 914 κακά
1617 858 1765 929 τοὺς,
1834 856 1910 920 ὡς
1961 853 2113 910 αὐτοὶ

462 945 674 1025 ἔλεγον,
743 947 966 1012 δύσνους
1033 954 1113 1022 τῷ
1176 949 1437 1025 βασιλείῳ
1508 948 1691 1023 κράτει
1751 945 2113 1022 πράξείοντες.

468 1038 588 1096 Εἰσὶ
621 1037 667 1094 δ’
717 1038 769 1094 ο’ί
815 1041 903 1095 καὶ
957 1035 1146 1112 ἔμενον
1197 1041 1274 1112 μὴ
1323 1038 1695 1108 συναπιόντες,
1737 1037 2114 1109 προμηθέστε-

469 1149 562 1204 ρον
591 1133 874 1191 ποιοῦντες
920 1130 954 1198 ἢ
1001 1128 1437 1204 τολμηρότερον,
1487 1127 1576 1182 καὶ
1618 1126 1732 1200 ’ἁμα
1771 1125 1816 1180 εἷ
1869 1121 2116 1179 εκποδὼν

465 1217 796 1294 γενομὲνους
850 1217 980 1281 τοὺς
1034 1219 1152 1282 καθ’
1213 1219 1287 1272 ὧν
1347 1218 1589 1280 συνὲθεον
1655 1217 1900 1289 μάθοιεν,
1944 1215 2115 1268 αὐθα-

465 1303 712 1382 δίστερον
783 1305 1120 1382 δρασείοντες
1192 1306 1277 1361 ἐπὶ
1355 1311 1474 1370 ταῖς
1545 1310 1770 1376 σκηναῖς
1836 1304 1968 1380 πρὸς
2050 1301 2112 1355 τὸ

461 1396 707 1471 ἐκφορεῖν
743 1396 810 1452 τὰ
855 1395 1141 1470 κειμήλια·
1197 1398 1273 1469 μὴ
1323 1395 1427 1471 γάρ
1478 1397 1612 1450 εἶναι
1655 1395 1744 1448 τὸν
1790 1391 2114 1448 κωλύσοντα

462 1484 606 1540 οὕτω
669 1489 778 1540 τῶν
842 1484 1210 1559 κεκτημένωμ
1273 1482 1672 1540 ἀπολωλότων.
1733 1486 1821 1544 Ὠς
1878 1486 2008 1556 γοῦν
2059 1482 2111 1534 o't

468 1575 563 1648 μὶν
625 1574 833 1649 σύναμα
887 1576 974 1630 καὶ
1024 1596 1132 1630 τισι
1189 1578 1296 1628 τῶν
1368 1572 1419 1628 ἐν
1498 1571 1641 1628 τέλει
1699 1579 1800 1641 τῆς
1834 1568 2108 1644 ὑμνῳδίαις

459 1661 797 1737 τελουμένης
846 1663 992 1726 ἐντὸς
1042 1664 1378 1733 εἱστήκεισαν
1434 1667 1530 1718 τοῦ
1575 1667 1728 1734 ναοῦ,
1777 1663 1830 1716 οἱ
1876 1659 1932 1716 δὲ
1985 1682 2108 1714 συν-

461 1752 608 1817 ἐθεον
667 1751 942 1827 πανδημεὶ
1003 1747 1354 1828 θορυϐοῦντες
1423 1754 1570 1828 παρὰ
1625 1753 1686 1807 τὸ
1737 1751 1964 1820 σύνηθες
2017 1749 2106 1804 καὶ
2144 1784 2187 1848 Β

459 1839 570 1913 ἤδη
600 1847 718 1904 τοῖς
752 1841 899 1904 ἐντὸς
927 1842 1182 1920 ἐμφανεῖς
1233 1843 1368 1910 ἦσαν
1421 1842 1549 1898 εύοὺ
1577 1849 1678 1911 τῆς
1714 1847 1882 1914 μονῆς
1915 1839 2107 1910 ἰόντες,

457 1932 600 1993 τινὲς
644 1936 752 1986 τῶν
809 1929 960 1996 ἐκτὸς
1027 1929 1196 1988 ὄντων
1243 1933 1527 2008 ὑπηρετῶν
1571 1932 1662 1986 τὸν
1723 1930 1937 1985 ἐκείνων
1976 1930 2106 1983 ὑπο·

455 2021 786 2084 τοπάσαντες
845 2017 1116 2096 θόρυϐον,
1174 2023 1248 2094 μή
1306 2021 1358 2076 τί
1417 2043 1523 2076 που
1571 2020 1660 2076 καὶ
1717 2025 1825 2075 τῶν
1878 2020 2106 2093 ἀπειρη-

458 2111 632 2182 μένων
695 2109 941 2188 δράσαιεν
1001 2109 1196 2187 σχεδὸν
1277 2111 1572 2184 αὐτόνομοί
1648 2106 1820 2178 ὅντες,
1890 2111 2004 2182 ἅμα
2053 2107 2109 2163 δὲ

453 2199 543 2254 καί
593 2200 683 2255 τὸν
749 2203 1114 2278 νεωτερισμὸν
1205 2199 1621 2269 ὑποπτεύοντες,
1700 2197 1930 2270 δηλοῦσι
2014 2201 2106 2251 σὺν

451 2288 626 2365 ὠχρῷ
656 2295 735 2362 τῷ
763 2292 1048 2364 προσώπῳ
1075 2295 1192 2353 τοῖς
1223 2286 1398 2345 ἔνδον·
1448 2291 1516 2348 Οἱ
1565 2288 1622 2344 δὲ
1667 2285 1878 2362 σπουδῇ
1911 2289 1970 2360 [Ρ
2014 2289 2104 2361 33]

449 2385 565 2441 τοῖς
619 2380 832 2455 κυρίοις
895 2381 957 2436 τὸ
1018 2378 1266 2449 δηλωοὶν
1347 2378 1781 2456 ἀπαγγέλλουσι,
1840 2375 1929 2432 καὶ
1988 2376 2108 2431 ἐπι-

452 2471 686 2543 ζυγῶσαι
714 2469 810 2531 τὰς
847 2471 945 2539 τῆς
996 2476 1171 2543 μονῆς
1219 2467 1398 2532 πύλας
1441 2474 1560 2532 τοῖς
1611 2465 1939 2542 ἐρχομένοις
1973 2487 2109 2539 συμ·

448 2666 722 2724 assentiri
753 2669 1086 2740 Augustum
1111 2671 1168 2724 et
1197 2675 1496 2724 auctorem
1545 2667 1691 2725 ﬁeri.
1752 2667 1903 2722 Tum
1961 2680 2097 2720 vero

447 2773 552 2828 pro
583 2773 646 2813 se
677 2756 932 2829 quisque
961 2771 1327 2828 procurrere,
1379 2756 1635 2830 singulis
1693 2755 1914 2811 viritim
1971 2771 2099 2810 sese

445 2845 666 2902 ultores
699 2847 1052 2918 injuriarum
1085 2855 1141 2903 et
1158 2847 1420 2904 vindices
1443 2845 1651 2904 salutis
1675 2845 1955 2918 principis
1980 2845 2100 2917 opi-

445 2936 746 3003 nantibus,
771 2939 828 2991 et
847 2935 1006 2992 velut
1025 2936 1086 2992 in
1110 2937 1305 2993 studio
1327 2937 1408 2992 rei
1439 2935 1726 3008 praeclarae
1756 2939 2097 3007 praevertere

445 3024 694 3082 invicem
711 3025 1085 3082 festinatione
1101 3026 1248 3082 mira
1269 3026 1650 3096 certantibus,
1676 3043 1741 3081 ac
1768 3024 2095 3096 periculum

442 3129 847 3186 praeoccupare
868 3114 1036 3186 quasi
1053 3115 1268 3171 heroici
1289 3115 1564 3172 facinoris
1582 3115 2093 3188 perturbatissimo
2127 3151 2168 3218 C

445 3202 718 3259 discursu
770 3207 827 3260 et
858 3209 1066 3259 mutua
1121 3207 1457 3261 extrusione
1519 3205 1816 3260 ruentium
1869 3205 2091 3277 impetu

450 3292 700 3347 maxime
742 3308 948 3348 versus
979 3294 1406 3349 monasterium
1437 3295 1892 3360 Sosandrorum,
1942 3294 2092 3350 fero-

443 3379 612 3435 cibus
634 3384 1027 3436 extremorum
1046 3381 1331 3436 malorum
1348 3382 1523 3438 minis
1543 3383 1613 3438 iis
1630 3383 2095 3449 inferendorum,

443 3483 592 3538 quos
623 3467 936 3524 invidiosis
964 3469 1264 3525 vocabulis
1293 3470 1609 3527 infidorum
1633 3477 1912 3544 Augustae
1936 3477 2094 3544 pote-

445 3555 582 3611 stati
612 3555 1014 3627 principisque
1045 3557 1301 3612 hostium
1322 3559 1731 3629 designabant.
1753 3561 1876 3616 Non
1898 3565 2094 3617 tamen

444 3644 682 3700 defuere
712 3644 813 3716 qui
844 3645 1258 3717 subsisterent,
1293 3649 1660 3704 continentes
1693 3666 1820 3705 sese
1878 3650 1936 3705 in
1996 3651 2094 3708 illo

449 3733 632 3789 etluso
663 3732 912 3789 aliorum
946 3751 1144 3801 cursu,
1167 3735 1251 3791 vel
1276 3737 1428 3808 quod
1453 3738 1686 3793 cautius
1703 3756 1882 3811 quam
1907 3741 2093 3797 auda-

449 3821 579 3878 eius
607 3838 780 3894 agere
808 3823 1145 3880 consultum
1198 3826 1501 3893 ducerent,
1558 3829 1645 3884 vel
1704 3830 1856 3900 quod
1915 3830 2092 3885 simul

447 3911 622 3969 etiam
654 3918 977 3985 sperarent,
1009 3918 1140 3987 post
1169 3915 1469 3985 negotium
1502 3933 1536 3972 a
1565 3918 1935 3974 currentibus
1957 3935 2094 3975 con-

445 4001 660 4058 fertum
676 4003 982 4076 sublatosq
994 4020 1063 4060 ue
1084 4008 1352 4076 potentes
1374 4021 1593 4075 rerum,
1613 4009 2090 4079 quaestuosiorem

446 4091 559 4146 sibi
574 4091 1020 4164 relinquendam
1045 4111 1282 4166 operam
1305 4095 1667 4168 irrumpendi
1685 4098 1741 4153 in
1765 4099 1916 4156 mdes
1935 4099 2092 4170 ipso-

443 4195 576 4236 rum
607 4185 664 4237 et
719 4182 1150 4254 pretiosissima
1207 4184 1342 4241 inde
1402 4202 1650 4258 quaeque
1706 4190 2087 4260 exportandi;

443 4285 591 4340 quas
622 4269 681 4324 in
712 4272 943 4342 opimas
967 4274 1190 4344 praedas
1223 4274 1427 4331 utilius
1453 4282 1858 4347 expromerent
1906 4283 2087 4334 totam

442 4357 561 4413 vim
584 4359 989 4417 audacissima;
1020 4363 1380 4434 rapacitatis,
1413 4366 1650 4421 nemine
1675 4370 1800 4422 tum
1833 4367 2089 4438 prohibi-

447 4449 604 4518 turo,
663 4448 883 4520 quippe
923 4450 1045 4518 jam
1108 4452 1356 4507 mortuis
1412 4455 1854 4524 possessoribus
1914 4473 2090 4528 opera

2230 497 2535 566 ἀκούοντες,
2588 494 2758 571 (μηδὲ
2803 499 2906 573 γὰρ
2959 496 3106 573 ἔχειν
3159 494 3450 572 συμϐαλεῖν
3511 502 3682 558 ὁπόθεν
3748 506 3813 564 ἐπὶ

2225 588 2463 664 σφετέρῳ
2520 591 2672 660 κακῷ
2752 585 2880 642 ἷόιεν
2946 589 2997 642 οἱ
3057 589 3408 660 συνθέοντες),
3474 588 3702 666 ἔρχεσθαι
3768 595 3811 652 δὲ

2223 677 2505 738 κάκείνους
2537 676 2612 738 εἰς
2667 678 2761 739 τὰς
2819 679 3002 740 κοινὰς
3060 676 3263 741 ἐκείνας
3318 676 3566 745 τελεστᾶς
3610 682 3815 758 ὑπελάμ-

2225 759 2413 823 ϐανον.
2448 766 2534 827 Ὠς
2577 763 2635 822 δὲ
2684 766 2773 821 καὶ
2822 765 2974 829 αὖθις
3028 765 3330 837 ἐξελθόντες
3391 767 3573 824 ἐκεῖνοι
3616 770 3815 843 πλησια-

2226 856 2426 908 σάντων
2457 854 2548 910 λαὶ
2610 853 2822 928 μᾶλλον
2877 856 2940 910 τὸ
2999 851 3310 930 Οορυϐῶδες
3365 858 3454 912 καὶ
3510 860 3710 916 ἄτακτον
3761 863 3815 918 ὑπ

2225 943 2428 1011 ενόουν,
2475 941 2552 998 ἔτι
2603 943 2816 1017 μᾶλλον
2863 942 3261 1021 κατωρρώδουν
3309 947 3399 1001 καὶ
3453 950 3576 1020 μετὰ
3619 949 3816 1021 σπουδῆς

2225 1031 2582 1107 εἰσήγγελλον
2635 1034 2703 1088 τὰ
2758 1034 3068 1110 γιγνόμενα,
3126 1035 3217 1090 καὶ
3276 1035 3358 1090 ἐπ’
3422 1036 3633 1101 ἐκείνοις
3686 1037 3815 1095 ἄλλοι

2222 1119 2720 1197 ταχυδρομοῦντες,
2775 1125 2861 1178 καὶ
2913 1123 3067 1188 αὖθις
3119 1122 3310 1179 ἄλλοι·
3339 1123 3463 1180 οὐδὲ
3491 1128 3587 1203 γάρ
3615 1129 3670 1198 ἦν
3699 1126 3813 1192 ὅστις

2221 1209 2345 1265 τότε
2406 1211 2622 1273 βλέπων
2683 1214 2758 1285 μὴ
2830 1212 2916 1268 ἐπὶ
2991 1218 3142 1286 κακῷ
3196 1215 3430 1290 μεγίστῳ
3485 1217 3576 1285 τήν
3641 1217 3813 1274 ἐκείνων

2224 1299 2400 1377 ἄφιξιν
2437 1301 2668 1359 ὑπενόει.
2700 1304 2853 1357 Ὅθεν
2916 1302 3009 1358 λαὶ
3059 1301 3267 1359 πολλοὶ
3331 1306 3424 1378 μὲν
3478 1305 3592 1380 περὶ
3647 1308 3816 1370 ἑαυτοῖς

2223 1386 2460 1452 δεδιότες
2493 1389 2551 1445 ἐκ
2596 1395 2705 1446 τῶν
2760 1392 2822 1447 ού
2874 1391 3057 1448 καλῶν
3119 1393 3338 1450 ἐκείνων
3401 1395 3632 1467 ὑποψιῶν
3681 1395 3818 1458 ἄλλος

2220 1476 2474 1553 ἀλλαχοῦ
2503 1479 2846 1538 κατεδύοντο.
2894 1485 2977 1543 οἷς
3025 1479 3072 1536 δ’
3121 1479 3285 1556 ἔμελε
3333 1488 3440 1538 τῶν
3488 1483 3815 1554 Μουζαλώνων

2219 1566 2387 1622 πλέον
2419 1574 2528 1624 τῶν
2560 1567 2767 1637 ἄλλων,
2818 1571 3137 1646 προσιόντες
3187 1571 3279 1627 καὶ
3326 1571 3474 1634 αὖθις
3505 1573 3697 1646 ἀτάκτῳ
3721 1577 3816 1644 ηθει

2218 1661 2306 1712 καὶ
2346 1659 2625 1734 προσώπῳ
2661 1661 2760 1728 τήν
2823 1656 3081 1730 εἰσϐολὴν
3137 1666 3244 1716 τῶν
3307 1659 3513 1733 ἀνδρῶν
3541 1662 3810 1735 ύπεμίμνηυ

2219 1769 2368 1817 σκον,
2413 1749 2502 1802 καὶ
2553 1748 2798 1826 ἐφεκτέον
2847 1751 2909 1804 τὸ
2951 1751 3122 1826 τάχος
3155 1749 3346 1826 ἔλεγον
3395 1748 3812 1826 προκαταλαϐοῦσι

2223 1838 2318 1907 τὴν
2351 1836 2570 1894 ἐκείνων
2621 1840 2798 1912 ὁρμὴν
2853 1836 2941 1894 διὰ
2993 1841 3089 1911 τῆς
3146 1845 3255 1895 τῶν
3313 1839 3498 1896 πυλῶν
3550 1841 3810 1912 ἐπιθέσεως,

2226 1930 2300 2002 μή
2359 1950 2476 1991 πως
2532 1929 2620 1984 καὶ
2680 1929 2950 2006 φθάσωσιν
3002 1929 3358 1995 εἰσελθόντες·
3425 1930 3559 2005 μηδὲ
3608 1933 3694 2008 γάρ
3743 1931 3814 1987 ἐπὶ

2219 2017 2375 2090 κοιλῷ
2430 2039 2538 2072 τινι
2589 2019 2680 2074 τὸν
2728 2023 2986 2073 τοσοῦτον
3034 2015 3264 2094 Θόρυϐον
3309 2022 3465 2094 εἶναι,
3510 2019 3626 2077 ἀλλ’
3667 2020 3732 2083 είς
3775 2041 3813 2075 τι

2221 2105 2404 2178 λήξειν
2433 2107 2620 2163 κακόν.
2653 2109 2720 2166 Οἱ
2753 2106 2811 2163 δέ
2838 2113 2944 2163 τῶν
2970 2103 3172 2186 φόϐους
3203 2109 3475 2184 λεγόντων
3508 2109 3599 2165 οὐκ
3623 2108 3816 2181 ἤκουσαν

2219 2196 2384 2258 ὅλως·
2418 2197 2522 2271 ἦγε
2562 2198 2685 2271 γὰρ,
2721 2197 2898 2270 οἶμαι,
2954 2198 3184 2261 τούτους
3228 2199 3295 2253 τὸ
3351 2199 3631 2276 μόρσιμον,
3671 2199 3815 2255 κειὶτὸ

2220 2283 2515 2361 λεγόμενον
2576 2283 2800 2358 ἀληθὲς,
2859 2287 2932 2348 ώς
3015 2289 3327 2366 ἀφαιρεῖται
3385 2290 3481 2350 τὰς
3537 2291 3709 2366 cpi-Eva:
3759 2290 3814 2341 ὧν

2217 2374 2481 2431 ἀπολέσαι
2519 2373 2710 2449 μέλλει
2741 2377 2803 2431 τὸ
2841 2381 3015 2435 Θεῖον.
3048 2379 3125 2435 Οὐ
3164 2379 3276 2450 μὴν
3311 2377 3369 2434 δὲ
3413 2377 3534 2434 ἀλλ’
3567 2376 3680 2434 οὐδὲ
3720 2383 3812 2438 τοῖς

2217 2469 2447 2540 παροῦσι
2500 2470 2608 2520 τῶν
2671 2469 3002 2540 μεγιστάνων
3054 2463 3219 2540 ἔμελε
3275 2467 3340 2522 τὸ
3391 2465 3652 2544 δρώμενον
3679 2467 3813 2522 ἀκοῦ-

2207 2664 2370 2720 diose
2388 2667 2924 2737 suggesseruntere
2937 2665 3122 2722 videri
3155 2666 3366 2739 templi
3403 2666 3590 2724 valvas
3619 2666 3805 2724 occludi

2205 2753 2609 2822 venientibus;
2648 2753 2826 2826 idque
2881 2755 3090 2812 ardore
3141 2756 3402 2814 maximo
3453 2756 3711 2829 urgebant
3755 2759 3804 2810 ut

2207 2843 2408 2897 statim
2423 2846 2745 2900 curaretur.
2766 2843 2936 2900 Atilli
2953 2844 3264 2902 audientes
3291 2846 3663 2920 negligebant,
3679 2845 3806 2900 nulla

2206 2929 2418 2986 idonea
2446 2932 2783 3002 conjectura
2814 2933 2936 2989 fieri
2969 2934 3295 2992 verisimile
3317 2937 3536 2993 causati
3563 2936 3629 2992 ad
3656 2933 3805 2990 ullum

2204 3019 2468 3092 ipsorum
2485 3020 2994 3093 periculumistum
3009 3040 3249 3080 cursum
3270 3023 3807 3098 pertinereznimirum

2208 3109 2604 3182 epinabantur
2634 3111 2727 3184 agi
2757 3111 3040 3185 religione
3071 3126 3173 3170 aut
3214 3115 3415 3172 studio
3446 3111 3807 3172 cohonestandi

2207 3199 2492 3272 principis
2527 3201 2756 3257 turbam
2776 3201 2960 3270 illam,
2984 3206 3040 3259 et
3057 3202 3204 3259 nihil
3228 3205 3392 3261 aliud
3412 3222 3576 3278 quam
3595 3212 3809 3275 spectare

2206 3293 2308 3344 aut
2339 3289 2791 3361 frequentiorem
2822 3292 3065 3348 reddere
3102 3293 3413 3350 funebrem
3438 3292 3668 3367 Augusti
3685 3307 3806 3346 mor-

2205 3377 2292 3433 tui
2324 3379 2663 3452 panegyrim
2695 3397 2928 3452 cupere.
2963 3381 3036 3438 Ut
3067 3385 3267 3439 autem
3292 3384 3393 3455 qui
3419 3383 3535 3440 haac
3556 3381 3807 3439 suntiave-

2206 3472 2339 3522 rant
2360 3484 2596 3524 rursum
2627 3469 2848 3540 egressi
2885 3471 3276 3542 propiusjam
3302 3472 3559 3545 appulsae
3577 3468 3800 3526 multitu-

2205 3556 2362 3612 dinis
2393 3557 2642 3614 furentis
2673 3559 2966 3615 fremiturr
3007 3577 3038 3616 e
3067 3560 3265 3618 vicino
3289 3558 3801 3618 terribilioremhau-

2204 3661 2332 3702 sere
2363 3646 2658 3716 sensibus,
2692 3664 2779 3716 eo,
2841 3648 2975 3720 plus
3027 3650 3508 3708 cohorrescentes
3561 3649 3800 3705 iterarunt

2201 3734 2489 3791 indicium
2521 3737 2832 3793 crescentis
2859 3737 3020 3801 mali,
3042 3741 3411 3807 nuntiantes,
3435 3745 3498 3796 ut
3514 3739 3680 3813 prius,
3699 3751 3796 3808 quae

2203 3825 2500 3881 recentius
2530 3835 2866 3897 cognorant.
2900 3829 3062 3894 Quod
3080 3845 3213 3885 mox
3227 3832 3795 3887 confirmaruntcursu

2203 3913 2416 3970 anhelo
2448 3915 2789 3972 festinantes
2821 3916 2920 3972 alii
2976 3934 3151 3989 super
3208 3918 3384 3976 alios.
3444 3919 3631 3990 Neque
3673 3913 3796 3972 enim

2201 4005 2319 4075 jam
2348 4003 2475 4072 ulli,
2506 4005 2607 4076 qui
2629 4009 2894 4061 uteretur
2921 4008 3093 4063 modo
3121 4009 3422 4077 sensibus,
3447 4009 3674 4064 dubium
3701 4005 3798 4060 erat

2200 4093 2342 4165 quin
2377 4093 2436 4148 in
2467 4093 2757 4165 tragicum
2787 4095 3007 4151 exitum
3059 4097 3353 4154 fanaticus
3410 4099 3515 4154 iste
3562 4105 3795 4153 accursus

2199 4186 2549 4254 erumperet.
2583 4185 2772 4247 Quare
2803 4183 2977 4240 multi
3027 4184 3139 4242 sibi
3198 4187 3473 4258 privatim
3524 4186 3798 4242 metuentes

2199 4273 2504 4328 admonitu
2538 4272 2890 4329 indiciorum
2925 4274 3254 4346 ingruentis
3300 4277 3439 4332 mali
3499 4275 3640 4333 alius
3686 4268 3796 4327 alibi

2198 4361 2638 4417 abscondebant
2693 4375 2843 4416 sese.
2903 4362 3128 4428 Quibus
3184 4369 3388 4420 autem
3442 4363 3620 4434 major
3653 4372 3795 4431 quam

2197 4449 2420 4504 caeteris
2449 4448 2820 4505 Muzalonum
2853 4467 2994 4508 cura
3021 4457 3166 4521 erat,
3191 4453 3389 4510 denuo
3413 4453 3630 4525 trepido
3653 4462 3794 4504 cursu

447 4551 650 4592 eorum
683 4553 830 4608 quos
862 4537 920 4592 in
953 4539 1007 4593 id
1041 4555 1393 4610 praacurrere
1424 4543 1714 4599 sinebant.
1747 4543 1893 4599 Cum
1953 4561 2088 4616 ergo
2123 4532 2167 4597 D
2199 4539 2898 4610 vultuqueturbatoipsos
2913 4541 3793 4614 adibant,impetumarmatorum

447 4623 586 4679 dum
605 4623 1344 4696 hymnodiacelebraretur,
1369 4629 1699 4686 Muzalones
1721 4648 1852 4688 cum
1875 4633 2093 4706 primo-

448 4711 614 4768 ribus
679 4714 1033 4785 Optimatum
1087 4715 1244 4771 intra
1313 4717 1602 4789 templum
1659 4725 1930 4790 starent,
1988 4724 2089 4780 58

446 4817 646 4868 ruens,
680 4807 746 4858 ut
771 4803 994 4859 dictum
1026 4808 1136 4874 est,
1167 4805 1425 4860 tumultu
1473 4807 1710 4864 insolito
1771 4811 2089 4870 multitudo

446 4891 818 4948 adventabat.
838 4894 1041 4964 Etjam
1067 4894 1167 4967 qui
1196 4894 1356 4952 intus
1379 4897 1878 4972 erantintelligere
1901 4918 2090 4974 coope-

443 4985 574 5036 rant
603 4997 732 5037 eam
767 4982 996 5038 turbam
1030 4987 1184 5039 recta
1217 4983 1275 5038 in
1311 4987 1733 5044 monasterium
1767 4991 1924 5059 ferri,
1951 5008 2085 5048 cum

442 5069 680 5140 quidam
703 5087 734 5126 e
754 5070 1044 5128 ministris
1058 5071 1430 5130 Muzalonum
1457 5075 1598 5132 foris
1620 5078 2086 5149 opperientibus,

438 5158 604 5215 veriti
623 5177 740 5232 quo
762 5165 1078 5233 tempestas
1101 5168 1384 5236 suspectae
1401 5165 1676 5222 novitatis
1694 5167 2082 5240 incumberet,

439 5252 499 5304 et
530 5265 646 5305 non
677 5251 807 5306 sine
835 5267 1014 5309 causa
1044 5257 1378 5310 metuentes
1409 5270 1479 5310 ne
1512 5259 1740 5311 armata
1780 5261 1836 5313 et
1881 5257 2076 5330 legum

437 5353 646 5395 secura
666 5340 877 5398 seditio
909 5341 968 5397 in
1001 5343 1218 5398 fredum
1250 5343 1484 5415 aliquod
1520 5345 1814 5401 desineret
1832 5347 2083 5416 facinus,

434 5428 658 5500 pallido
687 5429 853 5487 vultu
882 5431 1209 5503 periculum
1243 5433 1594 5489 nuntiarunt
1643 5433 1819 5506 iisqui
1843 5453 1910 5491 ex
1941 5436 2084 5492 inte-

435 5517 574 5574 riori
591 5521 871 5577 comitatu
895 5520 1268 5576 Muzalonum
1289 5520 1443 5576 intra
1455 5521 1741 5592 templum
1765 5526 2080 5581 versaban-

434 5610 549 5662 tur.
583 5607 652 5664 lli
683 5625 806 5666 rem
841 5610 1040 5666 statim
1073 5609 1142 5666 ad
1176 5609 1447 5667 dominos
1479 5611 1815 5670 detulerunt
1871 5622 1928 5670 et
1957 5619 2078 5672 stu-

2202 4629 2556 4684 irruentium
2588 4628 2938 4698 indicantes,
2989 4636 3045 4687 et
3103 4648 3458 4706 magnopere
3496 4629 3794 4690 suadebant,

2193 4718 2472 4788 juberent
2503 4717 2717 4790 opponi
2749 4719 3083 4776 furentibus
3120 4727 3427 4793 portarum
3454 4718 3734 4778 obices59
3755 4717 3797 4768 ct

2198 4806 2487 4878 templum
2519 4807 2717 4863 statim
2749 4809 3207 4882 claudijamjam
3241 4811 3399 4868 intro
3431 4806 3738 4882 irrupturis,
3757 4801 3794 4857 si

2199 4901 2425 4969 pateret
2457 4913 2469 4952 :
2503 4913 2639 4952 nam
2672 4902 2902 4954 tantum
2933 4900 3256 4956 tumultum
3290 4901 3440 4956 nihil
3461 4899 3799 4970 boniporten-

2197 4988 2352 5043 dere.
2386 4987 2788 5043 Narrabantur
2816 5004 2883 5043 ea
2909 4990 3122 5047 surdis.
3157 4991 3501 5046 Perstabant
3522 4989 3576 5043 in
3601 4996 3794 5042 summo

2197 5075 2455 5150 periculo
2487 5080 2707 5133 temere
2738 5077 2949 5133 securi.
2975 5079 3197 5152 Agebat
3227 5079 3450 5152 quippe
3480 5078 3605 5134 illos
3636 5070 3793 5130 fatalis

2193 5171 2337 5240 puto
2359 5166 2587 5222 cecitas
2608 5165 2666 5220 in
2692 5166 2990 5224 decretum
3014 5169 3162 5240 ipsis
3184 5169 3592 5224 infortunium.
3615 5163 3792 5218 Verum

2193 5256 2417 5313 scilicet
2445 5259 2534 5312 est
2563 5256 2713 5325 quod
2747 5256 2862 5312 dici
2885 5256 3055 5326 solet,
3077 5275 3224 5329 quos
3250 5259 3494 5330 perdere
3516 5254 3629 5312 vult
3651 5253 3791 5313 Deus,

2193 5345 2266 5399 iis
2295 5347 2430 5399 ante
2460 5343 2658 5398 omnia
2689 5348 2946 5400 mentem
2980 5345 3223 5417 eripere.
3257 5347 3371 5401 Sed
3423 5360 3524 5400 nec
3573 5341 3664 5414 qui
3711 5335 3793 5392 ad-

2191 5437 2358 5490 erant
2381 5447 2672 5504 proceres,
2689 5432 2944 5490 multum
2963 5451 3169 5491 curare
3180 5435 3534 5491 videbantur
3553 5439 3791 5504 quorsum

2189 5525 2524 5594 spectarent
2553 5537 2684 5593 quae
2713 5523 3035 5580 audiebant
3050 5525 3195 5592 fieri,
3216 5524 3307 5581 vel
3339 5524 3585 5596 quadam
3604 5530 3791 5592 praeno-

2188 5615 2345 5670 tione
2375 5611 2792 5685 gerendorum,
2821 5612 2910 5670 vel
2935 5616 3006 5671 ad
3041 5614 3197 5686 ipsos
3221 5613 3386 5670 haud
3410 5613 3516 5670 rati
3545 5609 3791 5684 pertinere
