4034 6200
248 279 358 333 493

1328 282 1424 335 DE
1460 283 1833 336 MICHAELE
1871 281 2317 338 PALJEOLOGO
2352 287 2488 340 LIB.
2526 290 2573 340 I'.

3567 288 3672 343 494

249 425 428 471 ουσιν,
486 400 595 457 εἷ’τε
651 402 784 456 κατά
837 422 958 456 τινα
1010 399 1321 478 πρόγνωσιν
1387 408 1494 459 τῶν
1570 402 1910 477 μελλόντων,
1941 409 1989 475 Α
2025 406 2122 475 τήν
2183 409 2447 480 μυστικὴν
2505 407 2771 485 τράπεζαν
2821 410 3069 468 ὑπελθὼν
3113 413 3312 477 ἐκεῖθεν
3373 414 3508 485 ᾣετο
3567 415 3680 469 σώ-

243 493 352 548 εῖτε
391 493 500 565 μὴν
531 491 620 546 καὶ
672 490 855 555 αὐτοῖς
913 491 976 546 ού
1035 490 1201 565 μέλον
1233 492 1327 547 κᾶν
1365 493 1393 548 'o'
1423 515 1475 548 τι
1520 493 1609 548 καὶ
1659 492 1904 570 δράσειαν

385 602 394 608 _
467 580 477 600 ρ
679 582 692 603 9
824 581 836 599 ν
1131 583 1144 603 ι
1321 584 1338 600 ς
1434 584 1446 604 3
1528 582 1549 602 κ

242 584 627 657 συναχθέντες.
696 580 816 636 Λλλ
884 579 937 636 ἐν
984 603 1230 656 τοσουτῳ
1278 605 1372 645 τας
1405 584 1647 646 εισόοους
1701 606 1908 661 προκα-

1813 675 1905 748 ἅμ’

242 761 620 838 εἰσχεομένων
698 759 847 823 ἐντὸς
906 763 1064 816 κακοὶ
1143 757 1368 836 θόρυϐοι
1443 765 1604 836 ἦσαν,
1676 765 1766 819 καὶ
1825 767 1907 829 οἷς

239 847 420 922 ἔδρων
448 873 508 907 τε
532 852 621 905 καὶ
653 849 922 921 ἠπείλουν
975 851 1238 926 πρότερον
1274 859 1307 922 ἦ
1337 853 1425 906 τὸν
1459 854 1586 908 ναὸν
1642 851 1902 917 εἰσελθεῖν

237 667 658 744 ταλαμδάνουσι
712 669 802 724 καὶ
860 676 1149 747 κρατοῦσιν
1217 674 1270 727 οἱ
1318 672 1579 746 ἐπιόντες,
1639 675 1730 729 καὶ

241 937 415 1010 δῆλοι
442 943 576 1009 ἦσαν
634 945 920 1017 φονῶντες.
981 942 1080 993 Ἤν
1133 941 1224 994 οὖν
1280 946 1360 1013 τῷ
1415 937 1904 1017 πριυτοϐεστιαρίῳ

1034 1029 1415 1104 Θεοφύλακτος
1487 1036 1732 1104 τοῦνομα
1813 1032 1904 1086 καὶ

466 1121 748 1194 εωηενὴς,
819 1119 1161 1194 προσόμοιος
1217 1124 1295 1191 τῷ
1347 1119 1520 1193 κυρίῳ
1587 1121 1654 1175 τὰ
1709 1120 1899 1178 πάντα,

240 1030 635 1104 γραμματικὸς
723 1028 948 1096 οἰκεῖος,

237 1121 376 1190 ἐμὸς

230 1208 599 1278 Ἐξελθόντος
658 1212 789 1282 γοῦν
849 1208 937 1262 ἐπὶ
987 1213 1066 1280 τῷ
1137 1214 1323 1282 μαθεῖν
1405 1207 1610 1264 ἐκείνου
1673 1209 1901 1288 σφάλλει

227 1298 367 1360 τοὺς
429 1297 679 1359 ἐπιόντας
733 1300 767 1366 ἡ
831 1297 1132 1372 ὁμοιότης,
1197 1299 1598 1374 συναιρομένης
1654 1301 1746 1354 καὶ
1801 1308 1903 1370 τῆς

229 1387 570 1463 ἀμπεχόνης
628 1387 888 1460 πενθίμου
951 1386 1117 1458 οῦσης
1199 1389 1280 1443 ἐπ’
1358 1387 1480 1458 ἴσης
1537 1393 1626 1443 καὶ
1683 1395 1901 1462 μικροῖς

226 1476 325 1532 καὶ
388 1475 660 1552 μεγάλοις
714 1474 803 1531 διὰ
858 1478 950 1532 τὸν
1014 1476 1284 1553 βασιλέως
1352 1480 1600 1541 θάνατον,
1656 1480 1904 1534 κάκεῖνον

231 1567 683 1629 ὑποτοπάσαντες
767 1568 859 1622 τὸν
927 1566 1261 1640 ζητούμενον
1349 1570 1478 1622 εἶναι
1554 1567 1709 1632 εύθὺς
1752 1567 1902 1623 ἀναι-

227 1661 398 1732 ροῦσι
431 1656 618 1711 κοπίσι
655 1653 897 1730 μυρίαιςο
950 1655 1011 1711 ού
1071 1657 1174 1732 γὰρ
1233 1657 1298 1725 ἦν
1359 1656 1505 1720 ὅστις
1562 1659 1652 1712 καὶ
1710 1660 1900 1729 τεθνη-

2019 501 2221 565 ζεσθαι,
2279 498 2306 552 ὁ
2368 495 2413 552 δ’
2470 494 2659 555 ὄπισθε
2731 507 2830 570 τῆς
2900 507 2995 556 τοῦ
3053 506 3184 556 ναοῦ
3241 501 3425 572 πύλης
3486 504 3674 558 ἑαυτὸν

2017 588 2331 656 συνωθήσας
2386 585 2466 654 ἐφ’
2526 589 2672 662 αὖτῴ
2731 588 2950 667 ἐφεῖλκε
3001 591 3237 668 στερρῶς
3269 592 3357 646 καὶ
3393 591 3468 653 ὡς
3523 594 3671 667 εἶχεν

2016 675 2090 736 ὡς
2153 675 2446 745 συνιζάνειν
2501 677 2551 732 ἐν
2612 679 2854 753 ἐπιπέδῳ
2913 683 2964 735 ot
3021 683 3119 752 τὴν
3182 680 3387 756 θύραν,
3447 681 3522 742 ὡς
3580 680 3671 736 καὶ

2013 763 2461 838 προσκολλᾶσθαι
2507 765 2684 824 δοκεῖν
2735 772 3089 844 ἠνεῳγμένην
3138 775 3218 843 τῷ
3269 768 3540 844 άντιθύρῳ
3574 791 3671 843 μη-

2014 851 2162 918 δενὸς
2207 853 2464 928 ἐμποδὼν
2515 857 2690 923 ὄντος.
2751 860 2812 916 Ὁ
2875 856 2921 914 δ’
2981 859 3196 915 ἐκείνων
3253 855 3503 935 γαμϐρὸς
3555 859 3666 933 (καὶ

2013 944 2169 1006 οὗτος
2213 945 2311 1020 γὰρ
2391 947 2569 1023 ὥσπερ
2651 950 2750 1016 τῆς
2835 948 3130 1025 εὐπραγίας
3212 954 3331 1011 τοῖς
3383 946 3664 1025 συγγενέσι

2015 1039 2288 1107 μετεῖχεν,
2357 1034 2500 1090 οὕτω
2554 1038 2644 1091 καὶ
2702 1039 2963 1100 κοινωνὸς
3010 1037 3212 1112 ἔμελλε
3263 1037 3505 1114 γενέσθαι
3561 1045 3664 1108 τῆς

2011 1119 2369 1198 δυσπραγίας)
2430 1125 2683 1201 ἀλλαχοῦ
2739 1127 2863 1202 περί
2937 1149 3044 1183 που
3099 1129 3162 1183 τὸ
3237 1131 3343 1183 τῶν
3399 1127 3666 1202 βασιλέων

2010 1215 2192 1287 ἡρῷον
2244 1215 2317 1276 ὡς
2374 1217 2490 1290 εἶχε
2546 1215 2958 1292 παραδυόμενος
3014 1219 3200 1273 λαθεῖν
3279 1213 3554 1274 ἔσπευδεν.
3604 1219 3664 1276 Ὁ

2015 1303 2194 1374 μέντοι
2226 1325 2288 1378 γε
2318 1301 2819 1382 πρωτοϐεστιάριος
2852 1307 2902 1361 ἐν
2937 1312 3056 1370 τοῖς
3097 1305 3314 1369 ἀδύτοις
3363 1305 3453 1361 καὶ
3501 1306 3666 1369 ὰύτὸς

2009 1391 2268 1456 εἷ’σελθὼν
2309 1398 2406 1448 τοῦ
2463 1399 2612 1464 ναοῦ,
2671 1397 2762 1452 καὶ
2820 1400 2958 1472 πρὸς
3011 1400 3082 1470 τῇ
3140 1396 3317 1472 κόγχῃ
3374 1394 3666 1471 γενόμενος

2007 1483 2105 1548 τῆς
2133 1483 2463 1554 προθέσεως,
2512 1483 2598 1539 ἐπί
2655 1507 2705 1539 τι
2764 1483 3025 1548 κιονῶδες
3085 1485 3372 1560 ἱστάμενον
3437 1485 3663 1559 ὗπανέρ-

2007 1589 2164 1645 χεται
2199 1614 2213 1641 ,
2271 1573 2356 1626 καὶ
2417 1577 2496 1627 τῶ
2551 1573 2722 1628 ἐκεῖσε
2780 1574 3045 1630 σκοτώδει
3105 1575 3198 1629 σὺν
3255 1579 3371 1637 τοῖς
3445 1571 3666 1637 ἀδύτοις

2009 1658 2214 1735 θαρῥεῖ.
2249 1660 2413 1716 Ἀλλ’
2450 1662 2549 1716 οὐκ
2594 1663 2660 1731 ἦν
2713 1661 3037 1719 οἱστισινοῦν
3096 1663 3315 1720 ἐκείνων
3377 1662 3660 1740 διαδρᾶναι

228 1745 358 1800 κότι
394 1746 459 1800 τὸ
491 1741 657 1820 ἔγχος
702 1746 804 1800 οὐκ
859 1739 1085 1800 ἔδαπτεν
1146 1745 1227 1800 ἐπ’
1284 1745 1486 1824 ἐκείνῳ.
1537 1748 1622 1808 Ὡς
1677 1743 1733 1801 δὲ
1791 1747 2094 1850 ἐγώΒτὸν
2154 1747 2422 1806 κίνδυνον.
2494 1749 2751 1808 Πλεῖστοι
2817 1753 2915 1828 γὰρ
2985 1753 3135 1816 ὅντες
3205 1754 3257 1808 οἱ
3311 1753 3658 1831 ἐφορμῶντες

461 1833 486 1850 ,ι
1188 1834 1613 1850 ....._
1822 1837 1832 1850 .
2073 1838 2700 1850 ...,.-..
2924 1842 2936 1850 .
3231 1841 3582 1850 -M.

223 1857 388 1897 τινος
451 1833 709 1903 ἤκουσα,
770 1834 1106 1912 ἀπεῤῥόφουν
1187 1835 1245 1889 ἐκ
1314 1839 1412 1904 τῆς
1470 1834 1646 1905 δεινῆς
1707 1837 1899 1909 μανίας

223 1924 334 1982 τοῦ
369 1923 623 1997 α’ἷματος.
657 1923 812 1992 Πλὴν
845 1922 970 1978 ἀλλ’
1032 1924 1186 1988 εὒθύς
1240 1924 1339 1979 οὐκ
1385 1925 1616 2000 ἠγνόουν
1663 1925 1892 2004 σφαλέν-

220 2034 344 2077 τες·
408 2015 473 2069 τὸ
531 2015 634 2090 γὰρ
690 2011 914 2068 πέδιλον
996 2014 1263 2091 ὑποφανῖεν
1330 2018 1427 2068 τοῦ
1498 2012 1666 2077 ποδὸς
1729 2013 1897 2089 μέλαν

223 2101 289 2158 ὅν
329 2107 392 2177 [Ρ
453 2106 546 2176 34]
603 2107 710 2158 τῶν
777 2100 1145 2178 δεδρακόντων
1208 2103 1436 2180 φανερὰν
1493 2102 1712 2178 ἄγνοιαν
1768 2126 1896 2159 κατ-

222 2194 453 2270 ηγόρει.
513 2195 612 2248 Καὶ
670 2191 974 2268 παραυτίκα
1054 2194 1167 2265 μεθ’
1228 2193 1311 2247 ὅτι
1367 2192 1633 2264 πλείστης
1701 2195 1895 2266 μανίας

220 2283 323 2339 καὶ
410 2290 664 2358 ταραχῆς
741 2283 986 2359 ξιφήρεις
1062 2282 1391 2355 ἐμπίπτουσι
1465 2287 1544 2355 τῷ
1611 2288 1746 2356 ναῷ,
1804 2284 1893 2338 καὶ

223 2379 590 2447 παραχρῆμα
635 2371 901 2448 φανέντων
943 2376 1049 2427 τῶν
1096 2373 1386 2450 φονώντων
1448 2372 1663 2427 ἐκεινων
1721 2373 1748 2426 ὁ
1801 2374 1894 2445 μὲν

226 2463 387 2535 ἱερὸς
450 2460 619 2535 ὕμνος
696 2462 1133 2534 κατασιλάζεται,
1210 2459 1396 2517 ἄλλων
1474 2460 1728 2536 ἀλλαχοῦ
1791 2466 1898 2515 τῶν

230 2551 576 2626 ψαλλόντῶν
638 2549 1072 2624 σκεδαννυμένων
1152 2551 1240 2605 καὶ
1298 2548 1724 2625 παραδυομένων
1784 2571 1899 2625 γω-

227 2643 380 2704 νίαις
428 2641 520 2696 καὶ
571 2640 766 2704 τόποις
823 2641 902 2702 οἶς
932 2639 1171 2711 ἤλπιζον
1207 2642 1489 2710 σώζεσθαι.
1524 2641 1591 2697 Οἱ
1638 2637 1695 2694 δὲ
1745 2642 1900 2697 Μου-

232 2731 511 2803 ζάλωνες,
571 2733 599 2785 ὁ
667 2731 761 2805 μὲν
815 2736 932 2793 τοῖς
996 2728 1214 2792 ἀδύτοις
1271 2729 1601 2806 προστρέχει
1649 2728 1738 2784 καὶ
1799 2729 1901 2783 ὑπὸ

239 2861 411 2932 quod
446 2859 639 2915 acturi
669 2863 835 2915 erant
864 2858 962 2931 qui
988 2857 1683 2914 concurrebant.Interim
1717 2857 1912 2912 aditus

240 2953 746 3022 prazoccupantet
771 2948 1041 3021 prasidio
1070 2948 1349 3004 muniunt
1370 2948 1472 3020 qui
1493 2948 1617 3018 jam
1640 2962 1913 3019 pervene-

2004 1838 2130 1901 τοὺς
2183 1841 2276 1914 μὲν
2328 1840 2531 1904 ἄλλους
2581 1841 2794 1898 ἐποίουν
2843 1842 3076 1921 φεύγειν,
3126 1845 3248 1918 περὶ
3302 1846 3372 1917 τῇ
3431 1841 3659 1918 σφετέρᾳ

2009 1932 2121 2002 ζωῇ
2174 1928 2390 1994 θέοντος
2435 1930 2698 2001 ἑκάστου,
2751 1934 3133 1997 ἀπενενοῦσθαι
3185 1929 3242 1987 δὲ
3291 1931 3383 1986 καὶ
3429 1931 3556 1993 τοὺς
3604 1930 3657 1986 ἐν

2003 2020 2150 2073 τέλει
2204 2015 2482 2074 συνέϐαινε
2543 2019 2711 2095 μηδὲν
2790 2042 3018 2098 εχοντας
3087 2022 3363 2098 πράττειν.
3421 2021 3651 2076 Ἐκεῖνοι

2007 2102 2063 2159 δὲ
2093 2105 2152 2160 ἐκ
2189 2105 2407 2162 πολλοῦ
2462 2113 2558 2164 τοῦ
2615 2111 2749 2183 πρὸς
2809 2111 2872 2164 τὸ
2921 2109 3136 2186 θαρρεῖν
3195 2109 3486 2185 περιόντος
3543 2127 3654 2162 πα-

2007 2189 2284 2270 ράϐακχὲἶν
2313 2218 2364 2251 τι
2393 2199 2482 2253 καὶ
2519 2199 2745 2272 μανικὺν
2785 2197 3152 2277 ἐφαλλόμενοι
3201 2193 3442 2274 ἀκριϐῶς
3486 2195 3650 2272 ἠρεύ-

2009 2305 2139 2357 νων,
2175 2284 2344 2359 μηδὲν
2371 2292 2478 2342 τῶν
2520 2286 2618 2342 τοῦ
2673 2309 2808 2342 ναου
2866 2286 3256 2351 καταλιπόντες
3309 2285 3656 2362 ἀνεξερεύνη-

2010 2395 2123 2428 τον.
2157 2376 2314 2431 Ὅθεν
2347 2376 2435 2430 καὶ
2486 2375 2658 2439 ἄλλος
2709 2375 2879 2433 ἄλλον
2931 2378 3103 2453 εὑρών
3143 2399 3200 2432 τε
3229 2377 3320 2432 καὶ
3368 2375 3660 2449 κατασχὼν

2011 2461 2234 2533 ἀπηνῶς
2262 2464 2352 2518 καὶ
2393 2466 2468 2527 ὡς
2514 2464 2660 2538 αὐτῷ
2702 2463 2895 2521 δοκοῦν
2947 2463 3227 2542 διεχρᾶτο.
3279 2464 3357 2522 Οὐ
3392 2465 3500 2538 μὴν
3534 2461 3592 2518 δὲ
3614 2463 3666 2516 οἱ

2012 2549 2175 2606 ἄλλοι
2215 2552 2694 2628 κατεῤῥᾳθύμουν,
2728 2552 2856 2610 ἀλλ’
2903 2553 2983 2632 ἐφ’
3015 2554 3089 2610 ἐνὶ
3138 2553 3341 2610 πολλοί
3385 2571 3528 2615 τινες
3570 2572 3668 2606 πε-

2013 2641 2285 2713 ριστάντες
2344 2636 2603 2715 ἔϐαλλον,
2663 2639 2956 2713 ἕπληττον,
3017 2643 3275 2718 ᾐκίζοντο
3330 2642 3421 2698 καὶ
3480 2639 3668 2714 νεκρὸν

2012 2730 2103 2783 τὸν
2165 2728 2377 2801 ἄθλιον,
2411 2731 2484 2793 ὡς
2543 2732 2633 2786 καὶ
2691 2731 2767 2794 εἷς
2835 2730 3044 2787 πολλιίι¹
3076 2734 3169 2788 τὸν
3222 2731 3316 2788 ἕνα
3367 2730 3667 2787 κατακεκό-

2023 2858 2258 2914 attraxit
2288 2859 2424 2914 nisu
2454 2863 2510 2916 et
2541 2876 2718 2932 quam
2753 2860 2945 2932 potuit
2973 2859 3166 2916 valide
3196 2859 3461 2929 adduxit,
3481 2857 3667 2930 appli-

2023 2946 2259 3019 cuitque
2284 2964 2452 3004 muro
2484 2950 2727 3006 adverso
2759 2954 2878 3006 tam
2909 2953 3067 3006 arcte
3092 2953 3158 3005 ut
3179 2948 3352 3021 plane
3374 2947 3671 3004 cohaeren-

239 3039 692 3095 rantseditiosi:
715 3035 1910 3111 quoruminfundenteseszevaundiquevi
1946 3079 1988 3146 Ο
2021 3035 2180 3092 tibus
2213 3036 2339 3092 sine
2370 3037 2535 3094 obice
2562 3037 2729 3094 lateri
2760 3037 2942 3094 valvis
2973 3037 3229 3110 suspicio
3261 3036 3669 3094 excluderetur

246 3133 261 3146 Α
321 3135 331 3146 ι
549 3129 559 3138 ·
660 3145 668 3146 ,
721 3130 736 3146 1
808 3145 891 3146 ,,,
997 3133 1030 3146 1,
1070 3126 1266 3146 A,,1n,,
1305 3127 1507 3146 3,;--_4
1542 3127 1648 3146 1',_:1
1707 3127 1784 3146 τπ-
1821 3125 1912 3146 ιε-
2022 3124 2254 3146 1_1_L__--
2310 3125 2425 3146 2112-
2489 3127 2732 3146 L-__-__,!
2802 3127 3055 3146 __,,,__m!,
3126 3126 3348 3146 _A_A_-2_
3425 3124 3660 3146 ‘Ill-_____

243 3133 376 3184 tota
395 3129 623 3200 passim
652 3130 774 3184 inde
801 3145 969 3184 sacra
992 3126 1273 3184 tumultus
1304 3127 1511 3199 ingens
1541 3127 1672 3181 fuit.
1707 3127 1789 3181 Ex
1821 3125 1913 3182 his

240 3235 382 3289 qua:
415 3225 475 3273 et
501 3219 765 3275 fecerant
808 3223 864 3273 et
917 3217 1125 3273 minati
1175 3220 1342 3272 erant
1372 3215 1718 3288 priusquam
1770 3220 1916 3271 tem-

239 3309 417 3380 plum
451 3309 929 3380 ingrederentur,
962 3306 1156 3378 palam
1187 3311 1312 3362 erat
1360 3307 1570 3360 caedem
1605 3305 1766 3377 ipsos
1798 3305 1910 3377 spi-

241 3415 401 3454 rare.
439 3399 582 3453 Erat
626 3396 1072 3469 protovestiario
1121 3394 1546 3467 grammaticus
1600 3394 1910 3450 familiaris

237 3486 737 3559 TheOphylactus
813 3486 1072 3554 nomine,
1161 3501 1327 3540 meus
1401 3484 1908 3555 consanguineus,

235 3576 492 3632 domino
527 3593 632 3649 per
661 3578 858 3631 omnia
910 3574 1142 3632 similis.
1193 3579 1360 3629 Hunc
1406 3574 1793 3646 prodeuntem
1847 3578 1910 3628 ut

234 3667 474 3721 videret
506 3665 649 3737 quid
684 3665 762 3721 rei
791 3673 1045 3737 geretur,
1096 3665 1420 3736 conspicati
1470 3662 1737 3719 seditiosi
1768 3679 1903 3734 pro-

233 3754 666 3810 tovestiarium
707 3770 836 3810 esse
881 3754 1079 3825 ipsum
1131 3753 1448 3820 credidere,
1481 3751 1716 3807 fallente
1748 3751 1908 3824 ipsos

235 3845 362 3900 oris
416 3850 476 3899 et
532 3846 771 3900 statura:
824 3842 1235 3910 similitudine,
1287 3845 1344 3897 et
1390 3857 1645 3897 errorem
1692 3841 1908 3896 confir-

237 3937 456 3988 mante
516 3932 644 4005 pari
708 3937 834 3988 tum
902 3948 1113 4004 genere
1173 3931 1456 3999 vestitus;
1517 3931 1672 4001 quod
1735 3935 1799 3985 ut
1849 3931 1907 3986 in

235 4023 416 4079 luctu
450 4027 508 4078 et
548 4022 844 4093 exsequiis
897 4021 1202 4093 principis,
1263 4020 1438 4076 atrati
1483 4036 1688 4076 omnes
1744 4019 1906 4090 parvi

234 4127 413 4183 aeque
465 4128 535 4167 ac
587 4111 811 4182 magni,
863 4109 1024 4182 pulla
1071 4109 1289 4165 similis
1336 4109 1657 4164 admodum
1709 4109 1905 4163 formae

236 4206 410 4258 veste
443 4201 782 4257 utebantur.
818 4201 965 4272 Ergo
996 4199 1362 4270 huncipsum
1399 4198 1508 4253 rati
1542 4213 1716 4268 quem
1752 4213 1906 4267 quae-

239 4291 485 4359 rebant,
519 4289 844 4346 conﬁciunt
873 4287 1408 4344 innumerabilibus
1458 4286 1650 4358 plagis
1684 4301 1698 4341 :
1734 4302 1904 4342 nemo

240 4381 410 4437 enim
444 4384 570 4436 erat
605 4380 703 4450 qui
735 4379 793 4434 in
819 4380 946 4450 jam
979 4377 1194 4433 mortui
1227 4392 1467 4448 corpore
1517 4375 1736 4430 ferrum
1786 4393 1904 4431 non

2021 3124 2260 3181 latebrae
2310 3125 2430 3181 illic
2489 3127 2735 3182 humani
2794 3127 3059 3200 corporis
3119 3126 3370 3199 capacis.
3425 3124 3666 3181 Illorum

2018 3229 2153 3270 vero
2185 3231 2365 3286 gener
2395 3215 2474 3288 (et
2505 3215 2598 3271 hic
2640 3217 2819 3285 enim,
2882 3221 2949 3272 ut
3006 3215 3412 3288 prosperitatis
3472 3213 3668 3269 affini-

2019 3305 2130 3360 bus
2153 3305 2448 3377 particeps
2482 3305 2691 3376 tuerat,
2725 3306 2807 3361 ita
2835 3306 2887 3361 ei
2919 3322 3162 3362 consors
3192 3303 3551 3362 calamitatis
3583 3304 3668 3358 fu-

2016 3399 2186 3451 turus
2216 3396 2362 3466 erat)
2396 3395 2658 3467 irrepens
2686 3411 2805 3466 qua
2849 3394 3045 3468 potuit
3073 3399 3132 3450 in
3185 3393 3529 3450 tenebrosas
3559 3408 3667 3447 an-

2019 3486 2252 3558 gustias
2307 3487 2462 3544 circa
2510 3490 2965 3543 monumentum
3009 3490 3414 3558 Augustorum
3487 3483 3669 3538 latere

2016 3576 2266 3634 studuit.
2300 3577 2583 3634 Caeterum
2618 3576 3100 3649 protovestiarius
3131 3576 3192 3631 in
3235 3576 3410 3647 adyta
3441 3573 3670 3645 ingres-

2017 3683 2119 3721 sus
2149 3666 2376 3738 templi,
2410 3682 2546 3724 cum
2580 3667 2948 3723 observasset
2988 3681 3166 3738 prope
3199 3679 3467 3719 mensam
3499 3660 3667 3717 altari

2017 3754 2412 3811 collateralem
2484 3755 2749 3811 vicinum
2837 3753 3071 3811 conohaa
3137 3751 3664 3809 intercolumnium

2016 3844 2360 3912 obscurum,
2393 3845 2454 3899 in
2487 3844 2543 3899 id
2603 3860 2664 3900 se
2714 3842 3020 3910 abstrusit,
3075 3844 3422 3914 experturus
3464 3857 3538 3896 an
3581 3837 3665 3893 ibi

2015 3936 2214 4004 posset
2244 3931 2334 3987 vel
2383 3932 2494 3988 loci
2547 3932 2829 4003 religione
2878 3932 2965 3987 vel
3011 3931 3390 3987 tenebrarum
3439 3929 3666 3984 beneﬁ-

2013 4021 2102 4078 cio
2135 4022 2488 4077 servari.Sed
2527 4021 2669 4078 nihil
2711 4021 2922 4076 horum
2955 4019 3101 4092 ipsis
3131 4021 3204 4076 ad
3237 4018 3539 4075 vitandum
3565 4033 3667 4089 pe-

2013 4111 2266 4166 riculum
2301 4110 2540 4181 profuit.
2588 4110 3062 4181 lrrumpentibus
3115 4108 3272 4165 enim
3325 4107 3384 4162 in
3431 4121 3664 4162 sacram

2013 4200 2195 4254 eadem
2232 4200 2453 4254 afﬂuxu
2482 4200 2760 4255 continuo
2792 4198 3090 4270 plurimis,
3125 4202 3182 4254 et
3227 4197 3363 4253 inde
3393 4195 3508 4252 late
3538 4193 3667 4252 vul-

2012 4293 2144 4359 gato
2174 4292 2392 4343 terrore
2416 4287 2636 4360 passim
2660 4287 2793 4343 aliis
2823 4287 3020 4343 studio
3051 4286 3180 4343 vitae
3213 4286 3442 4342 tuenda}
3470 4285 3668 4357 fugam

2011 4377 2412 4450 captantibus,
2445 4377 2605 4433 abire
2647 4394 2680 4433 a
2727 4377 2948 4449 templo
2999 4376 3386 4448 magistratus
3436 4391 3672 4448 quoque

239 4472 527 4542 tingeret.
571 4474 763 4539 Atque
796 4473 858 4524 ut
889 4485 990 4538 ego
1022 4483 1092 4523 ex
1121 4467 1377 4539 quodam
1418 4465 1497 4520 ibi
1526 4465 1904 4536 praesentium
1937 4457 1982 4521 D
2016 4467 2178 4538 ipsos
2205 4467 2470 4539 contigit,
2508 4466 2653 4522 nihil
2697 4483 2828 4523 esse
2865 4466 3020 4538 quod
3072 4464 3154 4521 ibi
3201 4468 3443 4537 agerent
3490 4470 3670 4522 ratos.

239 4559 474 4628 audivi,
506 4558 686 4614 etiam
718 4557 1069 4629 sanguinem
1101 4554 1276 4612 occisi
1298 4570 1512 4611 vesana
1543 4554 1698 4610 rabie
1733 4572 1904 4610 suxe-

240 4656 411 4704 runt.
452 4647 741 4702 Caeterum
788 4647 984 4702 statim
1043 4648 1406 4716 agnoverunt
1463 4659 1526 4699 se
1581 4644 1906 4715 deceptos:

240 4754 390 4795 nam
425 4752 564 4792 cum
597 4735 763 4808 pedis
789 4733 1048 4790 calceum
1078 4733 1139 4788 in
1171 4737 1406 4788 mortuo
1436 4731 1673 4804 nigrum
1707 4733 1910 4789 obser-

238 4830 624 4897 vassent,per
646 4839 902 4880 errorem
927 4840 990 4879 se
1012 4824 1069 4878 in
1093 4822 1194 4878 illo
1218 4821 1454 4878 saevisse
1473 4819 1907 4878 intellexerunt.

240 4921 327 4974 Ac
359 4917 467 4971 60
499 4914 810 4970 confestim
841 4913 998 4969 rabie
1029 4929 1094 4969 ac
1126 4913 1376 4984 strepitu
1397 4927 1576 4982 quam
1613 4910 1909 4982 maximis,

244 5011 487 5063 armata
517 5003 742 5060 strictis
772 5003 986 5074 gladiis
1026 5019 1228 5067 manu,
1279 5001 1340 5058 in
1374 4999 1660 5071 templum
1703 5000 1908 5057 irrum-

248 5100 434 5170 punt,
484 5095 586 5150 ubi
646 5093 960 5149 homicidis
1026 5092 1449 5165 apparentibus
1515 5091 1715 5146 statim
1748 5106 1914 5147 sacer

255 5191 477 5243 cantus
510 5183 819 5251 conticuit,
853 5183 1194 5239 cantoribus
1227 5181 1360 5237 aliis
1393 5180 1506 5236 alio
1539 5180 1824 5252 dispersis
1857 5185 1914 5237 et

248 5273 494 5331 variein
529 5274 802 5345 angulos,
836 5276 937 5329 aut
963 5271 1300 5342 ubicunque
1346 5287 1520 5343 posse
1566 5269 1746 5326 latere
1776 5287 1915 5342 spe-

249 5367 634 5429 raverant,se
664 5362 1127 5418 abdentibus.At
1148 5360 1516 5416 Muzalonum
1550 5359 1644 5415 hic
1675 5360 1913 5432 quidem

252 5455 323 5509 in
367 5454 543 5525 adyta
601 5451 892 5524 confugit,
930 5457 988 5508 et
1037 5451 1147 5506 sub
1193 5449 1501 5521 mysticam
1562 5464 1624 5505 se
1655 5450 1915 5506 condens

250 5559 533 5600 mensam
567 5541 989 5612 ibiputabatse
1021 5539 1252 5596 salvum
1274 5538 1916 5596 forezalterinsinuans
1957 5561 1962 5567 ·

248 5649 320 5689 se
353 5636 511 5689 retro
563 5634 798 5703 portam
856 5628 1086 5702 templi,
1147 5644 1277 5684 eam
1335 5644 1512 5699 super
1545 5645 1607 5685 se
1664 5628 1917 5685 maximo

2017 4557 2193 4612 Porro
2225 4556 2513 4626 seditiosi,
2547 4558 2845 4612 crescente
2878 4572 2990 4611 usu
3040 4558 3097 4610 et
3145 4570 3454 4610 successus
3487 4553 3671 4610 scele-

2020 4645 2102 4700 ris
2134 4645 2400 4714 audacia,
2446 4645 2736 4700 furiosum
2791 4643 2967 4715 plane
2995 4643 3056 4697 in
3109 4643 3200 4697 61
3261 4643 3503 4697 modum
3535 4641 3671 4696 bac-

2019 4733 2320 4790 chabundi
2353 4735 2669 4790 cursabant
2702 4736 3034 4789 scrutantes
3067 4731 3464 4788 attentissime
3495 4747 3671 4787 cunc-

2018 4828 2098 4891 ta,
2133 4823 2476 4896 nullamque
2524 4823 2729 4895 templi
2786 4827 3014 4895 partem
3048 4839 3165 4878 non
3224 4821 3553 4894 inspectam
3613 4825 3673 4878 et

2021 4913 2384 4987 exploratam
2424 4912 2830 4970 curiosissime
2859 4912 3220 4985 linquentes.
3264 4912 3426 4968 Unde
3449 4912 3670 4968 factum

2022 5007 2088 5059 ut
2117 5003 2216 5060 alii
2239 5002 2420 5058 alium
2442 5008 2738 5075 repertum
2770 5008 2826 5058 et
2845 5009 3183 5075 correptum
3209 5001 3524 5058 crudeliter
3555 5018 3670 5074 quo

2021 5093 2236 5149 vellent
2268 5093 2442 5148 modo
2475 5093 2893 5164 interficerent,
2927 5091 3058 5148 aliis
3086 5091 3323 5148 interim
3354 5091 3512 5148 haud
3545 5106 3674 5146 ces-

2025 5181 2296 5239 santibus
2333 5199 2346 5236 :
2381 5199 2517 5238 nam
2569 5197 3058 5254 unumquemque
3112 5183 3674 5254 comprehensorum

2024 5272 2197 5327 multi
2220 5272 2671 5329 circumstantes
2704 5267 3680 5345 pulsabant,c£edebant,excarni{i-

2026 5363 2257 5434 cabant,
2291 5362 2468 5419 etiam
2498 5362 2560 5418 in
2610 5363 2806 5435 ipsum
2841 5361 3044 5418 saevire
3097 5364 3405 5432 pergentes
3435 5357 3680 5414 cadaver

2027 5451 2406 5518 exanime,ita
2426 5456 2488 5508 ut
2508 5452 2763 5507 unumin
2784 5451 2973 5506 multa
2995 5449 3320 5504 dissectum
3345 5447 3674 5518 fragmenta

2025 5540 2142 5596 late
2174 5545 2552 5612 spargeretur
2580 5557 2816 5613 corpus.
2851 5541 3038 5594 Tanta
3063 5537 3210 5594 istos
3240 5534 3478 5591 vesania
3502 5546 3680 5603 urge-

2032 5631 2157 5698 bat,
2187 5646 2253 5686 eo
2286 5634 2593 5701 provectos
2634 5627 2886 5684 amentis
2917 5627 3108 5694 irae,ut
3141 5641 3321 5698 supra
3353 5624 3677 5680 humanum
