4034 6200
407 341 516 399 495

1712 319 2016 378 GEORGII
2053 316 2513 373 PACHYMERE

3671 320 3754 376 496

413 477 564 546 (Pam.
594 461 766 522 οὕτως
795 453 1033 524 ὣπλιζιν
1083 447 1281 511 αὐτοὺς
1336 450 1372 518 ἡ
1427 446 1610 517 κακία,
1663 442 1754 499 καί
1805 443 1834 496 ὁ
1893 440 2064 514 θυμὸς
2094 445 2149 514 Α
2179 436 2359 494 δύσνοι
2416 442 2536 500 τοῖς
2582 434 2914 512 βασιλεῦσιν.
2986 437 3038 492 οἱ
3097 436 3490 512 βασιλειῶντες,
3531 439 3578 493 0i
3625 443 3755 498 παντῖ

1020 540 1067 546 --
1114 541 1124 546 -
1302 538 1367 546 ..ι
1494 537 1505 546 ι
1977 525 2007 546 ο
2254 529 2266 546 1
2443 527 2458 546 9
2559 528 2575 546 \
2735 525 2784 546 0‘
3016 529 3038 546 ν
3081 526 3092 546 Ι
3175 527 3189 546 9
3245 527 3266 546 ιν
3309 528 3330 546 ν
3468 528 3480 546 ε
3573 533 3596 544 υ

420 525 736 631 μεμηνότας
787 548 960 620 θήρας
1017 540 1245 598 ἐδείκνυ.
1301 537 1622 631 Τὸνᾲμίντοι
1677 555 1736 608 γε
1783 525 2065 607 πρωτοϐεο

418 621 659 718 στιάριον
731 632 1015 710 Κάρουλός
1071 651 1155 692 τις
1213 633 1322 684 τῶν
1380 623 1587 682 ἀδύτων
1641 621 2067 694 κατατολμήσας

416 731 512 787 καὶ
571 729 638 784 τὰ
686 725 874 782 πολλά
924 721 1428 796 διερευνησάμενος,
1475 714 1590 770 ἐπεὶ
1645 712 1752 786 οὐχ
1808 710 2068 784 εὕρισκεν,

417 819 660 876 ἀπειπὼν
723 811 953 888 ἔμελλεν
1007 795 1384 885 ύποστρέφειν.
1435 801 1590 862 Ἀλλ’
1634 805 1669 871 ἡ
1725 805 1890 875 μοῖρα
1957 795 2070 853 οὐδ’

419 911 622 966 ἐκεῖνον
671 905 755 960 εἶα
795 907 894 959 τοῦ
969 903 1172 964 πάθους
1248 896 1418 957 ἐκτος·
1495 894 1594 960 τήν
1653 891 1757 967 γὰρ
1815 888 2069 964 πρόθεσιν

421 995 680 1054 εἰσελθὼν
769 991 859 1046 καὶ
941 986 1074 1062 τῇδε
1151 987 1366 1041 κάκεῖσε
1430 975 1906 1057 περιϐλεψαμενος
1983 975 2068 1030 ἐπὶ

420 1088 604 1164 γόνασι
637 1083 985 1151 συνιζάνοντα
1030 1076 1268 1139 κάτωθεν
1332 1070 1440 1128 εἶδε
1491 1071 1584 1125 τὸν
1643 1067 1932 1132 οἴκτιστον,
1982 1064 2072 1119 καὶ

425 1153 558 1232 ίδὼν
608 1175 755 1249 ὁρμᾷ
809 1171 1082 1243 καθαιρεῖν
1135 1166 1382 1235 ἀπηνῶς.
1449 1160 1548 1215 Καὶ
1605 1161 1666 1221 ὅς
1721 1154 1961 1212 δυσωπεῖ
2005 1153 2075 1249 τὸ

428 1265 627 1321 οἰκεῖον
679 1263 817 1333 αἷμα
868 1253 1084 1312 πολλοῦ
1133 1272 1280 1312 τινος
1335 1247 1718 1322 ἐξωνούμενος.
1767 1245 1824 1298 Ὀ
1873 1241 1930 1298 δὶ
1956 1238 2079 1295 οὔτε

427 1356 565 1432 πρὸς
606 1353 668 1408 τὸ
700 1356 894 1426 σχῆμα
941 1353 1040 1416 τῆς
1087 1342 1318 1404 ἱκετείας
1366 1335 1582 1394 ἀπεῖδεν
1635 1334 1757 1391 οὔτε
1817 1335 1922 1407 μὴν
1975 1333 2078 1386 ὑπ-

429 1422 666 1511 εκλάσθη
719 1422 837 1501 τοῖς
892 1429 1363 1510 ἐπηγγελμένοις,
1421 1425 1548 1482 ἀλλ’
1604 1423 1763 1488 εὐθὺς
1823 1422 2077 1495 ατασχὼν

430 1534 641 1608 ἀναιρεῖ
671 1526 910 1604 ξιφιδίῳ.
943 1530 1007 1599 [Ρ
1200 1519 1297 1578 Καὶ
1347 1515 1783 1608 δῆλοΔνΑγεγονὸς
1829 1511 1892 1608 τό
1940 1531 2079 1608 πρα-

435 1599 567 1698 χθὲν
598 1599 698 1675 οὐκ
724 1599 792 1686 ἦν
822 1599 970 1676 ὅστις
1003 1614 1168 1681 ἀπῆν,
1201 1608 1420 1678 ἐκεῖθεν,
1453 1603 1579 1660 ἀλλ’
1609 1600 1829 1664 ἕκαστος
1863 1599 2083 1661 ἐπιστάς

435 1687 508 1772 ῶς
556 1708 699 1782 εἶχεν
762 1702 1048 1770 ούτάωζων
1087 1697 1179 1753 καὶ
1241 1697 1355 1770 μεθ’
1412 1688 1619 1768 ὕϐρεων
1652 1687 1829 1765 ᾔκιζε,
1882 1690 1971 1744 καὶ
2030 1688 2082 1743 ἐς

433 1801 694 1854 τοσοῦτον
750 1791 992 1868 μελεῖστὶ
1060 1784 1421 1844 κατεδάσαντο
1491 1781 1628 1836 ὥστε
1669 1780 1759 1836 καὶ
1805 1779 1934 1841 τοὺς
2003 1777 2085 1832 ἐν-

435 1885 731 1963 ταφιαστὰς
764 1882 984 1956 ὕστερον
1030 1877 1212 1948 σάκκῳ
1240 1874 1308 1930 τὰ
1343 1872 1485 1947 μέλη
1534 1870 1859 1934 καταθέντας
1910 1867 2083 1931 οὕτως

441 1957 739 2050 ἐκφορῆσαι
791 1971 882 2025 καὶ
920 1967 1074 2046 τάφῳ
1119 1964 1326 2022 δοῦναι.
1372 1963 1520 2020 Ἐπεὶ
1565 1958 1610 2014 δ’
1639 1960 1736 2021 ἐἷς
1763 1957 1919 2020 τέλος
1968 1961 2086 2019 τοῖς

442 2046 742 2137 ἀνημέροις
785 2058 1012 2120 ἐκείνοις
1064 2055 1313 2130 ἐπράχθη
1347 2052 1409 2108 τὸ
1450 2050 1739 2125 τόλμημα,
1786 2048 1910 2110 συὸς
1955 2046 2087 2137 τρό-

446 2135 822 2222 πονθῆξαντες
849 2146 978 2209 τοὺς
1015 2141 1238 2205 ὀδόντας
1269 2144 1344 2205 ὡς
1376 2138 1518 2214 μηδέ
1566 2139 1656 2195 καὶ
1684 2137 1812 2202 τοὺς
1859 2137 1910 2192 ἐν
1939 2135 2088 2192 τέλει

445 2237 758 2302 κατωπαδὶς
818 2236 1032 2292 ἐκείνων
1099 2232 1246 2310 ἔχειν
1299 2237 1545 2294 ῖστασθαι
1596 2228 1684 2283 καὶ
1742 2225 1990 2301 ἐλέγχει)
2051 2225 2086 2294 ἢ

448 2331 556 2402 μὴν
590 2327 792 2402 ἐρωτᾷν
823 2327 876 2380 τί
909 2325 1171 2388 παθόντες
1199 2319 1289 2376 καὶ
1320 2318 1468 2381 τίνος
1493 2318 1838 2390 ὁρμήσαντος
1867 2317 2091 2368 τοιαῦτα

442 2417 755 2495 πράττοιεν,
811 2415 900 2470 ἐπὶ
927 2413 1022 2475 τὰς
1052 2412 1253 2482 σκηνὰς
1312 2407 1464 2472 εὐθὺς
1495 2406 1699 2479 ὥρμων
1755 2407 1865 2459 τῶν
1898 2422 2089 2481 φονευ-

445 2493 666 2575 θέντων,
724 2505 815 2560 καὶ
865 2505 910 2575 ᾧ
977 2498 1335 2576 προστετύχει
1380 2494 1605 2558 ἕκαστος
1665 2493 1780 2567 μεθ’
1839 2493 1920 2548 ὅτι
1979 2511 2094 2566 γεν-

441 2595 596 2651 ναίου
649 2595 746 2650 τοῦ
803 2591 1251 2666 παράστήματος,
1300 2587 1374 2648 ὡς
1422 2582 1637 2646 οὐδενὸς
1693 2585 1878 2637 καινοῦ
1931 2601 2092 2655 γεγο-

443 2685 622 2754 νότος,
651 2680 934 2760 ἐξεφόρουν
991 2675 1410 2752 ἐπεγγελῶντες,
1468 2673 1558 2728 καὶ
1603 2672 1666 2727 τὸ
1721 2669 1806 2726 ἐπὶ
1837 2668 2092 2744 γλώσσης

447 2771 704 2850 ἔγκλημα
749 2757 1016 2845 ’συχνάκις
1076 2764 1368 2842 λεγόμενον
1422 2765 1512 2831 ἦν,
1571 2783 1599 2816 α
1641 2761 1708 2818 Οἱ
1761 2758 1952 2833 ἐχθροὶ
2004 2757 2094 2813 καὶ

450 2881 692 2938 modum
717 2877 904 2934 ferina
941 2889 1187 2947 prorsus
1226 2871 1386 2928 rabie
1417 2873 1674 2926 ruerent.
1707 2869 1982 2934 Querens
1999 2866 2098 2921 de-

454 2970 630 3042 nique
655 2963 1165 3041 protovestiarium
1213 2958 1454 3016 Carolus
1503 2957 1744 3029 quidam
1796 2958 2100 3028 penetrare

453 3075 636 3118 ausus
657 3058 717 3114 in
741 3057 997 3128 adyta,et
1025 3053 1106 3109 ibi
1137 3049 1326 3107 multa
1345 3048 1746 3120 nequidquam
1778 3048 2098 3111 scrutatus,

2171 529 2380 604 τρόπῳ,
2416 527 2461 582 εἰ
2508 528 2582 600 μή
2615 525 2950 598 κεκώλυντο,
2983 526 3092 581 οἷοί
3140 527 3189 582 τ’
3239 527 3408 600 ἄρξαι,
3439 528 3486 582 οἱ
3514 533 3599 584 τοῦ
3627 552 3756 605 στραο

2170 621 2435 672 τιωτικοῦ
2463 615 2766 692 ἀλιτήριοι,
2827 617 2879 669 οἱ
2940 614 3280 692 μαγγανείαις
3331 617 3422 688 μὲν
3468 618 3550 672 τὸν
3595 619 3760 695 πατέρα

2178 709 2294 780 μεθ’
2328 705 2704 776 ὑπουλότητος
2761 701 3106 775 ὑπελθόντες,
3141 704 3385 782 φυλακῆς
3443 703 3495 760 δὲ
3531 704 3643 782 δόξῃ
3691 711 3762 764 καὶ

2177 795 2470 866 ἀσφαλείας
2546 799 2627 866 τῷ
2702 796 2807 866 υἱῷ
2863 791 3290 872 ἐφεδρεύοντες,
3365 795 3436 856 ὡς
3515 792 3761 853 δεδώκασιν

2177 885 2324 956 ἀξίας
2352 886 2442 940 καὶ
2476 885 2550 946 ὡς
2578 881 2682 939 ἔδει
2731 883 2826 946 τὰς
2888 881 3062 954 δίκας,
3112 885 3186 944 ὡς
3242 883 3459 945 εῗκότως
3512 882 3763 962 διαπεπρά-

2179 995 2368 1051 χαται,
2398 974 2488 1028 καὶ
2519 974 2592 1036 ὡς
2623 972 2882 1037 εύνοῖκῶς
2934 977 3032 1028 τοῦ
3092 974 3289 1028 λοιποῦ
3346 971 3676 1048 δουλεύσομεν
3703 982 3764 1048 τῷ

2181 1063 2415 1138 δεσπότῃ
2469 1067 2575 1118 τῶν
2634 1063 2834 1126 ἐκεῖθεν
2894 1061 3303 1138 ἀπαλλαγέντες
3356 1067 3546 1118 κακῶν.
3580 1089 3598 1116 1
3642 1067 3768 1120 Ταῦτ’

2183 1152 2394 1228 ἔΛεγον,
2451 1153 2541 1206 καὶ
2596 1149 2746 1206 λείαν
2795 1153 2990 1208 Μυσῶν
3048 1151 3308 1206 τάκείνων
3350 1151 3577 1221 ἐποίουν,
3623 1154 3768 1232 ἀμφο-

2180 1241 2362 1317 τέραις
2419 1239 2796 1312 ἐξαντλοῦντες
2866 1241 2957 1296 τὸν
3021 1241 3261 1296 πλοῦτον
3318 1241 3376 1296 ἐκ
3421 1242 3523 1296 τῶν
3575 1249 3768 1313 σκηνῶν.

2183 1332 2407 1389 Τούτων
2456 1329 2550 1384 ιοῦν
2601 1328 2742 1384 οὕτω
2784 1328 3168 1403 τελεσθέντων,
3219 1328 3448 1403 μηδενὸς
3495 1329 3602 1386 οἵου
3642 1353 3691 1388 τε
3722 1331 3770 1388 δο

2183 1425 2408 1482 κοῦντος
2493 1423 2767 1496 μαργῶντι
2851 1419 3050 1490 πλήθει
3133 1419 3224 1473 καὶ
3300 1419 3526 1495 ἀναρχίᾳ
3566 1419 3777 1494 ἐμποδὼν

2181 1509 2450 1578 ἵστασθαι,
2479 1513 2586 1563 τῶν
2647 1507 2741 1580 μὶν
2787 1512 2905 1570 ταῖς
2963 1507 3246 1578 ἀληθείαις
3295 1504 3560 1580 δεδιότων,
3605 1515 3693 1564 τῶν
3735 1509 3778 1566 δὲ

2187 1599 2278 1655 καί
2332 1598 2468 1654 κατά
2513 1598 2880 1673 προσποίησιν
2951 1599 3204 1670 (σημεῖον
3274 1593 3331 1652 δέ
3371 1614 3385 1628 ⁶
3437 1598 3522 1652 καὶ
3570 1601 3657 1674 γαρ
3701 1603 3779 1670 τῆς

2189 1692 2286 1744 τοῦ
2356 1682 2856 1762 πρωτοϐεστιαρίου
2928 1685 3162 1762 συζύγου
3232 1685 3347 1742 ἐκεῖ
3411 1687 3663 1763 παρούσης
3708 1690 3780 1743 καὶ

2194 1775 2341 1832 δεινᾶ
2369 1775 2635 1846 ποιούσης
2672 1774 2762 1829 καὶ
2811 1773 3080 1849 λεγούσης
3138 1774 3227 1830 ἐπὶ
3283 1781 3399 1838 τοῖς
3449 1775 3781 1850 τολμηθεῖσιν,

2191 1863 2604 1942 ἐμϐριθέστερον
2655 1867 2683 1921 ὁ
2736 1867 2898 1942 μέγας
2951 1863 3321 1929 κονοσταῦλος
3348 1868 3436 1922 καὶ
3485 1869 3616 1930 θεῖος
3654 1868 3784 1924 αὐτό-

2196 1960 2279 2012 θεν
2327 1956 2544 2032 ἐπεῖχεν
2578 1999 2597 2029 ,
2647 1954 2944 2010 ἐπιτάττων
3019 1961 3176 2030 σιγᾷν
3233 1950 3538 2034 φοϐουμένη
3607 1979 3670 2032 μη
3713 1959 3781 2013 καὶ

2195 2046 2332 2115 αύτη
2380 2046 2568 2118 πάθοι,
2625 2043 2674 2098 εἷ’
2732 2045 2808 2117 μὴ
2871 2046 3074 2120 σιγῲη,
3120 2046 3190 2100 τὰ
3247 2047 3456 2120 ὅμοια),
3487 2047 3642 2109 -ὡς
3684 2051 3784 2121 γοῦν

2197 2134 2569 2212 συνεχύθησαν
2629 2132 2878 2202 ἅπαντες,
2929 2134 3019 2188 καὶ
3063 2134 3246 2208 κύριοι
3305 2136 3391 2190 καὶ
3453 2135 3686 2211 ὑπηρέται
3724 2135 3788 2190 ἐπ’

2199 2223 2323 2295 ἴσης
2373 2223 2522 2298 εἶχον
2563 2227 2670 2277 τῶν
2722 2217 2994 2299 φοϐερῶν,
3046 2221 3276 2278 ἑκάστου
3329 2228 3601 2294 ζητοῦντος
3626 2224 3678 2280 τὸ
3703 2227 3789 2279 σώ-

2201 2318 2400 2383 ζεσθαι,
2459 2313 2781 2386 ἀπαίρουσιν
2855 2311 3052 2366 ἐκεῖθεν
3140 2311 3324 2385 εὐθὺς,
3401 2313 3482 2391 ἐφ’
3534 2313 3563 2368 ὅ
3625 2335 3667 2368 τι
3720 2315 3788 2368 καὶ

2198 2401 2587 2478 παραγένοιντο
2624 2403 2700 2474 μή
2733 2400 3134 2478 φροντίσαντες,
3164 2403 3256 2457 καὶ
3307 2401 3397 2457 σὺν
3447 2401 3610 2457 οὺδενὶ
3636 2402 3788 2476 κόσμῳ

2200 2491 2506 2568 φεὺγοντες.
2557 2493 2652 2562 Τῷ
2685 2491 2779 2563 μὲν
2845 2489 3060 2566 βασιλεῖ
3116 2488 3339 2566 ἀσφαλῆ
3391 2490 3548 2548 πλέον
3579 2492 3788 2568 ἢπροτε-

2202 2601 2292 2656 ρον
2346 2581 2413 2636 τὰ
2439 2586 2540 2649 τῆς
2581 2578 2828 2656 φυλακῆς
2877 2579 3158 2656 ἐφιστῶσι,
3208 2583 3346 2654 μήτι
3387 2581 3474 2636 καὶ
3517 2582 3790 2656 νεωτερισθῇ

2199 2669 2390 2726 πλέον.
2463 2667 2621 2726 Οὕτω
2697 2671 3076 2744 συγχυθέντων
3156 2669 3413 2725 ἀπάντων
3447 2715 3460 2742 ,
3504 2667 3700 2733 ἕκαστος
3743 2669 3792 2724 τὰ

2200 2757 2320 2820 καθ’
2349 2757 2559 2827 ἑαυτὸν,
2590 2756 2664 2817 ὡς
2697 2757 2836 2832 εἶχε,
2867 2754 3144 2834 κατησφα)
3166 2757 3332 2827 ίζετο.

2205 2863 2562 2930 aifeclantes,
2598 2867 2656 2919 et
2686 2863 2891 2936 quovis
2923 2865 3117 2934 modo,
3150 2865 3268 2922 nisi
3294 2866 3378 2924 sic
3408 2866 3794 2939 prohiberentur

2205 2954 2276 3009 ad
2301 2953 2674 3026 tyrannidem
2701 2955 3348 3026 perventuri,militaris
3371 2957 3584 3013 ordinis
3597 2969 3790 3028 oppres-

2208 3059 2370 3100 sores
2401 3041 2796 3109 detestabiles,
2827 3043 3192 3115 magioarum
3223 3045 3444 3102 artium
3488 3042 3795 3101 clandestino

455 3150 764 3223 desperata
791 3142 1126 3201 inventione
1156 3140 1425 3197 recedere
1471 3136 1734 3209 parabat.
1776 3135 1886 3191 Sed
1912 3134 2098 3190 fatum
2130 3135 2172 3202 C
2211 3131 2495 3189 maleﬁcio
2525 3131 2584 3187 in
2614 3136 2839 3204 patrem
2868 3137 3205 3205 Augustum
3257 3133 3525 3206 grassati,
3573 3133 3676 3189 ﬁlio
3714 3147 3796 3204 pu-

456 3255 572 3295 non
605 3235 739 3293 sivit
757 3234 926 3290 illum
950 3233 1194 3289 evadere
1222 3230 1552 3285 immunem
1576 3225 1777 3281 damni
1813 3240 1826 3280 :
1853 3239 1986 3280 nam
2012 3237 2101 3278 re-

456 3330 696 3398 sumpta
735 3326 973 3393 repente
1016 3319 1264 3376 Carolus
1321 3315 1624 3372 scrutandi
1683 3331 1823 3369 cura
1870 3327 2100 3369 sacram

461 3428 727 3468 mensam
756 3410 1022 3477 subiens,
1053 3412 1110 3463 et
1140 3406 1255 3461 huc
1283 3404 1542 3475 illucque
1587 3418 1832 3458 versans
1880 3400 2103 3469 oculos,

460 3501 809 3572 depressum
840 3496 1053 3552 subtus
1096 3495 1155 3550 in
1205 3509 1397 3565 genua
1447 3489 1848 3546 miserrimum
1894 3489 2103 3561 depre-

461 3587 688 3654 hendit,
717 3601 823 3642 nec
853 3582 1090 3640 distulit
1131 3582 1190 3637 in
1237 3597 1373 3636 eum
1423 3578 1828 3635 trucidaturus
1859 3578 2103 3648 irruere,

455 3675 682 3733 frustra
709 3675 810 3730 illo
841 3674 1210 3745 deprecante,
1243 3675 1301 3726 et
1331 3673 1621 3740 quantum
1648 3666 1819 3723 vellet
1848 3667 1940 3723 sui
1972 3683 2106 3722 san-

461 3765 658 3838 guinis
687 3764 963 3821 otferente
995 3758 1564 3831 pretium,siquidem
1593 3756 1742 3813 latro
1767 3773 1872 3812 nec
1901 3757 2106 3813 habitu

463 3853 750 3926 supplicis
782 3853 1100 3916 ﬂexus,nec
1121 3847 1311 3920 rigore
1332 3846 1516 3902 animi
1547 3846 1951 3918 magnitudine
1975 3863 2108 3918 pro-

464 3945 788 4002 missorum
817 3940 907 3997 vel
943 3937 1237 3995 tantillum
1262 3936 1738 4004 infracto,siatim
1778 3935 2109 4008 apprehen-

464 4051 598 4092 sum
631 4033 884 4106 pugione
914 4028 1182 4085 confecit.
1213 4026 1375 4090 Quod
1408 4041 1541 4080 cum
1574 4041 1709 4080 mox
1737 4030 1892 4082 esset
1913 4025 2111 4098 publi-

467 4129 688 4190 catum,
720 4119 921 4176 nullus
954 4117 1066 4173 fuit
1095 4115 1194 4187 qui
1227 4132 1294 4172 eo
1327 4131 1443 4170 non
1474 4119 1804 4170 accurreret
1833 4131 1900 4170 ac
1929 4131 2112 4186 supra

465 4217 630 4268 stans
641 4210 886 4266 caederet
903 4221 1074 4277 cumq
1085 4221 1154 4262 ue
1172 4201 1530 4260 contumelia
1543 4203 1949 4260 conscinderet
1962 4221 2112 4260 mor-

465 4299 937 4368 tuum.Adeoque
955 4296 1123 4352 illum
1142 4293 1496 4350 menbratim
1521 4292 2111 4365 conciderunt,utqui

467 4389 682 4446 deinde
697 4385 942 4458 sepelire
958 4383 1538 4448 voluerunt,necesse
1551 4382 2114 4439 habueruntlaceros

467 4484 527 4535 et
555 4475 890 4534 abinvicem
905 4474 1183 4529 discissos
1197 4477 1362 4528 artus
1375 4471 1434 4526 in
1449 4487 1686 4527 saccum
1701 4471 1975 4544 colligere
1997 4489 2112 4546 quo

469 4568 540 4625 ad
571 4565 937 4638 sepulturam
967 4563 1170 4618 efferre
1206 4565 1466 4633 possent.
1499 4560 1816 4632 Postquam
1850 4577 1982 4617 vero
2015 4562 2120 4618 im-

471 4671 674 4713 manes
703 4651 1070 4725 sanguinarii
1093 4650 1207 4706 voti
1237 4666 1301 4706 se
1330 4654 1627 4722 compotes
1657 4655 1986 4722 perpetrato
2015 4669 2116 4707 au-

470 4743 786 4802 dacissimo
817 4740 1034 4798 scelere
1063 4739 1359 4807 viderunt,
1389 4744 1514 4794 tum
1536 4756 1668 4796 vero
1699 4739 1945 4798 stridere
1971 4741 2111 4796 den-

470 4835 634 4891 tibus
665 4833 856 4888 instar
885 4845 1165 4902 aprorum
1197 4828 1618 4899 frendentium,
1650 4835 1715 4884 ut
1745 4845 1915 4886 nemo
1937 4830 2114 4886 etiam

472 4923 829 4996 optimatum
847 4924 951 4975 aut
971 4917 1424 4989 magistratuum
1440 4919 1540 4975 62
1564 4934 1745 4990 prope
1762 4919 1909 4991 ipsis
1928 4924 2120 4977 astare

473 5013 815 5077 sustineret,
843 5007 1030 5064 multo
1068 5007 1266 5062 minus
1319 5007 1768 5079 reprehendere,
1827 5013 1930 5065 aut
1973 5009 2116 5080 quid

473 5099 635 5175 passi
667 5115 851 5172 quove
878 5098 1194 5168 instigante
1226 5095 1364 5152 talia
1394 5096 1648 5152 facerent
1677 5098 2116 5170 rogare.Subito

473 5191 686 5247 deinde
743 5189 897 5244 aedes
954 5187 1297 5258 irruperunt
1372 5185 1839 5255 interfectorum,
1919 5188 2116 5260 ibique

469 5278 757 5353 quidquid
792 5277 1006 5348 cuique
1055 5276 1214 5347 quod
1259 5273 1532 5346 placeret,
1585 5280 1938 5345 occurrerat,
1995 5282 2116 5334 tam

467 5386 674 5428 secura
701 5365 1009 5424 ludibundi
1041 5381 1108 5421 ac
1140 5364 1399 5420 ridentes
1421 5362 1743 5420 efferebant
1771 5365 2018 5421 audacia
2049 5385 2116 5424 ac

465 5459 515 5516 si
545 5457 690 5513 nihil
723 5457 854 5513 novi
887 5453 1258 5525 contigisset,
1289 5452 1346 5507 iu
1377 5468 1474 5508 ore
1506 5450 1789 5508 habentes
1819 5469 1886 5509 ac
1911 5455 2113 5512 crebro

464 5553 746 5604 iterantes
772 5549 1141 5600 mortuorum
1165 5541 1386 5597 crimen
1403 5540 1495 5596 his
1513 5556 1860 5612 expressum
1891 5544 2108 5602 verbis:

471 5658 500 5688 α
528 5640 736 5693 Hostes
767 5637 826 5690 et
863 5630 1192 5706 proditores
1235 5630 1682 5702 imperatorum,
1714 5631 2110 5706 principatum

2206 3222 2348 3295 pillo
2380 3223 2574 3294 specie
2598 3222 2879 3278 custodiae
2911 3227 2968 3280 et
3007 3225 3360 3295 praestandae
3408 3223 3710 3282 securitatis
3727 3222 3798 3275 in-

2208 3313 2590 3380 sidiantes,ut
2619 3328 2822 3384 poenas
2853 3312 3143 3369 dederunt
3164 3319 3342 3384 prout
3369 3313 3614 3386 oportuit
3632 3308 3799 3383 digna!

2209 3407 2276 3459 ut
2296 3403 2432 3475 jure
2462 3417 2527 3457 ac
2559 3400 2782 3457 merido
2800 3401 2957 3474 quod
2987 3401 3184 3458 decuit
3213 3402 3436 3459 factum
3465 3408 3550 3460 est
3571 3404 3581 3458 Ι
3605 3405 3660 3456 ut
3677 3396 3802 3453 ﬁdeli

2210 3508 2276 3548 ac
2303 3491 2512 3547 devoto
2542 3489 2767 3546 alacres
2801 3491 3016 3559 animo,
3050 3491 3180 3548 dira
3208 3491 3588 3549 scelestorum
3616 3483 3801 3544 liberati

2209 3581 2548 3654 tyrannide,
2608 3579 2853 3636 Domino
2911 3581 3187 3653 deinceps
3243 3581 3655 3639 serviemus!»
3701 3581 3802 3631 Hec

2213 3670 2391 3727 simul
2423 3669 2840 3741 loquebantur,
2874 3670 3050 3726 simul
3095 3671 3340 3740 impune
3392 3671 3544 3728 velut
3581 3685 3608 3725 e
3659 3666 3799 3739 Mysis

2213 3759 2472 3833 praedam
2502 3758 2915 3830 congerebant,
2947 3763 3189 3831 agentes
3220 3760 3584 3832 ferentesque
3611 3774 3688 3814 res
3710 3755 3804 3827 opi-

2217 3865 2346 3904 mas
2367 3863 2398 3904 e
2421 3848 2594 3920 plena
2613 3846 2985 3904 Muzalonum
3004 3848 3342 3906 domo.Hec
3367 3849 3428 3906 in
3450 3849 3595 3904 hunc
3612 3845 3804 3902 modum

2227 3941 2368 3993 sunt
2421 3939 2570 4003 acta,
2621 3936 2859 3992 nemine
2905 3935 3016 3993 sibi
3065 3941 3302 3994 tantum
3356 3936 3696 3995 auctoritatis
3731 3935 3809 3988 aut

2215 4025 2426 4081 virium
2461 4025 2656 4082 inesse
2709 4029 2973 4098 putante,
3017 4031 3239 4098 quanto
3287 4031 3444 4084 esset
3493 4042 3626 4098 opus
3651 4023 3712 4079 ad
3737 4035 3808 4076 re-

2219 4115 2597 4187 primendum
2645 4114 2904 4171 furorem
2956 4115 3250 4172 effrenatas
3293 4113 3688 4178 multitudinis,
3731 4109 3813 4167 ob-

2218 4205 2534 4276 standique
2547 4205 2932 4261 contumaciae
2951 4203 3150 4277 legum
3170 4211 3228 4261 et
3244 4198 3811 4278 imperiivictrici,aliis

2220 4309 2418 4350 revera
2447 4293 2816 4361 timentibus,
2847 4293 2980 4350 aliis
3009 4293 3435 4352 simulantibus
3459 4291 3811 4351 timorem.Ar-

2219 4387 2494 4454 gumento
2527 4383 2606 4439 sit
2631 4384 2783 4454 quod
2818 4383 3248 4455 protovestiarii
3298 4400 3533 4441 uxorem
3564 4382 3670 4438 illic
3695 4393 3813 4452 prm-

2223 4476 2471 4540 sentem,
2503 4477 2562 4528 et
2591 4489 2719 4544 quae
2754 4489 2860 4544 par
2904 4477 3031 4528 erat
3066 4473 3365 4530 videntem
3393 4472 3530 4530 talia
3557 4469 3814 4543 deploran-

2230 4566 2348 4617 tem
2370 4577 2436 4617 ac
2459 4561 3082 4633 loquentem,magnus
3101 4562 3483 4619 conostaulus
3504 4563 3622 4632 ejus
3656 4561 3814 4630 patrna

2229 4651 2483 4723 graviter
2511 4650 2860 4722 increpitam
2893 4651 3178 4723 corripuit
3207 4655 3265 4707 et
3295 4652 3466 4708 silere
3477 4651 3660 4724 jussit,
3691 4646 3814 4702 metu

2231 4755 2304 4796 ne
2335 4743 2635 4812 pateretur
2652 4739 2777 4795 viro
2807 4739 3107 4807 similia,si
3137 4741 3333 4797 verbis
3366 4740 3587 4796 irritare
3607 4737 3814 4792 furentes

2231 4833 2673 4902 pergeret.Ergo
2695 4827 2969 4884 cohibitis
2990 4829 3049 4884 in
3071 4829 3301 4903 direpta
3323 4831 3495 4886 domo
3518 4826 3632 4902 pari
3651 4825 3817 4881 timore

2232 4920 2333 4975 68
2356 4919 2585 4975 cunctis
2615 4934 2780 4990 aeque
2809 4918 3066 4974 dominis
3106 4923 3164 4974 et
3213 4918 3473 4988 famulis,
3522 4923 3817 4986 unoquoque

2231 5009 2291 5064 in
2324 5008 2488 5063 lucro
2520 5012 2772 5080 ponente
2803 5006 2853 5063 si
2884 5005 3082 5064 salvus
3103 5006 3696 5078 evaderet,abscedunt
3714 4998 3817 5055 inde

2231 5096 2492 5153 tandem.
2526 5095 2674 5150 nihil
2725 5095 2892 5166 pensi
2943 5095 3228 5153 habentes
3277 5113 3393 5168 quo
3451 5096 3727 5155 ferrentur,
3767 5100 3817 5142 ac

2233 5185 2401 5257 quasi
2431 5184 2723 5256 fugientes
2756 5183 2917 5240 nullo
2946 5185 3174 5256 ordine,
3205 5185 3456 5258 principi
3477 5174 3816 5257 quidemvali-

2230 5273 2452 5330 diorem
2486 5289 2664 5344 quam
2697 5272 2864 5346 prius
2893 5273 3223 5331 custodiam
3253 5279 3576 5347 apponunt,
3607 5285 3669 5326 ne
3707 5263 3816 5337 quid

2228 5380 2299 5420 ex
2328 5379 2395 5419 eo
2422 5379 2579 5418 novae
2607 5362 2688 5418 rei
2722 5367 2920 5434 posset
2950 5379 3284 5436 exsurgere.
3316 5363 3405 5420 Sic
3438 5359 3677 5419 confusis
3701 5369 3813 5411 cun-

2226 5451 2778 5522 ctis,unusquisque
2801 5451 3102 5508 securitati
3124 5470 3191 5509 ac
3221 5451 3396 5510 saluti
3429 5450 3659 5526 preprizs
3676 5457 3814 5519 quam

2230 5545 2462 5614 poterat
2493 5539 2948 5613 diligentissime
2975 5542 3237 5598 cavebat.
