4034 6200
259 309 367 369 497

618 502 976 582 εχώρου’ν,”ο⁹ι
1018 502 1076 559 δὲ
1115 502 1554 583 διεφυλάττοντο.

263 619 343 688 [Ρ
396 617 504 688 36]
561 616 664 670 Καὶ
728 613 780 669 οἱ
843 615 939 687 μὲν
1019 612 1156 691 ἀμφῖ
1215 614 1305 669 τὸν
1375 610 1721 687 Καρυανίτην
1773 633 1923 688 πρω-

256 702 676 780 τοϐεστιαρίτην
732 701 856 759 τότε
907 702 1276 779 τυγχάνοντα,
1329 699 1496 778 ἄνδρα
1551 703 1782 776 γεραρὸν
1829 701 1917 756 καὶ

257 794 478 852 πολλοῦ
533 814 683 856 τινος
745 793 891 864 ἄξιον
928 839 944 866 ,
1006 795 1152 868 φυγῇ
1211 790 1458 866 ἐχρῶντο
1514 793 1650 866 πρὸς
1706 792 1914 867 Πέρσας

257 883 720 958 αὖτομολοῦντεςτ
773 883 835 938 οὐ
887 882 1106 958 βασιλεῖ
1173 881 1536 948 ἐγ-κοτοῦντες,
1586 878 1734 936 ἀλλὰ
1789 881 1910 954 περῖ

257 976 474 1034 ἑαυτοῖς
507 968 813 1032 δεδοικότες
845 967 938 1024 δεδι
973 970 1074 1038 τήν
1104 973 1212 1023 τῶν
1244 967 1583 1044 πραγμάτων
1628 967 1912 1042 σύγχυσιν.

258 1061 385 1120 Εἴτε
418 1063 524 1136 γάρ
553 1054 910 1122 αὐτοϐούλως
957 1059 1162 1133 ὥρμων
1205 1060 1256 1112 οἱ
1304 1054 1612 1130 ἐπιθέμενοι
1643 1060 1716 1130 μή
1764 1071 1914 1118 τινος

255 1156 684 1227 παρορμῶντος,
737 1145 883 1224 ἔχειν
946 1148 1036 1202 καὶ
1104 1147 1269 1203 πάλιν
1329 1147 1503 1209 οὕτως
1553 1148 1727 1221 ὁρμᾷν
1782 1143 1913 1219 μηδ’

254 1243 441 1297 ὁτιοῦν
490 1237 872 1300 κολασθέντας·
925 1235 1032 1292 εἴτε
1097 1237 1184 1290 καὶ
1236 1233 1399 1291 ἄλλοι
1451 1241 1583 1311 σφᾶς
1626 1235 1912 1311 ὁρμῶντας

250 1331 658 1405 παρώτρυναν,
727 1325 960 1390 ἐκείνους
1006 1324 1096 1380 καὶ
1152 1327 1266 1380 κατ’
1325 1325 1500 1380 αὐτῶν
1554 1324 1910 1400 παροτρύνειν

248 1416 401 1494 ἔχειν
456 1463 474 1489 ,
560 1414 841 1471 κάντεῦθεν
924 1411 1248 1470 κινδυνεύειν
1339 1417 1415 1487 μὴ
1495 1411 1911 1489 προσδοκῶντας

247 1505 530 1576 πολλοὺς,
584 1505 673 1561 καὶ
728 1503 941 1579 μᾶλλον
994 1503 1121 1568 τοὺς
1172 1504 1254 1558 ἐπ’
1297 1502 1538 1574 ἐξουσίας
1589 1498 1767 1574 ὄντας,
1826 1505 1908 1565 οἷς

250 1596 513 1674 ὁφθόνος
559 1597 786 1673 ὑφεῖρπε
822 1592 998 1658 πολὺς
1051 1593 1140 1648 καὶ
1191 1590 1383 1657 δεινός.
1432 1593 1494 1646 Οἱ
1547 1593 1640 1666 μὲν
1689 1591 1778 1648 οὖν
1823 1590 1910 1648 διά

245 1691 424 1742 ταῦτα
452 1684 741 1760 αὐτονυχεὶ
790 1683 914 1748 εὐθὺ
962 1680 1220 1759 Περσίδος
1271 1682 1372 1738 ἀνὰ
1420 1682 1616 1758 κράτος
1644 1680 1906 1752 ἤλαυνον,

1343 309 1440 362 DE
1477 303 1854 363 MICHAELE
1891 305 2339 367 PALEOLOGO
2375 311 2510 367 LIB.
2551 317 2596 368 Ι.

263 438 313 494 κ’
344 480 358 495 .
414 436 606 499 θῧπως
657 437 770 508 τῶν
831 430 1166 508 μεγιστάνων
1242 429 1338 508 διᾶιΔ
1385 429 1553 486 ταῦτὰ
1605 452 1746 494 τινες
1819 430 1913 486 ὑπ·
1943 431 2147 502 Ακα“.

3577 321 3683 379 498

2223 434 2411 499 ..Οπως
2451 435 2861 537 ’ἐιριλὶονείκρυν
2951 444 3004 537 οξ
3059 441 3324 537 ἄρχοντες
3383 444 3508 524 περί
3578 450 3678 518 τὴν

2451 511 2548 564 toi}
2591 511 2858 585 βασιλέως
2898 511 3249 589 κηδεμονίαν.

2099 615 2287 686 Ὅμως
2364 617 2454 670 καὶ
2540 618 2676 692 πρὸς
2766 618 3051 692 ἀλλήλους
3125 621 3497 698 ἐφιλονείκουν
3587 625 3676 681 καὶ

2027 700 2222 777 ἐρίζειν
2269 704 2616 779 ἀπηρχοντο.
2647 710 2708 765 Ἠ
2768 707 2824 764 δὲ
2882 710 3189 787 φιλονεικία
3241 710 3301 766 ἐκ
3355 710 3676 789 φιλοτιμίας

2025 791 2202 867 σφίσιν
2257 793 2572 868 ἐτύγχανεν·
2626 795 3013 877 ἠμφισϐήτουν
3080 801 3182 876 γὰρ
3247 798 3524 871 ἀλλήλοις
3574 810 3676 872 τῆς

2022 881 2146 956 περὶ
2193 882 2285 936 τὸν
2340 883 2567 960 βασιλέα
2611 886 2921 962 φροντίδος,
2979 890 3202 945 ἑκάστου
3246 894 3355 946 τῶν
3414 889 3468 945 ἐν
3521 891 3678 962 ἀξιώ-

2027 992 2152 1043 ματι
2186 968 2356 1027 ὄντων
2409 976 2486 1047 μὴ
2538 977 2799 1053 φέροντος
2846 983 2964 1042 τοῖς
3018 980 3234 1053 ὁμοίοις
3284 981 3675 1055 ὑποτετάχθαι.

2021 1063 2188 1118 Ἦσαν
2247 1064 2350 1138 γάρ
2410 1060 2554 1128 ἔνθεν
2637 1067 2731 1138 μὲν
2803 1068 2856 1122 οἱ
2916 1066 2976 1122 ἐκ
3036 1069 3354 1144 Λασκαρίων
3427 1071 3674 1144 Τζαμάν-

2019 1170 2229 1226 τουροι,
2303 1154 2449 1228 γήρᾳ
2527 1175 2585 1209 τε
2649 1156 2742 1208 καὶ
2823 1159 3028 1212 συνέσει
3106 1161 3536 1232 κεκοσμημένοι,
3610 1159 3672 1214 οὐ

2022 1241 2130 1312 μὴν
2166 1238 2222 1296 δὲ
2253 1239 2397 1296 ἀλλά
2425 1244 2516 1298 καὶ
2546 1244 2608 1299 τὸ
2639 1245 2779 1320 πρὸς
2809 1246 2899 1301 τὸν
2951 1248 3068 1302 νέον
3121 1247 3351 1323 βασιλέα
3402 1253 3676 1324 συγγενῶς

2017 1324 2164 1405 ἔχειν
2196 1330 2285 1385 καὶ
2311 1337 2611 1396 παππικῶς
2662 1333 2882 1405 πολλήν
2929 1334 3161 1391 ἐνεποίει
3208 1338 3308 1405 τὴν
3361 1341 3460 1392 τοῦ
3506 1342 3675 1393 ταῦτα

2021 1424 2199 1489 ζητεῖν
2273 1419 2599 1497 παρῥησίανο
2681 1419 2825 1486 ἔνθεν
2883 1421 2941 1479 δὲ
2999 1426 3052 1479 οἱ
3110 1423 3168 1480 ἐκ
3245 1425 3548 1502 Τορνικίων
3609 1428 3672 1481 τὸ

2015 1505 2165 1582 γένος
2192 1504 2464 1582 ἕλκοντες,
2495 1510 2568 1564 ῶν
2608 1511 2635 1564 6
2667 1516 2885 1586 πρῶτος
2931 1512 3022 1568 καὶ
3085 1514 3250 1590 μέγας
3307 1517 3673 1591 πριμικὴριος

2015 1599 2104 1665 ἧν.
2137 1599 2302 1672 Εἶχον
2334 1603 2464 1673 γοῦν
2494 1599 2583 1654 καὶ
2615 1600 2766 1656 οὗτοι
2797 1602 2858 1656 τὸ
2897 1603 3034 1678 πρὸς
3085 1603 3148 1658 τὸ
3180 1599 3670 1677 ἀμφιϐαλλόμενον

2019 1685 2241 1762 ἰσχυρὸν
2287 1689 2350 1742 τὸ
2409 1689 2514 1742 ἀπὸ
2569 1691 2774 1764 πατρὸς
2853 1690 3056 1746 οἰκεῖον
3117 1693 3209 1748 καὶ
3263 1690 3557 1771 ἀδελφικὸν
3618 1693 3669 1748 ἐν

248 1774 425 1830 ἄλλοι
468 1772 514 1829 δ’
561 1771 817 1850 ἀλλαχοῦ
860 1773 1194 1849 ἀνεχώρουν,
1239 1769 1520 1836 κινδύνους
1561 1772 1906 1850 ὑφορώμενοι
1937 1814 1985 1878 Β
2017 1775 2300 1850 γράμματι
2340 1777 2475 1850 πρὸς
2533 1776 2625 1832 τὸν
2683 1783 2781 1832 τοῦ
2833 1780 2956 1834 νέου
3014 1780 3233 1836 πάππον
3292 1782 3383 1836 καὶ
3415 1769 3672 1856 ἠβασιλέα

311 1866 323 1878 ι
531 1867 540 1878 ,
769 1861 855 1878 ,με
961 1861 1572 1878 εικς,λ..,ν
1723 1860 1747 1878 δ
2748 1868 2917 1878 ._.-
3071 1871 3162 1878 ,κ
3409 1871 3553 1878 .-

247 1866 374 1926 τοὺς
417 1867 730 1939 μεγίστους,
760 1861 923 1918 ἄλλοι
957 1861 1015 1918 δὲ
1044 1863 1129 1917 καὶ
1179 1862 1254 1925 ὠς
1302 1862 1494 1916 οἷοίτ’
1539 1863 1675 1931 ἦσαν
1719 1860 1900 1940 διεφυο

245 1955 518 2011 λάττοντο
575 1956 633 2006 Ὁ
720 1953 903 2026 μέντοι
962 1973 1022 2028 γε
1097 1951 1263 2028 μέγας
1337 1950 1704 2013 κονοσταῦλος
1777 1950 1904 2014 τοὺς

239 2043 525 2123 ἀδελφοὺς
582 2043 902 2114 ἐπιστήσας,
952 2043 1105 2104 νέους
1156 2040 1312 2104 ὄντας
1359 2041 1449 2096 καὶ
1503 2039 1778 2109 συνετοὺς,
1827 2042 1900 2093 ὧν

241 2136 442 2205 ἆτερος
505 2136 601 2208 μὲν
661 2135 940 2204 Ἰωάννης,
999 2135 1026 2188 ὁ
1086 2130 1145 2187 δὲ
1202 2130 1451 2208 δεύτερος
1529 2133 1642 2204 μετ’
1700 2130 1902 2186 ἐκεῖνον

241 2228 654 2284 Κωνσταντῖνος
727 2221 1003 2296 ἐλέγοντο,
1054 2221 1336 2297 ὀφφικίοις
1410 2218 1568 2275 οὔπω
1640 2241 1903 2293 σεμνυνο-

243 2315 470 2387 μένους,
520 2313 614 2374 τάς
701 2310 1013 2386 πρεπούσας
1097 2309 1270 2382 ἐαυτῷ
1346 2306 1590 2386 φυλακάς
1651 2311 1902 2380 καθίστη.

240 2403 522 2466 Ἐντεῦθεν
577 2402 673 2475 μὲν
744 2401 830 2456 καὶ
898 2401 1280 2476 συνεχέστερον
1329 2397 1560 2477 ἐφοίτων
1609 2400 1744 2475 πρὸς
1807 2400 1906 2474 βα-

239 2491 442 2562 σιλέα,
493 2491 586 2545 καὶ
647 2487 972 2563 διημέρευον
1051 2487 1142 2542 σὺν
1195 2486 1402 2561 ἐκείνῳ,
1461 2489 1513 2542 οἱ
1568 2486 1791 2551 πλείους
1847 2485 1904 2541 δὲ

236 2581 324 2636 καὶ
374 2578 806 2655 διενυκτέρευον.
859 2579 939 2634 Τά
1003 2575 1060 2633 δέ
1105 2581 1206 2644 τῆς
1255 2578 1391 2652 πρὸς
1438 2577 1634 2632 ἐκεῖνον
1695 2575 1902 2639 εὐνοίας

237 2671 324 2726 καὶ
358 2671 605 2732 πίστεως
636 2674 731 2723 καῖ
780 2672 994 2741 μᾶλλον
1039 2665 1500 2745 φιλοτιμούμενοι
1537 2665 1676 2741 πρὸς
1720 2663 1900 2736 ἀλλή-

238 2759 372 2822 λους
409 2756 812 2814 ἐνεδεικνύοντο
841 2759 906 2831 [Ρ
937 2759 1027 2832 37]
1059 2755 1273 2834 ἐμφανῆ
1317 2755 1405 2811 καὶ
1438 2757 1511 2818 ὡς
1557 2755 1658 2810 οὐκ
1710 2752 1898 2818 ἄλλως

238 2870 298 2926 γε
325 2847 579 2923 μείζονα.

2015 1864 2270 1936 Ἰωάννην
2320 1866 2414 1920 τὸν
2463 1867 2688 1926 Δούκαν.
2748 1868 2979 1924 Ἐκείθεν
3037 1871 3089 1925 οἱ
3139 1871 3668 1947 Στρατηγὸπουλοι,
3721 1887 3725 1889 ‘

2012 1955 2084 2007 ὧν
2111 1959 2211 2008 τοῦ
2266 1961 2451 2030 γένους
2506 1957 2755 2030 ἐπίδοξος
2815 1962 2842 2014 ὁ
2893 1958 3162 2033 Ἀλέξιος,
3211 1958 3432 2029 πολλὴν
3487 1961 3664 2037 φέρων

2012 2047 2113 2114 τήν
2180 2044 2318 2101 αἴδῶ
2390 2049 2463 2111 ὡς
2543 2049 2773 2126 εὕγερῶς
2845 2050 2950 2105 ἀπὸ
3008 2049 3224 2105 πάντων
3297 2049 3387 2104 καὶ
3434 2047 3665 2103 πλεῖστα

2013 2134 2236 2210 προσέτι
2278 2138 2672 2212 κατωρθωκώς.
2727 2140 2804 2198 Οὐ
2856 2139 2948 2194 καὶ
2997 2139 3024 2193 6
3083 2144 3210 2200 παῖς
3261 2142 3664 2201 Κωνσταντῖνος

2014 2220 2265 2300 γαμϐρὸς
2328 2226 2411 2282 ἐπ’
2477 2225 2744 2307 ἀδελφιδῇ
2804 2233 2903 2283 τοῦ
2980 2226 3250 2303 βασιλέως
3311 2228 3566 2284 Ἰωάννου
3615 2228 3666 2298 ἐξ

2014 2313 2286 2388 αριστείας
2337 2316 2518 2393 φανεὶς
2573 2316 2796 2392 ὕστερον
2858 2323 3122 2393 στερεῖται
3179 2320 3288 2372 τῶν
3337 2314 3667 2390 ὀφθαλμῶν,

2013 2399 2133 2478 ἄρτι
2167 2401 2450 2480 Θεοδώρου
2497 2410 2594 2460 τοῦ
2650 2409 2891 2481 Λάσκαρι
2945 2407 3420 2481 μοναρχήσαντος.
3474 2403 3664 2460 Αῗτίαν

2014 2488 2062 2545 δ’
2118 2486 2275 2566 ἔσχεν
2349 2495 2424 2557 ὡς
2495 2495 3070 2571 καθυπερηφανεύοιτο
3144 2498 3241 2549 τοῦ
3295 2493 3666 2568 κρατοῦντος,

2015 2580 2394 2656 ὑπεροπτικῶς
2451 2585 2589 2656 πρὸς
2645 2583 2848 2640 ἐκεῖνον
2904 2578 3050 2658 ἔχων
3121 2583 3314 2639 νεωστὶ
3374 2581 3510 2656 μετᾶ
3569 2581 3664 2637 τὸν

2011 2672 2219 2746 πατέρα
2272 2676 2379 2727 τῶν
2439 2675 2730 2749 σκήπτρων
2768 2666 2770 2670 ’
2803 2671 3236 2746 ἐπειΛημμένον.
3306 2671 3415 2729 Καὶ
3474 2671 3527 2726 οἱ
3602 2670 3662 2727 ἐκ

2010 2764 2107 2815 τοῦ
2163 2758 2362 2817 Ῥαοὺλ
2413 2762 2644 2838 εὐγενεῖς
2716 2759 2904 2833 ἄλλοι,
2970 2762 3104 2836 μετᾶ
3154 2761 3358 2838 πατέρα
3413 2761 3504 2817 τὸν
3560 2764 3658 2815 τοῦ

2009 2849 2318 2924 ἀξιώματος
2379 2851 2672 2908 ἐκπεσόντα
2707 2897 2722 2927 ,
2771 2853 2844 2916 ὠς
2906 2855 3199 2931 φθάσαντες
3257 2849 3479 2926 εἷ’πομεν
3519 2898 3533 2922 ,
3581 2847 3660 2906 ἔτι

231 2977 321 3033 20.
358 2977 432 3033 ω
466 2975 693 3048 quidam
751 2978 1336 3050 magnatumpropter
1364 2973 1507 3050 haec
1548 2973 1895 3042 recesserint,
1928 2978 1973 3043 ο
2013 2975 2262 3034 habebat
2286 2978 2582 3036 aemulatio
2602 2979 2885 3035 sollicitos
2912 2978 3280 3050 invicemque
3302 2976 3656 3034 commissos

714 3048 822 3103 alii
845 3047 1011 3102 aliter
1039 3045 1154 3101 sibi
1181 3045 1436 3102 caverint

306 3160 391 3211 At
425 3153 769 3227 Caryanites
801 3153 1038 3224 quidem
1071 3157 1211 3208 tunc
1263 3151 1783 3224 protovestiarites,
1815 3151 1902 3207 vir

233 3249 413 3302 aetate
435 3246 566 3316 jam
629 3247 866 3299 matura
897 3240 1248 3298 venerabilis
1282 3241 1596 3312 meritique
1636 3241 1894 3308 maximi,

235 3351 374 3390 cum
411 3333 766 3389 necessariis
796 3335 851 3388 et
882 3330 1279 3387 familiaribus
1309 3331 1438 3402 ipsa
1468 3335 1638 3386 nocte
1657 3329 1900 3386 recessit

236 3423 658 3494 transfugiens
687 3422 760 3478 ad
797 3427 1028 3487 Persas,
1063 3437 1177 3476 non
1211 3420 1362 3490 quod
1396 3420 1734 3492 imperatori
1764 3436 1897 3475 suc-

232 3511 645 3580 censeret,sed
671 3511 827 3584 quod
853 3510 966 3567 sibi
987 3514 1272 3566 metueret
1299 3510 1370 3566 ob
1394 3509 1894 3582 perturbationem

233 3619 464 3659 rerum.
501 3602 630 3657 Sive
654 3601 810 3656 enim
839 3601 896 3656 id
927 3617 1032 3672 per
1060 3616 1124 3656 se
1144 3600 1378 3658 nemine
1402 3600 1720 3671 instigante
1742 3600 1894 3656 sedi-

236 3693 375 3748 tiosi
409 3692 543 3746 ausi
574 3695 766 3759 erant,
815 3691 952 3761 jure
984 3690 1178 3746 timeri
1226 3689 1392 3762 paria
1421 3707 1628 3746 rursus
1659 3689 1892 3745 eosdem

233 3786 642 3839 attentaturos
663 3780 924 3852 impune,
941 3795 1176 3836 summo
1203 3779 1544 3836 discrimine
1565 3780 1892 3852 gerentium

237 3871 661 3943 magistratus,
678 3871 738 3926 in
759 3886 909 3942 quos
923 3870 1118 3942 gravis
1133 3868 1760 3927 incumbebatinvidia:
1777 3869 1897 3924 sive

231 3960 400 4032 ipsos
419 3959 522 4015 alii
536 3958 918 4032 impulerant,
933 3961 1111 4016 etiam
1124 3959 1336 4015 iterum
1354 3959 1762 4015 concitandam
1779 3958 1894 4014 vim

231 4049 566 4106 militarem
599 4048 673 4104 ab
704 4048 912 4105 iisdem
945 4049 1004 4105 in
1057 4048 1304 4104 minime
1335 4048 1646 4120 opinantes
1676 4046 1896 4103 multos

222 4140 362 4210 jure
400 4138 734 4194 formidari.
793 4138 906 4194 Alii
971 4137 1247 4194 similiter
1276 4137 1389 4193 alio
1421 4155 1485 4194 se
1531 4142 1896 4208 receperunt,

232 4229 505 4286 maxima
535 4243 785 4300 quaeque
810 4229 920 4284 rati
952 4227 1110 4283 domi
1155 4227 1530 4283 manentibus
1560 4227 1897 4299 impendere

233 4317 524 4392 pericula.
557 4317 734 4374 Porro
765 4317 864 4372 alii
895 4317 954 4372 in
977 4321 1199 4373 attenta
1229 4317 1317 4372 sui
1344 4317 1607 4388 ipsorum
1634 4318 1898 4374 custodia

233 4408 612 4482 perstabant.
642 4409 714 4462 At
744 4423 995 4480 magnus
1020 4405 1404 4464 conostaulus
1425 4408 1702 4463 fratribus
1723 4411 1894 4479 (quo-

2008 3081 2242 3138 unoque
2272 3067 2386 3124 sibi
2436 3067 2733 3124 ambiente
2775 3084 2884 3124 nec
2915 3067 3020 3123 ulli
3053 3066 3153 3123 alii
3193 3067 3398 3123 cedere
3444 3069 3653 3138 parato

2003 3171 2202 3212 curam
2253 3156 2606 3228 peculiarem
2638 3173 2704 3212 ac
2747 3157 2995 3212 tutelam
3045 3156 3419 3229 imperatoris
3451 3155 3644 3210 adhuc

2004 3245 2188 3316 pueri.
2217 3246 2355 3302 Erat
2383 3262 2451 3302 ea
2474 3245 2844 3319 singulorum
2877 3245 3154 3303 nobilitas
3184 3262 3251 3301 ac
3281 3245 3562 3316 dignitas,
3597 3249 3658 3300 et

2002 3351 2073 3392 ex
2098 3336 2308 3392 barum
2325 3336 2686 3393 conscientia
2706 3336 2799 3393 sui
2816 3336 3036 3408 opinio,
3054 3340 3121 3391 ut
3141 3333 3356 3407 subjici
3374 3334 3653 3406 cuiquam

2004 3441 2208 3482 eorum
2265 3425 2480 3497 quibus
2509 3443 2574 3483 se
2626 3442 2796 3498 pares
2828 3425 3248 3482 existimabant
3280 3440 3449 3480 nemo
3494 3440 3649 3479 unus

2005 3533 2087 3588 aeq
2099 3533 2171 3571 uo
2204 3515 2398 3572 animo
2429 3532 2715 3588 passurus
2733 3515 3049 3572 videretur.
3077 3515 3222 3570 llinc
3245 3530 3306 3569 se
3329 3513 3656 3569 offerebant

2004 3623 2036 3662 e
2063 3605 2443 3662 Lascaridum
2501 3609 2673 3676 gente
2701 3603 3105 3669 Tzamanturi,
3137 3603 3239 3674 qui
3283 3601 3442 3674 gravi
3486 3617 3654 3656 sene.

2005 3700 2164 3751 ctute
2193 3695 2560 3752 venerabiles
2581 3699 2637 3751 et
2657 3696 2813 3750 fama
2830 3693 3156 3766 prudentiae
3177 3691 3504 3764 conspicui,
3527 3691 3653 3746 effi-

2005 3785 2218 3842 caciter
2247 3784 2358 3841 sibi
2392 3784 2704 3854 suffragari
2727 3784 3099 3839 confidebant
3124 3783 3196 3837 ad
3220 3780 3648 3853 impetrandam

2004 3875 2478 3946 procurationem
2518 3872 2728 3946 pupilli
2760 3871 3042 3944 principis
3071 3874 3130 3926 et
3170 3867 3650 3926 communionem

2005 3981 2140 4021 cum
2184 3980 2250 4020 eo
2280 3963 2551 4020 intimam
2583 3962 2892 4034 sanguinis
2943 3965 3002 4016 et
3030 3959 3440 4016 auctoritatem
3481 3958 3653 4028 quasi

2005 4058 2309 4126 paternam
2344 4069 2378 4108 a
2428 4057 2638 4108 natura
2669 4050 2816 4122 ipsis
2846 4051 3046 4106 datam
3078 4049 3140 4104 in
3173 4052 3315 4104 natu
3363 4046 3651 4102 minorem

2007 4161 2124 4200 suae
2184 4141 2415 4198 familia:
2446 4141 2778 4198 alumnum.
2811 4141 2853 4195 E
2908 4139 3138 4194 diverso
3169 4153 3232 4194 se
3279 4135 3657 4193 ostentabant

2005 4235 2116 4292 orti
2140 4231 2591 4290 eTorniciorum
2615 4245 2848 4303 genere,
2867 4245 3119 4301 quorum
3145 4227 3372 4300 primus
3399 4240 3656 4296 magnus

2007 4329 2131 4382 erat
2157 4321 2548 4396 primicerius.
2586 4320 2683 4375 His
2704 4319 2979 4375 ﬁduciam
3000 4315 3304 4374 auferendi
3336 4332 3450 4388 prta
3465 4313 3656 4370 omni-

2007 4417 2117 4473 bus
2130 4411 2333 4470 ambiti
2347 4409 2571 4468 cateris
2585 4409 3006 4464 bonorisdabat
3019 4407 3199 4479 patris
3212 4405 3476 4478 ipsorum
3500 4403 3653 4473 apud

235 4515 372 4554 rum
409 4501 554 4553 natu
589 4496 1067 4567 majorJoannes,
1089 4495 1712 4553 minorConstantinus
1728 4514 1896 4554 voea-

2012 4521 2174 4563 avum
2187 4500 2558 4574 imperatoris
2571 4500 2816 4555 Joanem
2831 4498 3052 4554 Ducam
3070 4498 3404 4567 Augustum
3423 4508 3656 4548 summa

232 4587 436 4656 batur)
471 4586 544 4641 ad
584 4600 961 4642 communem
1009 4584 1254 4640 tutelam
1286 4585 1570 4642 adhibitis
1616 4586 1890 4643 idoneam

231 4677 456 4748 cuique
477 4675 729 4746 subjecit
745 4674 1237 4747 praesidiariorum
1262 4691 1527 4732 manum.
1551 4675 1896 4732 Adolescen-

232 4770 324 4822 tes
357 4766 465 4820 64
498 4764 558 4819 hi
592 4765 910 4836 prudentes
941 4767 1127 4836 erant,
1157 4765 1420 4821 nondum
1463 4765 1533 4821 ad
1568 4765 1890 4822 officiorum

233 4853 496 4926 promoti
528 4853 834 4921 honorem,
885 4869 1091 4926 eoque,
1146 4858 1345 4926 utpote
1375 4854 1490 4909 alia
1518 4855 1684 4910 vacui
1733 4872 1893 4922 cura,

234 4945 398 5016 apud
430 4942 847 5014 imperatorem
881 4943 1068 5014 magis
1100 4942 1346 5011 assidui,
1379 4959 1444 4998 ac
1477 4959 1611 4998 cum
1641 4959 1708 4999 eo
1739 4943 1895 4998 soliti

237 5050 358 5090 non
393 5033 522 5088 dies
552 5032 748 5088 solum
782 5036 935 5088 totos
967 5032 1217 5104 exigere,
1248 5033 1351 5088 sed
1382 5032 1560 5088 etiam
1607 5049 1722 5088 non
1765 5049 1896 5088 raro

234 5126 612 5194 pernoctare,
645 5122 717 5176 de
748 5121 862 5177 fide
897 5122 955 5177 in
989 5121 1155 5177 illum
1189 5139 1252 5178 ac
1285 5121 1572 5178 charitate
1611 5127 1898 5178 certantes

236 5211 395 5267 inter
429 5226 516 5280 se,
564 5209 913 5282 nullamque
970 5211 1337 5266 occasionem
1388 5211 1897 5283 prietermitlentes

236 5301 584 5356 declarandi
618 5316 797 5372 quam
832 5300 1372 5372 maximepoterant
1400 5301 1489 5356 sui
1523 5317 1661 5374 erga
1681 5301 1894 5373 princi-

236 5405 379 5461 pem
409 5389 598 5445 studii
631 5389 989 5462 praestantis.

235 5496 331 5552 21.
398 5496 680 5553 Contentio
740 5479 888 5552 inter
950 5494 1230 5580 principes
1285 5496 1349 5552 de
1403 5499 1574 5554 tutela
1628 5496 1900 5570 principis

981 5583 1166 5640 puerL

316 5657 537 5714 Verum
579 5673 786 5715 omnes
833 5657 935 5730 qui
967 5663 1375 5716 remanserant
1422 5659 1716 5730 principes
1747 5660 1899 5717 acris

2001 4594 2190 4668 gratia
2220 4589 2618 4647 familiaritate
2640 4589 2850 4643 intima
2878 4586 3215 4656 conjuncta.
3258 4581 3656 4639 Occurrebant

2004 4683 2243 4740 aliunde
2285 4676 2698 4750 Strategopuli,
2762 4676 2821 4730 in
2875 4674 3094 4747 quibus
3141 4686 3354 4744 genere
3396 4669 3652 4726 illustris

2003 4769 2446 4840 Alexius,cujus
2467 4783 2670 4823 omnes
2693 4765 2748 4821 in
2769 4764 3201 4821 canitiedecora
3223 4759 3453 4832 magnis
3476 4759 3653 4814 rebus

2005 4860 2184 4934 gestis
2205 4859 2483 4914 virtutem
2502 4872 2568 4912 ac
2593 4856 2804 4911 famam
2826 4853 3257 4910 reverebantur.
3281 4849 3472 4920 Hujus
3494 4847 3652 4903 filius

2004 4947 2428 5006 Constantinus
2443 4945 2778 5018 Gregorius,
2800 4942 2996 4998 affinis
3018 4939 3390 5013 imperatoris
3407 4937 3653 4994 Joannis

2007 5039 2182 5093 ducta
2209 5035 2338 5106 ejus
2386 5037 2560 5106 nepte
2595 5049 2662 5088 ac
2686 5030 2862 5089 claris
2906 5030 3075 5087 factis
3123 5029 3400 5101 inclytus,
3449 5031 3655 5099 postea

2007 5125 2268 5198 privatus
2317 5123 2415 5180 65
2467 5121 2656 5178 oculis
2699 5121 2890 5176 fuerat
2931 5119 3234 5175 Theodoro
3283 5116 3516 5174 Lascari
3560 5132 3656 5170 re-

2007 5217 2244 5286 gnante,
2277 5212 2440 5285 gravi
2471 5210 2814 5281 arrogantiae
2838 5225 3010 5282 paena
3040 5225 3158 5281 qua
3179 5205 3566 5278 superciliose
3589 5204 3660 5258 de

2007 5303 2269 5376 spexisse
2300 5303 2716 5375 imperatorem
2760 5301 2925 5355 visus
2956 5302 3099 5366 erat,
3134 5312 3267 5351 cum
3299 5296 3350 5351 is
3383 5299 3516 5367 post
3557 5308 3655 5364 pa-

2009 5393 2112 5448 tris
2171 5397 2421 5449 mortem
2481 5407 2677 5447 rerum
2738 5389 3003 5444 habenas
3060 5388 3120 5442 in
3152 5401 3364 5441 manus
3423 5395 3657 5437 sumere

2009 5483 2302 5555 ccepisset.
2355 5481 2722 5538 Accedebant
2753 5483 2810 5534 et
2858 5477 2961 5533 ﬁlii
2994 5474 3219 5544 Baulis,
3254 5472 3352 5528 alii
3401 5467 3654 5544 patricii,

2007 5573 2106 5644 qui
2143 5576 2270 5644 post
2299 5571 2525 5627 obitum
2555 5568 2802 5625 Joannis
2832 5564 3076 5638 Augusti
3107 5560 3497 5634 dignitatibus
3547 5574 3646 5612 ex-

2007 5662 2269 5719 ciderant
2313 5682 2326 5731 ;
2388 5660 2554 5717 alteri
2615 5645 2884 5730 praeterea
2938 5650 3269 5723 Palwologi,
3302 5653 3521 5706 etcum
3559 5646 3655 5702 bis
