  <div class='ocr_page' id='page_1' title='image "/cluster/home/n/w/nwhite01/storage/ocr_20150623/143/hvd.32044073502585/255.png"; bbox 0 0 4034 6200; ppageno 0'>
   <div class='ocr_carea' id='block_1_1' title="bbox 297 320 406 378">
    <p class='ocr_par' dir='ltr' id='par_1_1' title="bbox 297 320 406 378">
     <span class='ocr_line' id='line_1_1' title="bbox 297 320 406 378; baseline -0.009 0"><span class='ocrx_word' id='word_1_1' title='bbox 297 320 406 378; x_wconf 71' lang='lat'><strong>499</strong></span> 
     </span>
    </p>
   </div>
   <div class='ocr_carea' id='block_1_2' title="bbox 1603 318 2409 376">
    <p class='ocr_par' dir='ltr' id='par_1_2' title="bbox 1603 318 2409 376">
     <span class='ocr_line' id='line_1_2' title="bbox 1603 318 2409 376; baseline -0.002 -3"><span class='ocrx_word' id='word_1_2' title='bbox 1603 319 1905 376; x_wconf 82' lang='lat' dir='ltr'><strong>GEORGII</strong></span> <span class='ocrx_word' id='word_1_3' title='bbox 1942 318 2409 373; x_wconf 65' lang='lat' dir='ltr'><strong>PACHYMERE</strong></span> 
     </span>
    </p>
   </div>
   <div class='ocr_carea' id='block_1_3' title="bbox 3612 316 3725 371">
    <p class='ocr_par' dir='ltr' id='par_1_3' title="bbox 3612 316 3725 371">
     <span class='ocr_line' id='line_1_3' title="bbox 3612 316 3725 371; baseline 0 -2"><span class='ocrx_word' id='word_1_4' title='bbox 3612 316 3725 371; x_wconf 84' lang='lat'><strong>500</strong></span> 
     </span>
    </p>
   </div>
   <div class='ocr_carea' id='block_1_4' title="bbox 295 437 3724 518">
    <p class='ocr_par' dir='ltr' id='par_1_4' title="bbox 295 437 3724 518">
     <span class='ocr_line' id='line_1_4' title="bbox 295 437 3724 518; baseline -0.003 -12"><span class='ocrx_word' id='word_1_5' title='bbox 295 450 597 518; x_wconf 83' lang='grc' dir='ltr'>νεάζοντες,</span> <span class='ocrx_word' id='word_1_6' title='bbox 629 442 718 500; x_wconf 82' lang='grc' dir='ltr'>καὶ</span> <span class='ocrx_word' id='word_1_7' title='bbox 752 439 1147 516; x_wconf 80' lang='grc' dir='ltr'>Παλαιολόγοι.</span> <span class='ocrx_word' id='word_1_8' title='bbox 1181 440 1286 496; x_wconf 78' lang='grc' dir='ltr'><strong>Σὺν</strong></span> <span class='ocrx_word' id='word_1_9' title='bbox 1311 443 1394 504; x_wconf 82' lang='grc' dir='ltr'>οἷς</span> <span class='ocrx_word' id='word_1_10' title='bbox 1434 441 1523 497; x_wconf 83' lang='grc' dir='ltr'><strong>καὶ</strong></span> <span class='ocrx_word' id='word_1_11' title='bbox 1555 443 1819 512; x_wconf 83' lang='grc' dir='ltr'>Βατάτζαι</span> <span class='ocrx_word' id='word_1_12' title='bbox 1850 443 1937 497; x_wconf 81' lang='grc' dir='ltr'>καὶ</span> <span class='ocrx_word' id='word_1_13' title='bbox 1975 448 2028 512; x_wconf 77' lang='grc' dir='ltr'><strong>Α</strong></span> <span class='ocrx_word' id='word_1_14' title='bbox 2056 442 2162 517; x_wconf 83' lang='grc' dir='ltr'><strong>κβ’.</strong></span> <span class='ocrx_word' id='word_1_15' title='bbox 2219 441 2411 503; x_wconf 75' lang='grc' dir='ltr'>’Ὁπως</span> <span class='ocrx_word' id='word_1_16' title='bbox 2490 438 2837 518; x_wconf 71' lang='grc' dir='ltr'>προετιμήρη</span> <span class='ocrx_word' id='word_1_17' title='bbox 2904 437 2986 518; x_wconf 68' lang='grc' dir='ltr'>εἷς</span> <span class='ocrx_word' id='word_1_18' title='bbox 3040 438 3202 493; x_wconf 79' lang='grc' dir='ltr'>τοῦτο</span> <span class='ocrx_word' id='word_1_19' title='bbox 3286 441 3394 494; x_wconf 82' lang='grc' dir='ltr'>τῶν</span> <span class='ocrx_word' id='word_1_20' title='bbox 3456 437 3631 496; x_wconf 80' lang='grc' dir='ltr'>ἄλλον</span> <span class='ocrx_word' id='word_1_21' title='bbox 3695 442 3724 496; x_wconf 85' lang='grc' dir='ltr'>ὁ</span> 
     </span>
    </p>
   </div>
   <div class='ocr_carea' id='block_1_5' title="bbox 298 528 1949 609">
    <p class='ocr_par' dir='ltr' id='par_1_5' title="bbox 298 528 1949 609">
     <span class='ocr_line' id='line_1_5' title="bbox 298 528 1949 609; baseline -0.004 -15"><span class='ocrx_word' id='word_1_22' title='bbox 298 539 351 593; x_wconf 77' lang='grc' dir='ltr'>οἱ</span> <span class='ocrx_word' id='word_1_23' title='bbox 378 538 474 593; x_wconf 77' lang='grc' dir='ltr'>τοῦ</span> <span class='ocrx_word' id='word_1_24' title='bbox 505 533 677 600; x_wconf 76' lang='grc' dir='ltr'>ψιλῇ,</span> <span class='ocrx_word' id='word_1_25' title='bbox 710 530 783 587; x_wconf 84' lang='grc' dir='ltr'>ὧν</span> <span class='ocrx_word' id='word_1_26' title='bbox 818 532 846 586; x_wconf 89' lang='grc' dir='ltr'><strong>ὁ</strong></span> <span class='ocrx_word' id='word_1_27' title='bbox 877 531 1055 606; x_wconf 79' lang='grc' dir='ltr'>πατὴρ</span> <span class='ocrx_word' id='word_1_28' title='bbox 1086 528 1367 607; x_wconf 85' lang='grc' dir='ltr'>Θεόδωρος</span> <span class='ocrx_word' id='word_1_29' title='bbox 1393 530 1710 609; x_wconf 76' lang='grc' dir='ltr'>τετύφλωτο</span> <span class='ocrx_word' id='word_1_30' title='bbox 1740 533 1829 587; x_wconf 75' lang='grc' dir='ltr'>καὶ</span> <span class='ocrx_word' id='word_1_31' title='bbox 1851 531 1949 587; x_wconf 77' lang='grc' dir='ltr'><strong>αὐ-</strong></span> 
     </span>
    </p>
   </div>
   <div class='ocr_carea' id='block_1_6' title="bbox 292 619 1948 697">
    <p class='ocr_par' dir='ltr' id='par_1_6' title="bbox 292 619 1948 697">
     <span class='ocr_line' id='line_1_6' title="bbox 292 619 1948 697; baseline -0.004 -15"><span class='ocrx_word' id='word_1_32' title='bbox 292 628 386 689; x_wconf 84' lang='grc' dir='ltr'><strong>τὸς</strong></span> <span class='ocrx_word' id='word_1_33' title='bbox 415 624 509 679; x_wconf 78' lang='grc' dir='ltr'><strong>σὺν</strong></span> <span class='ocrx_word' id='word_1_34' title='bbox 544 626 623 695; x_wconf 77' lang='grc' dir='ltr'><strong>τῷ</strong></span> <span class='ocrx_word' id='word_1_35' title='bbox 656 619 1141 697; x_wconf 82' lang='grc' dir='ltr'>Στρατηγοπούλῳ</span> <span class='ocrx_word' id='word_1_36' title='bbox 1187 628 1287 691; x_wconf 80' lang='grc' dir='ltr'><strong>τῆς</strong></span> <span class='ocrx_word' id='word_1_37' title='bbox 1330 620 1499 691; x_wconf 82' lang='grc' dir='ltr'>αὐτῆς</span> <span class='ocrx_word' id='word_1_38' title='bbox 1548 620 1738 695; x_wconf 78' lang='grc' dir='ltr'>ἐκείνῳ</span> <span class='ocrx_word' id='word_1_39' title='bbox 1787 621 1948 697; x_wconf 83' lang='grc' dir='ltr'>χάριν</span> 
     </span>
    </p>
   </div>
   <div class='ocr_carea' id='block_1_7' title="bbox 297 705 1951 789">
    <p class='ocr_par' dir='ltr' id='par_1_7' title="bbox 297 705 1951 789">
     <span class='ocr_line' id='line_1_7' title="bbox 297 705 1951 789; baseline -0.002 -19"><span class='ocrx_word' id='word_1_40' title='bbox 297 714 498 785; x_wconf 77' lang='grc' dir='ltr'>αΐτίας,</span> <span class='ocrx_word' id='word_1_41' title='bbox 532 711 625 767; x_wconf 76' lang='grc' dir='ltr'>σὺν</span> <span class='ocrx_word' id='word_1_42' title='bbox 676 705 1091 785; x_wconf 78' lang='grc' dir='ltr'>Καϐαλλαρίοις</span> <span class='ocrx_word' id='word_1_43' title='bbox 1119 732 1178 767; x_wconf 90' lang='grc' dir='ltr'>τε</span> <span class='ocrx_word' id='word_1_44' title='bbox 1208 711 1259 765; x_wconf 80' lang='grc' dir='ltr'><strong>οί</strong></span> <span class='ocrx_word' id='word_1_45' title='bbox 1290 710 1597 789; x_wconf 84' lang='grc' dir='ltr'>Νοστόγγοι</span> <span class='ocrx_word' id='word_1_46' title='bbox 1624 711 1713 766; x_wconf 80' lang='grc' dir='ltr'>καὶ</span> <span class='ocrx_word' id='word_1_47' title='bbox 1761 713 1813 766; x_wconf 72' lang='lat' dir='ltr'><strong>0i</strong></span> <span class='ocrx_word' id='word_1_48' title='bbox 1845 718 1951 766; x_wconf 81' lang='grc' dir='ltr'><strong>Κα-</strong></span> 
     </span>
    </p>
   </div>
   <div class='ocr_carea' id='block_1_8' title="bbox 301 796 1953 879">
    <p class='ocr_par' dir='ltr' id='par_1_8' title="bbox 301 796 1953 879">
     <span class='ocr_line' id='line_1_8' title="bbox 301 796 1953 879; baseline -0.002 -21"><span class='ocrx_word' id='word_1_49' title='bbox 301 803 518 879; x_wconf 68' lang='grc' dir='ltr'>μύτζαι,</span> <span class='ocrx_word' id='word_1_50' title='bbox 550 800 643 856; x_wconf 71' lang='grc' dir='ltr'><strong>σύν</strong></span> <span class='ocrx_word' id='word_1_51' title='bbox 674 821 733 856; x_wconf 92' lang='grc' dir='ltr'><strong>τε</strong></span> <span class='ocrx_word' id='word_1_52' title='bbox 775 801 864 856; x_wconf 86' lang='grc' dir='ltr'>καὶ</span> <span class='ocrx_word' id='word_1_53' title='bbox 918 801 1215 873; x_wconf 79' lang='grc' dir='ltr'>’Δπρηνοῖς</span> <span class='ocrx_word' id='word_1_54' title='bbox 1263 802 1353 855; x_wconf 83' lang='grc' dir='ltr'><strong>καὶ</strong></span> <span class='ocrx_word' id='word_1_55' title='bbox 1384 799 1666 877; x_wconf 81' lang='grc' dir='ltr'>Ἀγγέλοις</span> <span class='ocrx_word' id='word_1_56' title='bbox 1698 802 1749 856; x_wconf 76' lang='grc' dir='ltr'>οἳ</span> <span class='ocrx_word' id='word_1_57' title='bbox 1781 796 1953 858; x_wconf 76' lang='grc' dir='ltr'>Λιϐα-</span> 
     </span>
    </p>
   </div>
   <div class='ocr_carea' id='block_1_9' title="bbox 302 889 1952 971">
    <p class='ocr_par' dir='ltr' id='par_1_9' title="bbox 302 889 1952 971">
     <span class='ocr_line' id='line_1_9' title="bbox 302 889 1952 971; baseline -0.002 -23"><span class='ocrx_word' id='word_1_58' title='bbox 302 890 511 971; x_wconf 83' lang='grc' dir='ltr'>ὃάριοι,</span> <span class='ocrx_word' id='word_1_59' title='bbox 540 894 951 968; x_wconf 83' lang='grc' dir='ltr'>Ταρχανειῶται</span> <span class='ocrx_word' id='word_1_60' title='bbox 1012 889 1471 967; x_wconf 83' lang='grc' dir='ltr'>Φιλανθρωπηνοὶ</span> <span class='ocrx_word' id='word_1_61' title='bbox 1501 890 1592 947; x_wconf 82' lang='grc' dir='ltr'>καὶ</span> <span class='ocrx_word' id='word_1_62' title='bbox 1624 892 1676 946; x_wconf 76' lang='grc' dir='ltr'>οἱ</span> <span class='ocrx_word' id='word_1_63' title='bbox 1725 890 1952 967; x_wconf 75' lang='grc' dir='ltr'>εὐγενεῖς</span> 
     </span>
    </p>
   </div>
   <div class='ocr_carea' id='block_1_10' title="bbox 302 978 1955 1055">
    <p class='ocr_par' dir='ltr' id='par_1_10' title="bbox 302 978 1955 1055">
     <span class='ocr_line' id='line_1_10' title="bbox 302 978 1955 1055; baseline -0.002 -17"><span class='ocrx_word' id='word_1_64' title='bbox 302 980 766 1053; x_wconf 79' lang='grc' dir='ltr'>Καντακουζηνοὶ,</span> <span class='ocrx_word' id='word_1_65' title='bbox 801 982 887 1036; x_wconf 82' lang='grc' dir='ltr'>καὶ</span> <span class='ocrx_word' id='word_1_66' title='bbox 941 979 1059 1035; x_wconf 78' lang='grc' dir='ltr'>ὅσοι</span> <span class='ocrx_word' id='word_1_67' title='bbox 1116 978 1282 1036; x_wconf 81' lang='grc' dir='ltr'>ἄλλοι</span> <span class='ocrx_word' id='word_1_68' title='bbox 1342 982 1423 1042; x_wconf 80' lang='grc' dir='ltr'>οἷς</span> <span class='ocrx_word' id='word_1_69' title='bbox 1479 982 1514 1050; x_wconf 81' lang='grc' dir='ltr'>ἡ</span> <span class='ocrx_word' id='word_1_70' title='bbox 1578 979 1955 1055; x_wconf 78' lang='grc' dir='ltr'>μεγαλογενής</span> 
     </span>
    </p>
   </div>
   <div class='ocr_carea' id='block_1_11' title="bbox 303 1069 1956 1148">
    <p class='ocr_par' dir='ltr' id='par_1_11' title="bbox 303 1069 1956 1148">
     <span class='ocr_line' id='line_1_11' title="bbox 303 1069 1956 1148; baseline -0.003 -19"><span class='ocrx_word' id='word_1_71' title='bbox 303 1073 457 1148; x_wconf 79' lang='grc' dir='ltr'>σειρά</span> <span class='ocrx_word' id='word_1_72' title='bbox 483 1071 575 1128; x_wconf 80' lang='grc' dir='ltr'>καὶ</span> <span class='ocrx_word' id='word_1_73' title='bbox 605 1077 785 1147; x_wconf 83' lang='grc' dir='ltr'>χρυσῆ</span> <span class='ocrx_word' id='word_1_74' title='bbox 819 1071 1243 1146; x_wconf 77' lang='grc' dir='ltr'>συγκεκρότητο.</span> <span class='ocrx_word' id='word_1_75' title='bbox 1298 1071 1359 1127; x_wconf 92' lang='grc' dir='ltr'>Ὁ</span> <span class='ocrx_word' id='word_1_76' title='bbox 1393 1071 1573 1144; x_wconf 70' lang='grc' dir='ltr'>μέντοι</span> <span class='ocrx_word' id='word_1_77' title='bbox 1615 1090 1676 1144; x_wconf 90' lang='grc' dir='ltr'>γε</span> <span class='ocrx_word' id='word_1_78' title='bbox 1704 1069 1956 1144; x_wconf 83' lang='grc' dir='ltr'>Νοστόγ-</span> 
     </span>
    </p>
   </div>
   <div class='ocr_carea' id='block_1_12' title="bbox 302 1156 1954 1239">
    <p class='ocr_par' dir='ltr' id='par_1_12' title="bbox 302 1156 1954 1239">
     <span class='ocr_line' id='line_1_12' title="bbox 302 1156 1954 1239; baseline -0.004 -20"><span class='ocrx_word' id='word_1_79' title='bbox 302 1183 402 1239; x_wconf 83' lang='grc' dir='ltr'><strong>γος</strong></span> <span class='ocrx_word' id='word_1_80' title='bbox 448 1161 719 1238; x_wconf 84' lang='grc' dir='ltr'>Γεώργιος</span> <span class='ocrx_word' id='word_1_81' title='bbox 770 1158 860 1215; x_wconf 83' lang='grc' dir='ltr'>καὶ</span> <span class='ocrx_word' id='word_1_82' title='bbox 907 1158 1451 1238; x_wconf 75' lang='grc' dir='ltr'>προσεφιλοτιμεῖτο·</span> <span class='ocrx_word' id='word_1_83' title='bbox 1512 1156 1802 1235; x_wconf 76' lang='grc' dir='ltr'>ἑκυδροῦτο</span> <span class='ocrx_word' id='word_1_84' title='bbox 1850 1158 1954 1234; x_wconf 81' lang='grc' dir='ltr'><strong>γάρ</strong></span> 
     </span>
    </p>
   </div>
   <div class='ocr_carea' id='block_1_13' title="bbox 302 1246 1954 1325">
    <p class='ocr_par' dir='ltr' id='par_1_13' title="bbox 302 1246 1954 1325">
     <span class='ocr_line' id='line_1_13' title="bbox 302 1246 1954 1325; baseline -0.004 -18"><span class='ocrx_word' id='word_1_85' title='bbox 302 1257 411 1307; x_wconf 81' lang='grc' dir='ltr'>τῶν</span> <span class='ocrx_word' id='word_1_86' title='bbox 458 1248 646 1305; x_wconf 80' lang='grc' dir='ltr'>ἄλλων</span> <span class='ocrx_word' id='word_1_87' title='bbox 698 1248 774 1312; x_wconf 83' lang='grc' dir='ltr'><strong>είς</strong></span> <span class='ocrx_word' id='word_1_88' title='bbox 819 1246 989 1319; x_wconf 81' lang='grc' dir='ltr'>κῆδος</span> <span class='ocrx_word' id='word_1_89' title='bbox 1039 1248 1322 1325; x_wconf 80' lang='grc' dir='ltr'>βασιλικὸν</span> <span class='ocrx_word' id='word_1_90' title='bbox 1375 1250 1822 1323; x_wconf 85' lang='grc' dir='ltr'>προτιμώμενος.</span> <span class='ocrx_word' id='word_1_91' title='bbox 1855 1248 1954 1303; x_wconf 80' lang='grc' dir='ltr'><strong>Καὶ</strong></span> 
     </span>
    </p>
   </div>
   <div class='ocr_carea' id='block_1_14' title="bbox 302 1337 1953 1418">
    <p class='ocr_par' dir='ltr' id='par_1_14' title="bbox 302 1337 1953 1418">
     <span class='ocr_line' id='line_1_14' title="bbox 302 1337 1953 1418; baseline -0.002 -22"><span class='ocrx_word' id='word_1_92' title='bbox 302 1343 407 1418; x_wconf 78' lang='grc' dir='ltr'><strong>γάρ</strong></span> <span class='ocrx_word' id='word_1_93' title='bbox 440 1340 517 1395; x_wconf 77' lang='grc' dir='ltr'>ἔτι</span> <span class='ocrx_word' id='word_1_94' title='bbox 568 1343 675 1409; x_wconf 81' lang='grc' dir='ltr'><strong>ζῶν</strong></span> <span class='ocrx_word' id='word_1_95' title='bbox 707 1338 735 1393; x_wconf 88' lang='grc' dir='ltr'><strong>ὁ</strong></span> <span class='ocrx_word' id='word_1_96' title='bbox 765 1342 979 1412; x_wconf 81' lang='grc' dir='ltr'>κρατῶν</span> <span class='ocrx_word' id='word_1_97' title='bbox 1028 1338 1282 1413; x_wconf 81' lang='grc' dir='ltr'>ἀρμόξειν</span> <span class='ocrx_word' id='word_1_98' title='bbox 1330 1337 1409 1400; x_wconf 74' lang='grc' dir='ltr'>εἷς</span> <span class='ocrx_word' id='word_1_99' title='bbox 1437 1341 1611 1414; x_wconf 85' lang='grc' dir='ltr'>γάμον</span> <span class='ocrx_word' id='word_1_100' title='bbox 1662 1337 1809 1410; x_wconf 80' lang='grc' dir='ltr'><strong>αὐτῷ</strong></span> <span class='ocrx_word' id='word_1_101' title='bbox 1854 1339 1953 1407; x_wconf 78' lang='grc' dir='ltr'><strong>τήν</strong></span> 
     </span>
    </p>
   </div>
   <div class='ocr_carea' id='block_1_15' title="bbox 302 1425 1957 1505">
    <p class='ocr_par' dir='ltr' id='par_1_15' title="bbox 302 1425 1957 1505">
     <span class='ocr_line' id='line_1_15' title="bbox 302 1425 1957 1505; baseline -0.002 -19"><span class='ocrx_word' id='word_1_102' title='bbox 302 1427 471 1486; x_wconf 86' lang='grc' dir='ltr'>παῖδα</span> <span class='ocrx_word' id='word_1_103' title='bbox 501 1426 591 1484; x_wconf 81' lang='grc' dir='ltr'><strong>διά</strong></span> <span class='ocrx_word' id='word_1_104' title='bbox 637 1425 844 1505; x_wconf 78' lang='grc' dir='ltr'>βουλῆς</span> <span class='ocrx_word' id='word_1_105' title='bbox 876 1425 1021 1502; x_wconf 84' lang='grc' dir='ltr'><strong>ἔχων</strong></span> <span class='ocrx_word' id='word_1_106' title='bbox 1048 1426 1288 1482; x_wconf 79' lang='grc' dir='ltr'>πολλοῖς</span> <span class='ocrx_word' id='word_1_107' title='bbox 1337 1427 1426 1481; x_wconf 83' lang='grc' dir='ltr'>καὶ</span> <span class='ocrx_word' id='word_1_108' title='bbox 1472 1425 1667 1488; x_wconf 87' lang='grc' dir='ltr'>ἀλλοις</span> <span class='ocrx_word' id='word_1_109' title='bbox 1716 1425 1957 1482; x_wconf 83' lang='grc' dir='ltr'>ἐπίστευε</span> 
     </span>
    </p>
   </div>
   <div class='ocr_carea' id='block_1_16' title="bbox 301 1509 1955 1596">
    <p class='ocr_par' dir='ltr' id='par_1_16' title="bbox 301 1509 1955 1596">
     <span class='ocr_line' id='line_1_16' title="bbox 301 1509 1955 1596; baseline -0.003 -20"><span class='ocrx_word' id='word_1_110' title='bbox 301 1523 401 1591; x_wconf 79' lang='grc' dir='ltr'><strong>τήν</strong></span> <span class='ocrx_word' id='word_1_111' title='bbox 454 1516 686 1596; x_wconf 77' lang='grc' dir='ltr'>βουλὴν,</span> <span class='ocrx_word' id='word_1_112' title='bbox 748 1512 844 1571; x_wconf 64' lang='grc' dir='ltr'><strong>κᾶν</strong></span> <span class='ocrx_word' id='word_1_113' title='bbox 898 1513 1147 1591; x_wconf 81' lang='grc' dir='ltr'>ἐπλήρου</span> <span class='ocrx_word' id='word_1_114' title='bbox 1205 1509 1301 1571; x_wconf 63' lang='grc' dir='ltr'>καῖ’</span> <span class='ocrx_word' id='word_1_115' title='bbox 1352 1516 1413 1570; x_wconf 87' lang='grc' dir='ltr'><strong>τὸ</strong></span> <span class='ocrx_word' id='word_1_116' title='bbox 1466 1512 1847 1591; x_wconf 81' lang='grc' dir='ltr'><strong>συνάλλαγμα,</strong></span> <span class='ocrx_word' id='word_1_117' title='bbox 1909 1516 1955 1571; x_wconf 83' lang='grc' dir='ltr'><strong>εί</strong></span> 
     </span>
    </p>
   </div>
   <div class='ocr_carea' id='block_1_17' title="bbox 307 1602 1957 1683">
    <p class='ocr_par' dir='ltr' id='par_1_17' title="bbox 307 1602 1957 1683">
     <span class='ocr_line' id='line_1_17' title="bbox 307 1602 1957 1683; baseline -0.002 -20"><span class='ocrx_word' id='word_1_118' title='bbox 307 1611 384 1682; x_wconf 76' lang='grc' dir='ltr'><strong>μή</strong></span> <span class='ocrx_word' id='word_1_119' title='bbox 427 1629 487 1683; x_wconf 90' lang='grc' dir='ltr'>γε</span> <span class='ocrx_word' id='word_1_120' title='bbox 538 1610 601 1679; x_wconf 81' lang='grc' dir='ltr'><strong>[Ρ</strong></span> <span class='ocrx_word' id='word_1_121' title='bbox 796 1606 1021 1669; x_wconf 78' lang='grc' dir='ltr'>θάνατος</span> <span class='ocrx_word' id='word_1_122' title='bbox 1074 1609 1155 1677; x_wconf 78' lang='grc' dir='ltr'>τῷ</span> <span class='ocrx_word' id='word_1_123' title='bbox 1216 1603 1432 1680; x_wconf 88' lang='grc' dir='ltr'>βασιλεῖ</span> <span class='ocrx_word' id='word_1_124' title='bbox 1483 1602 1726 1669; x_wconf 80' lang='grc' dir='ltr'>ἐπελθὼν</span> <span class='ocrx_word' id='word_1_125' title='bbox 1788 1605 1957 1679; x_wconf 83' lang='grc' dir='ltr'>ἐμπο-</span> 
     </span>
    </p>
   </div>
   <div class='ocr_carea' id='block_1_18' title="bbox 303 1691 1955 1771">
    <p class='ocr_par' dir='ltr' id='par_1_18' title="bbox 303 1691 1955 1771">
     <span class='ocr_line' id='line_1_18' title="bbox 303 1691 1955 1771; baseline -0.002 -17"><span class='ocrx_word' id='word_1_126' title='bbox 303 1696 411 1754; x_wconf 84' lang='grc' dir='ltr'><strong>δὼν</strong></span> <span class='ocrx_word' id='word_1_127' title='bbox 466 1694 598 1768; x_wconf 76' lang='grc' dir='ltr'>’ἑστη</span> <span class='ocrx_word' id='word_1_128' title='bbox 658 1699 727 1770; x_wconf 74' lang='grc' dir='ltr'><strong>τῇ</strong></span> <span class='ocrx_word' id='word_1_129' title='bbox 785 1695 994 1767; x_wconf 70' lang='grc' dir='ltr'>πράξει.</span> <span class='ocrx_word' id='word_1_130' title='bbox 1054 1694 1192 1751; x_wconf 84' lang='grc' dir='ltr'>Τότε</span> <span class='ocrx_word' id='word_1_131' title='bbox 1248 1691 1295 1748; x_wconf 84' lang='grc' dir='ltr'>δ’</span> <span class='ocrx_word' id='word_1_132' title='bbox 1349 1692 1501 1758; x_wconf 75' lang='grc' dir='ltr'>αὖθις</span> <span class='ocrx_word' id='word_1_133' title='bbox 1558 1692 1955 1771; x_wconf 76' lang='grc' dir='ltr'>ἐπιθαῤῥοῦντα</span> 
     </span>
    </p>
   </div>
   <div class='ocr_carea' id='block_1_19' title="bbox 300 1781 1954 1862">
    <p class='ocr_par' dir='ltr' id='par_1_19' title="bbox 300 1781 1954 1862">
     <span class='ocr_line' id='line_1_19' title="bbox 300 1781 1954 1862; baseline -0.002 -19"><span class='ocrx_word' id='word_1_134' title='bbox 300 1792 420 1850; x_wconf 88' lang='grc' dir='ltr'>τοῖς</span> <span class='ocrx_word' id='word_1_135' title='bbox 451 1783 809 1862; x_wconf 75' lang='grc' dir='ltr'><strong>ἐγνωσμένοις</strong></span> <span class='ocrx_word' id='word_1_136' title='bbox 855 1784 929 1847; x_wconf 87' lang='grc' dir='ltr'>ὡς</span> <span class='ocrx_word' id='word_1_137' title='bbox 971 1784 1061 1838; x_wconf 76' lang='grc' dir='ltr'><strong>καὶ</strong></span> <span class='ocrx_word' id='word_1_138' title='bbox 1098 1781 1264 1838; x_wconf 84' lang='grc' dir='ltr'>πάλιν</span> <span class='ocrx_word' id='word_1_139' title='bbox 1311 1788 1502 1859; x_wconf 86' lang='grc' dir='ltr'>τυχεῖν</span> <span class='ocrx_word' id='word_1_140' title='bbox 1550 1781 1697 1839; x_wconf 77' lang='grc' dir='ltr'>ἔσται</span> <span class='ocrx_word' id='word_1_141' title='bbox 1748 1784 1802 1839; x_wconf 73' lang='grc' dir='ltr'>οἶ</span> <span class='ocrx_word' id='word_1_142' title='bbox 1852 1789 1954 1840; x_wconf 79' lang='grc' dir='ltr'><strong>τοῦ</strong></span> 
     </span>
    </p>
   </div>
   <div class='ocr_carea' id='block_1_20' title="bbox 302 1869 1955 1951">
    <p class='ocr_par' dir='ltr' id='par_1_20' title="bbox 302 1869 1955 1951">
     <span class='ocr_line' id='line_1_20' title="bbox 302 1869 1955 1951; baseline -0.002 -19"><span class='ocrx_word' id='word_1_143' title='bbox 302 1874 509 1947; x_wconf 77' lang='grc' dir='ltr'>κήδους</span> <span class='ocrx_word' id='word_1_144' title='bbox 552 1872 692 1949; x_wconf 72' lang='grc' dir='ltr'>μέγα</span> <span class='ocrx_word' id='word_1_145' title='bbox 738 1876 954 1951; x_wconf 81' lang='grc' dir='ltr'>φρονεῖν</span> <span class='ocrx_word' id='word_1_146' title='bbox 986 1874 1022 1942; x_wconf 79' lang='grc' dir='ltr'>ἡ</span> <span class='ocrx_word' id='word_1_147' title='bbox 1056 1869 1216 1935; x_wconf 76' lang='grc' dir='ltr'>ἐλπὶς</span> <span class='ocrx_word' id='word_1_148' title='bbox 1265 1871 1462 1940; x_wconf 80' lang='grc' dir='ltr'><strong>ἐποίει,</strong></span> <span class='ocrx_word' id='word_1_149' title='bbox 1510 1872 1600 1927; x_wconf 80' lang='grc' dir='ltr'>καὶ</span> <span class='ocrx_word' id='word_1_150' title='bbox 1647 1872 1955 1944; x_wconf 85' lang='grc' dir='ltr'>κατηλαζο-</span> 
     </span>
    </p>
   </div>
   <div class='ocr_carea' id='block_1_21' title="bbox 302 1960 1999 2039">
    <p class='ocr_par' dir='ltr' id='par_1_21' title="bbox 302 1960 1999 2039">
     <span class='ocr_line' id='line_1_21' title="bbox 302 1960 1999 2039; baseline -0.001 -18"><span class='ocrx_word' id='word_1_151' title='bbox 302 1965 481 2021; x_wconf 69' lang='grc' dir='ltr'>νεῦετο</span> <span class='ocrx_word' id='word_1_152' title='bbox 528 1962 664 2039; x_wconf 88' lang='grc' dir='ltr'>πρὸς</span> <span class='ocrx_word' id='word_1_153' title='bbox 719 1961 848 2025; x_wconf 78' lang='grc' dir='ltr'>τοὺς</span> <span class='ocrx_word' id='word_1_154' title='bbox 897 1960 1131 2032; x_wconf 83' lang='grc' dir='ltr'>ἄλλους,</span> <span class='ocrx_word' id='word_1_155' title='bbox 1181 1960 1271 2016; x_wconf 83' lang='grc' dir='ltr'>καὶ</span> <span class='ocrx_word' id='word_1_156' title='bbox 1332 1960 1545 2035; x_wconf 81' lang='grc' dir='ltr'>μᾶλλον</span> <span class='ocrx_word' id='word_1_157' title='bbox 1593 1961 1684 2017; x_wconf 87' lang='grc' dir='ltr'>τὸν</span> <span class='ocrx_word' id='word_1_158' title='bbox 1735 1962 1999 2019; x_wconf 77' lang='grc' dir='ltr'>αὐτανέ-“</span> 
     </span>
    </p>
   </div>
   <div class='ocr_carea' id='block_1_22' title="bbox 304 2049 1955 2131">
    <p class='ocr_par' dir='ltr' id='par_1_22' title="bbox 304 2049 1955 2131">
     <span class='ocr_line' id='line_1_22' title="bbox 304 2049 1955 2131; baseline -0.002 -21"><span class='ocrx_word' id='word_1_159' title='bbox 304 2059 450 2131; x_wconf 77' lang='grc' dir='ltr'>ψιον,</span> <span class='ocrx_word' id='word_1_160' title='bbox 508 2054 570 2116; x_wconf 78' lang='grc' dir='ltr'><strong>’ὀς</strong></span> <span class='ocrx_word' id='word_1_161' title='bbox 622 2052 689 2123; x_wconf 76' lang='grc' dir='ltr'><strong>ἦν</strong></span> <span class='ocrx_word' id='word_1_162' title='bbox 749 2053 778 2107; x_wconf 87' lang='grc' dir='ltr'>ὁ</span> <span class='ocrx_word' id='word_1_163' title='bbox 840 2053 1007 2129; x_wconf 71' lang='grc' dir='ltr'>μέγας</span> <span class='ocrx_word' id='word_1_164' title='bbox 1062 2050 1462 2123; x_wconf 79' lang='grc' dir='ltr'>κονοσταῦλος,</span> <span class='ocrx_word' id='word_1_165' title='bbox 1533 2049 1955 2131; x_wconf 72' lang='grc' dir='ltr'>διαφιλοτιμοῦ-</span> 
     </span>
    </p>
   </div>
   <div class='ocr_carea' id='block_1_23' title="bbox 310 2138 1955 2217">
    <p class='ocr_par' dir='ltr' id='par_1_23' title="bbox 310 2138 1955 2217">
     <span class='ocr_line' id='line_1_23' title="bbox 310 2138 1955 2217; baseline -0.002 -18"><span class='ocrx_word' id='word_1_166' title='bbox 310 2163 495 2217; x_wconf 86' lang='grc' dir='ltr'>μενος.</span> <span class='ocrx_word' id='word_1_167' title='bbox 524 2145 683 2207; x_wconf 84' lang='grc' dir='ltr'>Ὅθεν</span> <span class='ocrx_word' id='word_1_168' title='bbox 727 2140 823 2197; x_wconf 79' lang='grc' dir='ltr'>κάν</span> <span class='ocrx_word' id='word_1_169' title='bbox 871 2146 986 2203; x_wconf 89' lang='grc' dir='ltr'>τοῖς</span> <span class='ocrx_word' id='word_1_170' title='bbox 1038 2138 1346 2216; x_wconf 83' lang='grc' dir='ltr'>βασιλικοῖς</span> <span class='ocrx_word' id='word_1_171' title='bbox 1391 2138 1717 2217; x_wconf 85' lang='grc' dir='ltr'>προαυλίοις</span> <span class='ocrx_word' id='word_1_172' title='bbox 1763 2139 1955 2212; x_wconf 71' lang='grc' dir='ltr'>ἀνέδην</span> 
     </span>
    </p>
   </div>
   <div class='ocr_carea' id='block_1_24' title="bbox 307 2223 1959 2305">
    <p class='ocr_par' dir='ltr' id='par_1_24' title="bbox 307 2223 1959 2305">
     <span class='ocr_line' id='line_1_24' title="bbox 307 2223 1959 2305; baseline -0.001 -20"><span class='ocrx_word' id='word_1_173' title='bbox 307 2229 543 2302; x_wconf 82' lang='grc' dir='ltr'>ἐσκήνει,</span> <span class='ocrx_word' id='word_1_174' title='bbox 605 2229 694 2284; x_wconf 80' lang='grc' dir='ltr'><strong>καὶ</strong></span> <span class='ocrx_word' id='word_1_175' title='bbox 753 2230 875 2294; x_wconf 83' lang='grc' dir='ltr'><strong>καθ’</strong></span> <span class='ocrx_word' id='word_1_176' title='bbox 932 2226 1137 2299; x_wconf 77' lang='grc' dir='ltr'>ἡδονὴν</span> <span class='ocrx_word' id='word_1_177' title='bbox 1212 2223 1498 2305; x_wconf 79' lang='grc' dir='ltr'>διατριϐῆς</span> <span class='ocrx_word' id='word_1_178' title='bbox 1562 2229 1959 2303; x_wconf 76' lang='grc' dir='ltr'>ἱππαζομένοις</span> 
     </span>
    </p>
   </div>
   <div class='ocr_carea' id='block_1_25' title="bbox 304 2312 1962 2394">
    <p class='ocr_par' dir='ltr' id='par_1_25' title="bbox 304 2312 1962 2394">
     <span class='ocr_line' id='line_1_25' title="bbox 304 2312 1962 2394; baseline -0.001 -19"><span class='ocrx_word' id='word_1_179' title='bbox 304 2324 427 2381; x_wconf 85' lang='grc' dir='ltr'>τοῖς</span> <span class='ocrx_word' id='word_1_180' title='bbox 492 2316 754 2394; x_wconf 75' lang='grc' dir='ltr'>ἄρχουσιν</span> <span class='ocrx_word' id='word_1_181' title='bbox 835 2317 924 2373; x_wconf 79' lang='grc' dir='ltr'>ἐπὶ</span> <span class='ocrx_word' id='word_1_182' title='bbox 993 2321 1199 2373; x_wconf 78' lang='grc' dir='ltr'>κοντῶν</span> <span class='ocrx_word' id='word_1_183' title='bbox 1271 2312 1529 2394; x_wconf 79' lang='grc' dir='ltr'>συντριϐῇ</span> <span class='ocrx_word' id='word_1_184' title='bbox 1588 2324 1622 2388; x_wconf 81' lang='grc' dir='ltr'>ἤ</span> <span class='ocrx_word' id='word_1_185' title='bbox 1676 2319 1766 2372; x_wconf 82' lang='grc' dir='ltr'>καὶ</span> <span class='ocrx_word' id='word_1_186' title='bbox 1825 2320 1962 2374; x_wconf 77' lang='grc' dir='ltr'>κατὰ</span> 
     </span>
    </p>
   </div>
   <div class='ocr_carea' id='block_1_26' title="bbox 305 2406 1961 2487">
    <p class='ocr_par' dir='ltr' id='par_1_26' title="bbox 305 2406 1961 2487">
     <span class='ocr_line' id='line_1_26' title="bbox 305 2406 1961 2487; baseline -0.001 -23"><span class='ocrx_word' id='word_1_187' title='bbox 305 2407 553 2485; x_wconf 73' lang='grc' dir='ltr'>παίγνιον</span> <span class='ocrx_word' id='word_1_188' title='bbox 582 2407 811 2478; x_wconf 75' lang='grc' dir='ltr'>σύνηθες</span> <span class='ocrx_word' id='word_1_189' title='bbox 843 2407 989 2486; x_wconf 86' lang='grc' dir='ltr'>σφίσι</span> <span class='ocrx_word' id='word_1_190' title='bbox 1036 2414 1136 2478; x_wconf 81' lang='grc' dir='ltr'>τῆς</span> <span class='ocrx_word' id='word_1_191' title='bbox 1182 2406 1408 2487; x_wconf 75' lang='grc' dir='ltr'>σφαίρας</span> <span class='ocrx_word' id='word_1_192' title='bbox 1464 2407 1523 2462; x_wconf 75' lang='grc' dir='ltr'><strong>ἐκ</strong></span> <span class='ocrx_word' id='word_1_193' title='bbox 1574 2406 1819 2485; x_wconf 82' lang='grc' dir='ltr'>μεγάλου</span> <span class='ocrx_word' id='word_1_194' title='bbox 1866 2413 1961 2464; x_wconf 72' lang='grc' dir='ltr'><strong>τοῦ</strong></span> 
     </span>
    </p>
   </div>
   <div class='ocr_carea' id='block_1_27' title="bbox 308 2495 1962 2574">
    <p class='ocr_par' dir='ltr' id='par_1_27' title="bbox 308 2495 1962 2574">
     <span class='ocr_line' id='line_1_27' title="bbox 308 2495 1962 2574; baseline 0.001 -23"><span class='ocrx_word' id='word_1_195' title='bbox 308 2497 543 2574; x_wconf 69' lang='grc' dir='ltr'>θάρρους</span> <span class='ocrx_word' id='word_1_196' title='bbox 625 2496 990 2567; x_wconf 84' lang='grc' dir='ltr'>συνιππάζετο</span> <span class='ocrx_word' id='word_1_197' title='bbox 1044 2498 1134 2553; x_wconf 83' lang='grc' dir='ltr'><strong>καὶ</strong></span> <span class='ocrx_word' id='word_1_198' title='bbox 1189 2495 1520 2568; x_wconf 72' lang='grc' dir='ltr'>συνέπαιζεν,</span> <span class='ocrx_word' id='word_1_199' title='bbox 1588 2495 1748 2573; x_wconf 77' lang='grc' dir='ltr'>ἐγγὺς</span> <span class='ocrx_word' id='word_1_200' title='bbox 1813 2498 1962 2553; x_wconf 77' lang='grc' dir='ltr'>ἱστα-</span> 
     </span>
    </p>
   </div>
   <div class='ocr_carea' id='block_1_28' title="bbox 305 2583 1960 2663">
    <p class='ocr_par' dir='ltr' id='par_1_28' title="bbox 305 2583 1960 2663">
     <span class='ocr_line' id='line_1_28' title="bbox 305 2583 1960 2663; baseline -0.001 -20"><span class='ocrx_word' id='word_1_201' title='bbox 305 2587 495 2663; x_wconf 80' lang='grc' dir='ltr'>μέναις</span> <span class='ocrx_word' id='word_1_202' title='bbox 550 2587 638 2642; x_wconf 79' lang='grc' dir='ltr'>καὶ</span> <span class='ocrx_word' id='word_1_203' title='bbox 695 2587 932 2662; x_wconf 83' lang='grc' dir='ltr'>ὁρώσαις</span> <span class='ocrx_word' id='word_1_204' title='bbox 989 2592 1111 2649; x_wconf 87' lang='grc' dir='ltr'>ταῖς</span> <span class='ocrx_word' id='word_1_205' title='bbox 1162 2585 1433 2663; x_wconf 85' lang='grc' dir='ltr'>βασιλίσιν</span> <span class='ocrx_word' id='word_1_206' title='bbox 1496 2583 1960 2660; x_wconf 83' lang='grc' dir='ltr'>ἐπιδεικνύμενος.</span> 
     </span>
    </p>
   </div>
   <div class='ocr_carea' id='block_1_29' title="bbox 298 2785 1955 2859">
    <p class='ocr_par' dir='ltr' id='par_1_29' title="bbox 298 2785 1955 2859">
     <span class='ocr_line' id='line_1_29' title="bbox 298 2785 1955 2859; baseline -0.002 -12"><span class='ocrx_word' id='word_1_207' title='bbox 298 2793 546 2847; x_wconf 70' lang='lat' dir='ltr'><strong>Batalzaa</strong></span> <span class='ocrx_word' id='word_1_208' title='bbox 574 2791 633 2845; x_wconf 90' lang='lat' dir='ltr'><strong>et</strong></span> <span class='ocrx_word' id='word_1_209' title='bbox 662 2785 850 2845; x_wconf 86' lang='lat' dir='ltr'><strong>Pbilis</strong></span> <span class='ocrx_word' id='word_1_210' title='bbox 881 2786 1009 2855; x_wconf 80' lang='lat' dir='ltr'><strong>lilii,</strong></span> <span class='ocrx_word' id='word_1_211' title='bbox 1043 2802 1297 2859; x_wconf 91' lang='lat' dir='ltr'><strong>quorum</strong></span> <span class='ocrx_word' id='word_1_212' title='bbox 1355 2802 1571 2859; x_wconf 89' lang='lat' dir='ltr'><strong>parens</strong></span> <span class='ocrx_word' id='word_1_213' title='bbox 1608 2785 1955 2844; x_wconf 88' lang='lat' dir='ltr'><strong>Theodorus</strong></span> 
     </span>
    </p>
   </div>
   <div class='ocr_carea' id='block_1_30' title="bbox 296 2876 1951 2951">
    <p class='ocr_par' dir='ltr' id='par_1_30' title="bbox 296 2876 1951 2951">
     <span class='ocr_line' id='line_1_30' title="bbox 296 2876 1951 2951; baseline -0.002 -14"><span class='ocrx_word' id='word_1_214' title='bbox 296 2896 432 2937; x_wconf 92' lang='lat' dir='ltr'><strong>cum</strong></span> <span class='ocrx_word' id='word_1_215' title='bbox 444 2876 854 2951; x_wconf 88' lang='lat' dir='ltr'><strong>Strategopulo</strong></span> <span class='ocrx_word' id='word_1_216' title='bbox 868 2877 1135 2934; x_wconf 83' lang='lat' dir='ltr'><strong>eamdem</strong></span> <span class='ocrx_word' id='word_1_217' title='bbox 1152 2876 1225 2933; x_wconf 93' lang='lat' dir='ltr'><strong>ob</strong></span> <span class='ocrx_word' id='word_1_218' title='bbox 1248 2892 1490 2934; x_wconf 84' lang='lat' dir='ltr'><strong>causam</strong></span> <span class='ocrx_word' id='word_1_219' title='bbox 1504 2879 1825 2934; x_wconf 79' lang='lat' dir='ltr'><strong>excaecatus</strong></span> <span class='ocrx_word' id='word_1_220' title='bbox 1840 2881 1951 2947; x_wconf 90' lang='lat' dir='ltr'><strong>est,</strong></span> 
     </span>
    </p>
   </div>
   <div class='ocr_carea' id='block_1_31' title="bbox 297 2966 1949 3040">
    <p class='ocr_par' dir='ltr' id='par_1_31' title="bbox 297 2966 1949 3040">
     <span class='ocr_line' id='line_1_31' title="bbox 297 2966 1949 3040; baseline 0.001 -19"><span class='ocrx_word' id='word_1_221' title='bbox 297 2974 356 3027; x_wconf 72' lang='lat' dir='ltr'><strong>et</strong></span> <span class='ocrx_word' id='word_1_222' title='bbox 386 2984 521 3025; x_wconf 91' lang='lat' dir='ltr'><strong>cum</strong></span> <span class='ocrx_word' id='word_1_223' title='bbox 551 2966 897 3025; x_wconf 86' lang='lat' dir='ltr'><strong>Caballariis</strong></span> <span class='ocrx_word' id='word_1_224' title='bbox 953 2966 1235 3039; x_wconf 89' lang='lat' dir='ltr'><strong>Nostongi</strong></span> <span class='ocrx_word' id='word_1_225' title='bbox 1268 2983 1334 3023; x_wconf 87' lang='lat' dir='ltr'><strong>ac</strong></span> <span class='ocrx_word' id='word_1_226' title='bbox 1364 2970 1667 3040; x_wconf 79' lang='lat' dir='ltr'><strong>Camytzae,</strong></span> <span class='ocrx_word' id='word_1_227' title='bbox 1728 2968 1785 3023; x_wconf 90' lang='lat' dir='ltr'><strong>et</strong></span> <span class='ocrx_word' id='word_1_228' title='bbox 1815 2983 1949 3023; x_wconf 86' lang='lat' dir='ltr'><strong>cum</strong></span> 
     </span>
    </p>
   </div>
   <div class='ocr_carea' id='block_1_32' title="bbox 298 3055 1950 3133">
    <p class='ocr_par' dir='ltr' id='par_1_32' title="bbox 298 3055 1950 3133">
     <span class='ocr_line' id='line_1_32' title="bbox 298 3055 1950 3133; baseline -0.004 -16"><span class='ocrx_word' id='word_1_229' title='bbox 298 3057 547 3133; x_wconf 89' lang='lat' dir='ltr'><strong>Aprenis</strong></span> <span class='ocrx_word' id='word_1_230' title='bbox 569 3061 747 3129; x_wconf 90' lang='lat' dir='ltr'><strong>atque</strong></span> <span class='ocrx_word' id='word_1_231' title='bbox 764 3057 1004 3129; x_wconf 81' lang='lat' dir='ltr'><strong>Angelis</strong></span> <span class='ocrx_word' id='word_1_232' title='bbox 1019 3056 1336 3125; x_wconf 87' lang='lat' dir='ltr'><strong>Libadarii,</strong></span> <span class='ocrx_word' id='word_1_233' title='bbox 1356 3055 1777 3124; x_wconf 69' lang='lat' dir='ltr'><strong>Tarchaniotas,</strong></span> <span class='ocrx_word' id='word_1_234' title='bbox 1809 3056 1950 3112; x_wconf 92' lang='lat' dir='ltr'><strong>Phi-</strong></span> 
     </span>
    </p>
   </div>
   <div class='ocr_carea' id='block_1_33' title="bbox 2687 508 3091 587">
    <p class='ocr_par' dir='ltr' id='par_1_33' title="bbox 2687 508 3091 587">
     <span class='ocr_line' id='line_1_33' title="bbox 2687 508 3091 587; baseline 0.005 -22"><span class='ocrx_word' id='word_1_235' title='bbox 2687 508 3091 587; x_wconf 83' lang='grc' dir='ltr'>Παλαιολόγος.</span> 
     </span>
    </p>
   </div>
   <div class='ocr_carea' id='block_1_34' title="bbox 2102 617 3725 695">
    <p class='ocr_par' dir='ltr' id='par_1_34' title="bbox 2102 617 3725 695">
     <span class='ocr_line' id='line_1_34' title="bbox 2102 617 3725 695; baseline -0.002 -17"><span class='ocrx_word' id='word_1_236' title='bbox 2102 621 2286 689; x_wconf 60' lang='grc' dir='ltr'><strong>,Τὲως</strong></span> <span class='ocrx_word' id='word_1_237' title='bbox 2318 641 2381 695; x_wconf 90' lang='grc' dir='ltr'><strong>γε</strong></span> <span class='ocrx_word' id='word_1_238' title='bbox 2422 621 2555 694; x_wconf 74' lang='grc' dir='ltr'>μὴν,</span> <span class='ocrx_word' id='word_1_239' title='bbox 2604 618 2719 673; x_wconf 76' lang='grc' dir='ltr'>ἐπεὶ</span> <span class='ocrx_word' id='word_1_240' title='bbox 2769 618 2874 673; x_wconf 80' lang='grc' dir='ltr'>οὐκ</span> <span class='ocrx_word' id='word_1_241' title='bbox 2914 620 2982 688; x_wconf 77' lang='grc' dir='ltr'>ἦν</span> <span class='ocrx_word' id='word_1_242' title='bbox 3034 617 3491 695; x_wconf 84' lang='grc' dir='ltr'>ἆνεπιτρόπευτον</span> <span class='ocrx_word' id='word_1_243' title='bbox 3537 623 3725 693; x_wconf 77' lang='grc' dir='ltr'>μὲνειν</span> 
     </span>
    </p>
   </div>
   <div class='ocr_carea' id='block_1_35' title="bbox 2063 706 3731 786">
    <p class='ocr_par' dir='ltr' id='par_1_35' title="bbox 2063 706 3731 786">
     <span class='ocr_line' id='line_1_35' title="bbox 2063 706 3731 786; baseline 0 -20"><span class='ocrx_word' id='word_1_244' title='bbox 2063 710 2155 767; x_wconf 85' lang='grc' dir='ltr'>τὸν</span> <span class='ocrx_word' id='word_1_245' title='bbox 2200 708 2451 786; x_wconf 85' lang='grc' dir='ltr'>βασιλέα,</span> <span class='ocrx_word' id='word_1_246' title='bbox 2505 706 2558 763; x_wconf 78' lang='grc' dir='ltr'><strong>ἒν</strong></span> <span class='ocrx_word' id='word_1_247' title='bbox 2619 706 2847 782; x_wconf 79' lang='grc' dir='ltr'>ἀφήλιξι</span> <span class='ocrx_word' id='word_1_248' title='bbox 2898 707 3297 783; x_wconf 84' lang='grc' dir='ltr'>γνωριζόμενον</span> <span class='ocrx_word' id='word_1_249' title='bbox 3358 708 3448 764; x_wconf 82' lang='grc' dir='ltr'>καὶ</span> <span class='ocrx_word' id='word_1_250' title='bbox 3506 709 3731 766; x_wconf 79' lang='grc' dir='ltr'>ἁπαλὸν</span> 
     </span>
    </p>
   </div>
   <div class='ocr_carea' id='block_1_36' title="bbox 2060 794 3732 877">
    <p class='ocr_par' dir='ltr' id='par_1_36' title="bbox 2060 794 3732 877">
     <span class='ocr_line' id='line_1_36' title="bbox 2060 794 3732 877; baseline -0.001 -22"><span class='ocrx_word' id='word_1_251' title='bbox 2060 802 2198 877; x_wconf 76' lang='grc' dir='ltr'>ἦτορ</span> <span class='ocrx_word' id='word_1_252' title='bbox 2264 801 2535 877; x_wconf 69' lang='grc' dir='ltr'>φέροντα,</span> <span class='ocrx_word' id='word_1_253' title='bbox 2594 795 2945 860; x_wconf 80' lang='grc' dir='ltr'>συνελθόντες</span> <span class='ocrx_word' id='word_1_254' title='bbox 3004 794 3119 869; x_wconf 77' lang='grc' dir='ltr'><strong>ἅμα</strong></span> <span class='ocrx_word' id='word_1_255' title='bbox 3187 798 3241 851; x_wconf 76' lang='grc' dir='ltr'>οἱ</span> <span class='ocrx_word' id='word_1_256' title='bbox 3299 795 3354 853; x_wconf 79' lang='grc' dir='ltr'>ἐν</span> <span class='ocrx_word' id='word_1_257' title='bbox 3410 797 3557 854; x_wconf 72' lang='grc' dir='ltr'>τέλει</span> <span class='ocrx_word' id='word_1_258' title='bbox 3635 801 3732 855; x_wconf 73' lang='grc' dir='ltr'>καὶ</span> 
     </span>
    </p>
   </div>
   <div class='ocr_carea' id='block_1_37' title="bbox 2067 883 3735 967">
    <p class='ocr_par' dir='ltr' id='par_1_37' title="bbox 2067 883 3735 967">
     <span class='ocr_line' id='line_1_37' title="bbox 2067 883 3735 967; baseline 0 -22"><span class='ocrx_word' id='word_1_259' title='bbox 2067 888 2491 967; x_wconf 79' lang='grc' dir='ltr'>βουλευσάμενοι</span> <span class='ocrx_word' id='word_1_260' title='bbox 2518 888 2593 952; x_wconf 84' lang='grc' dir='ltr'>ὡς</span> <span class='ocrx_word' id='word_1_261' title='bbox 2648 885 2749 941; x_wconf 77' lang='grc' dir='ltr'>οὐκ</span> <span class='ocrx_word' id='word_1_262' title='bbox 2800 885 3035 958; x_wconf 74' lang='grc' dir='ltr'>ἀσφαλὲς</span> <span class='ocrx_word' id='word_1_263' title='bbox 3087 883 3219 960; x_wconf 80' lang='grc' dir='ltr'>δίχα</span> <span class='ocrx_word' id='word_1_264' title='bbox 3262 894 3363 958; x_wconf 81' lang='grc' dir='ltr'><strong>τῆς</strong></span> <span class='ocrx_word' id='word_1_265' title='bbox 3396 888 3735 960; x_wconf 83' lang='grc' dir='ltr'>Ἐκκλησίας</span> 
     </span>
    </p>
   </div>
   <div class='ocr_carea' id='block_1_38' title="bbox 2061 974 3727 1052">
    <p class='ocr_par' dir='ltr' id='par_1_38' title="bbox 2061 974 3727 1052">
     <span class='ocr_line' id='line_1_38' title="bbox 2061 974 3727 1052; baseline -0.001 -17"><span class='ocrx_word' id='word_1_266' title='bbox 2061 979 2151 1035; x_wconf 81' lang='grc' dir='ltr'><strong>καὶ</strong></span> <span class='ocrx_word' id='word_1_267' title='bbox 2182 982 2279 1035; x_wconf 82' lang='grc' dir='ltr'><strong>τοῦ</strong></span> <span class='ocrx_word' id='word_1_268' title='bbox 2317 978 2519 1048; x_wconf 83' lang='grc' dir='ltr'>ταύτης</span> <span class='ocrx_word' id='word_1_269' title='bbox 2578 980 2925 1052; x_wconf 84' lang='grc' dir='ltr'>προεστῶτος</span> <span class='ocrx_word' id='word_1_270' title='bbox 2983 976 3287 1051; x_wconf 76' lang='grc' dir='ltr'>(Ἂρσὲνιος</span> <span class='ocrx_word' id='word_1_271' title='bbox 3342 974 3389 1032; x_wconf 81' lang='grc' dir='ltr'><strong>δ’</strong></span> <span class='ocrx_word' id='word_1_272' title='bbox 3437 979 3604 1043; x_wconf 82' lang='grc' dir='ltr'>οὗτος</span> <span class='ocrx_word' id='word_1_273' title='bbox 3630 981 3727 1052; x_wconf 76' lang='grc' dir='ltr'>ἦν)</span> 
     </span>
    </p>
   </div>
   <div class='ocr_carea' id='block_1_39' title="bbox 2061 1063 3733 1144">
    <p class='ocr_par' dir='ltr' id='par_1_39' title="bbox 2061 1063 3733 1144">
     <span class='ocr_line' id='line_1_39' title="bbox 2061 1063 3733 1144; baseline -0.001 -19"><span class='ocrx_word' id='word_1_274' title='bbox 2061 1072 2316 1139; x_wconf 80' lang='grc' dir='ltr'>καθιστᾷν</span> <span class='ocrx_word' id='word_1_275' title='bbox 2360 1067 2427 1122; x_wconf 77' lang='grc' dir='ltr'>τὰ</span> <span class='ocrx_word' id='word_1_276' title='bbox 2471 1063 2718 1138; x_wconf 72' lang='grc' dir='ltr'>τυιαῦτα,</span> <span class='ocrx_word' id='word_1_277' title='bbox 2767 1066 2904 1136; x_wconf 79' lang='grc' dir='ltr'>πρὸς</span> <span class='ocrx_word' id='word_1_278' title='bbox 2955 1067 3050 1138; x_wconf 76' lang='grc' dir='ltr'><strong>μὲν</strong></span> <span class='ocrx_word' id='word_1_279' title='bbox 3095 1066 3186 1121; x_wconf 82' lang='grc' dir='ltr'><strong>τὸν</strong></span> <span class='ocrx_word' id='word_1_280' title='bbox 3231 1066 3284 1137; x_wconf 81' lang='grc' dir='ltr'>ἐξ</span> <span class='ocrx_word' id='word_1_281' title='bbox 3332 1068 3733 1144; x_wconf 82' lang='grc' dir='ltr'>Αύτωρειανῶν</span> 
     </span>
    </p>
   </div>
   <div class='ocr_carea' id='block_1_40' title="bbox 2062 1156 3732 1235">
    <p class='ocr_par' dir='ltr' id='par_1_40' title="bbox 2062 1156 3732 1235">
     <span class='ocr_line' id='line_1_40' title="bbox 2062 1156 3732 1235; baseline -0.007 -20"><span class='ocrx_word' id='word_1_282' title='bbox 2062 1157 2411 1235; x_wconf 82' lang='grc' dir='ltr'>πατριάρχην</span> <span class='ocrx_word' id='word_1_283' title='bbox 2493 1156 2773 1230; x_wconf 70' lang='grc' dir='ltr'>πέμπουσι</span> <span class='ocrx_word' id='word_1_284' title='bbox 2844 1157 2944 1225; x_wconf 77' lang='grc' dir='ltr'>τὴν</span> <span class='ocrx_word' id='word_1_285' title='bbox 3029 1157 3300 1230; x_wconf 79' lang='grc' dir='ltr'>ταχίστην</span> <span class='ocrx_word' id='word_1_286' title='bbox 3379 1156 3732 1230; x_wconf 65' lang='grc' dir='ltr'>μετακαλού-</span> 
     </span>
    </p>
   </div>
   <div class='ocr_carea' id='block_1_41' title="bbox 2068 1243 3734 1323">
    <p class='ocr_par' dir='ltr' id='par_1_41' title="bbox 2068 1243 3734 1323">
     <span class='ocr_line' id='line_1_41' title="bbox 2068 1243 3734 1323; baseline -0.001 -19"><span class='ocrx_word' id='word_1_287' title='bbox 2068 1270 2219 1323; x_wconf 86' lang='grc' dir='ltr'>μενοι</span> <span class='ocrx_word' id='word_1_288' title='bbox 2287 1246 2585 1317; x_wconf 82' lang='grc' dir='ltr'>Νικαίηθεν</span> <span class='ocrx_word' id='word_1_289' title='bbox 2661 1249 2877 1313; x_wconf 75' lang='grc' dir='ltr'>τοῦτον,</span> <span class='ocrx_word' id='word_1_290' title='bbox 2947 1244 3124 1300; x_wconf 76' lang='grc' dir='ltr'>αὐτῶν</span> <span class='ocrx_word' id='word_1_291' title='bbox 3199 1243 3258 1300; x_wconf 71' lang='grc' dir='ltr'><strong>δὲ</strong></span> <span class='ocrx_word' id='word_1_292' title='bbox 3328 1248 3446 1302; x_wconf 82' lang='grc' dir='ltr'><strong>καθ’</strong></span> <span class='ocrx_word' id='word_1_293' title='bbox 3500 1246 3734 1312; x_wconf 75' lang='grc' dir='ltr'>ἑαυτοὺς</span> 
     </span>
    </p>
   </div>
   <div class='ocr_carea' id='block_1_42' title="bbox 2064 1334 3737 1417">
    <p class='ocr_par' dir='ltr' id='par_1_42' title="bbox 2064 1334 3737 1417">
     <span class='ocr_line' id='line_1_42' title="bbox 2064 1334 3737 1417; baseline 0.001 -23"><span class='ocrx_word' id='word_1_294' title='bbox 2064 1338 2146 1417; x_wconf 72' lang='grc' dir='ltr'><strong>ἐφ’</strong></span> <span class='ocrx_word' id='word_1_295' title='bbox 2216 1336 2448 1413; x_wconf 75' lang='grc' dir='ltr'>ἡμέραις</span> <span class='ocrx_word' id='word_1_296' title='bbox 2528 1334 3051 1410; x_wconf 72' lang='grc' dir='ltr'>διασκεπτομένων,</span> <span class='ocrx_word' id='word_1_297' title='bbox 3131 1334 3302 1392; x_wconf 80' lang='grc' dir='ltr'>ἄλλον</span> <span class='ocrx_word' id='word_1_298' title='bbox 3390 1335 3566 1394; x_wconf 76' lang='grc' dir='ltr'>ἄλλου</span> <span class='ocrx_word' id='word_1_299' title='bbox 3652 1340 3737 1405; x_wconf 84' lang='grc' dir='ltr'><strong>είς</strong></span> 
     </span>
    </p>
   </div>
   <div class='ocr_carea' id='block_1_43' title="bbox 2062 1423 3733 1501">
    <p class='ocr_par' dir='ltr' id='par_1_43' title="bbox 2062 1423 3733 1501">
     <span class='ocr_line' id='line_1_43' title="bbox 2062 1423 3733 1501; baseline 0 -17"><span class='ocrx_word' id='word_1_300' title='bbox 2062 1427 2392 1501; x_wconf 79' lang='grc' dir='ltr'>κηδεμονίαν</span> <span class='ocrx_word' id='word_1_301' title='bbox 2454 1431 2552 1481; x_wconf 77' lang='grc' dir='ltr'><strong>τοῦ</strong></span> <span class='ocrx_word' id='word_1_302' title='bbox 2614 1423 2884 1501; x_wconf 71' lang='grc' dir='ltr'>βασιλέως</span> <span class='ocrx_word' id='word_1_303' title='bbox 2946 1431 3364 1501; x_wconf 82' lang='grc' dir='ltr'>προκρῖνοντος,</span> <span class='ocrx_word' id='word_1_304' title='bbox 3420 1429 3583 1491; x_wconf 70' lang='grc' dir='ltr'>τέλος</span> <span class='ocrx_word' id='word_1_305' title='bbox 3636 1428 3733 1484; x_wconf 77' lang='grc' dir='ltr'><strong>ἔ.πί</strong></span> 
     </span>
    </p>
   </div>
   <div class='ocr_carea' id='block_1_44' title="bbox 2061 1513 3729 1593">
    <p class='ocr_par' dir='ltr' id='par_1_44' title="bbox 2061 1513 3729 1593">
     <span class='ocr_line' id='line_1_44' title="bbox 2061 1513 3729 1593; baseline 0 -19"><span class='ocrx_word' id='word_1_306' title='bbox 2061 1517 2141 1591; x_wconf 80' lang='grc' dir='ltr'><strong>τῷ</strong></span> <span class='ocrx_word' id='word_1_307' title='bbox 2175 1516 2391 1593; x_wconf 72' lang='grc' dir='ltr'>ῥηθέντι</span> <span class='ocrx_word' id='word_1_308' title='bbox 2439 1513 2804 1591; x_wconf 82' lang='grc' dir='ltr'>Παλαιολόγῳ</span> <span class='ocrx_word' id='word_1_309' title='bbox 2844 1518 2880 1585; x_wconf 80' lang='grc' dir='ltr'>ἠ</span> <span class='ocrx_word' id='word_1_310' title='bbox 2921 1516 3078 1585; x_wconf 80' lang='grc' dir='ltr'>κοινὴ</span> <span class='ocrx_word' id='word_1_311' title='bbox 3134 1516 3316 1590; x_wconf 78' lang='grc' dir='ltr'>βουλή</span> <span class='ocrx_word' id='word_1_312' title='bbox 3361 1522 3598 1588; x_wconf 80' lang='grc' dir='ltr'>καταντᾷ</span> <span class='ocrx_word' id='word_1_313' title='bbox 3648 1519 3729 1581; x_wconf 86' lang='grc' dir='ltr'><strong>ὡς</strong></span> 
     </span>
    </p>
   </div>
   <div class='ocr_carea' id='block_1_45' title="bbox 2065 1601 3730 1682">
    <p class='ocr_par' dir='ltr' id='par_1_45' title="bbox 2065 1601 3730 1682">
     <span class='ocr_line' id='line_1_45' title="bbox 2065 1601 3730 1682; baseline -0.001 -19"><span class='ocrx_word' id='word_1_314' title='bbox 2065 1607 2228 1663; x_wconf 74' lang='grc' dir='ltr'>αὐτοῦ</span> <span class='ocrx_word' id='word_1_315' title='bbox 2277 1626 2338 1679; x_wconf 84' lang='grc' dir='ltr'>γε</span> <span class='ocrx_word' id='word_1_316' title='bbox 2380 1604 2470 1659; x_wconf 76' lang='grc' dir='ltr'>καὶ</span> <span class='ocrx_word' id='word_1_317' title='bbox 2523 1603 2692 1678; x_wconf 82' lang='grc' dir='ltr'>μόνου</span> <span class='ocrx_word' id='word_1_318' title='bbox 2741 1603 2888 1679; x_wconf 70' lang='grc' dir='ltr'>παρὰ</span> <span class='ocrx_word' id='word_1_319' title='bbox 2926 1603 3053 1666; x_wconf 73' lang='grc' dir='ltr'>τοὺς</span> <span class='ocrx_word' id='word_1_320' title='bbox 3103 1601 3310 1666; x_wconf 77' lang='grc' dir='ltr'>ἄλλους</span> <span class='ocrx_word' id='word_1_321' title='bbox 3357 1606 3549 1661; x_wconf 72' lang='grc' dir='ltr'>ἱκανοῦ</span> <span class='ocrx_word' id='word_1_322' title='bbox 3580 1608 3730 1682; x_wconf 84' lang='grc' dir='ltr'>πρὸς</span> 
     </span>
    </p>
   </div>
   <div class='ocr_carea' id='block_1_46' title="bbox 2062 1690 3727 1772">
    <p class='ocr_par' dir='ltr' id='par_1_46' title="bbox 2062 1690 3727 1772">
     <span class='ocr_line' id='line_1_46' title="bbox 2062 1690 3727 1772; baseline -0.002 -20"><span class='ocrx_word' id='word_1_323' title='bbox 2062 1701 2223 1752; x_wconf 78' lang='grc' dir='ltr'>τοῦτο</span> <span class='ocrx_word' id='word_1_324' title='bbox 2282 1693 2558 1772; x_wconf 66' lang='grc' dir='ltr'>φανέντος·</span> <span class='ocrx_word' id='word_1_325' title='bbox 2632 1692 2782 1769; x_wconf 71' lang='grc' dir='ltr'>εἴπερ</span> <span class='ocrx_word' id='word_1_326' title='bbox 2860 1692 2963 1767; x_wconf 78' lang='grc' dir='ltr'><strong>γάρ</strong></span> <span class='ocrx_word' id='word_1_327' title='bbox 3013 1690 3207 1765; x_wconf 74' lang='grc' dir='ltr'>ἄλλον,</span> <span class='ocrx_word' id='word_1_328' title='bbox 3269 1696 3727 1771; x_wconf 83' lang='grc' dir='ltr'>στρατηγικώτα-</span> 
     </span>
    </p>
   </div>
   <div class='ocr_carea' id='block_1_47' title="bbox 2062 1779 3735 1859">
    <p class='ocr_par' dir='ltr' id='par_1_47' title="bbox 2062 1779 3735 1859">
     <span class='ocr_line' id='line_1_47' title="bbox 2062 1779 3735 1859; baseline -0.001 -18"><span class='ocrx_word' id='word_1_329' title='bbox 2062 1807 2154 1842; x_wconf 88' lang='grc' dir='ltr'><strong>τον</strong></span> <span class='ocrx_word' id='word_1_330' title='bbox 2215 1786 2346 1840; x_wconf 73' lang='grc' dir='ltr'>εἶναι</span> <span class='ocrx_word' id='word_1_331' title='bbox 2403 1783 2496 1837; x_wconf 87' lang='grc' dir='ltr'><strong>τὸν</strong></span> <span class='ocrx_word' id='word_1_332' title='bbox 2554 1779 2758 1855; x_wconf 79' lang='grc' dir='ltr'>ἄνδρα,</span> <span class='ocrx_word' id='word_1_333' title='bbox 2806 1782 2897 1837; x_wconf 80' lang='grc' dir='ltr'><strong>καί</strong></span> <span class='ocrx_word' id='word_1_334' title='bbox 2955 1782 3008 1836; x_wconf 75' lang='grc' dir='ltr'>οἱ</span> <span class='ocrx_word' id='word_1_335' title='bbox 3060 1781 3120 1836; x_wconf 84' lang='grc' dir='ltr'><strong>ἐκ</strong></span> <span class='ocrx_word' id='word_1_336' title='bbox 3169 1780 3407 1837; x_wconf 88' lang='grc' dir='ltr'>παλαιοῦ</span> <span class='ocrx_word' id='word_1_337' title='bbox 3463 1781 3735 1859; x_wconf 66' lang='grc' dir='ltr'>αὔταρκες</span> 
     </span>
    </p>
   </div>
   <div class='ocr_carea' id='block_1_48' title="bbox 2066 1871 3738 1947">
    <p class='ocr_par' dir='ltr' id='par_1_48' title="bbox 2066 1871 3738 1947">
     <span class='ocr_line' id='line_1_48' title="bbox 2066 1871 3738 1947; baseline -0.001 -16"><span class='ocrx_word' id='word_1_338' title='bbox 2066 1876 2200 1932; x_wconf 75' lang='grc' dir='ltr'>εἶναι</span> <span class='ocrx_word' id='word_1_339' title='bbox 2241 1874 2303 1928; x_wconf 90' lang='grc' dir='ltr'>τὸ</span> <span class='ocrx_word' id='word_1_340' title='bbox 2336 1872 2569 1947; x_wconf 73' lang='grc' dir='ltr'>εὐγενὲς,</span> <span class='ocrx_word' id='word_1_341' title='bbox 2613 1871 2703 1926; x_wconf 84' lang='grc' dir='ltr'>καὶ</span> <span class='ocrx_word' id='word_1_342' title='bbox 2748 1871 2931 1945; x_wconf 87' lang='grc' dir='ltr'>τρίτον</span> <span class='ocrx_word' id='word_1_343' title='bbox 2979 1871 3042 1926; x_wconf 86' lang='grc' dir='ltr'>τὸ</span> <span class='ocrx_word' id='word_1_344' title='bbox 3090 1872 3225 1946; x_wconf 88' lang='grc' dir='ltr'>πρὸς</span> <span class='ocrx_word' id='word_1_345' title='bbox 3280 1871 3373 1927; x_wconf 72' lang='grc' dir='ltr'>τὸν</span> <span class='ocrx_word' id='word_1_346' title='bbox 3418 1877 3738 1947; x_wconf 81' lang='grc' dir='ltr'>κρατοῦντα</span> 
     </span>
    </p>
   </div>
   <div class='ocr_carea' id='block_1_49' title="bbox 2066 1959 3735 2041">
    <p class='ocr_par' dir='ltr' id='par_1_49' title="bbox 2066 1959 3735 2041">
     <span class='ocr_line' id='line_1_49' title="bbox 2066 1959 3735 2041; baseline -0.001 -21"><span class='ocrx_word' id='word_1_347' title='bbox 2066 1963 2312 2041; x_wconf 69' lang='grc' dir='ltr'>συγγενὲς</span> <span class='ocrx_word' id='word_1_348' title='bbox 2363 1963 2475 2035; x_wconf 80' lang='grc' dir='ltr'><strong>ἅμα</strong></span> <span class='ocrx_word' id='word_1_349' title='bbox 2527 1961 2620 2034; x_wconf 76' lang='grc' dir='ltr'><strong>μὲν</strong></span> <span class='ocrx_word' id='word_1_350' title='bbox 2671 1961 2921 2033; x_wconf 78' lang='grc' dir='ltr'>αὐτόθεν,</span> <span class='ocrx_word' id='word_1_351' title='bbox 2969 1961 3083 2034; x_wconf 81' lang='grc' dir='ltr'><strong>ἅμα</strong></span> <span class='ocrx_word' id='word_1_352' title='bbox 3132 1959 3189 2016; x_wconf 74' lang='grc' dir='ltr'><strong>δὲ</strong></span> <span class='ocrx_word' id='word_1_353' title='bbox 3231 1963 3324 2017; x_wconf 84' lang='grc' dir='ltr'><strong>καὶ</strong></span> <span class='ocrx_word' id='word_1_354' title='bbox 3374 1961 3434 2018; x_wconf 80' lang='grc' dir='ltr'><strong>ὲκ</strong></span> <span class='ocrx_word' id='word_1_355' title='bbox 3481 1970 3581 2033; x_wconf 84' lang='grc' dir='ltr'><strong>τῆς</strong></span> <span class='ocrx_word' id='word_1_356' title='bbox 3638 1986 3735 2019; x_wconf 86' lang='grc' dir='ltr'>συ-</span> 
     </span>
    </p>
   </div>
   <div class='ocr_carea' id='block_1_50' title="bbox 2070 2048 3735 2127">
    <p class='ocr_par' dir='ltr' id='par_1_50' title="bbox 2070 2048 3735 2127">
     <span class='ocr_line' id='line_1_50' title="bbox 2070 2048 3735 2127; baseline 0.001 -20"><span class='ocrx_word' id='word_1_357' title='bbox 2070 2053 2229 2127; x_wconf 82' lang='grc' dir='ltr'>ζύγου</span> <span class='ocrx_word' id='word_1_358' title='bbox 2288 2056 2409 2123; x_wconf 76' lang='grc' dir='ltr'>(τῆς</span> <span class='ocrx_word' id='word_1_359' title='bbox 2469 2051 2564 2124; x_wconf 75' lang='grc' dir='ltr'>μὶν</span> <span class='ocrx_word' id='word_1_360' title='bbox 2624 2051 2728 2125; x_wconf 83' lang='grc' dir='ltr'><strong>γάρ</strong></span> <span class='ocrx_word' id='word_1_361' title='bbox 2790 2048 3038 2126; x_wconf 80' lang='grc' dir='ltr'>δεύτερος</span> <span class='ocrx_word' id='word_1_362' title='bbox 3098 2049 3421 2125; x_wconf 69' lang='grc' dir='ltr'>αὐτανέψιος</span> <span class='ocrx_word' id='word_1_363' title='bbox 3475 2053 3570 2125; x_wconf 76' lang='grc' dir='ltr'><strong>ἦν,</strong></span> <span class='ocrx_word' id='word_1_364' title='bbox 3627 2057 3735 2108; x_wconf 77' lang='grc' dir='ltr'>τοῦ</span> 
     </span>
    </p>
   </div>
   <div class='ocr_carea' id='block_1_51' title="bbox 2069 2138 3737 2217">
    <p class='ocr_par' dir='ltr' id='par_1_51' title="bbox 2069 2138 3737 2217">
     <span class='ocr_line' id='line_1_51' title="bbox 2069 2138 3737 2217; baseline 0.001 -20"><span class='ocrx_word' id='word_1_365' title='bbox 2069 2139 2126 2197; x_wconf 74' lang='grc' dir='ltr'><strong>δὲ</strong></span> <span class='ocrx_word' id='word_1_366' title='bbox 2156 2139 2406 2217; x_wconf 79' lang='grc' dir='ltr'>δευτὲρου</span> <span class='ocrx_word' id='word_1_367' title='bbox 2455 2139 2778 2213; x_wconf 70' lang='grc' dir='ltr'>αὐτανεψίου</span> <span class='ocrx_word' id='word_1_368' title='bbox 2828 2140 2965 2213; x_wconf 76' lang='grc' dir='ltr'>υἱὸς)</span> <span class='ocrx_word' id='word_1_369' title='bbox 3014 2138 3233 2210; x_wconf 75' lang='grc' dir='ltr'>πολλὴν</span> <span class='ocrx_word' id='word_1_370' title='bbox 3281 2139 3534 2215; x_wconf 80' lang='grc' dir='ltr'>ἐμποιεῖν</span> <span class='ocrx_word' id='word_1_371' title='bbox 3577 2144 3737 2216; x_wconf 73' lang='grc' dir='ltr'>αὐτῷ</span> 
     </span>
    </p>
   </div>
   <div class='ocr_carea' id='block_1_52' title="bbox 2066 2226 3737 2307">
    <p class='ocr_par' dir='ltr' id='par_1_52' title="bbox 2066 2226 3737 2307">
     <span class='ocr_line' id='line_1_52' title="bbox 2066 2226 3737 2307; baseline 0.001 -21"><span class='ocrx_word' id='word_1_372' title='bbox 2066 2232 2167 2300; x_wconf 81' lang='grc' dir='ltr'>τὴν</span> <span class='ocrx_word' id='word_1_373' title='bbox 2229 2230 2307 2293; x_wconf 79' lang='grc' dir='ltr'>εἷς</span> <span class='ocrx_word' id='word_1_374' title='bbox 2359 2230 2421 2286; x_wconf 86' lang='grc' dir='ltr'>τὸ</span> <span class='ocrx_word' id='word_1_375' title='bbox 2475 2226 2839 2303; x_wconf 82' lang='grc' dir='ltr'>κηδεμονικὸν</span> <span class='ocrx_word' id='word_1_376' title='bbox 2899 2233 2996 2284; x_wconf 81' lang='grc' dir='ltr'><strong>τοῦ</strong></span> <span class='ocrx_word' id='word_1_377' title='bbox 3058 2228 3336 2305; x_wconf 77' lang='grc' dir='ltr'>βαφιλέως</span> <span class='ocrx_word' id='word_1_378' title='bbox 3392 2232 3545 2307; x_wconf 77' lang='grc' dir='ltr'>παρὰ</span> <span class='ocrx_word' id='word_1_379' title='bbox 3598 2232 3737 2296; x_wconf 79' lang='grc' dir='ltr'>τοὺς</span> 
     </span>
    </p>
   </div>
   <div class='ocr_carea' id='block_1_53' title="bbox 2069 2317 3738 2397">
    <p class='ocr_par' dir='ltr' id='par_1_53' title="bbox 2069 2317 3738 2397">
     <span class='ocr_line' id='line_1_53' title="bbox 2069 2317 3738 2397; baseline 0.002 -23"><span class='ocrx_word' id='word_1_380' title='bbox 2069 2318 2275 2382; x_wconf 76' lang='grc' dir='ltr'>ἄλλους</span> <span class='ocrx_word' id='word_1_381' title='bbox 2325 2319 2636 2395; x_wconf 78' lang='grc' dir='ltr'>ἐκχώρησιν</span> <span class='ocrx_word' id='word_1_382' title='bbox 2666 2362 2679 2376; x_wconf 94' lang='grc'><strong>.</strong></span> <span class='ocrx_word' id='word_1_383' title='bbox 2732 2317 2905 2376; x_wconf 74' lang='grc' dir='ltr'>Ἀλλά</span> <span class='ocrx_word' id='word_1_384' title='bbox 2958 2318 3027 2374; x_wconf 77' lang='grc' dir='ltr'><strong>τά</strong></span> <span class='ocrx_word' id='word_1_385' title='bbox 3077 2320 3169 2393; x_wconf 75' lang='grc' dir='ltr'>μὲν</span> <span class='ocrx_word' id='word_1_386' title='bbox 3222 2318 3428 2375; x_wconf 83' lang='grc' dir='ltr'>ἐκείνου</span> <span class='ocrx_word' id='word_1_387' title='bbox 3475 2322 3618 2397; x_wconf 84' lang='grc' dir='ltr'>πρὸς</span> <span class='ocrx_word' id='word_1_388' title='bbox 3669 2325 3738 2378; x_wconf 83' lang='grc' dir='ltr'>τὸ</span> 
     </span>
    </p>
   </div>
   <div class='ocr_carea' id='block_1_54' title="bbox 2070 2406 3737 2485">
    <p class='ocr_par' dir='ltr' id='par_1_54' title="bbox 2070 2406 3737 2485">
     <span class='ocr_line' id='line_1_54' title="bbox 2070 2406 3737 2485; baseline 0.001 -20"><span class='ocrx_word' id='word_1_389' title='bbox 2070 2415 2442 2485; x_wconf 66' lang='grc' dir='ltr'>προτιμᾶσθαι</span> <span class='ocrx_word' id='word_1_390' title='bbox 2498 2413 2604 2463; x_wconf 78' lang='grc' dir='ltr'><strong>τῶν</strong></span> <span class='ocrx_word' id='word_1_391' title='bbox 2660 2407 2846 2464; x_wconf 85' lang='grc' dir='ltr'>ἄλλων</span> <span class='ocrx_word' id='word_1_392' title='bbox 2906 2406 3088 2465; x_wconf 80' lang='grc' dir='ltr'>δίκαια</span> <span class='ocrx_word' id='word_1_393' title='bbox 3141 2411 3291 2465; x_wconf 74' lang='grc' dir='ltr'>ταῦτ’</span> <span class='ocrx_word' id='word_1_394' title='bbox 3347 2412 3510 2485; x_wconf 77' lang='grc' dir='ltr'>ἦσαν,</span> <span class='ocrx_word' id='word_1_395' title='bbox 3568 2411 3660 2466; x_wconf 75' lang='grc' dir='ltr'>καὶ</span> <span class='ocrx_word' id='word_1_396' title='bbox 3705 2414 3737 2467; x_wconf 81' lang='grc' dir='ltr'><strong>ὁ</strong></span> 
     </span>
    </p>
   </div>
   <div class='ocr_carea' id='block_1_55' title="bbox 2076 2494 3743 2578">
    <p class='ocr_par' dir='ltr' id='par_1_55' title="bbox 2076 2494 3743 2578">
     <span class='ocr_line' id='line_1_55' title="bbox 2076 2494 3743 2578; baseline 0.002 -24"><span class='ocrx_word' id='word_1_397' title='bbox 2076 2500 2205 2574; x_wconf 70' lang='grc' dir='ltr'>ὑπὲρ</span> <span class='ocrx_word' id='word_1_398' title='bbox 2268 2497 2473 2553; x_wconf 81' lang='grc' dir='ltr'>ἐκείνου</span> <span class='ocrx_word' id='word_1_399' title='bbox 2547 2496 2723 2574; x_wconf 73' lang='grc' dir='ltr'>λέγων</span> <span class='ocrx_word' id='word_1_400' title='bbox 2797 2501 2969 2553; x_wconf 79' lang='grc' dir='ltr'>ταῦτα</span> <span class='ocrx_word' id='word_1_401' title='bbox 3037 2494 3447 2574; x_wconf 77' lang='grc' dir='ltr'>προύϐάλλετο·</span> <span class='ocrx_word' id='word_1_402' title='bbox 3500 2522 3743 2578; x_wconf 85' lang='grc' dir='ltr'>παρεχει</span> 
     </span>
    </p>
   </div>
   <div class='ocr_carea' id='block_1_56' title="bbox 2075 2585 3743 2667">
    <p class='ocr_par' dir='ltr' id='par_1_56' title="bbox 2075 2585 3743 2667">
     <span class='ocr_line' id='line_1_56' title="bbox 2075 2585 3743 2667; baseline 0.002 -24"><span class='ocrx_word' id='word_1_403' title='bbox 2075 2586 2132 2643; x_wconf 77' lang='grc' dir='ltr'><strong>δὲ</strong></span> <span class='ocrx_word' id='word_1_404' title='bbox 2182 2586 2271 2642; x_wconf 83' lang='grc' dir='ltr'>καὶ</span> <span class='ocrx_word' id='word_1_405' title='bbox 2328 2587 2389 2641; x_wconf 85' lang='grc' dir='ltr'>τὸ</span> <span class='ocrx_word' id='word_1_406' title='bbox 2465 2585 2609 2649; x_wconf 80' lang='grc' dir='ltr'>εἰκὸς</span> <span class='ocrx_word' id='word_1_407' title='bbox 2686 2585 2881 2641; x_wconf 80' lang='grc' dir='ltr'>ἐννοεῖν</span> <span class='ocrx_word' id='word_1_408' title='bbox 2958 2587 3032 2649; x_wconf 86' lang='grc' dir='ltr'>ὡς</span> <span class='ocrx_word' id='word_1_409' title='bbox 3087 2587 3337 2651; x_wconf 82' lang='grc' dir='ltr'>κάκεῖνος</span> <span class='ocrx_word' id='word_1_410' title='bbox 3387 2590 3450 2645; x_wconf 80' lang='grc' dir='ltr'>τὸ</span> <span class='ocrx_word' id='word_1_411' title='bbox 3500 2595 3743 2667; x_wconf 73' lang='grc' dir='ltr'>πρᾶγμα</span> 
     </span>
    </p>
   </div>
   <div class='ocr_carea' id='block_1_57' title="bbox 2064 2786 3737 2862">
    <p class='ocr_par' dir='ltr' id='par_1_57' title="bbox 2064 2786 3737 2862">
     <span class='ocr_line' id='line_1_57' title="bbox 2064 2786 3737 2862; baseline 0.004 -19"><span class='ocrx_word' id='word_1_412' title='bbox 2064 2788 2279 2845; x_wconf 81' lang='lat' dir='ltr'><strong>tutoris</strong></span> <span class='ocrx_word' id='word_1_413' title='bbox 2310 2786 2679 2861; x_wconf 76' lang='lat' dir='ltr'><strong>providentia</strong></span> <span class='ocrx_word' id='word_1_414' title='bbox 2722 2787 3047 2845; x_wconf 85' lang='lat' dir='ltr'><strong>destitutus</strong></span> <span class='ocrx_word' id='word_1_415' title='bbox 3078 2787 3355 2862; x_wconf 83' lang='lat' dir='ltr'><strong>relinqui,</strong></span> <span class='ocrx_word' id='word_1_416' title='bbox 3388 2791 3462 2846; x_wconf 89' lang='lat' dir='ltr'><strong>ad</strong></span> <span class='ocrx_word' id='word_1_417' title='bbox 3494 2790 3737 2849; x_wconf 83' lang='lat' dir='ltr'><strong>electio-</strong></span> 
     </span>
    </p>
   </div>
   <div class='ocr_carea' id='block_1_58' title="bbox 2068 2876 3736 2952">
    <p class='ocr_par' dir='ltr' id='par_1_58' title="bbox 2068 2876 3736 2952">
     <span class='ocr_line' id='line_1_58' title="bbox 2068 2876 3736 2952; baseline 0.004 -19"><span class='ocrx_word' id='word_1_418' title='bbox 2068 2893 2201 2933; x_wconf 88' lang='lat' dir='ltr'><strong>nem</strong></span> <span class='ocrx_word' id='word_1_419' title='bbox 2236 2876 2359 2948; x_wconf 92' lang='lat' dir='ltr'><strong>apti</strong></span> <span class='ocrx_word' id='word_1_420' title='bbox 2411 2877 2484 2933; x_wconf 89' lang='lat' dir='ltr'><strong>ad</strong></span> <span class='ocrx_word' id='word_1_421' title='bbox 2532 2877 2593 2931; x_wconf 90' lang='lat' dir='ltr'><strong>id</strong></span> <span class='ocrx_word' id='word_1_422' title='bbox 2639 2893 2857 2933; x_wconf 88' lang='lat' dir='ltr'><strong>munus</strong></span> <span class='ocrx_word' id='word_1_423' title='bbox 2887 2882 3165 2935; x_wconf 89' lang='lat' dir='ltr'><strong>coeuntes</strong></span> <span class='ocrx_word' id='word_1_424' title='bbox 3215 2895 3431 2952; x_wconf 88' lang='lat' dir='ltr'><strong>magno</strong></span> <span class='ocrx_word' id='word_1_425' title='bbox 3479 2898 3736 2940; x_wconf 88' lang='lat' dir='ltr'><strong>numero</strong></span> 
     </span>
    </p>
   </div>
   <div class='ocr_carea' id='block_1_59' title="bbox 2068 2965 3737 3041">
    <p class='ocr_par' dir='ltr' id='par_1_59' title="bbox 2068 2965 3737 3041">
     <span class='ocr_line' id='line_1_59' title="bbox 2068 2965 3737 3041; baseline 0.004 -20"><span class='ocrx_word' id='word_1_426' title='bbox 2068 2965 2349 3038; x_wconf 63' lang='lat' dir='ltr'><strong>praecipui</strong></span> <span class='ocrx_word' id='word_1_427' title='bbox 2399 2965 2614 3037; x_wconf 89' lang='lat' dir='ltr'>quippe</span> <span class='ocrx_word' id='word_1_428' title='bbox 2644 2965 3026 3038; x_wconf 89' lang='lat' dir='ltr'><strong>magistratus</strong></span> <span class='ocrx_word' id='word_1_429' title='bbox 3055 2972 3230 3039; x_wconf 89' lang='lat' dir='ltr'><strong>atque</strong></span> <span class='ocrx_word' id='word_1_430' title='bbox 3264 2967 3416 3024; x_wconf 72' lang='lat' dir='ltr'><strong>aulzn</strong></span> <span class='ocrx_word' id='word_1_431' title='bbox 3455 2985 3737 3041; x_wconf 79' lang='lat' dir='ltr'><strong>proceres</strong></span> 
     </span>
    </p>
   </div>
   <div class='ocr_carea' id='block_1_60' title="bbox 2059 3054 3733 3128">
    <p class='ocr_par' dir='ltr' id='par_1_60' title="bbox 2059 3054 3733 3128">
     <span class='ocr_line' id='line_1_60' title="bbox 2059 3054 3733 3128; baseline 0.002 -17"><span class='ocrx_word' id='word_1_432' title='bbox 2059 3054 2799 3111; x_wconf 85' lang='lat' dir='ltr'><strong>anteomniadecreverunt</strong></span> <span class='ocrx_word' id='word_1_433' title='bbox 2819 3055 3280 3128; x_wconf 82' lang='lat' dir='ltr'><strong>haudquaquam</strong></span> <span class='ocrx_word' id='word_1_434' title='bbox 3308 3062 3504 3115; x_wconf 91' lang='lat' dir='ltr'><strong>tutum</strong></span> <span class='ocrx_word' id='word_1_435' title='bbox 3539 3059 3733 3117; x_wconf 84' lang='lat' dir='ltr'><strong>videri</strong></span> 
     </span>
    </p>
   </div>
   <div class='ocr_carea' id='block_1_61' title="bbox 299 3144 3735 3220">
    <p class='ocr_par' dir='ltr' id='par_1_61' title="bbox 299 3144 3735 3220">
     <span class='ocr_line' id='line_1_61' title="bbox 299 3144 3735 3220; baseline 0 -15"><span class='ocrx_word' id='word_1_436' title='bbox 299 3146 676 3220; x_wconf 86' lang='lat' dir='ltr'><strong>lanthropeni</strong></span> <span class='ocrx_word' id='word_1_437' title='bbox 694 3148 753 3203; x_wconf 87' lang='lat' dir='ltr'><strong>et</strong></span> <span class='ocrx_word' id='word_1_438' title='bbox 774 3144 1001 3202; x_wconf 87' lang='lat' dir='ltr'><strong>nobiles</strong></span> <span class='ocrx_word' id='word_1_439' title='bbox 1021 3145 1410 3201; x_wconf 86' lang='lat' dir='ltr'><strong>Cantacuzeni</strong></span> <span class='ocrx_word' id='word_1_440' title='bbox 1436 3163 1449 3214; x_wconf 89' lang='lat'>;</span> <span class='ocrx_word' id='word_1_441' title='bbox 1480 3150 1606 3201; x_wconf 91' lang='lat' dir='ltr'><strong>tum</strong></span> <span class='ocrx_word' id='word_1_442' title='bbox 1626 3145 1675 3203; x_wconf 92' lang='lat' dir='ltr'><strong>si</strong></span> <span class='ocrx_word' id='word_1_443' title='bbox 1695 3146 1793 3218; x_wconf 90' lang='lat' dir='ltr'><strong>qui</strong></span> <span class='ocrx_word' id='word_1_444' title='bbox 1823 3145 1946 3217; x_wconf 83' lang='lat' dir='ltr'><strong>alii,</strong></span> <span class='ocrx_word' id='word_1_445' title='bbox 1987 3150 2030 3214; x_wconf 65' lang='grc' dir='ltr'><strong>(ζ,</strong></span> <span class='ocrx_word' id='word_1_446' title='bbox 2068 3148 2236 3200; x_wconf 86' lang='lat' dir='ltr'><strong>tanta</strong></span> <span class='ocrx_word' id='word_1_447' title='bbox 2266 3145 2337 3200; x_wconf 92' lang='lat' dir='ltr'><strong>de</strong></span> <span class='ocrx_word' id='word_1_448' title='bbox 2368 3160 2429 3200; x_wconf 91' lang='lat' dir='ltr'><strong>re</strong></span> <span class='ocrx_word' id='word_1_449' title='bbox 2460 3147 2716 3201; x_wconf 85' lang='lat' dir='ltr'><strong>statuere</strong></span> <span class='ocrx_word' id='word_1_450' title='bbox 2735 3144 2861 3201; x_wconf 90' lang='lat' dir='ltr'><strong>sine</strong></span> <span class='ocrx_word' id='word_1_451' title='bbox 2892 3144 3033 3201; x_wconf 91' lang='lat' dir='ltr'><strong>cleri</strong></span> <span class='ocrx_word' id='word_1_452' title='bbox 3063 3151 3120 3201; x_wconf 93' lang='lat' dir='ltr'><strong>et</strong></span> <span class='ocrx_word' id='word_1_453' title='bbox 3133 3146 3400 3203; x_wconf 74' lang='lat' dir='ltr'><strong>Ecclesim</strong></span> <span class='ocrx_word' id='word_1_454' title='bbox 3430 3164 3735 3207; x_wconf 83' lang='lat' dir='ltr'><strong>consensu</strong></span> 
     </span>
    </p>
   </div>
   <div class='ocr_carea' id='block_1_62' title="bbox 306 3234 1961 3310">
    <p class='ocr_par' dir='ltr' id='par_1_62' title="bbox 306 3234 1961 3310">
     <span class='ocr_line' id='line_1_62' title="bbox 306 3234 1961 3310; baseline -0.001 -17"><span class='ocrx_word' id='word_1_455' title='bbox 306 3237 526 3310; x_wconf 88' lang='lat' dir='ltr'><strong>quibus</strong></span> <span class='ocrx_word' id='word_1_456' title='bbox 556 3234 658 3292; x_wconf 93' lang='lat' dir='ltr'><strong>illa</strong></span> <span class='ocrx_word' id='word_1_457' title='bbox 690 3234 1003 3308; x_wconf 83' lang='lat' dir='ltr'><strong>magniﬁca</strong></span> <span class='ocrx_word' id='word_1_458' title='bbox 1024 3234 1208 3291; x_wconf 89' lang='lat' dir='ltr'><strong>series</strong></span> <span class='ocrx_word' id='word_1_459' title='bbox 1239 3239 1297 3291; x_wconf 91' lang='lat' dir='ltr'><strong>et</strong></span> <span class='ocrx_word' id='word_1_460' title='bbox 1317 3234 1487 3307; x_wconf 90' lang='lat' dir='ltr'><strong>quasi</strong></span> <span class='ocrx_word' id='word_1_461' title='bbox 1507 3252 1685 3291; x_wconf 91' lang='lat' dir='ltr'><strong>aurea</strong></span> <span class='ocrx_word' id='word_1_462' title='bbox 1714 3234 1961 3292; x_wconf 91' lang='lat' dir='ltr'><strong>nobilis-</strong></span> 
     </span>
    </p>
   </div>
   <div class='ocr_carea' id='block_1_63' title="bbox 311 3325 1957 3398">
    <p class='ocr_par' dir='ltr' id='par_1_63' title="bbox 311 3325 1957 3398">
     <span class='ocr_line' id='line_1_63' title="bbox 311 3325 1957 3398; baseline -0.001 -15"><span class='ocrx_word' id='word_1_463' title='bbox 311 3327 598 3384; x_wconf 89' lang='lat' dir='ltr'><strong>simorum</strong></span> <span class='ocrx_word' id='word_1_464' title='bbox 660 3341 962 3398; x_wconf 87' lang='lat' dir='ltr'><strong>procerum</strong></span> <span class='ocrx_word' id='word_1_465' title='bbox 1010 3340 1227 3380; x_wconf 87' lang='lat' dir='ltr'><strong>corona</strong></span> <span class='ocrx_word' id='word_1_466' title='bbox 1256 3326 1584 3381; x_wconf 79' lang='lat' dir='ltr'><strong>constabat.</strong></span> <span class='ocrx_word' id='word_1_467' title='bbox 1620 3325 1957 3397; x_wconf 86' lang='lat' dir='ltr'><strong>Nostongus</strong></span> 
     </span>
    </p>
   </div>
   <div class='ocr_carea' id='block_1_64' title="bbox 306 3413 1955 3487">
    <p class='ocr_par' dir='ltr' id='par_1_64' title="bbox 306 3413 1955 3487">
     <span class='ocr_line' id='line_1_64' title="bbox 306 3413 1955 3487; baseline -0.002 -15"><span class='ocrx_word' id='word_1_468' title='bbox 306 3417 462 3472; x_wconf 91' lang='lat' dir='ltr'><strong>inter</strong></span> <span class='ocrx_word' id='word_1_469' title='bbox 491 3432 589 3472; x_wconf 89' lang='lat' dir='ltr'><strong>eos</strong></span> <span class='ocrx_word' id='word_1_470' title='bbox 622 3414 905 3487; x_wconf 82' lang='lat' dir='ltr'><strong>Georgius</strong></span> <span class='ocrx_word' id='word_1_471' title='bbox 934 3413 1327 3471; x_wconf 59' lang='lat' dir='ltr'><strong>aemulationis</strong></span> <span class='ocrx_word' id='word_1_472' title='bbox 1358 3415 1691 3471; x_wconf 85' lang='lat' dir='ltr'><strong>communis</strong></span> <span class='ocrx_word' id='word_1_473' title='bbox 1712 3416 1955 3471; x_wconf 92' lang='lat' dir='ltr'><strong>modum</strong></span> 
     </span>
    </p>
   </div>
   <div class='ocr_carea' id='block_1_65' title="bbox 306 3503 1950 3579">
    <p class='ocr_par' dir='ltr' id='par_1_65' title="bbox 306 3503 1950 3579">
     <span class='ocr_line' id='line_1_65' title="bbox 306 3503 1950 3579; baseline -0.002 -17"><span class='ocrx_word' id='word_1_474' title='bbox 306 3504 588 3579; x_wconf 86' lang='lat' dir='ltr'><strong>peculiari</strong></span> <span class='ocrx_word' id='word_1_475' title='bbox 612 3503 952 3560; x_wconf 84' lang='lat' dir='ltr'><strong>ambitionis</strong></span> <span class='ocrx_word' id='word_1_476' title='bbox 973 3503 1308 3573; x_wconf 76' lang='lat' dir='ltr'><strong>arrogantia</strong></span> <span class='ocrx_word' id='word_1_477' title='bbox 1329 3504 1667 3576; x_wconf 83' lang='lat' dir='ltr'><strong>superabat,</strong></span> <span class='ocrx_word' id='word_1_478' title='bbox 1690 3520 1756 3560; x_wconf 91' lang='lat' dir='ltr'><strong>eo</strong></span> <span class='ocrx_word' id='word_1_479' title='bbox 1775 3504 1950 3559; x_wconf 80' lang='lat' dir='ltr'><strong>maxi-</strong></span> 
     </span>
    </p>
   </div>
   <div class='ocr_carea' id='block_1_66' title="bbox 306 3591 1956 3667">
    <p class='ocr_par' dir='ltr' id='par_1_66' title="bbox 306 3591 1956 3667">
     <span class='ocr_line' id='line_1_66' title="bbox 306 3591 1956 3667; baseline -0.002 -16"><span class='ocrx_word' id='word_1_480' title='bbox 306 3611 401 3653; x_wconf 91' lang='lat' dir='ltr'><strong>me</strong></span> <span class='ocrx_word' id='word_1_481' title='bbox 422 3594 481 3650; x_wconf 88' lang='lat' dir='ltr'><strong>in</strong></span> <span class='ocrx_word' id='word_1_482' title='bbox 511 3594 851 3667; x_wconf 88' lang='lat' dir='ltr'><strong>superbiam</strong></span> <span class='ocrx_word' id='word_1_483' title='bbox 884 3592 1072 3649; x_wconf 87' lang='lat' dir='ltr'><strong>elatus</strong></span> <span class='ocrx_word' id='word_1_484' title='bbox 1097 3593 1252 3664; x_wconf 90' lang='lat' dir='ltr'><strong>quod</strong></span> <span class='ocrx_word' id='word_1_485' title='bbox 1283 3591 1603 3664; x_wconf 84' lang='lat' dir='ltr'><strong>imperator</strong></span> <span class='ocrx_word' id='word_1_486' title='bbox 1644 3592 1837 3649; x_wconf 90' lang='lat' dir='ltr'><strong>adhuc</strong></span> <span class='ocrx_word' id='word_1_487' title='bbox 1867 3593 1956 3648; x_wconf 87' lang='lat' dir='ltr'><strong>vi-</strong></span> 
     </span>
    </p>
   </div>
   <div class='ocr_carea' id='block_1_67' title="bbox 304 3680 1955 3750">
    <p class='ocr_par' dir='ltr' id='par_1_67' title="bbox 304 3680 1955 3750">
     <span class='ocr_line' id='line_1_67' title="bbox 304 3680 1955 3750; baseline -0.002 -8"><span class='ocrx_word' id='word_1_488' title='bbox 304 3701 451 3742; x_wconf 86' lang='lat' dir='ltr'><strong>vens</strong></span> <span class='ocrx_word' id='word_1_489' title='bbox 484 3682 667 3740; x_wconf 84' lang='lat' dir='ltr'><strong>ﬁliam</strong></span> <span class='ocrx_word' id='word_1_490' title='bbox 687 3682 776 3738; x_wconf 91' lang='lat' dir='ltr'><strong>illi</strong></span> <span class='ocrx_word' id='word_1_491' title='bbox 797 3680 1086 3738; x_wconf 88' lang='lat' dir='ltr'><strong>collocare</strong></span> <span class='ocrx_word' id='word_1_492' title='bbox 1115 3682 1175 3737; x_wconf 92' lang='lat' dir='ltr'><strong>in</strong></span> <span class='ocrx_word' id='word_1_493' title='bbox 1194 3682 1572 3738; x_wconf 87' lang='lat' dir='ltr'><strong>matrimonio</strong></span> <span class='ocrx_word' id='word_1_494' title='bbox 1604 3682 1955 3750; x_wconf 80' lang='lat' dir='ltr'><strong>decreverat,</strong></span> 
     </span>
    </p>
   </div>
   <div class='ocr_carea' id='block_1_68' title="bbox 305 3770 1959 3844">
    <p class='ocr_par' dir='ltr' id='par_1_68' title="bbox 305 3770 1959 3844">
     <span class='ocr_line' id='line_1_68' title="bbox 305 3770 1959 3844; baseline -0.004 -10"><span class='ocrx_word' id='word_1_495' title='bbox 305 3781 362 3834; x_wconf 89' lang='lat' dir='ltr'><strong>et</strong></span> <span class='ocrx_word' id='word_1_496' title='bbox 393 3774 613 3831; x_wconf 88' lang='lat' dir='ltr'><strong>multos</strong></span> <span class='ocrx_word' id='word_1_497' title='bbox 642 3771 819 3829; x_wconf 82' lang='lat' dir='ltr'><strong>istius</strong></span> <span class='ocrx_word' id='word_1_498' title='bbox 850 3771 943 3828; x_wconf 92' lang='lat' dir='ltr'><strong>sui</strong></span> <span class='ocrx_word' id='word_1_499' title='bbox 978 3770 1211 3827; x_wconf 91' lang='lat' dir='ltr'><strong>consilii</strong></span> <span class='ocrx_word' id='word_1_500' title='bbox 1262 3771 1576 3844; x_wconf 83' lang='lat' dir='ltr'><strong>participes</strong></span> <span class='ocrx_word' id='word_1_501' title='bbox 1633 3774 1867 3829; x_wconf 75' lang='lat' dir='ltr'><strong>iecerat.</strong></span> <span class='ocrx_word' id='word_1_502' title='bbox 1900 3778 1959 3829; x_wconf 89' lang='lat' dir='ltr'><strong>et</strong></span> 
     </span>
    </p>
   </div>
   <div class='ocr_carea' id='block_1_69' title="bbox 305 3860 1952 3931">
    <p class='ocr_par' dir='ltr' id='par_1_69' title="bbox 305 3860 1952 3931">
     <span class='ocr_line' id='line_1_69' title="bbox 305 3860 1952 3931; baseline -0.002 -9"><span class='ocrx_word' id='word_1_503' title='bbox 305 3863 546 3922; x_wconf 85' lang='lat' dir='ltr'><strong>omnino</strong></span> <span class='ocrx_word' id='word_1_504' title='bbox 604 3862 998 3919; x_wconf 84' lang='lat' dir='ltr'><strong>mandaturus</strong></span> <span class='ocrx_word' id='word_1_505' title='bbox 1051 3860 1410 3917; x_wconf 84' lang='lat' dir='ltr'><strong>exsecutioni</strong></span> <span class='ocrx_word' id='word_1_506' title='bbox 1436 3878 1558 3917; x_wconf 91' lang='lat' dir='ltr'><strong>rem</strong></span> <span class='ocrx_word' id='word_1_507' title='bbox 1582 3878 1711 3918; x_wconf 89' lang='lat' dir='ltr'><strong>eam</strong></span> <span class='ocrx_word' id='word_1_508' title='bbox 1742 3862 1952 3931; x_wconf 82' lang='lat' dir='ltr'><strong>fuerat,</strong></span> 
     </span>
    </p>
   </div>
   <div class='ocr_carea' id='block_1_70' title="bbox 306 3951 1954 4024">
    <p class='ocr_par' dir='ltr' id='par_1_70' title="bbox 306 3951 1954 4024">
     <span class='ocr_line' id='line_1_70' title="bbox 306 3951 1954 4024; baseline -0.002 -12"><span class='ocrx_word' id='word_1_509' title='bbox 306 3955 421 4013; x_wconf 89' lang='lat' dir='ltr'><strong>nisi</strong></span> <span class='ocrx_word' id='word_1_510' title='bbox 455 3958 641 4011; x_wconf 86' lang='lat' dir='ltr'><strong>morte</strong></span> <span class='ocrx_word' id='word_1_511' title='bbox 659 3951 866 4009; x_wconf 83' lang='lat' dir='ltr'><strong>fuisset</strong></span> <span class='ocrx_word' id='word_1_512' title='bbox 888 3953 1347 4024; x_wconf 63' lang='lat' dir='ltr'><strong>praeoccupatus.</strong></span> <span class='ocrx_word' id='word_1_513' title='bbox 1381 3956 1558 4007; x_wconf 90' lang='lat' dir='ltr'><strong>Porro</strong></span> <span class='ocrx_word' id='word_1_514' title='bbox 1588 3954 1731 4007; x_wconf 91' lang='lat' dir='ltr'><strong>tunc</strong></span> <span class='ocrx_word' id='word_1_515' title='bbox 1762 3952 1954 4008; x_wconf 89' lang='lat' dir='ltr'><strong>adhuc</strong></span> 
     </span>
    </p>
   </div>
   <div class='ocr_carea' id='block_1_71' title="bbox 306 4040 1956 4118">
    <p class='ocr_par' dir='ltr' id='par_1_71' title="bbox 306 4040 1956 4118">
     <span class='ocr_line' id='line_1_71' title="bbox 306 4040 1956 4118; baseline -0.004 -15"><span class='ocrx_word' id='word_1_516' title='bbox 306 4044 591 4118; x_wconf 85' lang='lat' dir='ltr'><strong>Georgius</strong></span> <span class='ocrx_word' id='word_1_517' title='bbox 621 4042 680 4099; x_wconf 92' lang='lat' dir='ltr'><strong>in</strong></span> <span class='ocrx_word' id='word_1_518' title='bbox 711 4057 778 4098; x_wconf 90' lang='lat' dir='ltr'><strong>ea</strong></span> <span class='ocrx_word' id='word_1_519' title='bbox 809 4044 1081 4114; x_wconf 88' lang='lat' dir='ltr'><strong>perstans</strong></span> <span class='ocrx_word' id='word_1_520' title='bbox 1113 4040 1332 4096; x_wconf 83' lang='lat' dir='ltr'><strong>ﬁducia</strong></span> <span class='ocrx_word' id='word_1_521' title='bbox 1380 4040 1746 4114; x_wconf 66' lang='lat' dir='ltr'><strong>perﬁcienda:</strong></span> <span class='ocrx_word' id='word_1_522' title='bbox 1778 4041 1956 4113; x_wconf 89' lang='lat' dir='ltr'><strong>hujus</strong></span> 
     </span>
    </p>
   </div>
   <div class='ocr_carea' id='block_1_72' title="bbox 307 4129 1952 4204">
    <p class='ocr_par' dir='ltr' id='par_1_72' title="bbox 307 4129 1952 4204">
     <span class='ocr_line' id='line_1_72' title="bbox 307 4129 1952 4204; baseline -0.003 -13"><span class='ocrx_word' id='word_1_523' title='bbox 307 4133 612 4191; x_wconf 79' lang='lat' dir='ltr'><strong>afﬁnitatis</strong></span> <span class='ocrx_word' id='word_1_524' title='bbox 634 4133 761 4204; x_wconf 86' lang='lat' dir='ltr'><strong>jam</strong></span> <span class='ocrx_word' id='word_1_525' title='bbox 796 4135 931 4187; x_wconf 88' lang='lat' dir='ltr'><strong>ante</strong></span> <span class='ocrx_word' id='word_1_526' title='bbox 961 4129 1289 4198; x_wconf 71' lang='lat' dir='ltr'><strong>destinatas,</strong></span> <span class='ocrx_word' id='word_1_527' title='bbox 1322 4130 1436 4186; x_wconf 86' lang='lat' dir='ltr'><strong>ista</strong></span> <span class='ocrx_word' id='word_1_528' title='bbox 1464 4129 1594 4203; x_wconf 89' lang='lat' dir='ltr'><strong>ipsa</strong></span> <span class='ocrx_word' id='word_1_529' title='bbox 1636 4147 1739 4203; x_wconf 91' lang='lat' dir='ltr'><strong>spe</strong></span> <span class='ocrx_word' id='word_1_530' title='bbox 1768 4130 1826 4185; x_wconf 90' lang='lat' dir='ltr'><strong>in</strong></span> <span class='ocrx_word' id='word_1_531' title='bbox 1860 4134 1952 4187; x_wconf 89' lang='lat' dir='ltr'><strong>tu-</strong></span> 
     </span>
    </p>
   </div>
   <div class='ocr_carea' id='block_1_73' title="bbox 306 4219 1955 4292">
    <p class='ocr_par' dir='ltr' id='par_1_73' title="bbox 306 4219 1955 4292">
     <span class='ocr_line' id='line_1_73' title="bbox 306 4219 1955 4292; baseline -0.002 -13"><span class='ocrx_word' id='word_1_532' title='bbox 306 4238 530 4279; x_wconf 91' lang='lat' dir='ltr'><strong>morem</strong></span> <span class='ocrx_word' id='word_1_533' title='bbox 550 4238 668 4277; x_wconf 91' lang='lat' dir='ltr'><strong>non</strong></span> <span class='ocrx_word' id='word_1_534' title='bbox 691 4219 989 4276; x_wconf 91' lang='lat' dir='ltr'><strong>modicum</strong></span> <span class='ocrx_word' id='word_1_535' title='bbox 1012 4219 1355 4290; x_wconf 88' lang='lat' dir='ltr'><strong>inﬂabatur,</strong></span> <span class='ocrx_word' id='word_1_536' title='bbox 1378 4236 1512 4275; x_wconf 91' lang='lat' dir='ltr'><strong>cum</strong></span> <span class='ocrx_word' id='word_1_537' title='bbox 1534 4219 1681 4276; x_wconf 91' lang='lat' dir='ltr'><strong>alios</strong></span> <span class='ocrx_word' id='word_1_538' title='bbox 1705 4220 1955 4292; x_wconf 88' lang='lat' dir='ltr'><strong>superbe</strong></span> 
     </span>
    </p>
   </div>
   <div class='ocr_carea' id='block_1_74' title="bbox 305 4309 1955 4384">
    <p class='ocr_par' dir='ltr' id='par_1_74' title="bbox 305 4309 1955 4384">
     <span class='ocr_line' id='line_1_74' title="bbox 305 4309 1955 4384; baseline -0.002 -14"><span class='ocrx_word' id='word_1_539' title='bbox 305 4310 656 4384; x_wconf 87' lang='lat' dir='ltr'><strong>despiciens,</strong></span> <span class='ocrx_word' id='word_1_540' title='bbox 689 4313 817 4365; x_wconf 89' lang='lat' dir='ltr'><strong>tum</strong></span> <span class='ocrx_word' id='word_1_541' title='bbox 848 4309 1045 4383; x_wconf 91' lang='lat' dir='ltr'><strong>ipsum</strong></span> <span class='ocrx_word' id='word_1_542' title='bbox 1077 4309 1330 4364; x_wconf 87' lang='lat' dir='ltr'><strong>maxime</strong></span> <span class='ocrx_word' id='word_1_543' title='bbox 1362 4313 1630 4380; x_wconf 90' lang='lat' dir='ltr'><strong>nepotem</strong></span> <span class='ocrx_word' id='word_1_544' title='bbox 1658 4325 1726 4365; x_wconf 81' lang='lat' dir='ltr'><strong>ex</strong></span> <span class='ocrx_word' id='word_1_545' title='bbox 1756 4326 1955 4366; x_wconf 88' lang='lat' dir='ltr'><strong>sorore</strong></span> 
     </span>
    </p>
   </div>
   <div class='ocr_carea' id='block_1_75' title="bbox 306 4397 1956 4475">
    <p class='ocr_par' dir='ltr' id='par_1_75' title="bbox 306 4397 1956 4475">
     <span class='ocr_line' id='line_1_75' title="bbox 306 4397 1956 4475; baseline -0.002 -17"><span class='ocrx_word' id='word_1_546' title='bbox 306 4417 590 4475; x_wconf 87' lang='lat' dir='ltr'><strong>magnum</strong></span> <span class='ocrx_word' id='word_1_547' title='bbox 612 4397 1421 4469; x_wconf 89' lang='lat' dir='ltr'><strong>conostaulumimpotentius</strong></span> <span class='ocrx_word' id='word_1_548' title='bbox 1443 4397 1747 4455; x_wconf 78' lang='lat' dir='ltr'><strong>aemulans.</strong></span> <span class='ocrx_word' id='word_1_549' title='bbox 1769 4400 1956 4465; x_wconf 89' lang='lat' dir='ltr'><strong>Quare</strong></span> 
     </span>
    </p>
   </div>
   <div class='ocr_carea' id='block_1_76' title="bbox 301 4486 1954 4562">
    <p class='ocr_par' dir='ltr' id='par_1_76' title="bbox 301 4486 1954 4562">
     <span class='ocr_line' id='line_1_76' title="bbox 301 4486 1954 4562; baseline -0.003 -13"><span class='ocrx_word' id='word_1_550' title='bbox 301 4493 363 4549; x_wconf 91' lang='lat' dir='ltr'><strong>in</strong></span> <span class='ocrx_word' id='word_1_551' title='bbox 386 4490 555 4548; x_wconf 88' lang='lat' dir='ltr'><strong>atriis</strong></span> <span class='ocrx_word' id='word_1_552' title='bbox 576 4488 939 4562; x_wconf 86' lang='lat' dir='ltr'><strong>imperatorii</strong></span> <span class='ocrx_word' id='word_1_553' title='bbox 960 4486 1159 4560; x_wconf 89' lang='lat' dir='ltr'><strong>palatii</strong></span> <span class='ocrx_word' id='word_1_554' title='bbox 1178 4503 1321 4542; x_wconf 84' lang='lat' dir='ltr'><strong>vane</strong></span> <span class='ocrx_word' id='word_1_555' title='bbox 1343 4503 1411 4542; x_wconf 90' lang='lat' dir='ltr'><strong>ac</strong></span> <span class='ocrx_word' id='word_1_556' title='bbox 1432 4487 1804 4559; x_wconf 82' lang='lat' dir='ltr'><strong>impudenter</strong></span> <span class='ocrx_word' id='word_1_557' title='bbox 1825 4506 1954 4546; x_wconf 86' lang='lat' dir='ltr'><strong>sese</strong></span> 
     </span>
    </p>
   </div>
   <div class='ocr_carea' id='block_1_77' title="bbox 295 4575 1953 4654">
    <p class='ocr_par' dir='ltr' id='par_1_77' title="bbox 295 4575 1953 4654">
     <span class='ocr_line' id='line_1_77' title="bbox 295 4575 1953 4654; baseline -0.002 -17"><span class='ocrx_word' id='word_1_558' title='bbox 295 4581 580 4654; x_wconf 86' lang='lat' dir='ltr'><strong>jactabat,</strong></span> <span class='ocrx_word' id='word_1_559' title='bbox 615 4580 759 4634; x_wconf 88' lang='lat' dir='ltr'><strong>adeo</strong></span> <span class='ocrx_word' id='word_1_560' title='bbox 791 4580 993 4632; x_wconf 90' lang='lat' dir='ltr'><strong>utnon</strong></span> <span class='ocrx_word' id='word_1_561' title='bbox 1025 4575 1323 4631; x_wconf 87' lang='lat' dir='ltr'><strong>dubitaret</strong></span> <span class='ocrx_word' id='word_1_562' title='bbox 1349 4576 1676 4648; x_wconf 87' lang='lat' dir='ltr'><strong>puerilibus</strong></span> <span class='ocrx_word' id='word_1_563' title='bbox 1704 4579 1953 4649; x_wconf 85' lang='lat' dir='ltr'><strong>Augusti</strong></span> 
     </span>
    </p>
   </div>
   <div class='ocr_carea' id='block_1_78' title="bbox 302 4663 1956 4738">
    <p class='ocr_par' dir='ltr' id='par_1_78' title="bbox 302 4663 1956 4738">
     <span class='ocr_line' id='line_1_78' title="bbox 302 4663 1956 4738; baseline -0.002 -13"><span class='ocrx_word' id='word_1_564' title='bbox 302 4669 460 4727; x_wconf 90' lang='lat' dir='ltr'><strong>ludis</strong></span> <span class='ocrx_word' id='word_1_565' title='bbox 491 4686 551 4725; x_wconf 90' lang='lat' dir='ltr'><strong>sc</strong></span> <span class='ocrx_word' id='word_1_566' title='bbox 583 4666 936 4733; x_wconf 88' lang='lat' dir='ltr'><strong>immiscere,</strong></span> <span class='ocrx_word' id='word_1_567' title='bbox 971 4663 1323 4721; x_wconf 88' lang='lat' dir='ltr'><strong>collusorem</strong></span> <span class='ocrx_word' id='word_1_568' title='bbox 1355 4681 1419 4721; x_wconf 88' lang='lat' dir='ltr'><strong>se</strong></span> <span class='ocrx_word' id='word_1_569' title='bbox 1448 4665 1702 4738; x_wconf 86' lang='lat' dir='ltr'><strong>principi</strong></span> <span class='ocrx_word' id='word_1_570' title='bbox 1756 4668 1956 4723; x_wconf 90' lang='lat' dir='ltr'><strong>obtru-</strong></span> 
     </span>
    </p>
   </div>
   <div class='ocr_carea' id='block_1_79' title="bbox 302 4752 1953 4829">
    <p class='ocr_par' dir='ltr' id='par_1_79' title="bbox 302 4752 1953 4829">
     <span class='ocr_line' id='line_1_79' title="bbox 302 4752 1953 4829; baseline -0.003 -13"><span class='ocrx_word' id='word_1_571' title='bbox 302 4764 470 4829; x_wconf 87' lang='lat' dir='ltr'><strong>dens,</strong></span> <span class='ocrx_word' id='word_1_572' title='bbox 502 4763 559 4814; x_wconf 92' lang='lat' dir='ltr'><strong>et</strong></span> <span class='ocrx_word' id='word_1_573' title='bbox 590 4772 725 4813; x_wconf 90' lang='lat' dir='ltr'><strong>cum</strong></span> <span class='ocrx_word' id='word_1_574' title='bbox 758 4771 824 4811; x_wconf 92' lang='lat' dir='ltr'><strong>eo</strong></span> <span class='ocrx_word' id='word_1_575' title='bbox 856 4752 1035 4811; x_wconf 91' lang='lat' dir='ltr'><strong>simul</strong></span> <span class='ocrx_word' id='word_1_576' title='bbox 1067 4752 1340 4825; x_wconf 89' lang='lat' dir='ltr'><strong>equitans</strong></span> <span class='ocrx_word' id='word_1_577' title='bbox 1370 4753 1430 4810; x_wconf 88' lang='lat' dir='ltr'><strong>in</strong></span> <span class='ocrx_word' id='word_1_578' title='bbox 1463 4755 1774 4824; x_wconf 89' lang='lat' dir='ltr'><strong>arundine,</strong></span> <span class='ocrx_word' id='word_1_579' title='bbox 1799 4757 1953 4829; x_wconf 87' lang='lat' dir='ltr'><strong>pari-</strong></span> 
     </span>
    </p>
   </div>
   <div class='ocr_carea' id='block_1_80' title="bbox 301 4842 1952 4920">
    <p class='ocr_par' dir='ltr' id='par_1_80' title="bbox 301 4842 1952 4920">
     <span class='ocr_line' id='line_1_80' title="bbox 301 4842 1952 4920; baseline -0.003 -15"><span class='ocrx_word' id='word_1_580' title='bbox 301 4855 528 4920; x_wconf 86' lang='lat' dir='ltr'><strong>terque,</strong></span> <span class='ocrx_word' id='word_1_581' title='bbox 562 4850 628 4902; x_wconf 90' lang='lat' dir='ltr'><strong>ut</strong></span> <span class='ocrx_word' id='word_1_582' title='bbox 658 4842 899 4901; x_wconf 91' lang='lat' dir='ltr'><strong>solitum</strong></span> <span class='ocrx_word' id='word_1_583' title='bbox 954 4842 1096 4914; x_wconf 90' lang='lat' dir='ltr'><strong>illis,</strong></span> <span class='ocrx_word' id='word_1_584' title='bbox 1157 4842 1277 4915; x_wconf 89' lang='lat' dir='ltr'><strong>pila</strong></span> <span class='ocrx_word' id='word_1_585' title='bbox 1333 4844 1433 4900; x_wconf 78' lang='lat'><strong>66</strong></span> <span class='ocrx_word' id='word_1_586' title='bbox 1492 4845 1726 4915; x_wconf 88' lang='lat' dir='ltr'><strong>ludens,</strong></span> <span class='ocrx_word' id='word_1_587' title='bbox 1788 4851 1845 4901; x_wconf 89' lang='lat' dir='ltr'><strong>et</strong></span> <span class='ocrx_word' id='word_1_588' title='bbox 1892 4846 1952 4901; x_wconf 88' lang='lat' dir='ltr'><strong>in</strong></span> 
     </span>
    </p>
   </div>
   <div class='ocr_carea' id='block_1_81' title="bbox 302 4931 1958 5007">
    <p class='ocr_par' dir='ltr' id='par_1_81' title="bbox 302 4931 1958 5007">
     <span class='ocr_line' id='line_1_81' title="bbox 302 4931 1958 5007; baseline -0.005 -11"><span class='ocrx_word' id='word_1_589' title='bbox 302 4938 533 4997; x_wconf 88' lang='lat' dir='ltr'><strong>similes</strong></span> <span class='ocrx_word' id='word_1_590' title='bbox 558 4937 684 5007; x_wconf 86' lang='lat' dir='ltr'><strong>ejus</strong></span> <span class='ocrx_word' id='word_1_591' title='bbox 714 4934 904 4990; x_wconf 69' lang='lat' dir='ltr'><strong>aetatis</strong></span> <span class='ocrx_word' id='word_1_592' title='bbox 933 4931 1314 4989; x_wconf 88' lang='lat' dir='ltr'><strong>remissiones</strong></span> <span class='ocrx_word' id='word_1_593' title='bbox 1346 4933 1767 5006; x_wconf 88' lang='lat' dir='ltr'><strong>seseingerens</strong></span> <span class='ocrx_word' id='word_1_594' title='bbox 1791 4934 1958 4989; x_wconf 85' lang='lat' dir='ltr'><strong>fami-</strong></span> 
     </span>
    </p>
   </div>
   <div class='ocr_carea' id='block_1_82' title="bbox 301 5022 1954 5095">
    <p class='ocr_par' dir='ltr' id='par_1_82' title="bbox 301 5022 1954 5095">
     <span class='ocr_line' id='line_1_82' title="bbox 301 5022 1954 5095; baseline -0.002 -11"><span class='ocrx_word' id='word_1_595' title='bbox 301 5029 559 5085; x_wconf 79' lang='lat' dir='ltr'><strong>liaritate</strong></span> <span class='ocrx_word' id='word_1_596' title='bbox 588 5023 767 5080; x_wconf 90' lang='lat' dir='ltr'><strong>nimis</strong></span> <span class='ocrx_word' id='word_1_597' title='bbox 798 5022 1026 5092; x_wconf 85' lang='lat' dir='ltr'><strong>audaci,</strong></span> <span class='ocrx_word' id='word_1_598' title='bbox 1049 5023 1250 5094; x_wconf 89' lang='lat' dir='ltr'><strong>sicque</strong></span> <span class='ocrx_word' id='word_1_599' title='bbox 1272 5039 1400 5080; x_wconf 89' lang='lat' dir='ltr'><strong>sese</strong></span> <span class='ocrx_word' id='word_1_600' title='bbox 1420 5024 1633 5095; x_wconf 81' lang='lat' dir='ltr'><strong>reginis</strong></span> <span class='ocrx_word' id='word_1_601' title='bbox 1653 5024 1954 5081; x_wconf 87' lang='lat' dir='ltr'><strong>sororibus</strong></span> 
     </span>
    </p>
   </div>
   <div class='ocr_carea' id='block_1_83' title="bbox 300 5111 1951 5189">
    <p class='ocr_par' dir='ltr' id='par_1_83' title="bbox 300 5111 1951 5189">
     <span class='ocr_line' id='line_1_83' title="bbox 300 5111 1951 5189; baseline -0.004 -16"><span class='ocrx_word' id='word_1_602' title='bbox 300 5114 677 5189; x_wconf 86' lang='lat' dir='ltr'><strong>imperatoris</strong></span> <span class='ocrx_word' id='word_1_603' title='bbox 690 5126 887 5169; x_wconf 89' lang='lat' dir='ltr'><strong>coram</strong></span> <span class='ocrx_word' id='word_1_604' title='bbox 914 5128 945 5168; x_wconf 87' lang='lat' dir='ltr'><strong>e</strong></span> <span class='ocrx_word' id='word_1_605' title='bbox 975 5111 1304 5185; x_wconf 89' lang='lat' dir='ltr'><strong>propinquo</strong></span> <span class='ocrx_word' id='word_1_606' title='bbox 1327 5112 1729 5185; x_wconf 84' lang='lat' dir='ltr'><strong>spectantibus</strong></span> <span class='ocrx_word' id='word_1_607' title='bbox 1751 5113 1951 5170; x_wconf 88' lang='lat' dir='ltr'><strong>vendi-</strong></span> 
     </span>
    </p>
   </div>
   <div class='ocr_carea' id='block_1_84' title="bbox 303 5200 1190 5277">
    <p class='ocr_par' dir='ltr' id='par_1_84' title="bbox 303 5200 1190 5277">
     <span class='ocr_line' id='line_1_84' title="bbox 303 5200 1190 5277; baseline -0.008 -14"><span class='ocrx_word' id='word_1_608' title='bbox 303 5211 437 5263; x_wconf 90' lang='lat' dir='ltr'><strong>tans</strong></span> <span class='ocrx_word' id='word_1_609' title='bbox 468 5221 615 5261; x_wconf 86' lang='lat' dir='ltr'><strong>vano</strong></span> <span class='ocrx_word' id='word_1_610' title='bbox 645 5201 904 5277; x_wconf 63' lang='lat' dir='ltr'><strong>gloriola:</strong></span> <span class='ocrx_word' id='word_1_611' title='bbox 937 5200 1190 5274; x_wconf 89' lang='lat' dir='ltr'><strong>pruritu.</strong></span> 
     </span>
    </p>
   </div>
   <div class='ocr_carea' id='block_1_85' title="bbox 301 5353 1951 5430">
    <p class='ocr_par' dir='ltr' id='par_1_85' title="bbox 301 5353 1951 5430">
     <span class='ocr_line' id='line_1_85' title="bbox 301 5353 1951 5430; baseline -0.005 -14"><span class='ocrx_word' id='word_1_612' title='bbox 301 5360 393 5416; x_wconf 86' lang='lat'><strong>22.</strong></span> <span class='ocrx_word' id='word_1_613' title='bbox 430 5358 496 5417; x_wconf 72' lang='lat' dir='ltr'><strong>Ut</strong></span> <span class='ocrx_word' id='word_1_614' title='bbox 535 5357 809 5430; x_wconf 69' lang='lat' dir='ltr'><strong>praelatus</strong></span> <span class='ocrx_word' id='word_1_615' title='bbox 835 5356 1043 5430; x_wconf 66' lang='lat' dir='ltr'><strong>caeteris</strong></span> <span class='ocrx_word' id='word_1_616' title='bbox 1078 5354 1444 5430; x_wconf 70' lang='lat' dir='ltr'><strong>_quazologus</strong></span> <span class='ocrx_word' id='word_1_617' title='bbox 1476 5356 1695 5430; x_wconf 71' lang='lat' dir='ltr'><strong>fuerit,</strong></span> <span class='ocrx_word' id='word_1_618' title='bbox 1727 5353 1951 5410; x_wconf 83' lang='lat' dir='ltr'><strong>deman-</strong></span> 
     </span>
    </p>
   </div>
   <div class='ocr_carea' id='block_1_86' title="bbox 720 5424 1531 5499">
    <p class='ocr_par' dir='ltr' id='par_1_86' title="bbox 720 5424 1531 5499">
     <span class='ocr_line' id='line_1_86' title="bbox 720 5424 1531 5499; baseline -0.005 -15"><span class='ocrx_word' id='word_1_619' title='bbox 720 5428 849 5485; x_wconf 82' lang='lat' dir='ltr'><strong>data</strong></span> <span class='ocrx_word' id='word_1_620' title='bbox 871 5428 926 5483; x_wconf 81' lang='lat' dir='ltr'><strong>ei</strong></span> <span class='ocrx_word' id='word_1_621' title='bbox 954 5426 1125 5483; x_wconf 79' lang='lat' dir='ltr'><strong>tutela</strong></span> <span class='ocrx_word' id='word_1_622' title='bbox 1160 5424 1531 5499; x_wconf 77' lang='lat' dir='ltr'><strong>imperatoris.</strong></span> 
     </span>
    </p>
   </div>
   <div class='ocr_carea' id='block_1_87' title="bbox 372 5557 1951 5631">
    <p class='ocr_par' dir='ltr' id='par_1_87' title="bbox 372 5557 1951 5631">
     <span class='ocr_line' id='line_1_87' title="bbox 372 5557 1951 5631; baseline -0.002 -14"><span class='ocrx_word' id='word_1_623' title='bbox 372 5562 886 5620; x_wconf 87' lang='lat' dir='ltr'><strong>Verumenimvero</strong></span> <span class='ocrx_word' id='word_1_624' title='bbox 908 5576 1042 5614; x_wconf 90' lang='lat' dir='ltr'><strong>cum</strong></span> <span class='ocrx_word' id='word_1_625' title='bbox 1064 5559 1288 5615; x_wconf 89' lang='lat' dir='ltr'><strong>diutius</strong></span> <span class='ocrx_word' id='word_1_626' title='bbox 1311 5575 1426 5615; x_wconf 91' lang='lat' dir='ltr'><strong>non</strong></span> <span class='ocrx_word' id='word_1_627' title='bbox 1452 5562 1653 5631; x_wconf 88' lang='lat' dir='ltr'><strong>posset</strong></span> <span class='ocrx_word' id='word_1_628' title='bbox 1676 5557 1951 5631; x_wconf 81' lang='lat' dir='ltr'><strong>parvulus</strong></span> 
     </span>
    </p>
   </div>
   <div class='ocr_carea' id='block_1_88' title="bbox 302 5647 1952 5725">
    <p class='ocr_par' dir='ltr' id='par_1_88' title="bbox 302 5647 1952 5725">
     <span class='ocr_line' id='line_1_88' title="bbox 302 5647 1952 5725; baseline -0.001 -18"><span class='ocrx_word' id='word_1_629' title='bbox 302 5655 624 5725; x_wconf 88' lang='lat' dir='ltr'><strong>imperator</strong></span> <span class='ocrx_word' id='word_1_630' title='bbox 654 5650 714 5705; x_wconf 88' lang='lat' dir='ltr'><strong>in</strong></span> <span class='ocrx_word' id='word_1_631' title='bbox 745 5654 868 5707; x_wconf 84' lang='lat' dir='ltr'><strong>tam</strong></span> <span class='ocrx_word' id='word_1_632' title='bbox 898 5647 1195 5705; x_wconf 84' lang='lat' dir='ltr'><strong>imbecilla</strong></span> <span class='ocrx_word' id='word_1_633' title='bbox 1251 5665 1318 5706; x_wconf 88' lang='lat' dir='ltr'><strong>ac</strong></span> <span class='ocrx_word' id='word_1_634' title='bbox 1367 5652 1565 5707; x_wconf 84' lang='lat' dir='ltr'><strong>tenera</strong></span> <span class='ocrx_word' id='word_1_635' title='bbox 1597 5650 1782 5723; x_wconf 64' lang='lat' dir='ltr'><strong>{estate</strong></span> <span class='ocrx_word' id='word_1_636' title='bbox 1812 5650 1952 5705; x_wconf 90' lang='lat' dir='ltr'><strong>certi</strong></span> 
     </span>
    </p>
   </div>
   <div class='ocr_carea' id='block_1_89' title="bbox 2068 3233 3736 3306">
    <p class='ocr_par' dir='ltr' id='par_1_89' title="bbox 2068 3233 3736 3306">
     <span class='ocr_line' id='line_1_89' title="bbox 2068 3233 3736 3306; baseline 0.004 -17"><span class='ocrx_word' id='word_1_637' title='bbox 2068 3235 2316 3306; x_wconf 89' lang='lat' dir='ltr'><strong>ejusque</strong></span> <span class='ocrx_word' id='word_1_638' title='bbox 2364 3233 2611 3290; x_wconf 91' lang='lat' dir='ltr'><strong>consilio</strong></span> <span class='ocrx_word' id='word_1_639' title='bbox 2642 3249 2711 3290; x_wconf 90' lang='lat' dir='ltr'><strong>ac</strong></span> <span class='ocrx_word' id='word_1_640' title='bbox 2750 3238 2898 3290; x_wconf 91' lang='lat' dir='ltr'><strong>nutu</strong></span> <span class='ocrx_word' id='word_1_641' title='bbox 2949 3235 3052 3306; x_wconf 90' lang='lat' dir='ltr'><strong>qui</strong></span> <span class='ocrx_word' id='word_1_642' title='bbox 3084 3236 3260 3291; x_wconf 77' lang='lat' dir='ltr'><strong>rebus</strong></span> <span class='ocrx_word' id='word_1_643' title='bbox 3304 3237 3736 3297; x_wconf 83' lang='lat' dir='ltr'><strong>ecclesiasticis</strong></span> 
     </span>
    </p>
   </div>
   <div class='ocr_carea' id='block_1_90' title="bbox 2066 3323 3732 3399">
    <p class='ocr_par' dir='ltr' id='par_1_90' title="bbox 2066 3323 3732 3399">
     <span class='ocr_line' id='line_1_90' title="bbox 2066 3323 3732 3399; baseline 0.004 -21"><span class='ocrx_word' id='word_1_644' title='bbox 2066 3328 2207 3379; x_wconf 90' lang='lat' dir='ltr'><strong>tunc</strong></span> <span class='ocrx_word' id='word_1_645' title='bbox 2239 3327 2484 3396; x_wconf 74' lang='lat' dir='ltr'><strong>praeerat</strong></span> <span class='ocrx_word' id='word_1_646' title='bbox 2514 3323 2589 3395; x_wconf 86' lang='lat' dir='ltr'><strong>(is</strong></span> <span class='ocrx_word' id='word_1_647' title='bbox 2616 3327 2741 3379; x_wconf 87' lang='lat' dir='ltr'><strong>erat</strong></span> <span class='ocrx_word' id='word_1_648' title='bbox 2770 3324 3098 3396; x_wconf 91' lang='lat' dir='ltr'><strong>Arsenius).</strong></span> <span class='ocrx_word' id='word_1_649' title='bbox 3137 3327 3339 3399; x_wconf 89' lang='lat' dir='ltr'><strong>Itaque</strong></span> <span class='ocrx_word' id='word_1_650' title='bbox 3396 3344 3503 3399; x_wconf 90' lang='lat' dir='ltr'><strong>per</strong></span> <span class='ocrx_word' id='word_1_651' title='bbox 3536 3328 3732 3385; x_wconf 77' lang='lat' dir='ltr'><strong>Exau-</strong></span> 
     </span>
    </p>
   </div>
   <div class='ocr_carea' id='block_1_91' title="bbox 2066 3412 3733 3484">
    <p class='ocr_par' dir='ltr' id='par_1_91' title="bbox 2066 3412 3733 3484">
     <span class='ocr_line' id='line_1_91' title="bbox 2066 3412 3733 3484; baseline 0.005 -17"><span class='ocrx_word' id='word_1_652' title='bbox 2066 3412 2431 3468; x_wconf 88' lang='lat' dir='ltr'><strong>torianorum</strong></span> <span class='ocrx_word' id='word_1_653' title='bbox 2463 3412 2859 3484; x_wconf 87' lang='lat' dir='ltr'><strong>patriarcham</strong></span> <span class='ocrx_word' id='word_1_654' title='bbox 2877 3412 3045 3469; x_wconf 91' lang='lat' dir='ltr'><strong>illum</strong></span> <span class='ocrx_word' id='word_1_655' title='bbox 3078 3430 3147 3469; x_wconf 87' lang='lat' dir='ltr'><strong>ex</strong></span> <span class='ocrx_word' id='word_1_656' title='bbox 3169 3415 3314 3471; x_wconf 89' lang='lat' dir='ltr'><strong>urbe</strong></span> <span class='ocrx_word' id='word_1_657' title='bbox 3330 3416 3527 3473; x_wconf 70' lang='lat' dir='ltr'><strong>Nicaea</strong></span> <span class='ocrx_word' id='word_1_658' title='bbox 3547 3420 3733 3475; x_wconf 86' lang='lat' dir='ltr'><strong>curri-</strong></span> 
     </span>
    </p>
   </div>
   <div class='ocr_carea' id='block_1_92' title="bbox 2066 3501 3734 3574">
    <p class='ocr_par' dir='ltr' id='par_1_92' title="bbox 2066 3501 3734 3574">
     <span class='ocr_line' id='line_1_92' title="bbox 2066 3501 3734 3574; baseline 0.005 -16"><span class='ocrx_word' id='word_1_659' title='bbox 2066 3501 2198 3558; x_wconf 91' lang='lat' dir='ltr'><strong>culo</strong></span> <span class='ocrx_word' id='word_1_660' title='bbox 2229 3505 2557 3559; x_wconf 87' lang='lat' dir='ltr'><strong>accersunt.</strong></span> <span class='ocrx_word' id='word_1_661' title='bbox 2588 3502 2704 3574; x_wconf 91' lang='lat' dir='ltr'><strong>Ipsi</strong></span> <span class='ocrx_word' id='word_1_662' title='bbox 2740 3518 2873 3558; x_wconf 89' lang='lat' dir='ltr'><strong>vero</strong></span> <span class='ocrx_word' id='word_1_663' title='bbox 2904 3501 3141 3559; x_wconf 89' lang='lat' dir='ltr'><strong>interim</strong></span> <span class='ocrx_word' id='word_1_664' title='bbox 3172 3504 3323 3561; x_wconf 88' lang='lat' dir='ltr'><strong>serio</strong></span> <span class='ocrx_word' id='word_1_665' title='bbox 3350 3506 3409 3561; x_wconf 88' lang='lat' dir='ltr'><strong>in</strong></span> <span class='ocrx_word' id='word_1_666' title='bbox 3441 3506 3734 3566; x_wconf 83' lang='lat' dir='ltr'><strong>delibera-</strong></span> 
     </span>
    </p>
   </div>
   <div class='ocr_carea' id='block_1_93' title="bbox 2064 3591 3729 3669">
    <p class='ocr_par' dir='ltr' id='par_1_93' title="bbox 2064 3591 3729 3669">
     <span class='ocr_line' id='line_1_93' title="bbox 2064 3591 3729 3669; baseline 0.004 -22"><span class='ocrx_word' id='word_1_667' title='bbox 2064 3592 2284 3648; x_wconf 90' lang='lat' dir='ltr'><strong>tionem</strong></span> <span class='ocrx_word' id='word_1_668' title='bbox 2318 3591 2569 3663; x_wconf 89' lang='lat' dir='ltr'><strong>ingressi</strong></span> <span class='ocrx_word' id='word_1_669' title='bbox 2601 3595 2734 3663; x_wconf 90' lang='lat' dir='ltr'><strong>post</strong></span> <span class='ocrx_word' id='word_1_670' title='bbox 2759 3591 3006 3648; x_wconf 88' lang='lat' dir='ltr'><strong>multam</strong></span> <span class='ocrx_word' id='word_1_671' title='bbox 3032 3598 3091 3649; x_wconf 88' lang='lat' dir='ltr'><strong>et</strong></span> <span class='ocrx_word' id='word_1_672' title='bbox 3118 3598 3406 3651; x_wconf 88' lang='lat' dir='ltr'><strong>attentam</strong></span> <span class='ocrx_word' id='word_1_673' title='bbox 3431 3596 3729 3669; x_wconf 86' lang='lat' dir='ltr'><strong>disquisi-</strong></span> 
     </span>
    </p>
   </div>
   <div class='ocr_carea' id='block_1_94' title="bbox 2066 3680 3724 3759">
    <p class='ocr_par' dir='ltr' id='par_1_94' title="bbox 2066 3680 3724 3759">
     <span class='ocr_line' id='line_1_94' title="bbox 2066 3680 3724 3759; baseline 0.005 -23"><span class='ocrx_word' id='word_1_674' title='bbox 2066 3681 2285 3737; x_wconf 87' lang='lat' dir='ltr'><strong>tionem</strong></span> <span class='ocrx_word' id='word_1_675' title='bbox 2317 3680 2892 3753; x_wconf 86' lang='lat' dir='ltr'><strong>disceptationesque</strong></span> <span class='ocrx_word' id='word_1_676' title='bbox 2921 3682 3137 3753; x_wconf 85' lang='lat' dir='ltr'><strong>varias,</strong></span> <span class='ocrx_word' id='word_1_677' title='bbox 3161 3683 3273 3739; x_wconf 88' lang='lat' dir='ltr'><strong>alio</strong></span> <span class='ocrx_word' id='word_1_678' title='bbox 3304 3684 3488 3741; x_wconf 87' lang='lat' dir='ltr'><strong>alium</strong></span> <span class='ocrx_word' id='word_1_679' title='bbox 3511 3690 3724 3759; x_wconf 71' lang='lat' dir='ltr'><strong>praefe-</strong></span> 
     </span>
    </p>
   </div>
   <div class='ocr_carea' id='block_1_95' title="bbox 2067 3770 3726 3850">
    <p class='ocr_par' dir='ltr' id='par_1_95' title="bbox 2067 3770 3726 3850">
     <span class='ocr_line' id='line_1_95' title="bbox 2067 3770 3726 3850; baseline 0.006 -25"><span class='ocrx_word' id='word_1_680' title='bbox 2067 3774 2249 3839; x_wconf 89' lang='lat' dir='ltr'><strong>rente,</strong></span> <span class='ocrx_word' id='word_1_681' title='bbox 2283 3770 2519 3826; x_wconf 82' lang='lat' dir='ltr'><strong>tandem</strong></span> <span class='ocrx_word' id='word_1_682' title='bbox 2558 3770 2617 3825; x_wconf 90' lang='lat' dir='ltr'><strong>in</strong></span> <span class='ocrx_word' id='word_1_683' title='bbox 2647 3785 2778 3826; x_wconf 89' lang='lat' dir='ltr'><strong>eam</strong></span> <span class='ocrx_word' id='word_1_684' title='bbox 2825 3772 3177 3829; x_wconf 85' lang='lat' dir='ltr'><strong>sententiam</strong></span> <span class='ocrx_word' id='word_1_685' title='bbox 3211 3775 3418 3845; x_wconf 90' lang='lat' dir='ltr'><strong>majori</strong></span> <span class='ocrx_word' id='word_1_686' title='bbox 3450 3792 3524 3831; x_wconf 85' lang='lat' dir='ltr'><strong>ex</strong></span> <span class='ocrx_word' id='word_1_687' title='bbox 3556 3784 3726 3850; x_wconf 83' lang='lat' dir='ltr'><strong>parte</strong></span> 
     </span>
    </p>
   </div>
   <div class='ocr_carea' id='block_1_96' title="bbox 2068 3859 3723 3932">
    <p class='ocr_par' dir='ltr' id='par_1_96' title="bbox 2068 3859 3723 3932">
     <span class='ocr_line' id='line_1_96' title="bbox 2068 3859 3723 3932; baseline 0.005 -16"><span class='ocrx_word' id='word_1_688' title='bbox 2068 3860 2417 3916; x_wconf 83' lang='lat' dir='ltr'><strong>conveniunt</strong></span> <span class='ocrx_word' id='word_1_689' title='bbox 2447 3876 2575 3930; x_wconf 68' lang='lat' dir='ltr'><strong>qum</strong></span> <span class='ocrx_word' id='word_1_690' title='bbox 2608 3875 2811 3915; x_wconf 89' lang='lat' dir='ltr'><strong>curam</strong></span> <span class='ocrx_word' id='word_1_691' title='bbox 2845 3859 3218 3932; x_wconf 89' lang='lat' dir='ltr'><strong>imperatoris</strong></span> <span class='ocrx_word' id='word_1_692' title='bbox 3241 3879 3309 3919; x_wconf 90' lang='lat' dir='ltr'><strong>ac</strong></span> <span class='ocrx_word' id='word_1_693' title='bbox 3330 3864 3593 3922; x_wconf 87' lang='lat' dir='ltr'><strong>tutulam</strong></span> <span class='ocrx_word' id='word_1_694' title='bbox 3617 3885 3723 3924; x_wconf 66' lang='lat' dir='ltr'><strong>saa-</strong></span> 
     </span>
    </p>
   </div>
   <div class='ocr_carea' id='block_1_97' title="bbox 2067 3948 3725 4027">
    <p class='ocr_par' dir='ltr' id='par_1_97' title="bbox 2067 3948 3725 4027">
     <span class='ocr_line' id='line_1_97' title="bbox 2067 3948 3725 4027; baseline 0.007 -24"><span class='ocrx_word' id='word_1_695' title='bbox 2067 3948 2200 4021; x_wconf 90' lang='lat' dir='ltr'><strong>pius</strong></span> <span class='ocrx_word' id='word_1_696' title='bbox 2243 3953 2566 4005; x_wconf 87' lang='lat' dir='ltr'><strong>memorato</strong></span> <span class='ocrx_word' id='word_1_697' title='bbox 2588 3964 2801 4021; x_wconf 87' lang='lat' dir='ltr'><strong>magno</strong></span> <span class='ocrx_word' id='word_1_698' title='bbox 2821 3950 3163 4008; x_wconf 88' lang='lat' dir='ltr'><strong>conostaulo</strong></span> <span class='ocrx_word' id='word_1_699' title='bbox 3196 3952 3523 4027; x_wconf 74' lang='lat' dir='ltr'><strong>Paleeologo</strong></span> <span class='ocrx_word' id='word_1_700' title='bbox 3559 3973 3725 4013; x_wconf 84' lang='lat' dir='ltr'><strong>com-</strong></span> 
     </span>
    </p>
   </div>
   <div class='ocr_carea' id='block_1_98' title="bbox 2068 4037 3721 4119">
    <p class='ocr_par' dir='ltr' id='par_1_98' title="bbox 2068 4037 3721 4119">
     <span class='ocr_line' id='line_1_98' title="bbox 2068 4037 3721 4119; baseline 0.007 -26"><span class='ocrx_word' id='word_1_701' title='bbox 2068 4037 2415 4094; x_wconf 87' lang='lat' dir='ltr'><strong>mittendam</strong></span> <span class='ocrx_word' id='word_1_702' title='bbox 2449 4038 2760 4094; x_wconf 88' lang='lat' dir='ltr'><strong>censebat:</strong></span> <span class='ocrx_word' id='word_1_703' title='bbox 2785 4039 2966 4094; x_wconf 84' lang='lat' dir='ltr'><strong>videri</strong></span> <span class='ocrx_word' id='word_1_704' title='bbox 2998 4040 3155 4095; x_wconf 88' lang='lat' dir='ltr'><strong>enim</strong></span> <span class='ocrx_word' id='word_1_705' title='bbox 3185 4040 3355 4098; x_wconf 90' lang='lat' dir='ltr'><strong>illum</strong></span> <span class='ocrx_word' id='word_1_706' title='bbox 3383 4060 3572 4103; x_wconf 87' lang='lat' dir='ltr'><strong>unum</strong></span> <span class='ocrx_word' id='word_1_707' title='bbox 3604 4064 3721 4119; x_wconf 63' lang='lat' dir='ltr'><strong>prae</strong></span> 
     </span>
    </p>
   </div>
   <div class='ocr_carea' id='block_1_99' title="bbox 2066 4126 3723 4209">
    <p class='ocr_par' dir='ltr' id='par_1_99' title="bbox 2066 4126 3723 4209">
     <span class='ocr_line' id='line_1_99' title="bbox 2066 4126 3723 4209; baseline 0.005 -25"><span class='ocrx_word' id='word_1_708' title='bbox 2066 4128 2294 4184; x_wconf 89' lang='lat' dir='ltr'><strong>cunctis</strong></span> <span class='ocrx_word' id='word_1_709' title='bbox 2309 4126 2553 4199; x_wconf 90' lang='lat' dir='ltr'><strong>reliquis</strong></span> <span class='ocrx_word' id='word_1_710' title='bbox 2571 4128 2642 4183; x_wconf 90' lang='lat' dir='ltr'><strong>ad</strong></span> <span class='ocrx_word' id='word_1_711' title='bbox 2658 4143 2785 4183; x_wconf 90' lang='lat' dir='ltr'><strong>eam</strong></span> <span class='ocrx_word' id='word_1_712' title='bbox 2803 4144 2924 4184; x_wconf 88' lang='lat' dir='ltr'><strong>rem</strong></span> <span class='ocrx_word' id='word_1_713' title='bbox 2937 4128 3213 4186; x_wconf 90' lang='lat' dir='ltr'><strong>idoneum</strong></span> <span class='ocrx_word' id='word_1_714' title='bbox 3231 4132 3723 4209; x_wconf 87' lang='lat' dir='ltr'><strong>maxime,utpote</strong></span> 
     </span>
    </p>
   </div>
   <div class='ocr_carea' id='block_1_100' title="bbox 2063 4216 3719 4295">
    <p class='ocr_par' dir='ltr' id='par_1_100' title="bbox 2063 4216 3719 4295">
     <span class='ocr_line' id='line_1_100' title="bbox 2063 4216 3719 4295; baseline 0.007 -24"><span class='ocrx_word' id='word_1_715' title='bbox 2063 4217 2254 4273; x_wconf 89' lang='lat' dir='ltr'><strong>virum</strong></span> <span class='ocrx_word' id='word_1_716' title='bbox 2312 4217 2521 4272; x_wconf 83' lang='lat' dir='ltr'><strong>fortem</strong></span> <span class='ocrx_word' id='word_1_717' title='bbox 2578 4222 2635 4271; x_wconf 92' lang='lat' dir='ltr'><strong>et</strong></span> <span class='ocrx_word' id='word_1_718' title='bbox 2685 4216 2768 4273; x_wconf 89' lang='lat' dir='ltr'><strong>rei</strong></span> <span class='ocrx_word' id='word_1_719' title='bbox 2802 4216 3075 4275; x_wconf 88' lang='lat' dir='ltr'><strong>militaris</strong></span> <span class='ocrx_word' id='word_1_720' title='bbox 3112 4220 3719 4295; x_wconf 87' lang='lat' dir='ltr'><strong>experientissimum,</strong></span> 
     </span>
    </p>
   </div>
   <div class='ocr_carea' id='block_1_101' title="bbox 2065 4306 3723 4380">
    <p class='ocr_par' dir='ltr' id='par_1_101' title="bbox 2065 4306 3723 4380">
     <span class='ocr_line' id='line_1_101' title="bbox 2065 4306 3723 4380; baseline 0.007 -19"><span class='ocrx_word' id='word_1_721' title='bbox 2065 4306 2279 4377; x_wconf 90' lang='lat' dir='ltr'><strong>cuique</strong></span> <span class='ocrx_word' id='word_1_722' title='bbox 2314 4306 2538 4361; x_wconf 76' lang='lat' dir='ltr'><strong>affatim</strong></span> <span class='ocrx_word' id='word_1_723' title='bbox 2561 4310 2901 4378; x_wconf 88' lang='lat' dir='ltr'><strong>suppeteret</strong></span> <span class='ocrx_word' id='word_1_724' title='bbox 2914 4309 3171 4380; x_wconf 65' lang='lat' dir='ltr'><strong>antiquis</strong></span> <span class='ocrx_word' id='word_1_725' title='bbox 3185 4310 3723 4372; x_wconf 88' lang='lat' dir='ltr'><strong>nobilitatis.Acce-</strong></span> 
     </span>
    </p>
   </div>
   <div class='ocr_carea' id='block_1_102' title="bbox 2066 4395 3721 4471">
    <p class='ocr_par' dir='ltr' id='par_1_102' title="bbox 2066 4395 3721 4471">
     <span class='ocr_line' id='line_1_102' title="bbox 2066 4395 3721 4471; baseline 0.008 -21"><span class='ocrx_word' id='word_1_726' title='bbox 2066 4396 2242 4452; x_wconf 90' lang='lat' dir='ltr'><strong>debat</strong></span> <span class='ocrx_word' id='word_1_727' title='bbox 2270 4396 2441 4451; x_wconf 89' lang='lat' dir='ltr'><strong>tertio</strong></span> <span class='ocrx_word' id='word_1_728' title='bbox 2470 4395 2597 4451; x_wconf 95' lang='lat' dir='ltr'><strong>loco</strong></span> <span class='ocrx_word' id='word_1_729' title='bbox 2631 4396 2955 4454; x_wconf 87' lang='lat' dir='ltr'><strong>domestica</strong></span> <span class='ocrx_word' id='word_1_730' title='bbox 2985 4399 3293 4471; x_wconf 83' lang='lat' dir='ltr'><strong>sanguinis</strong></span> <span class='ocrx_word' id='word_1_731' title='bbox 3337 4407 3721 4462; x_wconf 82' lang='lat' dir='ltr'><strong>necessitudo</strong></span> 
     </span>
    </p>
   </div>
   <div class='ocr_carea' id='block_1_103' title="bbox 2065 4485 3720 4567">
    <p class='ocr_par' dir='ltr' id='par_1_103' title="bbox 2065 4485 3720 4567">
     <span class='ocr_line' id='line_1_103' title="bbox 2065 4485 3720 4567; baseline 0.005 -24"><span class='ocrx_word' id='word_1_732' title='bbox 2065 4503 2198 4543; x_wconf 88' lang='lat' dir='ltr'><strong>cum</strong></span> <span class='ocrx_word' id='word_1_733' title='bbox 2224 4485 2677 4558; x_wconf 87' lang='lat' dir='ltr'><strong>imperatoribus</strong></span> <span class='ocrx_word' id='word_1_734' title='bbox 2694 4502 2799 4542; x_wconf 89' lang='lat' dir='ltr'><strong>avo</strong></span> <span class='ocrx_word' id='word_1_735' title='bbox 2816 4492 3046 4558; x_wconf 89' lang='lat' dir='ltr'><strong>etpatre</strong></span> <span class='ocrx_word' id='word_1_736' title='bbox 3068 4489 3356 4563; x_wconf 90' lang='lat' dir='ltr'><strong>principis</strong></span> <span class='ocrx_word' id='word_1_737' title='bbox 3383 4497 3720 4567; x_wconf 81' lang='lat' dir='ltr'><strong>regnantis,</strong></span> 
     </span>
    </p>
   </div>
   <div class='ocr_carea' id='block_1_104' title="bbox 2062 4574 3725 4658">
    <p class='ocr_par' dir='ltr' id='par_1_104' title="bbox 2062 4574 3725 4658">
     <span class='ocr_line' id='line_1_104' title="bbox 2062 4574 3725 4658; baseline 0.006 -26"><span class='ocrx_word' id='word_1_738' title='bbox 2062 4592 2132 4632; x_wconf 80' lang='lat' dir='ltr'><strong>ex</strong></span> <span class='ocrx_word' id='word_1_739' title='bbox 2164 4579 2412 4647; x_wconf 87' lang='lat' dir='ltr'><strong>utraque</strong></span> <span class='ocrx_word' id='word_1_740' title='bbox 2435 4574 2616 4647; x_wconf 89' lang='lat' dir='ltr'><strong>stirpe</strong></span> <span class='ocrx_word' id='word_1_741' title='bbox 2648 4578 2893 4647; x_wconf 89' lang='lat' dir='ltr'><strong>paterna</strong></span> <span class='ocrx_word' id='word_1_742' title='bbox 2914 4580 3316 4651; x_wconf 91' lang='lat' dir='ltr'><strong>maternaque.</strong></span> <span class='ocrx_word' id='word_1_743' title='bbox 3348 4581 3497 4638; x_wconf 87' lang='lat' dir='ltr'><strong>Nam</strong></span> <span class='ocrx_word' id='word_1_744' title='bbox 3516 4586 3725 4658; x_wconf 82' lang='lat' dir='ltr'><strong>Augu-</strong></span> 
     </span>
    </p>
   </div>
   <div class='ocr_carea' id='block_1_105' title="bbox 2063 4663 3723 4746">
    <p class='ocr_par' dir='ltr' id='par_1_105' title="bbox 2063 4663 3723 4746">
     <span class='ocr_line' id='line_1_105' title="bbox 2063 4663 3723 4746; baseline 0.007 -27"><span class='ocrx_word' id='word_1_745' title='bbox 2063 4674 2164 4720; x_wconf 65' lang='lat' dir='ltr'><strong>stae</strong></span> <span class='ocrx_word' id='word_1_746' title='bbox 2181 4663 2416 4736; x_wconf 88' lang='lat' dir='ltr'><strong>quidem</strong></span> <span class='ocrx_word' id='word_1_747' title='bbox 2442 4679 2752 4736; x_wconf 89' lang='lat' dir='ltr'><strong>pronepos,</strong></span> <span class='ocrx_word' id='word_1_748' title='bbox 2773 4680 2843 4720; x_wconf 80' lang='lat' dir='ltr'><strong>ex</strong></span> <span class='ocrx_word' id='word_1_749' title='bbox 2860 4666 3232 4736; x_wconf 90' lang='lat' dir='ltr'><strong>imperatoris</strong></span> <span class='ocrx_word' id='word_1_750' title='bbox 3245 4684 3377 4726; x_wconf 85' lang='lat' dir='ltr'><strong>vero</strong></span> <span class='ocrx_word' id='word_1_751' title='bbox 3394 4680 3723 4746; x_wconf 89' lang='lat' dir='ltr'><strong>pronepote</strong></span> 
     </span>
    </p>
   </div>
   <div class='ocr_carea' id='block_1_106' title="bbox 2062 4753 3722 4821">
    <p class='ocr_par' dir='ltr' id='par_1_106' title="bbox 2062 4753 3722 4821">
     <span class='ocr_line' id='line_1_106' title="bbox 2062 4753 3722 4821; baseline 0.006 -10"><span class='ocrx_word' id='word_1_752' title='bbox 2062 4758 2234 4812; x_wconf 89' lang='lat' dir='ltr'><strong>natus</strong></span> <span class='ocrx_word' id='word_1_753' title='bbox 2266 4758 2408 4809; x_wconf 90' lang='lat' dir='ltr'><strong>erat.</strong></span> <span class='ocrx_word' id='word_1_754' title='bbox 2444 4753 2545 4809; x_wconf 89' lang='lat' dir='ltr'><strong>His</strong></span> <span class='ocrx_word' id='word_1_755' title='bbox 2575 4769 2707 4809; x_wconf 87' lang='lat' dir='ltr'><strong>vere</strong></span> <span class='ocrx_word' id='word_1_756' title='bbox 2737 4754 3130 4812; x_wconf 78' lang='lat' dir='ltr'><strong>firmamentis</strong></span> <span class='ocrx_word' id='word_1_757' title='bbox 3164 4758 3463 4815; x_wconf 86' lang='lat' dir='ltr'><strong>nitebatur</strong></span> <span class='ocrx_word' id='word_1_758' title='bbox 3493 4761 3722 4821; x_wconf 62' lang='lat' dir='ltr'><strong>Palma-</strong></span> 
     </span>
    </p>
   </div>
   <div class='ocr_carea' id='block_1_107' title="bbox 2059 4841 3722 4924">
    <p class='ocr_par' dir='ltr' id='par_1_107' title="bbox 2059 4841 3722 4924">
     <span class='ocr_line' id='line_1_107' title="bbox 2059 4841 3722 4924; baseline 0.007 -25"><span class='ocrx_word' id='word_1_759' title='bbox 2059 4844 2177 4916; x_wconf 87' lang='lat' dir='ltr'><strong>logi</strong></span> <span class='ocrx_word' id='word_1_760' title='bbox 2235 4858 2390 4915; x_wconf 88' lang='lat' dir='ltr'><strong>spes,</strong></span> <span class='ocrx_word' id='word_1_761' title='bbox 2448 4859 2633 4914; x_wconf 89' lang='lat' dir='ltr'><strong>caque</strong></span> <span class='ocrx_word' id='word_1_762' title='bbox 2665 4841 2957 4915; x_wconf 86' lang='lat' dir='ltr'><strong>allegabat</strong></span> <span class='ocrx_word' id='word_1_763' title='bbox 3007 4846 3385 4916; x_wconf 89' lang='lat' dir='ltr'><strong>potissimum</strong></span> <span class='ocrx_word' id='word_1_764' title='bbox 3435 4850 3540 4922; x_wconf 89' lang='lat' dir='ltr'><strong>qui</strong></span> <span class='ocrx_word' id='word_1_765' title='bbox 3589 4854 3722 4924; x_wconf 85' lang='lat' dir='ltr'><strong>ejus</strong></span> 
     </span>
    </p>
   </div>
   <div class='ocr_carea' id='block_1_108' title="bbox 2061 4931 3722 4999">
    <p class='ocr_par' dir='ltr' id='par_1_108' title="bbox 2061 4931 3722 4999">
     <span class='ocr_line' id='line_1_108' title="bbox 2061 4931 3722 4999; baseline 0.006 -10"><span class='ocrx_word' id='word_1_766' title='bbox 2061 4933 2406 4990; x_wconf 86' lang='lat' dir='ltr'><strong>electionem</strong></span> <span class='ocrx_word' id='word_1_767' title='bbox 2439 4931 2725 4988; x_wconf 84' lang='lat' dir='ltr'><strong>suadebat</strong></span> <span class='ocrx_word' id='word_1_768' title='bbox 2753 4936 2969 4989; x_wconf 89' lang='lat' dir='ltr'><strong>orator.</strong></span> <span class='ocrx_word' id='word_1_769' title='bbox 3002 4933 3333 4993; x_wconf 88' lang='lat' dir='ltr'><strong>Verisimile</strong></span> <span class='ocrx_word' id='word_1_770' title='bbox 3373 4942 3579 4997; x_wconf 89' lang='lat' dir='ltr'><strong>tamen</strong></span> <span class='ocrx_word' id='word_1_771' title='bbox 3630 4949 3722 4999; x_wconf 85' lang='lat' dir='ltr'><strong>est</strong></span> 
     </span>
    </p>
   </div>
   <div class='ocr_carea' id='block_1_109' title="bbox 2061 5020 3723 5100">
    <p class='ocr_par' dir='ltr' id='par_1_109' title="bbox 2061 5020 3723 5100">
     <span class='ocr_line' id='line_1_109' title="bbox 2061 5020 3723 5100; baseline 0.006 -22"><span class='ocrx_word' id='word_1_772' title='bbox 2061 5022 2217 5078; x_wconf 86' lang='lat' dir='ltr'><strong>haud</strong></span> <span class='ocrx_word' id='word_1_773' title='bbox 2253 5020 3210 5094; x_wconf 87' lang='lat' dir='ltr'><strong>planebisargumentisconﬁsum</strong></span> <span class='ocrx_word' id='word_1_774' title='bbox 3241 5042 3400 5095; x_wconf 92' lang='lat' dir='ltr'><strong>eum,</strong></span> <span class='ocrx_word' id='word_1_775' title='bbox 3424 5034 3723 5100; x_wconf 71' lang='lat' dir='ltr'><strong>praeterea</strong></span> 
     </span>
    </p>
   </div>
   <div class='ocr_carea' id='block_1_110' title="bbox 2061 5110 3723 5187">
    <p class='ocr_par' dir='ltr' id='par_1_110' title="bbox 2061 5110 3723 5187">
     <span class='ocr_line' id='line_1_110' title="bbox 2061 5110 3723 5187; baseline 0.007 -21"><span class='ocrx_word' id='word_1_776' title='bbox 2061 5129 2189 5184; x_wconf 78' lang='lat' dir='ltr'><strong>quae</strong></span> <span class='ocrx_word' id='word_1_777' title='bbox 2224 5110 2418 5183; x_wconf 85' lang='lat' dir='ltr'><strong>palam</strong></span> <span class='ocrx_word' id='word_1_778' title='bbox 2446 5110 2775 5181; x_wconf 87' lang='lat' dir='ltr'><strong>agebantur</strong></span> <span class='ocrx_word' id='word_1_779' title='bbox 2805 5111 2901 5166; x_wconf 75' lang='lat'><strong>61</strong></span> <span class='ocrx_word' id='word_1_780' title='bbox 2957 5112 3445 5187; x_wconf 88' lang='lat' dir='ltr'><strong>dicebanturque,</strong></span> <span class='ocrx_word' id='word_1_781' title='bbox 3508 5120 3723 5177; x_wconf 84' lang='lat' dir='ltr'><strong>admo-</strong></span> 
     </span>
    </p>
   </div>
   <div class='ocr_carea' id='block_1_111' title="bbox 2060 5198 3724 5276">
    <p class='ocr_par' dir='ltr' id='par_1_111' title="bbox 2060 5198 3724 5276">
     <span class='ocr_line' id='line_1_111' title="bbox 2060 5198 3724 5276; baseline 0.006 -20"><span class='ocrx_word' id='word_1_782' title='bbox 2060 5202 2214 5256; x_wconf 87' lang='lat' dir='ltr'><strong>visse</strong></span> <span class='ocrx_word' id='word_1_783' title='bbox 2267 5198 2601 5254; x_wconf 89' lang='lat' dir='ltr'><strong>clanculum</strong></span> <span class='ocrx_word' id='word_1_784' title='bbox 2664 5216 2910 5257; x_wconf 89' lang='lat' dir='ltr'><strong>arcanas</strong></span> <span class='ocrx_word' id='word_1_785' title='bbox 2941 5206 3099 5259; x_wconf 90' lang='lat' dir='ltr'><strong>artes</strong></span> <span class='ocrx_word' id='word_1_786' title='bbox 3129 5207 3514 5276; x_wconf 81' lang='lat' dir='ltr'><strong>corrogandis</strong></span> <span class='ocrx_word' id='word_1_787' title='bbox 3554 5210 3724 5266; x_wconf 88' lang='lat' dir='ltr'><strong>varia</strong></span> 
     </span>
    </p>
   </div>
   <div class='ocr_carea' id='block_1_112' title="bbox 2059 5288 3723 5367">
    <p class='ocr_par' dir='ltr' id='par_1_112' title="bbox 2059 5288 3723 5367">
     <span class='ocr_line' id='line_1_112' title="bbox 2059 5288 3723 5367; baseline 0.007 -22"><span class='ocrx_word' id='word_1_788' title='bbox 2059 5288 2356 5345; x_wconf 84' lang='lat' dir='ltr'><strong>industria</strong></span> <span class='ocrx_word' id='word_1_789' title='bbox 2379 5288 2677 5361; x_wconf 71' lang='lat' dir='ltr'><strong>suffragiis</strong></span> <span class='ocrx_word' id='word_1_790' title='bbox 2696 5290 3030 5362; x_wconf 89' lang='lat' dir='ltr'><strong>studiisque</strong></span> <span class='ocrx_word' id='word_1_791' title='bbox 3059 5292 3340 5349; x_wconf 81' lang='lat' dir='ltr'><strong>veliﬁcari</strong></span> <span class='ocrx_word' id='word_1_792' title='bbox 3363 5296 3497 5367; x_wconf 84' lang='lat' dir='ltr'><strong>ejus</strong></span> <span class='ocrx_word' id='word_1_793' title='bbox 3530 5300 3723 5356; x_wconf 82' lang='lat' dir='ltr'><strong>ambi-</strong></span> 
     </span>
    </p>
   </div>
   <div class='ocr_carea' id='block_1_113' title="bbox 2059 5376 3722 5460">
    <p class='ocr_par' dir='ltr' id='par_1_113' title="bbox 2059 5376 3722 5460">
     <span class='ocr_line' id='line_1_113' title="bbox 2059 5376 3722 5460; baseline 0.007 -27"><span class='ocrx_word' id='word_1_794' title='bbox 2059 5378 2204 5434; x_wconf 92' lang='lat' dir='ltr'><strong>tioni</strong></span> <span class='ocrx_word' id='word_1_795' title='bbox 2259 5376 2605 5444; x_wconf 85' lang='lat' dir='ltr'><strong>valentium,</strong></span> <span class='ocrx_word' id='word_1_796' title='bbox 2667 5376 2937 5449; x_wconf 90' lang='lat' dir='ltr'><strong>qualium</strong></span> <span class='ocrx_word' id='word_1_797' title='bbox 2969 5379 3194 5460; x_wconf 80' lang='lat' dir='ltr'><strong>multos</strong></span> <span class='ocrx_word' id='word_1_798' title='bbox 3225 5387 3472 5454; x_wconf 89' lang='lat' dir='ltr'><strong>putatur</strong></span> <span class='ocrx_word' id='word_1_799' title='bbox 3506 5388 3722 5460; x_wconf 89' lang='lat' dir='ltr'><strong>amplis</strong></span> 
     </span>
    </p>
   </div>
   <div class='ocr_carea' id='block_1_114' title="bbox 2060 5457 3716 5543">
    <p class='ocr_par' dir='ltr' id='par_1_114' title="bbox 2060 5457 3716 5543">
     <span class='ocr_line' id='line_1_114' title="bbox 2060 5457 3716 5543; baseline 0.006 -19"><span class='ocrx_word' id='word_1_800' title='bbox 2060 5467 2171 5524; x_wconf 79' lang='lat' dir='ltr'><strong>sibi</strong></span> <span class='ocrx_word' id='word_1_801' title='bbox 2206 5466 2703 5539; x_wconf 86' lang='lat' dir='ltr'><strong>promissionibus</strong></span> <span class='ocrx_word' id='word_1_802' title='bbox 2760 5468 3124 5542; x_wconf 84' lang='lat' dir='ltr'><strong>adjunxisse,</strong></span> <span class='ocrx_word' id='word_1_803' title='bbox 3156 5457 3480 5543; x_wconf 69' lang='lat' dir='ltr'><strong>praesertim</strong></span> <span class='ocrx_word' id='word_1_804' title='bbox 3540 5457 3624 5532; x_wconf 29' lang='lat' dir='ltr'><strong>ex.</strong></span> <span class='ocrx_word' id='word_1_805' title='bbox 3645 5478 3716 5534; x_wconf 80' lang='lat' dir='ltr'><strong>iis</strong></span> 
     </span>
    </p>
   </div>
   <div class='ocr_carea' id='block_1_115' title="bbox 2060 5555 3719 5637">
    <p class='ocr_par' dir='ltr' id='par_1_115' title="bbox 2060 5555 3719 5637">
     <span class='ocr_line' id='line_1_115' title="bbox 2060 5555 3719 5637; baseline 0.005 -24"><span class='ocrx_word' id='word_1_806' title='bbox 2060 5557 2159 5629; x_wconf 86' lang='lat' dir='ltr'><strong>qui</strong></span> <span class='ocrx_word' id='word_1_807' title='bbox 2191 5556 2431 5629; x_wconf 87' lang='lat' dir='ltr'><strong>nuperis</strong></span> <span class='ocrx_word' id='word_1_808' title='bbox 2461 5555 2609 5613; x_wconf 65' lang='lat' dir='ltr'><strong>aulae</strong></span> <span class='ocrx_word' id='word_1_809' title='bbox 2640 5559 3089 5629; x_wconf 86' lang='lat' dir='ltr'><strong>tempestatibus</strong></span> <span class='ocrx_word' id='word_1_810' title='bbox 3122 5561 3414 5630; x_wconf 77' lang='lat' dir='ltr'><strong>iacturam</strong></span> <span class='ocrx_word' id='word_1_811' title='bbox 3456 5565 3719 5637; x_wconf 72' lang='lat' dir='ltr'><strong>diguita~</strong></span> 
     </span>
    </p>
   </div>
   <div class='ocr_carea' id='block_1_116' title="bbox 2064 5647 3717 5715">
    <p class='ocr_par' dir='ltr' id='par_1_116' title="bbox 2064 5647 3717 5715">
     <span class='ocr_line' id='line_1_116' title="bbox 2064 5647 3717 5715; baseline 0.007 -11"><span class='ocrx_word' id='word_1_812' title='bbox 2064 5652 2189 5704; x_wconf 89' lang='lat' dir='ltr'><strong>tum</strong></span> <span class='ocrx_word' id='word_1_813' title='bbox 2223 5648 2496 5704; x_wconf 84' lang='lat' dir='ltr'><strong>fecerant.</strong></span> <span class='ocrx_word' id='word_1_814' title='bbox 2531 5648 2600 5702; x_wconf 83' lang='lat' dir='ltr'><strong>Et</strong></span> <span class='ocrx_word' id='word_1_815' title='bbox 2621 5647 2862 5705; x_wconf 85' lang='lat' dir='ltr'><strong>suberat</strong></span> <span class='ocrx_word' id='word_1_816' title='bbox 2882 5665 3059 5707; x_wconf 86' lang='lat' dir='ltr'><strong>causa</strong></span> <span class='ocrx_word' id='word_1_817' title='bbox 3081 5667 3185 5707; x_wconf 90' lang='lat' dir='ltr'><strong>cur</strong></span> <span class='ocrx_word' id='word_1_818' title='bbox 3208 5654 3580 5712; x_wconf 78' lang='lat' dir='ltr'><strong>occasionem</strong></span> <span class='ocrx_word' id='word_1_819' title='bbox 3602 5675 3717 5715; x_wconf 89' lang='lat' dir='ltr'><strong>non</strong></span> 
     </span>
    </p>
   </div>
  </div>
