4034 6200
220 317 323 373 501

1315 322 1410 373 DE
1452 320 1821 376 MICHAELE
1858 319 2303 378 PALEOLOGO
2340 323 2475 377 LIB.
2520 326 2564 378 Ῑ.

3536 330 3645 385 502

221 444 495 508 ποικίλως
551 445 977 522 μετεχειρίζετο,
1039 447 1142 500 οὐκ
1192 442 1413 520 ὀλίγους
1466 442 1716 500 κλέπτων
1756 452 1876 508 ταῖς
1908 449 1962 515 Α
1992 443 2257 519 διδόντος,
2299 448 2387 502 καὶ
2436 449 2498 503 τὸ
2550 446 2747 505 λοιπὸν
2802 451 2830 504 ὁ
2882 448 3261 529 Παλαιολόγος
3311 454 3475 532 μέγας
3518 455 3645 530 δοὺξ

224 535 453 609 ἀγαθαῖς
504 533 856 610 ὑποσχέσεσι,
916 536 1005 590 καὶ
1068 532 1282 609 μᾶλλον
1347 538 1427 597 οἷς
1488 534 1727 589 ἐκπεσεῖν
1776 542 1883 592 τῶν

213 622 546 697 ἀξιωμάτων
580 620 778 695 συνέϐη
835 624 894 679 ἐκ
940 631 1040 694 τῆς
1083 628 1181 678 τοῦ
1223 628 1414 698 καιροῦ
1474 622 1768 687 δυσκολίας
1817 627 1882 681 τὸ

217 713 513 789 πρότερον.
569 717 629 787 [Ρ
659 717 772 786 39].
825 716 881 767 Ὀ
932 712 989 768 δὲ
1023 712 1275 777 ὑπελθεῖν
1314 714 1407 786 μὶν
1461 715 1559 783 τήν
1619 711 1883 790 φροντίδα

201 800 398 875 ’μηδὲν
437 801 723 875 μελλήσας
754 805 1027 873 κατένευε,
1060 803 1234 873 πένησ
1264 802 1335 856 ὥν
1385 803 1473 857 καὶ
1533 801 1699 874 μηδὲν
1733 801 1878 879 ἔχων

216 892 357 947 κατά
415 893 477 947 τὸ
513 893 707 968 μέτρον
765 898 862 949 τοῦ
922 894 1234 967 ἀξιώματος
1293 891 1708 968 φιλοτιμότερον
1773 892 1883 947 δια-

218 985 342 1055 ζῇν·
378 983 454 1045 ὡς
484 981 543 1035 ἂν
584 980 641 1036 δὲ
676 984 751 1056 μῆ
810 981 1001 1053 δοκοίη
1054 980 1133 1054 τῷ
1190 980 1240 1051 ἐξ
1295 982 1524 1053 ἑτοίμου
1583 977 1881 1055 λαμϐάνειν

211 1071 381 1146 χάριν
409 1076 528 1135 τοῖς
554 1072 896 1147 παρέχουσιν
948 1066 1116 1138 ἔχειν,
1170 1068 1300 1143 μηδ’
1349 1072 1424 1132 ὡς
1478 1070 1697 1146 φορτίον
1734 1072 1878 1127 ἐπω-

210 1162 519 1233 μιζόμενος
573 1162 1002 1235 παραιτεῖσθαι,
1067 1159 1243 1230 ἐζήτει
1321 1160 1414 1232 μὶν
1486 1161 1576 1214 καὶ
1637 1161 1734 1228 τῆν
1780 1165 1876 1216 τοῦ

204 1249 565 1326 πατριάρχου
624 1251 749 1305 ὅσον
810 1247 965 1305 οὔπω
1026 1249 1461 1323 ἐπιστησομένΟυ
1523 1248 1821 1305 συναίνεσιν
1861 1297 1874 1318 ,

203 1338 269 1394 οὗ
301 1339 443 1393 κατᾶ
474 1339 661 1413 χρείαν
719 1337 935 1412 μᾶλλον
972 1382 987 1407 ,
1044 1337 1169 1394 ἀλλ’
1223 1337 1296 1392 τίν’
1355 1337 1752 1416 ἀσφαλέστερον
1810 1339 1873 1395 τὸ

202 1428 499 1502 γινόμενον
549 1433 872 1499 καθιστῷτο.
926 1427 1078 1498 Πλῆν
1129 1427 1257 1483 ἀλλ’
1298 1426 1643 1497 ἀντιδοθῆναί
1673 1430 1727 1482 οἱ
1781 1429 1870 1483 καὶ

198 1525 308 1585 τῆς
337 1516 431 1571 ἐπὶ
460 1523 540 1590 τῷ
565 1517 782 1593 βασιλεῖ
809 1515 1139 1591 κηδεμονίας
1162 1519 1227 1572 τὰ
1254 1518 1566 1594 ὑψηλότερα
1594 1524 1700 1574 τῶν
1732 1518 1870 1590 ἄξω-

208 1610 402 1679 μάτων
436 1613 819 1682 προσαπαιτεῖ.

352 1715 457 1790 κγ’.
492 1716 679 1776 Ὅπως
710 1711 1092 1791 Παλαιολόγος
1143 1714 1379 1787 ἐτιμήθη
1433 1714 1508 1776 εἷς
1564 1716 1725 1791 μέγαν

948 1784 1134 1843 δοῦκα.

276 1876 351 1931 Οἱ
400 1871 457 1929 δὲ
515 1880 621 1928 τῶν
698 1876 791 1947 μὲν
850 1875 1065 1930 ἐκείνων
1148 1874 1536 1950 βουλευμάτων
1590 1877 1651 1931 τὸ
1702 1874 1866 1951 κῦρος

202 1965 318 2039 οὐχ
346 1967 515 2033 ἦττον
549 1964 638 2019 καὶ
689 1966 795 2019 ἀπὸ
848 1972 945 2034 τῆς
979 1964 1304 2035 Ἐκκλησίας
1349 1964 1547 2034 ἤθελον
1597 1967 1749 2038 εἶναι,
1802 1965 1863 2020 οὗ

200 2055 319 2127 μὴν
348 2052 409 2108 δὲ
440 2055 581 2109 ὥστε
628 2056 713 2109 καὶ
762 2060 896 2129 σφᾶς
947 2054 1337 2129 ἀναγκάζεσθαι
1389 2053 1470 2131 ἐφ’
1501 2058 1584 2118 οἷς
1614 2053 1863 2110 ἐδέδοκτο

197 2148 355 2219 σφίσι
440 2139 955 2216 μεταϐουλεύεσθαι·
1028 2143 1089 2198 τὰ
1145 2142 1203 2198 δὲ
1260 2139 1695 2219 προϐιϐασθῆναι
1770 2144 1861 2197 τὸν

198 2238 304 2287 τοῦ
356 2232 633 2309 βασιλέως
685 2232 975 2309 ἐπίτροπον
1032 2234 1106 2295 εἷς
1163 2234 1369 2308 βαθμὸν
1410 2237 1507 2287 τοῦ
1555 2233 1865 2306 ἀξιώματος

205 2321 443 2394 μείζονα
497 2321 640 2384 εἰκός
692 2344 753 2398 γε
821 2324 950 2377 εἶναι
1002 2319 1402 2398 διωμολόγουν,
1461 2320 1551 2375 καί
1599 2344 1717 2384 πως
1776 2323 1866 2376 καὶ

200 2411 478 2486 ἀμηγέπη
559 2409 648 2466 διὰ
718 2416 887 2467 ταῦτα
959 2412 1089 2467 κάπὶ
1164 2412 1343 2484 τούτῳ
1416 2412 1754 2477 συνεφώνουν
1816 2413 1867 2466 οἳ

200 2502 487 2560 πλεῖστοι,
550 2502 648 2555 Καὶ
712 2503 786 2564 εἷς
857 2503 1022 2578 μέγαν
1088 2500 1253 2557 δοῦκα
1314 2503 1341 2556 ὁ
1396 2506 1505 2556 τῶν
1572 2501 1870 2577 βασιλικῶν

200 2590 551 2667 πραγμάτων
608 2591 903 2667 ἐπίτροπος
955 2592 1330 2664 μετατίθεται,
1384 2589 1652 2666 βασιλέως
1708 2591 1866 2661 δῆθεν

198 2809 558 2883 negligeret,
584 2810 685 2866 sed
719 2826 921 2866 curam
940 2810 1269 2866 intenderet
1296 2810 1455 2867 omni
1487 2810 1858 2867 cunctatione

196 2902 430 2956 omissa
468 2902 528 2954 in
562 2915 684 2955 rem
716 2899 831 2955 sibi
853 2899 1022 2956 unice
1043 2900 1432 2956 necessariam
1458 2900 1517 2955 in
1540 2904 1695 2957 statu
1716 2917 1860 2972 prae-

197 2989 393 3046 sentis
445 2990 718 3054 fortunae,
753 2989 1045 3044 exhausta
1105 2993 1275 3060 atque
1333 2990 1547 3061 inopis,
1605 2994 1863 3060 egestate

198 3079 509 3150 siquidem
545 3078 809 3150 pecuniae
840 3094 1074 3134 summa
1102 3077 1424 3146 laborabat,
1472 3095 1587 3134 non
1635 3080 1860 3135 habens

199 3169 454 3224 omnino
503 3168 660 3223 unde
710 3168 1054 3240 dignitatem
1098 3172 1381 3235 tueretur,
1433 3167 1616 3224 multo
1662 3173 1858 3225 autem

1993 536 2083 590 καὶ
2112 542 2209 591 τοῦ
2255 538 2524 612 βασιλέως
2567 537 2864 615 ἐπίτροπος
2912 543 3291 617 φημιζόμενος
3339 545 3475 619 πρὸς
3522 554 3644 610 ταῖς

1992 627 2234 701 φροντίσι
2286 631 2393 681 τῶν
2453 633 2649 682 κοινῶν
2707 629 2796 703 ἧν,
2829 630 2917 684 καὶ
2949 630 2998 701 ἐξ
3048 631 3415 708 ἐπιτάγματος
3473 636 3645 711 ἀπαρ-

1991 718 2216 786 αιτήτου
2295 719 2752 790 συμπραττόντων
2832 720 2920 774 καὶ
2976 724 3083 774 τῶν
3142 721 3195 775 ἐν
3251 721 3398 777 τέλει
3456 722 3642 798 διῴκει

1988 809 2175 862 ταῦτα.
2212 806 2307 860 Καί
2356 828 2472 868 πως
2532 807 2789 883 ἀμηγέπη
2825 806 2912 863 διὰ
2966 814 3131 865 ταῦτα
3177 813 3295 866 κατ’
3346 815 3641 890 ἀναγκαίας

1991 894 2180 968 χρείας
2233 900 2340 949 τῶν
2406 895 2703 971 βοσιλικῶν
2759 897 3019 971 ταμιείων
3104 903 3472 975 προσήπτετο.
3532 906 3636 962 Ἦν

1986 985 2086 1059 γὰρ
2164 986 2469 1059 χρημάτων
2548 985 2762 1056 πλῆθος
2849 987 3509 1063 ἐναποτεθησαυρισμὲνον
3584 993 3638 1049 ἐν

1986 1075 2321 1148 Μαγνησίᾳ,
2384 1074 2446 1129 οὐ
2500 1073 2704 1149 ῥᾳδίως
2787 1077 3089 1152 ἀριθμητὸν
3131 1122 3145 1147 ,
3199 1078 3462 1156 συλλεγὲν
3545 1084 3637 1139 καὶ

1986 1162 2241 1225 ἀποτεθὲν
2297 1164 2424 1237 παρ’
2491 1165 2741 1218 Ἰωάννου
2797 1163 2894 1220 τοῦ
2953 1166 3134 1221 Δούκα
3189 1170 3279 1222 καί
3343 1169 3635 1245 βασιλέως,

1982 1252 2059 1307 Τὸ
2110 1251 2210 1327 γὰρ
2283 1254 2429 1325 παρὰ
2500 1257 2597 1307 τοῦ
2660 1252 2859 1317 παιδὸς
2933 1254 3141 1311 ἐκείνου
3203 1256 3487 1335 Θεοδώρου
3541 1267 3637 1316 τοῦ

1982 1339 2223 1415 Αάσκαρι
2258 1341 2621 1418 συναγόμενον
2670 1342 2825 1408 ἰδίως
2872 1341 3014 1399 ἄλλο
3065 1347 3126 1418 [Ρ
3174 1349 3265 1421 40]
3313 1370 3366 1402 τι
3416 1356 3634 1424 χρῆμα,

1983 1430 2058 1492 εἰς
2122 1430 2404 1505 βασιλείας
2465 1429 2724 1508 αὔταρκες
2801 1430 2983 1509 ὄγκον,
3044 1434 3096 1489 ἐν
3171 1440 3250 1508 τῷ
3318 1438 3454 1493 κατά
3523 1437 3633 1495 ἅνω

1981 1518 2343 1594 Σκαμάνδρου
2375 1523 2622 1597 φρουρίῳ
2672 1528 2750 1595 τῷ
2801 1521 2943 1577 οὕτω
2987 1544 3105 1586 πως
3158 1524 3452 1600 Ἀστυτζίῳ
3501 1530 3633 1584 ὑπο-

1978 1610 2325 1684 κοριζομένῳ
2398 1610 2654 1688 ἀσφαλῶς
2732 1611 3061 1670 ἐναπέκειτο.
3138 1612 3290 1683 Πλῆν
3365 1616 3463 1671 οὐκ
3541 1617 3633 1674 ἐκ·

1980 1698 2138 1775 λογαὶ
2217 1704 2387 1754 ταῦτα
2442 1700 2477 1769 ἢ
2537 1700 2810 1777 εἷ’σπραξις
2868 1699 3093 1774 ἄδικος,
3153 1701 3268 1757 οὐδ’
3321 1706 3624 1781 ἀνθρώπων

1896 1826 1941 1891 Β
1983 1787 2099 1861 βίος
2145 1789 2230 1842 καὶ
2287 1791 2529 1859 πενήτων
2586 1790 2695 1865 οὐχ
2731 1794 2891 1859 ἧττον
2923 1792 2958 1860 ἢ
2990 1793 3193 1865 χρυσὸς
3228 1794 3451 1867 α’ίματα,
3482 1795 3630 1852 ἀλλὰ

1973 1876 2212 1939 πλοῦτος
2244 1876 2303 1931 ἔκ
2329 1898 2387 1932 τε
2436 1885 2537 1947 τῆς
2591 1879 2713 1954 περὶ
2742 1879 2809 1933 τὰ
2865 1877 2977 1933 ἴδια
3034 1882 3376 1955 προμηθείας
3424 1885 3513 1938 καὶ
3567 1884 3626 1940 ἐκ

1972 1972 2071 2035 τῆς
2123 1970 2229 2020 τῶν
2279 1964 2588 2041 ἀλλοτρίων
2636 1968 2773 2022 κατά
2819 1969 3123 2043 προσενεξιν
3171 1970 3423 2046 εἰσφορᾶς
3483 1972 3618 2029 συλ-

1972 2054 2152 2132 λεγείς
2180 2077 2238 2111 τε
2281 2058 2371 2111 καί
2426 2057 2695 2128 αὐξηθείςο
2745 2058 2834 2112 τὸν
2889 2058 2984 2130 μὲν
3034 2058 3136 2134 γὰρ
3197 2059 3255 2114 ἐκ
3312 2062 3620 2135 γεωπονίας

1973 2152 2227 2222 συνῆγον,
2259 2147 2349 2202 τὸν
2398 2144 2444 2201 δ’
2492 2146 2542 2217 ἐξ
2583 2144 2907 2215 ἀλλοδαπῆς
2962 2145 3271 2224 συνέλεγον.
3319 2148 3470 2219 Πλὴν
3506 2151 3619 2226 οὐχ

1975 2233 2112 2289 ὥστε
2194 2236 2281 2289 καὶ
2368 2234 2890 2309 ἀποτεθησαυρίσθαι
2974 2237 3066 2291 τὸν
3148 2238 3321 2291 πάντα
3389 2237 3619 2311 μηδενὸς

1978 2324 2331 2398 μετέχοντος,
2382 2323 2510 2378 ἀλλ’
2566 2324 2961 2399 ἐξαιρουμένων
3016 2329 3127 2381 τῶν
3185 2327 3486 2401 ἀναγκαίων
3547 2329 3621 2391 εἰς

1977 2412 2151 2475 δόσεις
2183 2413 2271 2467 καὶ
2333 2413 2491 2489 ῥόγας
2544 2414 2634 2467 καὶ
2686 2411 3069 2487 δαπανήματα,
3128 2416 3217 2469 καὶ
3275 2414 3488 2488 μᾶλλον
3547 2418 3622 2480 εἷς

1974 2503 2242 2581 ἐπιφανῶν
2282 2504 2374 2576 μὲν
2409 2500 2619 2579 ἀνδρῶν
2663 2501 3007 2580 φιλοτιμίας,
3049 2506 3293 2574 πενήτων
3346 2503 3402 2560 δὲ
3449 2526 3626 2582 χορη-

1975 2593 2117 2670 γίας,
2178 2595 2251 2655 ὡς
2308 2593 2586 2668 ἐκχεῖσθαι
2640 2594 2757 2648 κατ’
2815 2594 3050 2648 ἀεννάων
3110 2600 3370 2668 ποταμῶν
3429 2594 3624 2671 πλημ-

1974 2812 2181 2869 attolli.
2212 2815 2399 2879 Quare
2430 2813 2488 2869 id
2535 2812 2805 2884 pluribus
2834 2813 3130 2886 suffragiis
3161 2814 3261 2869 68
3285 2815 3615 2886 jusserunt.

1971 2906 2182 2974 Magno
2216 2903 2399 2974 igitur
2429 2919 2732 2975 procerum
2767 2918 3058 2958 consensu
3109 2908 3344 2959 curator
3397 2905 3618 2961 electus

1973 2990 2308 3063 reipublicaa
2341 3008 2443 3063 per
2473 2997 2732 3048 teneram
2763 2991 3065 3063 regnantis
3095 2996 3345 3059 aetatem,
3406 3010 3613 3049 conce-

1971 3082 2143 3136 dente
2165 3080 2533 3151 imperatore,
2552 3080 2748 3151 magni
2767 3081 2935 3135 ducis
2953 3080 3346 3151 appellatione
3368 3082 3618 3153 insigni-

1969 3174 2085 3226 tur.
2129 3170 2329 3241 Itaque
2357 3186 2491 3224 mox
2521 3168 2879 3240 Palaeologus
2919 3169 3099 3224 simul
3158 3171 3276 3226 dux
3332 3187 3609 3243 magnus,

198 3258 413 3314 minus
446 3258 625 3326 unde,
659 3259 815 3328 quod
848 3257 1195 3313 naturaliter
1226 3258 1764 3321 amabatmuniﬁce
1796 3276 1860 3315 ac
1894 3245 1935 3311 C
1971 3258 2146 3315 simul
2175 3262 2330 3314 tutor
2348 3258 2630 3330 principis
2649 3258 3025 3325 acclamatus,
3047 3259 3117 3313 de
3140 3258 3359 3330 publici
3382 3259 3612 3316 consilii

198 3346 524 3419 splendide
554 3346 788 3402 viveret.
815 3347 991 3401 Porro
1014 3363 1084 3401 ne
1106 3346 1245 3401 hinc
1269 3347 1507 3417 quidem
1528 3347 1688 3403 visus
1710 3348 1860 3404 acci-

198 3453 344 3510 pere
378 3436 562 3492 nimis
593 3435 799 3508 cupide
830 3436 1091 3492 oblatum
1118 3436 1415 3504 honorem,
1444 3437 1762 3493 obnoxium
1798 3455 1859 3493 se

196 3542 267 3581 ac
297 3526 510 3596 gratia:
539 3525 865 3580 debitorem
888 3525 1288 3581 deferentibus
1312 3525 1859 3594 constitueret,inde

193 3632 338 3671 vero
356 3615 678 3670 formidare
694 3631 842 3671 onus
858 3615 1113 3686 impositi
1129 3615 1304 3670 ofﬁcii
1323 3616 1489 3686 quasi
1503 3616 1859 3671 conscientia

194 3704 577 3761 inﬁrmitatis
607 3705 922 3771 videretur,
955 3705 1209 3760 mediam
1243 3706 1396 3761 inter
1444 3704 1544 3761 illa
1596 3709 1859 3761 extrema

191 3795 359 3850 viam
399 3804 628 3862 tenens,
650 3794 904 3866 primum
941 3796 1110 3865 petiit
1134 3794 1523 3866 patriarcham
1558 3799 1855 3850 auctorem

195 3885 327 3940 ﬁeri
363 3885 616 3941 decretae
642 3884 757 3941 sibi
788 3884 1114 3956 dignitatis,
1148 3884 1396 3956 ideoque
1416 3883 1855 3940 conclusionem

194 3973 653 4031 deliberationis
684 3973 957 4030 ultimam
983 3975 1040 4028 in
1067 3975 1195 4045 ejus
1213 3974 1566 4047 proximum,
1595 3980 1661 4030 ut
1685 3980 1853 4047 puta-

197 4064 729 4132 batur,adventum
753 4064 994 4130 ditl’erri,
1022 4081 1133 4119 non
1161 4066 1315 4135 quod
1337 4063 1516 4135 hujus
1542 4082 1853 4122 assensum

197 4155 451 4213 omnino
486 4154 907 4221 necessarium,
934 4154 1032 4209 sed
1066 4155 1219 4225 quod
1251 4170 1316 4210 eo
1348 4155 1657 4211 accedente
1687 4172 1853 4211 secu-

196 4246 327 4301 rius
368 4243 817 4316 transigendam
845 4243 1194 4314 ﬁrmiusque
1225 4244 1696 4299 constituendam
1730 4262 1852 4299 rem

196 4338 461 4408 putaret.
496 4332 715 4389 Deinde
747 4332 970 4405 rogavit
1000 4338 1065 4389 ut
1094 4333 1205 4388 sibi
1237 4333 1373 4389 boni
1404 4334 1624 4406 publici
1657 4333 1851 4389 studio

197 4423 468 4480 difﬁcilis
491 4428 549 4479 et
572 4422 768 4495 gravis
790 4423 1220 4495 procurationis
1237 4424 1513 4479 subeunti
1532 4424 1849 4496 pondus,in

194 4514 462 4586 pretium
477 4528 665 4585 operae
681 4529 746 4568 ac
773 4512 1191 4568 sollicitudinis
1213 4515 1466 4585 regenda
1480 4514 1849 4586 imperatoris

1968 3348 2258 3405 sententia
2287 3364 2409 3403 rem
2441 3346 2857 3403 administrare
2882 3346 3178 3418 publicam
3211 3348 3609 3419 coapit,eaque

1966 3439 2269 3496 occasione
2301 3437 2527 3508 regium
2558 3437 2750 3509 attigit
2781 3436 3075 3493 aerarium.
3110 3438 3246 3492 Erat
3278 3442 3477 3493 autem
3523 3437 3609 3493 vis

1966 3528 2224 3600 pecuniae
2248 3528 2483 3583 condita
2500 3526 2559 3581 in
2582 3528 2724 3581 urbe
2746 3526 3047 3599 Magnesia
3070 3543 3181 3580 non
3202 3526 3373 3582 facile
3399 3543 3609 3583 nume-

1964 3617 2190 3687 rabilis,
2223 3616 2463 3673 collecta
2495 3620 2553 3671 et
2582 3616 2664 3671 ibi
2696 3615 2963 3688 deposita
2996 3631 3029 3670 a
3058 3616 3279 3670 Joanne
3308 3615 3469 3671 Duca
3496 3615 3611 3671 im-

1963 3711 2250 3779 peratore:
2284 3722 2421 3762 nam
2438 3722 2562 3777 quze
2587 3706 2702 3761 alia
2728 3704 2962 3776 proprie
2990 3722 3024 3760 a
3044 3705 3349 3760 Theodoro
3375 3705 3607 3760 Lascari

1962 3797 2090 3867 ejus
2124 3796 2243 3851 filio
2275 3798 2627 3867 congregata
2657 3794 2908 3865 pecunia
2938 3795 3128 3849 fuerat
3147 3798 3311 3849 tanta
3331 3811 3597 3861 numero,

1963 3892 2027 3940 ut
2055 3886 2125 3941 ad
2155 3886 2392 3955 quasvis
2449 3885 2680 3955 imperii
2740 3899 3028 3954 expensas
3086 3888 3283 3954 posset
3314 3884 3605 3952 sufﬁcere,

1961 3991 2164 4031 secure
2194 3973 2638 4029 custodiebatur
2659 3971 2717 4026 in
2747 3988 2878 4027 arce
2913 3973 2982 4026 ad
3016 3972 3446 4027 Scamandrum
3470 3974 3602 4043 sita,

1960 4080 2087 4135 quae
2120 4062 2412 4117 diminuto
2435 4058 2715 4115 vocabulo
2744 4060 3093 4131 Astytzium,
3127 4058 3236 4113 hoc
3285 4066 3371 4113 est
3431 4060 3602 4114 urbe-

1960 4153 2114 4221 eula,
2145 4156 2405 4207 vocatur.
2439 4150 2720 4205 Caeterum
2781 4166 2897 4204 non
2948 4165 3017 4204 ex
3076 4147 3517 4203 corrasionibus
3548 4152 3606 4203 et

1958 4242 2393 4299 extorsionibus
2424 4240 2643 4311 iniquis
2666 4240 2753 4294 hae
2785 4254 3030 4294 summae
3059 4238 3319 4293 conﬂata:
3351 4238 3601 4292 fuerant.

1957 4348 2148 4403 neque
2178 4332 2306 4402 ejus
2339 4330 2570 4401 generis
2602 4341 2768 4384 erant
2790 4328 2849 4381 hi
2882 4327 3146 4384 thesauri
3188 4343 3338 4397 quos
3388 4326 3602 4397 raptim

1958 4425 2263 4494 congestas
2298 4421 2355 4475 in
2398 4436 2583 4474 unum
2615 4418 2925 4474 hominum
2985 4417 3136 4472 vitas
3161 4422 3219 4472 et
3275 4432 3601 4487 pauperum

1956 4512 2302 4583 sanguinem
2337 4527 2453 4565 non
2486 4508 2778 4564 immerito
2802 4507 2934 4579 quis
2966 4505 3196 4571 dixerit,
3226 4506 3329 4560 sed
3357 4520 3425 4559 ex
3454 4509 3601 4560 tem-

195 4604 459 4676 pueritia
490 4603 882 4672 exantlandaa,
942 4618 1202 4659 annuere
1232 4602 1447 4659 vellent
1502 4603 1847 4662 excelsiores
1881 4616 1923 4680 Ι)
1958 4602 2184 4676 peranti
2208 4598 2575 4673 pareimonia
2598 4602 2742 4653 natae
2768 4596 2965 4668 copize,
2993 4596 3214 4650 fructus
3233 4594 3602 4649 oeconomica:

194 4693 347 4751 aula:
381 4692 720 4765 dignitates.

303 4800 399 4854 23.
440 4801 503 4857 Ut
534 4800 888 4870 Palaeologus
917 4801 1112 4943 φασιιέ
1140 4800 1291 4856 ducis
1315 4800 1521 4857 honore
1551 4805 1743 4857 auctus

959 4889 1076 4928 uer:
1112 4914 1124 4926 .

959 4889 1124 4928 ueru.

269 4961 505 5027 Quibus
552 4961 765 5018 auditis
796 4962 1130 5035 congregati
1162 4979 1426 5034 proceres
1485 4978 1707 5018 morem
1760 4960 1845 5016 illi

197 5052 528 5123 gerendum
562 5051 622 5105 in
647 5056 896 5123 utroque
923 5052 1165 5124 quaesito
1197 5057 1575 5109 censuerunt:
1622 5070 1757 5109 nam
1788 5055 1845 5107 et

197 5144 268 5198 ad
288 5140 701 5198 auctoritatem
731 5141 1393 5216 immutabilitatemque
1411 5160 1605 5200 rerum
1630 5160 1659 5198 a
1675 5160 1735 5198 se
1759 5145 1854 5202 de-

196 5236 494 5287 cretarum
522 5232 849 5287 conducere
883 5234 1171 5304 putabant
1194 5238 1348 5290 ratas
1381 5250 1477 5290 eas
1502 5235 1573 5289 ab
1600 5234 1854 5291 Ecclesia

199 5320 435 5389 haberi,
470 5321 687 5392 absque
714 5338 779 5377 eo
815 5327 1007 5378 tamen
1044 5328 1107 5378 ut
1150 5325 1364 5379 iterum
1400 5324 1456 5380 in
1508 5325 1753 5380 dubium
1788 5342 1853 5381 ac

202 5410 692 5467 deliberationem
725 5416 1071 5468 vocarentur
1099 5429 1112 5480 ;
1145 5417 1201 5468 et
1258 5430 1491 5484 aequum
1553 5414 1849 5486 plerisque

202 5507 783 5573 consentaneumque
814 5501 1004 5558 visum
1037 5507 1127 5557 est
1183 5507 1437 5559 tutorem
1461 5505 1855 5575 gubernanda:

205 5595 421 5647 tenerae
454 5591 737 5663 principis
760 5594 915 5648 aetati
945 5592 1323 5665 prmpositum
1348 5594 1406 5649 in
1428 5595 1853 5661 sublimiorem,

206 5697 386 5752 quam
418 5681 480 5737 in
514 5699 629 5754 quo
662 5682 946 5741 hactenus
968 5682 1251 5755 stetisset,
1278 5684 1583 5755 dignitatis
1606 5684 1854 5756 gradum

1960 4693 2284 4767 prudentiae
2318 4695 2625 4764 perceptus
2656 4706 2724 4745 ex
2767 4687 3143 4761 proventibus
3174 4701 3450 4757 agrorum
3500 4690 3603 4741 aut

1949 4786 2112 4857 justa
2170 4781 2624 4838 commutatione
2668 4776 3007 4833 commercii
3058 4791 3087 4830 e
3140 4774 3311 4831 terris
3367 4775 3600 4845 exteris,

1958 4872 2195 4928 innoxio
2230 4871 2526 4927 redituum
2558 4883 2789 4940 genere,
2824 4864 2970 4920 nihil
3004 4864 3325 4920 admistum
3378 4863 3603 4921 habens

1961 4964 2176 5020 odiosae
2198 4959 2621 5032 corrogationis
2648 4974 2715 5013 ex
2738 4956 2925 5012 alieno
2949 4971 3152 5010 censu.
3183 4955 3298 5010 Nec
3326 4970 3498 5025 porro
3521 4955 3602 5009 ibi

1961 5053 2337 5109 detinebatur
2367 5066 2538 5106 avara
2586 5047 2856 5103 custodia
2896 5044 3259 5100 necessarios
3304 5044 3604 5099 invidente

1962 5161 2107 5200 usus
2136 5138 2465 5213 egentibus,
2494 5139 2595 5196 sed
2620 5154 2733 5193 non
2752 5151 2920 5209 parce
2943 5134 3435 5206 prolundebatur,
3467 5150 3601 5189 cum

1962 5238 2266 5304 eratopus,
2310 5232 2369 5286 in
2396 5229 2694 5298 donativa,
2738 5225 3033 5299 stipendia
3055 5224 3401 5295 similesque
3441 5238 3607 5279 sum-

1962 5328 2119 5396 ptus,
2155 5321 2406 5377 maxime
2435 5322 2492 5375 in
2524 5318 2835 5374 muniﬁcas
2864 5314 3229 5388 largitiones,
3264 5313 3483 5386 quibus
3516 5311 3604 5366 vel

1964 5408 2451 5480 insignibusviris
2470 5401 3100 5478 magnorumlaborum
3118 5401 3605 5473 egregiorumque

1964 5499 2290 5555 facinorum
2342 5514 2562 5553 merces
2596 5493 3041 5562 numerabatur,
3089 5492 3178 5547 vel
3208 5490 3369 5563 inopi
3422 5487 3603 5544 turba:

1963 5589 2456 5661 suppeditabatur
2473 5585 2943 5651 undeviveret,ut
2960 5599 3026 5639 ex
3044 5582 3135 5638 his
3151 5580 3319 5654 quasi
3342 5577 3603 5636 fontibus

1964 5678 2135 5750 regim
2172 5677 2581 5735 misericordia:
2614 5677 2672 5732 in
2704 5672 3038 5731 felicitatem
3072 5670 3367 5744 publicam
3403 5683 3603 5743 peren-
