4034 6200
389 292 498 348 503
1701 281 1999 337 GEORGII
2037 281 2501 338 PACHYMERB
3663 283 3755 340 504

401 419 574 496 μόρας
627 416 690 471 τὸ
725 407 1007 489 βασιλικὸν
1060 404 1238 496 ἔλεος,
1295 405 1357 461 τὸ
1400 404 1614 496 ,λοιπὸν
1654 409 1761 460 τῶν
1824 404 2047 496 χρημάέ
2078 411 2133 479 Α
2159 405 2211 461 τί
2239 405 2343 482 γὰρ
2442 409 2538 461 τοῦ
2569 407 2808 496 Χριστοῦ
2860 403 3039 496 νόμος,
3077 401 3218 496 ἄλλο
3250 403 3544 496 βούλεταιό
3581 403 3754 465 διδόναι

398 490 507 564 των
583 507 699 563 τοῖς
774 496 1046 571 ταμιείοις
1119 493 1590 570 ἐντεθησαύριστο.
1669 497 1746 552 Τὸ
1810 496 1911 572 γάρ
1961 495 2049 550 ἐπὶ
2158 502 2317 551 πᾶσιν
2367 495 2664 552 ἐπιτάττων
2717 494 2956 552 αῗτοῦσιν
3011 495 3046 563 ἢ
3083 493 3218 549 ὥστε
3263 493 3462 556 πάντας
3509 490 3640 570 ἔχειν
3683 501 3754 553 καὶ

403 596 577 670 Κύρου
607 591 694 646 καὶ
757 586 991 662 Δαρείου,
1030 587 1093 640 τὸ
1132 583 1302 640 πάλαι
1334 582 1632 658 λεγόμενον
1691 584 1771 639 ἐπ’
1827 584 2054 646 ἐκείνοις
2159 583 2530 660 ἐξαπορεῖσθαι
2576 583 2805 660 μηδένα,
2858 587 3047 640 κοινοῦ
3093 583 3447 658 προκειμένου
3478 588 3566 638 τοῦ
3591 584 3754 660 νόμου,

404 669 655 756 ἄντικρυς
689 678 780 747 ἦν,
811 676 902 732 καὶ
953 677 980 730 6
1035 675 1128 749 μὲν
1192 675 1447 744 Ἰωάννης
1501 675 1681 748 πατὴρ
1739 672 2055 748 Ῥωμαίων,
2163 676 2238 738 ὡς
2270 673 2450 730 άλλου
2486 675 2808 750 παρέξοντος
2861 672 3108 747 ἐτοίμου,
3160 671 3266 748 εἷ’γε
3313 669 3479 735 ἄλλος
3532 673 3755 749 ἀπορήσει

408 774 436 828 6
469 769 514 827 δ’
544 770 608 824 αὗ
638 765 922 843 Θεόδωρος
971 763 1239 835 δεσπότης
1289 762 1729 836 ἐπωνομάζοντο.
1764 763 1856 824 Εἷς
1900 763 2057 818 τόσον
2166 762 2368 826 διδούς.
2401 767 2530 826 Τοῖς
2557 763 2614 819 δὲ.
2643 785 2705 840 γε
2754 762 3129 838 μικροψύχοις
3174 761 3262 818 καὶ
3317 762 3379 816 τὸ
3435 762 3544 816 κατ’
3595 762 3754 839 ἐγγύην

404 859 497 917 καὶ
536 859 641 935 γὰρ
672 859 700 912 6
736 857 830 930 μὶν
883 854 1141 926 Ἰωάννης
1188 857 1647 928 προμηθευτικῶς
1690 858 1809 915 τοῖς
1868 853 2061 908 ἅπασιν
2165 853 2332 929 χρέος
2361 853 2438 918 εἷς
2475 851 2894 909 πολλαπλάσιον
2939 852 3215 929 πρόσεστι,
3243 850 3332 907 καὶ
3364 850 3612 927 ἐγγυητὴς
3635 855 3760 926 Θεὸς,

411 951 582 1026 εἶχεν,
610 945 864 1002 ὥστεκαὶ
913 943 1052 1000 ἰδίαν
1101 943 1358 1020 πρόνοιαν
1407 949 1507 1012 τῆς
1559 940 1854 1017 βασιλικῆς
1907 942 2061 1012 ἐξου-
2165 943 2228 999 τὸ
2256 945 2578 1016 θαυμάσιον.

413 1040 537 1101 σίας
615 1037 681 1092 τά
763 1033 1037 1111 λεγόμενα
1116 1031 1462 1108 ζευγελατεῖα
1541 1029 1850 1105 ἠδούμενος
1936 1033 2062 1105 παρ’

415 1128 640 1186 ἕκαστον
696 1123 926 1199 κάστρον
998 1121 1088 1178 καὶ
1141 1121 1400 1200 φρούριον
1459 1122 1650 1195 κώμας
1708 1119 1796 1175 ἐπὶ
1849 1120 2066 1181 τούτοις

417 1217 669 1288 καθίστη,
731 1215 812 1292 ἐφ’
870 1215 1018 1288 ᾧπερ
1077 1210 1138 1268 ἐκ
1199 1217 1301 1281 τῆς
1348 1210 1566 1266 ἐκείνων
1634 1208 1920 1287 ἐπικαρίας
1977 1209 2066 1264 καὶ

421 1308 677 1382 εῗσφορᾶς
706 1307 1016 1378 σι’ταρκοῖτο
1069 1301 1164 1374 μὲν
1211 1302 1301 1356 καὶ
1342 1302 1404 1356 τὸ
1453 1301 1849 1374 παρακείμενον
1897 1297 2069 1377 φρού-

421 1391 716 1474 ριον,ἔχοι
748 1392 806 1450 δὲ
857 1414 918 1470 γε
971 1394 1058 1448 καὶ
1094 1394 1122 1447 6
1172 1395 1382 1466 κρατῶν
1443 1391 1678 1455 ἐντεῦθεν
1739 1389 1979 1452 πολλοῖς
2034 1387 2070 1458 ἢ

421 1487 512 1543 καὶ
569 1485 730 1540 πὰσιν
786 1480 1056 1554 ἐξαντλεῖν
1131 1482 1226 1543 τὰς
1280 1487 1381 1550 τῆς
1461 1479 1764 1556 εὐεργεσίας
1835 1479 2073 1553 ἀμάρας.

421 1580 485 1634 '0
534 1573 592 1630 δέ
622 1595 685 1648 γε
722 1569 1006 1644 Θεόδωρος
1053 1570 1100 1625 εἷ
1148 1570 1239 1625 καὶ
1290 1567 1717 1646 δραστικώτερον
1770 1567 2076 1645 ἐχρυσολό-

425 1687 506 1741 γει
551 1663 611 1719 ἐκ
663 1665 861 1717 κοινῶν
920 1657 1244 1730 συνδόσεων,
1275 1659 1401 1714 ἀλλ’
1432 1657 1510 1722 εἷς
1538 1658 1600 1713 τὸ
1656 1657 2079 1714 πολλαπλάσιον

431 1755 670 1826 ἐξεκὲνου
713 1752 940 1827 γνώμης
993 1747 1290 1819 ἁπλότητι,
1339 1747 1391 1818 ἐξ
1439 1749 1512 1802 ὧν
1565 1743 1880 1821 ἀμπώτιδὲς
1941 1768 2080 1809 τινες

435 1843 522 1899 καὶ
563 1836 860 1917 χαρύϐδεις
915 1838 990 1900 ὡς
1049 1836 1159 1892 ἐκεῖ
1208 1842 1310 1906 τῆς
1366 1833 1642 1906 Θαλάσσης
1699 1835 1924 1899 ἐνταῦθα
1976 1839 2084 1890 τῶν

433 1931 732 2009 χρημάτων
791 1927 1116 1983 ἐδείκνυντο’
1174 1927 1237 1981 τὸ
1293 1927 1394 2002 γὰρ
1452 1925 1848 2002 ἀφαιρούμενον
1916 1923 2081 1994 ἐπλη⁹

434 2027 596 2099 ροῦτο
636 2021 802 2076 πάλιν
862 2016 924 2073 ἐκ
975 2020 1074 2073 τοῦ
1133 2013 1354 2092 ῥᾳδίως,
1413 2015 1504 2070 καὶ
1559 2016 1624 2084 ἦν
1683 2017 1718 2084 ἡ
1775 2018 1872 2068 τοῦ
1928 2012 2082 2075 ὄντος

431 2109 711 2190 ἀφαίρεσις
756 2111 853 2163 τοῦ
900 2105 1331 2182 προσγινομένου
1378 2109 1496 2166 τοῖς
1544 2103 1879 2190 ἀφαιρεθεῖσι
1911 2103 2080 2190 πρόσ-

427 2204 571 2263 θεσις
626 2199 861 2267 πλείων,
919 2195 1146 2252 ἐκάστου
1203 2198 1354 2268 μεῖον
1435 2195 1528 2267 μὲν
1600 2189 1944 2255 συνδιδὸντος
1993 2189 2083 2246 διὰ

423 2291 523 2359 τὴν
553 2288 739 2356 κοινὴν
769 2285 1070 2360 εἴσπραξιν,
1099 2282 1266 2340 πλέον
1312 2280 1355 2338 δ’
1403 2280 1631 2358 ἔχοντος
1664 2283 1830 2358 οὗπερ
1863 2281 2084 2358 ἀφῄρη-

424 2401 511 2436 ται
571 2377 632 2433 ἐκ
685 2381 782 2431 τοῦ
838 2376 1044 2436 πάντας
1112 2372 1173 2428 ἐκ
1240 2371 1509 2448 βασιλέως
1552 2369 1742 2448 ἔχειν,
1799 2371 2091 2427 κάντεῦθεν·

426 2470 516 2525 καὶ
560 2468 917 2543 ἱπιχόρηγεῖν
977 2462 1104 2520 ὅτου
1145 2461 1322 2518 δέοιτό
1377 2482 1461 2526 τις
1511 2461 1571 2516 ἐκ
1597 2465 1695 2516 τοῦ
1752 2461 2082 2537 προχείρου,

427 2559 524 2614 κάν
555 2557 634 2630 τῷ
661 2554 867 2611 διδόναι
903 2550 1115 2628 μᾶλλον
1167 2550 1379 2626 χαίρειν
1410 2552 1445 2622 ἢ
1476 2555 1556 2623 τῷ
1600 2545 1921 2624 λαμϐάνειν.
1976 2551 2079 2606 Καὶ

437 2777 538 2833 nia
557 2773 807 2832 ﬂumina
821 2771 1240 2828 redundarent.
1256 2769 1421 2834 Quod
1443 2769 1542 2824 69
1566 2785 1696 2826 vero
1729 2769 1862 2826 istis
1884 2783 2088 2841 super-

438 2869 564 2922 erat
593 2862 952 2936 sumptibus,
985 2859 1191 2917 sedulo
1223 2856 1702 2915 conservabatur.
1737 2859 1897 2925 Quod
1929 2858 2088 2913 enim

441 2957 512 3012 de
543 2957 687 3027 Cyro
722 2951 1008 3023 Darioque
1039 2949 1366 3016 dicebatur,
1392 2949 1554 3005 hisce
1587 2964 1819 3021 quoque
1847 2947 2087 3004 omnino

441 3042 825 3100 conveniebat
846 3038 1322 3114 principibus.Ac
1334 3039 1593 3095 Joannes
1614 3039 1855 3110 quidem
1868 3043 2087 3094 Roma-

2170 1047 2270 1106 κδ’.
2331 1053 2524 1113 ’Ὀπως
2570 1052 2805 1124 νοσήσας
2832 1050 2860 1104 6
2897 1047 3150 1124 βασιλεὺς
3181 1049 3435 1118 Ἰωάννης
3463 1045 3633 1104 πολλᾶ
3671 1054 3765 1112 τοῖς

2685 1123 2821 1191 πένη
2832 1120 2911 1176 σιν
2945 1120 3305 1197 ἐχορήγησεν.

2249 1214 2308 1284 [Ρ
2338 1213 2450 1284 41]’
2484 1209 2766 1284 Βούλομαι
2798 1209 2988 1280 ,τοίνυν
3036 1211 3127 1266 καὶ
3174 1209 3315 1266 ἄλλο
3361 1230 3414 1265 τι
3459 1207 3773 1284 διηγήσασθαι

2179 1301 2304 1375 περὶ
2353 1299 2584 1370 τούτων,
2633 1305 3002 1375 παραιτοῦμαι
3048 1297 3127 1370 δὲ,
3175 1297 3260 1354 ὅτι
3298 1301 3389 1354 καὶ
3439 1299 3466 1352 ὁ
3512 1296 3660 1374 λόγος
3708 1297 3778 1354 διὰ

2177 1389 2241 1444 τὸ
2320 1390 2597 1464 χρήσιμον
2672 1384 3114 1465 παραϐἐϐασταί.
3171 1388 3351 1450 Νόσος
3425 1387 3661 1462 ἐνέσκηψε
3714 1393 3778 1460 τῷ

2186 1474 2403 1551 βασιλεῖ
2457 1477 2680 1551 Ἰωάννῃ
2734 1477 2869 1532 ποτὶ
2921 1477 3258 1556 ἀφαιρεθέντι
3313 1478 3413 1547 τήν
3467 1475 3545 1531 ἐπ’
3593 1475 3774 1551 ἀγαθοῖς

2189 1566 2389 1641 βοηθὸν
2421 1564 2674 1641 σύζυγον,
2725 1568 2824 1636 τὴν
2872 1565 2971 1621 οὐκ
3022 1564 3128 1621 οἶδ’
3161 1567 3191 1621 6'
3221 1587 3274 1620 τι
3318 1565 3407 1620 καὶ
3437 1569 3517 1642 φῶ
3557 1569 3652 1619 τῶν
3673 1576 3774 1629 θαυ-

2191 1655 2396 1728 μασίων
2427 1656 2713 1728 ὀνομάτων
2760 1655 3024 1731 Εξρήνην.
3075 1655 3165 1711 καὶ
3197 1658 3232 1726 ἡ
3267 1656 3424 1718 νόσος
3470 1656 3540 1718 ὡς
3572 1652 3771 1730 χαλεπή·

2189 1742 2489 1814 ἐπείληπτο
2535 1743 2636 1820 γὰρ
2683 1743 2774 1800 διὰ
2815 1745 2877 1800 τὸ
2924 1751 3122 1821 γῆρας,
3171 1746 3348 1817 οἶμαι.
3398 1747 3515 1801 Τῶν
3557 1748 3669 1820 γοῦν
3710 1743 3775 1796 ἰα-

2189 1837 2333 1908 τρῶν
2375 1832 2726 1907 ἀπορούντων
2773 1833 2857 1909 ἐφ’
2889 1834 2992 1888 ὅτι
3043 1834 3131 1889 καί
3176 1835 3490 1910 τράποιντο,
3536 1832 3675 1894 αὐτὸς
3711 1830 3778 1886 ἐπὶ

2193 1922 2323 1978 Θεὸν
2362 1923 2706 1999 καταφεύγει,
2757 1923 2846 1978 καὶ
2893 1924 2956 1978 τὸ
2999 1923 3207 1979 ἐκείνου
3260 1925 3394 2000 πρὸς
3443 1921 3625 1985 πάντας
3662 1919 3781 1984 ἔλεος

2189 2011 2326 2067 κατὰ
2379 2012 2443 2067 τὸ
2503 2011 2726 2068 δυνατὸν
2784 2013 3119 2086 ἐκμιμεῖται³
3193 2020 3417 2090 ⁴Ὡριστο
3468 2011 3668 2084 τοίνυν,
3712 2011 3780 2066 καὶ

2192 2122 2412 2163 σακκοις
2443 2103 2471 2156 ὁ
2503 2102 2708 2177 χρυσὸς
2755 2101 3107 2173 ἐξαντλεῖται,
3157 2104 3253 2158 καὶ
3309 2102 3410 2157 ἀνά
3451 2099 3504 2172 ἓξ
3543 2103 3624 2156 καὶ
3661 2102 3780 2176 τριά-

2189 2211 2355 2245 κοντα
2427 2195 2534 2246 τῶν
2610 2187 2928 2263 ἆκιϐδήλων
3014 2193 3370 2266 νομισμάτων
3443 2191 3632 2264 ἑκάστῳ
3697 2194 3780 2245 τῶν

2191 2277 2542 2350 ὁπουδήποτε
2589 2281 2799 2358 ἆοόρων
2852 2278 3083 2354 δίδοται,
3148 2281 3328 2358 χωρὶς
3384 2286 3486 2336 τῶν
3529 2280 3600 2343 εἲς
3645 2279 3783 2344 θείους

2189 2368 2346 2432 ναοὺς
2377 2369 2466 2426 καὶ
2527 2371 2696 2444 μονὰς
2750 2370 2841 2426 καὶ
2899 2369 3172 2447 Θεοφιλεῖς
3234 2367 3433 2445 ἄνδρας
3489 2367 3780 2443 ἐξαντληθὲν-

2188 2481 2320 2532 των,
2369 2458 2840 2536 ἐπιμετρουμένου
2885 2465 2984 2516 τοῖ’)
3032 2460 3225 2524 ἐλέους
3274 2459 3545 2524 πλείστοις
3574 2458 3777 2531 ἡμιόνων

2192 2547 2477 2626 σάγμασιν.
2526 2548 2681 2607 Ἀλλ’
2724 2550 3094 2625 ἐπιμετρεῖται
3135 2554 3218 2624 τῷ
3263 2547 3402 2606 ἐλέει
3442 2549 3501 2604 τὸ
3545 2553 3631 2604 τοῦ
3674 2548 3780 2602 Θεοῦ

2200 2783 2378 2840 quam
2411 2769 2722 2842 acciperet:
2757 2768 2899 2840 quin
2930 2768 3087 2825 enim
3125 2769 3226 2824 το
3253 2768 3415 2824 aliud
3471 2767 3666 2827 Christi
3711 2766 3782 2824 lex

2198 2857 2544 2929 praescribit,
2579 2859 2714 2914 dare
2747 2859 2932 2915 cuivis
2976 2858 3198 2930 petenti
3258 2857 3628 2930 praecipiens?
3652 2857 3784 2927 cujus

2199 2946 2352 3002 beati
2386 2948 2616 3003 fructus
2645 2951 2735 3003 est
2765 2948 3066 3004 abundare
3098 2946 3427 3018 universos,
3453 2963 3612 3020 egere
3637 2947 3787 3002 nemi-

2198 3052 2354 3104 nem,
2384 3041 2802 3109 compensante
2834 3037 3246 3094 vicissitudine
3277 3035 3647 3094 communiter
3682 3031 3785 3091 utili

439 3149 650 3191 norum
683 3135 866 3203 pater,
899 3129 1244 3186 Theodorus
1271 3143 1406 3184 vero
1437 3128 1714 3184 dominus
1744 3127 2080 3184 vocabatur.
2114 3143 2156 3212 C
2197 3130 2437 3182 mutuos
2462 3127 2748 3195 defectus,
2781 3127 2922 3183 dum
2956 3131 3166 3199 praesto
3198 3131 3295 3183 est
3328 3127 3425 3199 qui
3473 3125 3713 3183 refundat
3735 3141 3786 3180 ex

435 3225 576 3279 Tam
610 3220 856 3294 provida
882 3233 1142 3290 namque
1173 3217 1584 3274 curaJoannes
1605 3218 1844 3289 quidem
1868 3219 2081 3272 cuncta

439 3309 838 3385 gubernabat,
897 3311 964 3364 ut
1014 3323 1120 3362 nec
1184 3305 1496 3376 indignum
1556 3305 1787 3378 fastigio
1847 3306 2083 3361 duceret

439 3401 510 3456 ad
536 3397 1004 3470 procurationem
1028 3393 1310 3450 humilem
1333 3395 1685 3451 descendere
1702 3393 2082 3450 instrumenti

442 3487 620 3544 etiam
652 3485 856 3541 rustici
889 3500 954 3539 ac
975 3485 1387 3554 jumentorum
1410 3484 1481 3538 ad
1509 3482 1883 3554 agriculturae
1915 3482 2086 3538 mini-

446 3575 650 3644 steria,
683 3574 771 3630 vel
805 3575 1001 3628 aratra
1031 3571 1122 3628 vel
1175 3587 1412 3627 sarraca
1468 3571 1873 3640 trahentium;
1917 3572 2086 3642 cujus

448 3663 680 3739 generis
713 3661 1041 3735 provisores
1071 3674 1138 3716 ac
1165 3661 1471 3726 praefectos
1501 3677 1604 3731 per
1633 3664 1825 3716 castra
1856 3660 2091 3732 singula

450 3750 1167 3818 constituerat,attributis
1189 3750 1402 3822 cuique
1418 3747 1534 3806 arei
1553 3751 1803 3822 ejusque
1819 3749 2090 3822 praesidio

449 3843 626 3901 certis
643 3841 832 3916 pagis,
856 3841 1010 3897 unde
1031 3839 1378 3896 sufficientis
1409 3857 1652 3896 annonae
1675 3840 1842 3912 copia
1863 3857 1980 3896 non
2001 3857 2094 3896 so-

450 3933 576 3989 lum
607 3931 899 3989 militibus
925 3935 1282 4003 suppeteret,
1316 3930 1418 3986 sed
1449 3944 1518 3984 ex
1562 3928 1886 3985 abundanti
1916 3928 2095 3984 etiam

448 4023 584 4079 inde
614 4021 886 4096 princeps
919 4019 1162 4076 haberet
1191 4019 1346 4092 quod
1379 4018 1543 4090 larga
1561 4017 1620 4074 in
1645 4018 1863 4075 multos
1880 4018 2097 4074 beneﬁ-

449 4111 638 4169 centia
668 4110 1071 4183 profunderet.
1102 4108 1440 4164 Theodorus
1471 4124 1644 4180 porro
1675 4107 1782 4164 etsi
1807 4107 2100 4164 efficacior

449 4201 511 4258 in
541 4217 685 4257 auro
716 4217 785 4256 ex
804 4198 1105 4256 communi
1123 4197 1435 4255 collatione
1461 4198 2097 4270 congregando,tamen

451 4292 611 4348 idem
643 4292 769 4345 erat
798 4304 914 4361 prie
937 4286 1311 4360 simplicitate
1334 4288 1549 4344 mentis
1566 4286 1724 4343 haud
1749 4287 1894 4343 satis
1916 4291 2097 4343 cautae

452 4381 512 4437 in
546 4379 751 4436 eodem
783 4377 1027 4450 prodige
1057 4377 1449 4450 dispergendo
1482 4377 1796 4448 profusior,
1829 4381 1892 4432 ut
1941 4376 2096 4447 quod

454 4471 516 4526 in
544 4465 860 4526 maritimis
891 4465 1495 4538 aastibusEuriporum
1512 4483 1577 4522 ac
1598 4465 2098 4540 Charybdum,hic

458 4573 693 4632 quoque
706 4556 959 4629 quadam
980 4554 1206 4612 alterna
1228 4555 1684 4627 reciprocatione
1696 4555 1989 4612 efﬂuentis
2011 4572 2098 4611 re-

459 4646 814 4718 ﬂuentisque
844 4644 1104 4718 pecuniae
1145 4649 1500 4714 cerneretur,
1533 4645 1802 4702 exhausti
1835 4662 1938 4718 per
1984 4645 2102 4701 lar-

460 4735 910 4810 gitionesasrarii
925 4734 1160 4790 damnis
1176 4733 1330 4789 facili
1353 4750 1487 4790 mox
1507 4736 1910 4807 corrogatione
1931 4750 2103 4807 repo-

461 4826 738 4895 sitis,imo
758 4825 912 4897 quod
931 4840 1252 4894 expensum
1268 4829 1393 4881 erat
1409 4825 1810 4882 abundantius
1823 4826 2104 4882 redeunte

460 4932 566 4989 per
595 4915 858 4971 modicas
886 4913 1021 4970 licet
1047 4912 1318 4986 singulis,
1343 4919 1614 4971 caeterum
1641 4921 1879 4988 propter
1909 4915 2106 4972 multi-

457 5005 727 5062 tudinem
782 5003 1213 5061 conferentium
1268 5004 1325 5059 in
1380 5021 1648 5062 summas
1679 5005 1764 5062 vel
1816 5005 2103 5062 maximas

457 5095 801 5151 excedentes
839 5093 1304 5150 contributiones
1361 5094 1734 5150 subditorum
1765 5113 1780 5164 ;
1815 5112 1919 5151 nec
1965 5096 2102 5150 inde

456 5184 748 5241 exhausta
780 5184 1006 5256 privata
1035 5199 1532 5256 quorumcunque
1565 5184 1862 5255 facultate,
1906 5185 2100 5258 utique

457 5272 766 5346 quamlate
787 5273 856 5329 ad
874 5290 1080 5329 omnes
1098 5280 1515 5346 promauantes
1537 5273 1759 5329 etvarie
1777 5274 1833 5328 in
1857 5275 2098 5331 domum

460 5381 528 5419 ac
558 5365 855 5419 fortunam
884 5379 1182 5435 quamque
1214 5364 1455 5434 perenni
1478 5362 1731 5434 quodam
1757 5378 1931 5418 cursu
1967 5381 2100 5434 pro-

459 5455 708 5509 ﬂuentes
772 5451 1117 5525 principalis
1183 5452 1578 5508 beneficentiae
1636 5450 1857 5506 alerent
1909 5452 2100 5508 rivuli.

464 5547 739 5614 Prompta
757 5543 974 5614 quippe
998 5547 1204 5614 praesto
1224 5542 1426 5597 aderat
1449 5541 1711 5596 omnium
1737 5542 2101 5598 necessitati-

463 5632 575 5686 bus
607 5629 768 5701 larga
801 5631 1134 5702 benignitas
1165 5631 1448 5702 principis
1478 5629 1759 5688 libentius
1789 5630 2101 5690 tribuentis

2197 3215 2429 3286 publico
2462 3223 2750 3288 quantum
2769 3232 2838 3273 ex
2856 3217 3076 3289 privato
3093 3217 3347 3289 quilibet
3367 3215 3616 3272 contulit.
3635 3218 3673 3270 A
3694 3230 3783 3285 quo

2190 3321 2261 3360 ne
2291 3304 2646 3361 abhorreant
2674 3307 3026 3362 commercio
3057 3306 3245 3362 animi
3275 3305 3492 3378 pusilli,
3516 3305 3780 3375 fidejusso-

2192 3411 2336 3465 rem,
2368 3398 2520 3467 quod
2553 3398 2767 3454 mirum
2810 3401 2922 3466 est,
2968 3413 3032 3453 se
3086 3403 3246 3453 Deus
3307 3398 3492 3464 offert,
3545 3394 3776 3468 pollicens

2195 3503 2257 3542 se
2287 3503 2675 3559 reponsurum
2708 3487 3103 3561 multiplicato
3165 3488 3389 3546 fmnore
3445 3487 3585 3560 quod
3616 3486 3778 3541 datum

2197 3577 2394 3633 fuerit.

2199 3686 2290 3741 24.
2329 3686 2390 3742 Ut
2417 3689 2708 3758 aegrotans
2735 3686 3044 3756 imperator
3089 3686 3333 3742 Joanne:
3363 3685 3541 3741 multa
3584 3681 3792 3755 pauperi-

2791 3759 2888 3814 bus
2917 3759 3260 3831 erogaverit.

2275 3845 2420 3902 Nolo
2451 3849 2507 3902 et
2552 3845 2711 3902 aliud
2759 3846 2940 3918 hujus
2993 3846 3231 3917 generis
3291 3863 3544 3913 narrare,
3597 3848 3792 3918 petoque

2205 3936 2459 4004 veniam,
2494 3935 2542 3990 si
2573 3935 2905 4007 argumenti
2937 3936 3188 3992 utilitate
3221 3940 3506 3995 tractatus
3533 3933 3794 4008 digressio-

2207 4025 2384 4081 nibus
2403 4025 2700 4097 indulgeo.
2735 4025 2936 4082 Morbo
2960 4031 3269 4098 correptus
3301 4027 3602 4100 aliquando
3622 4028 3695 4080 est
3709 4022 3794 4076 im-

2209 4116 2439 4184 perator
2465 4112 2727 4169 Joannes
2749 4129 2954 4169 recens
2983 4113 3265 4172 viduatus
3298 4113 3564 4187 praeclara
3584 4113 3634 4168 in
3660 4108 3794 4166 rebus

2207 4201 2380 4258 bonis
2404 4201 2690 4273 adjutrice
2721 4203 2992 4275 conjuge,
3026 4201 3148 4272 illa,
3201 4204 3470 4275 inquam,
3517 4194 3794 4258 admirabili

2211 4291 2396 4357 Irene,
2427 4291 2522 4348 cui
2552 4307 2655 4363 pro
2679 4290 2888 4347 merito
2921 4291 3232 4348 laudandae
3267 4294 3442 4349 verba
3472 4287 3796 4348 desunt.Erat

2211 4385 2408 4436 autem
2460 4380 2702 4436 morbus
2769 4397 2909 4437 sane
2965 4381 3235 4438 sonticus
3266 4385 3323 4438 et
3378 4380 3582 4452 gravis,
3623 4375 3795 4448 quippe

2209 4486 2381 4526 casus
2407 4469 2721 4526 inducebat
2743 4469 3071 4543 epilepticis
3114 4470 3549 4528 accessionibus
3595 4463 3792 4529 similes.

2208 4560 2315 4616 etsi
2351 4561 2496 4618 forte
2526 4560 2586 4616 hi
2617 4559 2905 4617 debilitati
2936 4562 3123 4618 (etatis
3152 4562 3278 4633 jam
3309 4565 3576 4634 provecta
3617 4553 3793 4628 justius

2213 4649 2492 4720 imputari
2527 4651 2881 4722 potuissent.
2915 4651 3161 4706 Incertis
3194 4651 3438 4707 medicis
3467 4665 3574 4722 quo
3603 4662 3658 4703 se
3692 4657 3793 4698 ver-

2211 4739 2420 4806 terent,
2458 4753 2608 4810 aeger
2638 4740 2709 4794 ad
2743 4739 2928 4795 Deum
2955 4739 3243 4812 confugit,
3278 4745 3336 4796 et
3363 4740 3490 4812 ejus
3521 4737 3714 4808 largam
3747 4731 3789 4784 in

2213 4841 2417 4882 omnes
2450 4827 2918 4884 misericordiam
2952 4833 3126 4900 prout
3156 4833 3384 4902 poterat
3412 4827 3790 4891 imitatur.ErgO

2212 4917 2342 4988 ejus
2373 4917 2645 4973 mandato
2677 4917 2948 4973 hauritur
2976 4923 3033 4973 et
3064 4918 3360 4974 thesauris
3401 4932 3599 4973 aurum
3642 4909 3790 4985 plenis

2212 5006 2419 5074 saccis,
2453 5011 2511 5061 et
2539 5007 2609 5062 ad
2633 5024 2732 5062 sex
2763 5011 2820 5062 et
2849 5006 3090 5079 triginta
3119 5008 3312 5078 probas
3345 5011 3580 5062 moneta:
3607 4995 3789 5058 nummi

2211 5110 2524 5166 egenorum
2539 5093 2780 5150 cuilibet
2793 5095 3134 5166 ubicunque
3151 5097 3488 5167 degentium
3503 5091 3653 5149 divisi
3666 5089 3788 5152 sunt,

2213 5187 2420 5256 praeter
2449 5201 2514 5239 ea
2545 5201 2670 5256 qua:
2695 5184 2753 5239 in
2779 5201 2945 5240 sacra
2975 5185 3076 5240 Dei
3109 5184 3351 5256 templa,
3385 5185 3442 5239 in
3492 5173 3792 5238 monasteria

2212 5279 2268 5329 et
2299 5273 2450 5330 viros
2477 5274 2592 5330 Deo
2615 5273 2854 5329 devotos
2885 5279 3026 5329 sunt
3054 5290 3328 5345 expensa,
3387 5271 3705 5329 liberalitate
3739 5279 3790 5318 ea

2217 5380 2315 5434 per
2346 5363 2564 5419 multos
2595 5367 2842 5418 onustos
2876 5363 3068 5419 mulos
3098 5379 3212 5435 quo
3229 5363 3486 5434 Oportuit
3508 5355 3789 5416 missaJlazc

2215 5453 2460 5525 Augusti
2507 5451 2910 5508 misericordia
2965 5453 3222 5508 divinam
3279 5453 3337 5507 in
3399 5469 3527 5508 eum
3576 5443 3785 5505 attraxit.

2213 5546 2357 5612 Ergo
2389 5543 2438 5597 is
2469 5543 2818 5613 aegritudine
2849 5542 3108 5613 primum
3151 5543 3302 5597 facta
3355 5540 3567 5605 leviori,
3621 5531 3786 5591 deinde

2211 5631 2384 5706 plane
2414 5631 2730 5704 convaluit,
2758 5631 2974 5703 gaudio
3005 5632 3135 5703 ejus
3151 5635 3206 5688 et
3238 5631 3428 5688 fructu
3442 5626 3787 5694 animi,qusn-
