4034 6200
309 310 425 366 505

1406 315 1503 368 DE
1538 313 1912 370 MICHAELE
1946 312 2390 372 PALEOLOGO
2428 316 2561 371 LIB.
2606 319 2651 370 Ι.

3628 314 3738 373 506

316 431 495 505 ἔλεος,
524 433 615 489 καὶ
664 431 837 509 ῥαίζει
884 439 984 503 τῆς
1034 434 1196 489 νόσου
1229 435 1256 489 ὁ
1286 433 1543 507 ἀσθενων,
1601 435 1690 491 καὶ
1750 436 1968 511 ὲπιγάν-
2000 436 2252 505 Ατινὰς,
2284 436 2345 491 ού
2398 436 2609 509 μᾶλλον
2656 438 2792 493 κατὰ
2840 437 3162 517 φιλοτιμίαν
3212 437 3247 508 ἢ
3293 437 3429 495 κατὰ
3468 440 3731 516 πρόνοιαν

310 524 492 596 νυτάι,
551 524 626 583 ὡς
684 523 849 591 εἰκὸς,
896 528 976 595 τῷ
1032 522 1192 581 ἐλέει.
1254 525 1352 579 Καὶ
1410 525 1703 599 Ῥωμαίοις
1764 528 1971 581 ἀπολο-

314 618 533 688 γεῖσθαι
593 610 769 677 θέλων
824 613 898 674 ὡς
952 611 1199 686 ἀμείωτα
1248 612 1316 667 τὰ
1356 614 1514 668 κοινὰ
1558 618 1654 669 τοῦ
1709 614 1971 669 τοσούτου

312 698 624 779 προϐάντος
673 701 866 771 ἐλέου,
916 703 1077 757 αὐτὸν
1128 702 1331 757 ἐκείνον
1380 704 1472 758 τὸν
1518 702 1816 774 ἐλεήσαντα
1862 708 1967 759 τῶν

313 792 631 866 λεγομένων
702 787 858 868 ἔφερε
933 792 1180 865 μάρτυρα
1250 792 1387 866 πρὸς
1459 792 1552 846 τὸν
1622 792 1967 868 πατρίάρχην

312 880 586 950 Μανουήλ
636 880 807 954 λέγων
860 881 934 941 ὡς
983 877 1135 935 οὐδὲν
1188 879 1513 954 ἐξήντληται
1561 885 1668 936 τῶν
1728 886 1926 936 κοινῶν
1957 924 1972 950 ,

311 970 447 1027 ἀλλ’
504 971 563 1025 ἐκ
620 969 961 1044 προμηθείας
1033 972 1296 1040 κτήσαιτο
1350 974 1520 1025 ταῦτα
1584 971 1674 1025 καὶ
1737 970 1971 1044 μελέτης

311 1060 485 1129 ἰδίας,
517 1060 569 1131 ἐξ
618 1062 690 1115 ὧν
740 1063 1032 1136 γεωπονῶν
1084 1060 1186 1115 οὐκ
1230 1059 1360 1115 ἀνίει
1412 1057 1482 1114 δι’
1532 1058 1838 1133 είδημόνων
1885 1062 1969 1115 ἀν-

312 1150 486 1226 δρῶν,
537 1146 613 1206 ἔτι
666 1147 724 1205 δὲ
770 1150 859 1204 καὶ
904 1153 1010 1204 τῶν
1065 1148 1117 1203 ἐν
1169 1149 1352 1211 αὐτοῖς
1419 1147 1485 1219 δή
1552 1155 1669 1213 τοῖς
1731 1149 1970 1223 κτήμασί

309 1240 645 1317 θρεμμάτων
679 1238 954 1317 διαφόρων
1005 1237 1430 1313 ἐπιμελόμενος.
1462 1238 1652 1301 Οὕτως
1682 1240 1749 1309 ἦν
1781 1239 1967 1303 αὐτοῖς

306 1334 373 1387 τὸ
403 1329 675 1407 θεοφιλὲς,
706 1329 796 1384 καὶ
830 1329 971 1384 οὕτω
987 1330 1047 1384 τὸ
1078 1328 1499 1407 φιλορρώμαιον
1529 1326 1784 1405 ἔγνωστο.

307 1454 405 1521 κε’..
487 1447 678 1507 Ὅπως
748 1443 1086 1521 ἐπιπολαίως
1144 1446 1182 1521 ὁ-
1235 1446 1399 1521 μέγας
1464 1443 1588 1515 δοὺξ
1630 1449 1737 1521 τιῖιν
1798 1446 1966 1521 ,βασι-

384 1518 576 1593 λικῶν.
654 1517 961 1592 χρημάτων
1048 1516 1349 1590 ἁπτόμενος
1423 1518 1724 1593 περιεποίει
1796 1516 1969 1591 ἑαυτῷ

552 1588 576 1605 ’.Ι

378 1592 484 1659 τὴν
520 1592 730 1645 εὔνοιαν
744 1632 756 1645 .

381 1689 517 1744 Triae
550 1686 606 1743 δὲ
648 1686 867 1743 πολλοῦ
914 1708 1061 1751 τινος
1109 1688 1159 1742 ἐν
1211 1689 1504 1763 Μαγνησίᾳ
1549 1689 1969 1765 τεθησαυρισμέ-

2078 531 2184 580 τῶν
2231 526 2569 600 μελλόντων,
2605 528 2679 589 ὡς
2712 524 2895 601 ἔδειξε.
2946 529 3057 597 Τὴν
3099 526 3147 583 δ’
3194 527 3399 584 ἐκείνου
3432 531 3617 586 πενίαν
3655 533 3732 587 εἷ-

2078 617 2276 678 πόντος
2324 615 2529 671 ἐκείνου
2573 617 2705 672 ποτὲ
2748 617 2933 693 παρὼν
2983 618 3074 673 καὶ
3115 618 3345 681 ἀκούσας
3379 621 3406 674 ὁ
3436 622 3653 697 γράφων
3687 623 3733 678 εί

2084 706 2385 781 μαρτυροίη
2415 750 2430 776 ,
2480 704 2711 779 ψεύδους
2761 705 2965 761 ἁλῶναι
3016 706 3077 762 ού
3128 705 3401 776 δέδοικεν,
3466 708 3580 764 ἐπεὶ
3636 710 3732 765 κά-

2078 795 2243 866 κείνῳ
2293 793 2369 856 εἰς
2412 794 2679 869 καύχημα
2729 794 2855 869 δόξη
2906 798 2973 866 ἦν
3021 799 3055 866 ἡ
3108 796 3264 851 πενία
3316 793 3441 853 τότε
3484 797 3729 873 λέγοντι.

2079 883 2235 957 Τρισὶ
2295 883 2399 959 γὰρ
2457 884 2645 958 μόνοις
2717 885 3011 959 νομίσματι
3072 888 3209 942 κατᾶ
3262 886 3357 949 τὰς
3414 889 3530 943 κατ’
3584 890 3730 945 οἶκον

2079 972 2266 1047 χρείας
2314 974 2377 1027 τὸ
2421 975 2587 1029 ποσὸν
2632 974 2801 1047 αὐτῷ,
2849 974 2937 1030 ὅτε
2972 974 3280 1051 βασὶλεύοι,
3314 977 3386 1039 ὡς
3418 974 3593 1053 ἔλεγε,
3643 1001 3734 1034 πε-

2079 1062 2343 1136 ριίστατο.
2400 1062 2501 1119 Καὶ
2546 1064 2635 1118 τὸν
2680 1063 2944 1140 ’Ἄγγελον
2992 1064 3222 1143 ἀδελφὸν
3265 1061 3395 1121 ὅντα
3426 1074 3527 1136 τῆς
3571 1068 3732 1123 αὐτοῦ

2078 1156 2337 1224 πενθερᾶς
2368 1197 2381 1221 ,
2443 1151 2499 1207 ὅν
2564 1153 2731 1229 μέγον
2787 1156 3151 1228 πριμικήριον
3204 1156 3367 1218 αὐτὸς
3413 1154 3733 1231 βασιλεύσας

2076 1236 2370 1313 ἀπέδειξεν,
2396 1239 2576 1296 ἐκάλει
2608 1241 2875 1317 παρόντα,
2928 1242 3079 1306 ὅπως
3110 1244 3271 1307 αὐτὸς
3304 1244 3576 1321 λαγχάνοι
3606 1250 3737 1323 παρ’

2077 1328 2242 1384 αὐτοῦ
2293 1327 2443 1394 δίκας
2502 1331 2633 1406 ὑπερ
2681 1339 2783 1402 τῆς
2823 1339 2923 1402 τῆς
2961 1331 3260 1411 ἀδελφιδῆς
3310 1334 3538 1407 προικὸς
3594 1356 3729 1411 μαρ-

2074 1422 2429 1494 τυρήσοντα.
2494 1419 2747 1484 Κάκεῖνος
2807 1422 2963 1499 ἐγγὺς
3028 1424 3305 1497 παραστὰς
3391 1422 3731 1500 ἐμαρτύρει,

2074 1509 2164 1563 καὶ
2216 1511 2379 1582 ἡμεῖς
2429 1509 2709 1583 ἠκούομεν
2760 1512 3020 1587 λέγοντος
3060 1514 3151 1570 καὶ
3202 1512 3360 1589 ὅρκον
3416 1516 3733 1589 προστιθὲν-

2073 1618 2167 1662 τος
2211 1604 2331 1660 τοῖς
2380 1596 2719 1674 λεγομένοις.
2770 1601 2907 1660 Τότε
2952 1608 3237 1677 τοιγαροῦν
3288 1602 3417 1666 τοὺς
3464 1601 3735 1672 πολλοὺς,

2075 1686 2165 1741 καὶ
2202 1686 2416 1760 μᾶλλον
2451 1695 2535 1751 οἷς
2574 1688 2781 1765 εὐγενὲς
2811 1691 2875 1745 τὸ
2913 1690 3093 1767 γένος,
3124 1692 3561 1765 ύποποιούμενος
3592 1714 3735 1769 παρ-

305 1801 406 1833 νου
452 1781 770 1854 χρήματος,
814 1777 913 1833 οὐκ
957 1776 1072 1847 ἐξὸν
1103 1777 1165 1844 ἧν
1217 1782 1296 1849 τῷ
1334 1777 1557 1853 μεγάλῳ
1607 1774 1760 1833 δουκί
1788 1799 1846 1832 τε
1874 1779 1962 1833 καὶ
2003 1819 2050 1883 Β
2081 1781 2227 1851 εἶχεν
2278 1776 2329 1847 ἐξ
2397 1776 2631 1852 εὐλόγου
2681 1778 2838 1848 δῆθεν
2898 1782 3221 1858 προφάσεως
3261 1785 3368 1836 τῶν
3433 1781 3730 1856 βασιλικῶν

312 1868 327 1881 η
489 1868 500 1883 1
667 1868 718 1883 ιν
881 1864 901 1883 \
1004 1863 1063 1883 ρρ
1316 1867 1330 1883 \
1605 1873 1627 1882 υ
1718 1865 1743 1883 ΙΙ
1908 1860 1955 1883 ν’
2260 1864 2269 1883 ο
2444 1866 2458 1883 Ί
2526 1867 2538 1883 Ι
2651 1880 2665 1883 _
2846 1868 2859 1883 Ι
2906 1870 2919 1883 \
3000 1871 3007 1883 ι
3165 1871 3177 1883 ο
3309 1870 3333 1883 ν
3661 1876 3684 1883 υ

306 1868 597 1943 ἐπιτρόπῳ
655 1868 825 1943 ῥᾷστα
881 1863 1182 1938 λαμϐάνειν
1243 1867 1333 1921 καὶ
1388 1873 1653 1941 χορηγεῖν
1713 1865 1852 1922 ὅπου
1903 1860 1968 1937 ἦν

311 1957 643 2033 βουλομένῳ
674 1958 748 2012 οἱ·
796 1955 1103 2034 ἐφειστήκει
1132 1957 1235 2032 γὰρ
1263 1956 1326 2011 τὸ
1378 1955 1635 2011 Κελτικὸν
1686 1956 1775 2011 καὶ
1819 1957 1976 2012 πελε-

308 2046 579 2123 κυφόρον,
628 2046 810 2124 ἐφέξον
860 2044 927 2116 ἤν
979 2067 1060 2108 τις
1109 2044 1445 2119 ἐπιχειροίη,
1496 2046 1585 2100 καὶ
1636 2046 1852 2123 φυλακή
1905 2048 1973 2115 ἦν

305 2143 430 2199 τοῖς
456 2135 732 2208 ταμιείοις
774 2138 839 2210 [Ρ
871 2137 996 2208 42],
1048 2135 1122 2197 ὠς
1152 2139 1406 2211 γνωστῶς
1450 2132 1690 2190 δίδοσθαι
1743 2134 1881 2190 ὅπου
1910 2135 1973 2189 τὸ

305 2226 599 2300 ἀναγκαῖον
629 2231 732 2294 τῆς
765 2223 955 2301 χρείας
1006 2223 1225 2298 ἀπῄτει.
1259 2221 1535 2281 Ἐδίδοντο
1591 2222 1648 2280 δὲ
1698 2223 1975 2289 πολλάκις

307 2316 400 2370 καί
432 2336 571 2370 τισιν
621 2314 1000 2376 ἐπιτάττοντος
1043 2313 1342 2391 προφάσετι
1394 2314 1579 2391 χρείας
1629 2316 1730 2369 οὐκ
1779 2312 1970 2385 οὔσης.

310 2405 613 2469 Κάντιῦοεν
668 2405 853 2480 ρρχᾶς
902 2404 1075 2476 ἑαυτῴ
1125 2403 1403 2477 εὐμενείας
1448 2399 1969 2476 προκατεϐάλλετο,

312 2494 397 2553 οἷς
432 2491 534 2547 οὐκ
562 2492 628 2560 ἦν
668 2499 769 2561 τῆς
815 2491 1115 2567 εὐεργεσίας
1168 2488 1557 2562 ὑπιλελῆσθαι,
1605 2489 1693 2545 καὶ
1749 2486 1972 2551 δικαίως

312 2579 373 2635 ἃν
429 2580 946 2657 ἀπολογησόμενος,
1000 2581 1045 2637 εἷ
1098 2583 1172 2655 μή
1222 2602 1329 2637 τινι
1376 2586 1638 2656 παρεῖχεν
1675 2578 1834 2640 αὐτὸς
1884 2575 1974 2633 διὰ

309 2673 414 2740 τήν
446 2670 666 2727 ἐνοῦσαν
698 2674 907 2745 πενίαν,
943 2670 1080 2745 ὅμος
1130 2672 1381 2750 ἀφορμάς
1434 2667 1615 2725 ἐδιδου
1668 2663 1968 2742 λαμϐάνειν

312 2804 449 2857 tum
480 2800 569 2856 fas
600 2804 725 2856 erat
754 2816 823 2856 ex
880 2802 1001 2855 tam
1051 2799 1303 2855 evidenti
1333 2799 1731 2871 experimento
1760 2796 1969 2851 divina

318 2889 746 2947 misericordia
778 2905 1006 2961 capere.
1044 2890 1193 2945 Tum
1228 2905 1475 2963 purgare
1527 2905 1590 2943 se
1650 2888 1803 2958 apud
1855 2886 1970 2942 Ro-

317 2996 531 3037 manos
543 2978 823 3047 volens,si
850 2979 994 3035 forte
1007 2978 1663 3049 quererentureliusain
1682 2993 1968 3050 pauperes

314 3068 679 3127 liberalitate
732 3067 1035 3141 publicum
1107 3070 1198 3123 71
1252 3067 1524 3124 ararium
1591 3067 1967 3132 exhaustum,

314 3160 494 3217 illum
553 3159 752 3231 ipsum
802 3159 972 3229 cujus
1024 3157 1214 3231 gratia
1268 3161 1510 3213 sanatus
1567 3158 1753 3213 fuerat
1783 3157 1967 3212 Deum

2081 1864 2384 1941 χρημάτων
2434 1866 2753 1938 ἀπόνασθαι,
2798 1868 2928 1923 αύτὸ
2957 1871 3095 1932 τὲως
3149 1871 3223 1933 ὡς
3283 1870 3399 1945 εἶχε
3448 1876 3728 1947 συντηρῶν

2082 1954 2269 2010 ἑαυτὸν
2294 1960 2401 2011 τῶν
2435 1956 2744 2031 λημμάτων
2777 1959 3071 2035 ἀνώτερον.

2081 2117 2180 2181 κς’.
2241 2119 2433 2196 ’Όπως
2504 2118 2790 2196 ἐλθόντοςΔ
2829 2124 2926 2196 τοῦ
3003 2122 3348 2196 πατριάρχου
3424 2119 3643 2191 πολλὴν
3700 2124 3729 2178 ὁ

2295 2140 2433 2181 »πως
2504 2140 2757 2182 εΛυοντος
2829 2141 2926 2174 του
3003 2140 3236 2196 πατριαρ
3286 2142 3348 2176 ου
3424 2142 3513 2176 ποι

2295 2190 2459 2267 μέγας
2502 2188 2627 2263 δοὺξ
2670 2188 2976 2264 ἐπεδείξατο
3026 2194 3125 2263 τὴν
3177 2140 3513 2249 ὑπόπτωσιν.

2153 2314 2240 2371 Ἐν
2290 2314 2534 2389 τοσούτῳ
2587 2314 2645 2372 δὶ
2694 2316 2786 2372 λαὶ
2818 2318 2846 2372 ὁ
2878 2316 3203 2395 πατράρχης
3252 2317 3343 2373 σύν
3389 2340 3448 2374 τε
3496 2324 3613 2382 τοῖς
3642 2319 3728 2374 ἐκ·

2079 2402 2288 2476 κρίτοις
2342 2408 2439 2458 τοῦ
2495 2403 2708 2480 κλήρου
2754 2407 2842 2462 καὶ
2923 2412 3042 2470 τοῖς
3111 2408 3423 2485 ἀρχιερεῦσι
3480 2415 3733 2485 παρεῖναι

2080 2491 2331 2561 ἠκούετο·
2364 2494 2454 2548 καὶ
2484 2494 2542 2557 ’ὸς
2575 2494 2767 2551 αὐτίκα
2818 2498 3000 2569 μαθὼν
3046 2496 3155 2574 πρὸ
3194 2502 3299 2552 τῶν
3350 2496 3536 2553 ἄλλων
3569 2500 3733 2563 αὐτὸς

2086 2581 2292 2653 ὑπαντᾷ
2342 2583 2630 2659 μακρόθεν,
2660 2586 2829 2658 τιμήν
2868 2588 2966 2655 τήν
3024 2586 3279 2663 μεγίστην
3326 2586 3733 2664 ἀφοσιούμενος

2081 2669 2160 2741 τῷ
2191 2673 2508 2749 πατριάρχῃ
2557 2674 2647 2728 καὶ
2676 2676 2835 2730 παντὶ
2885 2678 2965 2747 τῷ
3009 2677 3143 2752 ἱερῷ
3184 2674 3545 2751 πληρώματι,
3593 2680 3730 2750 πεζῇ

2084 2812 2199 2852 non
2233 2799 2421 2871 magis
2454 2800 2511 2856 id
2545 2817 2725 2873 agens
2756 2802 3098 2860 ambitionis
3119 2804 3405 2861 instinctu
3428 2820 3607 2876 quam
3641 2822 3733 2860 sa-

2080 2885 2262 2958 pienti
2285 2889 2626 2960 pravisione
2657 2891 3013 2963 futurorum,
3041 2898 3215 2965 prout
3244 2895 3326 2948 rei
3343 2893 3533 2948 exitus
3563 2909 3735 2949 mon-

2080 2978 2305 3033 stravit.
2339 2978 2417 3035 De
2448 2978 2607 3035 illius
2630 2997 2800 3051 porro
2814 2982 2986 3038 modo
3015 2987 3340 3038 memorata
3365 2985 3735 3053 paupertate,

2079 3064 2288 3137 siqua
2345 3067 2570 3123 audivit
2597 3085 2668 3124 ex
2720 3068 2848 3140 ipso
2902 3070 3179 3141 quondan
3240 3086 3501 3142 prasens
3549 3070 3732 3141 hujus

2082 3154 2337 3212 historia
2378 3156 2645 3228 scriptor,
2679 3157 2773 3213 hic
2817 3175 2921 3230 pro
2975 3159 3313 3215 testimonio
3343 3158 3577 3228 dixerit,
3610 3176 3726 3215 non

313 3253 533 3305 testem
566 3225 1240 3320 allegavit,vpatriarcha
1272 3246 1526 3303 Manueli
1554 3254 1754 3302 sancte
1809 3247 1969 3302 affir-
2001 3225 2043 3293 C
2082 3260 2225 3299 sane
2255 3225 2590 3302 veretur—ne
2620 3225 2978 3319 eoarguatur
3009 3249 3281 3317 mendax,
3315 3264 3457 3304 neve
3496 3225 3606 3304 hoc
3640 3247 3731 3303 illi

313 3355 491 3395 mans
524 3337 675 3394 nihil
708 3353 948 3410 prorsus
978 3351 1046 3392 ex
1077 3336 1150 3392 iis
1182 3353 1308 3409 qua
1336 3337 1471 3392 data
1504 3337 1755 3403 fuerant,
1787 3353 1818 3393 ο
1848 3336 1969 3392 the-

313 3428 514 3485 sauris
542 3426 876 3500 reipublicae
895 3428 1331 3498 depromptum,
1347 3427 1446 3482 sed
1466 3442 1535 3481 ex
1551 3426 1776 3498 privata
1815 3443 1967 3498 penu

314 3523 374 3575 et
406 3533 475 3573 ex
510 3518 694 3590 partis
724 3533 791 3571 ac
839 3515 1099 3572 collectis
1144 3515 1382 3588 propria
1410 3516 1706 3571 industria
1735 3533 1802 3572 ac
1832 3534 1967 3588 pro—

311 3606 599 3671 videntia,
651 3604 974 3661 exercenda
1027 3603 1251 3659 scilicet
1296 3619 1399 3676 per
1424 3621 1643 3677 gnavos
1668 3609 1725 3660 et
1788 3620 1968 3677 expe-

310 3693 533 3749 rientes
553 3692 789 3749 colonos
815 3708 1090 3763 agrorum
1115 3692 1770 3767 cultura,gregibusque
1793 3698 1971 3766 atque

310 3784 599 3838 armentis
629 3798 733 3854 per
764 3782 1005 3839 idoneos
1055 3782 1326 3839 homines
1379 3783 1678 3841 curandis.
1738 3784 1833 3840 Sic
1883 3783 1969 3838 illi

308 3871 414 3927 Dei
454 3875 743 3941 amantes,
786 3872 871 3927 sic
904 3872 1125 3944 pariter
1150 3872 1231 3928 rei
1263 3872 1539 3930 Romana
1579 3872 1877 3929 studiosos
1908 3888 1971 3929 se

308 3960 749 4018 monstrabant.

304 4070 401 4124 25.
440 4071 508 4126 Ut
534 4084 777 4139 magnus
806 4068 925 4124 dum
954 4069 1064 4125 levi
1122 4069 1466 4125 delibatione
1504 4070 1677 4137 regiae
1727 4070 1970 4140 pecunia

480 4141 767 4197 hominum
795 4141 907 4197 sibi
936 4142 1369 4198 benevolentiam
1396 4141 1805 4198 conciliaverit.

377 4231 685 4303 Hocporro
700 4231 772 4285 de
791 4231 1239 4304 quoscribimus
1265 4239 1523 4303 tempore
1553 4248 1687 4286 cum
1716 4246 1968 4303 magnus

304 4321 465 4392 apud
519 4319 877 4392 Magnesiam
931 4319 1181 4391 publica
1212 4320 1471 4392 pecunia
1504 4334 1783 4376 numerus
1812 4324 1969 4376 esset

302 4411 638 4483 depositus,
709 4426 823 4465 non
872 4414 996 4466 erat
1044 4409 1213 4466 facile
1260 4426 1470 4483 magno
1502 4410 1639 4465 duci
1672 4414 1728 4465 et
1783 4410 1965 4465 tutori

300 4500 596 4573 principis
626 4498 767 4555 inde
798 4498 1020 4571 aliquid
1058 4515 1293 4556 sumere
1322 4501 1688 4572 erogandum
1722 4499 1782 4555 in
1816 4515 1962 4571 quos

2082 3333 2251 3389 cedat
2298 3334 2357 3389 in
2417 3335 2672 3392 dedecus
2730 3336 2885 3408 quod
2945 3336 3309 3410 Palaologus
3366 3336 3564 3409 gloria
3621 3337 3736 3393 sibi

2081 3423 2201 3479 fore
2232 3427 2550 3480 autumans
2582 3425 2653 3481 de
2685 3440 2746 3481 se
2769 3426 3062 3496 jactabat,
3124 3430 3435 3483 ostentans
3466 3442 3731 3499 pauper-

2082 3516 2263 3569 tatem
2296 3530 2467 3569 suam
2494 3530 2638 3571 sane
2670 3519 2897 3570 tantam
2932 3520 2998 3571 ut
3027 3516 3347 3572 afﬁrmaret
3378 3515 3555 3572 etiam
3605 3517 3732 3586 jam

2085 3602 2181 3658 72
2234 3602 2528 3674 imperans
2589 3604 2897 3661 domestici
2958 3605 3065 3660 sibi
3122 3609 3264 3677 quot
3320 3606 3529 3661 diebus
3589 3622 3733 3661 usus

2089 3708 2294 3748 omnes
2318 3709 2605 3765 expensas
2636 3693 2827 3749 tribus
2862 3693 3003 3751 solis
3054 3695 3318 3750 nummis
3360 3698 3729 3751 constare.Et

2085 3781 2195 3837 hoc
2220 3783 2611 3853 jurejurando
2643 3784 3034 3855 conﬁrmavit,
3083 3801 3217 3839 cum
3250 3784 3309 3840 in
3344 3785 3600 3856 quadam
3633 3783 3733 3839 lite

2080 3870 2283 3925 fratris
2334 3887 2453 3926 sua
2504 3888 2709 3927 socrus
2740 3872 2967 3943 Angeli,
3023 3888 3199 3944 quem
3251 3872 3377 3943 ipse
3434 3872 3733 3944 imperans

2081 3975 2362 4031 magnum
2394 3959 2797 4032 primicerium
2825 3962 3062 4031 creavit,
3096 3963 3168 4018 de
3198 3962 3334 4018 dote
3365 3978 3485 4017 sua
3536 3962 3732 4032 neptis

2070 4047 2299 4118 judicio
2352 4049 2658 4118 certantis,
2720 4053 2958 4120 rogatus
2990 4049 3049 4105 in
3084 4048 3487 4106 testimonium
3520 4050 3727 4107 adesse

2078 4140 2353 4209 gravatus
2385 4154 2500 4193 non
2536 4138 2769 4205 fuisset,
2798 4155 2867 4195 ea
2897 4155 3024 4210 qua
3044 4139 3306 4194 diximus
3330 4139 3591 4211 proferre
3613 4144 3728 4197 Deo

2076 4226 2134 4281 in
2169 4230 2377 4283 testem
2407 4232 2631 4284 vocato.
2665 4229 2831 4284 Tunc
2862 4228 3045 4301 igitur
3094 4227 3335 4297 multos,
3398 4229 3725 4300 prasertim

2074 4330 2285 4387 genere
2316 4316 2564 4386 nobiles,
2598 4316 2773 4372 variis
2807 4318 2877 4373 ad
2909 4317 2965 4372 id
3000 4316 3257 4389 quasitis
3288 4316 3723 4390 'pratextibus,

2073 4412 2129 4462 et
2159 4404 2501 4478 plausibiles
2530 4405 2592 4461 in
2627 4406 2881 4478 speciem
2915 4408 3284 4478 pratendens
3309 4424 3518 4463 causas
3539 4408 3726 4463 dona-

2074 4494 2232 4563 tivis,
2264 4511 2296 4550 ο
2329 4494 2563 4566 publico
2594 4496 2820 4551 curavit
2878 4495 3177 4565 honorari,
3211 4496 3338 4566 ipse
3390 4495 3627 4551 interim
3660 4496 3723 4551 in

299 4589 523 4645 vellet:
586 4588 858 4645 obstabat
910 4588 1067 4644 enim
1138 4587 1434 4645 Celtarum
1494 4588 1961 4660 securigerorum
1994 4598 2040 4662 ι)
2071 4588 2329 4656 egestate
2362 4584 2639 4639 familiari
2689 4601 3041 4656 permanens
3073 4585 3343 4656 superior
3401 4584 3724 4657 cupiditate

304 4677 708 4736 enexorabilis
761 4677 812 4733 ei
860 4677 1141 4734 thesauro
1173 4677 1453 4750 imposita
1482 4677 1768 4748 custodia,
1802 4676 1960 4733 haud

298 4769 507 4825 sinens
558 4767 697 4823 inde
747 4765 917 4821 aliter
967 4782 1145 4838 quam
1206 4768 1435 4823 cunctis
1494 4766 1877 4839 praesentibus
1909 4770 1967 4822 et

300 4873 503 4914 coram
534 4855 906 4911 intuentibus
938 4854 1268 4927 dispensari
1313 4856 1657 4928 quidquam.
1711 4854 1964 4912 Jubebat

301 4951 506 5002 tamen
540 4961 655 5001 non
688 4961 819 5000 raro
842 4945 1201 5016 quibusdam
1234 4944 1373 5000 inde
1402 4944 1607 5001 donari
1639 4944 1796 4999 haud
1859 4961 1963 5000 ne-

301 5035 584 5091 cessariis
615 5034 686 5089 de
712 5034 913 5090 causis
944 5058 958 5101 ;
990 5050 1118 5105 qua
1149 5034 1487 5107 benignitas
1520 5034 1605 5089 illi
1636 5032 1807 5105 quasi
1831 5034 1959 5089 fun-

302 5126 653 5180 damentum
718 5122 830 5177 fuit
884 5123 1184 5195 popularis
1232 5124 1292 5179 in
1326 5140 1459 5180 eum
1519 5122 1958 5179 benevolentia.

300 5218 592 5270 Caterum
654 5211 702 5267 si
760 5211 893 5287 quis
950 5229 1015 5267 eo
1074 5213 1313 5268 nomine
1346 5214 1415 5269 de
1447 5214 1576 5285 ipso
1617 5216 1962 5284 quereretur

304 5302 473 5375 quasi
492 5318 607 5357 non
635 5300 781 5356 satis
796 5317 996 5357 severo
1017 5302 1263 5374 publica
1280 5302 1538 5373 pecunia
1562 5302 1881 5367 custode,ei
1898 5318 1960 5356 sc

304 5391 834 5466 purgabatnegans
862 5390 920 5444 in
946 5391 1216 5463 proprios
1238 5409 1300 5447 se
1322 5409 1466 5447 usus
1487 5390 1961 5462 quidquaminde

305 5496 565 5548 sumere;
593 5480 651 5534 in
676 5480 845 5551 cujus
871 5479 949 5535 rei
970 5481 1143 5536 fidem
1170 5498 1337 5537 suam
1361 5481 1743 5537 domesticam
1762 5484 1957 5536 osten-

306 5573 480 5629 debat
510 5573 938 5641 paupertatem.
974 5574 1189 5625 Tamen
1233 5572 1495 5641 quasitis
1550 5570 1958 5626 occasionibus

306 5659 628 5719 identidem
663 5658 1014 5733 procurabat
1046 5662 1107 5715 ut
1139 5660 1380 5731 quidam
1414 5660 1550 5716 inde
1604 5659 1957 5731 acciperent,

2074 4690 2372 4746 purasque
2401 4673 2557 4729 omni
2583 4690 2754 4729 avaro
2787 4678 3056 4729 contactu
3090 4690 3304 4729 manus
3337 4690 3600 4730 servans.

2128 4824 2220 4880 26.
2258 4826 2322 4883 Ut
2348 4825 2653 4882 venientem
2681 4824 2753 4879 ad
2782 4841 2839 4881 se
2867 4824 3250 4896 patriarcham
3274 4824 3389 4880 dua:
3436 4841 3668 4897 magnus

2460 4914 2675 4952 summa
2706 4897 3034 4952 demissione
3062 4898 3355 4969 exceperit.

2145 5031 2384 5087 Interim
2419 5031 2753 5103 patriarcha
2783 5048 2918 5087 cum
2979 5031 3183 5088 electis
3211 5048 3280 5088 ex
3336 5031 3490 5089 clero
3517 5037 3575 5089 et
3632 5051 3724 5089 ar-

2070 5119 2462 5191 chiepiSCOpis
2525 5121 2843 5177 adventare
2891 5121 3296 5189 audiebatur;
3332 5123 3489 5194 quod
3549 5120 3726 5178 simul

2070 5209 2436 5281 Palaologus
2467 5210 2755 5282 cognovit,
2816 5214 2950 5267 ante
2981 5228 3186 5267 omnes
3220 5212 3344 5283 ipse
3377 5211 3724 5283 longissime

2071 5300 2358 5370 processit
2387 5300 2640 5365 obviam,
2675 5299 2820 5356 nihil
2854 5301 2924 5355 ad
2967 5317 3263 5357 summam
3293 5305 3417 5356 tum
3446 5317 3583 5373 erga
3615 5316 3721 5370 pa-

2067 5387 2383 5443 triarcham
2419 5394 2541 5444 tum
2574 5405 2712 5461 erga
2741 5406 2975 5445 sacrum
3032 5389 3343 5461 collegium
3401 5386 3719 5443 veneratio-

2072 5494 2201 5533 nem
2244 5476 2355 5531 sibi
2390 5476 2599 5547 reliqui
2636 5478 2877 5543 laciens,
2910 5478 3125 5551 quippe
3158 5478 3255 5549 qui
3278 5475 3714 5548 pedibusince-

2069 5569 2236 5631 deus,
2268 5567 2547 5637 correptis
2579 5584 2756 5622 manu
2801 5566 2942 5622 muli
2988 5584 3103 5637 quo
3162 5563 3493 5638 patriarcha
3552 5565 3715 5621 vehe—

2069 5656 2240 5711 batur
2271 5655 2538 5723 habenis,
2570 5671 2705 5712 cum
2738 5672 2925 5726 usque
2958 5656 3110 5711 intro
3142 5652 3429 5726 palatium
3486 5654 3716 5727 regium
