4034 6200
218 315 324 370 507

1524 303 1828 360 GEORGII
1865 299 2328 357 PACHYMERB

3526 299 3639 354 508

208 462 266 497 τε
300 433 536 514 βαδίζων
568 429 656 484 καὶ
687 417 778 481 τάν
805 431 904 494 τῆς
945 425 1183 498 ἡμιόνου
1230 428 1326 478 τοῦ
1372 423 1530 499 ἷερως
1583 422 1852 498 χαλινοὺς
1887 425 1942 491 Α
1971 423 2070 492 τὴν
2122 420 2338 478 ἐκείνων
2394 422 2772 479 ὑποποιεῖσθαι
2826 421 3059 481 εὔνοιαν.
3099 425 3166 482 Ὀ
3211 424 3298 479 καὶ
3344 421 3639 497 γινόμενον

215 511 486 600 κατέχων,
519 522 618 580 ἐως
647 518 733 572 καὶ
788 511 961 570 αὸτῶν
1011 513 1159 576 ἐντὸς
1209 518 1317 568 τῶν
1367 514 1676 587 ἀνακτόρων
1731 532 1868 588 προ-

219 599 525 693 ηγούμενος
580 611 848 676 καθιστᾷ.
895 603 992 659 Καὶ
1040 601 1106 672 δὴ
1160 605 1363 673 σκηνήν
1418 604 1512 675 μὲν
1577 599 1867 677 βασιλικῆν

218 690 425 762 ἐκείνου
456 699 616 776 χάριν
672 696 968 764 ὑποστῆναι
1014 691 1247 763 κελεύει,
1299 693 1412 766 ἅμα
1464 693 1557 766 μέν
1591 692 1680 746 καὶ
1737 690 1872 746 κατὰ

215 796 313 863 τὴν
351 791 426 853 εἷς
451 789 651 844 ἐκεῖνον
695 787 888 860 τιμὴν,
938 785 1258 859 ὑποτρέχων
1308 782 1359 837 ἐν
1409 786 1538 837 πᾶσι
1579 780 1667 836 καὶ
1713 791 1870 855 Θερα-

218 882 427 949 ποόων,
462 881 576 952 ἅμα
607 876 662 932 δὲ
692 877 781 931 καὶ
835 874 886 936 ἐς
927 873 1197 951 πρόφασιν
1245 871 1532 946 ἀναγκοίαν
1581 869 1677 926 τοῖ’)
1725 866 1870 945 ἔχειν

227 972 286 1028 ἐκ
326 975 422 1025 τοῦ
483 968 681 1045 ῥᾴστου
740 964 1059 1034 πλησιάξειν
1120 968 1198 1035 τῷ
1259 961 1474 1037 βασιλεῖ
1528 964 1624 1015 τοῦ
1680 963 1873 1034 καιροῦ

227 1059 473 1122 διδόντος
498 1057 656 1112 αὐτὸν
690 1054 891 1110 ἐκεῖνον
940 1055 1003 1125 [Ρ
1042 1055 1135 1124 45]
1183 1053 1271 1106 τὸν
1323 1053 1672 1127 πατριάρχην
1709 1048 1874 1124 μηδε-

228 1157 352 1226 μιᾶς
397 1149 542 1224 ὥρας
595 1150 695 1200 τοῦ
743 1147 1067 1220 κρατοῦντος
1123 1140 1618 1213 ἀπολιμπάνεσθαι.
1673 1147 1875 1214 Συγκε-

227 1242 475 1316 χωρήκει
510 1235 567 1291 δέ
598 1237 649 1290 οἱ
682 1233 930 1306 ἀσμένως
964 1234 1136 1285 πάντα
1168 1231 1241 1292 ὡς
1295 1230 1396 1284 οὐκ
1426 1226 1613 1286 ἄλλως
1661 1228 1877 1302 ἐπιτρο-

225 1329 482 1398 πεύσων,
541 1324 586 1380 εἰ
651 1325 726 1397 μὴ
788 1320 948 1384 αὐτός
1016 1341 1079 1395 γε
1134 1319 1349 1374 κελεύοι
1411 1320 1501 1374 καὶ
1546 1318 1781 1373 ἐπινεῦοι

227 1415 476 1478 σύνοδος.
506 1417 663 1478 "006v
695 1411 782 1466 καὶ
816 1411 990 1488 φέρων
1030 1410 1121 1482 μὲν
1149 1409 1239 1463 τὸν
1271 1409 1388 1462 νέον
1441 1407 1517 1470 εἷς
1566 1413 1758 1484 χεῖρας
1801 1413 1880 1480 τῷ

225 1506 547 1581 πατριάρχῃ
580 1506 814 1556 ποιεῖται
849 1499 991 1553 οὕτω
1035 1498 1123 1552 καὶ
1171 1503 1290 1560 τοῖς
1337 1495 1532 1558 ἄλλοις
1569 1498 1748 1570 μέσον,
1781 1505 1880 1566 τῆς

235 1594 444 1672 βουλῆς
495 1591 539 1647 δ’
571 1589 769 1647 ἐκείνου
820 1586 1010 1659 tamen
1053 1588 1120 1640 τὰ
1165 1586 1426 1660 παρόντα,
1478 1585 1567 1640 καὶ
1606 1584 1881 1648 πολλάκις

239 1685 354 1760 ἄγει
384 1683 474 1738 καὶ
507 1679 742 1736 δείκνυσι
787 1678 854 1732 τά
894 1675 1182 1749 κειμήλια,
1234 1675 1531 1746 σιωπηλῶς
1579 1677 1678 1745 τήν
1738 1675 1882 1746 ἐξου-

1976 514 2094 576 καθ’
2127 510 2354 582 ἑκάστην
2387 512 2558 589 ῥοπὴν
2594 513 2871 586 εὐμενείας
2913 513 3144 569 ἐνεποίει
3199 513 3456 587 μεγίστην
3509 513 3641 586 παρ’

1979 601 2194 656 ἐκείνων
2231 603 2404 676 ἑαυτῷ
2436 601 2662 677 διδόντι,
2695 604 2785 659 καὶ
2826 606 2893 658 τὰ
2921 611 3019 674 τῆς
3065 605 3202 677 πρὸς
3252 598 3474 659 ἕκαστον
3509 600 3648 658 ἐκείο

1978 714 2083 746 νων
2115 700 2282 765 τιμῆς
2304 714 2363 747 τε
2392 693 2482 747 καὶ
2508 693 2856 770 ὑροπιώσεως
2905 695 3041 764 ἦσαν
3089 695 3163 755 ὡς
3218 692 3402 769 ὀλίγον
3435 692 3499 748 τὸ
3550 713 3649 766 με·

1978 780 2106 852 ταξυ
2139 780 2372 846 διελθεῖν
2405 783 2494 838 καὶ
2543 783 2745 846 πάντας
2791 779 2939 858 ἔχειν
2997 783 3233 845 ἐκείνους
3295 782 3354 836 ἐκ
3402 786 3512 838 τῶν
3551 781 3642 857 ῥι-

1979 876 2088 926 νῶν
2117 872 2206 926 καὶ
2240 869 2387 946 ὄγειν
2421 870 2674 928 δύνασθαι
2722 874 2830 942 ὅπη
2869 871 3148 948 βούλοιτο.
3201 869 3340 930 Οὑδὶ
3389 872 3493 948 γὰρ
3545 872 3644 942 ἦν,

1983 960 2082 1016 οὐκ
2100 963 2166 1030 ἦν
2197 961 2414 1016 ἐκείνων
2448 961 2595 1025 ὅστις
2641 962 2706 1018 οὗ
2766 961 2838 1017 δι’
2887 962 3136 1040 εὐφήμου
3170 966 3399 1036 μνήμης
3431 961 3645 1016 ἐκεῖνον

1987 1052 2062 1125 μή
2095 1050 2333 1125 παρόντα
2364 1049 2450 1104 ἐπὶ
2498 1055 2594 1105 τοῦ
2643 1056 2828 1106 κοινοῦ
2877 1049 3155 1128 συνεδρίου
3208 1049 3404 1122 ἐποίει,
3435 1050 3526 1105 καὶ
3581 1051 3643 1112 ὃς

1985 1139 2084 1196 οὐκ
2108 1140 2261 1210 ἠξίου
2296 1140 2426 1216 ὑπὲρ
2459 1141 2584 1202 τοὺς
2616 1139 2820 1202 ἄλλους
2859 1139 2950 1196 τὸν
2998 1139 3381 1212 Παλαιολόγον
3430 1138 3520 1194 ἐπὶ
3562 1139 3646 1192 τῶ

1984 1233 2181 1284 κοινῶν
2217 1229 2350 1283 εἶναι
2400 1230 2813 1300 κατασταθέντα,
2862 1228 3009 1298 πλὴν
3070 1230 3158 1284 καὶ
3216 1228 3303 1284 ἐπὶ
3360 1227 3646 1302 μεγίσταις

1986 1317 2157 1389 ἀξίαις
2213 1319 2304 1373 καὶ
2366 1318 2824 1395 βασιλεωπάτορα
2876 1319 3297 1397 φημιζόμενον.
3357 1321 3546 1374 Ταῦτα
3596 1315 3647 1372 δ’

1987 1408 2120 1477 ἦσαν
2168 1409 2223 1462 αἱ
2271 1409 2574 1483 νυκτεριναὶ
2632 1408 2767 1483 πρὸς
2818 1407 3055 1473 ἐκείνους
3098 1411 3333 1482 πεμψεις
3381 1406 3473 1462 καὶ
3520 1406 3646 1462 σκέ-

1987 1501 2104 1571 ψεις
2133 1497 2222 1552 καὶ
2252 1497 2388 1572 πρὸς
2437 1498 2499 1552 τὸ
2550 1495 2752 1570 μέλλον
2809 1497 3130 1576 ὑπδσλέσεις
3182 1498 3460 1573 μεγίσταις
3511 1517 3650 1572 συγ-

1987 1589 2155 1662 κροτη
2167 1608 2299 1643 σεσι.

1988 1705 2065 1774 κζ’
2088 1748 2100 1759 .

2177 1706 2366 1766 ’Ὁπως
2443 1701 2960 1793 κατῖεδημιαγώγουνὶ
2994 1702 3146 1792 ’τοὺς
3222 1701 3513 1793 πλείστορς
3590 1704 3644 1793 οἱ

228 1773 342 1828 σίαν
403 1770 675 1848 ἐμφαίνων
1124 1763 1327 1819 ἐκείνου
1380 1764 1468 1819 καὶ
1532 1764 1737 1838 μόνου,
1781 1764 1874 1820 κᾶν
1911 1801 1957 1866 Β
2038 1763 2182 1849 ’περὶ
2228 1763 2883 1866 παῦ-μεγάλουηδόυκδς
2939 1774 3230 1852 λέγοντες,
3297 1775 3388 1830 καὶ
3443 1763 3648 1830 δεξπὸ-

228 1863 386 1924 αὐτὸς
420 1859 658 1930 κελεύοι,
703 1857 900 1912 ἐκεῖθεν
950 1854 1075 1916 τοὺς
1129 1852 1332 1916 ἄλλους
1381 1851 1616 1924 ἕξοντας.
1665 1855 1765 1910 Ἢν
1822 1851 1878 1909 δὲ

227 1951 332 2026 ἄρα
364 1952 414 2006 οἱ
444 1950 506 2005 τὸ
553 1949 715 2025 σοφὸν
768 1945 952 2018 ἐκείνῳ
1001 1945 1094 2017 μὲν
1145 1941 1409 1999 ἐνδιδόναι
1457 1948 1564 1998 τῶν
1615 1943 1758 1999 ὅλων
1792 1942 1880 2018 ἄρ-

230 2063 372 2118 χειν,
414 2039 572 2094 αὐτὸν
608 2036 654 2092 δ’
709 2035 1146 2107 ὑποποιούμενον
1196 2034 1288 2088 τὸν
1331 2032 1627 2109 ἐξάρχοντα
1668 2029 1881 2107 λαμϐά-

224 2153 333 2186 νειν
369 2130 481 2185 οἶόν
513 2130 562 2182 τ’
609 2128 739 2181 εἶναι
782 2125 856 2187 ὡς
915 2124 996 2179 ἐπ’
1053 2123 1363 2199 ἀναγκαίοις
1417 2123 1737 2198 παρέξοντα’
1791 2123 1881 2178 καὶ

227 2219 343 2276 ἐπεὶ
405 2218 612 2293 ἀνάγκη
647 2216 714 2284 ἦν
767 2215 827 2270 ἐκ
882 2219 990 2269 τῶν
1049 2218 1244 2268 κοινῶν
1292 2217 1408 2274 τοῖς
1468 2214 1592 2287 περὶ
1649 2214 1738 2267 τὸν
1785 2234 1881 2267 πα-

226 2309 497 2384 τριάργην
533 2308 964 2378 οἱκονομεῖσοαι,
1004 2305 1094 2358 καὶ
1131 2302 1343 2377 μᾶλλον
1387 2307 1503 2364 τοῖς
1548 2302 1879 2379 ἀρχιερεῦσι,

225 2399 291 2454 τά
320 2395 623 2468 ἐπιτήδεια,
679 2394 838 2456 αὐτὸς
900 2389 1195 2467 λαμϐάνων
1256 2389 1458 2464 ἐδίδου,
1498 2391 1587 2446 καὶ
1614 2413 1879 2468 προσεπε-

233 2487 582 2566 φιλοτιμεῖτο
611 2483 678 2540 τά
707 2482 953 2553 πλειονα,
999 2483 1060 2537 τὸ
1113 2483 1207 2554 μὲν
1257 2480 1539 2558 πρόδηλον
1591 2481 1673 2536 ἐπ’
1723 2482 1882 2556 ἀναγο

230 2577 414 2638 καίαις
453 2580 572 2636 ταῖς
627 2575 952 2651 προφάσεσι,
981 2573 1044 2628 τὸ
1098 2569 1154 2626 δέ
1184 2593 1244 2646 γε
1274 2569 1713 2644 σπουδαζόμενον
1756 2573 1882 2645 παρ’

232 2666 438 2721 ἐκεῖνοι)
492 2668 680 2740 σοφῶν
726 2660 1046 2741 ὀφθαλμοὺς
1097 2659 1490 2737 ἐκτυφλώττειν
1543 2658 1739 2735 δώροις
1790 2661 1882 2715 καὶ

238 2884 488 2958 praeiens
519 2881 772 2948 duxerit,
803 2883 932 2935 tum
964 2879 1046 2933 ibi
1089 2878 1437 2951 Augustalis
1467 2879 1773 2952 fastigium
1822 2878 1882 2934 in

234 2977 361 3047 ejus
393 2972 646 3046 gratiam
679 2969 899 3026 dimitti
924 2968 1194 3040 jusserit,
1238 2967 1418 3024 simul
1475 2969 1747 3025 discursu
1780 2984 1884 3041 per

233 3078 362 3122 sese
394 3063 452 3118 in
487 3078 719 3118 omnem
755 3063 981 3132 partem
1013 3058 1263 3115 sollicito
1295 3062 1570 3130 satagens
1596 3057 1656 3113 in
1698 3059 1887 3114 omni-

2057 1848 2158 1917 της
2185 1848 2396 1922 γέγονε.

2059 1949 2152 2019 Τῷ
2175 1945 2276 2021 γὰρ
2338 1943 2565 2018 ὑπούλῳ
2620 1952 2720 2016 τῆς
2788 1947 3017 2022 γνώμης
3087 1945 3178 2001 καὶ
3235 1950 3311 2018 τῷ
3340 1951 3453 2000 τῶν
3510 1947 3645 2018 τρό-

1989 2057 2106 2090 πων
2149 2037 2470 2108 Θωπευτικῷ
2515 2034 2687 2098 οὕτως
2740 2033 2982 2090 ἑάλωσαν
3032 2036 3252 2104 πάντες,
3310 2035 3383 2096 ὡς
3435 2033 3647 2104 ἐκκλη-

1993 2126 2108 2187 σίας
2148 2124 2448 2201 γενομένης
2508 2125 2590 2204 ἐιρ¹
2647 2126 2692 2197 ᾦ
2749 2125 2875 2188 τοὺς
2934 2126 3198 2200 ἱεράρχας
3254 2124 3466 2198 σύναμα
3520 2131 3644 2187 τοῖς

1991 2214 2043 2271 ἐν
2075 2213 2220 2270 τέλει
2278 2214 2402 2289 τερὶ
2461 2221 2560 2283 τῆς
2610 2213 2790 2289 ἀρχῆς
2847 2214 3164 2278 σκέπτεσθαι
3201 2213 3262 2287 [Ρ
3321 2215 3412 2290 44]
3447 2258 3460 2282 ,
3495 2214 3588 2269 καὶ
3617 2215 3646 2269 ὁ

1990 2305 2179 2377 καιρὸς
2234 2303 2412 2375 ἐζήτει
2466 2304 2558 2358 τὸν
2616 2324 2706 2365 τςν
2766 2305 3103 2378 πραγμάτων
3164 2303 3597 2380 ἀφηγησόμενον
3631 2349 3644 2372 ,

1989 2395 2116 2457 τοὺς
2145 2397 2242 2448 τοῦ
2285 2394 2434 2467 ἱεροῦ
2484 2390 2795 2468 καταλόγου
2847 2393 3051 2455 πάντας
3105 2393 3238 2468 ὑπὲρ
3289 2392 3497 2448 ἐκείνου
3550 2392 3647 2448 λέ-

1991 2503 2100 2558 γειν
2132 2481 2220 2536 καὶ
2257 2483 2333 2556 μὴ
2366 2480 2684 2554 λαλοῦντος,
2720 2482 2792 2543 ὡς
2836 2481 2896 2536 οὗ
2941 2483 3052 2558 χρή
3085 2483 3192 2536 τὸπ
3225 2488 3324 2550 τῆς
3361 2482 3647 2556 βασιλείας

1992 2571 2305 2647 ἐπίτροπον,
2356 2571 2445 2626 καὶ
2492 2575 2659 2626 ταῦτα
2703 2575 2954 2627 τοιοῦτον
3013 2572 3161 2640 ὅντα,
3191 2571 3327 2625 κατὰ
3369 2570 3506 2635 τοὺς
3547 2571 3649 2626 ἄλ-

1993 2661 2125 2725 λους
2178 2663 2334 2734 εἶναι,
2383 2658 2509 2716 ἀλλ’
2567 2659 2896 2736 ἐξῃρημένον
2952 2664 3060 2714 τῶν
3115 2659 3342 2715 πολλῶν
3401 2661 3647 2735 μεγίστῳ

1995 2880 2195 2937 oculos
2245 2880 2492 2953 ingestis
2551 2879 2720 2936 donis
2777 2882 2832 2936 et
2887 2896 3090 2936 eorum
3140 2879 3252 2936 sibi
3287 2879 3650 2936 conciliandi

1995 2971 2230 3028 amoris.
2266 2973 2548 3026 Iteratum
2578 2969 2734 3024 enim
2763 2969 3024 3041 quotidie
3054 2969 3108 3024 id
3143 2969 3407 3025 ofﬁcium
3437 2986 3649 3042 sugge-

1999 3062 2192 3118 rendae
2225 3077 2470 3116 annonae
2503 3059 2756 3131 singulis
2788 3057 3228 3131 erogationibus
3279 3068 3649 3115 momentum

235 3156 346 3211 bus
370 3169 498 3224 quae
529 3153 598 3208 ad
633 3151 918 3207 honorem
953 3148 1245 3205 faciebant
1277 3147 1536 3204 antistiis
1559 3149 1888 3220 praesentis,
1921 3151 1963 3219 C
1998 3151 2253 3208 addebat
2283 3165 2507 3205 novum
2538 3147 2953 3206 benevolentiae
2993 3149 3258 3221 ipsorum
3328 3164 3470 3220 erga
3527 3153 3651 3206 tam

234 3242 412 3301 simul
444 3243 621 3299 etiam
673 3239 1004 3297 necessario
1062 3239 1313 3310 fungens
1369 3238 1648 3309 obsequio
1703 3238 1887 3293 turbae

237 3331 674 3401 submovendae,
710 3345 781 3384 ne
813 3328 954 3399 quid
987 3327 1248 3384 obstaret
1280 3326 1601 3398 quominus
1624 3326 1791 3382 facile
1815 3327 1887 3380 ad

237 3423 571 3491 Augustum
603 3418 911 3474 accederet.
941 3415 1280 3488 patriarcha
1312 3415 1370 3470 in
1405 3416 1534 3486 ipso
1590 3420 1888 3471 momento

237 3507 617 3566 admissionis
644 3522 710 3560 ac
743 3504 904 3560 nullo
936 3503 1146 3559 deinde
1174 3508 1436 3575 tempore
1457 3503 1528 3558 ab
1549 3519 1614 3559 eo
1649 3505 1746 3559 73
1769 3504 1886 3559 dis-

230 3600 604 3672 jungeretur.
662 3595 794 3650 Jam
854 3611 970 3666 prae
1039 3608 1102 3648 se
1160 3592 1383 3648 ferebat
1440 3593 1778 3664 permittere
1827 3610 1888 3649 se

238 3703 480 3762 prorsus
547 3684 787 3742 arbitrio
865 3681 1210 3756 patriarchae
1269 3681 1610 3739 electionem
1692 3699 1885 3752 suam,

239 3793 432 3848 neque
462 3774 632 3831 aliter
661 3789 838 3846 quam
863 3772 992 3844 ipso
1015 3772 1254 3842 iubente
1271 3775 1329 3827 et
1354 3777 1648 3829 annuente
1667 3773 1887 3844 synodo

239 3867 453 3923 tutoris
484 3863 743 3921 ofﬁcium
779 3862 1140 3918 subiturum.
1193 3861 1356 3927 Quod
1397 3867 1462 3916 ut
1511 3862 1886 3934 signiﬁcaret,

242 3957 596 4030 productum
649 3969 896 4025 puerum
947 3951 1273 4023 principem
1331 3951 1512 4006 tradit
1555 3952 1613 4006 in
1678 3968 1890 4008 manus

236 4045 603 4119 patriarcha,
637 4042 899 4098 medium
929 4041 1086 4096 inter
1143 4039 1574 4097 ecclesiasticos
1618 4058 1888 4113 proceres

241 4135 672 4192 circumdantes
706 4131 989 4204 undique,
1020 4129 1184 4202 quasi
1218 4147 1287 4185 ex
1315 4130 1443 4201 ejus
1488 4136 1545 4186 et
1575 4131 1725 4187 sacri
1775 4130 1890 4188 col-

241 4225 379 4298 legii
406 4223 702 4280 sententia
759 4225 817 4276 et
856 4225 1016 4276 nutu
1051 4221 1302 4291 pendere
1355 4219 1527 4276 unice
1584 4221 1886 4291 negotium

241 4313 624 4388 promotionis
656 4327 778 4367 sua:
798 4310 1018 4366 volens.
1053 4309 1237 4372 Quam
1252 4310 1518 4365 eamdem
1541 4309 1600 4364 in
1634 4310 1886 4382 speciem

239 4419 388 4474 saepe
403 4402 763 4476 producebat
787 4399 1239 4470 ostentabatque
1267 4398 1521 4470 insignia
1543 4399 1747 4456 delata:
1772 4400 1883 4457 sibi

244 4491 574 4566 potestatis,
606 4492 690 4548 sic
720 4489 895 4546 tacite
925 4489 1194 4544 indicans
1225 4505 1539 4560 agnoscere
1570 4506 1632 4546 se
1679 4507 1882 4561 prove-

244 4582 494 4639 ctionem
525 4579 619 4637 sui
678 4581 738 4636 in
769 4595 899 4636 eam
931 4577 1278 4651 dignitatem
1311 4593 1379 4633 ex
1397 4577 1519 4635 solo
1539 4579 1882 4651 patriarchae

245 4676 391 4730 nutu
417 4671 762 4742 judicioque
794 4684 1167 4741 suspensam,
1202 4667 1282 4724 ita
1311 4673 1397 4734 ut,
1430 4667 1749 4741 sijuberet,
1783 4669 1884 4726 alii

243 4780 379 4821 eum
409 4761 715 4818 haberent.
749 4758 810 4814 Id
841 4775 974 4814 vero
1005 4757 1101 4813 ille
1156 4758 1456 4830 sapienter
1501 4759 1742 4816 omnino
1799 4759 1884 4816 sic

247 4853 473 4925 agebat,
506 4853 698 4908 totum
729 4849 812 4904 rei
842 4847 1154 4904 arbitrium
1200 4847 1544 4921 patriarcha:
1592 4850 1881 4919 deferens,

244 4959 351 4999 nec
411 4939 525 4997 sibi
585 4938 730 4996 alias
762 4954 939 5010 quam
971 4936 1409 5010 obtemperandi
1453 4944 1648 5010 patres
1705 4939 1881 4995 relin-

245 5048 455 5105 quens,
488 5029 538 5086 si
565 5047 594 5086 e
620 5046 682 5086 re
713 5027 949 5102 publica
980 5032 1242 5084 censeret
1274 5029 1567 5100 praeﬁcere
1598 5047 1660 5085 se
1692 5030 1882 5086 tutela)

241 5120 546 5196 principis,
575 5123 632 5176 et
661 5119 720 5174 in
753 5133 885 5174 eum
918 5115 1116 5172 locum
1139 5117 1730 5190 conscenderejussis
1757 5121 1883 5177 suis

240 5201 490 5283 cogeret.
525 5209 589 5264 Et
633 5207 912 5280 quoniam
944 5206 1304 5278 suppeditari
1337 5206 1525 5262 victus
1566 5225 1595 5262 e
1648 5209 1882 5280 publico

255 5300 507 5358 debebat
539 5297 884 5370 patriarchae
901 5313 964 5352 ac
984 5295 1377 5352 familiaribus
1392 5297 1441 5366 ej
1454 5314 1542 5364 us,
1561 5299 1884 5368 praesertim

239 5388 719 5461 archiepiscopis,
753 5387 811 5443 id
844 5403 1026 5443 manu
1059 5385 1186 5457 ipse
1217 5401 1324 5441 sua
1356 5385 1611 5442 faciebat
1633 5386 1796 5460 large
1821 5403 1886 5444 ac

242 5481 413 5553 plane
445 5479 746 5546 muniﬁce,
777 5478 837 5534 in
891 5477 1148 5548 speciem
1181 5475 1417 5546 quidem
1468 5491 1589 5530 rem
1635 5492 1702 5532 cx
1732 5493 1884 5532 more

242 5569 499 5626 debitam
528 5568 804 5637 reddens,
838 5583 1053 5622 arcana
1085 5580 1220 5621 vero
1269 5564 1666 5622 destinatione
1706 5567 1886 5623 animi

243 5657 608 5715 occasionem
655 5671 784 5714 eam
831 5659 1078 5727 captans
1153 5653 1477 5711 excwcandi
1546 5655 1885 5728 sapientum

1916 4539 1963 4604 D

1997 3239 2299 3296 liberalem
2333 3238 2723 3309 praebitorem.
2759 3239 2963 3310 itaque
2993 3242 3224 3293 tantum
3260 3238 3510 3310 profecit
3551 3238 3654 3294 illa

1997 3329 2301 3401 diligentia
2324 3327 2564 3384 honoris
2594 3332 2651 3383 et
2665 3327 2918 3383 demissa
2931 3328 3294 3398 professione
3311 3330 3652 3386 reverentia:

1996 3435 2136 3490 erga
2169 3435 2367 3474 sacras
2400 3417 2530 3473 illas
2565 3433 2861 3489 personas,
2894 3421 2962 3472 ut
2993 3417 3198 3488 paucis
3229 3417 3443 3473 diebus
3494 3423 3653 3490 post-

1997 3525 2172 3580 quam
2204 3507 2286 3563 ita
2317 3523 2451 3562 cum
2483 3506 2600 3562 illis
2633 3522 2804 3578 agere
2829 3510 3104 3578 coeperat,
3138 3523 3346 3562 omnes
3374 3505 3512 3563 illos
3533 3507 3649 3564 sibi

1996 3597 2277 3654 obnoxios
2326 3597 2587 3663 haberet,
2638 3599 2952 3667 possetque
2992 3596 3159 3667 quasi
3220 3613 3364 3652 naso
3425 3602 3652 3654 tractos

1997 3701 2347 3760 quocunque
2404 3685 2578 3741 vellet
2635 3685 3094 3742 circumducere.
3157 3685 3273 3741 Nec
3331 3702 3477 3743 sane
3529 3688 3654 3758 jam

1995 3781 2125 3833 erat
2157 3775 2396 3832 illorum
2431 3775 2743 3846 quisquam
2775 3774 2876 3845 qui
2908 3791 3024 3830 non
3060 3789 3164 3848 per
3219 3791 3371 3848 sese,
3423 3775 3656 3832 nullius

1996 3865 2326 3932 admonitu,
2371 3865 2567 3935 ipsum
2618 3863 2924 3918 absentem
2958 3865 3020 3918 in
3073 3864 3311 3920 Patrum
3365 3881 3654 3923 concessu

1999 3956 2248 4026 loquens
2277 3953 2555 4009 laudibus
2587 3953 2645 4007 in
2673 3955 2774 4008 74
2825 3952 3040 4008 coelum
3091 3955 3288 4022 ferret,
3350 3958 3408 4010 et
3468 3973 3653 4012 unum

1995 4045 2261 4102 omnium
2294 4041 2714 4114 dignissimum
2748 4043 3096 4114 praedicaret
3124 4042 3527 4117 Palaaologum
3560 4047 3656 4116 qui

1996 4133 2460 4206 praeessetrebus
2502 4134 2792 4203 potestate
2825 4147 2997 4202 quam
3015 4131 3405 4204 amplissima,
3439 4134 3656 4207 cuique

1997 4227 2200 4296 prazter
2241 4221 2741 4294 exquisitissimos
2801 4237 3033 4293 quoque
3093 4226 3330 4278 ceteros
3399 4222 3658 4280 honores

1995 4314 2173 4370 etiam
2207 4311 2520 4384 appellatio
2554 4311 2740 4383 patris
2775 4309 3059 4382 principis
3104 4310 3312 4367 merito
3361 4312 3657 4370 tribuere-

1995 4407 2111 4458 tur.
2144 4401 2251 4457 Hic
2281 4401 2331 4456 ei
2366 4400 2677 4456 constabat
2708 4399 2939 4454 fructus
2967 4403 3387 4456 nocturnarum
3405 4402 3657 4475 adipsos

1995 4491 2456 4548 missitationum
2525 4493 2580 4545 et
2629 4488 3087 4545 artiﬁciosarum
3145 4489 3655 4562 signiﬁcationum

1995 4580 2286 4652 obsequii,
2321 4579 2619 4650 adjunctis
2652 4577 3045 4650 amplissimis
3079 4579 3138 4634 in
3171 4584 3477 4652 posterum
3522 4599 3657 4655 pro-

1995 4671 2217 4727 missis.

1992 4781 2082 4834 27.
2105 4781 2167 4837 Ut
2207 4794 2439 4848 magnus
2469 4777 2588 4854 dux
2619 4777 2834 4854 ingenti
2863 4777 3167 4854 amicoram
3198 4778 3417 4836 ambitu
3447 4780 3652 4854 despo-

2491 4853 2549 4904 τα
2571 4851 2937 4904 renuntiatus
2956 4850 3146 4919 fuerit.

2064 4942 2212 4997 Nam
2244 4939 2361 4996 ista
2389 4937 2603 4996 callida
2633 4937 2870 4994 utilium
2904 4937 2977 4993 ad
3032 4937 3291 4994 occultos
3313 4939 3661 4999 ambitionis

1996 5031 2137 5087 ﬁnes
2180 5028 2604 5085 blanditiarum
2649 5031 2772 5084 arte
2802 5030 2860 5083 et
2888 5025 3287 5099 pellacissima
3328 5032 3659 5088 commodi-

1995 5124 2111 5177 tate
2143 5136 2372 5176 morum
2405 5118 2485 5174 ita
2516 5134 2718 5174 omnes
2749 5117 2905 5189 capti
2937 5122 3096 5186 sunt,
3130 5120 3194 5172 ut
3215 5133 3350 5172 cum
3403 5135 3658 5178 conven-

1996 5219 2090 5267 tus
2124 5210 2435 5265 haberetur
2467 5225 2582 5280 quo
2631 5223 2933 5263 sacrorum
2998 5203 3273 5277 prasides
3332 5224 3456 5264 una
3515 5227 3653 5267 cum

1996 5299 2329 5371 reipublica:
2391 5297 2733 5370 proceribus
2794 5296 2866 5350 de
2924 5292 3170 5364 imperio
3230 5293 3655 5371 deliberarent,

1997 5387 2255 5445 universi
2277 5387 2429 5444 sacri
2459 5385 2739 5458 praesules
2768 5382 2927 5438 velut
2957 5398 3025 5437 ex
3055 5383 3380 5455 composito
3413 5403 3552 5444 eum
3588 5390 3659 5445 de

1997 5497 2058 5536 se
2103 5479 2376 5534 silentem
2426 5475 2696 5533 certatim
2779 5471 3127 5530 extollerent
3192 5474 3659 5536 studiosissimis

1997 5567 2363 5626 orationibus
2395 5566 2575 5636 hujus
2621 5565 2803 5620 ferme
2850 5564 3192 5620 sententiis:
3239 5563 3400 5622 haud
3453 5569 3661 5626 decere

1999 5657 2233 5730 imperii
2265 5661 2544 5726 tutorem,
2580 5653 2906 5727 praesertim
2929 5653 3000 5712 iis
3015 5653 3304 5724 moribus,
3327 5671 3395 5714 ac
3412 5657 3656 5716 dotibus
