4034 6200
234 308 346 363 509

237 432 595 508 σεμνύνεσθαι
655 431 744 486 καὶ
808 430 1074 507 βασιλικῷ
1130 433 1397 506 ἀξιώματι
1436 479 1449 492 .

233 526 328 580 καί
379 521 683 600 φροντίζων
740 523 1005 597 ὁσημέραι
1058 522 1254 593 πονοίη
1298 524 1388 579 καὶ
1421 521 1587 603 φόϐον
1639 526 1690 581 έν
1724 528 1897 603 ἑαυτῷ

233 617 328 670 τὸν
380 613 632 687 μέγιστον
681 609 859 684 ἕλκοι,
905 612 949 667 εἷ
1008 615 1080 686 μή
1135 635 1185 668 τι
1231 615 1320 669 καὶ
1367 614 1666 691 κερδαίνειν
1725 616 1898 694 ἔχοιὸ

233 705 396 760 τόσον
449 701 625 778 δχλον
668 700 1105 776 ἀναδεξάμενος;
1153 703 1243 758 καὶ
1294 703 1482 770 ἄλλως
1528 706 1700 770 οὕτως
1751 708 1898 781 αὐτῷ

235 795 326 849 καὶ
379 793 445 848 τὸ
492 799 592 862 τῆς
639 791 898 866 ἐπιταγῆς
946 793 1192 865 ἀνυστὸν,
1241 799 1389 869 εἴπερ
1445 795 1577 871 ὑπὲρ
1624 796 1752 858 τοὺς
1800 796 1900 852 ἄλ-

234 883 371 946 λους
453 881 526 936 ὥν
578 881 848 936 ἐπιτάττει
884 926 896 938 .
955 880 1130 936 Καλὸν
1191 883 1543 955 σεμνύνεσθαι
1616 883 1900 958 δεσποτειᾳ

235 974 326 1027 τὸν
374 977 475 1027 τοῦ
527 969 797 1046 βασιλέως
855 970 1170 1045 ἐπίτροπον’
1233 973 1373 1028 οὕτω
1431 974 1519 1028 καὶ
1578 976 1678 1050 γαρ
1738 978 1898 1039 αὐτὸς

229 1064 470 1136 τηρήσει
511 1061 577 1115 τά
624 1067 722 1130 τῆς
757 1059 966 1121 εὐνοίας
997 1059 1274 1130 ἀθόλωτα,
1321 1064 1457 1138 πρὸς
1483 1065 1573 1119 τὸν
1609 1065 1667 1120 ἐκ
1710 1066 1900 1141 γένους

235 1148 606 1226 βασιλεύοντα
664 1149 813 1218 ἀξίαν
863 1148 1104 1220 νομίζων
1153 1147 1393 1222 ἀμοιϐήν
1443 1153 1505 1206 τὸ
1548 1152 1786 1227 ἀξίωμα.
1841 1154 1900 1209 Τί

233 1239 289 1295 δὲ
318 1239 416 1294 καὶ
468 1239 614 1311 ξένον
665 1236 964 1308 κεκλῆσθαι
1023 1236 1284 1308 δεσπότη,
1341 1246 1386 1312 ᾦ
1435 1238 1500 1310 δὴ
1551 1243 1639 1297 καὶ
1691 1244 1717 1297 ὁ
1761 1245 1898 1320 πρὸς

233 1330 454 1402 μητρὸς
485 1330 708 1388 πάππος
741 1325 1008 1398 δεσπότης
1062 1329 1136 1383 ὥν
1178 1331 1293 1384 κατ’
1342 1329 1568 1385 Ἰταλῶν
1613 1334 1899 1408 κατώρθου

229 1420 294 1474 τά
329 1416 610 1492 μέγιστας
644 1418 716 1473 Ἤ
748 1416 847 1491 γὰρ
884 1417 986 1471 οὐκ
1021 1414 1243 1491 οἴδαμεν
1275 1423 1466 1473 τοῦτον
1519 1421 1591 1482 ὡς
1642 1421 1896 1499 θεοφιλῆ,

232 1511 307 1573 ὡς
343 1507 523 1578 ζῆλον
575 1505 772 1582 ἔχοντα
818 1511 914 1560 τοῦ
960 1507 1155 1578 καλοῦ,
1188 1509 1262 1570 ὡς
1304 1507 1686 1586 φιλομόναχον
1715 1511 1805 1566 καὶ
1834 1512 1901 1566 τα

224 1606 326 1669 τῆς
363 1595 706 1668 Ἐκκλησίας
736 1595 979 1659 ἐκτόπως
1014 1593 1275 1668 σέϐοντας
1314 1605 1574 1674 μαρτυρεῖ
1621 1601 1683 1654 τὸ
1728 1621 1896 1675 προσ-

225 1691 278 1744 ὸν
329 1688 491 1759 αὐτῷ
541 1686 798 1741 τίπεινὸν
855 1687 943 1740 καὶ
1007 1683 1308 1760 δημοτικὸν
1365 1690 1454 1742 καὶ
1513 1687 1703 1758 ἱλαρὸν
1763 1691 1900 1766 πρὸς

230 1779 503 1848 ἅπαντας,
532 1776 593 1830 τὸ
625 1773 683 1829 δὲ
729 1797 788 1850 γε
832 1773 1142 1852 φιλόδωρον
1187 1797 1247 1830 τε
1293 1777 1382 1831 καὶ
1437 1776 1787 1850 μεταδοτικὸν
1835 1781 1898 1835 τὸ

223 1875 322 1937 τῆς
359 1865 686 1940 περιουσίας
733 1866 1052 1920 πενέστατον
1116 1869 1452 1940 παραστήσει
1481 1913 1494 1937 ,
1545 1867 1683 1923 ὥστε
1713 1869 1899 1933 καλῶς

229 1960 287 2012 ἂν
353 1955 483 2032 ἔχοι
546 1956 637 2010 καὶ
694 1954 1082 2032 συμφερόντως
1126 1961 1243 2019 τοῖς
1289 1976 1618 2031 πραγμασιν⁷
1672 1957 1715 2011 εἷ
1763 1960 1898 2033 πρὸς

227 2050 296 2119 τῇ
352 2044 844 2122 βασιλεωπατορίᾳ
887 2045 976 2098 καὶ
1020 2044 1181 2115 ἀξίως
1227 2051 1439 2118 τιμῷτο
1471 2048 1498 2100 ὁ
1529 2045 1896 2122 ἐπιτροπεύων

223 2142 321 2192 τοῦ
371 2134 993 2212 βασιλεύοντος.Ταῦτά
1037 2156 1194 2188 τινων
1243 2135 1662 2210 προτεινόντων,
1695 2136 1899 2192 πολλοὶ

229 2229 324 2301 μέν
359 2230 476 2280 τῶν
522 2223 820 2300 ἀρχιερέων
867 2224 941 2288 ὡς
987 2221 1216 2286 δικαίοις
1267 2222 1489 2279 δοκοῦσι
1539 2232 1656 2288 τοῖς
1709 2225 1896 2302 λόγοις

226 2315 645 2390 συνῄνουν,καῖ
695 2319 801 2368 τῶν
852 2313 902 2367 ἐν
955 2312 1098 2368 τέλει
1145 2316 1254 2368 τισί
1306 2313 1677 2370 συνεδέδοκτο·
1721 2318 1772 2370 οἱ
1805 2315 1899 2370 ἄλ-

227 2406 316 2462 λοι
355 2404 420 2460 δὲ
462 2403 896 2481 διευιλονείκουν
924 2405 1012 2458 καὶ
1061 2403 1156 2466 τὰς
1210 2409 1433 2477 γνώμας
1471 2402 1747 2474 ἀλλήλοις
1802 2406 1896 2460 οὐ-

226 2625 580 2698 praaditum,
604 2621 810 2678 eadem
843 2621 1024 2676 teneri
1059 2621 1392 2677 conditione
1424 2637 1540 2693 qua
1572 2621 1903 2694 vulgusho-

1335 313 1431 366 DE
1471 313 1843 369 MICHAELE
1881 316 2309 372 PALEOLOGO
2346 319 2477 374 LIB.
2524 323 2568 374 Ι.

3559 321 3664 376 510

1509 438 1633 493 Ἐπι
1688 437 1739 492 τί
1795 441 1897 514 γὰρ
1930 448 1983 515 Α
2015 446 2210 516 μενοῦν
2238 441 2298 496 οὐ
2331 439 2666 503 συνέϐαινον.
2696 446 2762 502 Οἱ
2817 446 2910 518 μὲν
2961 445 3086 521 γάρ,
3135 445 3224 500 καὶ
3261 444 3473 519 μᾶλλον
3513 447 3565 503 oi
3603 449 3661 504 ἐκ

2006 535 2110 585 τῶν
2182 534 2499 607 Λασκαρίων
2571 534 3007 609 Τζαμάντουροι,
3060 532 3153 589 σὺν
3206 537 3290 597 οἷς
3336 535 3426 590 καὶ
3475 537 3504 590 ὁ
3551 544 3661 594 Νο-

2007 619 2236 695 στάγγος
2287 623 2560 698 Γεώργιος
2589 665 2602 690 ,
2639 623 2701 677 τὸ
2747 624 2842 696 μὲν
2886 622 3324 699 βασιλεοπάτορα
3383 624 3472 680 καὶ
3528 627 3665 682 εἶναι

2006 711 2094 764 καὶ
2127 709 2485 782 ὀνομάζεσθαι
2523 709 2685 785 μόλις
2723 713 2816 784 μέν
2868 711 2993 767 ἀλλ’
3038 708 3192 785 ὅμως
3224 715 3309 768 καὶ
3350 715 3424 787 μή
3473 712 3661 779 θέλον-

2005 820 2092 860 τες
2141 797 2431 870 ἐνεδίδουν,
2495 802 2677 856 ἱκανὸν
2732 799 2777 855 δ’
2832 803 2965 856 εἶναι
3015 807 3094 874 τῷ
3141 801 3420 877 ἐπιτρόπῳ
3469 804 3531 858 τὸ
3563 811 3662 874 τῆς

2009 886 2267 959 δουκικῆς
2305 889 2596 964 μεγαλεῖον
2633 890 2781 961 ἀξίας
2829 887 3254 966 διισχυρίζοντο.
3307 894 3573 970 Ὀφφικίῳ
3606 891 3662 948 δὲ

2011 977 2286 1053 βασιλείας
2354 977 2571 1056 φέροντι
2649 981 2825 1052 ὄνομα
2907 979 3255 1054 σεμνύνεσθαι
3325 985 3515 1036 τοῦτον
3570 983 3661 1037 καὶ

2005 1067 2280 1129 τοιαύταις
2329 1067 2499 1137 ἀξίαις
2547 1070 2803 1142 τιμᾶσθαι
2873 1069 3174 1143 κρείττοσιν
3221 1069 3256 1139 ἢ
3305 1073 3420 1125 κατ’
3480 1071 3662 1144 αὐτὸν,

2011 1158 2086 1228 μή
2118 1156 2205 1211 καὶ
2236 1155 2322 1211 ἐπὶ
2349 1163 2467 1220 τοῖς
2522 1158 2801 1232 μεγίστοις
2847 1180 2904 1213 τε
2951 1159 3041 1213 καὶ
3094 1160 3303 1232 τιμίοις
3361 1156 3664 1236 παράϐασις

2010 1245 2113 1316 εἶή.
2145 1246 2292 1302 Εἶναι
2343 1246 2445 1322 γαρ
2495 1244 2780 1322 βασιλίδας
2835 1248 3039 1319 ὡραίας
3088 1256 3303 1321 γάμων,
3352 1251 3411 1310 ἅς
3451 1249 3660 1324 ἀνάγκη

2007 1340 2295 1408 γαμεῖσθαι
2325 1340 2442 1397 τοῖς
2473 1337 2733 1410 προέχειν
2769 1333 3042 1391 δοκοῦσινο
3087 1336 3132 1391 εί
3182 1334 3228 1392 δ’
3262 1339 3373 1407 οὖν,
3411 1337 3538 1393 ἀλλ’
3571 1339 3664 1392 αὖ·

2006 1430 2124 1486 ταῖς
2154 1423 2204 1494 ἐξ
2232 1425 2404 1479 αὐτῶν
2457 1425 2592 1500 μέγα
2620 1426 2682 1480 τὸ
2735 1424 2946 1480 δίκαιον
2995 1426 3145 1501 ἒχειν
3197 1426 3473 1490 τοιούτοις
3533 1429 3666 1500 μετά

2008 1517 2114 1567 τῶν
2175 1513 2421 1589 συζύγων
2478 1514 2831 1586 σεμνύνεσθαι
2891 1516 3189 1589 ἀξιώμασιν
3225 1561 3238 1586 ,
3299 1515 3664 1594 αὐτοδέλφαις

2013 1600 2284 1676 βασιλέως
2336 1600 2520 1664 οὔσαις
2576 1604 2666 1657 καὶ
2729 1605 3000 1679 βασιλίσιν
3061 1604 3120 1659 ἐκ
3175 1606 3450 1683 τριγονίας
3493 1607 3528 1676 ἢ
3572 1606 3662 1661 καὶ

2007 1691 2355 1764 τετραγονίας
2392 1689 2605 1764 μαλλον
2643 1691 2954 1766 βασιλικῆς.
2997 1694 3063 1750 Οἱ
3110 1694 3247 1770 ἀμφὶ
3285 1695 3377 1748 τὸν
3419 1700 3664 1771 Στρατη-

2009 1779 2288 1855 γόπουλον
2323 1777 2381 1834 δὲ
2403 1779 2646 1853 Ἀλέξιον
2679 1782 2767 1835 καὶ
2810 1783 2860 1835 οἱ
2891 1783 2986 1836 τοῦ
3020 1781 3193 1855 Φιλῆ,
3226 1782 3315 1838 καὶ
3347 1782 3439 1837 σὺν
3476 1784 3659 1845 αὐτοῖς

2011 1871 2062 1923 οἱ
2093 1869 2374 1943 Τορνίκιοι
2407 1871 2496 1924 καὶ
2546 1871 2596 1924 οἱ
2629 1869 2826 1948 τυφλοὶ
2884 1869 3118 1944 μᾶλλον,
3153 1870 3202 1926 ο’ί
3234 1870 3298 1942 δὴ
3332 1873 3421 1928 καὶ
3465 1873 3662 1927 παθόν-

2006 1979 2097 2021 τες
2143 1957 2366 2031 ἀμύνειν
2421 1956 2644 2030 ἤθελον,
2705 1963 2770 2030 [Ρ
2827 1963 2915 2032 45]
2959 1959 3050 2014 σὺν
3085 1959 3130 2015 δ’
3175 1961 3358 2024 αὐτοῖς
3401 1961 3490 2016 καὶ
3539 1960 3658 2016 ὅσοι

2008 2049 2145 2104 κατά
2176 2045 2489 2124 συγγένειαν
2518 2052 2552 2118 ἢ
2593 2051 2752 2104 αὗταν
2785 2049 2820 2119 ἢ
2854 2049 3220 2123 ἐλπιζομένην
3275 2056 3391 2114 τοῖς
3425 2051 3659 2109 Ηαλαιο-

2010 2137 2201 2213 λόγοις
2231 2138 2600 2212 προσέκειντο,
2657 2139 2900 2213 ἰσχυρῶς
2948 2139 3240 2212 ἀντέσπων,
3279 2138 3490 2196 δίκαιον
3521 2141 3656 2196 εἶναι

2010 2225 2262 2302 λέγοντες
2310 2229 2398 2282 καὶ
2456 2226 2645 2291 ἄλλως
2698 2227 2970 2307 συμφέρον
3027 2229 3118 2284 τὸν
3172 2229 3330 2306 ἐγγὺς
3386 2228 3657 2305 βασιλέως

2009 2313 2138 2372 ὄντα
2167 2317 2255 2371 καὶ
2300 2318 2504 2392 πατρὸς
2544 2314 2718 2391 ὄνομα
2750 2317 2980 2396 φέροντα
3025 2323 3284 2392 τιμᾶσθαι
3333 2319 3421 2373 καὶ
3463 2317 3658 2375 δεσπο-

2006 2405 2144 2476 τεία.
2178 2405 2334 2462 Οὕτω
2381 2408 2486 2481 γὰρ
2545 2408 2677 2461 εἶναι
2732 2408 2794 2462 τὸ
2853 2408 3278 2483 συγκεχωρηκὸς
3338 2409 3488 2482 αὐτῷ
3518 2411 3664 2483 παρά

2013 2623 2247 2680 ratoris.
2298 2628 2432 2678 Haec
2490 2623 2920 2695 proferentibus
2978 2624 3338 2696 quibusdam
3398 2626 3568 2683 multi
3625 2642 3654 2683 e

230 2713 501 2782 minum,
519 2711 622 2767 sed
637 2709 918 2766 eximium
939 2709 1368 2766 eteminentem
1392 2727 1574 2782 supra
1591 2710 1905 2782 plerosque

235 2802 509 2860 maxima
535 2806 593 2857 et
625 2799 784 2873 regia
813 2799 1175 2856 venerationi
1206 2799 1457 2872 publicae
1501 2800 1903 2856 commendari

235 2893 559 2966 dignitate.
587 2890 704 2946 Cur
732 2889 889 2946 enim
913 2893 1000 2945 tot
1031 2906 1093 2945 se
1123 2889 1385 2960 quotidie
1417 2889 1572 2944 curis
1607 2892 1905 2957 attereret,

232 2988 479 3040 tantum
515 2995 794 3052 angorem
826 2994 893 3034 ex
925 2983 1082 3034 metu
1117 2978 1356 3034 assiduo
1372 2978 1766 3050 periculorum
1796 2979 1906 3032 im-
2015 2985 2170 3036 tores
2199 2986 2258 3036 et
2289 2997 2356 3037 ex
2386 2982 2726 3052 gerentibus
2758 2983 2983 3053 primos
3009 2983 3389 3053 magistratus
3412 3000 3660 3040 consen-

237 3070 638 3145 pendentium
673 3068 918 3138 subiret,
943 3070 994 3124 si
1026 3067 1256 3124 nullum
1291 3068 1404 3138 ipsi
1437 3068 1668 3125 lucrum
1694 3068 1908 3123 rediret
2014 3070 2378 3126 tiebant.Alii
2399 3075 2604 3126 contra
2620 3070 3484 3134 tendebant,sententiistamen
3509 3073 3660 3128 inter

234 3181 302 3219 ex
367 3166 499 3217 tam
553 3158 923 3216 tumultuosa
986 3158 1399 3229 procuratione
1468 3157 1528 3213 in
1601 3157 1902 3229 publicum
1936 3194 1978 3262 Ο
2017 3176 2144 3216 sese
2178 3158 2567 3214 discordibus.
2601 3159 2744 3214 Nam
2775 3158 2834 3212 hi
2869 3158 3129 3230 quidem,
3161 3160 3414 3216 maxime
3447 3162 3658 3218 Lasca-

239 3256 532 3324 suscepta
563 3251 965 3319 commodum,
992 3248 1254 3320 praeserti
1279 3265 1473 3304 mcum
1505 3248 1619 3304 ista
1650 3265 1826 3320 quam
1852 3247 1904 3303 ei
1940 3247 1978 3262 υ
2018 3250 2154 3306 ridae
2187 3247 2581 3316 Tzamanturi,
2615 3264 2748 3304 cum
2781 3247 2996 3319 quibus
3028 3253 3086 3304 et
3116 3248 3453 3323 Nostongus
3485 3251 3666 3308 Geor-

236 3349 524 3417 optamus
584 3357 766 3410 supra
822 3347 1059 3394 caeteros
1113 3337 1457 3394 excellentia
1500 3339 1905 3394 eflicacitatem
2015 3338 2170 3411 gius,
2203 3337 2397 3394 vocari
2426 3341 2483 3393 et
2513 3352 2641 3394 esse
2670 3336 3064 3409 Palaeologum
3099 3343 3324 3408 patrem
3376 3339 3658 3412 principis

236 3431 590 3506 reipublicae
613 3429 817 3485 utilem
839 3430 1187 3500 adjunctura
1211 3427 1909 3500 sitmandatisimperiis-
2014 3445 2163 3500 aegre
2194 3427 2332 3484 licet
2361 3444 2426 3483 ac
2483 3427 2762 3482 subinviti
2804 3427 3232 3495 concedebant;
3267 3432 3464 3484 tamen
3509 3430 3656 3486 illud

240 3541 374 3596 quae
409 3519 1004 3589 salubribus,absque
1037 3516 1245 3588 majori
1269 3534 1446 3589 quam
1472 3534 1599 3588 quae
1627 3534 1784 3572 nunc
1819 3522 1910 3574 cst
2014 3518 2294 3574 tenebant
2325 3515 2623 3572 mordicus
2647 3515 3060 3587 praefractaque
3089 3516 3520 3574 contendebant
3546 3521 3666 3575 suf-

233 3611 515 3685 jubentis
547 3609 834 3666 auctorite
866 3607 1034 3663 facile
1077 3608 1442 3680 impuneque
1496 3605 1908 3679 negligendis?
2017 3607 2188 3663 ﬁcere
2220 3607 2430 3662 debere
2461 3605 2638 3661 tutori
2690 3604 3065 3677 imperatoris
3114 3606 3664 3676 praestantissimum

244 3707 511 3776 Dignum
544 3716 789 3772 prorsus
820 3713 1173 3769 aequumque
1205 3700 1293 3752 est
1325 3697 1520 3752 ornari
1554 3696 1775 3751 domini
1802 3714 1902 3768 ap-
2016 3696 2360 3765 dignitatem
2391 3695 2557 3750 ducis
2591 3694 2824 3766 magni:
2859 3693 3050 3750 officio
3081 3710 3216 3749 vero
3250 3696 3414 3766 regni
3463 3699 3519 3752 et
3560 3713 3663 3752 su-

243 3790 572 3866 pcllotione
604 3792 862 3844 tutorem
894 3785 1266 3858 imperatoris
1291 3802 1304 3841 :
1327 3787 1411 3842 sic
1441 3787 1596 3841 enim
1629 3786 1756 3856 ipse
1785 3786 1908 3842 sin-
2017 3786 2200 3856 premi
2232 3783 2478 3839 dominii
2512 3800 2724 3868 nomen
2767 3782 3021 3838 habente
3051 3782 3334 3854 insignire
3377 3784 3572 3856 ipsum
3606 3792 3664 3843 et

244 3898 453 3940 cerum
491 3881 766 3936 affectum
798 3881 1050 3949 paternae
1103 3875 1408 3932 ebaritatis
1440 3892 1576 3947 erga
1624 3891 1783 3943 eum,
1816 3877 1908 3932 cui
2015 3873 2352 3930 istiusmodi
2383 3873 2707 3928 honoribus
2742 3872 3031 3943 privatum
3061 3873 3301 3927 modum
3333 3874 3662 3930 excedenti-

241 3991 375 4031 sors
409 3968 695 4026 nascendi
720 3968 824 4038 jus
867 3965 1100 4037 imperii
1152 3965 1422 4035 contulit,
1451 3967 1744 4031 turbetur,
1777 3981 1907 4020 eam
2017 3963 2520 4033 busefferre,quid
2543 3960 3301 4031 minus,aiebant,quamin
3319 3962 3586 4018 maximis
3605 3968 3663 4019 et

247 4065 443 4119 vicem
477 4056 659 4114 olficii
691 4060 959 4111 mutuam
993 4056 1203 4110 debere
1236 4071 1296 4110 se
1346 4055 1606 4110 sentiens
1637 4054 1686 4109 ei
1736 4055 1907 4125 cujus
2015 4051 2235 4108 summi
2280 4050 2562 4106 momenti
2623 4050 2800 4104 rebus
2860 4049 3224 4120 praevaricari
3286 4049 3505 4105 fuerit?
3536 4067 3669 4108 esse

247 4169 434 4209 causa
467 4155 526 4205 et
557 4163 805 4202 assensu
864 4144 975 4200 isto
1011 4161 1073 4200 se
1125 4143 1334 4199 viderit
1382 4143 1599 4198 honore
1648 4150 1906 4198 auctum-
2017 4141 2172 4197 enim
2229 4140 2423 4212 regias
2476 4139 2753 4210 virgines,
2787 4153 3020 4193 sorores
3068 4137 3464 4210 imperatoris,
3496 4143 3662 4195 aetate

249 4242 400 4308 Quid
427 4238 528 4294 75
554 4251 724 4307 porro
755 4233 1284 4290 extraordinarium
1317 4237 1373 4288 et
1400 4249 1610 4287 novum
1647 4236 1734 4288 cst
1772 4249 1906 4288 eum
2016 4232 2136 4302 jam
2171 4228 2380 4299 nubili,
2416 4245 2541 4300 quae
2587 4229 2830 4284 honeste
2847 4243 2911 4282 ac
2931 4231 3324 4283 consentanea
3363 4228 3662 4286 natalibus

253 4332 371 4389 dici
419 4331 749 4397 despotam,
798 4325 966 4394 cujus
1008 4328 1309 4378 maternus
1360 4339 1502 4378 avus
1547 4323 1746 4377 eadem
1796 4323 1911 4377 ista
2018 4336 2219 4376 earum
2253 4317 2524 4375 collocari
2559 4318 2656 4372 76
2689 4334 2802 4372 non
2856 4321 3097 4388 possent
3130 4317 3242 4372 nisi
3294 4316 3432 4373 viris
3479 4319 3664 4374 excel-

240 4423 505 4494 despotae
537 4414 792 4486 insignis
824 4416 1105 4484 potestate
1127 4411 1422 4483 praeclaris
1455 4427 1516 4467 se
1547 4411 1908 4468 facinoribus
2018 4409 2161 4465 leuti
2193 4408 2477 4480 dignitate
2506 4404 2862 4494 conspicuis,
2896 4421 3073 4494 quam,
3103 4405 3451 4477 dignitatem
3477 4406 3565 4462 vel
3597 4424 3666 4464 ex

244 4493 566 4586 permultis
599 4503 752 4559 bello
783 4507 987 4558 contra
1014 4501 1193 4557 Italos
1244 4501 1510 4555 inclitum
1559 4500 1804 4556 fecerit?
1833 4519 1905 4556 an
1942 4572 1978 4586 ἢ
2018 4516 2080 4555 se
2103 4499 2227 4568 jam
2258 4497 2512 4586 habeant
2540 4493 2630 4586 vel
2662 4495 2720 4549 in
2746 4493 2878 4549 talis
2904 4493 3266 4586 matrimonii
3293 4495 3548 4586 favorem
3568 4513 3663 4551 ac-

246 4572 556 4658 hescimus
616 4597 839 4664 quanta
864 4592 1006 4646 insit
1035 4590 1086 4646 ei
1109 4589 1370 4646 charitas
1404 4589 1460 4645 in
1493 4596 1699 4661 Deum,
1729 4608 1904 4662 quam
1939 4572 1982 4636 Ῐ)
2015 4588 2252 4660 cipiant.
2283 4589 2470 4652 Quare
2499 4584 2657 4639 hisce
2691 4583 3012 4638 servandos
3058 4581 3260 4638 titulos
3312 4584 3477 4652 istos,
3515 4601 3664 4657 quos

2026 2712 2298 2768 Patribus
2324 2711 2702 2769 ecclesiastici
2747 2730 3065 2770 concessus
3089 2715 3299 2788 prasid
3311 2716 3442 2772 ibus
3464 2734 3660 2775 sacro-

2015 2817 2146 2857 rum
2164 2803 2623 2875 applaudebant,
2640 2803 2896 2874 utjustis
2913 2807 2971 2860 et
2993 2803 3204 2860 rationi
3227 2806 3661 2873 consentaneis,

2015 2895 2188 2962 prout
2217 2891 2364 2964 ipsis
2395 2891 2742 2948 videbatur:
2775 2891 3048 2948 nonnulli
3089 2893 3232 2964 quin
3286 2895 3462 2950 etiam
3494 2912 3663 2950 sena-

249 4693 468 4748 ardens
506 4684 770 4742 studium
809 4697 1004 4736 rerum
1024 4680 1431 4745 honestarum,
1452 4686 1708 4752 quantus
1739 4697 1905 4735 amor

245 4785 304 4840 in
339 4776 738 4838 monasticum
770 4772 1057 4838 ordinem,
1082 4788 1174 4827 res
1197 4771 1451 4844 denique
1473 4788 1678 4828 omnes
1696 4775 1752 4827 et
1773 4789 1900 4844 per-

247 4889 425 4931 sonas
439 4863 870 4925 ecclesiasticas
888 4879 1067 4933 quam
1095 4861 1356 4934 impense
1385 4862 1720 4916 veneretur?
1737 4861 1905 4916 testis

247 4980 372 5035 quae
405 4960 564 5014 inest
616 4953 728 5025 ipsi
786 4950 1224 5007 modestissime
1275 4950 1577 5019 demissio,
1613 4949 1905 5020 populari-

247 5058 339 5108 tas
387 5044 603 5104 hilaris
635 5044 706 5098 ad
752 5057 978 5097 omnes.
1014 5039 1398 5112 Benignitatis
1457 5057 1628 5111 porro
1673 5041 1800 5109 ejus
1849 5044 1907 5095 et

247 5134 615 5214 profusionis
646 5134 706 5187 in
741 5132 1011 5186 donando
1042 5129 1328 5186 indicium
1361 5129 1516 5185 idem
1552 5129 1906 5200 affectusque

249 5234 358 5298 est,
391 5239 631 5282 summa
664 5223 981 5292 paupertas
1014 5233 1207 5273 rerum
1260 5234 1440 5289 supra
1472 5232 1644 5272 usum
1691 5216 1905 5270 redun-

251 5317 545 5383 dantium,
579 5326 758 5383 quam
791 5308 986 5364 sciens
1034 5307 1354 5380 volensque
1388 5309 1445 5362 in
1498 5321 1559 5362 se
1609 5307 1793 5362 ambit
1841 5321 1904 5359 ac

251 5409 528 5481 procurat
560 5398 983 5457 liberalissima
1013 5397 1321 5469 largitione
1355 5398 1641 5452 bonorum
1674 5395 1902 5450 talium.

249 5497 534 5561 Quocirca
567 5490 880 5560 etjustum
929 5491 985 5542 et
1040 5485 1378 5558 reipublica:
1433 5486 1576 5542 utile
1632 5485 1820 5546 fuerit,
1854 5485 1904 5539 si

251 5592 460 5659 praeter
493 5578 950 5654 appellationem
983 5575 1167 5649 patris
1192 5575 1474 5647 principis
1508 5575 1639 5631 aliis
1664 5575 1905 5646 insuper

252 5673 528 5747 congruis
563 5669 665 5727 tali
697 5668 970 5740 dignitati
993 5666 1180 5723 titulis
1204 5666 1703 5723 honoreturtutor
1724 5666 1900 5737 impc-

2011 4677 2252 4749 quidam
2284 4673 2671 4730 cumulandos
2697 4673 2752 4727 in
2781 4689 2963 4727 unum
2981 4673 3107 4742 jam
3130 4673 3363 4729 abunde
3385 4679 3662 4730 ornatum

2014 4766 2452 4831 contenderent,
2479 4779 2549 4818 ne
2581 4763 2888 4833 occupatis
2921 4762 3150 4818 cunctis
3171 4763 3454 4834 gradibus
3477 4763 3662 4820 subli-

2015 4855 2218 4911 mioris
2249 4851 2487 4908 honoris
2511 4849 2679 4922 regia:
2709 4849 2987 4921 virgines,
3015 4867 3129 4905 non
3160 4867 3228 4907 ex
3250 4856 3413 4922 patre
3442 4852 3660 4922 solum,

2013 4946 2112 5002 sed
2147 4960 2252 4999 avo
2278 4941 2475 5007 etiam,
2501 4955 2714 5012 proavo
2745 4943 2802 4994 et
2824 4940 3003 4995 abavo
3023 4941 3406 5010 regnantibus
3428 4943 3662 5014 genitae,

2013 5032 2264 5106 deprimi
2297 5031 2478 5086 nutiis
2512 5028 2690 5084 nimis
2740 5029 3070 5101 imparibus
3103 5035 3161 5085 et
3212 5029 3424 5086 misere
3457 5032 3518 5087 in
3570 5050 3664 5087 or-

2012 5126 2211 5180 dinem
2243 5139 2311 5177 ex
2342 5122 2592 5192 augusto
2626 5117 2863 5190 fastigio
2897 5119 3080 5189 redigi
3114 5135 3352 5176 necesse
3383 5121 3658 5177 habeant.

2013 5216 2052 5270 E
2087 5211 2377 5268 contrario
2425 5207 2874 5280 Stratcgopulus
2905 5207 3146 5264 Alexius
3202 5214 3259 5265 et
3308 5209 3489 5266 Phila:
3529 5210 3658 5278 filii,

2013 5318 2244 5373 cunque
2305 5301 2396 5355 his
2453 5297 2732 5365 Tornicii,
2791 5302 2850 5352 et
2907 5297 3160 5354 maxime
3223 5299 3323 5370 qui
3392 5299 3659 5354 excaecati

2012 5395 2262 5462 fuerant,
2296 5393 2613 5462 utpoteque
2643 5387 2922 5457 injuriam
2954 5388 3410 5458 passi,vindictae
3444 5387 3658 5458 cupidi,

2015 5484 2348 5557 pariterque
2389 5495 2524 5536 cum
2575 5478 2704 5534 istis
2758 5477 3021 5548 quinque
3079 5479 3426 5548 cognatione
3483 5483 3658 5546 atque

2013 5572 2299 5631 affinitate
2333 5568 2603 5643 praesenti
2637 5571 2739 5623 aut
2769 5571 3004 5638 Sperata
3037 5568 3108 5622 ad
3141 5565 3491 5636 Palaeologos
3524 5581 3658 5636 pro-

2014 5664 2364 5737 pendebant,
2399 5676 2612 5731 magno
2647 5658 2782 5714 nisu
2819 5655 3102 5712 aliorsum
3154 5672 3275 5712 rem
3327 5653 3655 5726 trahebant,
