  <div class='ocr_page' id='page_1' title='image "/cluster/home/n/w/nwhite01/storage/ocr_20150623/143/hvd.32044073502585/261.png"; bbox 0 0 3944 6202; ppageno 0'>
   <div class='ocr_carea' id='block_1_1' title="bbox 381 285 1938 350">
    <p class='ocr_par' dir='ltr' id='par_1_1' title="bbox 381 285 1938 346">
     <span class='ocr_line' id='line_1_1' title="bbox 381 285 1938 346; baseline -0.003 0"><span class='ocrx_word' id='word_1_1' title='bbox 381 285 488 346; x_wconf 88' lang='grc'><strong>511</strong></span> <span class='ocrx_word' id='word_1_2' title='bbox 1687 285 1938 346; x_wconf 78' lang='lat' dir='ltr'><strong>GEOBG‘.</strong></span> 
     </span>
    </p>
   </div>
   <div class='ocr_carea' id='block_1_2' title="bbox 2124 285 3681 350">
    <p class='ocr_par' dir='ltr' id='par_1_2' title="bbox 2124 287 3681 350">
     <span class='ocr_line' id='line_1_2' title="bbox 2124 287 3681 350; baseline 0.004 -6"><span class='ocrx_word' id='word_1_3' title='bbox 2124 287 2488 346; x_wconf 71' lang='grc' dir='ltr'><strong>σΗΥΜΕΜε</strong></span> <span class='ocrx_word' id='word_1_4' title='bbox 3599 293 3681 350; x_wconf 77' lang='grc'><strong>512</strong></span> 
     </span>
    </p>
   </div>
   <div class='ocr_carea' id='block_1_3' title="bbox 380 409 3687 490">
    <p class='ocr_par' dir='ltr' id='par_1_3' title="bbox 380 409 3687 490">
     <span class='ocr_line' id='line_1_3' title="bbox 380 409 3687 490; baseline 0 -17"><span class='ocrx_word' id='word_1_5' title='bbox 380 418 620 485; x_wconf 81' lang='grc' dir='ltr'>πάντων,</span> <span class='ocrx_word' id='word_1_6' title='bbox 651 415 741 469; x_wconf 85' lang='grc' dir='ltr'><strong>καὶ</strong></span> <span class='ocrx_word' id='word_1_7' title='bbox 789 413 930 467; x_wconf 69' lang='grc' dir='ltr'>οὕτω</span> <span class='ocrx_word' id='word_1_8' title='bbox 986 413 1052 466; x_wconf 78' lang='grc' dir='ltr'><strong>τὰ</strong></span> <span class='ocrx_word' id='word_1_9' title='bbox 1117 413 1410 487; x_wconf 74' lang='grc' dir='ltr'>πράγματα</span> <span class='ocrx_word' id='word_1_10' title='bbox 1467 410 1816 476; x_wconf 79' lang='grc' dir='ltr'>διιθύνεσθαι.</span> <span class='ocrx_word' id='word_1_11' title='bbox 1867 409 2025 467; x_wconf 80' lang='grc' dir='ltr'>Παιδὶ</span> <span class='ocrx_word' id='word_1_12' title='bbox 2057 414 2109 481; x_wconf 80' lang='grc' dir='ltr'><strong>Α</strong></span> <span class='ocrx_word' id='word_1_13' title='bbox 2139 417 2351 483; x_wconf 68' lang='lat' dir='ltr'><strong>mina;</strong></span> <span class='ocrx_word' id='word_1_14' title='bbox 2386 411 2544 470; x_wconf 79' lang='grc' dir='ltr'>Ἀλλ’</span> <span class='ocrx_word' id='word_1_15' title='bbox 2573 411 2729 486; x_wconf 76' lang='grc' dir='ltr'>ὅμως</span> <span class='ocrx_word' id='word_1_16' title='bbox 2758 416 2838 484; x_wconf 83' lang='grc' dir='ltr'><strong>τῷ</strong></span> <span class='ocrx_word' id='word_1_17' title='bbox 2872 413 2949 486; x_wconf 78' lang='grc' dir='ltr'>μὴ</span> <span class='ocrx_word' id='word_1_18' title='bbox 2992 410 3122 468; x_wconf 79' lang='grc' dir='ltr'>κατὰ</span> <span class='ocrx_word' id='word_1_19' title='bbox 3167 411 3351 488; x_wconf 79' lang='grc' dir='ltr'>τρόπον</span> <span class='ocrx_word' id='word_1_20' title='bbox 3393 410 3610 490; x_wconf 78' lang='grc' dir='ltr'>ἄρχεσθαι</span> <span class='ocrx_word' id='word_1_21' title='bbox 3647 417 3687 489; x_wconf 71' lang='grc' dir='ltr'>ἐξ</span> 
     </span>
    </p>
   </div>
   <div class='ocr_carea' id='block_1_4' title="bbox 378 499 3687 584">
    <p class='ocr_par' dir='ltr' id='par_1_4' title="bbox 378 499 3687 584">
     <span class='ocr_line' id='line_1_4' title="bbox 378 499 3687 584; baseline 0.001 -28"><span class='ocrx_word' id='word_1_22' title='bbox 378 508 481 584; x_wconf 80' lang='grc' dir='ltr'><strong>γὰρ</strong></span> <span class='ocrx_word' id='word_1_23' title='bbox 515 507 590 578; x_wconf 81' lang='grc' dir='ltr'>μή</span> <span class='ocrx_word' id='word_1_24' title='bbox 623 502 724 574; x_wconf 69' lang='grc' dir='ltr'><strong>οἵῳ</strong></span> <span class='ocrx_word' id='word_1_25' title='bbox 752 523 809 556; x_wconf 84' lang='grc' dir='ltr'><strong>τε</strong></span> <span class='ocrx_word' id='word_1_26' title='bbox 839 506 1056 578; x_wconf 73' lang='grc' dir='ltr'>φρονεῖν</span> <span class='ocrx_word' id='word_1_27' title='bbox 1088 503 1176 556; x_wconf 86' lang='grc' dir='ltr'><strong>τίσ</strong></span> <span class='ocrx_word' id='word_1_28' title='bbox 1206 499 1266 556; x_wconf 80' lang='grc' dir='ltr'><strong>ἃν</strong></span> <span class='ocrx_word' id='word_1_29' title='bbox 1298 503 1386 556; x_wconf 79' lang='grc' dir='ltr'><strong>καὶ</strong></span> <span class='ocrx_word' id='word_1_30' title='bbox 1420 503 1669 577; x_wconf 79' lang='grc' dir='ltr'>προσέξει</span> <span class='ocrx_word' id='word_1_31' title='bbox 1699 521 1713 571; x_wconf 89' lang='grc'><strong>;</strong></span> <span class='ocrx_word' id='word_1_32' title='bbox 1761 501 1824 558; x_wconf 72' lang='lat' dir='ltr'><strong>Ei</strong></span> <span class='ocrx_word' id='word_1_33' title='bbox 1859 499 1915 556; x_wconf 74' lang='grc' dir='ltr'>δὲ</span> <span class='ocrx_word' id='word_1_34' title='bbox 1945 502 2035 556; x_wconf 83' lang='grc' dir='ltr'><strong>καὶ</strong></span> <span class='ocrx_word' id='word_1_35' title='bbox 2145 501 2406 566; x_wconf 77' lang='grc' dir='ltr'><strong>εὐπλοίας</strong></span> <span class='ocrx_word' id='word_1_36' title='bbox 2433 502 2516 558; x_wconf 83' lang='grc' dir='ltr'><strong>ὅτι</strong></span> <span class='ocrx_word' id='word_1_37' title='bbox 2557 505 2872 576; x_wconf 81' lang='grc' dir='ltr'>Θαυμαστῇς</span> <span class='ocrx_word' id='word_1_38' title='bbox 2921 501 3258 578; x_wconf 78' lang='grc' dir='ltr'><strong>ἐναυάγησαν.</strong></span> <span class='ocrx_word' id='word_1_39' title='bbox 3306 501 3361 560; x_wconf 80' lang='lat' dir='ltr'><strong>Ei</strong></span> <span class='ocrx_word' id='word_1_40' title='bbox 3387 508 3495 578; x_wconf 70' lang='grc' dir='ltr'>γοῦν</span> <span class='ocrx_word' id='word_1_41' title='bbox 3519 510 3583 576; x_wconf 79' lang='grc' dir='ltr'>τῷ</span> <span class='ocrx_word' id='word_1_42' title='bbox 3630 510 3687 579; x_wconf 75' lang='grc' dir='ltr'>μὴ</span> 
     </span>
    </p>
   </div>
   <div class='ocr_carea' id='block_1_5' title="bbox 380 587 3688 668">
    <p class='ocr_par' dir='ltr' id='par_1_5' title="bbox 380 587 3688 668">
     <span class='ocr_line' id='line_1_5' title="bbox 380 587 3688 668; baseline 0 -18"><span class='ocrx_word' id='word_1_43' title='bbox 380 598 408 651; x_wconf 86' lang='grc' dir='ltr'>ὁ</span> <span class='ocrx_word' id='word_1_44' title='bbox 439 596 549 650; x_wconf 79' lang='grc' dir='ltr'>ἀντ’</span> <span class='ocrx_word' id='word_1_45' title='bbox 582 591 785 648; x_wconf 80' lang='grc' dir='ltr'>ἐκείνου</span> <span class='ocrx_word' id='word_1_46' title='bbox 815 592 1167 667; x_wconf 76' lang='grc' dir='ltr'><strong>προστάσσων</strong></span> <span class='ocrx_word' id='word_1_47' title='bbox 1196 588 1421 662; x_wconf 78' lang='grc' dir='ltr'>ἰδιώτης</span> <span class='ocrx_word' id='word_1_48' title='bbox 1453 589 1561 664; x_wconf 65' lang='grc' dir='ltr'>εἴη,</span> <span class='ocrx_word' id='word_1_49' title='bbox 1606 589 1762 647; x_wconf 71' lang='grc' dir='ltr'>οὐδὲν</span> <span class='ocrx_word' id='word_1_50' title='bbox 1791 593 1853 646; x_wconf 88' lang='grc' dir='ltr'>τὸ</span> <span class='ocrx_word' id='word_1_51' title='bbox 1902 591 2036 666; x_wconf 85' lang='grc' dir='ltr'>πρὸς</span> <span class='ocrx_word' id='word_1_52' title='bbox 2145 593 2328 654; x_wconf 81' lang='grc' dir='ltr'>καλῶς</span> <span class='ocrx_word' id='word_1_53' title='bbox 2355 591 2406 654; x_wconf 82' lang='grc' dir='ltr'>ἐς</span> <span class='ocrx_word' id='word_1_54' title='bbox 2426 594 2488 648; x_wconf 88' lang='grc' dir='ltr'>τὸ</span> <span class='ocrx_word' id='word_1_55' title='bbox 2539 587 2756 668; x_wconf 69' lang='grc' dir='ltr'>ἀκριϐὲς</span> <span class='ocrx_word' id='word_1_56' title='bbox 2805 589 3068 666; x_wconf 79' lang='grc' dir='ltr'>ἄρχεσθαι</span> <span class='ocrx_word' id='word_1_57' title='bbox 3109 593 3233 646; x_wconf 87' lang='grc' dir='ltr'>τόσα</span> <span class='ocrx_word' id='word_1_58' title='bbox 3279 587 3452 662; x_wconf 73' lang='grc' dir='ltr'>συνέϐη</span> <span class='ocrx_word' id='word_1_59' title='bbox 3499 594 3556 648; x_wconf 76' lang='grc' dir='ltr'><strong>τὰ</strong></span> <span class='ocrx_word' id='word_1_60' title='bbox 3597 592 3688 650; x_wconf 73' lang='grc' dir='ltr'>δυσ·</span> 
     </span>
    </p>
   </div>
   <div class='ocr_carea' id='block_1_6' title="bbox 378 678 3688 756">
    <p class='ocr_par' dir='ltr' id='par_1_6' title="bbox 378 678 3688 756">
     <span class='ocr_line' id='line_1_6' title="bbox 378 678 3688 756; baseline -0 -19"><span class='ocrx_word' id='word_1_61' title='bbox 378 683 610 756; x_wconf 81' lang='grc' dir='ltr'>ἀνάγκην</span> <span class='ocrx_word' id='word_1_62' title='bbox 673 683 856 736; x_wconf 78' lang='grc' dir='ltr'>πεῖθον</span> <span class='ocrx_word' id='word_1_63' title='bbox 907 679 1125 736; x_wconf 85' lang='grc' dir='ltr'>έσεῖται.</span> <span class='ocrx_word' id='word_1_64' title='bbox 1188 680 1474 754; x_wconf 82' lang='grc' dir='ltr'>Μιμητέον</span> <span class='ocrx_word' id='word_1_65' title='bbox 1526 682 1706 736; x_wconf 78' lang='grc' dir='ltr'>τοίνυν</span> <span class='ocrx_word' id='word_1_66' title='bbox 1765 680 1893 743; x_wconf 77' lang='grc' dir='ltr'>τοὺς</span> <span class='ocrx_word' id='word_1_67' title='bbox 1947 680 2035 735; x_wconf 81' lang='grc' dir='ltr'><strong>ἐπὶ</strong></span> <span class='ocrx_word' id='word_1_68' title='bbox 2147 688 2311 756; x_wconf 84' lang='grc' dir='ltr'>χερῆ,</span> <span class='ocrx_word' id='word_1_69' title='bbox 2357 682 2422 737; x_wconf 87' lang='grc' dir='ltr'>τὸ</span> <span class='ocrx_word' id='word_1_70' title='bbox 2481 684 2555 754; x_wconf 80' lang='grc' dir='ltr'>μὴ</span> <span class='ocrx_word' id='word_1_71' title='bbox 2617 682 2762 743; x_wconf 74' lang='grc' dir='ltr'>ὅλως</span> <span class='ocrx_word' id='word_1_72' title='bbox 2823 678 3083 756; x_wconf 80' lang='grc' dir='ltr'>ἄρχεσθαι</span> <span class='ocrx_word' id='word_1_73' title='bbox 3127 681 3282 735; x_wconf 90' lang='grc' dir='ltr'>πόσον</span> <span class='ocrx_word' id='word_1_74' title='bbox 3338 679 3406 743; x_wconf 76' lang='grc' dir='ltr'>εἴς</span> <span class='ocrx_word' id='word_1_75' title='bbox 3450 679 3688 752; x_wconf 86' lang='grc' dir='ltr'>κίνδυνον;</span> 
     </span>
    </p>
   </div>
   <div class='ocr_carea' id='block_1_7' title="bbox 373 767 3689 845">
    <p class='ocr_par' dir='ltr' id='par_1_7' title="bbox 373 767 3689 845">
     <span class='ocr_line' id='line_1_7' title="bbox 373 767 3689 845; baseline -0.001 -18"><span class='ocrx_word' id='word_1_76' title='bbox 373 775 482 827; x_wconf 83' lang='grc' dir='ltr'><strong>τῶν</strong></span> <span class='ocrx_word' id='word_1_77' title='bbox 529 774 686 826; x_wconf 81' lang='grc' dir='ltr'>νεῶν.</span> <span class='ocrx_word' id='word_1_78' title='bbox 744 770 975 824; x_wconf 80' lang='grc' dir='ltr'>Ἐκεῖνοι</span> <span class='ocrx_word' id='word_1_79' title='bbox 1033 769 1132 845; x_wconf 68' lang='grc' dir='ltr'>γὰρ</span> <span class='ocrx_word' id='word_1_80' title='bbox 1191 790 1261 824; x_wconf 89' lang='grc' dir='ltr'><strong>κα</strong></span> <span class='ocrx_word' id='word_1_81' title='bbox 1301 771 1312 789; x_wconf 86' lang='grc'>’</span> <span class='ocrx_word' id='word_1_82' title='bbox 1375 769 1570 832; x_wconf 71' lang='grc' dir='ltr'>αὐτοὺς</span> <span class='ocrx_word' id='word_1_83' title='bbox 1631 771 1693 824; x_wconf 84' lang='grc' dir='ltr'>τὸ</span> <span class='ocrx_word' id='word_1_84' title='bbox 1749 767 2032 844; x_wconf 70' lang='grc' dir='ltr'>ἐλεῦθερον</span> <span class='ocrx_word' id='word_1_85' title='bbox 2144 772 2306 843; x_wconf 83' lang='grc' dir='ltr'>Ἡμῖν</span> <span class='ocrx_word' id='word_1_86' title='bbox 2339 773 2434 843; x_wconf 73' lang='grc' dir='ltr'>μὲν</span> <span class='ocrx_word' id='word_1_87' title='bbox 2473 770 2562 826; x_wconf 79' lang='grc' dir='ltr'>οὖν</span> <span class='ocrx_word' id='word_1_88' title='bbox 2595 769 2763 826; x_wconf 84' lang='grc' dir='ltr'>καλὸν</span> <span class='ocrx_word' id='word_1_89' title='bbox 2799 770 2891 843; x_wconf 71' lang='grc' dir='ltr'>μὶν</span> <span class='ocrx_word' id='word_1_90' title='bbox 2926 769 3016 824; x_wconf 81' lang='grc' dir='ltr'><strong>καὶ</strong></span> <span class='ocrx_word' id='word_1_91' title='bbox 3065 771 3124 824; x_wconf 85' lang='grc' dir='ltr'>τὸ</span> <span class='ocrx_word' id='word_1_92' title='bbox 3171 771 3296 842; x_wconf 85' lang='grc' dir='ltr'>πρὸς</span> <span class='ocrx_word' id='word_1_93' title='bbox 3339 771 3425 838; x_wconf 75' lang='grc' dir='ltr'>τήν</span> <span class='ocrx_word' id='word_1_94' title='bbox 3474 770 3689 844; x_wconf 68' lang='grc' dir='ltr'>βασιλέίαν</span> 
     </span>
    </p>
   </div>
   <div class='ocr_carea' id='block_1_8' title="bbox 376 857 3694 935">
    <p class='ocr_par' dir='ltr' id='par_1_8' title="bbox 376 857 3694 935">
     <span class='ocr_line' id='line_1_8' title="bbox 376 857 3694 935; baseline 0 -21"><span class='ocrx_word' id='word_1_95' title='bbox 376 860 596 935; x_wconf 71' lang='grc' dir='ltr'>ἔχοντες</span> <span class='ocrx_word' id='word_1_96' title='bbox 644 858 734 914; x_wconf 81' lang='grc' dir='ltr'><strong>καὶ</strong></span> <span class='ocrx_word' id='word_1_97' title='bbox 782 857 1162 933; x_wconf 80' lang='grc' dir='ltr'>αὐτόγνωμον,</span> <span class='ocrx_word' id='word_1_98' title='bbox 1195 859 1329 913; x_wconf 83' lang='grc' dir='ltr'><strong>κατά</strong></span> <span class='ocrx_word' id='word_1_99' title='bbox 1359 859 1534 914; x_wconf 73' lang='grc' dir='ltr'>πλοῦν</span> <span class='ocrx_word' id='word_1_100' title='bbox 1591 860 1884 934; x_wconf 84' lang='grc' dir='ltr'>ἀναγκαῖον</span> <span class='ocrx_word' id='word_1_101' title='bbox 1938 858 2034 929; x_wconf 85' lang='grc' dir='ltr'><strong>ἐμ·</strong></span> <span class='ocrx_word' id='word_1_102' title='bbox 2143 861 2331 916; x_wconf 86' lang='grc' dir='ltr'>πιστὸν</span> <span class='ocrx_word' id='word_1_103' title='bbox 2367 861 2590 935; x_wconf 75' lang='grc' dir='ltr'>ἥγηται,</span> <span class='ocrx_word' id='word_1_104' title='bbox 2623 859 2792 916; x_wconf 85' lang='grc' dir='ltr'>καλὸν</span> <span class='ocrx_word' id='word_1_105' title='bbox 2845 859 2901 915; x_wconf 73' lang='grc' dir='ltr'>δὲ</span> <span class='ocrx_word' id='word_1_106' title='bbox 2931 859 3020 914; x_wconf 81' lang='grc' dir='ltr'><strong>καὶ</strong></span> <span class='ocrx_word' id='word_1_107' title='bbox 3051 859 3112 913; x_wconf 81' lang='grc' dir='ltr'>τὸ</span> <span class='ocrx_word' id='word_1_108' title='bbox 3138 864 3248 920; x_wconf 89' lang='grc' dir='ltr'>τοῖς</span> <span class='ocrx_word' id='word_1_109' title='bbox 3279 857 3442 931; x_wconf 78' lang='grc' dir='ltr'>ὅρκοις</span> <span class='ocrx_word' id='word_1_110' title='bbox 3487 859 3694 931; x_wconf 74' lang='grc' dir='ltr'>ἐμμένον-</span> 
     </span>
    </p>
   </div>
   <div class='ocr_carea' id='block_1_9' title="bbox 375 944 3695 1024">
    <p class='ocr_par' dir='ltr' id='par_1_9' title="bbox 375 944 3695 1024">
     <span class='ocr_line' id='line_1_9' title="bbox 375 944 3695 1024; baseline -0 -21"><span class='ocrx_word' id='word_1_111' title='bbox 375 944 566 1012; x_wconf 75' lang='grc' dir='ltr'>ϐἀντες</span> <span class='ocrx_word' id='word_1_112' title='bbox 623 947 916 1018; x_wconf 80' lang='grc' dir='ltr'>ἐπίτροπον</span> <span class='ocrx_word' id='word_1_113' title='bbox 980 946 1326 1020; x_wconf 72' lang='grc' dir='ltr'>ἐκλεξάμενοι</span> <span class='ocrx_word' id='word_1_114' title='bbox 1405 947 1651 1022; x_wconf 69' lang='grc' dir='ltr'>ἐφιστᾶσι</span> <span class='ocrx_word' id='word_1_115' title='bbox 1712 954 1828 1012; x_wconf 89' lang='grc' dir='ltr'>τοῖς</span> <span class='ocrx_word' id='word_1_116' title='bbox 1884 952 2032 1024; x_wconf 75' lang='grc' dir='ltr'>σφῶν</span> <span class='ocrx_word' id='word_1_117' title='bbox 2141 971 2236 1011; x_wconf 92' lang='grc' dir='ltr'><strong>τας</strong></span> <span class='ocrx_word' id='word_1_118' title='bbox 2291 951 2574 1018; x_wconf 79' lang='grc' dir='ltr'>σώζεσθαι’</span> <span class='ocrx_word' id='word_1_119' title='bbox 2636 955 2733 1004; x_wconf 74' lang='grc' dir='ltr'>κᾶν</span> <span class='ocrx_word' id='word_1_120' title='bbox 2792 949 2904 1022; x_wconf 76' lang='grc' dir='ltr'><strong>ἀπῇ</strong></span> <span class='ocrx_word' id='word_1_121' title='bbox 2961 948 3023 1002; x_wconf 88' lang='grc' dir='ltr'>τὸ</span> <span class='ocrx_word' id='word_1_122' title='bbox 3071 948 3364 1016; x_wconf 86' lang='grc' dir='ltr'>σώζεσθαι.</span> <span class='ocrx_word' id='word_1_123' title='bbox 3419 946 3606 1019; x_wconf 73' lang='grc' dir='ltr'>μάταιον</span> <span class='ocrx_word' id='word_1_124' title='bbox 3649 949 3695 1002; x_wconf 76' lang='grc' dir='ltr'>τὸ</span> 
     </span>
    </p>
   </div>
   <div class='ocr_carea' id='block_1_10' title="bbox 2142 1035 3698 1110">
    <p class='ocr_par' dir='ltr' id='par_1_10' title="bbox 2142 1035 3698 1110">
     <span class='ocr_line' id='line_1_10' title="bbox 2142 1035 3698 1110; baseline -0.003 -17"><span class='ocrx_word' id='word_1_125' title='bbox 2142 1039 2350 1094; x_wconf 82' lang='grc' dir='ltr'>πιστόν.</span> <span class='ocrx_word' id='word_1_126' title='bbox 2399 1040 2542 1092; x_wconf 81' lang='grc' dir='ltr'>Κατά</span> <span class='ocrx_word' id='word_1_127' title='bbox 2583 1038 2635 1092; x_wconf 87' lang='grc' dir='ltr'><strong>τί</strong></span> <span class='ocrx_word' id='word_1_128' title='bbox 2686 1035 2744 1092; x_wconf 75' lang='grc' dir='ltr'>δὲ</span> <span class='ocrx_word' id='word_1_129' title='bbox 2794 1038 2884 1093; x_wconf 86' lang='grc' dir='ltr'>καὶ</span> <span class='ocrx_word' id='word_1_130' title='bbox 2942 1037 3252 1110; x_wconf 85' lang='grc' dir='ltr'>λυμανεῖται</span> <span class='ocrx_word' id='word_1_131' title='bbox 3304 1037 3366 1107; x_wconf 81' lang='grc' dir='ltr'>τῇ</span> <span class='ocrx_word' id='word_1_132' title='bbox 3419 1035 3640 1110; x_wconf 74' lang='grc' dir='ltr'>βασιλείᾳ,</span> <span class='ocrx_word' id='word_1_133' title='bbox 3664 1035 3698 1090; x_wconf 83' lang='grc' dir='ltr'><strong>εί</strong></span> 
     </span>
    </p>
   </div>
   <div class='ocr_carea' id='block_1_11' title="bbox 2142 1123 3702 1205">
    <p class='ocr_par' dir='ltr' id='par_1_11' title="bbox 2142 1123 3702 1205">
     <span class='ocr_line' id='line_1_11' title="bbox 2142 1123 3702 1205; baseline -0.003 -23"><span class='ocrx_word' id='word_1_134' title='bbox 2142 1129 2432 1203; x_wconf 89' lang='grc' dir='ltr'>προσέσται</span> <span class='ocrx_word' id='word_1_135' title='bbox 2462 1127 2542 1200; x_wconf 77' lang='grc' dir='ltr'>τῷ</span> <span class='ocrx_word' id='word_1_136' title='bbox 2572 1131 2866 1205; x_wconf 77' lang='grc' dir='ltr'>φροντιστῇ</span> <span class='ocrx_word' id='word_1_137' title='bbox 2896 1127 2959 1182; x_wconf 89' lang='grc' dir='ltr'>τὸ</span> <span class='ocrx_word' id='word_1_138' title='bbox 3011 1126 3216 1199; x_wconf 76' lang='grc' dir='ltr'>ἀξίωμα</span> <span class='ocrx_word' id='word_1_139' title='bbox 3247 1143 3262 1193; x_wconf 86' lang='lat'><strong>;</strong></span> <span class='ocrx_word' id='word_1_140' title='bbox 3315 1123 3503 1196; x_wconf 82' lang='grc' dir='ltr'>μᾶλλον</span> <span class='ocrx_word' id='word_1_141' title='bbox 3532 1126 3609 1196; x_wconf 80' lang='grc' dir='ltr'>μὶν</span> <span class='ocrx_word' id='word_1_142' title='bbox 3633 1123 3702 1178; x_wconf 71' lang='grc' dir='ltr'><strong>οὖν</strong></span> 
     </span>
    </p>
   </div>
   <div class='ocr_carea' id='block_1_12' title="bbox 2142 1212 3704 1289">
    <p class='ocr_par' dir='ltr' id='par_1_12' title="bbox 2142 1212 3704 1289">
     <span class='ocr_line' id='line_1_12' title="bbox 2142 1212 3704 1289; baseline -0.003 -17"><span class='ocrx_word' id='word_1_143' title='bbox 2142 1219 2229 1272; x_wconf 79' lang='grc' dir='ltr'><strong>καὶ</strong></span> <span class='ocrx_word' id='word_1_144' title='bbox 2264 1217 2497 1272; x_wconf 83' lang='grc' dir='ltr'>συνοίσει</span> <span class='ocrx_word' id='word_1_145' title='bbox 2556 1219 2622 1270; x_wconf 80' lang='grc' dir='ltr'><strong>τὰ</strong></span> <span class='ocrx_word' id='word_1_146' title='bbox 2681 1214 2934 1274; x_wconf 86' lang='grc' dir='ltr'>πλεῖστα.</span> <span class='ocrx_word' id='word_1_147' title='bbox 2982 1217 3192 1288; x_wconf 84' lang='grc' dir='ltr'>’Ὀνομα</span> <span class='ocrx_word' id='word_1_148' title='bbox 3218 1215 3312 1289; x_wconf 68' lang='grc' dir='ltr'>γὰρ</span> <span class='ocrx_word' id='word_1_149' title='bbox 3356 1212 3516 1286; x_wconf 89' lang='grc' dir='ltr'>τίμιον</span> <span class='ocrx_word' id='word_1_150' title='bbox 3543 1213 3704 1287; x_wconf 73' lang='grc' dir='ltr'>περιθέ·</span> 
     </span>
    </p>
   </div>
   <div class='ocr_carea' id='block_1_13' title="bbox 2147 1299 3705 1380">
    <p class='ocr_par' dir='ltr' id='par_1_13' title="bbox 2147 1299 3705 1380">
     <span class='ocr_line' id='line_1_13' title="bbox 2147 1299 3705 1380; baseline -0.003 -20"><span class='ocrx_word' id='word_1_151' title='bbox 2147 1327 2304 1380; x_wconf 87' lang='grc' dir='ltr'>μενος</span> <span class='ocrx_word' id='word_1_152' title='bbox 2356 1307 2437 1360; x_wconf 72' lang='grc' dir='ltr'><strong>ἐπ’</strong></span> <span class='ocrx_word' id='word_1_153' title='bbox 2496 1304 2670 1361; x_wconf 78' lang='grc' dir='ltr'>αὐτῶν</span> <span class='ocrx_word' id='word_1_154' title='bbox 2715 1309 2822 1360; x_wconf 81' lang='grc' dir='ltr'><strong>τῶν</strong></span> <span class='ocrx_word' id='word_1_155' title='bbox 2883 1303 3213 1379; x_wconf 78' lang='grc' dir='ltr'>πραγμάτων</span> <span class='ocrx_word' id='word_1_156' title='bbox 3264 1307 3490 1377; x_wconf 86' lang='grc' dir='ltr'>κρατυνεῖ</span> <span class='ocrx_word' id='word_1_157' title='bbox 3539 1299 3705 1374; x_wconf 78' lang='grc' dir='ltr'>μᾶλλον</span> 
     </span>
    </p>
   </div>
   <div class='ocr_carea' id='block_1_14' title="bbox 2141 1389 3705 1470">
    <p class='ocr_par' dir='ltr' id='par_1_14' title="bbox 2141 1389 3705 1470">
     <span class='ocr_line' id='line_1_14' title="bbox 2141 1389 3705 1470; baseline -0.004 -22"><span class='ocrx_word' id='word_1_158' title='bbox 2141 1395 2240 1464; x_wconf 76' lang='grc' dir='ltr'><strong>τήν</strong></span> <span class='ocrx_word' id='word_1_159' title='bbox 2287 1394 2466 1470; x_wconf 75' lang='grc' dir='ltr'>ἀρχὴν</span> <span class='ocrx_word' id='word_1_160' title='bbox 2493 1398 2572 1466; x_wconf 82' lang='grc' dir='ltr'><strong>τῷ</strong></span> <span class='ocrx_word' id='word_1_161' title='bbox 2609 1397 2918 1469; x_wconf 79' lang='grc' dir='ltr'>κρατοῦντι·</span> <span class='ocrx_word' id='word_1_162' title='bbox 2974 1393 3034 1449; x_wconf 76' lang='grc' dir='ltr'>ἐκ</span> <span class='ocrx_word' id='word_1_163' title='bbox 3055 1401 3156 1469; x_wconf 77' lang='grc' dir='ltr'><strong>γὰρ</strong></span> <span class='ocrx_word' id='word_1_164' title='bbox 3204 1390 3404 1447; x_wconf 78' lang='grc' dir='ltr'>πολλοῦ</span> <span class='ocrx_word' id='word_1_165' title='bbox 3429 1394 3514 1444; x_wconf 69' lang='grc' dir='ltr'><strong>τοῦ</strong></span> <span class='ocrx_word' id='word_1_166' title='bbox 3539 1389 3705 1463; x_wconf 82' lang='grc' dir='ltr'>περιόν-</span> 
     </span>
    </p>
   </div>
   <div class='ocr_carea' id='block_1_15' title="bbox 377 1034 2035 1114">
    <p class='ocr_par' dir='ltr' id='par_1_15' title="bbox 377 1034 2035 1114">
     <span class='ocr_line' id='line_1_15' title="bbox 377 1034 2035 1114; baseline -0.003 -20"><span class='ocrx_word' id='word_1_167' title='bbox 377 1038 723 1114; x_wconf 79' lang='grc' dir='ltr'>πράγμασιν,</span> <span class='ocrx_word' id='word_1_168' title='bbox 782 1039 828 1109; x_wconf 84' lang='grc' dir='ltr'>ᾦ</span> <span class='ocrx_word' id='word_1_169' title='bbox 874 1035 939 1106; x_wconf 73' lang='grc' dir='ltr'>δὴ</span> <span class='ocrx_word' id='word_1_170' title='bbox 998 1037 1087 1091; x_wconf 80' lang='grc' dir='ltr'><strong>καὶ</strong></span> <span class='ocrx_word' id='word_1_171' title='bbox 1145 1037 1419 1091; x_wconf 77' lang='grc' dir='ltr'>πείθονται</span> <span class='ocrx_word' id='word_1_172' title='bbox 1476 1034 1841 1098; x_wconf 70' lang='grc' dir='ltr'>δουλωθέντες</span> <span class='ocrx_word' id='word_1_173' title='bbox 1888 1037 2035 1090; x_wconf 72' lang='grc' dir='ltr'>ἑκόν-</span> 
     </span>
    </p>
   </div>
   <div class='ocr_carea' id='block_1_16' title="bbox 372 1123 2032 1202">
    <p class='ocr_par' dir='ltr' id='par_1_16' title="bbox 372 1123 2032 1202">
     <span class='ocr_line' id='line_1_16' title="bbox 372 1123 2032 1202; baseline -0.004 -18"><span class='ocrx_word' id='word_1_174' title='bbox 372 1150 483 1198; x_wconf 88' lang='grc' dir='ltr'>τες,</span> <span class='ocrx_word' id='word_1_175' title='bbox 519 1128 572 1182; x_wconf 64' lang='lat' dir='ltr'><strong>si</strong></span> <span class='ocrx_word' id='word_1_176' title='bbox 616 1149 667 1182; x_wconf 88' lang='grc' dir='ltr'><strong>τι</strong></span> <span class='ocrx_word' id='word_1_177' title='bbox 699 1127 873 1202; x_wconf 81' lang='grc' dir='ltr'>λέγοι·</span> <span class='ocrx_word' id='word_1_178' title='bbox 909 1129 935 1180; x_wconf 88' lang='grc' dir='ltr'>ὁ</span> <span class='ocrx_word' id='word_1_179' title='bbox 971 1123 1026 1180; x_wconf 78' lang='grc' dir='ltr'><strong>δέ</strong></span> <span class='ocrx_word' id='word_1_180' title='bbox 1081 1127 1130 1200; x_wconf 80' lang='grc' dir='ltr'><strong>γ’</strong></span> <span class='ocrx_word' id='word_1_181' title='bbox 1185 1125 1420 1190; x_wconf 79' lang='grc' dir='ltr'>ἀπειθῶν</span> <span class='ocrx_word' id='word_1_182' title='bbox 1483 1123 1673 1181; x_wconf 87' lang='grc' dir='ltr'>δίδωσι</span> <span class='ocrx_word' id='word_1_183' title='bbox 1729 1126 1823 1187; x_wconf 75' lang='grc' dir='ltr'>τὰς</span> <span class='ocrx_word' id='word_1_184' title='bbox 1883 1123 2032 1187; x_wconf 89' lang='grc' dir='ltr'>δίκας</span> 
     </span>
    </p>
   </div>
   <div class='ocr_carea' id='block_1_17' title="bbox 372 1214 2030 1291">
    <p class='ocr_par' dir='ltr' id='par_1_17' title="bbox 372 1214 2030 1291">
     <span class='ocr_line' id='line_1_17' title="bbox 372 1214 2030 1291; baseline -0.004 -18"><span class='ocrx_word' id='word_1_185' title='bbox 372 1218 521 1288; x_wconf 80' lang='grc' dir='ltr'>ἀξίας</span> <span class='ocrx_word' id='word_1_186' title='bbox 553 1218 627 1280; x_wconf 81' lang='grc' dir='ltr'><strong>ὡς</strong></span> <span class='ocrx_word' id='word_1_187' title='bbox 662 1216 736 1279; x_wconf 80' lang='grc' dir='ltr'>εἷς</span> <span class='ocrx_word' id='word_1_188' title='bbox 785 1214 1049 1286; x_wconf 78' lang='grc' dir='ltr'>δεσπότην</span> <span class='ocrx_word' id='word_1_189' title='bbox 1110 1215 1176 1270; x_wconf 68' lang='grc' dir='ltr'><strong>τὰ</strong></span> <span class='ocrx_word' id='word_1_190' title='bbox 1237 1216 1465 1291; x_wconf 70' lang='grc' dir='ltr'>μέγιστα</span> <span class='ocrx_word' id='word_1_191' title='bbox 1522 1215 1807 1291; x_wconf 83' lang='grc' dir='ltr'>ἁμαρτών.</span> <span class='ocrx_word' id='word_1_192' title='bbox 1872 1214 2030 1284; x_wconf 79' lang='grc' dir='ltr'>Πλὴν</span> 
     </span>
    </p>
   </div>
   <div class='ocr_carea' id='block_1_18' title="bbox 373 1304 2032 1374">
    <p class='ocr_par' dir='ltr' id='par_1_18' title="bbox 373 1304 2032 1374">
     <span class='ocr_line' id='line_1_18' title="bbox 373 1304 2032 1374; baseline -0.003 -11"><span class='ocrx_word' id='word_1_193' title='bbox 373 1308 433 1363; x_wconf 73' lang='grc' dir='ltr'>οὐ</span> <span class='ocrx_word' id='word_1_194' title='bbox 467 1308 583 1361; x_wconf 79' lang='grc' dir='ltr'>καθ’</span> <span class='ocrx_word' id='word_1_195' title='bbox 614 1305 807 1366; x_wconf 67' lang='grc' dir='ltr'>αὐτοὺς</span> <span class='ocrx_word' id='word_1_196' title='bbox 837 1305 925 1359; x_wconf 87' lang='grc' dir='ltr'><strong>καὶ</strong></span> <span class='ocrx_word' id='word_1_197' title='bbox 959 1305 1032 1366; x_wconf 85' lang='grc' dir='ltr'><strong>ὡς</strong></span> <span class='ocrx_word' id='word_1_198' title='bbox 1077 1304 1169 1359; x_wconf 76' lang='grc' dir='ltr'>’ὲνα</span> <span class='ocrx_word' id='word_1_199' title='bbox 1210 1304 1425 1360; x_wconf 79' lang='grc' dir='ltr'>πάντων</span> <span class='ocrx_word' id='word_1_200' title='bbox 1476 1304 1649 1361; x_wconf 80' lang='grc' dir='ltr'>αὐτων</span> <span class='ocrx_word' id='word_1_201' title='bbox 1696 1309 2032 1374; x_wconf 77' lang='grc' dir='ltr'>καθιστᾶσιν,</span> 
     </span>
    </p>
   </div>
   <div class='ocr_carea' id='block_1_19' title="bbox 374 1393 2035 1471">
    <p class='ocr_par' dir='ltr' id='par_1_19' title="bbox 374 1393 2035 1471">
     <span class='ocr_line' id='line_1_19' title="bbox 374 1393 2035 1471; baseline -0.002 -21"><span class='ocrx_word' id='word_1_202' title='bbox 374 1395 520 1450; x_wconf 82' lang='grc' dir='ltr'>ἀλλᾶ</span> <span class='ocrx_word' id='word_1_203' title='bbox 549 1395 684 1471; x_wconf 82' lang='grc' dir='ltr'>πρὸς</span> <span class='ocrx_word' id='word_1_204' title='bbox 713 1395 775 1449; x_wconf 89' lang='grc' dir='ltr'>τὸ</span> <span class='ocrx_word' id='word_1_205' title='bbox 817 1393 1142 1470; x_wconf 84' lang='grc' dir='ltr'>σεμνότερον</span> <span class='ocrx_word' id='word_1_206' title='bbox 1203 1395 1767 1470; x_wconf 81' lang='grc' dir='ltr'>μετασχηματίζουσι,</span> <span class='ocrx_word' id='word_1_207' title='bbox 1835 1393 1925 1449; x_wconf 89' lang='grc' dir='ltr'><strong>καὶ</strong></span> <span class='ocrx_word' id='word_1_208' title='bbox 1955 1397 2035 1466; x_wconf 78' lang='grc' dir='ltr'>τῷ</span> 
     </span>
    </p>
   </div>
   <div class='ocr_carea' id='block_1_20' title="bbox 374 1477 3712 1560">
    <p class='ocr_par' dir='ltr' id='par_1_20' title="bbox 374 1477 3712 1560">
     <span class='ocr_line' id='line_1_20' title="bbox 374 1477 3712 1560; baseline -0.002 -21"><span class='ocrx_word' id='word_1_209' title='bbox 374 1491 474 1554; x_wconf 82' lang='grc' dir='ltr'><strong>τῆς</strong></span> <span class='ocrx_word' id='word_1_210' title='bbox 515 1485 893 1544; x_wconf 73' lang='grc' dir='ltr'>καταστάσεως</span> <span class='ocrx_word' id='word_1_211' title='bbox 949 1481 1357 1556; x_wconf 78' lang='grc' dir='ltr'>μεγαλειοτέρῳ</span> <span class='ocrx_word' id='word_1_212' title='bbox 1387 1484 1448 1538; x_wconf 90' lang='grc' dir='ltr'>τὸ</span> <span class='ocrx_word' id='word_1_213' title='bbox 1480 1483 1617 1558; x_wconf 87' lang='grc' dir='ltr'>πρὸς</span> <span class='ocrx_word' id='word_1_214' title='bbox 1650 1483 1779 1546; x_wconf 76' lang='grc' dir='ltr'>τοὺς</span> <span class='ocrx_word' id='word_1_215' title='bbox 1829 1480 2035 1544; x_wconf 78' lang='grc' dir='ltr'>ἄλλους</span> <span class='ocrx_word' id='word_1_216' title='bbox 2141 1505 2234 1546; x_wconf 84' lang='grc' dir='ltr'><strong>τος</strong></span> <span class='ocrx_word' id='word_1_217' title='bbox 2265 1479 2518 1560; x_wconf 80' lang='grc' dir='ltr'>πρέσϐεσι</span> <span class='ocrx_word' id='word_1_218' title='bbox 2557 1484 2650 1556; x_wconf 78' lang='grc' dir='ltr'>μὶν</span> <span class='ocrx_word' id='word_1_219' title='bbox 2680 1483 3046 1559; x_wconf 84' lang='grc' dir='ltr'>χρηματίσοι,</span> <span class='ocrx_word' id='word_1_220' title='bbox 3091 1480 3241 1543; x_wconf 88' lang='grc' dir='ltr'>λαοῖς</span> <span class='ocrx_word' id='word_1_221' title='bbox 3282 1478 3325 1536; x_wconf 83' lang='grc' dir='ltr'>δ’</span> <span class='ocrx_word' id='word_1_222' title='bbox 3353 1477 3712 1553; x_wconf 77' lang='grc' dir='ltr'>ὁμιλήσοι,ὲπιο</span> 
     </span>
    </p>
   </div>
   <div class='ocr_carea' id='block_1_21' title="bbox 379 1566 3707 1650">
    <p class='ocr_par' dir='ltr' id='par_1_21' title="bbox 379 1566 3707 1650">
     <span class='ocr_line' id='line_1_21' title="bbox 379 1566 3707 1650; baseline -0.003 -21"><span class='ocrx_word' id='word_1_223' title='bbox 379 1573 470 1629; x_wconf 86' lang='grc' dir='ltr'>ἀπ’</span> <span class='ocrx_word' id='word_1_224' title='bbox 501 1573 664 1628; x_wconf 77' lang='grc' dir='ltr'>αὐτοῦ</span> <span class='ocrx_word' id='word_1_225' title='bbox 697 1567 929 1650; x_wconf 77' lang='grc' dir='ltr'>φοϐερὸν</span> <span class='ocrx_word' id='word_1_226' title='bbox 963 1569 1364 1647; x_wconf 86' lang='grc' dir='ltr'>σχεδιάζουσιν.</span> <span class='ocrx_word' id='word_1_227' title='bbox 1411 1572 1570 1629; x_wconf 76' lang='grc' dir='ltr'>Οὕτω</span> <span class='ocrx_word' id='word_1_228' title='bbox 1613 1573 1704 1627; x_wconf 86' lang='grc' dir='ltr'><strong>καὶ</strong></span> <span class='ocrx_word' id='word_1_229' title='bbox 1735 1569 1898 1633; x_wconf 89' lang='grc' dir='ltr'>πόλις</span> <span class='ocrx_word' id='word_1_230' title='bbox 1944 1571 2032 1626; x_wconf 78' lang='grc' dir='ltr'>καὶ</span> <span class='ocrx_word' id='word_1_231' title='bbox 2141 1574 2292 1644; x_wconf 83' lang='grc' dir='ltr'>τάξοι</span> <span class='ocrx_word' id='word_1_232' title='bbox 2325 1570 2381 1628; x_wconf 72' lang='grc' dir='ltr'>δὲ</span> <span class='ocrx_word' id='word_1_233' title='bbox 2414 1574 2769 1645; x_wconf 84' lang='grc' dir='ltr'>στρατιώταις</span> <span class='ocrx_word' id='word_1_234' title='bbox 2814 1571 2905 1626; x_wconf 85' lang='grc' dir='ltr'><strong>καὶ</strong></span> <span class='ocrx_word' id='word_1_235' title='bbox 2964 1570 3216 1646; x_wconf 82' lang='grc' dir='ltr'>ἄρχουσι,</span> <span class='ocrx_word' id='word_1_236' title='bbox 3260 1570 3342 1624; x_wconf 86' lang='grc' dir='ltr'><strong>καὶ</strong></span> <span class='ocrx_word' id='word_1_237' title='bbox 3373 1566 3509 1623; x_wconf 77' lang='grc' dir='ltr'>οὐδὲν</span> <span class='ocrx_word' id='word_1_238' title='bbox 3537 1567 3625 1621; x_wconf 77' lang='grc' dir='ltr'><strong>δτι</strong></span> <span class='ocrx_word' id='word_1_239' title='bbox 3651 1566 3707 1637; x_wconf 79' lang='grc' dir='ltr'>μὴ</span> 
     </span>
    </p>
   </div>
   <div class='ocr_carea' id='block_1_22' title="bbox 376 1653 3712 1739">
    <p class='ocr_par' dir='ltr' id='par_1_22' title="bbox 376 1653 3712 1739">
     <span class='ocr_line' id='line_1_22' title="bbox 376 1653 3712 1739; baseline -0.004 -21"><span class='ocrx_word' id='word_1_240' title='bbox 376 1664 527 1738; x_wconf 78' lang='grc' dir='ltr'>ἀρχὴ</span> <span class='ocrx_word' id='word_1_241' title='bbox 562 1663 950 1732; x_wconf 82' lang='grc' dir='ltr'>συσταθήσεται</span> <span class='ocrx_word' id='word_1_242' title='bbox 1000 1667 1143 1715; x_wconf 76' lang='grc' dir='ltr'>πᾶσα</span> <span class='ocrx_word' id='word_1_243' title='bbox 1197 1665 1293 1716; x_wconf 76' lang='grc' dir='ltr'><strong>τοῦ</strong></span> <span class='ocrx_word' id='word_1_244' title='bbox 1357 1661 1657 1739; x_wconf 78' lang='grc' dir='ltr'>ἐφεστῶτος</span> <span class='ocrx_word' id='word_1_245' title='bbox 1722 1663 1855 1736; x_wconf 71' lang='grc' dir='ltr'>ὑπὲρ</span> <span class='ocrx_word' id='word_1_246' title='bbox 1906 1659 2032 1722; x_wconf 76' lang='grc' dir='ltr'>τοὺς</span> <span class='ocrx_word' id='word_1_247' title='bbox 2144 1662 2220 1724; x_wconf 81' lang='grc' dir='ltr'><strong>ὡς</strong></span> <span class='ocrx_word' id='word_1_248' title='bbox 2252 1661 2394 1725; x_wconf 72' lang='grc' dir='ltr'>εἰκὸς</span> <span class='ocrx_word' id='word_1_249' title='bbox 2432 1663 2786 1731; x_wconf 73' lang='grc' dir='ltr'>καταστήσοι,</span> <span class='ocrx_word' id='word_1_250' title='bbox 2817 1657 3249 1732; x_wconf 74' lang='grc' dir='ltr'>δυσωπουμένων</span> <span class='ocrx_word' id='word_1_251' title='bbox 3288 1659 3348 1714; x_wconf 87' lang='grc' dir='ltr'>τὸ</span> <span class='ocrx_word' id='word_1_252' title='bbox 3392 1655 3576 1727; x_wconf 79' lang='grc' dir='ltr'>ἀξίωμα</span> <span class='ocrx_word' id='word_1_253' title='bbox 3612 1653 3712 1707; x_wconf 75' lang='grc' dir='ltr'>πάν-</span> 
     </span>
    </p>
   </div>
   <div class='ocr_carea' id='block_1_23' title="bbox 379 1742 3712 1854">
    <p class='ocr_par' dir='ltr' id='par_1_23' title="bbox 379 1742 3712 1854">
     <span class='ocr_line' id='line_1_23' title="bbox 379 1742 3712 1854; baseline -0.003 -47"><span class='ocrx_word' id='word_1_254' title='bbox 379 1751 626 1812; x_wconf 73' lang='grc' dir='ltr'>πολλοὺς</span> <span class='ocrx_word' id='word_1_255' title='bbox 655 1747 830 1813; x_wconf 70' lang='grc' dir='ltr'>ὄντος.</span> <span class='ocrx_word' id='word_1_256' title='bbox 865 1751 931 1806; x_wconf 71' lang='grc' dir='ltr'><strong>Οἱ</strong></span> <span class='ocrx_word' id='word_1_257' title='bbox 969 1747 1026 1804; x_wconf 74' lang='grc' dir='ltr'><strong>δέ</strong></span> <span class='ocrx_word' id='word_1_258' title='bbox 1054 1770 1113 1824; x_wconf 86' lang='grc' dir='ltr'>γε</span> <span class='ocrx_word' id='word_1_259' title='bbox 1140 1748 1340 1826; x_wconf 73' lang='grc' dir='ltr'>τυφλοὶ</span> <span class='ocrx_word' id='word_1_260' title='bbox 1389 1752 1475 1806; x_wconf 83' lang='grc' dir='ltr'><strong>καὶ</strong></span> <span class='ocrx_word' id='word_1_261' title='bbox 1524 1748 2030 1826; x_wconf 78' lang='grc' dir='ltr'>ἠλευθεροστόμουν</span> <span class='ocrx_word' id='word_1_262' title='bbox 2069 1790 2113 1854; x_wconf 79' lang='grc' dir='ltr'>Β</span> <span class='ocrx_word' id='word_1_263' title='bbox 2142 1771 2274 1807; x_wconf 91' lang='grc' dir='ltr'>των.</span> <span class='ocrx_word' id='word_1_264' title='bbox 2309 1749 2372 1805; x_wconf 82' lang='lat' dir='ltr'><strong>Ei</strong></span> <span class='ocrx_word' id='word_1_265' title='bbox 2406 1748 2464 1804; x_wconf 82' lang='grc' dir='ltr'><strong>δέ</strong></span> <span class='ocrx_word' id='word_1_266' title='bbox 2491 1769 2573 1810; x_wconf 93' lang='grc' dir='ltr'><strong>τις</strong></span> <span class='ocrx_word' id='word_1_267' title='bbox 2604 1753 2720 1809; x_wconf 90' lang='grc' dir='ltr'>τοῖς</span> <span class='ocrx_word' id='word_1_268' title='bbox 2754 1747 2805 1818; x_wconf 82' lang='grc' dir='ltr'><strong>ἐξ</strong></span> <span class='ocrx_word' id='word_1_269' title='bbox 2858 1745 2977 1801; x_wconf 76' lang='grc' dir='ltr'>ἴσου</span> <span class='ocrx_word' id='word_1_270' title='bbox 3032 1745 3130 1801; x_wconf 75' lang='grc' dir='ltr'>κᾶν</span> <span class='ocrx_word' id='word_1_271' title='bbox 3187 1746 3342 1821; x_wconf 88' lang='grc' dir='ltr'>ἀρχοι</span> <span class='ocrx_word' id='word_1_272' title='bbox 3397 1742 3712 1818; x_wconf 70' lang='grc' dir='ltr'>προσφέροιτο.</span> 
     </span>
     <span class='ocr_line' id='line_1_24' title="bbox 453 1828 3690 1854; baseline 0 0"><span class='ocrx_word' id='word_1_273' title='bbox 453 1840 467 1854; x_wconf 64' lang='grc' dir='ltr'><strong>ι</strong></span> <span class='ocrx_word' id='word_1_274' title='bbox 591 1840 639 1854; x_wconf 76' lang='grc' dir='ltr'>οσ</span> <span class='ocrx_word' id='word_1_275' title='bbox 729 1838 740 1854; x_wconf 75' lang='grc' dir='ltr'><strong>ο</strong></span> <span class='ocrx_word' id='word_1_276' title='bbox 925 1839 936 1854; x_wconf 77' lang='grc' dir='ltr'><strong>ι</strong></span> <span class='ocrx_word' id='word_1_277' title='bbox 1253 1842 1332 1854; x_wconf 67' lang='grc' dir='ltr'><strong>.-ι</strong></span> <span class='ocrx_word' id='word_1_278' title='bbox 1399 1839 1424 1854; x_wconf 64' lang='grc' dir='ltr'><strong>κ</strong></span> <span class='ocrx_word' id='word_1_279' title='bbox 1461 1839 1473 1854; x_wconf 72' lang='grc' dir='ltr'><strong>ι</strong></span> <span class='ocrx_word' id='word_1_280' title='bbox 1520 1841 1546 1854; x_wconf 73' lang='grc' dir='ltr'><strong>Α</strong></span> <span class='ocrx_word' id='word_1_281' title='bbox 1597 1841 1607 1854; x_wconf 77' lang='grc' dir='ltr'><strong>ι</strong></span> <span class='ocrx_word' id='word_1_282' title='bbox 1751 1837 1772 1854; x_wconf 80' lang='grc'><strong>,1</strong></span> <span class='ocrx_word' id='word_1_283' title='bbox 1923 1836 1970 1854; x_wconf 71' lang='lat' dir='ltr'><strong>sn</strong></span> <span class='ocrx_word' id='word_1_284' title='bbox 2185 1837 2198 1854; x_wconf 72' lang='grc' dir='ltr'><strong>ν</strong></span> <span class='ocrx_word' id='word_1_285' title='bbox 2316 1838 2326 1854; x_wconf 76' lang='grc' dir='ltr'><em>ο</em></span> <span class='ocrx_word' id='word_1_286' title='bbox 2475 1836 2488 1854; x_wconf 66' lang='grc' dir='ltr'><strong>ι</strong></span> <span class='ocrx_word' id='word_1_287' title='bbox 2537 1834 2582 1854; x_wconf 65' lang='lat' dir='ltr'><strong>ru</strong></span> <span class='ocrx_word' id='word_1_288' title='bbox 2699 1834 2724 1854; x_wconf 71' lang='grc' dir='ltr'><strong>ιο</strong></span> <span class='ocrx_word' id='word_1_289' title='bbox 3040 1837 3049 1854; x_wconf 74' lang='grc' dir='ltr'><strong><em>ο</em></strong></span> <span class='ocrx_word' id='word_1_290' title='bbox 3329 1829 3401 1854; x_wconf 54' lang='lat' dir='ltr'><strong>ex,</strong></span> <span class='ocrx_word' id='word_1_291' title='bbox 3453 1830 3494 1854; x_wconf 63' lang='grc' dir='ltr'><strong>ἓν</strong></span> <span class='ocrx_word' id='word_1_292' title='bbox 3541 1828 3690 1854; x_wconf 65' lang='grc'><strong>1..--,1</strong></span> 
     </span>
    </p>
   </div>
   <div class='ocr_carea' id='block_1_24' title="bbox 379 1828 3714 1916">
    <p class='ocr_par' dir='ltr' id='par_1_24' title="bbox 379 1828 3714 1916">
     <span class='ocr_line' id='line_1_25' title="bbox 379 1828 3714 1916; baseline -0.004 -21"><span class='ocrx_word' id='word_1_293' title='bbox 379 1840 469 1896; x_wconf 83' lang='grc' dir='ltr'><strong>καὶ</strong></span> <span class='ocrx_word' id='word_1_294' title='bbox 501 1838 1132 1916; x_wconf 78' lang='grc' dir='ltr'>παρῥησίαστικώτερον.</span> <span class='ocrx_word' id='word_1_295' title='bbox 1184 1864 1213 1891; x_wconf 79' lang='grc' dir='ltr'><strong>α</strong></span> <span class='ocrx_word' id='word_1_296' title='bbox 1249 1842 1340 1908; x_wconf 79' lang='grc' dir='ltr'><strong>Μὴ</strong></span> <span class='ocrx_word' id='word_1_297' title='bbox 1396 1839 1485 1894; x_wconf 83' lang='grc' dir='ltr'><strong>διά</strong></span> <span class='ocrx_word' id='word_1_298' title='bbox 1519 1841 1717 1914; x_wconf 78' lang='grc' dir='ltr'>βρέφος</span> <span class='ocrx_word' id='word_1_299' title='bbox 1751 1837 1825 1896; x_wconf 73' lang='grc' dir='ltr'><strong>ἐν.</strong></span> <span class='ocrx_word' id='word_1_300' title='bbox 1861 1865 1887 1889; x_wconf 85' lang='grc'><strong><em>››</em></strong></span> <span class='ocrx_word' id='word_1_301' title='bbox 1922 1836 2034 1892; x_wconf 77' lang='grc' dir='ltr'>ἕλε·</span> <span class='ocrx_word' id='word_1_302' title='bbox 2069 1828 2113 1854; x_wconf 72' lang='grc' dir='ltr'>υ</span> <span class='ocrx_word' id='word_1_303' title='bbox 2144 1837 2206 1892; x_wconf 80' lang='grc' dir='ltr'>οὐ</span> <span class='ocrx_word' id='word_1_304' title='bbox 2241 1838 2413 1892; x_wconf 82' lang='grc' dir='ltr'>πείσει</span> <span class='ocrx_word' id='word_1_305' title='bbox 2463 1834 2660 1913; x_wconf 71' lang='grc' dir='ltr'>ῥᾳδίως</span> <span class='ocrx_word' id='word_1_306' title='bbox 2695 1834 2724 1890; x_wconf 82' lang='grc' dir='ltr'>ὅ</span> <span class='ocrx_word' id='word_1_307' title='bbox 2747 1857 2800 1891; x_wconf 90' lang='grc' dir='ltr'><strong>τι</strong></span> <span class='ocrx_word' id='word_1_308' title='bbox 2847 1837 3200 1910; x_wconf 73' lang='grc' dir='ltr'>προστάσσοι,</span> <span class='ocrx_word' id='word_1_309' title='bbox 3248 1829 3404 1906; x_wconf 73' lang='grc' dir='ltr'>μηδὲν</span> <span class='ocrx_word' id='word_1_310' title='bbox 3450 1830 3496 1900; x_wconf 81' lang='grc' dir='ltr'><strong>ἐξ</strong></span> <span class='ocrx_word' id='word_1_311' title='bbox 3540 1828 3714 1899; x_wconf 76' lang='grc' dir='ltr'>ὑπερτέ-</span> 
     </span>
    </p>
   </div>
   <div class='ocr_carea' id='block_1_25' title="bbox 376 1918 3718 2006">
    <p class='ocr_par' dir='ltr' id='par_1_25' title="bbox 376 1918 3718 2006">
     <span class='ocr_line' id='line_1_26' title="bbox 376 1918 3718 2006; baseline -0.004 -20"><span class='ocrx_word' id='word_1_312' title='bbox 376 1953 491 2006; x_wconf 80' lang='grc' dir='ltr'>γον,</span> <span class='ocrx_word' id='word_1_313' title='bbox 555 1932 763 2004; x_wconf 74' lang='grc' dir='ltr'>«ἀρχῆ</span> <span class='ocrx_word' id='word_1_314' title='bbox 795 1929 1031 1999; x_wconf 70' lang='grc' dir='ltr'>τοσαύτη</span> <span class='ocrx_word' id='word_1_315' title='bbox 1092 1929 1182 1984; x_wconf 85' lang='grc' dir='ltr'><strong>καὶ</strong></span> <span class='ocrx_word' id='word_1_316' title='bbox 1241 1929 1374 1985; x_wconf 91' lang='grc' dir='ltr'>τόσα</span> <span class='ocrx_word' id='word_1_317' title='bbox 1415 1933 1712 2005; x_wconf 79' lang='grc' dir='ltr'>πράγματα</span> <span class='ocrx_word' id='word_1_318' title='bbox 1762 1927 2036 1984; x_wconf 73' lang='grc' dir='ltr'>κινδυνεῦ-</span> <span class='ocrx_word' id='word_1_319' title='bbox 2146 1947 2239 2002; x_wconf 90' lang='grc' dir='ltr'><strong>ρας</strong></span> <span class='ocrx_word' id='word_1_320' title='bbox 2296 1927 2482 2001; x_wconf 82' lang='grc' dir='ltr'>χειρὸς</span> <span class='ocrx_word' id='word_1_321' title='bbox 2540 1925 2808 1999; x_wconf 79' lang='grc' dir='ltr'>ἐπιτιμῶν</span> <span class='ocrx_word' id='word_1_322' title='bbox 2873 1930 2990 1986; x_wconf 91' lang='grc' dir='ltr'>τοῖς</span> <span class='ocrx_word' id='word_1_323' title='bbox 3050 1923 3457 1995; x_wconf 69' lang='grc' dir='ltr'>ἀνθισταμένοις.</span> <span class='ocrx_word' id='word_1_324' title='bbox 3505 1921 3581 1991; x_wconf 84' lang='grc' dir='ltr'><strong>[Ρ</strong></span> 
     </span>
    </p>
   </div>
   <div class='ocr_carea' id='block_1_26' title="bbox 2147 2004 3718 2089">
    <p class='ocr_par' dir='ltr' id='par_1_26' title="bbox 2147 2004 3718 2089">
     <span class='ocr_line' id='line_1_27' title="bbox 2147 2004 3718 2089; baseline -0.008 -17"><span class='ocrx_word' id='word_1_325' title='bbox 2147 2014 2438 2089; x_wconf 80' lang='grc' dir='ltr'>Ῥωμαίων</span> <span class='ocrx_word' id='word_1_326' title='bbox 2463 2013 2520 2070; x_wconf 76' lang='grc' dir='ltr'><strong>δὶ</strong></span> <span class='ocrx_word' id='word_1_327' title='bbox 2551 2013 2835 2070; x_wconf 76' lang='grc' dir='ltr'>πολιτείαν</span> <span class='ocrx_word' id='word_1_328' title='bbox 2897 2013 2942 2068; x_wconf 78' lang='grc' dir='ltr'><strong>εἰ</strong></span> <span class='ocrx_word' id='word_1_329' title='bbox 2998 2010 3184 2076; x_wconf 69' lang='grc' dir='ltr'>ἄλλως</span> <span class='ocrx_word' id='word_1_330' title='bbox 3222 2014 3256 2082; x_wconf 77' lang='grc' dir='ltr'><strong>ἢ</strong></span> <span class='ocrx_word' id='word_1_331' title='bbox 3286 2010 3416 2065; x_wconf 85' lang='grc' dir='ltr'><strong>κατά</strong></span> <span class='ocrx_word' id='word_1_332' title='bbox 3467 2004 3718 2081; x_wconf 75' lang='grc' dir='ltr'>μοναρχίαν</span> 
     </span>
    </p>
   </div>
   <div class='ocr_carea' id='block_1_27' title="bbox 2150 2093 3724 2174">
    <p class='ocr_par' dir='ltr' id='par_1_27' title="bbox 2150 2093 3724 2174">
     <span class='ocr_line' id='line_1_28' title="bbox 2150 2093 3724 2174; baseline -0.011 -14"><span class='ocrx_word' id='word_1_333' title='bbox 2150 2103 2372 2160; x_wconf 86' lang='grc' dir='ltr'>διοικεῖν</span> <span class='ocrx_word' id='word_1_334' title='bbox 2407 2105 2587 2168; x_wconf 78' lang='grc' dir='ltr'>ἐθέλοι</span> <span class='ocrx_word' id='word_1_335' title='bbox 2616 2125 2725 2170; x_wconf 82' lang='grc' dir='ltr'>τις,</span> <span class='ocrx_word' id='word_1_336' title='bbox 2776 2102 3149 2174; x_wconf 79' lang='grc' dir='ltr'>Θαυμάζοιμεν</span> <span class='ocrx_word' id='word_1_337' title='bbox 3197 2099 3274 2155; x_wconf 81' lang='grc' dir='ltr'><strong>ἄν.</strong></span> <span class='ocrx_word' id='word_1_338' title='bbox 3311 2095 3518 2170; x_wconf 82' lang='grc' dir='ltr'>Ἀμέλει</span> <span class='ocrx_word' id='word_1_339' title='bbox 3544 2115 3613 2148; x_wconf 89' lang='grc' dir='ltr'><strong>τοι</strong></span> <span class='ocrx_word' id='word_1_340' title='bbox 3657 2093 3724 2146; x_wconf 77' lang='grc' dir='ltr'><strong>καὶ</strong></span> 
     </span>
    </p>
   </div>
   <div class='ocr_carea' id='block_1_28' title="bbox 2148 2185 3723 2269">
    <p class='ocr_par' dir='ltr' id='par_1_28' title="bbox 2148 2185 3723 2269">
     <span class='ocr_line' id='line_1_29' title="bbox 2148 2185 3723 2269; baseline -0.023 0"><span class='ocrx_word' id='word_1_341' title='bbox 2148 2193 2497 2269; x_wconf 71' lang='grc' dir='ltr'><strong>προηγείσθω</strong></span> <span class='ocrx_word' id='word_1_342' title='bbox 2531 2193 2652 2267; x_wconf 68' lang='grc' dir='ltr'><strong>μὲν.</strong></span> <span class='ocrx_word' id='word_1_343' title='bbox 2682 2191 2778 2246; x_wconf 63' lang='grc' dir='ltr'>κᾶν</span> <span class='ocrx_word' id='word_1_344' title='bbox 2811 2190 3011 2260; x_wconf 73' lang='grc' dir='ltr'>ἀτελὴς</span> <span class='ocrx_word' id='word_1_345' title='bbox 3045 2192 3073 2246; x_wconf 77' lang='grc' dir='ltr'>ὂ</span> <span class='ocrx_word' id='word_1_346' title='bbox 3108 2193 3315 2265; x_wconf 78' lang='grc' dir='ltr'>κρατῶν</span> <span class='ocrx_word' id='word_1_347' title='bbox 3344 2192 3444 2257; x_wconf 80' lang='grc' dir='ltr'>εἴη,</span> <span class='ocrx_word' id='word_1_348' title='bbox 3472 2185 3528 2239; x_wconf 86' lang='grc' dir='ltr'>τὸ</span> <span class='ocrx_word' id='word_1_349' title='bbox 3566 2199 3723 2254; x_wconf 78' lang='grc' dir='ltr'>μοναρ-</span> 
     </span>
    </p>
   </div>
   <div class='ocr_carea' id='block_1_29' title="bbox 2153 2270 3725 2358">
    <p class='ocr_par' dir='ltr' id='par_1_29' title="bbox 2153 2270 3725 2358">
     <span class='ocr_line' id='line_1_30' title="bbox 2153 2270 3725 2358; baseline -0.009 -22"><span class='ocrx_word' id='word_1_350' title='bbox 2153 2287 2294 2358; x_wconf 80' lang='grc' dir='ltr'>χεῖν⁶</span> <span class='ocrx_word' id='word_1_351' title='bbox 2343 2288 2495 2355; x_wconf 88' lang='grc' dir='ltr'>μενεῖ</span> <span class='ocrx_word' id='word_1_352' title='bbox 2549 2283 2653 2356; x_wconf 74' lang='grc' dir='ltr'>γὰρ</span> <span class='ocrx_word' id='word_1_353' title='bbox 2702 2280 2792 2335; x_wconf 84' lang='grc' dir='ltr'><strong>καὶ</strong></span> <span class='ocrx_word' id='word_1_354' title='bbox 2826 2279 2992 2352; x_wconf 77' lang='grc' dir='ltr'>οὕτω,</span> <span class='ocrx_word' id='word_1_355' title='bbox 3045 2278 3146 2335; x_wconf 71' lang='grc' dir='ltr'><strong>κᾶν</strong></span> <span class='ocrx_word' id='word_1_356' title='bbox 3177 2276 3385 2346; x_wconf 79' lang='grc' dir='ltr'>δοκοίη,</span> <span class='ocrx_word' id='word_1_357' title='bbox 3429 2274 3486 2329; x_wconf 81' lang='grc' dir='ltr'><strong>τὸ</strong></span> <span class='ocrx_word' id='word_1_358' title='bbox 3531 2270 3725 2340; x_wconf 68' lang='grc' dir='ltr'>σύνηθες.</span> 
     </span>
    </p>
   </div>
   <div class='ocr_carea' id='block_1_30' title="bbox 2148 2364 3726 2446">
    <p class='ocr_par' dir='ltr' id='par_1_30' title="bbox 2148 2364 3726 2446">
     <span class='ocr_line' id='line_1_31' title="bbox 2148 2364 3726 2446; baseline -0.011 -19"><span class='ocrx_word' id='word_1_359' title='bbox 2148 2373 2637 2446; x_wconf 79' lang='grc' dir='ltr'>Ἀρισταρχήσεται</span> <span class='ocrx_word' id='word_1_360' title='bbox 2684 2367 2742 2424; x_wconf 72' lang='grc' dir='ltr'>δὲ</span> <span class='ocrx_word' id='word_1_361' title='bbox 2789 2371 2904 2424; x_wconf 88' lang='grc' dir='ltr'>κατ’</span> <span class='ocrx_word' id='word_1_362' title='bbox 2954 2371 3197 2444; x_wconf 71' lang='grc' dir='ltr'>ἀνάγκην</span> <span class='ocrx_word' id='word_1_363' title='bbox 3241 2368 3301 2422; x_wconf 87' lang='grc' dir='ltr'>τὸ</span> <span class='ocrx_word' id='word_1_364' title='bbox 3343 2364 3452 2420; x_wconf 83' lang='grc' dir='ltr'>καθ’</span> <span class='ocrx_word' id='word_1_365' title='bbox 3491 2364 3616 2434; x_wconf 73' lang='grc' dir='ltr'>ἡμᾶς</span> <span class='ocrx_word' id='word_1_366' title='bbox 3652 2377 3726 2430; x_wconf 71' lang='grc' dir='ltr'><strong>μι-</strong></span> 
     </span>
    </p>
   </div>
   <div class='ocr_carea' id='block_1_31' title="bbox 381 2019 2037 2096">
    <p class='ocr_par' dir='ltr' id='par_1_31' title="bbox 381 2019 2037 2096">
     <span class='ocr_line' id='line_1_32' title="bbox 381 2019 2037 2096; baseline -0.002 -20"><span class='ocrx_word' id='word_1_367' title='bbox 381 2044 560 2089; x_wconf 88' lang='grc' dir='ltr'>σειαν,</span> <span class='ocrx_word' id='word_1_368' title='bbox 608 2020 757 2076; x_wconf 84' lang='grc' dir='ltr'><strong>ἀλλά</strong></span> <span class='ocrx_word' id='word_1_369' title='bbox 798 2019 1156 2075; x_wconf 84' lang='grc' dir='ltr'>καταστατέον</span> <span class='ocrx_word' id='word_1_370' title='bbox 1210 2021 1285 2082; x_wconf 80' lang='grc' dir='ltr'>εἷς</span> <span class='ocrx_word' id='word_1_371' title='bbox 1344 2021 1523 2096; x_wconf 79' lang='grc' dir='ltr'>ἀρχὴν</span> <span class='ocrx_word' id='word_1_372' title='bbox 1570 2021 1636 2075; x_wconf 81' lang='grc' dir='ltr'><strong>τὰ</strong></span> <span class='ocrx_word' id='word_1_373' title='bbox 1677 2022 1938 2095; x_wconf 84' lang='grc' dir='ltr'>παρόντα,</span> <span class='ocrx_word' id='word_1_374' title='bbox 1992 2019 2037 2073; x_wconf 82' lang='grc' dir='ltr'><strong>εί</strong></span> 
     </span>
    </p>
   </div>
   <div class='ocr_carea' id='block_1_32' title="bbox 389 2106 2031 2185">
    <p class='ocr_par' dir='ltr' id='par_1_32' title="bbox 389 2106 2031 2185">
     <span class='ocr_line' id='line_1_33' title="bbox 389 2106 2031 2185; baseline -0.002 -19"><span class='ocrx_word' id='word_1_375' title='bbox 389 2111 564 2185; x_wconf 76' lang='grc' dir='ltr'>μὲΛλο</span> <span class='ocrx_word' id='word_1_376' title='bbox 603 2132 696 2183; x_wconf 86' lang='grc' dir='ltr'><strong>μεν</strong></span> <span class='ocrx_word' id='word_1_377' title='bbox 731 2110 1021 2178; x_wconf 84' lang='grc' dir='ltr'>σώζεσθαι.</span> <span class='ocrx_word' id='word_1_378' title='bbox 1053 2111 1121 2164; x_wconf 85' lang='grc' dir='ltr'><strong><em>Ἦ</em></strong></span> <span class='ocrx_word' id='word_1_379' title='bbox 1157 2109 1256 2164; x_wconf 80' lang='grc' dir='ltr'>οὐκ</span> <span class='ocrx_word' id='word_1_380' title='bbox 1288 2107 1514 2183; x_wconf 63' lang='grc' dir='ltr'>οἴδαμεν</span> <span class='ocrx_word' id='word_1_381' title='bbox 1553 2109 1607 2172; x_wconf 78' lang='grc' dir='ltr'>ἐς</span> <span class='ocrx_word' id='word_1_382' title='bbox 1655 2109 1853 2164; x_wconf 85' lang='grc' dir='ltr'>ὁπόσον</span> <span class='ocrx_word' id='word_1_383' title='bbox 1905 2106 2031 2162; x_wconf 84' lang='grc' dir='ltr'>δυσ·</span> 
     </span>
    </p>
   </div>
   <div class='ocr_carea' id='block_1_33' title="bbox 377 2197 2030 2274">
    <p class='ocr_par' dir='ltr' id='par_1_33' title="bbox 377 2197 2030 2274">
     <span class='ocr_line' id='line_1_34' title="bbox 377 2197 2030 2274; baseline -0.002 -19"><span class='ocrx_word' id='word_1_384' title='bbox 377 2201 577 2274; x_wconf 86' lang='grc' dir='ltr'>τυχίας</span> <span class='ocrx_word' id='word_1_385' title='bbox 609 2201 644 2268; x_wconf 83' lang='grc' dir='ltr'>ἡ</span> <span class='ocrx_word' id='word_1_386' title='bbox 682 2203 790 2254; x_wconf 79' lang='grc' dir='ltr'><strong>τῶν</strong></span> <span class='ocrx_word' id='word_1_387' title='bbox 845 2198 1134 2271; x_wconf 83' lang='grc' dir='ltr'>Ῥωμαίων</span> <span class='ocrx_word' id='word_1_388' title='bbox 1197 2198 1476 2274; x_wconf 83' lang='grc' dir='ltr'>προῆλθεν</span> <span class='ocrx_word' id='word_1_389' title='bbox 1515 2199 1687 2273; x_wconf 79' lang='grc' dir='ltr'>ἀρχὴ,</span> <span class='ocrx_word' id='word_1_390' title='bbox 1747 2198 1885 2253; x_wconf 84' lang='grc' dir='ltr'>ὥστε</span> <span class='ocrx_word' id='word_1_391' title='bbox 1939 2197 2030 2252; x_wconf 82' lang='grc' dir='ltr'><strong>καὶ</strong></span> 
     </span>
    </p>
   </div>
   <div class='ocr_carea' id='block_1_34' title="bbox 383 2285 2041 2361">
    <p class='ocr_par' dir='ltr' id='par_1_34' title="bbox 383 2285 2041 2361">
     <span class='ocr_line' id='line_1_35' title="bbox 383 2285 2041 2361; baseline -0.001 -19"><span class='ocrx_word' id='word_1_392' title='bbox 383 2287 720 2356; x_wconf 80' lang='grc' dir='ltr'>ἀπελαθῆναι</span> <span class='ocrx_word' id='word_1_393' title='bbox 769 2293 869 2356; x_wconf 79' lang='grc' dir='ltr'><strong>τῆς</strong></span> <span class='ocrx_word' id='word_1_394' title='bbox 924 2285 1188 2361; x_wconf 87' lang='grc' dir='ltr'>πατρίδος</span> <span class='ocrx_word' id='word_1_395' title='bbox 1247 2287 1336 2342; x_wconf 82' lang='grc' dir='ltr'>καὶ</span> <span class='ocrx_word' id='word_1_396' title='bbox 1384 2287 1447 2342; x_wconf 88' lang='grc' dir='ltr'>τὸ</span> <span class='ocrx_word' id='word_1_397' title='bbox 1491 2292 1592 2342; x_wconf 80' lang='grc' dir='ltr'>πᾶν</span> <span class='ocrx_word' id='word_1_398' title='bbox 1652 2287 2041 2360; x_wconf 82' lang='grc' dir='ltr'>ἀπολέσαιμι-</span> 
     </span>
    </p>
   </div>
   <div class='ocr_carea' id='block_1_35' title="bbox 381 2376 2035 2453">
    <p class='ocr_par' dir='ltr' id='par_1_35' title="bbox 381 2376 2035 2453">
     <span class='ocr_line' id='line_1_36' title="bbox 381 2376 2035 2453; baseline -0.002 -20"><span class='ocrx_word' id='word_1_399' title='bbox 381 2383 536 2452; x_wconf 87' lang='grc' dir='ltr'>κροῖς</span> <span class='ocrx_word' id='word_1_400' title='bbox 597 2378 1071 2453; x_wconf 79' lang='grc' dir='ltr'>περιγραφομένην</span> <span class='ocrx_word' id='word_1_401' title='bbox 1133 2376 1332 2452; x_wconf 82' lang='grc' dir='ltr'>ὁρίοις,</span> <span class='ocrx_word' id='word_1_402' title='bbox 1396 2376 1662 2452; x_wconf 85' lang='grc' dir='ltr'>βασιλέων</span> <span class='ocrx_word' id='word_1_403' title='bbox 1723 2378 1894 2432; x_wconf 77' lang='grc' dir='ltr'>ὄντων</span> <span class='ocrx_word' id='word_1_404' title='bbox 1948 2376 2035 2431; x_wconf 85' lang='grc' dir='ltr'><strong>καὶ</strong></span> 
     </span>
    </p>
   </div>
   <div class='ocr_carea' id='block_1_36' title="bbox 383 2571 3732 2663">
    <p class='ocr_par' dir='ltr' id='par_1_36' title="bbox 383 2571 3732 2663">
     <span class='ocr_line' id='line_1_37' title="bbox 383 2571 3732 2663; baseline -0.005 -19"><span class='ocrx_word' id='word_1_405' title='bbox 383 2605 619 2661; x_wconf 72' lang='lat' dir='ltr'><strong>aequum</strong></span> <span class='ocrx_word' id='word_1_406' title='bbox 652 2605 790 2646; x_wconf 88' lang='lat' dir='ltr'><strong>esse</strong></span> <span class='ocrx_word' id='word_1_407' title='bbox 819 2590 1044 2646; x_wconf 84' lang='lat' dir='ltr'><strong>aientes</strong></span> <span class='ocrx_word' id='word_1_408' title='bbox 1067 2595 1125 2646; x_wconf 91' lang='lat' dir='ltr'><strong>et</strong></span> <span class='ocrx_word' id='word_1_409' title='bbox 1146 2590 1365 2662; x_wconf 82' lang='lat' dir='ltr'><strong>alioqui</strong></span> <span class='ocrx_word' id='word_1_410' title='bbox 1391 2591 1555 2662; x_wconf 85' lang='lat' dir='ltr'><strong>utile,</strong></span> <span class='ocrx_word' id='word_1_411' title='bbox 1576 2592 1766 2648; x_wconf 92' lang='lat' dir='ltr'><strong>virum</strong></span> <span class='ocrx_word' id='word_1_412' title='bbox 1786 2591 2048 2663; x_wconf 82' lang='lat' dir='ltr'><strong>proxime</strong></span> <span class='ocrx_word' id='word_1_413' title='bbox 2158 2587 2445 2660; x_wconf 88' lang='lat' dir='ltr'><strong>scriptum</strong></span> <span class='ocrx_word' id='word_1_414' title='bbox 2461 2587 2488 2643; x_wconf 86' lang='lat'><strong>?</strong></span> <span class='ocrx_word' id='word_1_415' title='bbox 2509 2588 2579 2642; x_wconf 90' lang='lat' dir='ltr'><strong>Et</strong></span> <span class='ocrx_word' id='word_1_416' title='bbox 2607 2586 2730 2642; x_wconf 66' lang='lat' dir='ltr'><strong>haec</strong></span> <span class='ocrx_word' id='word_1_417' title='bbox 2760 2586 3098 2642; x_wconf 89' lang='lat' dir='ltr'><strong>acciderunt</strong></span> <span class='ocrx_word' id='word_1_418' title='bbox 3121 2579 3556 2656; x_wconf 79' lang='lat' dir='ltr'><strong>imperatoribus</strong></span> <span class='ocrx_word' id='word_1_419' title='bbox 3572 2574 3638 2630; x_wconf 88' lang='lat' dir='ltr'><strong>ibi</strong></span> <span class='ocrx_word' id='word_1_420' title='bbox 3655 2571 3732 2627; x_wconf 89' lang='lat' dir='ltr'><strong>do-</strong></span> 
     </span>
    </p>
   </div>
   <div class='ocr_carea' id='block_1_37' title="bbox 393 2678 2046 2752">
    <p class='ocr_par' dir='ltr' id='par_1_37' title="bbox 393 2678 2046 2752">
     <span class='ocr_line' id='line_1_38' title="bbox 393 2678 2046 2752; baseline 0 -18"><span class='ocrx_word' id='word_1_421' title='bbox 393 2679 701 2734; x_wconf 88' lang='lat' dir='ltr'><strong>admotum</strong></span> <span class='ocrx_word' id='word_1_422' title='bbox 732 2678 1095 2750; x_wconf 81' lang='lat' dir='ltr'><strong>imperatori.</strong></span> <span class='ocrx_word' id='word_1_423' title='bbox 1129 2684 1186 2735; x_wconf 92' lang='lat' dir='ltr'><strong>et</strong></span> <span class='ocrx_word' id='word_1_424' title='bbox 1217 2680 1403 2751; x_wconf 83' lang='lat' dir='ltr'><strong>patris</strong></span> <span class='ocrx_word' id='word_1_425' title='bbox 1436 2695 1576 2752; x_wconf 89' lang='lat' dir='ltr'><strong>erga</strong></span> <span class='ocrx_word' id='word_1_426' title='bbox 1599 2697 1734 2736; x_wconf 90' lang='lat' dir='ltr'><strong>eum</strong></span> <span class='ocrx_word' id='word_1_427' title='bbox 1765 2685 1823 2736; x_wconf 91' lang='lat' dir='ltr'><strong>et</strong></span> <span class='ocrx_word' id='word_1_428' title='bbox 1855 2695 2046 2736; x_wconf 84' lang='lat' dir='ltr'><strong>neces-</strong></span> 
     </span>
    </p>
   </div>
   <div class='ocr_carea' id='block_1_38' title="bbox 394 2766 2048 2839">
    <p class='ocr_par' dir='ltr' id='par_1_38' title="bbox 394 2766 2048 2839">
     <span class='ocr_line' id='line_1_39' title="bbox 394 2766 2048 2839; baseline -0.001 -16"><span class='ocrx_word' id='word_1_429' title='bbox 394 2766 716 2823; x_wconf 89' lang='lat' dir='ltr'><strong>situdinem</strong></span> <span class='ocrx_word' id='word_1_430' title='bbox 745 2771 1042 2839; x_wconf 85' lang='lat' dir='ltr'><strong>gerentem</strong></span> <span class='ocrx_word' id='word_1_431' title='bbox 1075 2771 1132 2824; x_wconf 89' lang='lat' dir='ltr'><strong>et</strong></span> <span class='ocrx_word' id='word_1_432' title='bbox 1161 2785 1401 2835; x_wconf 86' lang='lat' dir='ltr'><strong>nomen,</strong></span> <span class='ocrx_word' id='word_1_433' title='bbox 1424 2768 1698 2826; x_wconf 86' lang='lat' dir='ltr'><strong>honorari</strong></span> <span class='ocrx_word' id='word_1_434' title='bbox 1723 2769 1895 2825; x_wconf 90' lang='lat' dir='ltr'><strong>titulo</strong></span> <span class='ocrx_word' id='word_1_435' title='bbox 1923 2769 2048 2823; x_wconf 89' lang='lat' dir='ltr'><strong>des-</strong></span> 
     </span>
    </p>
   </div>
   <div class='ocr_carea' id='block_1_39' title="bbox 398 2855 2044 2929">
    <p class='ocr_par' dir='ltr' id='par_1_39' title="bbox 398 2855 2044 2929">
     <span class='ocr_line' id='line_1_40' title="bbox 398 2855 2044 2929; baseline -0.001 -16"><span class='ocrx_word' id='word_1_436' title='bbox 398 2861 567 2929; x_wconf 65' lang='lat' dir='ltr'><strong>potze.</strong></span> <span class='ocrx_word' id='word_1_437' title='bbox 601 2855 742 2913; x_wconf 90' lang='lat' dir='ltr'><strong>Cedi</strong></span> <span class='ocrx_word' id='word_1_438' title='bbox 772 2856 930 2913; x_wconf 89' lang='lat' dir='ltr'><strong>enim</strong></span> <span class='ocrx_word' id='word_1_439' title='bbox 963 2857 1101 2914; x_wconf 86' lang='lat' dir='ltr'><strong>huic</strong></span> <span class='ocrx_word' id='word_1_440' title='bbox 1132 2859 1204 2914; x_wconf 92' lang='lat' dir='ltr'><strong>ab</strong></span> <span class='ocrx_word' id='word_1_441' title='bbox 1234 2858 1513 2914; x_wconf 91' lang='lat' dir='ltr'><strong>omnibus</strong></span> <span class='ocrx_word' id='word_1_442' title='bbox 1555 2859 1884 2923; x_wconf 87' lang='lat' dir='ltr'><strong>convenire,</strong></span> <span class='ocrx_word' id='word_1_443' title='bbox 1915 2873 2044 2928; x_wconf 73' lang='lat' dir='ltr'><strong>qum</strong></span> 
     </span>
    </p>
   </div>
   <div class='ocr_carea' id='block_1_40' title="bbox 395 2943 2045 3016">
    <p class='ocr_par' dir='ltr' id='par_1_40' title="bbox 395 2943 2045 3016">
     <span class='ocr_line' id='line_1_41' title="bbox 395 2943 2045 3016; baseline 0.002 -17"><span class='ocrx_word' id='word_1_444' title='bbox 395 2943 664 3000; x_wconf 90' lang='lat' dir='ltr'><strong>omnium</strong></span> <span class='ocrx_word' id='word_1_445' title='bbox 697 2948 908 3016; x_wconf 64' lang='lat' dir='ltr'><strong>praeter</strong></span> <span class='ocrx_word' id='word_1_446' title='bbox 936 2944 1264 3016; x_wconf 87' lang='lat' dir='ltr'><strong>principem</strong></span> <span class='ocrx_word' id='word_1_447' title='bbox 1299 2945 1399 3001; x_wconf 90' lang='lat' dir='ltr'><strong>uni</strong></span> <span class='ocrx_word' id='word_1_448' title='bbox 1445 2945 1736 3016; x_wconf 87' lang='lat' dir='ltr'><strong>subjectio</strong></span> <span class='ocrx_word' id='word_1_449' title='bbox 1767 2945 1880 3002; x_wconf 87' lang='lat' dir='ltr'><strong>isto</strong></span> <span class='ocrx_word' id='word_1_450' title='bbox 1912 2946 2045 3002; x_wconf 89' lang='lat' dir='ltr'><strong>des-</strong></span> 
     </span>
    </p>
   </div>
   <div class='ocr_carea' id='block_1_41' title="bbox 393 3033 2042 3107">
    <p class='ocr_par' dir='ltr' id='par_1_41' title="bbox 393 3033 2042 3107">
     <span class='ocr_line' id='line_1_42' title="bbox 393 3033 2042 3107; baseline 0 -19"><span class='ocrx_word' id='word_1_451' title='bbox 393 3035 540 3104; x_wconf 69' lang='lat' dir='ltr'><strong>pote</strong></span> <span class='ocrx_word' id='word_1_452' title='bbox 571 3034 842 3104; x_wconf 89' lang='lat' dir='ltr'><strong>signetur</strong></span> <span class='ocrx_word' id='word_1_453' title='bbox 881 3033 1187 3090; x_wconf 89' lang='lat' dir='ltr'><strong>vocabulo.</strong></span> <span class='ocrx_word' id='word_1_454' title='bbox 1220 3033 1315 3090; x_wconf 85' lang='lat' dir='ltr'><strong>Sic</strong></span> <span class='ocrx_word' id='word_1_455' title='bbox 1369 3050 1612 3092; x_wconf 84' lang='lat' dir='ltr'><strong>cursum</strong></span> <span class='ocrx_word' id='word_1_456' title='bbox 1665 3033 1912 3107; x_wconf 69' lang='lat' dir='ltr'><strong>publicae</strong></span> <span class='ocrx_word' id='word_1_457' title='bbox 1961 3033 2042 3090; x_wconf 88' lang='lat' dir='ltr'><strong>rei</strong></span> 
     </span>
    </p>
   </div>
   <div class='ocr_carea' id='block_1_42' title="bbox 395 3122 2043 3194">
    <p class='ocr_par' dir='ltr' id='par_1_42' title="bbox 395 3122 2043 3194">
     <span class='ocr_line' id='line_1_43' title="bbox 395 3122 2043 3194; baseline 0.001 -18"><span class='ocrx_word' id='word_1_458' title='bbox 395 3136 740 3193; x_wconf 88' lang='lat' dir='ltr'><strong>prosperum</strong></span> <span class='ocrx_word' id='word_1_459' title='bbox 774 3122 915 3178; x_wconf 83' lang='lat' dir='ltr'><strong>fore.</strong></span> <span class='ocrx_word' id='word_1_460' title='bbox 945 3122 1130 3178; x_wconf 91' lang='lat' dir='ltr'><strong>Puero</strong></span> <span class='ocrx_word' id='word_1_461' title='bbox 1186 3123 1344 3180; x_wconf 90' lang='lat' dir='ltr'><strong>enim</strong></span> <span class='ocrx_word' id='word_1_462' title='bbox 1403 3124 1629 3180; x_wconf 84' lang='lat' dir='ltr'><strong>ratione</strong></span> <span class='ocrx_word' id='word_1_463' title='bbox 1686 3123 1880 3179; x_wconf 89' lang='lat' dir='ltr'><strong>adhuc</strong></span> <span class='ocrx_word' id='word_1_464' title='bbox 1941 3138 2043 3194; x_wconf 91' lang='lat' dir='ltr'><strong>per</strong></span> 
     </span>
    </p>
   </div>
   <div class='ocr_carea' id='block_1_43' title="bbox 2157 2667 3737 2748">
    <p class='ocr_par' dir='ltr' id='par_1_43' title="bbox 2157 2667 3737 2748">
     <span class='ocr_line' id='line_1_44' title="bbox 2157 2667 3737 2748; baseline -0.011 -15"><span class='ocrx_word' id='word_1_465' title='bbox 2157 2677 2542 2733; x_wconf 90' lang='lat' dir='ltr'><strong>minantibus.</strong></span> <span class='ocrx_word' id='word_1_466' title='bbox 2567 2677 2680 2733; x_wconf 88' lang='lat' dir='ltr'><strong>Sed</strong></span> <span class='ocrx_word' id='word_1_467' title='bbox 2711 2677 2867 2748; x_wconf 90' lang='lat' dir='ltr'><strong>quod</strong></span> <span class='ocrx_word' id='word_1_468' title='bbox 2899 2675 2938 2730; x_wconf 90' lang='lat' dir='ltr'><strong>ii</strong></span> <span class='ocrx_word' id='word_1_469' title='bbox 2963 2680 3118 2731; x_wconf 90' lang='lat' dir='ltr'><strong>recte</strong></span> <span class='ocrx_word' id='word_1_470' title='bbox 3153 2691 3264 2730; x_wconf 90' lang='lat' dir='ltr'><strong>non</strong></span> <span class='ocrx_word' id='word_1_471' title='bbox 3297 2667 3662 2744; x_wconf 81' lang='lat' dir='ltr'><strong>gubernarent,</strong></span> <span class='ocrx_word' id='word_1_472' title='bbox 3687 2676 3737 2715; x_wconf 80' lang='lat' dir='ltr'><strong>ex</strong></span> 
     </span>
    </p>
   </div>
   <div class='ocr_carea' id='block_1_44' title="bbox 2158 2751 3732 2835">
    <p class='ocr_par' dir='ltr' id='par_1_44' title="bbox 2158 2751 3732 2835">
     <span class='ocr_line' id='line_1_45' title="bbox 2158 2751 3732 2835; baseline -0.012 -13"><span class='ocrx_word' id='word_1_473' title='bbox 2158 2783 2395 2822; x_wconf 87' lang='lat' dir='ltr'><strong>summa</strong></span> <span class='ocrx_word' id='word_1_474' title='bbox 2437 2764 2712 2821; x_wconf 78' lang='lat' dir='ltr'><strong>felicitate</strong></span> <span class='ocrx_word' id='word_1_475' title='bbox 2743 2763 3140 2835; x_wconf 84' lang='lat' dir='ltr'><strong>navigationis</strong></span> <span class='ocrx_word' id='word_1_476' title='bbox 3172 2763 3233 2819; x_wconf 90' lang='lat' dir='ltr'><strong>in</strong></span> <span class='ocrx_word' id='word_1_477' title='bbox 3255 2761 3521 2817; x_wconf 90' lang='lat' dir='ltr'><strong>miserum</strong></span> <span class='ocrx_word' id='word_1_478' title='bbox 3547 2751 3732 2810; x_wconf 80' lang='lat' dir='ltr'><strong>naufra-</strong></span> 
     </span>
    </p>
   </div>
   <div class='ocr_carea' id='block_1_45' title="bbox 2154 2839 3736 2927">
    <p class='ocr_par' dir='ltr' id='par_1_45' title="bbox 2154 2839 3736 2927">
     <span class='ocr_line' id='line_1_46' title="bbox 2154 2839 3736 2927; baseline -0.011 -16"><span class='ocrx_word' id='word_1_479' title='bbox 2154 2855 2320 2927; x_wconf 88' lang='lat' dir='ltr'><strong>gium</strong></span> <span class='ocrx_word' id='word_1_480' title='bbox 2352 2854 2702 2910; x_wconf 90' lang='lat' dir='ltr'><strong>decidimus.</strong></span> <span class='ocrx_word' id='word_1_481' title='bbox 2733 2853 2793 2908; x_wconf 89' lang='lat' dir='ltr'><strong>Si</strong></span> <span class='ocrx_word' id='word_1_482' title='bbox 2825 2869 2961 2925; x_wconf 89' lang='lat' dir='ltr'><strong>ergo</strong></span> <span class='ocrx_word' id='word_1_483' title='bbox 3016 2858 3186 2908; x_wconf 90' lang='lat' dir='ltr'><strong>tanta</strong></span> <span class='ocrx_word' id='word_1_484' title='bbox 3216 2853 3276 2908; x_wconf 89' lang='lat' dir='ltr'><strong>in</strong></span> <span class='ocrx_word' id='word_1_485' title='bbox 3337 2864 3438 2905; x_wconf 89' lang='lat' dir='ltr'><strong>nos</strong></span> <span class='ocrx_word' id='word_1_486' title='bbox 3491 2839 3736 2927; x_wconf 76' lang='lat' dir='ltr'><strong>calamitas</strong></span> 
     </span>
    </p>
   </div>
   <div class='ocr_carea' id='block_1_46' title="bbox 2154 2926 3736 3014">
    <p class='ocr_par' dir='ltr' id='par_1_46' title="bbox 2154 2926 3736 3014">
     <span class='ocr_line' id='line_1_47' title="bbox 2154 2926 3736 3014; baseline -0.008 -16"><span class='ocrx_word' id='word_1_487' title='bbox 2154 2926 2425 2999; x_wconf 79' lang='lat' dir='ltr'><strong>incubuit</strong></span> <span class='ocrx_word' id='word_1_488' title='bbox 2456 2959 2523 2999; x_wconf 84' lang='lat' dir='ltr'><strong>ex</strong></span> <span class='ocrx_word' id='word_1_489' title='bbox 2556 2960 2622 2999; x_wconf 91' lang='lat' dir='ltr'><strong>eo</strong></span> <span class='ocrx_word' id='word_1_490' title='bbox 2673 2942 2828 3014; x_wconf 92' lang='lat' dir='ltr'><strong>quod</strong></span> <span class='ocrx_word' id='word_1_491' title='bbox 2888 2958 3006 2997; x_wconf 91' lang='lat' dir='ltr'><strong>non</strong></span> <span class='ocrx_word' id='word_1_492' title='bbox 3065 2941 3220 2998; x_wconf 87' lang='lat' dir='ltr'><strong>bene</strong></span> <span class='ocrx_word' id='word_1_493' title='bbox 3274 2937 3612 3009; x_wconf 87' lang='lat' dir='ltr'><strong>regebamur,</strong></span> <span class='ocrx_word' id='word_1_494' title='bbox 3635 2926 3736 2999; x_wconf 83' lang='lat' dir='ltr'><strong>quid</strong></span> 
     </span>
    </p>
   </div>
   <div class='ocr_carea' id='block_1_47' title="bbox 2156 3016 3739 3094">
    <p class='ocr_par' dir='ltr' id='par_1_47' title="bbox 2156 3016 3739 3094">
     <span class='ocr_line' id='line_1_48' title="bbox 2156 3016 3739 3094; baseline -0.012 -6"><span class='ocrx_word' id='word_1_495' title='bbox 2156 3049 2272 3088; x_wconf 91' lang='lat' dir='ltr'><strong>non</strong></span> <span class='ocrx_word' id='word_1_496' title='bbox 2304 3033 2638 3088; x_wconf 90' lang='lat' dir='ltr'><strong>timendum</strong></span> <span class='ocrx_word' id='word_1_497' title='bbox 2673 3030 2843 3086; x_wconf 89' lang='lat' dir='ltr'><strong>nobis</strong></span> <span class='ocrx_word' id='word_1_498' title='bbox 2904 3030 3203 3086; x_wconf 89' lang='lat' dir='ltr'><strong>malorum</strong></span> <span class='ocrx_word' id='word_1_499' title='bbox 3261 3026 3452 3094; x_wconf 81' lang='lat' dir='ltr'><strong>fuerit,</strong></span> <span class='ocrx_word' id='word_1_500' title='bbox 3479 3023 3526 3080; x_wconf 90' lang='lat' dir='ltr'><strong>si</strong></span> <span class='ocrx_word' id='word_1_501' title='bbox 3551 3016 3739 3077; x_wconf 81' lang='lat' dir='ltr'><strong>omnino</strong></span> 
     </span>
    </p>
   </div>
   <div class='ocr_carea' id='block_1_48' title="bbox 2155 3110 3739 3194">
    <p class='ocr_par' dir='ltr' id='par_1_48' title="bbox 2155 3110 3739 3194">
     <span class='ocr_line' id='line_1_49' title="bbox 2155 3110 3739 3194; baseline -0.012 -17"><span class='ocrx_word' id='word_1_502' title='bbox 2155 3138 2272 3178; x_wconf 86' lang='lat' dir='ltr'><strong>non</strong></span> <span class='ocrx_word' id='word_1_503' title='bbox 2305 3122 2610 3194; x_wconf 81' lang='lat' dir='ltr'><strong>regimur?</strong></span> <span class='ocrx_word' id='word_1_504' title='bbox 2640 3120 2895 3176; x_wconf 87' lang='lat' dir='ltr'><strong>llonesta</strong></span> <span class='ocrx_word' id='word_1_505' title='bbox 2925 3119 3045 3175; x_wconf 91' lang='lat' dir='ltr'><strong>sine</strong></span> <span class='ocrx_word' id='word_1_506' title='bbox 3075 3120 3260 3176; x_wconf 88' lang='lat' dir='ltr'><strong>dubio</strong></span> <span class='ocrx_word' id='word_1_507' title='bbox 3291 3122 3347 3174; x_wconf 90' lang='lat' dir='ltr'><strong>et</strong></span> <span class='ocrx_word' id='word_1_508' title='bbox 3374 3110 3636 3171; x_wconf 84' lang='lat' dir='ltr'><strong>laudanda</strong></span> <span class='ocrx_word' id='word_1_509' title='bbox 3671 3120 3739 3160; x_wconf 81' lang='lat' dir='ltr'><strong>res</strong></span> 
     </span>
    </p>
   </div>
   <div class='ocr_carea' id='block_1_49' title="bbox 391 3200 3741 3286">
    <p class='ocr_par' dir='ltr' id='par_1_49' title="bbox 391 3200 3741 3286">
     <span class='ocr_line' id='line_1_50' title="bbox 391 3200 3741 3286; baseline -0.005 -21"><span class='ocrx_word' id='word_1_510' title='bbox 391 3213 623 3267; x_wconf 72' lang='lat' dir='ltr'><strong>aetatem</strong></span> <span class='ocrx_word' id='word_1_511' title='bbox 646 3210 731 3266; x_wconf 89' lang='lat' dir='ltr'><strong>uti</strong></span> <span class='ocrx_word' id='word_1_512' title='bbox 755 3228 870 3267; x_wconf 93' lang='lat' dir='ltr'><strong>non</strong></span> <span class='ocrx_word' id='word_1_513' title='bbox 888 3211 1102 3267; x_wconf 88' lang='lat' dir='ltr'><strong>valenti</strong></span> <span class='ocrx_word' id='word_1_514' title='bbox 1125 3213 1259 3284; x_wconf 91' lang='lat' dir='ltr'><strong>quis</strong></span> <span class='ocrx_word' id='word_1_515' title='bbox 1281 3213 1721 3269; x_wconf 89' lang='lat' dir='ltr'><strong>obaudiendum</strong></span> <span class='ocrx_word' id='word_1_516' title='bbox 1750 3217 1910 3286; x_wconf 84' lang='lat' dir='ltr'><strong>putet</strong></span> <span class='ocrx_word' id='word_1_517' title='bbox 1935 3213 2041 3268; x_wconf 87' lang='lat' dir='ltr'><strong>?Si</strong></span> <span class='ocrx_word' id='word_1_518' title='bbox 2077 3200 2119 3266; x_wconf 89' lang='lat' dir='ltr'><strong><em>C</em></strong></span> <span class='ocrx_word' id='word_1_519' title='bbox 2157 3211 2408 3267; x_wconf 83' lang='lat' dir='ltr'><strong>habetur</strong></span> <span class='ocrx_word' id='word_1_520' title='bbox 2441 3211 2584 3267; x_wconf 79' lang='lat' dir='ltr'><strong>fides</strong></span> <span class='ocrx_word' id='word_1_521' title='bbox 2629 3209 2688 3264; x_wconf 92' lang='lat' dir='ltr'><strong>in</strong></span> <span class='ocrx_word' id='word_1_522' title='bbox 2747 3208 3192 3281; x_wconf 85' lang='lat' dir='ltr'><strong>principatum:</strong></span> <span class='ocrx_word' id='word_1_523' title='bbox 3229 3207 3327 3264; x_wconf 89' lang='lat' dir='ltr'><strong>sed</strong></span> <span class='ocrx_word' id='word_1_524' title='bbox 3386 3210 3503 3260; x_wconf 87' lang='lat' dir='ltr'><strong>tum</strong></span> <span class='ocrx_word' id='word_1_525' title='bbox 3555 3200 3741 3286; x_wconf 77' lang='lat' dir='ltr'><strong>demum</strong></span> 
     </span>
    </p>
   </div>
   <div class='ocr_carea' id='block_1_50' title="bbox 395 3299 2043 3374">
    <p class='ocr_par' dir='ltr' id='par_1_50' title="bbox 395 3299 2043 3374">
     <span class='ocr_line' id='line_1_51' title="bbox 395 3299 2043 3374; baseline 0.001 -20"><span class='ocrx_word' id='word_1_526' title='bbox 395 3316 529 3356; x_wconf 87' lang='lat' dir='ltr'><strong>vero</strong></span> <span class='ocrx_word' id='word_1_527' title='bbox 559 3300 660 3370; x_wconf 91' lang='lat' dir='ltr'><strong>qui</strong></span> <span class='ocrx_word' id='word_1_528' title='bbox 691 3299 822 3370; x_wconf 88' lang='lat' dir='ltr'><strong>ejus</strong></span> <span class='ocrx_word' id='word_1_529' title='bbox 851 3301 975 3356; x_wconf 89' lang='lat' dir='ltr'><strong>vice</strong></span> <span class='ocrx_word' id='word_1_530' title='bbox 1005 3301 1258 3372; x_wconf 90' lang='lat' dir='ltr'><strong>imperat</strong></span> <span class='ocrx_word' id='word_1_531' title='bbox 1287 3302 1550 3374; x_wconf 90' lang='lat' dir='ltr'><strong>privatus</strong></span> <span class='ocrx_word' id='word_1_532' title='bbox 1581 3303 1659 3359; x_wconf 90' lang='lat' dir='ltr'><strong>sit</strong></span> <span class='ocrx_word' id='word_1_533' title='bbox 1709 3319 1880 3359; x_wconf 93' lang='lat' dir='ltr'><strong>nemo</strong></span> <span class='ocrx_word' id='word_1_534' title='bbox 1931 3303 2043 3358; x_wconf 88' lang='lat' dir='ltr'><strong>erit</strong></span> 
     </span>
    </p>
   </div>
   <div class='ocr_carea' id='block_1_51' title="bbox 398 3388 2042 3463">
    <p class='ocr_par' dir='ltr' id='par_1_51' title="bbox 398 3388 2042 3463">
     <span class='ocr_line' id='line_1_52' title="bbox 398 3388 2042 3463; baseline 0.001 -20"><span class='ocrx_word' id='word_1_535' title='bbox 398 3388 498 3459; x_wconf 90' lang='lat' dir='ltr'><strong>qui</strong></span> <span class='ocrx_word' id='word_1_536' title='bbox 530 3405 644 3444; x_wconf 91' lang='lat' dir='ltr'><strong>non</strong></span> <span class='ocrx_word' id='word_1_537' title='bbox 679 3392 844 3460; x_wconf 88' lang='lat' dir='ltr'><strong>putet</strong></span> <span class='ocrx_word' id='word_1_538' title='bbox 875 3389 1048 3460; x_wconf 89' lang='lat' dir='ltr'><strong>plane</strong></span> <span class='ocrx_word' id='word_1_539' title='bbox 1081 3389 1462 3446; x_wconf 81' lang='lat' dir='ltr'><strong>arbitrarium</strong></span> <span class='ocrx_word' id='word_1_540' title='bbox 1517 3407 1745 3463; x_wconf 89' lang='lat' dir='ltr'><strong>parere,</strong></span> <span class='ocrx_word' id='word_1_541' title='bbox 1779 3391 1942 3446; x_wconf 88' lang='lat' dir='ltr'><strong>nulla</strong></span> <span class='ocrx_word' id='word_1_542' title='bbox 1987 3391 2042 3445; x_wconf 89' lang='lat' dir='ltr'><strong>vi</strong></span> 
     </span>
    </p>
   </div>
   <div class='ocr_carea' id='block_1_52' title="bbox 393 3476 2041 3550">
    <p class='ocr_par' dir='ltr' id='par_1_52' title="bbox 393 3476 2041 3550">
     <span class='ocr_line' id='line_1_53' title="bbox 393 3476 2041 3550; baseline 0.001 -18"><span class='ocrx_word' id='word_1_543' title='bbox 393 3476 635 3548; x_wconf 88' lang='lat' dir='ltr'><strong>majoris</strong></span> <span class='ocrx_word' id='word_1_544' title='bbox 667 3477 1034 3534; x_wconf 86' lang='lat' dir='ltr'><strong>auctoritatis</strong></span> <span class='ocrx_word' id='word_1_545' title='bbox 1065 3479 1427 3550; x_wconf 88' lang='lat' dir='ltr'><strong>obsequendi</strong></span> <span class='ocrx_word' id='word_1_546' title='bbox 1459 3479 1898 3535; x_wconf 85' lang='lat' dir='ltr'><strong>neccessitatem</strong></span> <span class='ocrx_word' id='word_1_547' title='bbox 1931 3479 2041 3534; x_wconf 88' lang='lat' dir='ltr'><strong>im-</strong></span> 
     </span>
    </p>
   </div>
   <div class='ocr_carea' id='block_1_53' title="bbox 393 3566 2044 3639">
    <p class='ocr_par' dir='ltr' id='par_1_53' title="bbox 393 3566 2044 3639">
     <span class='ocr_line' id='line_1_54' title="bbox 393 3566 2044 3639; baseline 0 -17"><span class='ocrx_word' id='word_1_548' title='bbox 393 3569 663 3638; x_wconf 88' lang='lat' dir='ltr'><strong>ponente.</strong></span> <span class='ocrx_word' id='word_1_549' title='bbox 701 3566 1026 3622; x_wconf 88' lang='lat' dir='ltr'><strong>Imitandos</strong></span> <span class='ocrx_word' id='word_1_550' title='bbox 1049 3567 1233 3639; x_wconf 89' lang='lat' dir='ltr'><strong>igitur</strong></span> <span class='ocrx_word' id='word_1_551' title='bbox 1254 3582 1382 3623; x_wconf 84' lang='lat' dir='ltr'><strong>esse</strong></span> <span class='ocrx_word' id='word_1_552' title='bbox 1399 3571 1658 3623; x_wconf 90' lang='lat' dir='ltr'><strong>vectores</strong></span> <span class='ocrx_word' id='word_1_553' title='bbox 1680 3567 1737 3622; x_wconf 90' lang='lat' dir='ltr'><strong>in</strong></span> <span class='ocrx_word' id='word_1_554' title='bbox 1762 3567 1888 3623; x_wconf 91' lang='lat' dir='ltr'><strong>navi</strong></span> <span class='ocrx_word' id='word_1_555' title='bbox 1919 3584 1932 3621; x_wconf 89' lang='lat'><strong>:</strong></span> <span class='ocrx_word' id='word_1_556' title='bbox 1960 3567 2044 3622; x_wconf 90' lang='lat' dir='ltr'><strong>illi</strong></span> 
     </span>
    </p>
   </div>
   <div class='ocr_carea' id='block_1_54' title="bbox 391 3655 2045 3728">
    <p class='ocr_par' dir='ltr' id='par_1_54' title="bbox 391 3655 2045 3728">
     <span class='ocr_line' id='line_1_55' title="bbox 391 3655 2045 3728; baseline 0 -16"><span class='ocrx_word' id='word_1_557' title='bbox 391 3655 551 3712; x_wconf 91' lang='lat' dir='ltr'><strong>enim</strong></span> <span class='ocrx_word' id='word_1_558' title='bbox 583 3659 887 3727; x_wconf 89' lang='lat' dir='ltr'><strong>utcunque</strong></span> <span class='ocrx_word' id='word_1_559' title='bbox 944 3655 1297 3727; x_wconf 88' lang='lat' dir='ltr'><strong>singillatim</strong></span> <span class='ocrx_word' id='word_1_560' title='bbox 1358 3655 1522 3712; x_wconf 90' lang='lat' dir='ltr'><strong>liberi</strong></span> <span class='ocrx_word' id='word_1_561' title='bbox 1564 3661 1621 3711; x_wconf 93' lang='lat' dir='ltr'><strong>et</strong></span> <span class='ocrx_word' id='word_1_562' title='bbox 1678 3657 1771 3712; x_wconf 92' lang='lat' dir='ltr'><strong>sui</strong></span> <span class='ocrx_word' id='word_1_563' title='bbox 1825 3657 2045 3728; x_wconf 88' lang='lat' dir='ltr'><strong>quique</strong></span> 
     </span>
    </p>
   </div>
   <div class='ocr_carea' id='block_1_55' title="bbox 387 3743 2048 3815">
    <p class='ocr_par' dir='ltr' id='par_1_55' title="bbox 387 3743 2048 3815">
     <span class='ocr_line' id='line_1_56' title="bbox 387 3743 2048 3815; baseline 0.001 -15"><span class='ocrx_word' id='word_1_564' title='bbox 387 3745 561 3814; x_wconf 87' lang='lat' dir='ltr'><strong>juris,</strong></span> <span class='ocrx_word' id='word_1_565' title='bbox 586 3745 738 3814; x_wconf 91' lang='lat' dir='ltr'><strong>quod</strong></span> <span class='ocrx_word' id='word_1_566' title='bbox 771 3743 1049 3799; x_wconf 90' lang='lat' dir='ltr'><strong>omnibus</strong></span> <span class='ocrx_word' id='word_1_567' title='bbox 1081 3744 1352 3815; x_wconf 90' lang='lat' dir='ltr'><strong>expedire</strong></span> <span class='ocrx_word' id='word_1_568' title='bbox 1377 3745 1769 3802; x_wconf 85' lang='lat' dir='ltr'><strong>communiter</strong></span> <span class='ocrx_word' id='word_1_569' title='bbox 1789 3746 2048 3802; x_wconf 89' lang='lat' dir='ltr'><strong>sentiant</strong></span> 
     </span>
    </p>
   </div>
   <div class='ocr_carea' id='block_1_56' title="bbox 396 3832 2047 3906">
    <p class='ocr_par' dir='ltr' id='par_1_56' title="bbox 396 3832 2047 3906">
     <span class='ocr_line' id='line_1_57' title="bbox 396 3832 2047 3906; baseline 0.002 -20"><span class='ocrx_word' id='word_1_570' title='bbox 396 3832 466 3886; x_wconf 81' lang='lat' dir='ltr'><strong>ad</strong></span> <span class='ocrx_word' id='word_1_571' title='bbox 488 3832 664 3888; x_wconf 82' lang='lat' dir='ltr'><strong>finem</strong></span> <span class='ocrx_word' id='word_1_572' title='bbox 681 3833 912 3889; x_wconf 90' lang='lat' dir='ltr'><strong>cunctis</strong></span> <span class='ocrx_word' id='word_1_573' title='bbox 937 3849 1100 3904; x_wconf 67' lang='lat' dir='ltr'><strong>mque</strong></span> <span class='ocrx_word' id='word_1_574' title='bbox 1122 3834 1494 3906; x_wconf 87' lang='lat' dir='ltr'><strong>propositum</strong></span> <span class='ocrx_word' id='word_1_575' title='bbox 1540 3835 1880 3891; x_wconf 78' lang='lat' dir='ltr'><strong>fortunandi</strong></span> <span class='ocrx_word' id='word_1_576' title='bbox 1915 3851 2047 3890; x_wconf 92' lang='lat' dir='ltr'><strong>cur-</strong></span> 
     </span>
    </p>
   </div>
   <div class='ocr_carea' id='block_1_57' title="bbox 397 3919 2045 3996">
    <p class='ocr_par' dir='ltr' id='par_1_57' title="bbox 397 3919 2045 3996">
     <span class='ocr_line' id='line_1_58' title="bbox 397 3919 2045 3996; baseline 0.002 -20"><span class='ocrx_word' id='word_1_577' title='bbox 397 3935 499 3976; x_wconf 86' lang='lat' dir='ltr'><strong>sus</strong></span> <span class='ocrx_word' id='word_1_578' title='bbox 549 3919 608 3975; x_wconf 91' lang='lat' dir='ltr'><strong>in</strong></span> <span class='ocrx_word' id='word_1_579' title='bbox 667 3923 837 3994; x_wconf 82' lang='lat' dir='ltr'><strong>cujus</strong></span> <span class='ocrx_word' id='word_1_580' title='bbox 895 3920 1081 3978; x_wconf 86' lang='lat' dir='ltr'><strong>aleam</strong></span> <span class='ocrx_word' id='word_1_581' title='bbox 1133 3938 1196 3978; x_wconf 91' lang='lat' dir='ltr'><strong>se</strong></span> <span class='ocrx_word' id='word_1_582' title='bbox 1243 3923 1554 3990; x_wconf 90' lang='lat' dir='ltr'><strong>dederunt,</strong></span> <span class='ocrx_word' id='word_1_583' title='bbox 1593 3925 2045 3996; x_wconf 88' lang='lat' dir='ltr'><strong>gubernatorem</strong></span> 
     </span>
    </p>
   </div>
   <div class='ocr_carea' id='block_1_58' title="bbox 396 4009 2047 4085">
    <p class='ocr_par' dir='ltr' id='par_1_58' title="bbox 396 4009 2047 4085">
     <span class='ocr_line' id='line_1_59' title="bbox 396 4009 2047 4085; baseline 0.003 -21"><span class='ocrx_word' id='word_1_584' title='bbox 396 4009 624 4082; x_wconf 87' lang='lat' dir='ltr'><strong>eligunt</strong></span> <span class='ocrx_word' id='word_1_585' title='bbox 641 4010 871 4083; x_wconf 84' lang='lat' dir='ltr'><strong>sibique</strong></span> <span class='ocrx_word' id='word_1_586' title='bbox 894 4010 1423 4084; x_wconf 67' lang='lat' dir='ltr'><strong>praeficiunt,cujus</strong></span> <span class='ocrx_word' id='word_1_587' title='bbox 1444 4013 1703 4085; x_wconf 88' lang='lat' dir='ltr'><strong>etjussis</strong></span> <span class='ocrx_word' id='word_1_588' title='bbox 1720 4018 1778 4070; x_wconf 93' lang='lat' dir='ltr'><strong>et</strong></span> <span class='ocrx_word' id='word_1_589' title='bbox 1802 4013 2047 4069; x_wconf 91' lang='lat' dir='ltr'><strong>nutibus</strong></span> 
     </span>
    </p>
   </div>
   <div class='ocr_carea' id='block_1_59' title="bbox 397 4099 2049 4174">
    <p class='ocr_par' dir='ltr' id='par_1_59' title="bbox 397 4099 2049 4174">
     <span class='ocr_line' id='line_1_60' title="bbox 397 4099 2049 4174; baseline 0.004 -22"><span class='ocrx_word' id='word_1_590' title='bbox 397 4099 804 4169; x_wconf 86' lang='lat' dir='ltr'><strong>obtemperant</strong></span> <span class='ocrx_word' id='word_1_591' title='bbox 834 4099 1116 4156; x_wconf 85' lang='lat' dir='ltr'><strong>servitute</strong></span> <span class='ocrx_word' id='word_1_592' title='bbox 1145 4101 1475 4158; x_wconf 86' lang='lat' dir='ltr'><strong>voluntaria</strong></span> <span class='ocrx_word' id='word_1_593' title='bbox 1503 4123 1517 4171; x_wconf 86' lang='lat'><strong>;</strong></span> <span class='ocrx_word' id='word_1_594' title='bbox 1553 4102 1652 4174; x_wconf 90' lang='lat' dir='ltr'><strong>qui</strong></span> <span class='ocrx_word' id='word_1_595' title='bbox 1683 4120 1817 4158; x_wconf 89' lang='lat' dir='ltr'><strong>vero</strong></span> <span class='ocrx_word' id='word_1_596' title='bbox 1849 4107 2049 4158; x_wconf 89' lang='lat' dir='ltr'><strong>contra</strong></span> 
     </span>
    </p>
   </div>
   <div class='ocr_carea' id='block_1_60' title="bbox 398 4188 2051 4264">
    <p class='ocr_par' dir='ltr' id='par_1_60' title="bbox 398 4188 2051 4264">
     <span class='ocr_line' id='line_1_61' title="bbox 398 4188 2051 4264; baseline 0.002 -22"><span class='ocrx_word' id='word_1_597' title='bbox 398 4188 528 4256; x_wconf 82' lang='lat' dir='ltr'><strong>ejus</strong></span> <span class='ocrx_word' id='word_1_598' title='bbox 585 4189 934 4260; x_wconf 68' lang='lat' dir='ltr'><strong>praescripta</strong></span> <span class='ocrx_word' id='word_1_599' title='bbox 991 4190 1219 4262; x_wconf 79' lang='lat' dir='ltr'><strong>fecerit,</strong></span> <span class='ocrx_word' id='word_1_600' title='bbox 1279 4192 1491 4264; x_wconf 88' lang='lat' dir='ltr'><strong>dignas</strong></span> <span class='ocrx_word' id='word_1_601' title='bbox 1547 4193 1648 4247; x_wconf 90' lang='lat' dir='ltr'><strong>dat</strong></span> <span class='ocrx_word' id='word_1_602' title='bbox 1705 4209 1928 4264; x_wconf 74' lang='lat' dir='ltr'><strong>pcnnas,</strong></span> <span class='ocrx_word' id='word_1_603' title='bbox 1987 4196 2051 4246; x_wconf 92' lang='lat' dir='ltr'><strong>ut</strong></span> 
     </span>
    </p>
   </div>
   <div class='ocr_carea' id='block_1_61' title="bbox 399 4273 2047 4351">
    <p class='ocr_par' dir='ltr' id='par_1_61' title="bbox 399 4273 2047 4351">
     <span class='ocr_line' id='line_1_62' title="bbox 399 4273 2047 4351; baseline 0.004 -23"><span class='ocrx_word' id='word_1_604' title='bbox 399 4273 500 4346; x_wconf 89' lang='lat' dir='ltr'><strong>qui</strong></span> <span class='ocrx_word' id='word_1_605' title='bbox 525 4276 779 4332; x_wconf 82' lang='lat' dir='ltr'><strong>maxime</strong></span> <span class='ocrx_word' id='word_1_606' title='bbox 810 4277 868 4330; x_wconf 93' lang='lat' dir='ltr'><strong>in</strong></span> <span class='ocrx_word' id='word_1_607' title='bbox 903 4278 1212 4334; x_wconf 89' lang='lat' dir='ltr'><strong>dominum</strong></span> <span class='ocrx_word' id='word_1_608' title='bbox 1246 4280 1590 4351; x_wconf 89' lang='lat' dir='ltr'><strong>peccaverit.</strong></span> <span class='ocrx_word' id='word_1_609' title='bbox 1615 4281 1896 4336; x_wconf 65' lang='lat' dir='ltr'><strong>Caeterum</strong></span> <span class='ocrx_word' id='word_1_610' title='bbox 1931 4296 2047 4335; x_wconf 92' lang='lat' dir='ltr'><strong>non</strong></span> 
     </span>
    </p>
   </div>
   <div class='ocr_carea' id='block_1_62' title="bbox 397 4363 2049 4438">
    <p class='ocr_par' dir='ltr' id='par_1_62' title="bbox 397 4363 2049 4438">
     <span class='ocr_line' id='line_1_63' title="bbox 397 4363 2049 4438; baseline 0.002 -20"><span class='ocrx_word' id='word_1_611' title='bbox 397 4378 532 4418; x_wconf 89' lang='lat' dir='ltr'><strong>eum</strong></span> <span class='ocrx_word' id='word_1_612' title='bbox 556 4363 640 4420; x_wconf 88' lang='lat' dir='ltr'><strong>sic</strong></span> <span class='ocrx_word' id='word_1_613' title='bbox 657 4364 997 4434; x_wconf 89' lang='lat' dir='ltr'><strong>instituunt,</strong></span> <span class='ocrx_word' id='word_1_614' title='bbox 1017 4373 1082 4423; x_wconf 92' lang='lat' dir='ltr'><strong>ut</strong></span> <span class='ocrx_word' id='word_1_615' title='bbox 1099 4384 1165 4423; x_wconf 89' lang='lat' dir='ltr'><strong>eo</strong></span> <span class='ocrx_word' id='word_1_616' title='bbox 1191 4371 1498 4438; x_wconf 87' lang='lat' dir='ltr'><strong>provectus</strong></span> <span class='ocrx_word' id='word_1_617' title='bbox 1521 4365 1734 4422; x_wconf 89' lang='lat' dir='ltr'><strong>similis</strong></span> <span class='ocrx_word' id='word_1_618' title='bbox 1756 4365 2049 4422; x_wconf 85' lang='lat' dir='ltr'><strong>nihilomi-</strong></span> 
     </span>
    </p>
   </div>
   <div class='ocr_carea' id='block_1_63' title="bbox 399 4451 2049 4526">
    <p class='ocr_par' dir='ltr' id='par_1_63' title="bbox 399 4451 2049 4526">
     <span class='ocr_line' id='line_1_64' title="bbox 399 4451 2049 4526; baseline 0.003 -20"><span class='ocrx_word' id='word_1_619' title='bbox 399 4469 513 4507; x_wconf 88' lang='lat' dir='ltr'><strong>nus</strong></span> <span class='ocrx_word' id='word_1_620' title='bbox 569 4451 849 4526; x_wconf 88' lang='lat' dir='ltr'><strong>deinceps</strong></span> <span class='ocrx_word' id='word_1_621' title='bbox 907 4471 1040 4511; x_wconf 91' lang='lat' dir='ltr'><strong>cum</strong></span> <span class='ocrx_word' id='word_1_622' title='bbox 1092 4455 1318 4512; x_wconf 64' lang='lat' dir='ltr'><strong>caeteris</strong></span> <span class='ocrx_word' id='word_1_623' title='bbox 1349 4455 1525 4512; x_wconf 88' lang='lat' dir='ltr'><strong>sortis</strong></span> <span class='ocrx_word' id='word_1_624' title='bbox 1555 4456 1632 4511; x_wconf 89' lang='lat' dir='ltr'><strong>sit</strong></span> <span class='ocrx_word' id='word_1_625' title='bbox 1687 4456 1788 4512; x_wconf 89' lang='lat' dir='ltr'><strong>sed</strong></span> <span class='ocrx_word' id='word_1_626' title='bbox 1844 4455 1916 4511; x_wconf 89' lang='lat' dir='ltr'><strong>ad</strong></span> <span class='ocrx_word' id='word_1_627' title='bbox 1947 4471 2049 4512; x_wconf 87' lang='lat' dir='ltr'><strong>ve-</strong></span> 
     </span>
    </p>
   </div>
   <div class='ocr_carea' id='block_1_64' title="bbox 398 4541 2123 4638">
    <p class='ocr_par' dir='ltr' id='par_1_64' title="bbox 398 4541 2123 4638">
     <span class='ocr_line' id='line_1_65' title="bbox 398 4541 2123 4638; baseline 0.003 -43"><span class='ocrx_word' id='word_1_628' title='bbox 398 4541 767 4638; x_wconf 76' lang='lat' dir='ltr'><strong>nerationem</strong></span> <span class='ocrx_word' id='word_1_629' title='bbox 802 4543 1189 4638; x_wconf 34' lang='lat' dir='ltr'><strong>77.quodam</strong></span> <span class='ocrx_word' id='word_1_630' title='bbox 1225 4543 1393 4638; x_wconf 82' lang='lat' dir='ltr'><strong>illum</strong></span> <span class='ocrx_word' id='word_1_631' title='bbox 1439 4543 1642 4638; x_wconf 85' lang='lat' dir='ltr'><strong>habitu</strong></span> <span class='ocrx_word' id='word_1_632' title='bbox 1676 4544 2044 4638; x_wconf 80' lang='lat' dir='ltr'><strong>induuntin-</strong></span> <span class='ocrx_word' id='word_1_633' title='bbox 2081 4573 2123 4638; x_wconf 70' lang='grc' dir='ltr'>υ</span> 
     </span>
    </p>
   </div>
   <div class='ocr_carea' id='block_1_65' title="bbox 397 4629 2045 4702">
    <p class='ocr_par' dir='ltr' id='par_1_65' title="bbox 397 4629 2045 4702">
     <span class='ocr_line' id='line_1_66' title="bbox 397 4629 2045 4702; baseline 0.002 -18"><span class='ocrx_word' id='word_1_634' title='bbox 397 4629 678 4701; x_wconf 89' lang='lat' dir='ltr'><strong>signioris</strong></span> <span class='ocrx_word' id='word_1_635' title='bbox 703 4632 1072 4690; x_wconf 84' lang='lat' dir='ltr'><strong>auctoritatis</strong></span> <span class='ocrx_word' id='word_1_636' title='bbox 1089 4651 1102 4702; x_wconf 88' lang='lat'><strong>;</strong></span> <span class='ocrx_word' id='word_1_637' title='bbox 1118 4636 1174 4690; x_wconf 89' lang='lat' dir='ltr'><strong>et</strong></span> <span class='ocrx_word' id='word_1_638' title='bbox 1196 4636 1261 4688; x_wconf 91' lang='lat' dir='ltr'><strong>ut</strong></span> <span class='ocrx_word' id='word_1_639' title='bbox 1281 4648 1417 4688; x_wconf 90' lang='lat' dir='ltr'><strong>eum</strong></span> <span class='ocrx_word' id='word_1_640' title='bbox 1440 4633 1696 4690; x_wconf 89' lang='lat' dir='ltr'><strong>universi</strong></span> <span class='ocrx_word' id='word_1_641' title='bbox 1715 4638 2045 4700; x_wconf 91' lang='lat' dir='ltr'><strong>vereantur,</strong></span> 
     </span>
    </p>
   </div>
   <div class='ocr_carea' id='block_1_66' title="bbox 398 4719 2049 4794">
    <p class='ocr_par' dir='ltr' id='par_1_66' title="bbox 398 4719 2049 4794">
     <span class='ocr_line' id='line_1_67' title="bbox 398 4719 2049 4794; baseline 0.003 -21"><span class='ocrx_word' id='word_1_642' title='bbox 398 4719 658 4790; x_wconf 90' lang='lat' dir='ltr'><strong>quodam</strong></span> <span class='ocrx_word' id='word_1_643' title='bbox 690 4719 803 4790; x_wconf 87' lang='lat' dir='ltr'><strong>ipsi</strong></span> <span class='ocrx_word' id='word_1_644' title='bbox 826 4721 988 4777; x_wconf 91' lang='lat' dir='ltr'><strong>velut</strong></span> <span class='ocrx_word' id='word_1_645' title='bbox 1010 4723 1300 4794; x_wconf 88' lang='lat' dir='ltr'><strong>impresso</strong></span> <span class='ocrx_word' id='word_1_646' title='bbox 1319 4721 1533 4778; x_wconf 90' lang='lat' dir='ltr'><strong>minaci</strong></span> <span class='ocrx_word' id='word_1_647' title='bbox 1555 4723 1888 4780; x_wconf 87' lang='lat' dir='ltr'><strong>charactere</strong></span> <span class='ocrx_word' id='word_1_648' title='bbox 1919 4739 2049 4778; x_wconf 61' lang='lat' dir='ltr'><strong>mav</strong></span> 
     </span>
    </p>
   </div>
   <div class='ocr_carea' id='block_1_67' title="bbox 397 4806 2046 4884">
    <p class='ocr_par' dir='ltr' id='par_1_67' title="bbox 397 4806 2046 4884">
     <span class='ocr_line' id='line_1_68' title="bbox 397 4806 2046 4884; baseline 0.004 -23"><span class='ocrx_word' id='word_1_649' title='bbox 397 4806 627 4877; x_wconf 78' lang='lat' dir='ltr'><strong>jestatis</strong></span> <span class='ocrx_word' id='word_1_650' title='bbox 660 4814 1084 4880; x_wconf 85' lang='lat' dir='ltr'><strong>assequuntur.</strong></span> <span class='ocrx_word' id='word_1_651' title='bbox 1117 4810 1207 4866; x_wconf 91' lang='lat' dir='ltr'><strong>Sic</strong></span> <span class='ocrx_word' id='word_1_652' title='bbox 1238 4815 1296 4866; x_wconf 91' lang='lat' dir='ltr'><strong>et</strong></span> <span class='ocrx_word' id='word_1_653' title='bbox 1333 4811 1500 4880; x_wconf 88' lang='lat' dir='ltr'><strong>urbs,</strong></span> <span class='ocrx_word' id='word_1_654' title='bbox 1530 4816 1588 4868; x_wconf 91' lang='lat' dir='ltr'><strong>et</strong></span> <span class='ocrx_word' id='word_1_655' title='bbox 1615 4811 1928 4884; x_wconf 87' lang='lat' dir='ltr'><strong>imperium</strong></span> <span class='ocrx_word' id='word_1_656' title='bbox 1959 4815 2046 4867; x_wconf 90' lang='lat' dir='ltr'><strong>to-</strong></span> 
     </span>
    </p>
   </div>
   <div class='ocr_carea' id='block_1_68' title="bbox 396 4897 2047 4973">
    <p class='ocr_par' dir='ltr' id='par_1_68' title="bbox 396 4897 2047 4973">
     <span class='ocr_line' id='line_1_69' title="bbox 396 4897 2047 4973; baseline 0.002 -22"><span class='ocrx_word' id='word_1_657' title='bbox 396 4899 525 4951; x_wconf 93' lang='lat' dir='ltr'><strong>tum</strong></span> <span class='ocrx_word' id='word_1_658' title='bbox 558 4901 714 4952; x_wconf 88' lang='lat' dir='ltr'><strong>recte</strong></span> <span class='ocrx_word' id='word_1_659' title='bbox 745 4897 1144 4967; x_wconf 88' lang='lat' dir='ltr'><strong>ordinabitur,</strong></span> <span class='ocrx_word' id='word_1_660' title='bbox 1180 4899 1228 4955; x_wconf 90' lang='lat' dir='ltr'><strong>si</strong></span> <span class='ocrx_word' id='word_1_661' title='bbox 1261 4901 1360 4972; x_wconf 92' lang='lat' dir='ltr'><strong>qui</strong></span> <span class='ocrx_word' id='word_1_662' title='bbox 1417 4906 1626 4973; x_wconf 64' lang='lat' dir='ltr'><strong>praeest</strong></span> <span class='ocrx_word' id='word_1_663' title='bbox 1680 4917 1810 4957; x_wconf 90' lang='lat' dir='ltr'><strong>vere</strong></span> <span class='ocrx_word' id='word_1_664' title='bbox 1866 4917 2047 4973; x_wconf 87' lang='lat' dir='ltr'><strong>supra</strong></span> 
     </span>
    </p>
   </div>
   <div class='ocr_carea' id='block_1_69' title="bbox 398 4984 2048 5063">
    <p class='ocr_par' dir='ltr' id='par_1_69' title="bbox 398 4984 2048 5063">
     <span class='ocr_line' id='line_1_70' title="bbox 398 4984 2048 5063; baseline 0.004 -24"><span class='ocrx_word' id='word_1_665' title='bbox 398 4984 844 5041; x_wconf 90' lang='lat' dir='ltr'><strong>multitudinem</strong></span> <span class='ocrx_word' id='word_1_666' title='bbox 904 4987 1181 5044; x_wconf 89' lang='lat' dir='ltr'><strong>emineat.</strong></span> <span class='ocrx_word' id='word_1_667' title='bbox 1231 4989 1458 5045; x_wconf 88' lang='lat' dir='ltr'><strong>Fortior</strong></span> <span class='ocrx_word' id='word_1_668' title='bbox 1513 4989 1888 5063; x_wconf 89' lang='lat' dir='ltr'><strong>liberiorque,</strong></span> <span class='ocrx_word' id='word_1_669' title='bbox 1921 4994 2048 5046; x_wconf 89' lang='lat' dir='ltr'><strong>erat</strong></span> 
     </span>
    </p>
   </div>
   <div class='ocr_carea' id='block_1_70' title="bbox 397 5075 2044 5151">
    <p class='ocr_par' dir='ltr' id='par_1_70' title="bbox 397 5075 2044 5151">
     <span class='ocr_line' id='line_1_71' title="bbox 397 5075 2044 5151; baseline 0.004 -22"><span class='ocrx_word' id='word_1_670' title='bbox 397 5090 682 5130; x_wconf 67' lang='lat' dir='ltr'><strong>cecorum</strong></span> <span class='ocrx_word' id='word_1_671' title='bbox 715 5075 924 5144; x_wconf 87' lang='lat' dir='ltr'><strong>oratio,</strong></span> <span class='ocrx_word' id='word_1_672' title='bbox 951 5095 978 5130; x_wconf 75' lang='grc' dir='ltr'><strong>ι</strong></span> <span class='ocrx_word' id='word_1_673' title='bbox 1006 5081 1089 5134; x_wconf 89' lang='lat' dir='ltr'><strong>Ne</strong></span> <span class='ocrx_word' id='word_1_674' title='bbox 1120 5084 1356 5151; x_wconf 88' lang='lat' dir='ltr'><strong>propter</strong></span> <span class='ocrx_word' id='word_1_675' title='bbox 1375 5079 1738 5151; x_wconf 83' lang='lat' dir='ltr'><strong>puerulum»</strong></span> <span class='ocrx_word' id='word_1_676' title='bbox 1764 5079 2044 5136; x_wconf 85' lang='lat' dir='ltr'><strong>aientinm</strong></span> 
     </span>
    </p>
   </div>
   <div class='ocr_carea' id='block_1_71' title="bbox 398 5164 2040 5241">
    <p class='ocr_par' dir='ltr' id='par_1_71' title="bbox 398 5164 2040 5241">
     <span class='ocr_line' id='line_1_72' title="bbox 398 5164 2040 5241; baseline 0.005 -27"><span class='ocrx_word' id='word_1_677' title='bbox 398 5186 426 5214; x_wconf 85' lang='lat'>«</span> <span class='ocrx_word' id='word_1_678' title='bbox 463 5167 692 5219; x_wconf 89' lang='lat' dir='ltr'><strong>tantum</strong></span> <span class='ocrx_word' id='word_1_679' title='bbox 724 5164 1040 5237; x_wconf 89' lang='lat' dir='ltr'><strong>imperium</strong></span> <span class='ocrx_word' id='word_1_680' title='bbox 1095 5171 1296 5240; x_wconf 89' lang='lat' dir='ltr'><strong>totque</strong></span> <span class='ocrx_word' id='word_1_681' title='bbox 1337 5185 1432 5225; x_wconf 89' lang='lat' dir='ltr'><strong>res</strong></span> <span class='ocrx_word' id='word_1_682' title='bbox 1477 5168 1900 5241; x_wconf 88' lang='lat' dir='ltr'><strong>periclitentur.</strong></span> <span class='ocrx_word' id='word_1_683' title='bbox 1933 5168 2040 5226; x_wconf 91' lang='lat' dir='ltr'><strong>Sed</strong></span> 
     </span>
    </p>
   </div>
   <div class='ocr_carea' id='block_1_72' title="bbox 398 5252 2043 5329">
    <p class='ocr_par' dir='ltr' id='par_1_72' title="bbox 398 5252 2043 5329">
     <span class='ocr_line' id='line_1_73' title="bbox 398 5252 2043 5329; baseline 0.003 -21"><span class='ocrx_word' id='word_1_684' title='bbox 398 5252 848 5310; x_wconf 88' lang='lat' dir='ltr'><strong>constituendus</strong></span> <span class='ocrx_word' id='word_1_685' title='bbox 881 5255 938 5310; x_wconf 92' lang='lat' dir='ltr'><strong>in</strong></span> <span class='ocrx_word' id='word_1_686' title='bbox 965 5256 1086 5311; x_wconf 90' lang='lat' dir='ltr'><strong>veri</strong></span> <span class='ocrx_word' id='word_1_687' title='bbox 1120 5257 1367 5313; x_wconf 80' lang='lat' dir='ltr'><strong>formam</strong></span> <span class='ocrx_word' id='word_1_688' title='bbox 1403 5256 1634 5329; x_wconf 87' lang='lat' dir='ltr'><strong>imperii</strong></span> <span class='ocrx_word' id='word_1_689' title='bbox 1667 5271 1924 5327; x_wconf 65' lang='lat' dir='ltr'><strong>praesens</strong></span> <span class='ocrx_word' id='word_1_690' title='bbox 1955 5274 2043 5313; x_wconf 88' lang='lat' dir='ltr'><strong>re-</strong></span> 
     </span>
    </p>
   </div>
   <div class='ocr_carea' id='block_1_73' title="bbox 402 5343 2044 5417">
    <p class='ocr_par' dir='ltr' id='par_1_73' title="bbox 402 5343 2044 5417">
     <span class='ocr_line' id='line_1_74' title="bbox 402 5343 2044 5417; baseline 0.003 -20"><span class='ocrx_word' id='word_1_691' title='bbox 402 5359 532 5397; x_wconf 91' lang='lat' dir='ltr'><strong>rum</strong></span> <span class='ocrx_word' id='word_1_692' title='bbox 565 5347 775 5414; x_wconf 88' lang='lat' dir='ltr'><strong>status,</strong></span> <span class='ocrx_word' id='word_1_693' title='bbox 802 5345 852 5400; x_wconf 87' lang='lat' dir='ltr'><strong>si</strong></span> <span class='ocrx_word' id='word_1_694' title='bbox 875 5343 1017 5400; x_wconf 88' lang='lat' dir='ltr'><strong>salvi</strong></span> <span class='ocrx_word' id='word_1_695' title='bbox 1050 5361 1178 5402; x_wconf 89' lang='lat' dir='ltr'><strong>esse</strong></span> <span class='ocrx_word' id='word_1_696' title='bbox 1200 5345 1495 5402; x_wconf 90' lang='lat' dir='ltr'><strong>volumus.</strong></span> <span class='ocrx_word' id='word_1_697' title='bbox 1521 5350 1608 5400; x_wconf 86' lang='lat' dir='ltr'><strong>An</strong></span> <span class='ocrx_word' id='word_1_698' title='bbox 1630 5344 1959 5417; x_wconf 84' lang='lat' dir='ltr'><strong>ignoramus</strong></span> <span class='ocrx_word' id='word_1_699' title='bbox 1983 5346 2044 5402; x_wconf 90' lang='lat' dir='ltr'><strong>in</strong></span> 
     </span>
    </p>
   </div>
   <div class='ocr_carea' id='block_1_74' title="bbox 399 5433 2044 5506">
    <p class='ocr_par' dir='ltr' id='par_1_74' title="bbox 399 5433 2044 5506">
     <span class='ocr_line' id='line_1_75' title="bbox 399 5433 2044 5506; baseline 0.002 -19"><span class='ocrx_word' id='word_1_700' title='bbox 399 5436 683 5504; x_wconf 87' lang='lat' dir='ltr'><strong>quantam</strong></span> <span class='ocrx_word' id='word_1_701' title='bbox 718 5433 1123 5490; x_wconf 84' lang='lat' dir='ltr'><strong>infelicitatem</strong></span> <span class='ocrx_word' id='word_1_702' title='bbox 1156 5435 1484 5492; x_wconf 84' lang='lat' dir='ltr'><strong>Romanum</strong></span> <span class='ocrx_word' id='word_1_703' title='bbox 1538 5434 1849 5506; x_wconf 90' lang='lat' dir='ltr'><strong>imperium</strong></span> <span class='ocrx_word' id='word_1_704' title='bbox 1911 5452 2044 5505; x_wconf 87' lang='lat' dir='ltr'><strong>pro-</strong></span> 
     </span>
    </p>
   </div>
   <div class='ocr_carea' id='block_1_75' title="bbox 398 5522 2041 5596">
    <p class='ocr_par' dir='ltr' id='par_1_75' title="bbox 398 5522 2041 5596">
     <span class='ocr_line' id='line_1_76' title="bbox 398 5522 2041 5596; baseline 0.002 -20"><span class='ocrx_word' id='word_1_705' title='bbox 398 5522 631 5594; x_wconf 82' lang='lat' dir='ltr'><strong>lapsum</strong></span> <span class='ocrx_word' id='word_1_706' title='bbox 665 5523 760 5591; x_wconf 86' lang='lat' dir='ltr'><strong>sit,</strong></span> <span class='ocrx_word' id='word_1_707' title='bbox 795 5523 939 5580; x_wconf 91' lang='lat' dir='ltr'><strong>adeo</strong></span> <span class='ocrx_word' id='word_1_708' title='bbox 973 5531 1036 5580; x_wconf 88' lang='lat' dir='ltr'><strong>ut</strong></span> <span class='ocrx_word' id='word_1_709' title='bbox 1069 5525 1258 5596; x_wconf 88' lang='lat' dir='ltr'><strong>patria</strong></span> <span class='ocrx_word' id='word_1_710' title='bbox 1298 5526 1424 5596; x_wconf 90' lang='lat' dir='ltr'><strong>ipsa</strong></span> <span class='ocrx_word' id='word_1_711' title='bbox 1463 5522 1953 5579; x_wconf 81' lang='lat' dir='ltr'><strong>exterminaretur</strong></span> <span class='ocrx_word' id='word_1_712' title='bbox 1983 5528 2041 5579; x_wconf 87' lang='lat' dir='ltr'><strong>et</strong></span> 
     </span>
    </p>
   </div>
   <div class='ocr_carea' id='block_1_76' title="bbox 399 5611 2042 5687">
    <p class='ocr_par' dir='ltr' id='par_1_76' title="bbox 399 5611 2042 5687">
     <span class='ocr_line' id='line_1_77' title="bbox 399 5611 2042 5687; baseline 0.003 -22"><span class='ocrx_word' id='word_1_713' title='bbox 399 5626 595 5667; x_wconf 87' lang='lat' dir='ltr'><strong>rerum</strong></span> <span class='ocrx_word' id='word_1_714' title='bbox 629 5629 922 5670; x_wconf 87' lang='lat' dir='ltr'><strong>summam</strong></span> <span class='ocrx_word' id='word_1_715' title='bbox 947 5613 1214 5686; x_wconf 84' lang='lat' dir='ltr'><strong>perderet</strong></span> <span class='ocrx_word' id='word_1_716' title='bbox 1231 5614 1499 5687; x_wconf 84' lang='lat' dir='ltr'><strong>angustis</strong></span> <span class='ocrx_word' id='word_1_717' title='bbox 1523 5612 1762 5670; x_wconf 82' lang='lat' dir='ltr'><strong>ﬂinibus</strong></span> <span class='ocrx_word' id='word_1_718' title='bbox 1793 5611 2042 5670; x_wconf 85' lang='lat' dir='ltr'><strong>circum-</strong></span> 
     </span>
    </p>
   </div>
   <div class='ocr_carea' id='block_1_77' title="bbox 2154 3283 3740 3370">
    <p class='ocr_par' dir='ltr' id='par_1_77' title="bbox 2154 3283 3740 3370">
     <span class='ocr_line' id='line_1_78' title="bbox 2154 3283 3740 3370; baseline -0.008 -14"><span class='ocrx_word' id='word_1_719' title='bbox 2154 3301 2401 3356; x_wconf 90' lang='lat' dir='ltr'><strong>bonesta</strong></span> <span class='ocrx_word' id='word_1_720' title='bbox 2432 3315 2561 3355; x_wconf 91' lang='lat' dir='ltr'><strong>cum</strong></span> <span class='ocrx_word' id='word_1_721' title='bbox 2593 3299 2756 3354; x_wconf 90' lang='lat' dir='ltr'><strong>salus</strong></span> <span class='ocrx_word' id='word_1_722' title='bbox 2785 3297 2846 3353; x_wconf 92' lang='lat' dir='ltr'><strong>in</strong></span> <span class='ocrx_word' id='word_1_723' title='bbox 2869 3298 3012 3369; x_wconf 87' lang='lat' dir='ltr'><strong>jura</strong></span> <span class='ocrx_word' id='word_1_724' title='bbox 3043 3298 3162 3353; x_wconf 83' lang='lat' dir='ltr'><strong>ﬁde</strong></span> <span class='ocrx_word' id='word_1_725' title='bbox 3216 3292 3589 3370; x_wconf 89' lang='lat' dir='ltr'><strong>perstantium</strong></span> <span class='ocrx_word' id='word_1_726' title='bbox 3637 3283 3740 3338; x_wconf 79' lang='lat' dir='ltr'><strong>inde</strong></span> 
     </span>
    </p>
   </div>
   <div class='ocr_carea' id='block_1_78' title="bbox 2154 3370 3742 3468">
    <p class='ocr_par' dir='ltr' id='par_1_78' title="bbox 2154 3370 3742 3468">
     <span class='ocr_line' id='line_1_79' title="bbox 2154 3370 3742 3468; baseline -0.007 -24"><span class='ocrx_word' id='word_1_727' title='bbox 2154 3388 2554 3460; x_wconf 70' lang='lat' dir='ltr'><strong>consequitur</strong></span> <span class='ocrx_word' id='word_1_728' title='bbox 2605 3390 2677 3443; x_wconf 88' lang='lat' dir='ltr'><strong>At</strong></span> <span class='ocrx_word' id='word_1_729' title='bbox 2734 3388 2783 3442; x_wconf 89' lang='lat' dir='ltr'><strong>si</strong></span> <span class='ocrx_word' id='word_1_730' title='bbox 2841 3388 3072 3442; x_wconf 82' lang='lat' dir='ltr'><strong>fructus</strong></span> <span class='ocrx_word' id='word_1_731' title='bbox 3119 3387 3259 3442; x_wconf 82' lang='lat' dir='ltr'><strong>ﬁdei</strong></span> <span class='ocrx_word' id='word_1_732' title='bbox 3317 3383 3474 3440; x_wconf 88' lang='lat' dir='ltr'><strong>salus</strong></span> <span class='ocrx_word' id='word_1_733' title='bbox 3525 3370 3742 3468; x_wconf 49' lang='lat' dir='ltr'><strong>abfuerit!</strong></span> 
     </span>
    </p>
   </div>
   <div class='ocr_carea' id='block_1_79' title="bbox 2153 3463 3744 3545">
    <p class='ocr_par' dir='ltr' id='par_1_79' title="bbox 2153 3463 3744 3545">
     <span class='ocr_line' id='line_1_80' title="bbox 2153 3463 3744 3545; baseline -0.009 -12"><span class='ocrx_word' id='word_1_734' title='bbox 2153 3477 2336 3534; x_wconf 88' lang='lat' dir='ltr'><strong>stulta</strong></span> <span class='ocrx_word' id='word_1_735' title='bbox 2367 3478 2512 3533; x_wconf 83' lang='lat' dir='ltr'><strong>ﬁdes</strong></span> <span class='ocrx_word' id='word_1_736' title='bbox 2542 3482 2648 3533; x_wconf 90' lang='lat' dir='ltr'><strong>est.</strong></span> <span class='ocrx_word' id='word_1_737' title='bbox 2684 3475 2827 3540; x_wconf 86' lang='lat' dir='ltr'><strong>Quid</strong></span> <span class='ocrx_word' id='word_1_738' title='bbox 2861 3480 3060 3531; x_wconf 87' lang='lat' dir='ltr'><strong>autem</strong></span> <span class='ocrx_word' id='word_1_739' title='bbox 3094 3475 3330 3531; x_wconf 88' lang='lat' dir='ltr'><strong>nocebit</strong></span> <span class='ocrx_word' id='word_1_740' title='bbox 3359 3463 3744 3545; x_wconf 84' lang='lat' dir='ltr'><strong>principatui,si</strong></span> 
     </span>
    </p>
   </div>
   <div class='ocr_carea' id='block_1_80' title="bbox 2153 3549 3745 3640">
    <p class='ocr_par' dir='ltr' id='par_1_80' title="bbox 2153 3549 3745 3640">
     <span class='ocr_line' id='line_1_81' title="bbox 2153 3549 3745 3640; baseline -0.013 -18"><span class='ocrx_word' id='word_1_741' title='bbox 2153 3570 2282 3640; x_wconf 88' lang='lat' dir='ltr'><strong>ejus</strong></span> <span class='ocrx_word' id='word_1_742' title='bbox 2313 3566 2567 3622; x_wconf 90' lang='lat' dir='ltr'><strong>curatori</strong></span> <span class='ocrx_word' id='word_1_743' title='bbox 2601 3565 2913 3622; x_wconf 88' lang='lat' dir='ltr'><strong>accesserit</strong></span> <span class='ocrx_word' id='word_1_744' title='bbox 2942 3565 3208 3636; x_wconf 81' lang='lat' dir='ltr'><strong>dignitas</strong></span> <span class='ocrx_word' id='word_1_745' title='bbox 3229 3564 3257 3619; x_wconf 87' lang='lat'><strong>?</strong></span> <span class='ocrx_word' id='word_1_746' title='bbox 3281 3563 3426 3628; x_wconf 89' lang='lat' dir='ltr'><strong>Quin</strong></span> <span class='ocrx_word' id='word_1_747' title='bbox 3447 3558 3622 3632; x_wconf 84' lang='lat' dir='ltr'><strong>potius</strong></span> <span class='ocrx_word' id='word_1_748' title='bbox 3644 3549 3745 3607; x_wconf 85' lang='lat' dir='ltr'><strong>inde</strong></span> 
     </span>
    </p>
   </div>
   <div class='ocr_carea' id='block_1_81' title="bbox 2147 3640 3748 3726">
    <p class='ocr_par' dir='ltr' id='par_1_81' title="bbox 2147 3640 3748 3726">
     <span class='ocr_line' id='line_1_82' title="bbox 2147 3640 3748 3726; baseline -0.013 -15"><span class='ocrx_word' id='word_1_749' title='bbox 2147 3656 2452 3726; x_wconf 89' lang='lat' dir='ltr'><strong>juvabitur</strong></span> <span class='ocrx_word' id='word_1_750' title='bbox 2478 3654 2823 3726; x_wconf 90' lang='lat' dir='ltr'><strong>plurimum.</strong></span> <span class='ocrx_word' id='word_1_751' title='bbox 2856 3653 3105 3708; x_wconf 90' lang='lat' dir='ltr'><strong>Nomine</strong></span> <span class='ocrx_word' id='word_1_752' title='bbox 3138 3653 3363 3725; x_wconf 88' lang='lat' dir='ltr'><strong>quippe</strong></span> <span class='ocrx_word' id='word_1_753' title='bbox 3380 3640 3662 3705; x_wconf 88' lang='lat' dir='ltr'><strong>venerabili</strong></span> <span class='ocrx_word' id='word_1_754' title='bbox 3679 3655 3748 3692; x_wconf 83' lang='lat' dir='ltr'><strong>as-</strong></span> 
     </span>
    </p>
   </div>
   <div class='ocr_carea' id='block_1_82' title="bbox 2153 3729 3749 3816">
    <p class='ocr_par' dir='ltr' id='par_1_82' title="bbox 2153 3729 3749 3816">
     <span class='ocr_line' id='line_1_83' title="bbox 2153 3729 3749 3816; baseline -0.014 -14"><span class='ocrx_word' id='word_1_755' title='bbox 2153 3749 2392 3816; x_wconf 89' lang='lat' dir='ltr'><strong>sumpto</strong></span> <span class='ocrx_word' id='word_1_756' title='bbox 2406 3745 2533 3814; x_wconf 88' lang='lat' dir='ltr'><strong>ejus</strong></span> <span class='ocrx_word' id='word_1_757' title='bbox 2552 3743 2620 3798; x_wconf 89' lang='lat' dir='ltr'><strong>ad</strong></span> <span class='ocrx_word' id='word_1_758' title='bbox 2633 3742 2997 3798; x_wconf 86' lang='lat' dir='ltr'><strong>ministrator</strong></span> <span class='ocrx_word' id='word_1_759' title='bbox 3013 3743 3204 3813; x_wconf 90' lang='lat' dir='ltr'><strong>magis</strong></span> <span class='ocrx_word' id='word_1_760' title='bbox 3222 3729 3749 3804; x_wconf 82' lang='lat' dir='ltr'><strong>firmabitimperium</strong></span> 
     </span>
    </p>
   </div>
   <div class='ocr_carea' id='block_1_83' title="bbox 2155 3817 3754 3911">
    <p class='ocr_par' dir='ltr' id='par_1_83' title="bbox 2155 3817 3754 3911">
     <span class='ocr_line' id='line_1_84' title="bbox 2155 3817 3754 3911; baseline -0.011 -21"><span class='ocrx_word' id='word_1_761' title='bbox 2155 3833 2430 3908; x_wconf 86' lang='lat' dir='ltr'><strong>principi.</strong></span> <span class='ocrx_word' id='word_1_762' title='bbox 2461 3832 2555 3889; x_wconf 87' lang='lat' dir='ltr'><strong>Sic</strong></span> <span class='ocrx_word' id='word_1_763' title='bbox 2586 3831 2738 3888; x_wconf 89' lang='lat' dir='ltr'><strong>enim</strong></span> <span class='ocrx_word' id='word_1_764' title='bbox 2773 3831 3321 3903; x_wconf 87' lang='lat' dir='ltr'><strong>incomparabiliter</strong></span> <span class='ocrx_word' id='word_1_765' title='bbox 3371 3817 3754 3911; x_wconf 66' lang='lat' dir='ltr'><strong>convenientius</strong></span> 
     </span>
    </p>
   </div>
   <div class='ocr_carea' id='block_1_84' title="bbox 2155 3904 3750 3991">
    <p class='ocr_par' dir='ltr' id='par_1_84' title="bbox 2155 3904 3750 3991">
     <span class='ocr_line' id='line_1_85' title="bbox 2155 3904 3750 3991; baseline -0.009 -12"><span class='ocrx_word' id='word_1_766' title='bbox 2155 3904 2212 3980; x_wconf 81' lang='lat' dir='ltr'><strong>et</strong></span> <span class='ocrx_word' id='word_1_767' title='bbox 2241 3904 2532 3978; x_wconf 80' lang='lat' dir='ltr'><strong>efﬁcatius</strong></span> <span class='ocrx_word' id='word_1_768' title='bbox 2564 3920 2785 3991; x_wconf 86' lang='lat' dir='ltr'><strong>legatos</strong></span> <span class='ocrx_word' id='word_1_769' title='bbox 2817 3919 3038 3989; x_wconf 87' lang='lat' dir='ltr'><strong>audiet,</strong></span> <span class='ocrx_word' id='word_1_770' title='bbox 3073 3917 3357 3976; x_wconf 89' lang='lat' dir='ltr'><strong>tractabit</strong></span> <span class='ocrx_word' id='word_1_771' title='bbox 3385 3931 3514 3972; x_wconf 90' lang='lat' dir='ltr'><strong>cum</strong></span> <span class='ocrx_word' id='word_1_772' title='bbox 3545 3904 3750 3984; x_wconf 67' lang='lat' dir='ltr'><strong>populis.</strong></span> 
     </span>
    </p>
   </div>
   <div class='ocr_carea' id='block_1_85' title="bbox 2157 3993 3755 4081">
    <p class='ocr_par' dir='ltr' id='par_1_85' title="bbox 2157 3993 3755 4081">
     <span class='ocr_line' id='line_1_86' title="bbox 2157 3993 3755 4081; baseline -0.012 -12"><span class='ocrx_word' id='word_1_773' title='bbox 2157 4012 2448 4069; x_wconf 88' lang='lat' dir='ltr'><strong>militibus</strong></span> <span class='ocrx_word' id='word_1_774' title='bbox 2479 4025 2546 4066; x_wconf 92' lang='lat' dir='ltr'><strong>ac</strong></span> <span class='ocrx_word' id='word_1_775' title='bbox 2598 4011 2694 4066; x_wconf 76' lang='grc'><strong>74</strong></span> <span class='ocrx_word' id='word_1_776' title='bbox 2728 4009 3177 4080; x_wconf 83' lang='lat' dir='ltr'><strong>magistratibus</strong></span> <span class='ocrx_word' id='word_1_777' title='bbox 3213 4005 3535 4081; x_wconf 82' lang='lat' dir='ltr'><strong>prescribet</strong></span> <span class='ocrx_word' id='word_1_778' title='bbox 3579 3993 3708 4070; x_wconf 84' lang='lat' dir='ltr'><strong>quod</strong></span> <span class='ocrx_word' id='word_1_779' title='bbox 3731 4005 3755 4045; x_wconf 74' lang='grc' dir='ltr'><strong>θ</strong></span> 
     </span>
    </p>
   </div>
   <div class='ocr_carea' id='block_1_86' title="bbox 2157 4093 3755 4170">
    <p class='ocr_par' dir='ltr' id='par_1_86' title="bbox 2157 4093 3755 4170">
     <span class='ocr_line' id='line_1_87' title="bbox 2157 4093 3755 4170; baseline -0.014 -12"><span class='ocrx_word' id='word_1_780' title='bbox 2157 4118 2220 4159; x_wconf 90' lang='lat' dir='ltr'><strong>re</strong></span> <span class='ocrx_word' id='word_1_781' title='bbox 2251 4100 2449 4170; x_wconf 82' lang='lat' dir='ltr'><strong>fuerit,</strong></span> <span class='ocrx_word' id='word_1_782' title='bbox 2483 4097 2629 4155; x_wconf 89' lang='lat' dir='ltr'><strong>nihil</strong></span> <span class='ocrx_word' id='word_1_783' title='bbox 2651 4115 2764 4155; x_wconf 92' lang='lat' dir='ltr'><strong>non</strong></span> <span class='ocrx_word' id='word_1_784' title='bbox 2788 4097 3043 4170; x_wconf 89' lang='lat' dir='ltr'><strong>denique</strong></span> <span class='ocrx_word' id='word_1_785' title='bbox 3066 4103 3226 4154; x_wconf 91' lang='lat' dir='ltr'><strong>recte</strong></span> <span class='ocrx_word' id='word_1_786' title='bbox 3247 4093 3580 4156; x_wconf 86' lang='lat' dir='ltr'><strong>constituet,</strong></span> <span class='ocrx_word' id='word_1_787' title='bbox 3596 4097 3755 4140; x_wconf 87' lang='lat' dir='ltr'><strong>veren-</strong></span> 
     </span>
    </p>
   </div>
   <div class='ocr_carea' id='block_1_87' title="bbox 2156 4176 3754 4262">
    <p class='ocr_par' dir='ltr' id='par_1_87' title="bbox 2156 4176 3754 4262">
     <span class='ocr_line' id='line_1_88' title="bbox 2156 4176 3754 4262; baseline -0.011 -15"><span class='ocrx_word' id='word_1_788' title='bbox 2156 4191 2316 4247; x_wconf 90' lang='lat' dir='ltr'><strong>tibus</strong></span> <span class='ocrx_word' id='word_1_789' title='bbox 2346 4188 2694 4262; x_wconf 89' lang='lat' dir='ltr'><strong>dignitatem</strong></span> <span class='ocrx_word' id='word_1_790' title='bbox 2727 4187 2974 4243; x_wconf 86' lang='lat' dir='ltr'><strong>cunctis.</strong></span> <span class='ocrx_word' id='word_1_791' title='bbox 3009 4186 3070 4242; x_wconf 91' lang='lat' dir='ltr'><strong>Si</strong></span> <span class='ocrx_word' id='word_1_792' title='bbox 3105 4203 3244 4242; x_wconf 88' lang='lat' dir='ltr'><strong>vero</strong></span> <span class='ocrx_word' id='word_1_793' title='bbox 3262 4184 3399 4258; x_wconf 90' lang='lat' dir='ltr'><strong>quis</strong></span> <span class='ocrx_word' id='word_1_794' title='bbox 3417 4177 3587 4240; x_wconf 89' lang='lat' dir='ltr'><strong>simul</strong></span> <span class='ocrx_word' id='word_1_795' title='bbox 3605 4176 3754 4243; x_wconf 84' lang='lat' dir='ltr'><strong>impe-</strong></span> 
     </span>
    </p>
   </div>
   <div class='ocr_carea' id='block_1_88' title="bbox 2158 4266 3764 4352">
    <p class='ocr_par' dir='ltr' id='par_1_88' title="bbox 2158 4266 3764 4352">
     <span class='ocr_line' id='line_1_89' title="bbox 2158 4266 3764 4352; baseline -0.011 -17"><span class='ocrx_word' id='word_1_796' title='bbox 2158 4283 2264 4346; x_wconf 89' lang='lat' dir='ltr'><strong>ret,</strong></span> <span class='ocrx_word' id='word_1_797' title='bbox 2300 4277 2473 4334; x_wconf 91' lang='lat' dir='ltr'><strong>simul</strong></span> <span class='ocrx_word' id='word_1_798' title='bbox 2509 4277 2564 4332; x_wconf 89' lang='lat' dir='ltr'><strong>in</strong></span> <span class='ocrx_word' id='word_1_799' title='bbox 2583 4276 2731 4348; x_wconf 90' lang='lat' dir='ltr'><strong>patri</strong></span> <span class='ocrx_word' id='word_1_800' title='bbox 2745 4293 2878 4332; x_wconf 91' lang='lat' dir='ltr'><strong>cum</strong></span> <span class='ocrx_word' id='word_1_801' title='bbox 2894 4275 3155 4332; x_wconf 87' lang='lat' dir='ltr'><strong>subditis</strong></span> <span class='ocrx_word' id='word_1_802' title='bbox 3169 4274 3461 4331; x_wconf 88' lang='lat' dir='ltr'><strong>consistat</strong></span> <span class='ocrx_word' id='word_1_803' title='bbox 3480 4266 3764 4352; x_wconf 42' lang='lat' dir='ltr'><strong>gradu,_n&amp;f</strong></span> 
     </span>
    </p>
   </div>
   <div class='ocr_carea' id='block_1_89' title="bbox 2158 4349 3769 4437">
    <p class='ocr_par' dir='ltr' id='par_1_89' title="bbox 2158 4349 3769 4437">
     <span class='ocr_line' id='line_1_90' title="bbox 2158 4349 3769 4437; baseline -0.014 -15"><span class='ocrx_word' id='word_1_804' title='bbox 2158 4367 2208 4424; x_wconf 89' lang='lat' dir='ltr'><strong>is</strong></span> <span class='ocrx_word' id='word_1_805' title='bbox 2240 4367 2397 4423; x_wconf 90' lang='lat' dir='ltr'><strong>baud</strong></span> <span class='ocrx_word' id='word_1_806' title='bbox 2432 4370 2782 4437; x_wconf 90' lang='lat' dir='ltr'><strong>assequetur</strong></span> <span class='ocrx_word' id='word_1_807' title='bbox 2811 4364 2980 4420; x_wconf 82' lang='lat' dir='ltr'><strong>facile</strong></span> <span class='ocrx_word' id='word_1_808' title='bbox 3011 4367 3076 4420; x_wconf 92' lang='lat' dir='ltr'><strong>ut</strong></span> <span class='ocrx_word' id='word_1_809' title='bbox 3107 4364 3429 4420; x_wconf 88' lang='lat' dir='ltr'><strong>mandetur</strong></span> <span class='ocrx_word' id='word_1_810' title='bbox 3459 4349 3769 4416; x_wconf 84' lang='lat' dir='ltr'><strong>exsecutioni</strong></span> 
     </span>
    </p>
   </div>
   <div class='ocr_carea' id='block_1_90' title="bbox 2157 4440 3770 4528">
    <p class='ocr_par' dir='ltr' id='par_1_90' title="bbox 2157 4440 3770 4528">
     <span class='ocr_line' id='line_1_91' title="bbox 2157 4440 3770 4528; baseline -0.015 -13"><span class='ocrx_word' id='word_1_811' title='bbox 2157 4455 2570 4528; x_wconf 87' lang='lat' dir='ltr'><strong>quodjusserit</strong></span> <span class='ocrx_word' id='word_1_812' title='bbox 2592 4453 2836 4526; x_wconf 87' lang='lat' dir='ltr'><strong>;quippe</strong></span> <span class='ocrx_word' id='word_1_813' title='bbox 2861 4454 3034 4524; x_wconf 88' lang='lat' dir='ltr'><strong>cujus</strong></span> <span class='ocrx_word' id='word_1_814' title='bbox 3053 4469 3272 4508; x_wconf 90' lang='lat' dir='ltr'><strong>manus</strong></span> <span class='ocrx_word' id='word_1_815' title='bbox 3293 4444 3598 4524; x_wconf 88' lang='lat' dir='ltr'><strong>principali</strong></span> <span class='ocrx_word' id='word_1_816' title='bbox 3615 4440 3770 4497; x_wconf 84' lang='lat' dir='ltr'><strong>aucto-</strong></span> 
     </span>
    </p>
   </div>
   <div class='ocr_carea' id='block_1_91' title="bbox 2157 4532 3766 4612">
    <p class='ocr_par' dir='ltr' id='par_1_91' title="bbox 2157 4532 3766 4612">
     <span class='ocr_line' id='line_1_92' title="bbox 2157 4532 3766 4612; baseline -0.014 -14"><span class='ocrx_word' id='word_1_817' title='bbox 2157 4542 2326 4599; x_wconf 91' lang='lat' dir='ltr'><strong>ritate</strong></span> <span class='ocrx_word' id='word_1_818' title='bbox 2359 4542 2518 4597; x_wconf 89' lang='lat' dir='ltr'><strong>nuda</strong></span> <span class='ocrx_word' id='word_1_819' title='bbox 2548 4545 2604 4596; x_wconf 93' lang='lat' dir='ltr'><strong>et</strong></span> <span class='ocrx_word' id='word_1_820' title='bbox 2634 4538 3072 4612; x_wconf 90' lang='lat' dir='ltr'><strong>quodammodo</strong></span> <span class='ocrx_word' id='word_1_821' title='bbox 3094 4532 3642 4594; x_wconf 87' lang='lat' dir='ltr'><strong>inermisvindicare</strong></span> <span class='ocrx_word' id='word_1_822' title='bbox 3661 4536 3766 4580; x_wconf 86' lang='lat' dir='ltr'><strong>con-</strong></span> 
     </span>
    </p>
   </div>
   <div class='ocr_carea' id='block_1_92' title="bbox 2158 4618 3772 4700">
    <p class='ocr_par' dir='ltr' id='par_1_92' title="bbox 2158 4618 3772 4700">
     <span class='ocr_line' id='line_1_93' title="bbox 2158 4618 3772 4700; baseline -0.01 -12"><span class='ocrx_word' id='word_1_823' title='bbox 2158 4632 2474 4688; x_wconf 89' lang='lat' dir='ltr'><strong>tumaciam</strong></span> <span class='ocrx_word' id='word_1_824' title='bbox 2493 4629 2773 4685; x_wconf 89' lang='lat' dir='ltr'><strong>mandata</strong></span> <span class='ocrx_word' id='word_1_825' title='bbox 2799 4627 3206 4700; x_wconf 88' lang='lat' dir='ltr'><strong>spernentium</strong></span> <span class='ocrx_word' id='word_1_826' title='bbox 3249 4618 3772 4696; x_wconf 80' lang='lat' dir='ltr'><strong>nequeat.Miremul&#39;</strong></span> 
     </span>
    </p>
   </div>
   <div class='ocr_carea' id='block_1_93' title="bbox 2154 4704 3768 4795">
    <p class='ocr_par' dir='ltr' id='par_1_93' title="bbox 2154 4704 3768 4795">
     <span class='ocr_line' id='line_1_94' title="bbox 2154 4704 3768 4795; baseline -0.014 -18"><span class='ocrx_word' id='word_1_827' title='bbox 2154 4725 2350 4778; x_wconf 87' lang='lat' dir='ltr'><strong>autem</strong></span> <span class='ocrx_word' id='word_1_828' title='bbox 2383 4719 2430 4776; x_wconf 90' lang='lat' dir='ltr'><strong>si</strong></span> <span class='ocrx_word' id='word_1_829' title='bbox 2460 4719 2594 4790; x_wconf 90' lang='lat' dir='ltr'><strong>quis</strong></span> <span class='ocrx_word' id='word_1_830' title='bbox 2643 4717 2967 4789; x_wconf 87' lang='lat' dir='ltr'><strong>speraverit</strong></span> <span class='ocrx_word' id='word_1_831' title='bbox 3016 4717 3351 4773; x_wconf 85' lang='lat' dir='ltr'><strong>Romanam</strong></span> <span class='ocrx_word' id='word_1_832' title='bbox 3385 4704 3768 4795; x_wconf 72' lang='lat' dir='ltr'><strong>rempublicam</strong></span> 
     </span>
    </p>
   </div>
   <div class='ocr_carea' id='block_1_94' title="bbox 2154 4803 3768 4880">
    <p class='ocr_par' dir='ltr' id='par_1_94' title="bbox 2154 4803 3768 4880">
     <span class='ocr_line' id='line_1_95' title="bbox 2154 4803 3768 4880; baseline -0.004 -15"><span class='ocrx_word' id='word_1_833' title='bbox 2154 4809 2269 4866; x_wconf 89' lang='lat' dir='ltr'><strong>alio</strong></span> <span class='ocrx_word' id='word_1_834' title='bbox 2297 4825 2470 4880; x_wconf 91' lang='lat' dir='ltr'><strong>quam</strong></span> <span class='ocrx_word' id='word_1_835' title='bbox 2506 4807 2878 4864; x_wconf 88' lang='lat' dir='ltr'><strong>monarcbico</strong></span> <span class='ocrx_word' id='word_1_836' title='bbox 2911 4805 3366 4877; x_wconf 89' lang='lat' dir='ltr'><strong>gubernationis</strong></span> <span class='ocrx_word' id='word_1_837' title='bbox 3421 4812 3625 4875; x_wconf 85' lang='lat' dir='ltr'><strong>genere</strong></span> <span class='ocrx_word' id='word_1_838' title='bbox 3673 4803 3768 4859; x_wconf 74' lang='lat' dir='ltr'><strong>regl</strong></span> 
     </span>
    </p>
   </div>
   <div class='ocr_carea' id='block_1_95' title="bbox 2154 4883 3771 4975">
    <p class='ocr_par' dir='ltr' id='par_1_95' title="bbox 2154 4883 3771 4975">
     <span class='ocr_line' id='line_1_96' title="bbox 2154 4883 3771 4975; baseline -0.011 -21"><span class='ocrx_word' id='word_1_839' title='bbox 2154 4914 2346 4970; x_wconf 85' lang='lat' dir='ltr'><strong>posse.</strong></span> <span class='ocrx_word' id='word_1_840' title='bbox 2382 4896 2563 4967; x_wconf 83' lang='lat' dir='ltr'><strong>Igitur</strong></span> <span class='ocrx_word' id='word_1_841' title='bbox 2593 4901 2728 4952; x_wconf 90' lang='lat' dir='ltr'><strong>ante</strong></span> <span class='ocrx_word' id='word_1_842' title='bbox 2755 4894 2954 4952; x_wconf 88' lang='lat' dir='ltr'><strong>omnia</strong></span> <span class='ocrx_word' id='word_1_843' title='bbox 2986 4911 3095 4951; x_wconf 88' lang='lat' dir='ltr'><strong>sua</strong></span> <span class='ocrx_word' id='word_1_844' title='bbox 3133 4910 3381 4950; x_wconf 88' lang='lat' dir='ltr'><strong>summa</strong></span> <span class='ocrx_word' id='word_1_845' title='bbox 3437 4883 3771 4975; x_wconf 59' lang='lat' dir='ltr'><strong>conservetur</strong></span> 
     </span>
    </p>
   </div>
   <div class='ocr_carea' id='block_1_96' title="bbox 2153 4971 3773 5061">
    <p class='ocr_par' dir='ltr' id='par_1_96' title="bbox 2153 4971 3773 5061">
     <span class='ocr_line' id='line_1_97' title="bbox 2153 4971 3773 5061; baseline -0.007 -18"><span class='ocrx_word' id='word_1_846' title='bbox 2153 4986 2475 5043; x_wconf 90' lang='lat' dir='ltr'><strong>auctoritas</strong></span> <span class='ocrx_word' id='word_1_847' title='bbox 2507 4984 2882 5051; x_wconf 76' lang='lat' dir='ltr'><strong>monarcbiaa,</strong></span> <span class='ocrx_word' id='word_1_848' title='bbox 2913 4983 3021 5040; x_wconf 89' lang='lat' dir='ltr'><strong>etsi</strong></span> <span class='ocrx_word' id='word_1_849' title='bbox 3055 4983 3154 5056; x_wconf 91' lang='lat' dir='ltr'><strong>qui</strong></span> <span class='ocrx_word' id='word_1_850' title='bbox 3187 4998 3322 5038; x_wconf 87' lang='lat' dir='ltr'><strong>eam</strong></span> <span class='ocrx_word' id='word_1_851' title='bbox 3355 4977 3587 5036; x_wconf 87' lang='lat' dir='ltr'><strong>interim</strong></span> <span class='ocrx_word' id='word_1_852' title='bbox 3615 4971 3773 5061; x_wconf 52' lang='lat' dir='ltr'><strong>adtul:</strong></span> 
     </span>
    </p>
   </div>
   <div class='ocr_carea' id='block_1_97' title="bbox 2153 5053 3774 5154">
    <p class='ocr_par' dir='ltr' id='par_1_97' title="bbox 2153 5053 3774 5154">
     <span class='ocr_line' id='line_1_98' title="bbox 2153 5053 3774 5154; baseline -0.013 -22"><span class='ocrx_word' id='word_1_853' title='bbox 2153 5075 2551 5132; x_wconf 89' lang='lat' dir='ltr'><strong>nistrathomo</strong></span> <span class='ocrx_word' id='word_1_854' title='bbox 2567 5073 2831 5146; x_wconf 87' lang='lat' dir='ltr'><strong>privatus</strong></span> <span class='ocrx_word' id='word_1_855' title='bbox 2848 5073 2958 5128; x_wconf 88' lang='lat' dir='ltr'><strong>sit:</strong></span> <span class='ocrx_word' id='word_1_856' title='bbox 2994 5053 3094 5128; x_wconf 80' lang='lat' dir='ltr'><strong>illo</strong></span> <span class='ocrx_word' id='word_1_857' title='bbox 3127 5071 3289 5127; x_wconf 91' lang='lat' dir='ltr'><strong>enim</strong></span> <span class='ocrx_word' id='word_1_858' title='bbox 3325 5071 3471 5125; x_wconf 92' lang='lat' dir='ltr'><strong>dum</strong></span> <span class='ocrx_word' id='word_1_859' title='bbox 3506 5053 3774 5154; x_wconf 64' lang='lat' dir='ltr'><strong>principali</strong></span> 
     </span>
    </p>
   </div>
   <div class='ocr_carea' id='block_1_98' title="bbox 2151 5145 3780 5238">
    <p class='ocr_par' dir='ltr' id='par_1_98' title="bbox 2151 5145 3780 5238">
     <span class='ocr_line' id='line_1_99' title="bbox 2151 5145 3780 5238; baseline -0.015 -15"><span class='ocrx_word' id='word_1_860' title='bbox 2151 5165 2420 5238; x_wconf 85' lang='lat' dir='ltr'><strong>fungitur</strong></span> <span class='ocrx_word' id='word_1_861' title='bbox 2466 5145 2731 5232; x_wconf 87' lang='lat' dir='ltr'><strong>munere,</strong></span> <span class='ocrx_word' id='word_1_862' title='bbox 2776 5162 3189 5217; x_wconf 90' lang='lat' dir='ltr'><strong>convenienter</strong></span> <span class='ocrx_word' id='word_1_863' title='bbox 3257 5162 3498 5227; x_wconf 86' lang='lat' dir='ltr'><strong>ornato,</strong></span> <span class='ocrx_word' id='word_1_864' title='bbox 3555 5145 3780 5238; x_wconf 85' lang='lat' dir='ltr'><strong>manebit</strong></span> 
     </span>
    </p>
   </div>
   <div class='ocr_carea' id='block_1_99' title="bbox 2152 5237 3768 5326">
    <p class='ocr_par' dir='ltr' id='par_1_99' title="bbox 2152 5237 3768 5326">
     <span class='ocr_line' id='line_1_100' title="bbox 2152 5237 3768 5326; baseline -0.012 -16"><span class='ocrx_word' id='word_1_865' title='bbox 2152 5256 2314 5326; x_wconf 89' lang='lat' dir='ltr'><strong>regni</strong></span> <span class='ocrx_word' id='word_1_866' title='bbox 2347 5256 2628 5309; x_wconf 84' lang='lat' dir='ltr'><strong>consueta</strong></span> <span class='ocrx_word' id='word_1_867' title='bbox 2685 5267 2794 5307; x_wconf 89' lang='lat' dir='ltr'><strong>sua</strong></span> <span class='ocrx_word' id='word_1_868' title='bbox 2825 5250 3072 5323; x_wconf 88' lang='lat' dir='ltr'><strong>species.</strong></span> <span class='ocrx_word' id='word_1_869' title='bbox 3126 5247 3398 5319; x_wconf 87' lang='lat' dir='ltr'><strong>Populus</strong></span> <span class='ocrx_word' id='word_1_870' title='bbox 3430 5247 3624 5301; x_wconf 90' lang='lat' dir='ltr'><strong>autem</strong></span> <span class='ocrx_word' id='word_1_871' title='bbox 3652 5237 3768 5292; x_wconf 89' lang='lat' dir='ltr'><strong>obe-</strong></span> 
     </span>
    </p>
   </div>
   <div class='ocr_carea' id='block_1_100' title="bbox 2150 5326 3770 5414">
    <p class='ocr_par' dir='ltr' id='par_1_100' title="bbox 2150 5326 3770 5414">
     <span class='ocr_line' id='line_1_101' title="bbox 2150 5326 3770 5414; baseline -0.015 -14"><span class='ocrx_word' id='word_1_872' title='bbox 2150 5345 2381 5400; x_wconf 90' lang='lat' dir='ltr'><strong>dienter</strong></span> <span class='ocrx_word' id='word_1_873' title='bbox 2411 5340 2658 5414; x_wconf 88' lang='lat' dir='ltr'><strong>parebit,</strong></span> <span class='ocrx_word' id='word_1_874' title='bbox 2694 5339 2792 5396; x_wconf 89' lang='lat' dir='ltr'><strong>uni</strong></span> <span class='ocrx_word' id='word_1_875' title='bbox 2827 5339 3074 5411; x_wconf 88' lang='lat' dir='ltr'><strong>obsequi</strong></span> <span class='ocrx_word' id='word_1_876' title='bbox 3106 5337 3346 5404; x_wconf 89' lang='lat' dir='ltr'><strong>solitus,</strong></span> <span class='ocrx_word' id='word_1_877' title='bbox 3381 5350 3502 5391; x_wconf 91' lang='lat' dir='ltr'><strong>uno</strong></span> <span class='ocrx_word' id='word_1_878' title='bbox 3535 5326 3770 5404; x_wconf 72' lang='lat' dir='ltr'><strong>praefecto</strong></span> 
     </span>
    </p>
   </div>
   <div class='ocr_carea' id='block_1_101' title="bbox 2152 5418 3778 5502">
    <p class='ocr_par' dir='ltr' id='par_1_101' title="bbox 2152 5418 3778 5502">
     <span class='ocr_line' id='line_1_102' title="bbox 2152 5418 3778 5502; baseline -0.014 -13"><span class='ocrx_word' id='word_1_879' title='bbox 2152 5435 2393 5502; x_wconf 68' lang='lat' dir='ltr'><strong>caeteris,</strong></span> <span class='ocrx_word' id='word_1_880' title='bbox 2426 5429 2527 5502; x_wconf 91' lang='lat' dir='ltr'><strong>qui</strong></span> <span class='ocrx_word' id='word_1_881' title='bbox 2553 5429 2732 5486; x_wconf 91' lang='lat' dir='ltr'><strong>simul</strong></span> <span class='ocrx_word' id='word_1_882' title='bbox 2765 5433 3052 5502; x_wconf 87' lang='lat' dir='ltr'><strong>potestate</strong></span> <span class='ocrx_word' id='word_1_883' title='bbox 3083 5425 3423 5500; x_wconf 75' lang='lat' dir='ltr'><strong>praevaleat,</strong></span> <span class='ocrx_word' id='word_1_884' title='bbox 3458 5418 3630 5480; x_wconf 90' lang='lat' dir='ltr'><strong>simul</strong></span> <span class='ocrx_word' id='word_1_885' title='bbox 3661 5428 3778 5487; x_wconf 62' lang='lat' dir='ltr'><strong>pra:-</strong></span> 
     </span>
    </p>
   </div>
   <div class='ocr_carea' id='block_1_102' title="bbox 2152 5506 3779 5592">
    <p class='ocr_par' dir='ltr' id='par_1_102' title="bbox 2152 5506 3779 5592">
     <span class='ocr_line' id='line_1_103' title="bbox 2152 5506 3779 5592; baseline -0.015 -14"><span class='ocrx_word' id='word_1_886' title='bbox 2152 5523 2323 5580; x_wconf 82' lang='lat' dir='ltr'><strong>cellat</strong></span> <span class='ocrx_word' id='word_1_887' title='bbox 2353 5520 2658 5592; x_wconf 85' lang='lat' dir='ltr'><strong>dignitate.</strong></span> <span class='ocrx_word' id='word_1_888' title='bbox 2692 5519 2800 5585; x_wconf 86' lang='lat' dir='ltr'><strong>Qui</strong></span> <span class='ocrx_word' id='word_1_889' title='bbox 2832 5519 3070 5590; x_wconf 88' lang='lat' dir='ltr'><strong>quidem</strong></span> <span class='ocrx_word' id='word_1_890' title='bbox 3102 5534 3167 5573; x_wconf 89' lang='lat' dir='ltr'><strong>eo</strong></span> <span class='ocrx_word' id='word_1_891' title='bbox 3198 5515 3361 5588; x_wconf 88' lang='lat' dir='ltr'><strong>quod</strong></span> <span class='ocrx_word' id='word_1_892' title='bbox 3398 5527 3552 5569; x_wconf 88' lang='lat' dir='ltr'><strong>unus</strong></span> <span class='ocrx_word' id='word_1_893' title='bbox 3583 5506 3654 5563; x_wconf 91' lang='lat' dir='ltr'><strong>sit</strong></span> <span class='ocrx_word' id='word_1_894' title='bbox 3680 5515 3779 5558; x_wconf 91' lang='lat' dir='ltr'><strong>mo-</strong></span> 
     </span>
    </p>
   </div>
   <div class='ocr_carea' id='block_1_103' title="bbox 2152 5595 3786 5683">
    <p class='ocr_par' dir='ltr' id='par_1_103' title="bbox 2152 5595 3786 5683">
     <span class='ocr_line' id='line_1_104' title="bbox 2152 5595 3786 5683; baseline -0.006 -15"><span class='ocrx_word' id='word_1_895' title='bbox 2152 5611 2403 5670; x_wconf 72' lang='lat' dir='ltr'><strong>narchize</strong></span> <span class='ocrx_word' id='word_1_896' title='bbox 2435 5609 2754 5683; x_wconf 88' lang='lat' dir='ltr'><strong>imaginem</strong></span> <span class='ocrx_word' id='word_1_897' title='bbox 2788 5609 3018 5681; x_wconf 64' lang='lat' dir='ltr'><strong>praefert</strong></span> <span class='ocrx_word' id='word_1_898' title='bbox 3045 5605 3231 5678; x_wconf 91' lang='lat' dir='ltr'><strong>:quod</strong></span> <span class='ocrx_word' id='word_1_899' title='bbox 3253 5607 3464 5662; x_wconf 88' lang='lat' dir='ltr'><strong>autem</strong></span> <span class='ocrx_word' id='word_1_900' title='bbox 3486 5617 3554 5658; x_wconf 83' lang='lat' dir='ltr'><strong>ex</strong></span> <span class='ocrx_word' id='word_1_901' title='bbox 3581 5595 3786 5671; x_wconf 58' lang='lat' dir='ltr'><strong>primne</strong></span> 
     </span>
    </p>
   </div>
  </div>
