3944 6202
198 336 301 392 513

1210 386 1213 389 η
1272 343 1370 396 DE
1408 341 1779 396 MICHAELE
1816 340 2264 398 PALEOLOGO
2300 342 2433 397 LIB.
2476 344 2523 397 Ι.

3502 354 3610 410 514

200 462 728 556 Θὸνμοναρχεῖσρῌαι,
778 461 926 536 ἄρξει
958 457 1003 556 δ’
1192 467 1301 518 τῶν
1351 463 1563 556 λοιπῶν
1618 462 1842 556 δυνάμει
1873 472 1922 538 Α
1954 462 2265 556 κᾼονομᾷτου
2314 469 2642 556 κα-τηντήκει
2694 468 2829 523 κατὰ
2877 470 2976 539 τὴν
3035 472 3197 530 πόλιν
3230 475 3283 537 ἐς
3342 475 3611 556 ὓστερον),

198 548 446 625 προῦχων
476 552 568 603 καί
601 550 895 621 ἀξιώματι,
955 552 1028 613 ὡς
1089 551 1147 607 ἄν
1204 558 1285 625 τῷ
1343 554 1436 627 μὶν
1500 556 1573 618 εἷς
1602 554 1735 609 εἶναι
1782 554 1846 609 τὸ

202 636 461 714 μόναρχον
504 638 856 712 εἷκονίζοιτο,
916 639 995 713 τῷ
1054 638 1111 696 δὲ
1170 641 1260 697 σὺν
1319 641 1558 705 πολλοῖς
1589 645 1843 718 πράττειν

198 727 464 783 ἀδυνατεῖν
513 726 839 783 κινδυνεύων
889 734 984 783 τοῦ
1034 733 1309 807 μονήρους
1345 734 1507 808 χάριν
1540 733 1714 804 νικῴη
1768 737 1846 804 τῷ

197 818 475 890 ἀξιώματι.
536 817 727 880 Οὕτως
789 817 931 873 ἐστὶν
975 818 1273 895 ἐπάναγκες
1311 821 1401 875 τὸν
1456 820 1846 897 ἐκλελεγμένον

197 913 265 975 εἷς
330 911 682 987 ἐπιτροπείαν
755 916 836 983 τῷ
917 912 1131 987 βασιλεῖ
1201 912 1340 988 μέγα
1396 910 1574 992 φέρειν
1626 914 1718 969 καὶ
1782 914 1845 967 τὸ

196 1000 413 1071 ἆξῖωμα.
482 999 591 1056 Κᾶν
651 1001 679 1054 6
709 1000 937 1076 ταχθεὶς
966 1001 1015 1071 ἐξ
1046 1002 1207 1073 ἡμῶν
1234 1000 1343 1072 εἴη,
1376 1004 1525 1075 αὐτῷ
1554 1002 1845 1077 προσέσται

194 1089 270 1143 καὶ
297 1093 487 1144 τοῦτο.
518 1088 581 1145 Ei
639 1086 685 1143 δ’
718 1089 840 1156 οὖν,
872 1087 997 1144 ἀλλ’
1028 1088 1197 1152 ἄλλος
1230 1090 1517 1163 ζητεῖσθω,
1579 1093 1661 1146 ὅτι
1715 1090 1843 1164 μηδ’

193 1178 340 1239 αὐτὸς
422 1175 639 1240 ἀκλεῶς
711 1179 809 1240 τὰς
871 1178 955 1233 ἐπὶ
1012 1178 1194 1252 τούτῳ
1247 1178 1539 1258 φροντίδας
1594 1180 1844 1257 εὐμαρῶς

196 1268 506 1342 ὑπέρχεται.
570 1267 673 1321 Κᾶν
734 1266 941 1329 ἐκεῖνος
987 1270 1075 1323 καὶ
1129 1268 1260 1344 δίχα
1294 1271 1647 1343 σεμνώματος
1677 1290 1845 1325 κατα-

193 1355 406 1431 δεχοιτο
468 1356 569 1424 τὴν
630 1357 718 1411 ἐπὶ
778 1362 897 1419 τοῖς
949 1358 1225 1432 πράγμασι
1286 1357 1661 1434 προσεδρείαν,
1723 1358 1847 1414 ἀλλ’

192 1446 271 1500 οὖν
305 1446 472 1514 ὁτῆς
522 1444 761 1521 ἀνάγκης
812 1446 973 1522 λόγος
1033 1446 1207 1510 οὕτως
1249 1447 1487 1522 ἀπαιτεῖ,
1521 1448 1700 1513 καθὼς
1756 1449 1845 1503 καὶ

192 1532 470 1603 λέλεκται,
494 1534 597 1602 τὴν
632 1532 979 1609 ἐπιτροπείαν
1004 1535 1302 1610 γίγνεσθαι.
1336 1556 1362 1589 ι

191 1648 283 1710 κη’.
339 1644 544 1701 ’Ὁπως
612 1640 640 1693 6
697 1641 903 1713 πατριά

690 1659 938 1769 Παλαιολ

697 1641 1051 1767 πατριάρξης
1112 1641 1328 1716 συνῄνει
1384 1647 1503 1705 τοῖς
1565 1644 1696 1718 ὑπὲρ
1751 1646 1847 1697 τοῦ

690 1711 900 1767 Παλαιο
977 1733 1076 1767 γου
1105 1711 1347 1767 λέγουσι.

739 1732 900 1766 αΛαιο

977 1711 1076 1787 γου
1105 1711 1347 1788 λέγουσι.

251 1800 475 1856 Τούτων
509 1799 780 1877 ῥηθέντων
826 1806 935 1856 τῶν
996 1801 1199 1877 λόγων,
1260 1802 1490 1857 ἐπεὶκαί
1538 1804 1565 1857 6
1625 1823 1847 1876 πρωτο-

190 1888 343 1960 θῦτης
374 1892 486 1959 τὴν
510 1866 792 1961 ’πλείστην
859 1889 1034 1967 ῥοπήν
1068 1866 1250 1945 ἐδίδου
1278 1897 1395 1953 τοῖς
1430 1892 1561 1965 ὑπὲρ
1588 1866 1686 1949 106
1735 1897 1846 1945 Ιια-
1880 1866 1923 1930 Β

190 1976 495 2055 λαιολόγου
528 1978 775 2054 λέγοοσι,
811 2007 874 2027 =
922 1978 1368 2054 προκατείληπτο
1399 1980 1499 2056 γὰρ
1542 1980 1633 2033 καὶ
1683 1981 1844 2041 αὐτὸς

189 2069 265 2122 ἐπὶ
313 2069 507 2141 τούτῳ
565 2069 638 2129 ὡς
667 2066 856 2129 καλῶς
888 2067 1123 2144 ἄρξοντι,
1155 2074 1485 2141 προσπαθῶν
1519 2068 1578 2123 ἐκ
1605 2066 1845 2136 πολλοῦ,

188 2155 255 2211 ἔτι
283 2156 337 2213 δὲ
366 2158 471 2213 καὶ
528 2157 593 2211 τὸ
655 2156 839 2230 μεῖζόν
871 2179 921 2212 τι
955 2158 1151 2231 πρᾶξαι
1185 2158 1243 2213 ἐκ
1290 2156 1519 2213 πολλῶν
1571 2159 1846 2233 συνηρπά-

189 2251 314 2314 ζετο.
374 2245 495 2301 Καὶ
542 2243 713 2310 δῆλον
766 2244 816 2318 ἐξ
849 2247 921 2300 ὧν
964 2247 1217 2323 ἀγγελθὲν
1253 2246 1401 2319 αὐτῷ
1433 2246 1483 2301 ἐν
1516 2246 1715 2318 Νικαίᾳ
1771 2248 1847 2309 ὡς

184 2338 430 2405 τεθνήκει
491 2335 518 2388 6
573 2331 851 2410 βασιλεὺς,
911 2333 1069 2390 οὔπω
1131 2338 1409 2410 μαθόντων
1467 2340 1575 2391 τῶν
1634 2333 1846 2413 ἄλλων,

187 2422 425 2479 ἐπίστευε
489 2424 587 2495 μὲν
642 2422 734 2477 τὸν
793 2422 959 2498 λόγον
988 2426 1096 2479 τινὶ
1126 2430 1236 2481 τῶν
1266 2426 1431 2480 αὐτοῦ
1478 2424 1568 2479 καὶ
1627 2424 1847 2479 οἰκείων

187 2514 235 2585 (6
266 2512 539 2585 Γεμιστὸς
568 2508 615 2566 δ’
644 2511 803 2576 οὗτος
848 2512 938 2583 ἦν,
970 2514 1028 2575 ’ὸς
1082 2514 1174 2569 καὶ
1236 2517 1402 2590 μέχρι
1457 2517 1555 2569 τοῦ
1589 2531 1849 2588 μεγαΛοι-

189 2733 529 2789 conditione
560 2733 740 2790 sortis
761 2733 846 2788 illi
880 2734 1045 2790 deest
1076 2733 1439 2789 auctoritatis
1454 2738 1510 2789 et
1533 2732 1841 2789 efﬁcacita-

188 2822 257 2876 tis
281 2823 351 2876 ad
384 2821 720 2877 ﬂectendos
748 2821 808 2877 in
841 2822 932 2876 sui
963 2820 1313 2892 obsequium
1346 2820 1657 2892 plurimos,
1702 2836 1845 2891 sup-

187 2909 418 2982 pleatur
454 2908 889 2966 accumulanda
919 2911 970 2965 ei
999 2910 1303 2981 dignitate,
1338 2911 1511 2981 cujus
1540 2909 1597 2964 vi
1635 2914 1850 2966 cuncta

188 2999 375 3055 vincat
400 2999 732 3056 obstantia.
767 3003 900 3067 Quae
924 3015 1058 3055 cum
1084 3000 1163 3056 ita
1184 3000 1322 3068 sint,
1346 3016 1591 3072 prorsus
1613 3013 1850 3055 necesse

192 3093 275 3143 est
301 3090 570 3145 electum
604 3088 663 3144 in
684 3089 927 3145 tutelam
953 3088 1236 3162 principis
1254 3090 1513 3145 eminere
1535 3089 1850 3145 subnixum

1958 553 2042 625 [P.
2076 555 2165 625 47]
2194 554 2309 608 ἐπεὶ
2370 552 2426 609 δὲ
2479 556 2571 610 καὶ
2626 557 2749 633 περὶ
2806 566 2904 629 τῆς
2940 565 3046 615 τῶν
3101 568 3440 640 πραγμάτων
3472 552 3612 625 διοιξ.

1953 644 2165 713 κήσεως
2197 644 2224 698 6
2284 640 2448 718 λόγος
2504 644 2725 708 ἐκείνοις
2780 649 2992 719 ἧν,τὸν
3052 651 3433 728 Παλαιολόγον
3469 657 3607 713 ἐκεῖ·

1954 752 2045 792 νος
2075 732 2355 805 προύτίθει
2406 732 2639 792 πάντων.
2703 736 2822 791 Ἐπὶ
2873 738 3089 803 τούτοις
3120 741 3210 795 οὖν
3269 745 3296 797 6
3342 745 3609 821 πατριάρ-

1955 840 2065 894 χης
2093 820 2644 895 προκατειλημμένος
2674 822 2748 879 ὢν
2780 826 2932 889 εὐθὺς
2990 830 3343 903 συγκάταινος
3371 820 3459 904 ἦν
3490 840 3606 896 τοῖς

1958 910 2087 983 ὑπὲρ
2140 913 2237 964 τοῦ
2269 910 2653 988 ΙΙαλαιολόγου
2708 912 3050 988 λεγομένοις,
3110 920 3199 973 καὶ
3256 922 3355 989 τήν
3414 919 3615 977 δεσπο-

1952 1003 2101 1056 τείαν
2136 1005 2284 1075 αὐτῷ
2316 1002 2627 1080 ἐψηφίζετο.
2691 1006 2791 1061 Καὶ
2853 1004 2919 1074 δὴ
2982 1010 3008 1061 6
3069 1011 3162 1082 μὲν
3225 1011 3610 1089 Παλαιολόγος

1952 1091 2043 1145 τὸν
2081 1093 2243 1168 μέγαν
2277 1090 2442 1146 δοῦκα
2491 1093 2566 1155 εἷς
2622 1095 2712 1148 τὸν
2767 1092 3031 1167 δεσπότηε
3084 1101 3521 1171 μετεσκευεὶζετο,
3583 1104 3611 1157 ὁ

1957 1176 2012 1233 δὲ
2075 1180 2329 1254 βασιλεὺς
2378 1187 2615 1257 παρεῖχε
2660 1184 3049 1257 συναιρομένου
3107 1187 3197 1241 καὶ
3254 1193 3349 1242 τοῦ
3415 1211 3609 1265 πατρι-

1956 1269 2132 1344 άρχου
2160 1270 2226 1325 τὰ
2255 1276 2355 1338 τῆς
2410 1268 2724 1333 δεσποτείας
2770 1273 2858 1326 καὶ
2916 1269 3191 1346 σύμϐολα.
3255 1276 3477 1348 Ἀμὲλει
3536 1280 3610 1339 ὡς

1956 1356 2223 1429 δεσπότης
2284 1356 2618 1414 ἐπεϐάλλετο
2680 1362 2774 1433 μὲν
2834 1361 3027 1433 ἁνέδην
3086 1370 3202 1428 τοῖς
3256 1370 3441 1435 πᾶσιν,
3512 1368 3612 1421 ὑπ-

1957 1452 2196 1503 εποιεῖτο
2256 1445 2313 1501 δὲ
2368 1448 2496 1511 τοὺς
2552 1448 2603 1503 ἐν
2658 1449 2801 1505 τέλει
2862 1451 3207 1529 φιλοτιμίαις
3241 1453 3473 1516 ἀπάσαις
3526 1461 3617 1510 καί

1954 1543 2072 1598 τοῖς
2105 1538 2163 1592 ἐκ
2200 1541 2306 1591 τῶν
2348 1542 2548 1591 κοινῶν
2585 1538 2907 1612 χαρίσμασι.
2963 1537 3198 1604 Βεόαίας
3262 1540 3320 1597 δὲ
3377 1544 3465 1598 καὶ
3522 1544 3617 1606 τὰς

1954 1626 2092 1700 πρὸς
2124 1625 2358 1689 ἐκείνους
2390 1626 2711 1701 ὑποσχέσεις
2756 1634 2989 1701 παρεῖχε
3042 1627 3222 1684 δοκεῖν
3283 1630 3336 1692 ἐς
3397 1630 3619 1707 ὕστερον

1957 1714 2005 1787 ἐξ
2039 1716 2110 1768 ὧν
2144 1713 2313 1769 ἐποίει
2345 1720 2423 1786 τῷ
2451 1714 2594 1784 τότε,
2627 1715 2715 1769 καὶ
2749 1716 3171 1793 φιλοτιμότερον
3220 1720 3607 1794 προσεφέρετο.

1957 1807 2086 1867 Τοῖς
2116 1802 2172 1858 δέ
2200 1824 2260 1878 γε
2289 1808 2385 1858 τοῦ
2414 1805 2562 1879 ἱεροῦ
2611 1802 2924 1878 καταλόγου
2965 1806 3051 1860 καὶ
3093 1806 3153 1861 ἐκ
3184 1806 3614 1883 φιλοτιμοτέροις

1954 1894 2141 1968 χειρὸς
2172 1890 2449 1967 ἐχορήγει,
2484 1893 2575 1947 καὶ
2606 1892 2784 1970 κρύφα
2812 1894 2902 1948 καὶ
2953 1899 3221 1971 φανερῶς,
3270 1897 3331 1950 τὸ
3389 1897 3483 1969 μὲν
3538 1897 3614 1959 ὡς

1954 1981 2195 2055 ἀνάγκης
2229 1980 2394 2053 οὔσης
2429 1980 2510 2059 ἐφ’
2538 1983 2583 2053 ᾦ
2615 1980 2804 2055 διαζῇν
2844 1982 3102 2051 ἐκείνους,
3151 1984 3214 2039 16
3272 1981 3328 2039 δὲ
3374 1980 3617 2059 κρύϐδην

1954 2072 2144 2132 νυκτὸς
2190 2072 2584 2144 πεμπομένων,
2634 2072 2723 2125 καὶ
2762 2072 2824 2127 τὸ
2860 2078 3043 2145 μεῖζον
3077 2073 3477 2147 ὀπορύττοντος
3523 2070 3616 2129 καὶ

1958 2165 2271 2230 ζητοῦντος,
2319 2161 2393 2222 ὡς
2439 2156 2592 2214 οὔπω
2642 2158 2899 2236 αὔταρκες
2950 2162 3007 2216 ’ὀν
3050 2159 3262 2235 ἐκείνῳ,
3326 2161 3370 2217 εἷ
3402 2158 3617 2236 συμϐα-

1958 2247 2161 2303 σιλεύει
2232 2254 2312 2321 τῷ
2389 2248 2624 2324 βασιλεῖ.
2702 2245 3091 2324 Προύϐάλλετο
3164 2251 3265 2327 γὰρ
3338 2248 3619 2315 κινδύνους

1955 2338 2044 2392 καὶ
2078 2334 2279 2415 φόϐους
2311 2336 2727 2414 ἐπηρτημένους
2782 2341 2952 2412 αὐτῷ,
3012 2341 3103 2395 καὶ
3156 2342 3224 2394 τὰ
3252 2346 3358 2395 τῶν
3391 2343 3615 2409 Μουζα-

1959 2427 2152 2481 λώνων
2185 2427 2400 2501 εἰσῆγεν
2455 2428 2528 2489 ὡς
2579 2428 2841 2483 κάκείνων
2904 2428 3081 2490 οὕτως
3133 2427 3505 2483 ἀπολωκότων
3559 2428 3618 2482 ἐκ

1960 2515 2182 2591 φθόνου,
2212 2516 2301 2571 καὶ
2330 2516 2393 2572 τὸ
2417 2519 2517 2586 τῆς
2548 2517 2783 2592 ὐποψίας
2818 2515 2992 2573 δεινὸν
3040 2516 3324 2573 ὐπεδείκνυ
3381 2518 3455 2580 ὡς
3514 2517 3615 2573 αὖ·

1955 2732 2243 2788 dubitavit
2270 2734 2657 2807 Palaeologum
2680 2736 2945 2791 omnium
2969 2736 3039 2791 ad
3058 2752 3185 2792 eam
3210 2753 3332 2793 rem
3360 2735 3604 2808 aptissi-

1957 2838 2119 2877 mum
2150 2823 2361 2879 dicere.
2399 2825 2508 2879 Isto
2542 2823 2724 2896 igitur
2744 2825 2985 2897 antiquo
3017 2826 3075 2880 in
3100 2823 3489 2895 Palaeologum
3515 2826 3599 2881 fa-

1958 2928 2095 2967 vore
2128 2918 2572 2985 praeoccupatus
2605 2914 2934 2984 patriarcha
2964 2914 3238 2984 suffragio
3267 2914 3465 2969 statim
3498 2930 3608 2969 suo

1960 3001 2360 3071 comprobavit
2387 3019 2515 3073 qua:
2544 3000 2603 3056 in
2636 3004 2765 3072 ejus
2796 3003 3044 3073 gratiam
3079 3002 3232 3057 dicta
3262 3000 3519 3071 fuerant,
3554 3007 3613 3057 et

1962 3090 2214 3161 despotae
2239 3090 2583 3162 dignitatem
2606 3091 2715 3161 ipsi
2737 3090 3108 3145 tribuendam
3133 3090 3381 3146 censuit.
3422 3092 3612 3155 Quare

190 3178 539 3235 excellentis
570 3178 743 3234 titulo
770 3178 1076 3250 dignitatis
1102 3183 1306 3249 ,atque
1328 3178 1472 3235 adeo
1494 3178 1725 3234 etiamsi
1748 3176 1847 3247 qui
1881 3218 1924 3285 Ο
1963 3177 2321 3278 l3alazologus
2353 3195 2421 3234 ex
2451 3194 2665 3249 magno
2696 3179 2842 3233 duce
2875 3179 3068 3233 factus
3100 3182 3190 3279 est
3236 3179 3499 3249 despota.
3548 3183 3615 3233 Et

190 3268 253 3322 ad
284 3268 341 3323 id
376 3283 614 3324 munus
646 3267 945 3323 adhibitus
977 3268 1153 3324 fuerit
1183 3284 1251 3323 ex
1283 3272 1484 3324 nostro
1520 3267 1596 3323 sit
1625 3268 1851 3333 ordine,

185 3356 349 3413 debet
378 3356 638 3412 omnino
671 3355 755 3412 sic
785 3358 981 3412 ornari
1010 3360 1076 3412 ut
1104 3357 1207 3412 ﬁat
1229 3356 1474 3412 idoneus
1494 3355 1685 3412 ofﬁcio
1699 3360 1853 3410 recte

186 3447 471 3518 gerendo.
499 3444 671 3501 Dicet
698 3445 911 3517 aliquis
937 3463 950 3501 :
977 3449 1126 3518 Ergo
1157 3445 1309 3502 alius
1342 3450 1663 3517 quaeratur,
1696 3445 1745 3499 si
1772 3460 1855 3500 re-

188 3535 357 3605 periri
392 3535 558 3590 forte
594 3535 802 3607 possit,
836 3534 935 3605 qui
970 3534 1127 3591 curis
1183 3539 1240 3591 et
1295 3535 1594 3591 laboribus
1657 3532 1852 3589 tutelm

185 3624 485 3697 principis
528 3640 593 3679 se
642 3638 846 3694 parem
904 3623 1201 3679 existimet
1259 3624 1434 3680 etiam
1498 3625 1626 3680 sine
1682 3623 1857 3678 istius

187 3713 581 3785 adjunctione
611 3712 939 3785 dignitatis.
973 3713 1058 3768 Ad
1091 3713 1147 3768 id
1183 3715 1609 3785 respondemus
1656 3729 1763 3768 nos
1794 3712 1855 3766 in

190 3801 290 3856 hoc
323 3818 449 3857 non
484 3816 749 3872 persona
768 3798 1213 3867 consulere,sed
1235 3800 1640 3872 prafecturam
1666 3799 1855 3869 ipsam

186 3906 415 3945 armare
474 3890 875 3945 instrumento
934 3890 1216 3944 navandae
1273 3905 1460 3961 operae
1504 3888 1853 3945 necessario.

184 3978 372 4041 Quare
403 3994 532 4034 non
568 3994 698 4043 nos,
731 3978 831 4033 sed
860 3993 952 4033 res
985 3976 1182 4049 ipsaet
1212 3982 1421 4034 natura
1435 3977 1652 4050 negotii
1683 3977 1859 4047 exigit

187 4068 339 4139 quod
366 4067 1859 4141 diximus,nempeutcumtutelaprincipissumma

188 4157 460 4229 dignitas
484 4158 797 4229 jungatur.
825 4180 855 4207 ››

183 4263 266 4319 28.
298 4266 363 4322 Ut
392 4264 729 4336 patriarcha
757 4266 1070 4392 [aventiubm
1107 4265 1425 4390 ςαιιῖοιορο
1471 4264 1657 4321 studia
1711 4280 1859 4320 com-

892 4352 996 4392 vro
1036 4354 1123 4392 ar:
1155 4379 1167 4391 .

892 4352 1167 4406 pronam.

261 4426 359 4481 σο
394 4424 553 4481 Cum
584 4424 709 4481 haec
739 4425 1020 4497 utrinque
1050 4426 1208 4482 dicta
1237 4430 1459 4495 essent,
1494 4425 1564 4480 iis
1597 4442 1723 4498 quae
1770 4425 1859 4480 al-

184 4512 380 4586 legata
413 4531 526 4587 pro
558 4513 881 4589 Palaaologo
913 4517 1145 4573 fuerant
1170 4531 1451 4588 magnum
1486 4515 1558 4570 ab
1599 4514 1856 4572 auctori-

1963 3266 2301 3337 imperator,
2335 3267 2649 3337 adjuvante
2682 3267 3037 3338 patriarcha,
3071 3266 3121 3323 ei
3154 3267 3457 3339 dignitatis
3481 3268 3613 3338 ejus

1963 3354 2222 3426 insignia
2252 3355 2519 3411 contulit.
2543 3359 2973 3429 Despotamque
3004 3355 3214 3412 exinde
3245 3373 3379 3412 cum
3412 3355 3610 3428 palam

1962 3445 2089 3517 ipse
2118 3460 2179 3500 se
2213 3444 2453 3509 ferebat,
2478 3449 2601 3500 tum
2634 3444 2808 3517 vulgo
2867 3444 3127 3501 universi
3188 3446 3607 3518 agnoscebant.

1963 3533 2381 3590 Demerebatur
2410 3538 2608 3590 autem
2642 3534 2956 3606 optimates
2986 3534 3147 3591 omni
3180 3550 3390 3607 genere
3411 3533 3612 3589 indul-

1961 3622 2169 3695 gentiae
2203 3640 2269 3679 ac
2298 3622 2710 3696 largitionibus
2741 3639 2771 3679 e
2806 3622 3060 3696 publico,
3094 3623 3270 3679 simul
3298 3624 3612 3695 praisentia

1960 3711 2245 3767 beneﬁcia
2276 3712 2658 3784 promissisin
2680 3716 2979 3785 posterum
3000 3711 3391 3783 amplissimis
3406 3728 3615 3766 cumu-

1964 3800 2131 3870 lans;
2167 3802 2369 3873 sicque
2399 3807 2522 3857 arte
2552 3802 2895 3857 ambitionis
2940 3817 3151 3872 magna
3183 3802 3382 3856 studia
3410 3816 3614 3856 eorum

1963 3890 2077 3945 sibi
2102 3892 2367 3961 parabat.
2385 3892 2662 3946 Eamdem
2677 3906 2912 3962 quoque
2934 3889 3306 3946 liberalitatis
3323 3888 3615 3961 praelargae

1966 3978 2302 4034 machinam
2322 3981 2391 4035 ad
2413 3978 2833 4035 ecclesiasticss
2858 3995 3127 4050 proceres
3154 3978 3267 4033 sibi
3288 3978 3620 4048 adjungen-

1964 4069 2072 4123 dos
2103 4068 2441 4137 adhibebat,
2472 4068 2714 4141 prodiga
2747 4068 2803 4122 in
2855 4083 2955 4124 eos
3013 4084 3191 4122 manu
3252 4066 3616 4138 profundens

1969 4160 2073 4217 80
2106 4157 2311 4222 multa,
2342 4160 2470 4211 tum
2503 4154 2697 4227 palam
2729 4160 2857 4210 tum
2899 4154 3142 4211 occulte.
3178 4154 3324 4210 Nam
3375 4157 3615 4225 prater-

1967 4265 2148 4325 quam
2181 4263 2308 4320 quas
2341 4246 2468 4301 dari
2499 4245 2585 4301 eis
2617 4260 2647 4299 e
2682 4245 2917 4316 publico
2945 4243 3231 4313 solebant,
3267 4243 3500 4316 publice
3552 4258 3619 4298 ac

1966 4343 2127 4413 large
2187 4336 2541 4401 conferebat,
2575 4333 2750 4389 etiam
2811 4338 2981 4389 noctu
3046 4334 3117 4390 ad
3178 4333 3414 4389 eosdem
3466 4333 3620 4388 dona

1970 4427 2325 4492 missitabat,
2358 4424 2743 4479 insusurrans
2787 4422 3026 4478 interim
3082 4438 3147 4477 ac
3203 4420 3417 4476 blande
3473 4420 3623 4475 insi-

1973 4534 2165 4576 nuans
2196 4515 2457 4571 nondum
2486 4513 2627 4568 satis
2658 4516 2899 4568 cautum
2925 4511 3223 4567 securitati
3256 4527 3396 4578 suae,
3433 4525 3623 4581 neque

191 4606 304 4659 tate
331 4603 696 4676 patriarchae
728 4610 1093 4660 momentum
1114 4605 1382 4660 accessit.
1408 4604 1855 4676 Praeoccupatus
1888 4592 1933 4656 D
1966 4609 2129 4683 prius
2162 4606 2220 4660 in
2240 4609 2365 4659 tuto
2392 4619 2454 4659 se
2478 4602 2743 4657 futurum
2778 4617 2953 4673 quam
2986 4600 3220 4671 imperii
3255 4598 3549 4672 particeps
3571 4600 3628 4653 et

192 4693 241 4748 is
272 4692 511 4749 dudum
536 4692 725 4748 fuerat
756 4693 965 4749 aliectu
1000 4694 1058 4748 in
1091 4693 1311 4765 ipsum,
1346 4699 1478 4748 nato
1498 4710 1561 4749 ex
1587 4694 1860 4765 opinione

190 4797 307 4852 qua
336 4798 483 4838 eum
516 4782 593 4837 iis
626 4782 865 4837 dotibus
897 4786 954 4838 et
983 4782 1210 4839 artibus
1242 4782 1494 4839 ducebat
1552 4782 1861 4854 praeditum

190 4886 320 4941 qua
352 4871 432 4925 ad
470 4870 1059 4943 beneimperandum
1087 4875 1226 4926 sunt
1284 4872 1651 4928 necessariae.
1709 4872 1859 4937 Quin

188 4964 246 5012 et
274 4960 347 5013 ad
387 4960 592 5029 majus
624 4958 847 5031 aliquid
864 4976 969 5031 pro
989 4974 1055 5014 eo
1069 4960 1418 5015 tentandum
1443 4960 1646 5016 multis
1669 4962 1863 5016 causis

194 5046 592 5103 incitabatur.
623 5049 915 5121 Apparuit
944 5048 1001 5103 id
1035 5065 1103 5104 ex
1133 5064 1405 5105 sermone
1436 5049 1694 5121 quodam
1738 5050 1864 5119 ejus

192 5153 444 5208 arcano,
477 5136 581 5209 qui
611 5138 781 5193 nobis
808 5138 1064 5194 innotuit
1094 5180 1109 5208 ,
1140 5137 1371 5193 Perlato
1400 5138 1470 5193 ad
1493 5154 1627 5194 eum
1661 5137 1863 5195 Nicaeae

195 5226 519 5297 degentem
558 5230 766 5283 nuntio
796 5228 867 5283 de
887 5232 1074 5283 morte
1097 5227 1487 5299 imperatoris,
1511 5227 1861 5298 priusquam

189 5330 285 5370 res
305 5316 370 5369 in
396 5314 688 5386 populum
715 5315 1075 5389 vulgaretur,
1114 5316 1569 5372 communicavit
1585 5332 1713 5372 eam
1736 5316 1864 5372 cui-

192 5403 331 5459 dam
364 5418 399 5459 e
432 5403 826 5461 familiaribus
860 5404 985 5461 suis
1018 5404 1423 5477 Gemisto,qui
1452 5410 1657 5477 postea
1675 5422 1864 5477 usque

192 5492 265 5547 ad
301 5508 595 5563 magnum
627 5498 1060 5551 mconomatum
1090 5493 1149 5549 in
1199 5495 1338 5551 urbe
1386 5494 1668 5567 pervenit.
1719 5500 1862 5552 Cum

192 5595 337 5653 ergo
372 5581 533 5638 inter
560 5599 663 5640 eos
706 5582 811 5639 illa
865 5584 1173 5641 occasione
1232 5586 1302 5641 de
1351 5584 1866 5643 administratione

193 5670 552 5743 reipublicae
580 5689 776 5731 sermo
822 5677 981 5732 esset
1031 5677 1293 5745 exortus,
1353 5673 1689 5747 patriarcha
1745 5692 1863 5734 non

1969 4696 2217 4770 Augusti
2250 4692 2469 4763 collega
2502 4690 2833 4747 declaratus
2864 4692 3035 4747 esset.
3069 4689 3186 4745 Hoc
3210 4692 3274 4743 ut
3304 4688 3621 4761 persuade-

1970 4792 2078 4855 ret,
2110 4783 2401 4855 allegabat
2427 4788 2647 4836 metum
2680 4779 3074 4851 periculorum
3129 4776 3621 4849 impendentium,

1971 4881 2028 4932 et
2061 4888 2271 4930 casum
2311 4868 2675 4924 Muzalonum
2700 4868 3086 4923 memorabat.
3120 4867 3193 4922 Se
3224 4883 3392 4938 porro
3432 4865 3628 4920 aiebat

1971 4982 2089 5022 non
2124 4960 2340 5017 minori
2370 4974 2549 5029 quam
2570 4957 2660 5013 cui
2686 4956 2769 5011 illi
2791 4955 3493 5013 succubuissentinvidia:
3521 4954 3628 5009 ob-

1966 5056 2212 5126 jectum,
2246 5048 2495 5119 ideoque
2527 5046 2763 5102 anxium
2788 5046 2846 5101 in
2879 5045 2998 5102 acri
3020 5044 3415 5101 sollicitudine
3437 5043 3627 5098 vivere

1972 5140 2287 5216 perniciem
2320 5136 2381 5192 in
2414 5140 2709 5193 momenta
2748 5134 3005 5207 singula,
3037 5136 3087 5190 si
3114 5132 3534 5189 velminimum
3556 5132 3628 5185 de

1972 5246 2206 5288 summa
2238 5226 2506 5284 custodia
2539 5226 2850 5291 remiserit,
2873 5224 3189 5279 timentem.
3220 5222 3421 5293 Neque
3454 5235 3625 5291 porro

1971 5325 2059 5378 tot
2088 5321 2415 5377 distentum
2452 5314 2897 5387 suspicionibus
2930 5313 3078 5369 satis
3109 5328 3281 5385 posse
3310 5308 3628 5366 commissa

1973 5411 2087 5469 sibi
2119 5426 2259 5465 cura
2285 5404 2651 5463 custodiendi
2672 5403 2954 5476 principis
2986 5400 3243 5473 defungi,
3266 5399 3469 5468 utique
3492 5411 3624 5449 cum

1973 5512 2251 5573 magnam
2284 5493 2623 5551 attentionis
2654 5510 2721 5550 ac
2750 5491 2959 5565 vigiliae
2993 5495 3216 5561 partem
3250 5486 3308 5541 in
3340 5484 3433 5539 sui
3456 5497 3623 5573 nece-

1973 5571 2188 5647 sariam
2222 5584 2557 5641 cautionem
2591 5581 2853 5638 derivare
2885 5594 3121 5635 necesse
3172 5574 3403 5631 habeat.
3453 5571 3625 5626 Mise-

1972 5693 2104 5736 rum
2135 5674 2317 5734 nimis
2347 5688 2476 5731 esse
2507 5676 2753 5729 mstuare
2773 5667 3010 5727 assidue
3030 5665 3189 5722 intea
3212 5662 3473 5719 diversas
3494 5658 3627 5718 ofﬁ-
