4034 6200
321 289 430 344 515

1626 282 1928 339 GEORGII
1965 280 2430 335 PACHYMERIE

3637 278 3757 333 516

321 412 449 470 τίκα
477 408 834 467 κινδυνεύσων
893 407 935 462 εἰ
974 407 1049 480 μὴ
1104 406 1394 482 προσέχοι.
1452 406 1514 463 Ὁ
1568 402 1626 461 δὲ
1655 401 1967 484 φυλάττειν,
2000 398 2349 484 Αδεσπότης
2408 400 2497 455 καὶ
2548 404 2649 456 τοῦ
2710 401 2958 480 μείζονος
3016 398 3370 485 ἐπιλήψαιτο,
3429 400 3602 456 Αὐτὸν
3648 403 3757 478 γὰρ

322 500 495 558 ἄλλον
526 497 864 573 ἐπιτραπεὶς,
919 495 1081 559 αὐτὸς
1137 495 1385 560 πολλοὺς
1413 494 1843 574 φυλαττόμενος,
1877 494 1978 548 οὐκ

321 589 564 662 ἔμμονον
616 584 721 657 ἕξει
776 589 857 658 τῷ
915 583 1307 664 φυλαττομένῳ
1353 585 1453 655 τὴν
1508 581 1798 659 ἀσχολίαν,
1851 580 1976 656 περὶ

318 681 493 751 ἑαυτῷ
523 672 781 738 δεδοικὼς
810 675 878 731 τὰ
906 674 1157 731 πλεῖστα.
1218 674 1386 732 Παντὶ
1442 671 1490 728 δ’
1540 673 1804 749 ἐγχωρεῖν
1835 669 1977 745 μᾶλ-

319 765 415 821 λον
518 764 719 842 φύλακι
753 761 959 820 δεῖσθαι
991 763 1253 842 φύλακος.

317 872 422 937 κο’.
508 872 700 965 ’Ὀξτῖως
774 870 1235 965 ὑποποιοέμενῖος,
1295 872 1323 926 6
1382 864 1774 965 ςΠοιλαιιολὸγος
1847 866 1977 931 τοὺς

497 942 746 1006 πολλοὺς
788 942 983 1014 ἆπήτει
1017 940 1065 997 δ’
1104 942 1277 998 αὐτῶν
1310 942 1399 997 καὶ
1428 943 1491 998 τὸ
1525 940 1794 1018 μέγιστον.

387 1037 567 1091 Ταῦτα
594 1034 681 1088 καὶ
714 1032 781 1088 τὰ
806 1037 1032 1088 τοιαῦτα
1061 1032 1360 1109 προτείνων
1412 1029 1591 1094 πολὺς
1649 1031 1717 1101 ἧν
1765 1028 1856 1084 καὶ
1911 1027 1973 1082 τὸ

322 1128 508 1196 μεῖζον
540 1126 950 1199 προσαπαιτῶν.
1009 1119 1233 1194 Ἀμέλει
1259 1141 1345 1175 τοι
1384 1120 1473 1176 καὶ
1523 1119 1668 1183 ὅθοις
1716 1118 1975 1179 ὑπόπτως

319 1213 434 1287 εἶχε
462 1211 553 1267 καὶ
583 1213 719 1287 πρὸς
749 1211 814 1267 τὸ
844 1212 1015 1288 παρὸν
1074 1208 1525 1286 δυσχεραίνοντας
1570 1210 1659 1265 καὶ
1717 1208 1854 1282 πρὸς
1910 1205 1973 1261 τὸ

320 1298 526 1375 μέλλον
575 1301 1077 1377 προστησομένους,
1137 1298 1300 1374 ῗσχὺν
1358 1298 1592 1363 ἐντεῦθεν
1636 1292 1824 1353 λαϐὼν
1882 1294 1975 1350 καὶ

316 1391 515 1465 κράτος
562 1388 708 1466 ἔχων
764 1390 828 1445 τὸ
884 1391 1133 1464 μέγιστον
1191 1385 1437 1443 ἐκποδών
1491 1385 1687 1457 ἐποίει,
1713 1385 1846 1449 τοὺς
1879 1385 1975 1457 μὲν

318 1477 596 1553 ἐκρυσίους
650 1479 1078 1554 ὑποχωροῦντας
1141 1481 1224 1551 [Ρ.
1286 1480 1376 1551 48]
1432 1477 1522 1533 καὶ
1577 1477 1693 1539 καθ’
1753 1474 1972 1536 ἑαυτοὺς

320 1565 630 1643 διάγοντας,
660 1567 787 1631 τοὺς
821 1564 877 1622 δὲ
904 1567 995 1623 καὶ
1041 1566 1200 1629 αὐτὸς
1251 1564 1587 1642 καθειργνῦς,
1619 1565 1706 1619 καὶ
1767 1560 1973 1625 ἄλλους

322 1657 416 1731 μέν
475 1656 754 1732 ἀλλαχοῦ,
783 1658 875 1712 τὸν
908 1654 965 1711 δὲ
1014 1654 1435 1729 Τζαμάντουρον
1487 1653 1576 1716 εἷς
1608 1655 1859 1729 ΙΙροῦσαν
1891 1650 1972 1725 ἐξ·

314 1745 641 1809 αποστείλας
711 1745 802 1802 καὶ
852 1747 903 1800 οἱ
965 1742 1215 1824 φυλακὴν
1261 1744 1335 1808 ὡς
1383 1743 1693 1819 κατακρίτῳ
1743 1741 1969 1817 ἐγκατα-

315 1837 536 1906 στήσας.
596 1801 663 1893 ὁὶ
812 1856 873 1912 γε
919 1801 1678 1911 προσκείμενοιστούτῳικαί
1738 1801 1861 1887 λίαν
1916 1832 1967 1887 ἐν
2003 1801 2049 1868 Β

315 1921 534 1980 ἐλπίσιν
602 1924 739 1994 ἦσαν
809 1929 1081 1999 χρησταῖς
1144 1922 1235 1978 καὶ
1296 1912 1521 1993 ἀνέδην’
1555 1925 1858 1999 συνήργουν
1919 1922 1972 1987 ἐς

316 2013 399 2068 ὅτι
454 2012 710 2087 μάλιστα,
734 2012 963 2089 Θάτερον
1022 2010 1079 2067 δὲ
1133 2017 1241 2068 τῶν
1296 2010 1542 2086 ἀδελφῶν
1581 2012 1835 2083 Ἰωάννην
1893 2016 1972 2084 τῷ

313 2105 412 2156 τοῦ
445 2099 689 2177 μεγάλου
722 2099 1049 2176 δομεστίκου
1080 2101 1373 2175 ἀξιώματι,
1419 2106 1516 2157 τοῦ
1569 2099 1838 2175 βασιλέως
1889 2097 1973 2155 δι-

315 2186 504 2253 δόντος
537 2187 722 2262 δῆθεν,
768 2197 1052 2269 περιφαμῆ
1103 2192 1331 2262 καθιστᾷ
1382 2189 1473 2245 καὶ
1520 2190 1605 2245 ἐπὶ
1664 2191 1773 2245 τῶν
1833 2209 1971 2247 ποα-

310 2277 541 2353 γμᾶτων
606 2281 741 2357 μέγα
802 2277 1121 2353 δυνάμενον.
1184 2278 1319 2335 Τότε
1372 2278 1553 2335 τοίνυν
1608 2280 1697 2335 καὶ
1760 2278 1970 2352 μείζοσι

315 2368 702 2444 θερμανθέντες
750 2367 955 2439 ἐλπίσι,
998 2369 1145 2444 παρὰ
1198 2370 1290 2424 τὸν
1344 2370 1691 2447 πατριάρχην
1747 2368 1971 2444 γενόμε-

313 2476 397 2511 νοι
444 2456 536 2513 καὶ
576 2458 678 2527 τὴν
708 2455 933 2514 σύνοδον
966 2457 1065 2514 οὐκ
1117 2457 1336 2530 ἀνήσειν
1386 2457 1642 2536 ἐφασκου,
1677 2458 1723 2513 εἷ
1760 2460 1835 2532 μή
1862 2460 1913 2534 γ’
1944 2460 1972 2513 6

319 2672 394 2729 cii
424 2671 640 2743 publici
676 2676 733 2728 et
753 2672 1114 2746 privatorum
1136 2673 1547 2730 discriminum
1575 2689 1747 2729 curas
1772 2691 1787 2743 ;
1812 2674 1967 2731 unde

314 2760 484 2817 illum
517 2761 619 2834 qui
650 2761 871 2819 electus
900 2763 972 2819 ad
1012 2762 1123 2818 hoc
1172 2763 1251 2819 sit
1311 2766 1374 2817 ut
1421 2761 1672 2818 salutem
1731 2766 1969 2818 tueatur

314 2850 602 2924 principis
634 2851 902 2907 omnium
924 2850 1184 2923 undique
1205 2849 1339 2907 telis
1360 2856 1414 2906 et
1433 2850 1964 2908 innumerabilibus

312 2939 547 2997 insidiis
579 2940 908 3013 expositum
932 2941 1020 2997 vel
1052 2941 1306 2997 maxime
1336 2940 1535 3013 ipsum
1593 2939 1865 3013 praesidio
1908 2945 1967 2997 et

314 3029 578 3087 excubiis
608 3046 799 3102 egere.
832 3033 1022 3097 Quare
1078 3030 1473 3102 praestabilius
1530 3029 1714 3085 videri
1769 3030 1965 3086 locum

2086 490 2334 546 εἶναικαὶ
2394 488 2559 563 μόνον
2603 490 2664 545 τὸ
2698 490 2833 564 μετὰ
2887 491 2980 546 τὸν
3007 487 3067 545 ἐκ
3115 491 3306 567 γένους
3339 488 3570 565 βασιλέα
3602 492 3756 561 ἄξιον

2084 576 2272 655 ἄρχειν
2330 579 2419 634 καὶ
2478 580 2571 635 σὺν
2622 579 2828 654 ἐκείνῳ,
2886 580 2975 635 καὶ
3018 578 3127 635 δεῖν
3162 580 3336 643 οὕτως
3364 575 3555 655 ἔχουσι
3594 581 3759 654 βασι-

2086 668 2227 732 λέως
2286 667 2536 731 ἐντελοῦς
2592 669 2647 732 ἐς
2683 670 2711 724 ὃ
2759 691 2811 724 τι
2842 669 2933 724 καὶ
2968 670 3185 747 πραξοι.
3215 670 3286 725 Τὸ
3346 670 3443 743 μὲν
3478 668 3573 725 οὖν
3620 671 3759 726 ἀνα-

2089 760 2265 833 μένειν
2308 760 2408 829 τήν
2465 763 2563 814 τοῦ
2613 758 2884 837 ἀφήλικος
2932 759 3198 829 ἡλικίαν,
3261 761 3339 833 μὴ
3398 759 3491 815 καὶ
3551 761 3758 837 φθάσει

2081 871 2165 913 τις
2194 846 2528 923 κηδεμονίας
2578 848 2836 922 δεόμενος
2879 846 3134 923 ἐμποδὼν
3185 850 3424 924 γεγονὼς
3457 849 3598 925 ,πρὶν
3727 850 3757 904 6

2084 939 2140 993 εὗ
2199 940 2410 1012 πράξων
2471 937 2672 992 ἐκεῖνον
2732 937 2941 993 τελείαν
3004 934 3149 1013 λάϐῃ
3180 940 3281 1009 τὴν
3323 937 3569 1009 ἡλικίαν·
3603 939 3670 995 τὸ
3701 936 3755 994 δ’

2085 1026 2171 1082 ἐπὶ
2201 1032 2308 1082 τῶν
2340 1048 2673 1105 πραγματων
2715 1022 2842 1084 ὄντα
2871 1029 2962 1083 τὸν
2995 1026 3276 1102 κηδεμόνα
3337 1029 3414 1103 μὴ
3446 1029 3524 1092 ὡς
3590 1030 3754 1104 βασι-

2085 1116 2183 1173 λέα
2211 1119 2491 1193 πράττειν,
2519 1118 2595 1191 μή
2629 1119 2719 1173 καὶ
2780 1113 3036 1181 ἀϐέϐαιος
3088 1121 3123 1187 ἡ
3157 1119 3320 1195 χάρις
3368 1119 3458 1174 καὶ
3514 1117 3755 1183 ἅστατος

2081 1206 2136 1282 ᾖ.
2170 1209 2335 1264 Ταῦτ’
2384 1205 2569 1284 ἔλεγον
2602 1209 2654 1262 οἱ
2685 1206 2737 1262 ἐν
2774 1206 2945 1281 τέλει,
2974 1209 3064 1264 καί
3096 1209 3189 1263 τὸν
3247 1207 3598 1284 πατριάρχην
3647 1230 3756 1281 μα-

2084 1294 2443 1371 λακιζόμενον
2502 1295 2736 1361 ἔπειθον·
2798 1295 2927 1352 οὐδὲ
2972 1298 3075 1373 γὰρ
3119 1295 3232 1353 οὐδ’
3283 1297 3487 1371 ἐκεῖνος
3541 1297 3752 1372 ἠμέλει

2081 1391 2188 1441 τῶν
2217 1386 2568 1458 καθηκόντων
2596 1386 2686 1442 καὶ
2714 1389 2799 1449 οἷς
2828 1387 2855 1442 6
2886 1388 3031 1464 ἱερὸς
3070 1385 3407 1461 μαλάσσοιτο
3437 1385 3751 1462 σύλλογος.

2082 1477 2304 1551 "thcto
2338 1476 2433 1550 μὶν
2466 1476 2557 1531 οὗν
2591 1479 2626 1546 ἡ
2651 1477 2833 1552 ἡμέρα
2861 1480 2963 1547 τῆς
2990 1476 3365 1554 ἀναῤῥήσεως,
3413 1479 3448 1548 ἡ
3483 1474 3544 1533 δὲ
3589 1478 3658 1546 ἦν
3712 1479 3753 1547 ἡ

2080 1570 2178 1621 τοῦ
2206 1560 2686 1639 Ἑκατομϐαιῶνος
2718 1567 3011 1640 νουμηνία,
3034 1574 3135 1637 τῆς
3154 1566 3277 1623 τότε
3303 1567 3617 1643 τρεχοῦσης
3635 1563 3757 1622 δευ-

2081 1656 2238 1732 τέρας
2268 1655 2665 1729 έπινεμήσεως,

2083 1760 2152 1819 λ’.
2183 1764 2370 1825 Ὃπως
2402 1762 2429 1817 ὁ
2460 1760 2514 1818 ἐν
2540 1766 2608 1837 τῇ
2643 1760 2790 1841 δόσει
2833 1760 3099 1841 δεσπότης
3148 1762 3387 1839 Μιχαὴλ
3417 1766 3747 1841 κατεπήροη

2643 1840 2752 1889 τῶν
2802 1835 3162 1911 πραγμάτων.

2148 1924 2236 1981 Ἐν
2268 1922 2514 1997 τοσούτῳ
2574 1921 2749 1979 δὲκαὶ
2798 1926 2825 1979 ὁ
2876 1923 2927 1979 ἐν
2973 1929 3041 1999 τῇ
3087 1923 3234 1980 δόσει
3294 1923 3566 1995 δεσπότης
3631 1927 3746 1983 Μι-

2078 2012 2255 2090 χαὴλ,
2298 2014 2326 2068 6
2382 2018 2479 2068 τοῦ
2535 2007 3099 2089 προϐεϐασιλευκότος
3159 2012 3445 2092 θεοδώρου
3498 2015 3751 2089 ἀνεψιὸς,

2079 2102 2310 2165 ἀκούσας
2337 2103 2405 2157 τὰ
2432 2104 2549 2158 κατ’
2595 2102 2868 2173 ἀνατολὴν
2931 2104 3005 2166 ὡς
3063 2103 3236 2180 εἶχον,
3294 2105 3385 2159 καὶ
3443 2105 3529 2160 ὅτι
3585 2103 3752 2161 ἐκπο-

2082 2188 2189 2246 δὼν
2238 2190 2524 2267 γεγονότος
2568 2196 2666 2247 τοῦ
2714 2192 2957 2269 Αάσκαρι
2989 2193 3039 2248 ἐν
3086 2192 3507 2269 μειρακυλλίοις
3565 2195 3663 2268 μὶν
3716 2197 3747 2250 6

2080 2280 2132 2351 ἐξ
2179 2279 2382 2335 ἐκείνου
2415 2280 2671 2352 Ἰωάννης
2727 2280 2898 2354 τελεῖ,
2954 2282 3031 2345 εἷς
3079 2283 3367 2359 προνομὴν
3432 2280 3494 2338 δὲ.
3538 2285 3575 2353 ἡ
3637 2288 3750 2339 τῶν

2081 2369 2369 2443 Ῥωμαίων
2402 2370 2651 2446 βασιλεία
2680 2377 2855 2426 κεῖται
2878 2376 2958 2445 τῷ
3011 2368 3360 2449 βουλομένῳ,
3392 2371 3583 2449 ἀνάγει
3649 2375 3747 2428 τὸν

2082 2462 2208 2514 νοῦν
2236 2459 2371 2535 πρὸς
2402 2460 2493 2515 τὸν
2524 2462 2665 2515 Οεῖον
2699 2458 3003 2538 Θεόδωρον,
3035 2460 3185 2525 ὅπως
3215 2460 3464 2524 κάκεῖνος
3514 2460 3748 2538 εὐγενὴς

2077 2691 2211 2747 pem
2244 2676 2627 2748 prmrogativa
2657 2677 2938 2733 nascendi
2961 2677 3066 2749 jus
3097 2677 3398 2750 adeptum,
3445 2677 3745 2750 dignissi-

2076 2780 2211 2821 mus
2234 2757 2481 2836 imperio
2508 2766 2619 2822 sit:
2674 2766 2922 2839 ideoque
2973 2766 3258 2839 collegam
3290 2766 3343 2823 ei
3402 2768 3741 2841 adjungen-

2075 2854 2242 2911 dum.
2283 2855 2463 2927 Egere
2521 2855 2776 2926 profecto
2836 2855 3261 2927 rempublicam
3319 2860 3559 2912 maturo
3612 2859 3740 2928 jam

2071 2943 2335 3015 principe
2366 2949 2424 3001 et
2452 2946 2521 3001 ad
2554 2962 2654 3018 per
2683 2962 2745 3002 se
2777 2948 3074 3019 agendum
3105 2947 3259 3020 quod
3290 2947 3368 3003 sit
3398 2963 3555 3018 opus
3576 2955 3743 3020 apto,

2082 3049 2188 3088 nec
2217 3035 2540 3106 exspectari
2573 3051 2743 3106 posse
2783 3037 2920 3092 dum
2944 3034 3301 3109 puerulusin
3324 3035 3521 3093 virum
3542 3037 3744 3093 adole-

308 3120 513 3177 cedere
567 3119 813 3176 cuilibet
842 3117 1059 3176 volenti
1092 3136 1270 3193 quam
1301 3118 1360 3175 in
1396 3136 1462 3176 eo
1493 3135 1711 3192 angore
1750 3136 1817 3176 ac
1837 3123 1961 3176 tor-
1994 3155 2038 3224 Ο
2075 3122 2242 3192 verit,
2269 3141 2341 3180 ne
2368 3124 2631 3181 Romana
2661 3142 2754 3182 res
2777 3126 3051 3198 praesenti
3082 3125 3332 3199 vigentis
3359 3124 3745 3199 imperatoris

311 3213 508 3266 mento
537 3208 750 3266 vivere.

307 3316 398 3372 29.
427 3318 489 3375 Ut
515 3315 767 3372 deﬁnitis
796 3316 1148 3390 Palazologus
1172 3317 1424 3390 plerisqu
1438 3333 1468 3373 e
1484 3318 1797 3390 principum
1814 3334 1967 3375 sum-

685 3404 840 3443 mum
868 3389 1128 3445 honorem
1156 3389 1468 3445 eblanditus
1495 3392 1588 3444 sit.

381 3474 514 3531 Haae
544 3478 602 3530 et
631 3475 759 3546 ejus
789 3476 1018 3546 generis
1053 3476 1240 3532 multa
1268 3478 1572 3549 proferens
1594 3476 1967 3537 vehementer

310 3564 693 3621 incumbebat
722 3566 780 3621 in
812 3565 1155 3637 petitionem
1188 3567 1449 3639 supremi
1482 3566 1745 3623 honoris.
1787 3568 1962 3625 Porro

310 3653 547 3711 interim
573 3670 722 3726 quos
744 3660 1051 3727 suspectos
1082 3655 1356 3725 habebat,
1390 3655 1963 3729 quibusqueintclli-

309 3744 485 3815 gebat
514 3742 825 3816 displicere
847 3744 1178 3815 praesentia,
1210 3744 1370 3800 cordi
1402 3761 1531 3801 esse
1552 3761 1720 3817 nova,
1743 3746 1803 3801 in
1827 3762 1963 3818 spes

308 3833 643 3889 futurorum
663 3833 957 3906 inquietas
971 3833 1440 3902 imminentibus,
1456 3851 1554 3891 eos
1568 3852 1709 3892 sane
1727 3853 1963 3894 summa

308 3938 484 3994 quam
515 3923 822 3980 obtinebat
853 3927 1141 3996 potestate
1170 3928 1410 3981 strenue
1467 3929 1640 3982 utens
1684 3926 1903 3983 amovit
1931 3944 1962 3983 e

308 4012 522 4080 medio,
554 4014 768 4087 partim
799 4013 1014 4086 injecto
1044 4016 1265 4071 terrore
1287 4014 1548 4071 efﬁciens
1579 4018 1643 4070 ut
1663 4020 1869 4087 sponte
1887 4016 1959 4071 ad

307 4118 420 4158 sua
448 4119 512 4159 se
544 4103 868 4176 reciperent
897 4107 955 4160 et
986 4103 1143 4160 domi
1200 4121 1260 4161 se
1316 4108 1603 4172 tenerent,
1664 4104 1878 4177 partim
1907 4104 1960 4161 vi

308 4190 546 4263 publica
574 4207 873 4248 coercens.
907 4193 1030 4257 Quo
1062 4193 1123 4248 in
1178 4209 1391 4266 genere
1451 4210 1585 4249 cum
1643 4193 1791 4251 alios
1845 4194 1958 4251 alio

304 4280 666 4348 amandavit,
699 4285 829 4336 tum
860 4281 1322 4338 Tzamanturum
1355 4281 1679 4354 relegatum
1713 4283 1957 4341 Prusam

302 4368 387 4424 ibi
417 4368 687 4425 custodia
716 4373 902 4426 teneri
934 4369 1093 4425 velut
1124 4386 1285 4426 reum
1309 4370 1513 4441 jussit.
1546 4372 1787 4429 Interim
1836 4372 1958 4431 ala-

304 4472 435 4514 cres
464 4457 522 4514 in
555 4458 775 4530 spebus
806 4458 1049 4531 optimis
1076 4457 1468 4530 florentesque
1496 4460 1589 4516 81
1639 4460 1963 4519 volitabant

2078 3228 2185 3284 ope
2215 3212 2487 3283 indigens
2517 3214 2607 3269 aet
2640 3216 2917 3282 maxime,
2952 3219 3037 3271 tot
3081 3214 3271 3271 cincla
3301 3214 3614 3287 periculis,
3640 3232 3745 3289 per

2074 3305 2301 3358 tantam
2335 3319 2559 3358 moram
2595 3303 2763 3375 prius
2796 3312 2994 3377 pereat
3041 3309 3395 3376 corruatque
3444 3305 3741 3373 funditus,

2074 3408 2253 3463 quam
2278 3392 2378 3464 qui
2408 3410 2538 3450 eam
2568 3393 2977 3450 vindicaturus
3007 3394 3078 3450 ab
3105 3394 3349 3450 interitu
3381 3393 3481 3461 sit,
3517 3396 3580 3451 in
3633 3396 3741 3451 ﬂo-

2072 3486 2299 3538 rentem
2334 3481 2650 3539 adoleverit
2681 3488 2939 3540 aetatem.
2968 3483 3318 3556 Impositum
3348 3486 3549 3540 autem
3571 3500 3745 3541 cura-

2070 3575 2256 3627 torem
2290 3573 2543 3645 negotiis
2568 3589 2685 3629 non
2706 3572 3106 3645 utprincipem
3131 3588 3322 3646 agere,
3347 3574 3453 3630 sed
3472 3575 3745 3645 precaria

2073 3661 2327 3733 quadam
2359 3666 2416 3717 et
2434 3661 2803 3718 auctoritatis
2825 3661 3169 3734 principalis
3190 3678 3377 3735 egena
3392 3662 3742 3735 iunctione,

2071 3754 2128 3805 et
2148 3749 2452 3807 infirmum
2482 3754 2539 3808 et
2566 3750 2843 3808 instabile
2872 3750 3206 3824 reipublicae
3238 3750 3525 3808 solatium
3588 3768 3741 3810 esse.

2071 3838 2236 3894 Talia
2265 3855 2401 3895 cum
2432 3839 2745 3912 optimates
2807 3840 3088 3908 dicerent,
3141 3846 3579 3912 persuaserunt
3637 3859 3741 3915 pa-

2068 3927 2337 3984 triarchss
2361 3945 2465 4001 per
2485 3944 2567 3985 se.
2589 3931 2949 3998 utdiximus,
2965 3928 3297 3986 emollitoin
3314 3929 3740 4005 Palaeologum.

2068 4015 2179 4071 Sed
2195 4031 2299 4071 nec
2313 4014 2439 4088 ipse
2453 4033 2623 4087 CUJUB
2650 4032 2742 4073 res
2764 4017 3048 4090 agebatur
3064 4018 3335 4075 cessabat
3348 4018 3746 4092 Palaeologus:

2068 4104 2211 4176 quin
2241 4106 2545 4178 satagebat
2574 4106 2635 4162 in
2666 4107 2894 4163 cunctis
2929 4108 2999 4163 ad
3024 4106 3149 4179 spei
3190 4107 3466 4164 affectum
3519 4110 3748 4166 facien-

2067 4194 2249 4262 tibus,
2281 4193 2342 4249 in
2375 4194 2583 4267 primis
2613 4196 2686 4252 ad
2717 4196 2831 4252 sibi
2865 4196 3238 4253 deliniendos
3268 4195 3408 4252 clari
3440 4213 3509 4252 ac
3536 4214 3741 4254 sacro-

2070 4299 2201 4338 rum
2232 4282 2569 4339 antistitum
2600 4284 2851 4342 animos.
2884 4285 3153 4357 Denique
3176 4285 3269 4341 his
3291 4285 3527 4342 artibus
3552 4291 3745 4359 impe-

2068 4376 2290 4428 tratum
2320 4376 2387 4429 ut
2417 4372 2544 4430 dies
2566 4373 2859 4430 diceretur
2891 4373 3321 4445 proclamando
3353 4374 3415 4431 in
3447 4374 3744 4448 collegam

2070 4462 2441 4534 imperatoris
2463 4462 2809 4536 Palseologo.
2845 4464 2924 4519 Ea
2956 4464 3067 4520 fuit
3097 4464 3405 4520 neomenia
3433 4464 3750 4522 Hecatom-

304 4545 407 4618 qui
466 4547 764 4604 fortunam
823 4547 1225 4619 sequebantur
1287 4547 1621 4622 Paleologi,
1695 4550 1959 4622 clientes,
1992 4533 2036 4598 Ῐ)
2069 4533 2288 4607 basenis
2319 4568 2423 4608 seu
2447 4533 3076 4626 KalendaavJanuarim,
3105 4552 3587 4611 indictionetunc
3608 4572 3741 4611 cur-

309 4634 486 4691 amici
542 4652 610 4692 ac
681 4652 1036 4708 quocunque
1093 4636 1333 4693 nomine
1384 4639 1719 4708 necessarii,
1774 4641 1961 4713 parati

310 4741 545 4797 semper
573 4726 645 4782 ad
678 4730 893 4782 nutum
926 4770 942 4797 ,
976 4725 1345 4799 impigreque
1367 4732 1641 4785 curantes
1674 4729 1961 4803 quic’quid

311 4814 383 4869 ad
416 4830 762 4871 communes
791 4815 1054 4871 rationes
1083 4816 1355 4888 expedire
1401 4816 1714 4874 videretur.
1775 4818 1837 4874 In
1869 4819 1965 4876 his

309 4902 560 4960 alterum
594 4905 832 4961 fratrem
863 4905 1152 4962 Joannem
1183 4905 1705 4979 magnidomestici
1728 4909 1965 4981 amplis-

307 4989 463 5048 sima
483 4991 768 5065 dignitate
800 4993 998 5050 ornari
1031 5010 1134 5066 per
1162 4994 1571 5067 imperatorem
1603 4996 1846 5069 despota
1869 5014 1962 5054 cu-

309 5080 481 5151 ravit,
511 5081 596 5139 sic
624 5098 759 5139 eum
790 5091 845 5139 et
873 5082 1090 5139 illustri
1123 5083 1344 5141 honore
1373 5088 1432 5141 et
1461 5084 1720 5141 maxima
1757 5102 1962 5159 geren-

310 5170 524 5227 darum
556 5187 749 5228 rerum
783 5175 1071 5245 potestate
1101 5173 1423 5230 instruens.
1458 5175 1581 5240 Quo
1640 5174 1791 5231 facto
1834 5177 1963 5248 jam

310 5260 636 5330 majoribus
665 5260 893 5318 incensi
923 5262 1143 5334 spebus
1193 5261 1497 5335 Palaeologi
1555 5263 1813 5321 fautores
1862 5282 1964 5337 pa-

308 5348 598 5406 tiarcham
630 5355 688 5408 et
716 5367 948 5408 sacram
992 5352 1284 5424 synodum
1337 5351 1584 5422 ambire,
1645 5368 1712 5408 ac
1772 5353 1964 5411 dicere

308 5438 533 5496 nullam
565 5441 822 5512 quietem
847 5441 1022 5497 rebus
1038 5440 1160 5498 fore
1174 5446 1277 5497 aut
1294 5440 1673 5502 securitatem
1693 5441 1961 5516 imperio,

306 5529 493 5600 quoad
524 5529 768 5602 despota
797 5530 857 5587 in
892 5546 1075 5585 unum
1107 5530 1299 5586 adhuc
1321 5530 1568 5602 gradum
1614 5532 1967 5603 provehatur

309 5615 505 5674 altius.
540 5622 742 5691 Ipsum
773 5616 964 5675 solum
997 5632 1128 5676 esse
1159 5617 1423 5676 omnium
1443 5617 1567 5692 qui,
1589 5626 1721 5693 post
1741 5622 1966 5695 princi-

2073 4644 2237 4697 rente
2266 4641 2547 4697 secunda.

2069 4748 2159 4804 50.
2197 4748 2261 4806 Ut
2289 4747 2349 4803 in
2384 4748 2676 4825 Occidente
2729 4750 2962 4823 drspoia
2986 4751 3227 4825 MichaeI
3255 4751 3435 4825 elatus
3474 4751 3541 4807 in
3596 4768 3752 4825 spem

2480 4823 2751 4893 majorem
2779 4839 2917 4879 nova
2956 4824 3189 4879 molitus
3217 4823 3312 4878 sit.

2145 4909 2294 4965 Dum
2325 4909 2447 4966 haec
2480 4914 2786 4983 geruntur,
2820 4911 3067 4985 despota
3095 4912 3428 4970 Occidentis
3461 4913 3737 4986 Michael,

2072 4997 2385 5070 Theodori,
2414 4999 2515 5057 82
2547 5000 2649 5071 qui
2682 5000 2765 5057 ibi
2809 5001 3225 5074 imperaverat,
3284 5001 3482 5059 fratris
3540 5002 3728 5076 ﬁlius,

2073 5087 2273 5143 audito
2305 5104 2501 5144 rerum
2532 5088 2903 5146 orientalium
2934 5090 3353 5164 statu,sublato
3394 5091 3679 5150 videlicet
3705 5109 3737 5150 ο

2074 5175 2266 5232 medio
2304 5176 2537 5232 Lascari
2567 5175 2855 5234 Joannem
2886 5180 3017 5251 ejus
3039 5180 3226 5236 tilium
3253 5196 3384 5236 esse
3414 5180 3616 5236 adhuc
3645 5180 3739 5236 in-

2072 5263 2388 5333 fantulum,
2424 5265 2757 5323 Romanum
2787 5284 2925 5324 vero
2956 5268 3271 5342 imperium
3300 5268 3488 5326 cuivis
3520 5287 3732 5342 rapere

2072 5352 2288 5409 volenti
2324 5354 2382 5410 in
2416 5356 2672 5426 praedam
2707 5358 3042 5430 expositum
3072 5359 3288 5431 jacere,
3350 5364 3615 5416 mentem
3673 5360 3734 5416 in

2075 5458 2210 5515 spes
2237 5442 2466 5517 amplas
2479 5443 2709 5514 extulit,
2725 5448 3021 5519 proposito
3036 5447 3148 5504 sibi
3164 5447 3430 5522 exemplo
3443 5449 3737 5506 Theodori

2075 5532 2290 5605 patrui.
2324 5534 2383 5589 Is
2415 5533 2632 5591 nobilis
2662 5539 2841 5608 atque
2869 5537 3015 5594 adeo
3045 5554 3115 5594 ex
3145 5538 3730 5610 primanobilitate,e

2074 5622 2264 5696 priore
2277 5621 2377 5678 illa
2390 5623 2789 5682 Romanarum
2810 5627 3248 5699 perturbatione
3263 5645 3459 5685 rerum
3476 5628 3738 5702 sumptis
