4034 6200
286 284 398 340 517

1378 288 1472 340 DE
1509 287 1885 344 MICHAELE
1923 291 2368 352 PALIEOLOGO
2403 299 2539 352 LIB.
2581 304 2624 355 Ι.

3601 311 3710 366 518

291 405 480 463 ὣνκαὶ
528 406 595 462 τᾶ
643 410 833 482 πρῶτα
866 409 928 480 [Ρ
959 409 1048 480 49]
1106 411 1215 462 τῶν
1273 408 1504 484 εὐγενῶν
1562 417 1663 480 τῆς
1719 411 1943 487 πρώτης
1975 417 2026 484 Α
2057 417 2159 488 ψας
2194 416 2337 492 παρὰ
2370 421 2477 492 μὴν
2526 427 2623 477 τοῦ
2664 426 2852 500 διαφρὲ
2881 429 3228 503 τρωγιλίους
3278 431 3369 495 οὕς
3419 433 3570 490 αὐτοὶ
3621 435 3712 492 λέ.

289 497 495 568 ἐκείνης
553 497 868 573 συκχῦσεως
937 499 1322 570 συμπεσούσης
1382 499 1676 571 Ῥωμαίοις
1760 499 1944 555 ἑαυτὸν

286 583 682 659 ἀναλαμϐάνει,
725 588 814 642 καὶ
867 587 1145 650 πλείστοις
1197 587 1345 650 ὅσοις
1392 595 1508 650 τοῖς
1540 591 1658 644 κατ’
1718 588 1943 645 Ἰταλῶν

279 675 552 749 πολέμνις
583 674 1051 753 ένανδραγαογςσας
1112 685 1211 747 τῆς
1269 677 1548 751 βασιλείας
1601 678 1946 752 ἐπείληπτο,

281 767 527 843 stirpes);
568 768 714 840 παρὰ
762 771 858 821 τοῦ
911 765 1193 843 Ἀχριδῶν
1239 762 1523 839 Ἰακώϐου,
1571 767 1659 822 καὶ
1699 769 1765 823 τὰ
1810 770 1948 823 κατὰ

283 853 587 918 δόσιειτοῦς
619 855 858 918 Ἰταλοὺς
903 854 1239 934 ἀφελόμενος
1289 859 1721 933 προσεκτήσατο,
1781 857 1946 932 μέγας

279 945 368 1000 ἐπὶ
432 951 540 1000 τῶν
587 944 926 1021 πραγμάτων
995 946 1297 1024 ἀναφανεὶς,
1374 948 1539 1022 μέχρι
1612 947 1701 1002 καὶ
1783 947 1947 1023 μοίρᾳ

277 1033 414 1106 λαιᾷ
445 1035 822 1110 προσκρούσας
853 1034 940 1089 καὶ
986 1036 1340 1111 κατασχεθεὶς
1394 1039 1474 1108 τῷ
1532 1037 1692 1093 Ἀσᾶν
1745 1037 1947 1116 ἀφῃρέ-

271 1126 339 1195 θη
394 1129 505 1178 τῶν
560 1123 884 1202 ὀτοαλμῶν.
932 1129 1110 1180 Ταῦτα
1158 1125 1336 1181 τοίνυν
1400 1126 1428 1180 6
1476 1124 1710 1201 Μιχαὴλ
1755 1125 1809 1180 ἐν
1869 1130 1946 1180 νῶ

269 1215 524 1287 θέμενος,
555 1214 646 1268 καὶ
677 1215 1159 1283 καταλαζονευθεὶς
1210 1219 1320 1269 τῶν
1372 1215 1711 1292 πραγμάτων
1763 1214 1942 1291 ἀρῥώ-

271 1325 419 1365 στως
474 1303 718 1378 ἐχόντων
755 1348 769 1372 ,
821 1303 936 1358 ἐπεὶ
991 1304 1080 1359 καὶ
1136 1305 1197 1359 τὸ
1256 1305 1393 1359 κατά
1448 1304 1612 1359 πόλιν
1675 1303 1940 1361 Ἰταλικὸν

271 1394 496 1462 ἠσθένει
544 1398 662 1456 τοῖς
719 1398 845 1457 καθ’
898 1394 1028 1448 αὑτὸ
1076 1393 1378 1471 πράγμασι,
1441 1393 1650 1469 βουλήν
1714 1393 1942 1468 βουλεύ-

269 1502 386 1537 εται
427 1484 504 1544 ὡς
531 1482 654 1538 λίαν
687 1485 937 1552 νεανικὴν
971 1483 1062 1538 καὶ
1091 1491 1190 1553 τῆς
1240 1483 1403 1538 αὐτοῦ
1454 1484 1721 1559 εὐγενείας
1772 1482 1940 1553 ἀξίαν.

263 1582 328 1638 Ἡ
384 1579 448 1635 δὲ
497 1579 713 1655 βουλὴ,
763 1579 1019 1644 πλείστας
1079 1581 1207 1646 ὅσας
1267 1581 1616 1658 συναθροίσας
1677 1579 1932 1651 δυνάμεις

267 1670 361 1724 καὶ
434 1674 504 1743 τῇ
553 1668 714 1724 πόλει
764 1671 1017 1746 προσγὼν
1072 1671 1420 1746 περικαθίσαι
1471 1671 1561 1724 καὶ
1619 1672 1940 1742 πειραθῆναι

2056 524 2213 578 γουσι
2261 503 2670 586 καϐαλλαρίους
2715 511 2999 590 λαμϐάνει,
3051 516 3328 594 ἀνδρείους
3381 521 3440 578 ἐκ
3489 530 3710 599 Γερμα-

2055 598 2185 665 νῶν,
2223 598 2316 652 τὸν
2349 595 2406 653 δέ
2436 621 2495 676 γε
2529 601 2792 676 πρίγκιπα
2840 605 2968 661 ὅλον
3003 609 3117 683 εἶχε
3159 608 3251 664 σὺν
3299 616 3415 673 τοῖς
3461 616 3708 689 στρατεύ-

2060 705 2242 756 μασιν.
2271 689 2405 762 Εἶχε
2434 687 2491 744 δὲ
2520 690 2607 745 καὶ
2638 694 2730 748 τὸν
2780 695 2837 750 ἐκ
2865 696 3077 758 νοθείας
3125 699 3240 753 υἱὸν
3271 687 3535 772 Ἰωάννην.
3577 706 3710 776 μετὰ

2054 779 2150 828 τοῦ
2183 775 2382 832 οἰκείου
2435 779 2573 834 λαοῦ
2621 783 2686 836 τὰ
2743 785 2972 859 μέγιστα
3017 790 3422 863 συναιρόμενον.
3457 791 3710 857 Ἐκεῖνος

2055 863 2144 916 καὶ
2201 865 2300 940 γὰρ
2355 865 2463 938 ἤδη
2526 871 2644 924 καθ’
2705 871 2864 928 αὐτὸν
2916 874 2985 949 τῇ
3045 881 3140 931 τοῦ
3199 881 3428 952 Ταρωνᾶ
3483 882 3704 958 Ουγατρὶ

2056 954 2252 1023 συνὼν,
2305 952 2435 1010 λαὸν
2485 956 2750 1034 ἐξαίρετον
2788 961 2960 1037 ἔχων,
3016 962 3240 1028 δυνατὸς
3287 969 3353 1036 ἦν
3401 969 3489 1023 καὶ
3545 970 3709 1042 μόνος

2055 1049 2370 1117 στρατηγεῖν
2429 1045 2518 1099 καὶ
2576 1055 2964 1121 προσκτᾶσθαι·
3026 1056 3154 1116 τοὺς
3191 1058 3294 1130 γὰρ
3346 1058 3408 1112 τὸ
3465 1058 3698 1116 παλαιὸν

2053 1128 2350 1222 Ἓλληνας,
2411 1133 2503 1198 οὕς
2555 1137 2854 1212 Ἀχίλλεῦς
2904 1141 3020 1218 ἦγε,
3060 1128 3554 1222 Μεγα-λοϐλαχίτας
3605 1171 3704 1204 κα-

2056 1217 2166 1272 λῶν
2219 1219 2529 1296 ἐπεφέρετο,
2570 1225 2707 1282 ὥστε
2759 1227 2889 1301 μηδ’
2933 1230 3033 1301 ἔξω
3083 1229 3397 1307 προϐαίνειν
3442 1236 3522 1292 ε’ία
3566 1239 3702 1314 132.5-

2055 1305 2202 1382 ροίας
2251 1317 2340 1364 τον
2394 1311 2778 1391 Παλαιολόγον
2828 1320 2994 1394 μέγαν
3047 1319 3370 1394 δομέστιγον
3425 1305 3703 1398 Ἰωάννην,

2049 1398 2138 1451 τὸν
2196 1402 2691 1477 Στρατηγόπουλον
2744 1405 2984 1478 Ἀλέξιον
3030 1410 3120 1465 καὶ
3167 1413 3353 1487 τρίτον
3408 1414 3502 1468 τὸν
3541 1415 3700 1470 Ῥουλ

2050 1487 2372 1561 Ἰωάνννην,
2424 1493 2624 1568 συχνὰς
2667 1493 2923 1570 δυνᾶμεις
2968 1500 3091 1574 περί
3160 1501 3353 1564 αὐτοὺς
3427 1499 3660 1578 ἔχοντας
3690 1548 3702 1563 .

2052 1576 2189 1633 Τότε
2217 1578 2396 1634 τοίνυν
2451 1585 2768 1659 συναγαγὼν
2799 1588 2824 1640 6
2858 1585 3128 1660 δεσπότης
3175 1592 3304 1654 τοὺς
3350 1591 3701 1666 εἰρημένους,

2052 1662 2195 1739 ἔχων
2230 1668 2318 1722 καὶ
2357 1669 2484 1734 τοὺς
2534 1673 2726 1729 ἑαυτοῦ
2785 1676 2835 1738 ἐς
2887 1676 2968 1731 ὅτι
3026 1676 3338 1748 πλείστους,
3398 1687 3703 1757 προσκροῦ-

267 1765 621 1833 κατασχεῖν,
675 1760 767 1814 καὶ
818 1759 961 1815 οὕτω
1024 1760 1279 1836 βασιλεὺς
1333 1759 1759 1836 ἀναγορευθῆναι
1811 1761 2018 1862 Ῥω-Β
2053 1776 2136 1809 σαι
2191 1758 2285 1829 μὲν
2333 1759 2400 1814 τὰ
2455 1766 2645 1837 πρῶτα
2701 1769 2818 1828 τοῖς
2877 1773 3205 1842 στρατηγοῖς
3264 1769 3352 1824 καὶ
3412 1770 3702 1847 συρρήξας,

365 1848 377 1862 Ι
577 1851 589 1862 1
681 1850 693 1862 ι
794 1849 817 1862 θ
1029 1851 1042 1862 ι
1155 1850 1168 1862 ς
1218 1851 1230 1862 ι
1401 1847 1441 1862 αι
1603 1851 1613 1862 ι
1744 1857 1751 1862 .
1790 1848 1800 1862 1
2066 1845 2079 1862 ε
2176 1843 2200 1862 Ἰ
2526 1847 2554 1862 Ω
2598 1852 2615 1862 ι
2660 1858 2681 1862 --
2772 1861 2783 1862 κ
2932 1853 2947 1862 ι
3043 1856 3052 1862 .
3251 1857 3261 1862 -
3358 1859 3366 1862 -
3613 1859 3626 1862 _
3662 1861 3665 1862 ν

275 1848 486 1922 μαίων.
526 1851 600 1922 μή
633 1850 736 1925 γὰρ
771 1849 902 1904 εἶναι
947 1851 1081 1924 πρὸς
1112 1850 1270 1905 αὑτὸν
1314 1847 1482 1922 μηδὲν
1539 1851 1679 1922 μήτε
1727 1848 1941 1904 Asiam-

269 1959 358 2015 ριν
423 1939 553 2012 μήτ’
604 1935 776 1992 ἄλλον
825 1939 1104 1994 ὁντιναοῦν
1134 1939 1375 2012 αὐτάρκη
1437 1939 1576 2014 πρὸς
1639 1935 1938 2012 βασιλείαν,

271 2028 476 2103 εὐγενῆ
499 2048 558 2082 τε
596 2027 726 2082 ὅντα
756 2028 846 2083 καὶ
892 2033 998 2082 τῶν
1048 2027 1347 2104 Ἀγγέλων·
1400 2028 1491 2082 καὶ
1546 2025 1612 2096 δὴ
1638 2025 1752 2081 ἐπεὶ
1785 2047 1938 2101 γαμ-

263 2112 446 2192 ϐροὺς
477 2116 566 2172 ἐπὶ
608 2116 929 2192 Ουγατράσιν
973 2122 1092 2192 εἶχε
1130 2118 1222 2171 τόν
1263 2138 1322 2172 τε
1357 2116 1501 2192 ῥῆγα
1533 2113 1772 2177 ΙΙουλίας
1819 2117 1940 2172 Μα-

271 2209 399 2284 aps,
441 2207 536 2260 τὸν
576 2206 666 2261 καὶ
727 2214 826 2276 τῆς
883 2204 1174 2278 δεσποίνης
1227 2211 1335 2262 τῶν
1387 2205 1675 2279 Ῥωμαίων
1735 2207 1937 2275 ’Λννης

264 2293 708 2374 αὐτάδελφον,ᾖ’
750 2297 892 2370 πρὸς
937 2301 1016 2368 τῷ
1073 2298 1222 2372 γήρᾳ
1281 2297 1308 2350 6
1367 2294 1620 2372 βασιλεὺς
1680 2295 1938 2364 Ἰωάννης

264 2385 604 2460 ἡρμόσατο.
675 2385 814 2460 Εἶχε
883 2387 974 2458 μὲν
1039 2384 1130 2440 οὖν
1187 2385 1385 2440 ἐκεῖνον
1445 2384 1534 2440 ἐπὶ
1590 2383 1658 2458 τῇ
1715 2382 1938 2458 θυγατρὶ

260 2474 467 2549 Ἑλένῃ
521 2470 772 2549 γαμϐρὸν
815 2475 843 2528 6
875 2472 1182 2544 δεσπότης,
1244 2477 1359 2550 εἶχε
1408 2472 1466 2529 δὲ
1509 2473 1677 2529 ἄλλον
1732 2473 1820 2528 ἐπὶ
1870 2473 1939 2542 τῇ

263 2568 452 2638 Ἀννῇ
482 2564 577 2619 τὸν
611 2564 877 2640 πρίγκιπα
926 2571 1028 2634 τῆς
1087 2563 1316 2639 Ἀχαίας
1375 2561 1737 2636 Γουλίελμον.
1787 2559 1936 2634 Πέμ-

261 2787 608 2856 Opportune
641 2782 876 2852 animis,
911 2783 1116 2839 multis
1149 2783 1446 2856 praeclaris
1497 2782 1672 2839 editis
1706 2781 1934 2836 facino-

261 2875 442 2929 ribus
471 2873 531 2927 in
589 2871 864 2944 plurimis
909 2877 1113 2929 contra
1171 2873 1344 2930 italos
1388 2872 1579 2941 bellis,
1613 2869 1928 2943 imperium

259 2961 549 3034 arripuit,
584 2965 898 3018 coronatus
928 2962 1000 3017 ab
1033 2962 1383 3019 Achridensi
1409 2962 1654 3029 Jacobo,
1687 2963 1745 3015 et
1774 2960 1930 3014 occi-

256 3054 420 3110 duas
452 3051 789 3124 provincias
843 3051 1003 3107 Italis
1045 3051 1272 3108 ablatas
1332 3053 1579 3125 imperio
1641 3049 1926 3116 restituit,

255 3157 550 3214 magnam
581 3139 656 3196 iis
686 3140 864 3196 rebus
913 3141 1096 3213 gestis
1154 3141 1368 3196 famam
1420 3143 1690 3214 adeptus,
1725 3141 1918 3212 quoad

256 3233 518 3289 adversa
549 3229 863 3302 prolapsus
894 3235 1048 3286 sorte
1074 3234 1128 3286 et
1147 3232 1610 3302 comprehensus
1634 3233 1706 3287 ab
1728 3235 1922 3286 Asane

257 3321 534 3394 privatus
566 3325 658 3376 est
687 3319 893 3375 oculis.
915 3319 1079 3375 Talia
1111 3320 1354 3376 Michael
1379 3326 1573 3377 mente
1597 3322 1850 3393 agitans,
1870 3324 1928 3375 et

255 3412 317 3466 in
359 3426 581 3481 magna
613 3425 856 3464 suarum
881 3409 1092 3464 virium
1116 3409 1329 3465 ﬁducia
1353 3415 1738 3467 contemnens
1760 3410 1926 3464 inﬁr-

259 3500 535 3555 mitatem
568 3515 696 3569 qua:
728 3502 867 3553 tunc
897 3513 1026 3553 esse
1055 3499 1368 3556 videbatur
1405 3503 1802 3556 Romanarum
1837 3515 1924 3554 re-

259 3605 426 3658 rum,
451 3605 588 3643 cum
614 3588 774 3659 ipsos
806 3587 1001 3656 Italos,
1023 3589 1123 3660 qui
1157 3591 1362 3646 urbem
1388 3590 1606 3662 regiam
1627 3589 1921 3654 tenebant,

259 3678 502 3736 idoneis
525 3678 838 3734 destitutos
855 3679 1036 3749 c0piis
1059 3681 1700 3748 animadverteret,rem
1717 3695 1926 3751 aggre-

259 3769 434 3825 ditur
476 3767 644 3824 valde
677 3769 924 3824 arduam
957 3773 1014 3822 et
1044 3769 1231 3841 ipsius
1264 3769 1632 3826 notabilitate
1662 3770 1922 3841 dignam.

261 3857 592 3915 Constituit
619 3856 891 3913 videlicet
938 3862 1271 3916 contractas
1304 3876 1480 3930 quam
1514 3863 1713 3931 posset
1745 3857 1925 3929 pluri-

261 3965 400 4004 mas
414 3945 617 4018 copias
641 3945 755 4018 ipsi
778 3947 1046 4018 protinus
1063 3949 1370 4004 admovere
1392 3947 1924 4019 Constantinopoli,

259 4053 524 4110 eamque
549 4036 819 4093 obsidere
850 4041 907 4092 et
938 4053 1224 4110 occupare
1247 4037 1465 4107 conari,
1500 4042 1626 4093 tum
1659 4037 1708 4094 si
1743 4053 1926 4110 nego-

263 4129 423 4184 tium
454 4127 818 4193 succederet,
849 4126 1078 4182 efﬁcere
1111 4132 1173 4182 ut
1204 4127 1284 4182 ibi
1306 4128 1705 4184 Romanorum
1738 4127 1925 4199 impe-

265 4221 432 4274 rator
466 4216 593 4288 ipse
626 4215 1111 4288 proclamaretur.
1145 4217 1432 4274 Neninem
1465 4217 1622 4274 enim
1655 4233 1784 4273 esse
1817 4233 1927 4288 pu—

263 4307 434 4362 tabat
455 4305 557 4376 qui
583 4304 714 4377 plus
737 4305 890 4360 adid
910 4305 1253 4362 haberctvel
1273 4307 1464 4364 meriti
1483 4306 1570 4363 vel
1587 4305 1925 4363 verisimilis

268 4396 425 4468 spei,
475 4411 591 4450 non
646 4395 942 4462 Lascarin,
977 4412 1091 4451 non
1124 4396 1307 4452 alium
1340 4396 1686 4467 quemlibet,
1723 4396 1927 4468 utique

262 4499 526 4556 quorum
544 4483 688 4539 nulli
707 4482 858 4540 vires
875 4485 1226 4542 sustinendo
1252 4486 1502 4557 imperio
1521 4487 1742 4542 idoneas
1761 4487 1925 4542 ades-

2051 1845 2122 1906 ὡς
2161 1843 2322 1917 ᾤετο,
2378 1847 2711 1926 προσϐαλεῖν
2758 1853 3126 1931 Θεσσαλονίκῃ
3178 1857 3267 1912 καὶ
3314 1859 3380 1913 τὰ
3428 1862 3564 1914 κατά
3607 1859 3704 1915 δύ-

2051 1955 2130 1987 σιν
2159 1935 2524 2012 καταδραμεῖν
2566 1943 2655 1996 καὶ
2707 1943 2872 2014 αὐτῆς
2920 1943 2986 2014 δὴ
3038 1953 3360 2023 πειραθῆναι
3413 1951 3695 2005 Κωνστανο

2048 2025 2421 2092 τινουπόλεως
2475 2029 2564 2084 ἐπὶ
2622 2035 2745 2086 νοῦν
2803 2030 3073 2111 ἔστρεφεν*
3134 2032 3383 2111 εὔκαιρον
3440 2037 3540 2113 γὰρ
3608 2038 3698 2093 καὶ

2046 2113 2206 2168 τοῦτό
2256 2117 2307 2169 0".
2358 2117 2672 2186 ξυνέπιπτεν
2724 2119 2773 2190 ἐξ
2823 2121 2997 2184 αἰτίας
3035 2130 3136 2193 τῆς
3187 2123 3269 2179 ὅτι
3315 2125 3405 2179 καὶ
3447 2127 3474 2180 6
3507 2128 3699 2204 Μαιρρὲ

2047 2203 2192 2292 παρᾶ
2229 2205 2430 2280 πατρὸς
2463 2204 2800 2283 Φερδερίχου
2833 2209 2907 2270 ὡς
2935 2209 3142 2286 κλῆρόν
3175 2234 3294 2268 τινα
3325 2213 3441 2289 εἶχε
3487 2216 3549 2270 τὸ
3589 2203 3694 2286 τῆς

2067 2289 2376 2362 Εκκλησίας
2415 2295 2755 2367 ἀποστατεῖν,
2813 2303 2873 2369 [Ρ
2911 2302 3003 2372 50]
3035 2299 3175 2356 ὥστε
3225 2305 3300 2375 μὴ
3351 2302 3496 2376 ξένον
3556 2305 3690 2359 εἶναι

2045 2381 2106 2434 τὸ
2141 2383 2447 2455 Γερμανοὺς
2479 2391 2596 2450 τοῖς
2625 2385 2678 2440 ἐν
2707 2385 2867 2442 πόλει
2902 2388 3134 2452 Ἰταλοῖς
3177 2391 3462 2467 μάχεσθαι.
3499 2393 3596 2448 Καί
3637 2415 3699 2469 γε

2048 2472 2076 2525 6
2107 2473 2336 2549 πρίγκιψ
2384 2477 2500 2530 κατ’
2557 2477 2741 2532 ἑαυτὸν
2803 2477 2868 2547 ἦν
2927 2482 2994 2534 τὰ
3050 2483 3174 2556 περὶ
3224 2503 3282 2537 τε
3329 2484 3429 2552 τήν
3464 2483 3690 2559 Ἀχαΐαν

2047 2567 2217 2616 πᾶσαν
2259 2564 2348 2618 καὶ
2390 2566 2481 2620 τὸν
2533 2567 2747 2643 Μορέαν
2796 2568 3384 2645 προσκεκληρωμένος.
3419 2573 3567 2630 Ἐπεὶ
3601 2572 3692 2628 οὖν

2038 2779 2160 2835 ﬁlia
2191 2781 2441 2854 dynasta
2488 2785 2678 2857 gentis
2711 2787 3029 2860 populosae,
3061 2791 3326 2863 egregias
3358 2791 3468 2848 sub
3500 2791 3690 2864 signis

2040 2869 2263 2927 habens
2295 2872 2495 2945 copias
2526 2879 2582 2930 et
2613 2875 2883 2932 militaris
2915 2878 3058 2934 artis
3088 2878 3296 2935 eximie
3328 2880 3571 2951 peritus,
3600 2882 3686 2936 vel

2039 2974 2140 3030 per
2171 2977 2232 3016 se
2265 2961 2457 3018 solum
2489 2963 2734 3020 idoneus
2766 2970 2890 3021 erat
2920 2966 3106 3021 cuivis
3135 2967 3215 3023 rei
3266 2983 3488 3040 magnaa
3536 2968 3689 3026 bello

2037 3052 2331 3107 tentandae
2361 3052 2872 3126 adjungendisque
2902 3055 3109 3110 ditioni
3134 3072 3252 3111 suae
3273 3057 3443 3113 terris
3467 3057 3538 3112 ab
3564 3057 3679 3114 alio

2039 3140 2352 3210 possessis.
2386 3141 2467 3196 Ex
2496 3157 2564 3196 ea
2594 3143 2811 3214 quippe
2841 3147 3012 3216 gente
3043 3144 3154 3199 sibi
3186 3145 3452 3216 subjecta
3476 3147 3688 3203 conﬁa-

2034 3231 2160 3283 tum
2183 3230 2501 3285 exercitum
2525 3231 2824 3300 ductabat,
2858 3248 2984 3304 quae
3017 3232 3197 3289 δι’ωοί
3222 3233 3361 3290 olim
3375 3235 3607 3307 generis
3624 3241 3683 3293 et

2036 3317 2294 3374 nominis
2307 3318 2526 3375 Achille
2549 3319 2904 3392 imperatore
2926 3321 3198 3378 militavit
3221 3339 3235 3377 :
3255 3340 3410 3379 nunc
3427 3326 3682 3397 Megalo-

2034 3409 2313 3467 blacuitaa
2341 3413 2722 3469 vocabantur.
2750 3414 2817 3469 Et
2839 3415 2967 3485 ejus
2990 3415 3221 3487 generis
3243 3416 3428 3488 copiis
3453 3419 3687 3474 succin-

2035 3503 2165 3557 ctus
2198 3505 2426 3556 tantum
2461 3507 2707 3574 poterat,
2735 3508 2800 3558 ut
2823 3520 2980 3560 unus
3003 3505 3301 3561 sufﬁceret
3323 3507 3681 3579 coercendis,

2034 3605 2104 3644 ne
2124 3589 2276 3645 ultra
2293 3591 2552 3647 Bermam
2571 3593 3082 3664 progredereutur,
3107 3593 3299 3649 tribus
3317 3595 3681 3652 adversario-

2034 3694 2164 3734 rum
2197 3681 2462 3748 ducibus,
2493 3681 2705 3738 Joanni
2737 3681 3056 3754 Palaeologo
3088 3699 3299 3754 magno
3331 3684 3673 3754 domestico,

2032 3767 2442 3842 Strategopulo
2462 3770 2658 3827 Alexio
2680 3775 2738 3826 et
2754 3771 2960 3827 Joanni
2986 3771 3176 3838 Rauli,
3197 3789 3450 3844 quorum
3469 3789 3674 3847 quem-

2034 3875 2148 3929 que
2190 3876 2514 3916 numerosm
2571 3860 2874 3932 stipabant
2930 3861 3132 3932 copiae.
3165 3861 3269 3916 His
3327 3862 3509 3934 igitur
3538 3867 3678 3919 tunc

2034 3948 2402 4020 congregatis
2433 3949 2490 4004 in
2527 3966 2710 4004 unum
2742 3950 3020 4006 omnibus
3064 3951 3332 4021 despota,
3363 3959 3422 4006 et
3464 3952 3675 4007 iisdem

2033 4037 2278 4107 adjectis
2311 4042 2454 4109 quot
2483 4054 2551 4094 ex
2581 4037 2706 4094 suis
2748 4037 2874 4110 ipse
2922 4037 3094 4094 terris
3145 4043 3415 4110 potuerat
3445 4056 3674 4112 cogere,

2035 4128 2328 4200 cogitabat
2383 4130 2642 4201 primum
2703 4129 2943 4200 quidem
3003 4129 3125 4184 acie
3181 4129 3494 4186 decernere
3541 4147 3675 4187 cum

2034 4217 2383 4274 adversariis
2441 4217 2716 4286 ducibus,
2747 4222 2874 4274 tum
2925 4217 3020 4284 iis,
3057 4222 3122 4273 ut
3165 4219 3458 4290 sperabat,
3510 4219 3678 4276 victis

2035 4307 2270 4379 aggredi
2299 4307 2778 4364 Thessalonicam
2809 4311 2866 4362 et
2889 4307 3162 4364 occiduas
3181 4308 3447 4380 regiones
3479 4308 3677 4366 incur-

2035 4395 2298 4451 sionibus
2325 4402 2567 4465 vastare,
2594 4397 2904 4468 ipsamque
2926 4397 3068 4453 adeo
3091 4402 3318 4454 tentare
3347 4399 3679 4454 Constanti-

2034 4485 2314 4556 nopolim.
2341 4486 2517 4556 Cujus
2538 4487 2618 4542 rei
2651 4501 2936 4558 majorem
2963 4485 3218 4542 habebat
3237 4503 3305 4542 ex
3330 4502 3396 4542 eo
3429 4487 3678 4542 faculta-

263 4578 419 4631 sent.
441 4573 672 4645 Quippe
702 4590 765 4629 se
794 4579 851 4629 et
881 4573 1135 4630 nobilem
1159 4580 1218 4632 et
1243 4592 1311 4632 ex
1339 4575 1695 4648 Angelorum
1727 4580 1920 4649 gente,
1958 4568 2001 4632 D
2035 4576 2173 4640 tem,
2206 4576 2360 4645 quod
2405 4591 2537 4630 cum
2590 4575 2929 4631 Manfredus
2975 4575 3134 4632 velut
3181 4575 3612 4632 hereditariam
3645 4594 3679 4632 a

261 4662 660 4718 afﬁnitatibus
676 4663 815 4735 quin
833 4661 1008 4719 etiam
1027 4664 1456 4735 potentissimis
1474 4665 1927 4722 subnixum.Ge-

263 4768 443 4808 neros
471 4751 628 4807 enim
661 4751 916 4808 habebat
945 4770 1014 4810 ex
1041 4755 1255 4810 Helena
1276 4754 1504 4825 quieem
1528 4755 1650 4810 ﬁlia
1682 4756 1926 4813 Manfre-

266 4843 413 4897 dum
445 4839 670 4913 Apulia)
721 4857 940 4913 regem,
972 4842 1213 4899 fratrem
1270 4848 1451 4899 Annae
1493 4845 1594 4899 83
1629 4847 1924 4917 Augustae,

268 4947 446 5003 quam
478 4930 740 4987 Joannes
764 4931 1225 5003 imperatorjam
1258 4931 1449 4988 senior
1474 4949 1710 4988 uxorem
1744 4935 1924 4990 duxe-

266 5024 378 5090 rat,
409 5037 481 5076 ex
523 5024 697 5075 Anna
755 5036 886 5076 vero
944 5018 1126 5076 altera
1184 5020 1306 5076 ﬁlia
1338 5020 1661 5092 principem
1691 5020 1923 5077 Achaiae

264 5108 652 5165 Gulielmum.
686 5109 757 5164 Et
788 5123 822 5164 a
851 5108 1150 5164 Manfredo
1182 5109 1422 5182 quidem
1457 5125 1560 5181 per
1604 5109 1817 5167 missos
1850 5110 1920 5166 ad

266 5215 402 5255 eum
437 5205 632 5256 certos
665 5198 1370 5270 hominesimpetraverat
1395 5199 1509 5256 tria
1532 5200 1716 5256 millia
1746 5200 1923 5256 lecto-

271 5305 403 5345 rum
435 5306 506 5346 ex
557 5287 870 5346 Germanis
916 5288 1197 5360 militum,
1225 5291 1414 5346 virum
1475 5289 1737 5359 fortium,
1771 5307 1921 5362 quos

269 5377 381 5450 ipsi
414 5377 772 5435 caballarios
801 5380 1047 5445 vocant;
1081 5377 1404 5450 principem
1436 5395 1574 5435 vero
1618 5396 1752 5435 cum
1787 5379 1919 5434 uni-

261 5468 446 5523 versis
468 5469 600 5538 ejus
624 5467 807 5538 copiis
830 5466 1056 5523 socium
1071 5467 1456 5539 expeditionis
1472 5469 1542 5524 ad
1560 5485 1622 5525 se
1641 5473 1918 5525 traxerat.

273 5556 873 5614 Habebatetnothum
890 5555 1376 5612 ﬁliumJoannem
1396 5573 1530 5614 cum
1550 5559 1784 5616 auxiliis
1804 5575 1919 5615 non

271 5647 721 5704 contemnendis
754 5645 955 5718 populi
974 5645 1066 5702 cui
1100 5647 1362 5718 prmerat.
1379 5647 1484 5704 Hic
1499 5648 1920 5706 ductaTarone

2033 4662 2324 4719 Friderico
2347 4667 2510 4735 patre
2533 4664 2855 4736 accepisset
2876 4665 3307 4720 contumaciam
3332 4669 3389 4721 et
3411 4665 3676 4722 rebellio-

2035 4767 2167 4807 nem
2199 4751 2257 4806 in
2290 4751 2629 4820 Ecclesiam,
2651 4752 3118 4824 Germani,quos
3149 4754 3402 4826 despotaa
3431 4754 3678 4810 auxilia-

2033 4841 2152 4897 rios
2199 4841 2440 4897 miserat
2470 4842 2570 4896 84
2602 4841 2774 4897 bellis
2822 4843 2988 4913 prius
3036 4842 3255 4898 Italicis
3307 4843 3674 4915 exercitatos,

2033 4930 2178 4986 nihil
2211 4947 2352 4987 sane
2380 4930 2775 4987 turbabantur
2797 4932 2868 4986 ad
2893 4932 3349 5004 propositionem
3374 4950 3678 5006 oppugna-

2031 5020 2210 5076 tionis
2242 5020 2426 5089 urbis,
2461 5019 2679 5092 quippe
2713 5020 2784 5076 ab
2819 5021 2980 5077 Italis
3013 5021 3286 5087 defensae,
3321 5023 3413 5078 cui
3453 5025 3673 5079 dudum

2031 5110 2231 5182 generi
2282 5109 2538 5166 hostium
2589 5110 3010 5166 assuevissent.
3039 5111 3156 5167 Nec
3207 5111 3426 5168 invitus
3471 5115 3674 5170 eodem

2032 5201 2417 5257 concurrebat
2449 5199 2746 5272 princeps,
2769 5201 2941 5272 cujus
2966 5200 3170 5256 ditioni
3196 5203 3471 5272 subjectae
3491 5202 3677 5275 regio-

2033 5307 2159 5355 nes,
2190 5289 2408 5346 Achaia
2441 5289 2722 5345 nimirum
2770 5289 3044 5346 universa
3074 5299 3128 5346 et
3158 5291 3372 5355 Morea,
3403 5291 3672 5346 viciniam

2034 5380 2312 5436 Italorum
2345 5379 2405 5435 in
2438 5379 2581 5434 urbe
2625 5379 3062 5435 dominantium
3120 5380 3531 5434 formidabant.
3565 5377 3671 5432 Ubi

2032 5485 2168 5541 ergo
2200 5485 2386 5524 unum
2419 5470 2477 5524 in
2500 5468 2691 5524 locum
2723 5471 2810 5523 tot
2841 5467 3019 5523 simul
3047 5467 3229 5538 copiae
3256 5471 3670 5532 convenerunt,

2024 5561 2270 5632 jamque
2301 5575 2428 5616 sese
2458 5559 2528 5615 ad
2558 5556 2823 5630 praelium
2851 5557 3139 5628 parabant
3161 5556 3318 5626 (nam
3341 5560 3398 5609 et
3427 5555 3539 5625 ipsi
3573 5571 3675 5626 pro

2035 5667 2098 5706 se
2129 5651 2306 5706 duces
2338 5649 2586 5713 adversi,
2620 5645 2819 5704 audito
2869 5643 3200 5700 Italicarum
3245 5647 3332 5699 tot
3374 5642 3674 5716 capiarum
