4034 6200
317 304 426 362 519

1625 299 1926 357 GEORGII
1965 299 2426 355 PACHYMERE

3635 295 3754 350 520

323 428 378 494 ἐς
412 427 606 485 ταυτὸν
649 427 703 480 αἱ
752 423 1006 496 δυνάμεις
1053 427 1284 492 συνῆσαν
1335 422 1424 476 καὶ
1472 417 1583 491 ἤδη
1629 421 1764 498 πρὸς
1811 418 1971 476 πόλε·
2001 423 2057 492 Α
2089 419 2173 492 εἴη
2230 421 2415 500 φάναι,
2444 419 2538 475 τὸν
2598 420 2918 498 Νικηφόρον
2953 417 3148 491 δείξας,
3202 421 3232 474 ὁ
3290 418 3425 493 ἐμὸς
3482 417 3756 497 ἀδελφὸς,

320 539 421 592 μον
471 516 841 588 ἡτοιμάζοντο
885 509 1034 583 (οὐδὲ
1081 512 1185 588 γὰρ
1231 508 1343 566 οὐδ’
1393 512 1446 566 οἱ
1496 511 1788 587 στρατηγοὶ
1842 519 1970 586 ηρεο

318 613 436 680 μεῖν
486 605 660 679 εἶχον,
710 601 868 656 τόσον
917 603 1300 676 συνηθροῖσθαι
1357 600 1420 655 τὸ
1466 598 1731 656 Ἰταλικὸν
1779 611 1972 664 πυνθα-

311 696 556 766 νόμενοι,
591 691 736 748 ἀλλὰ
783 693 871 746 καὶ
924 692 1079 746 αὐτοὶ
1135 689 1390 766 ἐτέρωθεν
1437 689 1859 764 εὐτρεπίζοντο),
1893 690 1969 751 ὡς

311 787 442 858 γοῦν
504 784 629 836 ὅσον
708 781 861 836 οῧπω
931 782 1383 855 ὁμαιχμήσαντες
1440 779 1496 832 οἱ
1545 783 1644 834 τοῦ
1703 776 1967 833 δεσπότου

313 869 551 946 ἔμελλον
610 866 974 948 προσϐαλεῖν,
1011 873 1046 940 ἡ
1096 870 1440 943 μυθευομένη
1490 869 1643 944 Ἒρις
1701 868 1881 938 ἐκείνη
1925 870 1960 936 ἡ

317 961 516 1035 μεταξὺ
575 965 684 1016 τῶν
729 965 895 1035 τριῶν
948 961 1174 1014 Θεαινῶν
1211 960 1275 1014 τὸ
1338 957 1516 1032 μῆλον
1573 957 1772 1034 ῥιψασα
1827 958 1964 1033 πρὸς

313 1051 646 1127 φιλονεικίαν
679 1051 778 1119 τήν
811 1050 936 1126 περὶ
975 1048 1240 1117 κάλλους,
1281 1047 1458 1117 ἐκείνη
1492 1048 1580 1102 καὶ
1621 1047 1840 1109 τούτοις
1869 1045 1965 1120 ἐμο

313 1139 522 1198 πίπτει.
556 1140 661 1196 Καὶ
693 1141 728 1210 ἡ
763 1139 908 1194 αἴτια
937 1139 1085 1216 παρά
1119 1137 1310 1212 μικρὸν
1344 1137 1606 1214 ἐμφερής.

417 1291 526 1350 λα’.
586 1294 782 1355 ⁶Ὀπως
826 1298 928 1362 τῆς
959 1289 1193 1418 Ἀχέαςίῖς
1225 1291 1252 1344 6
1279 1288 1510 1365 πρίγκιψ
1563 1288 1854 1362 Ῥωμαίοις

1093 1384 1123 1416 α
1165 1386 1231 1418 ω.

1093 1384 1231 1422 αΛω.

383 1496 606 1572 Λέγεται
638 1497 741 1572 γὰρ
789 1495 916 1557 τοὺς
969 1495 1094 1570 περὶ
1149 1495 1239 1550 τὸν
1290 1494 1558 1569 πρίγκιπα
1618 1497 1960 1568 μεγιστᾶνας,

316 1585 406 1642 οὕς
465 1586 661 1642 ἐκεῖνοι
723 1581 1133 1660 καϐαλλαρίους
1215 1583 1474 1659 λέγουσι,
1529 1584 1735 1639 τούτων
1810 1583 1962 1647 τινὰς

313 1675 743 1753 ἐποφθαλμίζειν
799 1675 917 1728 κατ’
974 1670 1177 1748 ἔρωτας
1227 1676 1296 1746 τῇ
1340 1677 1438 1728 τοῦ
1485 1672 1662 1728 Δούκα
1707 1672 1962 1731 Ἰωάννου

317 1765 535 1839 συζύγῳ
568 1811 583 1837 ,
642 1765 707 1834 ἢν
765 1763 855 1817 καὶ
927 1766 1024 1817 τοῦ
1082 1766 1311 1837 Ταρωνᾶ
1385 1761 1652 1839 θυγατέρα
1705 1763 1733 1817 6
1794 1760 1962 1837 λόγος

317 1852 542 1909 ἐδείκνυ.
591 1855 769 1910 Τοῦτο
819 1849 867 1907 δ’
904 1852 971 1921 ἦν
1011 1854 1113 1926 ἄρα
1158 1850 1237 1924 τῷ
1283 1849 1495 1922 ἐκείνης
1517 1850 1672 1926 ἀνδρὶ
1722 1851 1797 1912 εἰς
1825 1871 1965 1927 προ-

314 1949 453 2020 φανῆ
502 1961 620 1996 τινα
676 1936 830 2016 ὕϐριν
887 1941 979 1995 καὶ
1036 1941 1460 2017 καταφρόνησιν,
1491 1939 1580 1994 καὶ
1641 1937 1708 2010 δὴ
1771 1936 1960 2015 ὑϐριο-

312 2035 498 2095 πσθῶν
559 2030 762 2092 ἐκεῖνος
837 2029 888 2083 ἐν
949 2029 1164 2090 τούτοις
1240 2026 1385 2105 δεινρ
1451 2028 1624 2084 ἐποίει
1690 2028 1778 2083 καὶ
1841 2034 1961 2092 τοῖς

313 2115 590 2195 ὑϐρίσασιν
651 2117 1041 2191 ἀνταμύνεσθαι
1116 2117 1475 2187 κατηπείλει.
1553 2119 1651 2173 Καὶ
1725 2114 1836 2192 ἔρις
1892 2118 1958 2188 ἦν

313 2208 693 2286 ἀμφοτέρωθεν
773 2207 975 2284 ἰσχυρά
1033 2207 1124 2261 καὶ
1182 2206 1260 2269 εἰς
1312 2205 1558 2280 πόλεμον
1617 2205 1960 2283 ἐκορύσσετο,

311 2298 401 2352 καὶ
478 2297 529 2351 oi
605 2296 680 2359 εἷς
749 2296 1055 2371 ὁμαίχμίαν
1131 2294 1422 2367 κληθέντες
1498 2297 1616 2352 κατ’
1692 2294 1960 2368 ἀλλήλων

314 2386 648 2443 συνίσταντο.
699 2387 832 2440 Τότε
886 2384 1105 2460 λέγεται
1158 2385 1246 2440 καὶ
1301 2385 1460 2441 αὐτὸν
1527 2387 1620 2441 τὸν
1689 2387 1963 2462 πρίγκιπα

314 2477 522 2550 ὁρῶντα
576 2478 675 2544 τὴν
729 2474 914 2549 μάχην
966 2477 1277 2550 ἀγανακτεῖν
1306 2518 1320 2545 ,
1377 2475 1468 2530 καὶ
1507 2480 1623 2540 τοῖς
1681 2476 1774 2549 μὲν
1836 2497 1964 2553 σφε-

308 2564 491 2639 τέροις
553 2565 641 2637 μὼ
697 2562 844 2638 ἔχειν
895 2562 1274 2636 ἐπιπλήττειν,
1331 2568 1409 2635 τῷ
1457 2561 1514 2618 δέ
1541 2585 1602 2640 γε
1641 2565 1818 2636 Δούκᾳ
1871 2565 1962 2619 καὶ

313 2652 436 2709 λίαν
497 2653 990 2726 ἐπιμωκησάμενον
1051 2651 1358 2726 χλευάσαι,
1405 2644 1510 2706 καῖ’
1551 2652 1616 2707 τὰ
1673 2652 1748 2716 εἷς
1789 2654 1962 2728 γένος,

314 2742 388 2804 ὡς
445 2741 626 2812 νόθος,
683 2739 811 2796 λίαα
869 2740 1138 2816 λαμπρῶς
1188 2738 1469 2799 ὀνειδίσαι.
1530 2741 1628 2798 Καὶ
1677 2742 1752 2805 ὼς
1808 2743 1965 2807 οὗτος

308 2959 596 3013 conventu
637 2955 796 3012 haud
847 2955 1202 3012 cessandum
1255 2955 1389 3021 rati,
1420 2955 1492 3011 ad
1537 2972 1796 3028 pugnam
1847 2956 1964 3029 ipsi

312 3062 549 3119 quoque
589 3045 872 3118 procincti
904 3061 934 3102 e
967 3045 1202 3117 regione
1224 3046 1503 3118 stabant),
1548 3045 1648 3102 tali
1694 3046 1959 3118 inquam,

319 3134 566 3192 articulo
599 3151 795 3191 rerum
827 3151 894 3190 ac
924 3135 1228 3207 temporis,
1259 3152 1395 3191 cum
1421 3138 1651 3191 tantum
1680 3152 1796 3191 non
1839 3135 1962 3193 acie

314 3226 592 3282 instructi
611 3226 866 3298 despotaa
883 3227 1100 3282 milites
1119 3227 1356 3299 signum
1376 3227 1684 3283 conflictus
1700 3235 1961 3298 expecta-

314 3317 466 3377 rent,
489 3312 750 3368 medium
772 3313 1084 3369 intervenit
1101 3313 1296 3369 simile
1313 3315 1597 3385 quiddam
1617 3317 1702 3370 illi
1723 3321 1871 3372 notua
1890 3331 1959 3372 ex

2082 509 2144 563 σὺ
2203 506 2260 564 δέ
2319 509 2570 584 σκότιος,
2631 510 2708 581 μή
2758 507 2866 584 οὐχ
2923 509 3074 571 ὅπως
3130 507 3416 582 ἐλεύθερος
3474 507 3624 564 ἀλλᾶ
3664 508 3762 563 καὶ

2081 597 2278 662 δοῦλος
2321 599 2506 658 αὐτοῦ.
2561 603 2736 654 Ταῦτα
2797 601 2908 672 μετ’
2972 593 3288 673 ἐμϐριθείας
3337 597 3585 660 εἰπόντος
3648 602 3753 653 τοῦ

2079 695 2385 765 Πρίγκιπος
2441 687 2741 765 Ἀχιλλεὺς
2769 691 2833 760 ἦν
2887 686 3058 752 ἄλλος
3112 688 3140 742 6
3191 689 3447 758 Ἰωάννης
3488 687 3752 761 μηνίσας.

2078 777 2217 834 Τότε
2276 777 2446 842 θέλων
2509 775 2674 850 δεῖξαι
2717 776 2878 842 αὐτὸς
2916 775 2988 832 ὢν
3039 777 3100 831 τὸ
3177 782 3278 831 πᾶν
3334 780 3430 831 τοῦ
3489 781 3756 851 στρατοῦ,
3803 846 3806 847 ν

2075 867 2164 922 καὶ
2219 869 2301 930 οἷς
2362 867 2421 923 ἃν
2490 867 2838 943 προσκέοιτο,
2894 865 3129 930 ἐκείνους
3177 871 3460 937 νικῶντας,
3519 868 3749 940 πέμψας

2080 953 2152 1011 δι’
2209 956 2536 1035 ἀπορρήτων
2581 959 2773 1020 νυκτὸς
2831 962 2951 1019 τοῖς
2996 962 3327 1032 στρατηγοῖς
3384 953 3753 1029 διαμηνύεται

2080 1046 2155 1108 ὡς
2187 1045 2350 1110 αὐτὸς
2399 1049 2515 1121 μετ’
2566 1049 2743 1103 αὐτῶν
2776 1044 2926 1102 ἔσται
2975 1046 3065 1101 καὶ
3123 1045 3199 1108 ὡς
3256 1044 3574 1116 ἐπιθήσοιτο
3629 1049 3752 1107 τοῖς

2079 1135 2194 1208 μετ’
2255 1136 2419 1191 αὐτοῦ
2478 1136 2732 1206 Ἰταλοῖς,
2795 1138 2880 1209 [Ρ.
2933 1137 3027 1208 51]
3091 1133 3250 1212 βλαξὶ
3305 1135 3396 1190 καὶ
3451 1139 3752 1209 τρυφεροῖς

2074 1223 2251 1296 οὖσιν,
2330 1225 2375 1280 εἰ
2444 1225 2610 1299 μόνον
2685 1225 2888 1280 ἐκεῖνον
2967 1226 3204 1302 ὀρφῖρεν.
3260 1221 3412 1292 Πλὴν
3468 1225 3748 1278 καθιστῶν

2072 1315 2208 1390 πρὸς
2265 1314 2504 1380 ἐκείνους
2559 1315 2686 1379 τοὺς
2739 1315 2938 1390 ὅρκους
2971 1361 2985 1387 ,
3045 1314 3112 1369 τά
3156 1313 3321 1370 πιστὰ
3377 1311 3561 1387 ἐτήρει
3628 1318 3756 1376 τοῖς

2071 1405 2196 1479 περὶ
2224 1405 2315 1459 τὸν
2365 1405 2572 1480 πατέρα
2624 1405 2715 1460 καὶ
2773 1405 2866 1459 τὸν
2905 1402 3070 1458 αὐτοῦ
3101 1400 3334 1478 ἀδελφὸν
3396 1401 3752 1479 Νικηφόρον,

2073 1491 2212 1548 ὥστε
2270 1488 2595 1563 ἀλωὸήτους
2666 1491 2866 1556 αὺτοὺς
2923 1490 3379 1568 διατηρήσαντας,
3437 1497 3558 1554 τοῖς
3621 1491 3749 1548 λοι-

2071 1587 2198 1644 ποῖς
2227 1580 2458 1645 Ἰταλοῖς
2489 1582 2750 1654 οὗσι,καὶ
2802 1565 3169 1660 διαφερόντως
3216 1587 3359 1649 τοῖς,
3406 1585 3504 1637 τοῦ
3563 1581 3741 1658 Πρίγο

2071 1691 2273 1740 κιπος,
2329 1670 2500 1744 ὁμόσε
2555 1676 2758 1747 χωρεῖν
2795 1715 2809 1728 .
2858 1672 3033 1726 Ταῦτα
3091 1671 3430 1744 συνθεμένων
3488 1670 3747 1737 ἐκείνων,

2070 1762 2158 1816 καὶ
2220 1757 2668 1833 ἀνταλλαξάντων
2699 1759 2775 1822 εἰς
2804 1759 2933 1822 τοὺς
2965 1761 3163 1834 ἀρκους
3210 1761 3278 1815 τά
3327 1760 3447 1836 ἱερᾶ
3498 1759 3752 1834 περιάμ-

2078 1870 2241 1922 ματα,
2299 1849 2663 1926 συρρήγνυται
2721 1848 2875 1925 μάχη
2941 1849 3171 1925 μεγίστη
3225 1849 3374 1913 ὶνθεν
3443 1849 3537 1922 μὲν
3598 1850 3749 1905 Ῥω-

2078 1939 2260 2010 μαίοις
2307 1937 2399 1993 σὺν
2463 1937 2695 2012 Πέρσαις
2758 1938 2848 1992 καὶ
2902 1938 3156 2010 Σκυθικῷ
3207 1935 3474 2010 πλείστῳ,
3535 1936 3745 2002 ἐκεῖθεν

2072 2025 2129 2083 δὲ
2199 2032 2317 2090 τοῖς
2385 2032 2484 2083 τοῦ
2561 2029 2866 2104 Πρίγκιπος
2915 2026 3172 2090 Ἰταλοῖςο
3230 2029 3324 2082 τὸν
3374 2028 3477 2104 γάρ
3529 2029 3745 2102 πατέρα

2069 2116 2159 2172 καὶ
2189 2115 2422 2194 ἀδελφὸν
2479 2118 2570 2171 σὺν
2629 2122 2749 2179 τοῖς
2805 2117 2931 2192 περὶ
2989 2115 3226 2181 ἐκείνους
3283 2137 3434 2194 σφισι
3462 2116 3532 2171 τά
3589 2113 3747 2171 δεινά

2071 2205 2342 2268 ἐπισείσας
2409 2207 2720 2282 ἀποναρκᾷν
2793 2207 2931 2282 πρὸς
2978 2207 3077 2277 τὴν
3132 2206 3320 2281 μάχην
3389 2205 3587 2277 ἐποίει,
3648 2206 3744 2261 καὶ

2072 2294 2178 2371 οὐχ
2209 2297 2358 2357 ὅπως
2381 2296 2475 2350 τὸν
2498 2294 2744 2368 πόλεμον
2790 2290 3216 2367 ἀναϐάλλεσθαι,
3273 2293 3424 2351 ἀλλᾶ
3478 2295 3570 2351 καὶ
3636 2296 3747 2350 ὐπὸ

2069 2381 2212 2439 πόδα
2269 2384 2601 2459 ἀναχωρεῖν,
2634 2383 2798 2446 αὐτὸς
2831 2381 2889 2439 δὲ
2919 2385 3056 2439 κατὰ
3109 2386 3289 2440 νώτου
3319 2390 3436 2447 τοῖς
3497 2382 3738 2448 Ἰταλοῖς

2069 2477 2591 2550 προσεπιτιθέμενος
2653 2473 2802 2530 δεινὰ
2857 2474 3080 2532 ἐποίει.
3141 2475 3244 2532 Καὶ
3301 2474 3426 2530 τότε
3485 2469 3734 2551 ἔγνωσαν

2072 2563 2276 2620 Ἰταλοὶ
2328 2561 2787 2641 παραδεδομένοι,
2849 2566 2938 2620 καὶ
3001 2561 3428 2639 ἀπεδίδρασκον.
3491 2564 3570 2622 O6
3626 2566 3738 2637 μήν

2074 2652 2132 2710 δὲ
2186 2653 2277 2709 καὶ
2333 2656 2424 2710 τὸν
2471 2651 2715 2710 κίνδυνον
2782 2653 3132 2732 ὐπεξέφυγον,
3191 2654 3336 2711 ἀλλὰ
3385 2653 3600 2711 πολλοὶ
3649 2659 3736 2728 τῷ

2075 2747 2328 2816 Σκυθικῷ
2403 2742 2762 2820 στρατεύματι
2843 2739 3518 2820 συῃαταλαμῦανόμενοι,
3605 2764 3744 2820 συχ-

2073 2957 2156 3014 ait
2185 2956 2464 3030 Princeps
2492 2974 2631 3015 voce
2657 2959 2912 3028 sublata,
2934 2959 3102 3016 oculo
3135 2976 3272 3016 eum
3299 2963 3735 3032 comtemptore

2073 3046 2297 3118 ﬁgens:
2332 3069 2360 3096 ‹‹
2391 3046 2477 3116 Tu
2511 3047 2667 3104 enim
2699 3049 2942 3121 spurius
2969 3065 3074 3106 nec
3117 3048 3269 3105 liber
3318 3048 3611 3120 tenebrio,
3642 3050 3744 3107 vix

2079 3151 2146 3192 eo
2170 3137 2304 3206 jure
2337 3136 2563 3208 aspires
2613 3141 2678 3192 ut
2715 3154 2922 3194 servus
2973 3138 3077 3194 sis.
3113 3160 3142 3188 »
3173 3137 3276 3194 His
3325 3138 3522 3194 verbis
3572 3139 3738 3195 haud

2070 3224 2274 3280 mitius
2307 3241 2483 3296 quam
2511 3225 2608 3282 ille
2635 3231 2806 3284 vetus
2840 3227 3300 3300 Agamemnonis
3322 3227 3605 3284 conviciis
3630 3245 3739 3284 no-

2067 3329 2176 3368 vus
2199 3312 2456 3370 Achilles
2480 3317 2740 3371 Joannes
2770 3315 3120 3383 concitatus,
3139 3316 3197 3371 in
3217 3315 3363 3372 iram
3390 3331 3507 3372 non
3529 3317 3737 3373 minus

317 3400 532 3456 fabulis
562 3400 888 3468 discordiae,
908 3417 1036 3472 quae
1067 3399 1221 3457 inter
1251 3403 1390 3458 deas
1421 3407 1540 3459 tres
1559 3403 1782 3460 malum
1814 3422 1960 3477 praz-
1992 3386 2034 3454 C
2075 3418 2396 3459 memorem
2427 3407 2485 3459 et
2530 3404 2686 3460 exitu
2738 3405 2973 3461 noxiam
3018 3405 3349 3462 excanduit.
3382 3411 3637 3478 Moxque
3667 3411 3736 3463 ut

319 3488 534 3545 stantis
556 3489 755 3543 formze
781 3489 1332 3559 premiumjaciens
1358 3491 1578 3563 tragica
1596 3509 1696 3548 eas
1719 3493 1958 3549 aemula-

313 3576 531 3632 latione
561 3576 862 3632 conmisit.
897 3577 993 3633 Sic
1022 3577 1178 3632 enim
1203 3580 1260 3632 et
1285 3595 1440 3635 nunc
1459 3580 1722 3637 foederati
1743 3582 1960 3654 princi-

314 3681 416 3736 pes
447 3663 592 3734 rixa,
626 3663 720 3720 hic
752 3681 983 3737 quoque
1015 3682 1129 3721 non
1157 3666 1435 3723 dissimili
1472 3685 1542 3725 ex
1590 3687 1769 3728 causa
1799 3676 1957 3740 nata,

311 3752 580 3810 distracti
611 3754 684 3810 ab
713 3752 966 3810 invicem
1000 3760 1139 3811 sunt
1169 3754 1420 3813 discidio
1455 3759 1706 3818 funesto.

419 3887 508 3945 3t.
545 3889 610 3945 Ut
641 3887 866 3945 Achaiae
891 3888 1145 3962 princeps
1172 3896 1365 3962 captus
1393 3908 1427 3947 a
1472 3894 1727 3949 Romanis
1755 3897 1849 3952 sit.

380 4003 559 4060 Aiunt
587 4004 744 4061 enim
777 4005 1062 4076 quosdam
1085 4020 1115 4060 e
1137 4006 1417 4062 comitatu
1440 4009 1730 4082 Principis
1757 4026 1961 4082 proce-

311 4108 426 4159 res,
449 4109 597 4164 quos
615 4092 964 4149 caballarios
985 4093 1959 4170 illivocant,eupiditatisadjeeisse

309 4181 510 4237 oculos
539 4181 599 4238 in
632 4183 801 4238 ducis
829 4181 1075 4239 Joannis
1123 4185 1458 4256 conjugem,
1489 4203 1667 4258 quam
1722 4193 1959 4246 Taronae

309 4269 494 4326 fuisse
525 4269 705 4325 ﬁliam
729 4270 1012 4340 diximus,
1033 4272 1092 4327 in
1123 4273 1502 4331 manifestam
1533 4277 1642 4332 viri
1675 4278 1804 4347 ejus
1820 4295 1958 4335 con-

309 4357 618 4414 tumeliam
637 4366 691 4414 et
708 4360 1015 4430 praesentis
1034 4367 1435 4434 contemptum
1457 4384 1471 4434 ;
1490 4366 1661 4438 cujus
1683 4366 1783 4423 ille
1803 4367 1956 4424 haud

311 4446 702 4504 dissimulans
719 4447 975 4505 dolerem
999 4450 1348 4521 gravissime
1367 4461 1610 4524 questus
1633 4460 1744 4522 est,
1767 4456 1959 4512 mina-

311 4540 411 4592 tus
443 4535 621 4592 etiam
670 4552 908 4608 gravem
969 4537 1252 4595 ultionem
1307 4542 1646 4598 auctoribus
1706 4545 1956 4617 injuriae,

312 4623 529 4696 quibus
559 4625 631 4680 ad
660 4641 730 4682 ea
759 4626 1010 4696 superbe
1034 4631 1521 4700 responsantibus
1544 4637 1838 4689 certamen
1863 4651 1958 4691 ac-

312 4729 557 4769 censum
571 4719 658 4770 est
676 4718 992 4786 utrumque
1007 4715 1346 4788 vehemens,
1363 4719 1580 4792 iraeque
1598 4720 1958 4793 ignescentes

314 4803 375 4858 in
396 4800 617 4858 bellum
637 4802 1067 4860 internecivum
1090 4805 1635 4879 intlammabantur,
1659 4811 1808 4869 mira
1833 4813 1960 4870 bre-

313 4891 403 4947 vis
431 4891 895 4948 commutatione
923 4895 1228 4963 momenti,
1252 4897 1433 4968 utqui
1456 4898 1629 4970 paulo
1656 4905 1792 4958 ante
1813 4905 1955 4959 socii

314 4996 688 5037 communem
721 4981 908 5037 aciem
940 4986 1144 5038 contra
1172 4983 1374 5043 hostes
1399 5003 1467 5043 ex
1496 4989 1741 5047 adverso
1773 4991 1956 5048 intru-

313 5074 438 5126 ctos
468 5069 824 5138 conflabant,
859 5086 922 5126 se
953 5070 1202 5128 invicem
1235 5073 1431 5132 infesti
1476 5082 1760 5149 peterent.
1793 5082 1959 5139 Tunc

312 5157 638 5230 principem
662 5157 784 5214 haec
807 5164 1143 5216 cernentem
1168 5162 1364 5220 ferunt
1387 5163 1754 5238 indignatum
1776 5171 1962 5242 gravi-

310 5250 400 5301 ter
412 5263 554 5304 suos
567 5247 805 5319 quidem
831 5249 1143 5322 objurgare
1165 5269 1280 5308 non
1306 5255 1684 5327 sustinuisse,
1703 5258 1802 5316 85
1823 5261 1960 5318 duci

308 5339 511 5393 autem
543 5342 608 5393 ut
636 5337 933 5394 tumultus
961 5339 1184 5398 auctori
1235 5348 1597 5412 succentem,
1633 5362 1770 5403 eum
1825 5366 1960 5406 con-

305 5425 619 5483 tumeliose
649 5426 1000 5500 appellasse,
1033 5431 1384 5502 exprobrato
1419 5431 1597 5489 etiam
1630 5434 1964 5496 luculenter

311 5529 376 5572 ac
397 5515 593 5594 palam
618 5517 900 5573 dedecore
923 5517 1235 5576 natalium.
1253 5521 1400 5578 Cum
1419 5521 1578 5578 enim
1601 5522 1654 5580 is
1674 5525 1961 5600 Nicepho-

313 5617 444 5660 rum
465 5604 785 5662 ostendens
807 5627 836 5658 ‹‹
855 5605 1037 5663 frater
1055 5621 1223 5666 meus
1245 5629 1275 5658 »
1293 5608 1560 5684 dixisset,
1584 5642 1654 5654 —
1670 5615 1959 5690 «Apage,»

2067 3491 2498 3547 demonstraret
2529 3492 2887 3565 praecipuam
2921 3510 2983 3550 se
3013 3498 3241 3565 partem
3282 3493 3496 3551 harum
3529 3495 3730 3567 copia-

2068 3596 2200 3635 rum
2230 3595 2380 3650 esse,
2416 3597 2483 3636 ac
2515 3597 2870 3655 quocunque
2901 3583 3247 3640 inclinasset
3295 3599 3496 3640 secum
3546 3585 3735 3641 victo-

2069 3668 2216 3723 riam
2248 3673 2606 3735 tracturum,
2638 3671 2840 3727 missis
2891 3672 3120 3728 arcanis
3171 3677 3346 3728 noctu
3400 3671 3619 3728 litteris
3652 3675 3728 3729 ad

2067 3759 2246 3813 duces
2275 3757 2539 3813 hostium
2571 3760 2868 3831 signiﬁcat
2897 3777 2960 3817 se
2993 3777 3129 3816 cum
3159 3761 3308 3833 ipsis
3341 3761 3484 3832 fore,
3520 3767 3577 3817 et
3609 3761 3729 3818 im-

2067 3851 2268 3918 petum
2298 3863 2434 3902 eum
2467 3847 2592 3902 suis
2627 3848 2919 3905 facturum
2951 3849 3011 3905 in
3041 3848 3347 3906 ltaliorum
3393 3849 3731 3906 multitudi-

2068 3951 2203 3990 nem
2224 3933 2495 3990 mollium
2516 3935 2991 4010 imbelliumque,
3013 3937 3063 3994 si
3085 3952 3184 3994 eos
3206 3937 3291 3993 illi
3320 3937 3724 3996 adorirentur.

2066 4025 2228 4080 Cavit
2258 4028 2484 4094 tamen,
2506 4030 2707 4082 exacto
2738 4025 2796 4082 in
2833 4027 2891 4082 id
2923 4028 2995 4084 ab
3018 4027 3539 4098 eisjurejurando,
3572 4028 3726 4100 patri

2067 4129 2178 4168 suo
2206 4112 2467 4184 despotae
2496 4130 2562 4169 ac
2595 4114 2759 4170 fratri
2791 4115 3141 4187 Nicephoro,
3173 4119 3242 4171 ut
3283 4115 3432 4172 salvi
3479 4122 3732 4188 uterque

2064 4201 2411 4272 innoxiique
2440 4202 2900 4259 dimitterentur.
2931 4209 2996 4260 In
3019 4204 3274 4277 reliquos
3307 4203 3511 4275 Italos,
3545 4208 3735 4263 maxi-

2067 4306 2278 4362 meque
2303 4290 2364 4345 in
2393 4291 2611 4348 milites
2639 4291 2956 4364 Principis,
2977 4294 3139 4349 omni
3161 4293 3219 4348 vi
3238 4292 3375 4350 belli
3399 4295 3731 4352 saviretur.

2067 4378 2171 4435 His
2202 4379 2357 4435 inter
2385 4395 2486 4436 eos
2519 4380 2844 4452 conventis,
2876 4386 2935 4437 et
2973 4382 3207 4439 ﬁrmata
3249 4381 3534 4454 utrinque
3568 4385 3736 4456 jure-

2059 4468 2320 4539 jurando
2350 4469 2465 4525 ﬁde
2495 4485 2600 4541 per
2625 4471 3148 4527 commutationem
3180 4488 3488 4529 sacrorum
3517 4473 3743 4530 amulo-

2067 4561 2284 4624 torum,
2318 4561 2485 4614 atrox
2516 4574 2714 4630 pugna
2744 4560 3158 4631 committitur,
3187 4561 3321 4617 hinc
3349 4562 3595 4632 quidem
3628 4567 3738 4620 Ro-

2068 4647 2262 4702 manis
2321 4663 2456 4702 cum
2507 4649 2703 4705 Persis
2746 4653 2804 4704 et
2857 4649 3209 4722 Scytharum
3275 4667 3458 4706 manu
3521 4669 3741 4725 magna

1992 4762 2035 4827 ο
2067 4734 2457 4827 irruentibus,
2491 4736 2792 4827 stantibus
2821 4742 3028 4795 contra
3057 4738 3244 4806 Italis,
3275 4739 3377 4809 qui
3423 4741 3538 4796 sub
3571 4740 3741 4797 Prin-

2067 4823 2197 4896 eipe
2231 4825 2556 4881 merebant.
2583 4825 2732 4884 Nam
2765 4827 2917 4899 patri
2939 4832 2997 4884 et
3027 4827 3192 4884 fratri
3212 4829 3470 4885 Joannes
3489 4845 3740 4901 persua-

2074 4917 2252 4982 serat,
2280 4929 2454 4986 grave
2499 4915 2559 4970 ni
2610 4915 2872 4972 facerent
2918 4915 3248 4988 periculum
3290 4917 3625 4986 intentans,
3673 4924 3741 4976 ut

2070 5019 2184 5058 non
2215 5006 2450 5058 tantum
2483 5003 2851 5062 abstinerent
2894 5022 3114 5079 pugna,
3147 5007 3249 5062 sed
3296 5007 3508 5079 pedem
3558 5009 3737 5066 etiam

2069 5091 2353 5148 referrent
2383 5096 2560 5164 atque
2586 5093 2640 5148 in
2682 5100 2878 5151 tutum
2912 5111 2975 5151 se
3007 5094 3354 5168 reciperent.
3393 5098 3526 5170 Ipse
3559 5115 3739 5171 porro

2069 5197 2102 5234 a
2131 5183 2295 5252 tergo
2328 5180 2506 5237 Italos
2538 5182 2783 5239 adortus
2803 5199 3084 5256 magnam
3105 5199 3310 5241 eorum
3342 5189 3609 5258 stragem
3632 5189 3739 5244 de-

2070 5268 2176 5323 dit.
2209 5269 2362 5324 Tum
2417 5270 2656 5327 demum
2687 5287 2818 5328 sese
2875 5271 3007 5328 Itali
3067 5272 3332 5342 proditos
3377 5283 3738 5344 senserunt;

2071 5357 2396 5429 sparsique
2420 5358 2478 5414 in
2495 5359 2690 5432 fugam
2713 5361 2934 5432 passim
2954 5376 3060 5418 nec
3078 5359 3162 5416 sic
3178 5361 3280 5418 88
3298 5363 3637 5435 perieulum
3658 5366 3744 5422 fu-

2073 5450 2288 5517 gerunt
2343 5448 2723 5505 circumventi
2767 5468 2801 5505 a
2858 5448 3152 5521 Scythicis
3210 5451 3472 5509 maxime
3531 5455 3743 5527 copiis,

2075 5550 2330 5606 quarum
2362 5536 2735 5595 creberrimis
2766 5539 2979 5596 conﬁxi
3003 5538 3226 5611 jaculis
3249 5541 3564 5612 cadebant,
3585 5543 3744 5601 aliis

2074 5622 2268 5682 Persis
2328 5625 2737 5699 capiebantur.
2772 5629 2904 5702 Ipse
2951 5627 3025 5686 ad
3075 5634 3406 5688 extremum
3459 5632 3741 5708 Princeps
