3944 6202
200 324 285 379 521

193 541 289 596 τοῖς
320 535 535 610 Πέρσαις
592 534 913 605 ἡλίσκοντο.
945 542 1051 596 Καὶ
1108 540 1270 606 τέλος
1322 544 1484 610 αὐτὸς
1514 548 1542 600 ὁ
1573 550 1810 623 πρίγκιψ

192 626 352 695 θάμνῳ
407 625 509 677 τινὶ
565 624 858 700 παρεισδὺς
912 629 1113 694 ἐκεῖθεν
1172 631 1382 710 ἐθάῤῥει
1444 634 1648 705 λαθεῖν,
1682 638 1810 693 ἀλλ’

189 714 273 767 οὐκ
320 711 443 781 ἤνυε
493 714 553 768 τὸ
610 718 862 789 παράπαν
899 735 912 749 ⁸
964 718 1277 786 ἐπιστάντες
1331 725 1434 799 γὰρ
1501 726 1589 780 καὶ
1648 728 1811 783 αὐτὸν

190 802 367 863 ἀκλεῶς
397 802 587 877 ᾕρουν.
621 806 722 859 Καὶ
775 805 915 882 μέγα
943 829 992 863 τι
1052 811 1261 867 ἀκονιτὶ
1308 811 1361 867 ἐν
1418 820 1584 887 στενῴ
1612 815 1809 892 κατόρ-

186 894 318 963 θωμα
359 893 468 945 τότ’
499 890 812 967 ἐπράττετο,
848 895 900 950 ἐν
961 895 1134 975 ὀλίγῳ
1190 900 1341 974 πόνῳ
1382 900 1570 975 κέρδος
1626 890 1808 960 νεανι-

182 980 275 1034 κόν.
304 982 427 1036 Τότε
482 981 660 1037 τοίνυν
714 986 781 1039 τὰ
840 987 1121 1060 Θαυμαστᾶ
1166 990 1258 1044 καὶ
1303 991 1517 1067 μεγάλα
1548 994 1601 1048 οἱ
1644 1015 1805 1069 στρα-

178 1068 316 1142 τηγοῖ
362 1069 781 1144 ἀπενεγκάμενοι
846 1073 1078 1152 λάφυρα,
1112 1075 1193 1155 ἐφ’
1227 1081 1308 1140 οἷς
1367 1080 1456 1135 καὶ
1515 1080 1672 1137 αὐτὸν
1735 1081 1801 1153 δὴ

174 1158 251 1211 τὸν
299 1161 390 1227 τῆς
449 1158 673 1233 Ἀχαΐας
760 1161 1048 1237 πρίγκιπα,
1107 1165 1188 1220 ἐπ’
1247 1166 1513 1238 ἀνατολήν
1593 1170 1805 1245 σύναμα

168 1246 338 1317 καὶτῷ
376 1246 498 1322 περὶ
536 1249 733 1312 αὐτοὺς
766 1252 1124 1326 στρατεύματι
1177 1254 1441 1329 ἤλαυνον,
1474 1263 1801 1337 κατοχυρώ-

172 1355 329 1389 σαντες
377 1337 452 1398 ὡς
513 1336 630 1392 οἷόν
706 1359 764 1393 τε
821 1341 1084 1417 πρότερον
1138 1346 1225 1400 καὶ
1284 1346 1409 1409 τοὺς
1465 1351 1601 1404 κατᾶ
1649 1348 1797 1406 δύσιν

170 1425 362 1489 τόπους,
441 1426 518 1487 ὡς
592 1426 682 1481 ἐπὶ
766 1427 1021 1485 πλεῖστον
1084 1430 1469 1510 φυλάττοιντο.
1527 1440 1615 1500 Ὠς
1667 1444 1795 1515 γοῦν

167 1509 408 1582 ἐπανῆκον
470 1515 609 1587 μετὰ
668 1515 939 1593 λαμπρῶν
998 1526 1105 1575 τῶν
1156 1524 1454 1598 τροπαίων,
1479 1528 1794 1607 κατειλήφει

169 1602 245 1671 μὲν
301 1604 384 1656 καὶ
443 1602 523 1659 ἔτι
584 1606 611 1659 ὁ
671 1609 1168 1684 Στρατηγόπουλος
1226 1612 1277 1666 ἐν
1310 1613 1672 1672 ἀκαταστασία
1722 1602 1797 1673 ’τᾶ

165 1688 441 1765 πράγματα,
477 1692 583 1748 οὐκ
613 1694 773 1770 ὀλίγα
830 1694 1004 1752 δὲκαὶ
1065 1699 1224 1763 αὐτὸς
1282 1708 1361 1775 τῷ
1421 1704 1794 1782 Παλαιολὸγῳ

166 1780 429 1854 συναίρεται
488 1789 595 1851 τῆς
652 1783 895 1859 ὀρέξεως.
956 1788 1058 1841 Τὸν
1127 1788 1305 1861 μέντοι
1385 1813 1447 1867 γε
1528 1815 1795 1869 πριγκιπα

164 1870 276 1922 κατα
326 1870 384 1925 τό
440 1874 730 1948 παρεστὼς
789 1875 883 1946 μὲν
941 1876 1063 1932 τότε
1118 1883 1186 1953 τῇ
1215 1881 1434 1957 φυλακῇ
1494 1882 1740 1940 ἐδίδοσαν
1774 1907 1784 1918 ·

164 1959 416 2027 μετέπειτα
474 1958 541 2015 δὲ
590 1960 836 2034 ἀλούσης
878 1971 978 2034 τῆς
1029 1966 1246 2032 πόλεως
1290 1970 1383 2041 (ὡς
1417 1972 1475 2025 ἃν
1528 1975 1645 2028 καθ’
1677 1974 1786 2050 εἶρ-

163 2049 244 2119 μόν
271 2050 351 2103 καὶ
380 2055 556 2106 ταῦτα
588 2052 776 2128 ῥηθείη
811 2056 899 2109 καὶ
935 2056 1010 2129 μή
1042 2057 1104 2111 τὸ
1150 2065 1249 2129 τῆς
1301 2057 1609 2135 διηγήσεως
1659 2086 1785 2118 συν-

160 2138 262 2210 εχὲς
314 2135 693 2210 διακόπτοιτο,
751 2142 797 2196 εἰ
874 2144 962 2198 καὶ
1022 2145 1296 2215 ξυνέπεσεν
1376 2149 1614 2226 ὕστερον)
1686 2161 1785 2224 τῆς

157 2226 261 2299 γοῦν
314 2227 534 2290 πόλεως
581 2228 846 2304 ἀλούσης,
888 2232 1030 2288 ἐτοῖν
1074 2234 1547 2311 παραδραμόντων
1608 2238 1780 2312 δυοῖν,

156 2315 177 2366 ὁ
216 2316 298 2386 μὲν
347 2316 593 2392 πρίγκιψ
640 2320 730 2374 τὸν
783 2315 1013 2396 σοϐαρὸν
1065 2324 1269 2399 αὐχένα
1318 2326 1503 2391 κλίνας
1550 2334 1629 2402 τῷ
1685 2332 1782 2406 βα-

157 2402 275 2457 σιλεῖ
300 2406 382 2460 καὶ
441 2407 571 2481 ἄρτι
624 2410 1108 2486 πρῶτον-βλέπειν
1160 2413 1362 2470 ἐκεῖνον
1420 2419 1620 2473 ἄνακτα
1648 2420 1784 2474 Ῥω-

155 2492 314 2563 μανίας
345 2491 539 2564 ἔλεγεν
595 2495 1003 2573 ἐπειλημμένον
1062 2503 1138 2565 ὡς
1194 2502 1365 2580 ἐχρῆν
1415 2511 1514 2562 τοῦ
1565 2508 1781 2583 θρόνου,

152 2584 306 2656 καίγε
349 2584 545 2640 ἑαυτὸν
592 2586 794 2651 πείθειν
854 2589 1343 2657 καθυποκλίνεσθαι
1401 2596 1490 2650 καὶ
1551 2597 1628 2660 εἰς
1682 2598 1783 2653 πό-

150 2763 335 2821 saltum
359 2767 674 2839 ingressus
706 2771 965 2828 arbustis
988 2772 1238 2831 densum
1270 2775 1351 2831 ibi
1383 2781 1542 2834 tutas
1573 2796 1635 2836 se
1693 2781 1785 2837 in-

149 2857 424 2912 venturum
456 2856 723 2915 latebras
755 2861 1029 2931 sperabat
1060 2862 1278 2919 frustra
1305 2880 1318 2920 :
1354 2883 1479 2922 ram
1519 2869 1782 2928 detectus

146 2939 358 3012 inglorie
386 2950 607 3018 captus
638 2950 693 3002 et
724 2948 849 3020 ipse
877 2954 986 3006 est.
1048 2956 1253 3024 Magna
1280 2957 1421 3011 tunc
1479 2974 1571 3014 res
1621 2959 1780 3016 brevi

145 3037 406 3090 momento
437 3051 512 3091 ac
538 3034 707 3092 facile
725 3043 977 3108 peracta,
994 3040 1305 3113 exiguique
1326 3044 1544 3102 laboris
1570 3046 1779 3119 ingens

141 3134 226 3174 nec
276 3123 681 3192 prudentibus
731 3128 1023 3199 sperabile
1062 3131 1312 3201 pretium
1345 3135 1630 3226 constitit.
1653 3138 1773 3194 Sub
1806 3158 1848 3226 ρ

143 3206 240 3263 hac
268 3210 516 3269 Romani
552 3214 732 3270 duces
763 3215 1094 3274 incredibili
1126 3221 1450 3292 spoliorum
1483 3225 1535 3280 vi
1579 3225 1771 3299 ditati,

140 3298 393 3369 captivum
429 3301 673 3358 Achaiae
704 3303 1029 3378 principem
1057 3308 1338 3365 ducentes
1361 3328 1490 3367 cum
1515 3316 1772 3372 exercitu

140 3383 187 3438 iu
215 3386 501 3447 Orientem
540 3398 924 3464 reverterunt,
970 3396 1221 3454 munitis
1270 3399 1436 3471 prius
1483 3408 1772 3473 quantum

138 3473 209 3530 fas
236 3477 336 3534 iuit
367 3484 423 3535 et
455 3496 709 3537 necesse
738 3482 930 3539 visum
962 3489 1072 3553 est,
1124 3490 1191 3543 ut
1220 3504 1397 3559 quam
1439 3490 1774 3551 diutissime

144 3580 318 3624 secure
346 3574 720 3641 tenerentur,
753 3572 991 3629 Occidui
1022 3573 1228 3633 limitis
1258 3577 1423 3635 locis.
1452 3579 1652 3637 Redux
1674 3600 1774 3638 au-

138 3656 235 3711 tem
264 3664 389 3729 post
409 3660 523 3716 illa
542 3659 855 3732 splendida
884 3670 1103 3735 tropaea
1149 3665 1596 3741 Strategopulus
1636 3687 1770 3727 cum

141 3744 290 3803 sociis
318 3765 412 3805 res
443 3749 918 3822 haudquaquam
948 3752 1142 3809 adhuc
1165 3754 1223 3810 in
1255 3756 1390 3812 aula
1421 3758 1651 3829 quietas
1682 3776 1773 3817 rc-

133 3834 278 3903 perit,
303 3854 368 3893 ac
389 3839 769 3911 perstudiose
800 3840 1121 3915 Palzeologo
1155 3845 1354 3902 favens
1386 3848 1640 3906 multum
1697 3851 1767 3906 ad

138 3924 244 3993 ejus
273 3932 554 3984 votorum
586 3928 860 3986 effectum
894 3932 1162 3987 contulit.
1204 3936 1276 3989 At
1306 3936 1631 4009 principem
1666 3956 1767 3995 cu-

141 4014 315 4069 stodia
344 4022 477 4074 tum
512 4018 754 4089 quidem
784 4020 1176 4077 tradiderunt.
1210 4023 1416 4080 Postea
1446 4042 1578 4083 vero
1597 4034 1770 4100 capta

133 4101 335 4162 civitate
365 4107 488 4179 (hic
523 4107 684 4163 enim
715 4109 886 4179 juvat
915 4125 1008 4166 res
1057 4111 1341 4184 principis
1369 4114 1600 4171 Achaiae
1651 4133 1768 4174 una

128 4191 279 4247 simul
310 4196 463 4252 serie
528 4196 744 4269 dicere,
775 4213 847 4254 ne
879 4198 930 4255 si
961 4200 1086 4256 suis
1147 4202 1406 4274 quidque
1472 4206 1766 4276 posterius

130 4286 334 4347 gestum
368 4285 745 4357 temporibus
776 4292 1060 4357 servetur,
1104 4289 1477 4348 incommode
1517 4294 1765 4367 abrupta

129 4365 232 4425 hiet
258 4375 547 4444 narratio)
568 4376 824 4446 quando,
858 4376 1123 4449 inquam,
1154 4380 1295 4436 urbs
1326 4380 1652 4439 aRomanis
1683 4401 1766 4440 re-

126 4463 269 4529 cepta
321 4468 439 4531 est,
473 4463 652 4520 annis
700 4470 831 4536 post
882 4465 1002 4522 haec
1034 4467 1285 4535 duobus,
1339 4468 1495 4527 ﬂexit
1524 4473 1763 4529 tandem

126 4550 416 4617 superbam
453 4552 745 4609 cervicem
780 4569 848 4609 ea
896 4571 1139 4611 suorum
1197 4556 1538 4615 Latinorum
1598 4560 1763 4619 clade

123 4633 316 4695 fractus
348 4641 599 4698 animus
652 4642 957 4714 principis,
990 4652 1044 4701 et
1070 4650 1211 4702 tunc
1262 4647 1521 4718 primum
1579 4666 1760 4723 agno-

124 4739 259 4782 scere
284 4730 396 4785 sibi
429 4731 595 4787 visus
628 4730 689 4787 in
722 4732 1002 4790 Michaele
1029 4751 1227 4791 veram
1243 4736 1497 4807 speciem
1535 4755 1600 4794 ac
1634 4756 1758 4797 ma-

116 4810 368 4879 jestatem
448 4819 849 4892 imperatoris,
896 4839 1027 4879 cum
1078 4824 1377 4881 Romaniae
1432 4827 1759 4900 principem

124 4899 270 4972 dixit,
307 4909 587 4964 eumdem
622 4910 922 4981 professus
953 4917 1043 4968 est
1074 4913 1183 4968 rite
1213 4930 1279 4969 ac
1310 4912 1569 4986 legitime
1600 4899 1766 4974 thro-

125 5004 247 5047 num
277 5011 627 5069 occupasse.
660 4998 921 5070 Denique
943 5001 1257 5058 afﬁrmavit
1286 5003 1483 5073 sejam
1523 5005 1763 5063 minime

124 5078 516 5141 dubitaturum
540 5087 846 5157 procidere
878 5090 948 5145 ad
970 5092 1146 5161 pedes
1172 5092 1322 5162 ejus,
1339 5091 1504 5163 eique
1526 5111 1588 5150 se
1620 5096 1762 5151 sub-

117 5166 278 5233 jicerc
307 5179 372 5229 ut
394 5176 564 5244 justo
596 5176 959 5247 imperatori,
1008 5180 1067 5234 in
1100 5196 1215 5251 quo
1244 5181 1493 5252 Augusti
1544 5183 1763 5255 fastigii

122 5259 291 5317 totum
314 5262 505 5319 instar
534 5270 711 5321 esset.
741 5264 836 5320 87
871 5267 1151 5325 Prmterea
1182 5270 1232 5324 si
1260 5269 1496 5325 tractari
1544 5270 1616 5327 de
1655 5289 1764 5329 sua

124 5342 457 5408 liberatione
516 5353 711 5424 vellet,
772 5355 960 5426 pretia
1007 5355 1297 5414 libertatis
1337 5358 1388 5413 ei
1430 5358 1759 5418 soluturum

124 5448 238 5501 (luce
269 5438 511 5498 haberet
538 5443 782 5515 optima.
821 5445 952 5502 Haec
986 5451 1286 5520 utcunque
1316 5449 1584 5521 Romani,
1654 5470 1760 5509 an-

124 5528 348 5595 tequam
384 5531 588 5588 urbem
622 5532 680 5588 in
737 5535 1013 5592 manibus
1064 5536 1349 5593 baberent
1387 5542 1762 5599 contemnere

123 5610 257 5671 forte
290 5621 640 5691 potuissent,
676 5639 830 5678 nunc
865 5628 1062 5682 tamen
1094 5627 1387 5683 confidere
1438 5642 1500 5683 se
1549 5638 1601 5685 et
1630 5630 1763 5689 illos

437 5737 690 5800 Pa'l'nOL.
741 5739 847 5799 Gn.
896 5740 1151 5803 CXLIII.

1250 336 1342 389 DE
1380 338 1747 394 MICHABLE
1786 344 2234 408 PALEOLOGO
2270 356 2402 411 LIB.
2447 366 2490 415 Ι.

193 454 294 507 vei;
334 451 441 506 τοῖς
500 445 703 511 ὀϊστοῖς
755 451 1182 525 τιτρωσκόμενοι
1243 452 1493 529 ἔπιπτον,
1526 457 1695 514 ἄλλοι
1747 460 1804 516 δὶ
1833 467 1886 534 Α
1920 463 2010 529 δας
2041 470 2256 529 πίπτειν
2293 478 2513 551 βασιλεῖ

250 541 268 550 -
320 535 377 551 η.
603 534 693 551 ,η
948 546 992 551 --
1037 542 1048 551 .
1150 540 1189 551 ..
1366 544 1379 551 -
1430 547 1439 551 _
1523 548 1533 551 _
1660 550 1667 551 ,

3475 391 3582 447 522

2540 507 2598 561 γε
2642 485 2753 545 ὄντι
2812 496 3024 573 τελείῳ.
3054 503 3118 559 Ei
3180 503 3237 560 δὲ
3288 508 3570 588 βούλοιτο,

3326 597 3337 615 Ι

1919 557 2007 610 καὶ
2036 556 2206 638 λύτρα
2237 562 2444 625 διδόναι
2482 574 2613 651 ὑπὲρ
2646 579 2808 637 αὐτοῦ
2857 586 2929 641 ὧν
2975 556 3104 666 ,ἔχει
3156 594 3225 649 τὰ
3275 556 3569 671 uiciniam:

1921 644 1952 671 α
1980 645 2021 671 -2
2121 652 2133 671 ι
2264 654 2278 671 θ
2332 657 2344 671 ι
2450 666 2472 671 -
2620 669 2630 671 ~
2758 669 2781 671 υ

3096 728 3111 754 ,
3172 684 3269 740 οὐκ
3324 685 3384 742 ἂν
3445 692 3566 761 ἠξί-

1922 756 2075 850 ωνὶτοἸ
2120 748 2237 850 ἰοῖς
2284 747 2577 850 ’ξωμαίοις
2637 764 2733 814 τοῦ
2777 763 3032 850 ,μηδενός
3247 778 3340 849 52]
3376 747 3569 850 mna,

1918 825 2006 879 καὶ
2054 824 2240 885 λαϐεῖν
2298 834 2548 909 ἀσμένως
2599 849 2868 906 πιστεύειν
2934 857 3023 911 καὶ
3080 856 3106 913 ἕ

3111 913 3307 935 ,νη-Ἴ
3374 913 3567 930 "mm.

1920 913 2335 1024 μεγμλύνεσθαι.
2398 928 2457 985 Ὁ
2542 934 2638 1006 μὲν
2707 939 2935 1018 πρίγκιψ
3015 952 3202 1021 ταῦτα,
3253 952 3417 1024 ἀξιῶν
3475 958 3567 1012 καί

1982 1006 2009 1018 ~
2154 1006 2167 1024 τ
2274 1013 2287 1024 .
2326 1014 2338 1024 .
2503 1017 2517 1024 -

1917 999 2116 1116 δοῦλρς
2148 1006 2203 1071 ἐς
2263 1013 2341 1068 ἀεὶ
2402 1017 2702 1091 κεκλῆσθαι
2752 999 2849 1083 ’καί
2905 999 2956 1086 τι
3020 999 3249 1109 σημεῖδν
3289 999 3457 1116 ³ἔχειν
3510 1044 3571 1101 ἐκ

1919 1092 2035 1116 an;
2095 1096 2132 1116 ί,
2268 1102 2296 1113 ,
2359 1100 2383 1116 κ
2458 1105 2475 1116 ,
2532 1109 2542 1116 _
2788 1114 2806 1116 _

1919 1091 2196 1205 ξασιλείας
2225 1102 2322 1170 τῆς
2356 1100 2605 1173 δουλείας
2662 1114 2942 1189 σύμϐολον
2980 1142 2992 1157 ’
3027 1091 3144 1180 δ’δὲ
3193 1148 3253 1201 γε
3312 1091 3571 1205 βέσιλεὺς

2732 1178 2743 1189 ι
3100 1178 3137 1180 νν
3207 1178 3250 1201 ι’
3312 1178 3559 1205 r""""‘

1912 1178 2144 1249 ἀκούσας
2202 1189 2297 1260 μὲν
2356 1196 2446 1248 καί
2502 1198 2568 1253 τὰ
2621 1199 2790 1278 λύτρα
2848 1210 2935 1264 καὶ
2973 1208 3219 1289 διαγνοὺς
3246 1217 3404 1273 ἱκανὰ
3432 1222 3559 1291 (πό-

1913 1267 1933 1291 π
1958 1290 1965 1291 7
2129 1276 2141 1291 ς
2248 1276 2354 1291 sunt
2551 1286 2563 1291 -

1913 1267 2027 1378 151‘s
2084 1276 2183 1352 γὰρ
2243 1276 2422 1337 ἐδίδου
2478 1267 2810 1378 καῖῄχώρας
2894 1267 3217 1378 ἀπόμδιρανῖ

1911 1357 2314 1441 Πελοποννήσῳ
2345 1371 2532 1437 ἱκανὰς
2563 1357 2659 1441 εἷς*
2687 1357 3019 1450 δεσποτείαςι
3062 1357 3324 1467 σέμνωμα
3383 1397 3568 1472 μέγαν,

1921 1454 1934 1472 ,
2022 1451 2076 1472 ,οη
2103 1459 2113 1472 .
2137 1461 2148 1472 .
2292 1458 2330 1472 ι..
2473 1468 2483 1472 -
2633 1471 2638 1472 γ

3126 1451 3136 1465 1
3250 1451 3261 1467 ι
3383 1451 3395 1468 Ι
3465 1451 3475 1472 Ι
3532 1451 3567 1472 V,

1910 1451 2227 1531 ἀποϐλέψας
2287 1458 2342 1516 δὲ
2399 1468 2486 1519 καὶ
2547 1471 2683 1545 πρὸς
2739 1475 2838 1544 τήν
2899 1478 3166 1538 εἰσέπειτα
3193 1489 3289 1541 τοῦ
3336 1488 3567 1546 Λατίνου

1908 1540 2180 1614 δουλείαν,
2235 1548 2309 1611 ὡς
2370 1540 2604 1620 ἐντεῦθεν
2662 1562 2751 1615 καὶ
2815 1565 3207 1643 μεγαλύνεσοαι
3262 1575 3389 1638 τοὺς
3432 1580 3567 1635 Ῥω-

1910 1632 2102 1704 μαίους
2155 1636 2244 1690 καί
2302 1660 2363 1715 γε
2421 1642 2739 1722 κερδαίνειν,
2772 1647 2908 1727 ἔγνω
2962 1658 3273 1716 σπείσασθαι
3332 1664 3399 1719 τὰ
3428 1667 3565 1742 πρὸς

1902 1726 2120 1780 τοῦτον.
2183 1726 2303 1782 Ἑπί
2367 1729 2557 1804 ῥητοῖς
2598 1738 2728 1812 γοῦν
2780 1738 3036 1800 ἐκϐάλλει
3094 1752 3292 1805 τοῦτόν
3343 1774 3401 1808 τε
3456 1726 3558 1822 τῆς

1906 1807 2151 1884 φυλακῆς
2236 1814 2327 1869 καὶ
2400 1823 2509 1873 τῶν
2588 1822 2722 1903 ἀμφ’
2780 1828 2942 1887 αὐτὸν
3019 1833 3137 1889 ὅσοι
3188 1847 3451 1913 περιῆσαν
3504 1846 3559 1899 ἐν

1981 1895 1999 1913 κ
2121 1904 2145 1913 _
2431 1907 2446 1913 -

1904 1895 2173 1970 φυλακαῖς
2215 1895 2899 1992 προσταλαιπωρούμενοι,
2931 1927 3067 1995 τιμᾷ
3115 1922 3173 1979 δὲ
3218 1895 3308 1982 καὶ
3359 1926 3563 2001 δεξιοῦ-

1896 2006 1983 2039 ται
2014 1994 2134 2050 τοῖς
2164 1990 2451 2067 πρέπουσι,
2474 1998 2562 2053 καὶ
2595 2001 2767 2067 οὕτως
2823 2008 2998 2083 ἑαυτῷ
3057 2011 3352 2071 οἰκειοῦται
3411 2018 3520 2074 ὥστ

1895 2076 1984 2129 καὶ
2043 2076 2315 2157 ἀνᾶδοχον
2369 2085 2528 2142 αὐτὸν
2604 2103 2935 2167 καταστῆσαι
3016 2100 3211 2166 παιδὸς
3295 2103 3436 2162 ἰδίου
3495 2107 3555 2165 ἐκ

1891 2168 2200 2274 τοῦιάγίου
2287 2173 2665 2250 βαπτίσματος
2746 2184 2886 2241 κατᾶ
2962 2210 3083 2245 τινα
3164 2191 3549 2274 πληροφορίαν

1896 2253 2174 2329 μεγίστην.
2238 2261 2529 2327 Συνέοεντό
2578 2289 2635 2323 τε
2695 2275 2830 2345 μετά
2902 2281 3069 2333 ταῦτα
3145 2253 3297 2344 τοὺς1
3344 2253 3541 2359 cimice;

1893 2342 2178 2417 φρικτοὺς,
2237 2348 2311 2412 ὡς
2390 2352 2610 2427 Αέγουσί
2690 2342 2851 2430 τινες,
2911 2363 3051 2421 ὥστε
3106 2370 3194 2424 καὶ
3252 2342 3547 2450 φρύκτωρα

1901 2428 1916 2450 ν
1966 2427 2016 2450 ιρι
2236 2436 2261 2450 -ο
2452 2445 2475 2450 μ
2559 2440 2575 2450 -
2679 2449 2687 2450 ί

1892 2427 2194 2503 ἀνᾶψαντας
2227 2436 2339 2509 ἅμα
2386 2445 2501 2503 τοῖς
2559 2427 2844 2521 λεχθεῖσιν.
2882 2451 2958 2516 εἷς
3014 2455 3209 2531 ὅρκους
3264 2427 3354 2515 καὶ
3415 2427 3548 2538 apd:

1890 2518 1985 2578 τὰς
2034 2518 2512 2595 παλαμναιοτᾶτας
2564 2518 2757 2605 σϐἠήῖναι
2816 2518 3066 2613 ποιῆσαι,
3111 2546 3140 2600 ’ὀ
3198 2544 3265 2617 δὴ
3323 2551 3412 2605 καὶ
3451 2518 3549 2616 ¹εἷς

1895 2604 2129 2682 ἀσφαλὲς
2181 2616 2301 2675 τοῖς
2360 2614 2590 2682 Ἰταλοῖς
2636 2604 2744 2681 τῶν
2786 2631 2912 2703 παρ’
2946 2629 3170 2696 ἐκείνοις
3224 2634 3546 2714 ἀφορισμῶν

3111 879 3310 935 χοντας
3367 866 3568 930 ⁴ἱκανῶς

1894 2802 1961 2842 ea
1982 2787 2228 2849 libenter
2258 2812 2595 2871 accepuros,
2628 2808 2848 2863 etcum
2890 2809 3225 2884 habuerint,
3277 2834 3391 2873 nou
3442 2835 3545 2890 pa-

1893 2892 2023 2934 rum
2055 2879 2191 2938 inde
2221 2886 2473 2943 crevisse
2502 2906 2670 2948 suam
2701 2898 3171 2968 magnitudinem
3234 2920 3535 2963 sensuros.

1890 2966 2156 3026 Addebat
2184 2989 2298 3030 non
2334 2992 2602 3035 recusare
2627 2998 2711 3050 se,
2744 2966 2883 3054 quin
2915 2987 3091 3045 etiam
3123 2989 3277 3047 ultro
3304 3009 3537 3065 cupere,

1892 3055 2104 3126 subjici
2139 3059 2495 3133 imperatori,
2521 3071 2578 3122 et
2599 3069 2883 3128 clientelae
2922 3091 3071 3132 nexu
3119 3055 3412 3152 perpetuae
3473 3055 3536 3140 se

1890 3160 2184 3217 suumque
2214 3150 2609 3224 principatum
2639 3158 2690 3212 ei
2722 3159 2980 3233 obligare
3013 3185 3027 3234 ;
3064 3150 3319 3239 velleque
3351 3171 3532 3243 hujus

1886 3232 2267 3305 subjectionis
2298 3242 2534 3314 signum
2557 3262 2623 3303 ac
2653 3232 2989 3321 symbolum
3029 3272 3259 3315 sumere
3293 3260 3532 3319 titulum

1885 3322 2060 3378 officii
2079 3325 2151 3380 ab
2181 3343 2246 3383 eo
2286 3328 2568 3402 impositi.
2592 3335 2696 3392 His
2716 3336 3037 3411 imperator
3056 3346 3296 3415 auditis,
3330 3355 3387 3405 et
3407 3367 3537 3421 pro-

1882 3410 2017 3467 bat:
2042 3415 2226 3484 pretio
2256 3434 2450 3476 rerum
2482 3422 2540 3477 in
2572 3410 3035 3499 redemptionem
3055 3410 3349 3495 libertatis
3376 3410 3534 3497 obla-

1881 3504 2076 3571 tarum
2110 3519 2142 3557 a
2173 3505 2437 3579 principe
2466 3513 2657 3581 (erant
2685 3513 2772 3571 hae
2794 3517 2973 3575 urbes
3002 3524 3060 3577 et
3088 3522 3380 3597 regiones,
3402 3544 3534 3600 pars

1882 3602 1997 3641 non
2029 3590 2259 3647 modica
2278 3594 2641 3667 principatus
2671 3601 2800 3672 eius
2819 3602 2877 3659 in
2900 3590 3322 3681 Peloponneso,
3347 3590 3535 3685 quan-

1880 3680 2002 3734 tam
2036 3680 2138 3751 qui
2170 3684 2499 3753 possideret
2528 3692 2737 3749 merito
2761 3693 2909 3752 ferre
2938 3680 3177 3757 titulum
3234 3680 3316 3759 ac
3352 3680 3534 3761 susti-

1880 3782 2018 3823 nere
2047 3769 2391 3842 dignitatem
2423 3777 2678 3850 despotaa
2703 3785 2944 3857 posset),
2974 3788 3154 3845 simul
3184 3791 3361 3848 etiam
3394 3811 3532 3851 con-

1878 3856 2135 3914 siderato
2165 3876 2341 3931 quem
2372 3866 2637 3938 amplum
2672 3869 2755 3926 illi
2786 3856 2940 3930 esset
2958 3879 3189 3934 tantum
3223 3879 3528 3939 interLati-

1879 3960 1984 4000 nos
2015 3945 2321 4018 dynastam
2358 3952 2627 4012 clientem
2656 3958 2716 4014 in
2750 3966 3048 4031 posterum
3097 3983 3163 4022 ac
3221 3969 3526 4028 subditum

1877 4032 2113 4105 habere,
2148 4038 2304 4095 unde
2332 4045 2390 4096 et
2421 4042 2601 4101 decus
2634 4046 2908 4106 Romanis
2942 4053 3023 4108 rei
3056 4059 3114 4111 et
3142 4054 3375 4115 lucrum
3426 4077 3525 4117 ac-

1876 4130 2182 4197 cresceret,
2217 4128 2506 4199 optimum
2540 4134 2694 4191 {actu
2737 4138 3033 4208 judicavit
3077 4144 3340 4218 accipere
3393 4164 3527 4221 quae

1875 4211 2290 4284 offerebantur,
2323 4223 2381 4274 et.
2410 4220 2599 4279 fmdus
2622 4226 2877 4283 ostensis
2891 4211 3329 4292 conditioni-bus
3352 4211 3524 4296 icere.

1874 4299 2069 4357 Paetis
2100 4301 2283 4375 igitur
2312 4311 2639 4368 secundum
2673 4313 2828 4372 dicta
2858 4316 3047 4388 initis,
3075 4322 3275 4379 educit
3304 4325 3527 4397 princi-

1874 4403 2007 4459 pem
2046 4404 2076 4445 θ
2107 4408 2359 4465 carcere,
2391 4401 2449 4453 et
2500 4405 2789 4474 quotquot
2831 4421 2901 4461 ex
2956 4409 3085 4480 ejus
3137 4411 3529 4474 familiaribus

1881 4482 2261 4552 susperstites
2294 4490 2435 4542 sunt
2456 4491 2665 4560 reperti
2694 4509 2708 4549 :
2742 4509 2878 4550 nam
2938 4496 3171 4570 aliquos
3232 4502 3525 4563 diuturnae

1873 4570 2151 4625 custodiae
2166 4572 2417 4630 miserim
2432 4577 3528 4663 absumpserant.Honoravitqueillum

1871 4660 1929 4711 et
1960 4657 2265 4728 splendide
2297 4666 2591 4736 tractavit,
2619 4674 2685 4725 ut
2715 4672 2993 4732 decebat:
3029 4657 3378 4753 tantum-que
3414 4682 3531 4741 sibi

1870 4745 2148 4816 admovit,
2177 4754 2243 4806 ut
2266 4753 2485 4826 suscipi
2529 4756 2602 4813 ab
2630 4774 2694 4815 eo
2717 4776 2786 4816 ex
2815 4778 2983 4820 sacro
3013 4745 3366 4838 baptismate
3396 4788 3530 4844 pro-

1872 4834 2067 4907 prium
2093 4838 2301 4895 Filium
2334 4842 2507 4899 vellet
2534 4845 2595 4902 in
2624 4848 2859 4921 signum
2893 4857 2951 4909 et
3000 4834 3217 4928 pignus
3275 4834 3528 4920 certissi-

1887 4940 2051 4981 mum
2084 4929 2473 4989 reconciliatae
2501 4934 2617 4992 fide
2670 4940 2895 5011 optima
2936 4945 3157 5014 gratiae.
3218 4947 3526 5008 Celebrata

1874 5013 2081 5071 deinde
2111 5020 2418 5076 conventio
2450 5028 2540 5079 est
2569 5013 3526 5107 mutuojurejiurando,,horrificis

1874 5104 2075 5172 etiam,
2108 5108 2173 5161 ut
2202 5107 2388 5178 aiunt,
2419 5112 2699 5188 utrinque
2730 5119 2958 5176 sancito
2988 5104 3403 5183 ritibus-{nam
3432 5130 3528 5185 fu-

1875 5191 2005 5249 nale
2034 5210 2347 5255 accensum
2382 5205 2779 5277 praeferentes,
2814 5210 2912 5266 ubi
2942 5229 3114 5271 suum
3147 5216 3399 5289 quisque
3426 5233 3528 5274 ca-

1873 5285 1999 5352 put,
2033 5283 2083 5338 si
2115 5301 2148 5340 a
2170 5292 2339 5358 pacto
2367 5292 2803 5363 resiliret,diris
2831 5315 3009 5371 quam
3043 5306 3295 5361 maxime
3327 5305 3529 5361 formi-

1874 5370 2093 5429 dolosis
2133 5376 2545 5450 devovit,illud
2578 5370 3020 5459 exstinxerunt;
3055 5393 3384 5464 cujusmodi
3417 5409 3524 5449 cas-

1875 5463 2136 5519 remonia
2152 5470 2360 5536 putant
2391 5471 2518 5527 Itali
2534 5477 3033 5536 exsecrationibus
3048 5463 3152 5538 seu
3191 5497 3525 5538 excommu-

1874 5549 2271 5612 nicationibus
2291 5574 2448 5615 more
2468 5562 2730 5634 ipsorum
2755 5567 2854 5622 88
2880 5567 2939 5623 in
2972 5570 3526 5642 quospiamintortis

1875 5638 2275 5701 efﬁcacitatem
2292 5648 2698 5709 ettirmitatem
2734 5638 3526 5728 adjungfmax—imamforro

3123 5776 3196 5835 17
