4034 6200
291 309 400 365 523

1591 299 1890 358 GEORGlI
1929 300 2390 359 PACHYMERE

3588 297 3700 354 524

288 432 550 491 τελεῖται.
582 434 747 486 Ἦσαν
810 423 865 480 δέ
923 443 1099 501 σφισιν
1155 424 1209 478 αἱ
1268 422 1558 494 συνθεσίαι,
1591 424 1627 492 ἦ
1673 425 1780 498 μὴν
1838 421 1927 477 τὸν
1959 425 2014 492 Α
2048 422 2332 496 μετὲπειτα
2359 432 2604 502 συνεχεῖς
2633 427 2722 482 καὶ
2757 424 2984 504 μεγάλοι
3019 427 3165 505 σφίσι
3225 427 3313 482 καὶ
3365 424 3714 499 ἀμφοτέροις

295 525 389 596 μὲν
449 519 719 595 πρίγκιπα
773 513 1071 588 Ῥωμαίοις
1150 511 1332 567 δοῦναι
1411 512 1500 567 καὶ
1594 511 1810 586 βασιλεῖ
1884 509 1936 581 ἐξ
2043 511 2376 590 ἀνερῥώγασι
2409 514 2671 588 πόλεμοι.
2705 517 2799 572 Καὶ
2832 516 2999 572 ταῦτα
3050 516 3145 588 μὲν
3197 513 3492 590 ἐπράττετο
3547 511 3711 586 τῇδε.

291 611 462 679 αὐτῆς
539 609 831 680 κατασχεῖν
904 603 977 665 εἲς
1063 600 1374 658 δεσποτείαν
1453 601 1801 680 ἀναφαίρετον
1873 601 1942 655 τά

292 698 429 754 κατὰ
486 694 903 766 Πελοπόννησον
988 696 1177 766 ταῦτα,
1233 686 1642 764 Μονεμϐασίαν,
1701 688 1942 761 Μαῗνην,

295 787 554 862 ’Ῑεράκιον
639 785 926 858 Μυζηθρᾶν
986 779 1300 856 ιἈνάπλιον
1373 778 1430 834 δὲ
1495 780 1585 834 καὶ
1645 783 1843 856 ’Ἄργος
1889 778 1939 832 ἐν

296 869 635 952 ἀμφιϐόλοις
692 869 878 946 ἐτίθει)
923 871 1010 927 καὶ
1068 871 1182 945 ἅμα
1237 873 1339 924 πᾶν
1393 869 1456 924 τὸ
1511 870 1634 944 περὶ
1684 869 1782 937 τήν
1815 869 1942 926 Κιν-

298 964 517 1040 στὲρναν
551 962 692 1037 θὲμα
727 958 873 1015 πολύ
903 981 963 1037 γε
991 960 1048 1016 ’ὸν
1079 961 1142 1014 τὸ
1175 964 1351 1034 μῆκος
1382 957 1471 1013 καὶ
1501 953 1737 1019 πολλοῖς
1781 956 1942 1033 βρύον

298 1059 418 1118 τοῖς
473 1053 721 1130 ἀγαθοῖς,
749 1051 840 1106 καί
900 1070 962 1124 γε
1017 1049 1176 1105 αὐτὸν
1227 1047 1278 1110 ἐς
1309 1047 1389 1102 ἀεὶ
1424 1045 1617 1103 δοῦλον
1651 1045 1946 1117 κεκλῆσθαι

301 1141 586 1216 Ῥωμαίων
668 1139 758 1196 καὶ
835 1138 1128 1216 βασιλέως,
1200 1138 1290 1194 καὶ
1377 1136 1630 1214 ὀφφίκιον
1710 1135 1945 1200 ἐντεῦθεν

305 1233 380 1296 εἰς
431 1231 680 1293 δουλείας
740 1235 968 1305 σημεῖον
1021 1228 1452 1306 ἀποφερόμενον,
1483 1229 1573 1283 τὸν
1626 1224 1681 1281 δὲ
1735 1247 1798 1301 γε
1855 1227 1949 1300 βα-

305 1321 462 1377 σιλέα
517 1318 847 1396 σεμνύναντα
873 1322 1070 1374 τοῦτον
1114 1321 1193 1390 τῷ
1243 1321 1343 1372 τοῦ
1397 1315 1637 1393 μεγάλου
1687 1314 1952 1388 ἀξιώματι

307 1406 634 1484 δομεστίκου
689 1408 825 1481 μετᾶ
897 1413 1068 1481 τιμῆς
1146 1402 1468 1461 ἀποστεῖλαι
1553 1403 1763 1477 σύναμα
1837 1407 1954 1484 τοῖς

306 1500 396 1576 ἀφ’
453 1497 636 1572 αὐτὸν,
694 1495 812 1552 ὅσοι
879 1496 968 1552 καὶ
1025 1494 1303 1570 περιόντες
1363 1496 1522 1562 ἦσαν,
1580 1493 1678 1548 Καὶ
1738 1490 1804 1560 δὴ
1866 1474 1954 1547 ἐπἰ

305 1587 525 1650 τούτοις
554 1586 855 1664 γεγονότων
884 1581 1129 1640 σπονδῶν
1181 1583 1341 1638 αὐτὸν
1396 1583 1490 1656 μὲν
1533 1579 1831 1638 ἀπέστελλε
1862 1581 1953 1636 σὺν

308 1682 496 1750 τιμαῖς
529 1673 881 1752 πρεπούσαις,
913 1673 1044 1734 τοὺς
1077 1669 1133 1726 δέ
1163 1693 1220 1749 γε
1270 1671 1616 1746 ληψομένους
1669 1671 1736 1725 τὰ
1788 1670 1958 1745 λύτρα

2217 688 2401 750 Ὅπως
2460 688 2488 742 ὁ
2549 684 2785 777 Μιχαὴλ
2838 685 3137 777 υδεσπότης
3203 690 3326 756 νικᾷ
3401 684 3718 757 Ῥωμαίους

2595 759 2685 814 καὶ
2719 760 2859 835 αἱρεῖ
2889 759 3156 836 Καίσαρα.

2122 875 2183 932 Ὁ
2219 874 2402 946 μέντοι
2437 872 2705 947 δεσπότης
2734 876 2964 950 Μιχαὴλ
2996 878 3090 932 νῦν
3126 875 3224 949 μὶν
3275 873 3367 930 καὶ
3417 873 3527 930 ἀπὸ
3585 873 3724 930 τού-

2052 984 2160 1017 των
2212 961 2499 1028 κολουθεὶς
2552 971 2655 1034 τῆς
2703 961 2983 1038 δυνάμεως
3034 963 3290 1037 (πλείστῃ
3347 962 3450 1039 γὰρ
3508 963 3723 1036 ἔχρᾶτο

2054 1052 2144 1106 καὶ
2195 1052 2340 1127 παρά
2386 1056 2484 1108 τοῦ
2531 1060 2630 1123 τῆς
2659 1051 2887 1128 Ἀχαΐας
2917 1054 3218 1128 πρίγκιπος
3249 1057 3319 1126 τῇ
3371 1051 3723 1126 συμμαχίᾳ),

2058 1136 2135 1194 ἔτι
2191 1138 2247 1195 δὲ
2301 1143 2392 1196 καὶ
2445 1143 2592 1216 παρά
2645 1146 2754 1199 τῶν
2788 1143 2924 1220 ἀμφὶ
2958 1142 3052 1198 τὸν
3081 1142 3206 1199 τότε
3235 1137 3725 1217 σεϐαστοκράτορα

2059 1229 2318 1299 Ἰωάννην
2367 1230 2456 1284 τὸν
2517 1229 2900 1304 Παλαιολόγον
2963 1232 3077 1302 μεθ’
3128 1229 3350 1306 ὕστερον
3401 1230 3470 1286 τὰ
3524 1228 3730 1285 πολλὰ

2057 1319 2349 1391 κακωθεὶς,
2381 1319 2455 1380 ὡς
2487 1319 2578 1373 καὶ
2623 1318 2675 1374 ἐν
2723 1323 2894 1393 στενῷ
2950 1326 3280 1388 καταστῆναι
3328 1319 3558 1392 πάμπαν
3611 1321 3730 1372 τῶν

2059 1427 2116 1463 τε
2161 1411 2362 1484 χωρῶν
2411 1406 2502 1463 καὶ
2557 1407 2758 1478 ταύτης
2811 1413 2912 1476 τῆς
2966 1414 3364 1483 στρατιωτικῆς
3418 1404 3731 1480 δυνάμεως,

2062 1496 2281 1569 πέμψας
2327 1487 2462 1570 πρὸς
2507 1497 2700 1573 Μαρφὶ
2743 1497 2836 1552 τὸν
2885 1503 2986 1567 τῆς
3037 1497 3280 1560 Πουλίας
3327 1496 3470 1572 ῥῆγα
3524 1495 3616 1551 καί
3674 1497 3733 1570 γ’

2065 1582 2151 1639 ἐπὶ
2207 1585 2427 1659 θυγατρὶ
2488 1579 2733 1658 γαμϐρὸν
2794 1585 3122 1654 ἒαυτοῦ,καὶ
3179 1584 3444 1655 πλείστην
3502 1605 3736 1657 συμμαο

2067 1669 2191 1745 χίαν
2227 1665 2432 1742 λαϐὼν,
2465 1669 2803 1746 παραδίδωσι
2835 1673 2932 1736 τὰς
2962 1670 3216 1746 δυνάμεις
3272 1675 3353 1746 τῷ
3401 1675 3503 1744 υἱῷ
3560 1672 3736 1728 αὐτοῦ

310 1764 776 1843 προσεπεπόμφει.
809 1762 914 1820 Καί
962 1783 1022 1840 γε
1065 1762 1092 1815 ὁ
1147 1760 1377 1836 πρίγκιψ
1425 1762 1492 1816 τὰ
1543 1758 1654 1817 ἴδια
1682 1759 1958 1834 κατελάμ·
1989 1793 2038 1860 Β
2069 1759 2369 1834 Νικηφόρῳ
2412 1759 2814 1836 συμπράττοντι
2875 1762 3124 1834 κάκείνῳ,
3161 1763 3222 1825 ’ὸς
3277 1763 3369 1818 καὶ
3425 1756 3734 1834 συμϐαλὼν

311 1849 456 1926 eam,
487 1854 716 1932 πρίγκιψ
772 1849 1009 1928 Ἀχαΐας
1063 1852 1150 1906 καὶ
1215 1852 1383 1927 μέγας
1443 1848 1764 1925 δομὲστικος
1821 1851 1960 1908 Ῥω·

313 1944 504 2019 μανίας
585 1942 1080 2020 ἐπιφημιζόμενος,
1155 1939 1244 1995 καὶ
1327 1941 1442 2014 ἅμα
1515 1938 1594 2014 τῷ
1680 1940 1964 2008 ἐπιστῆναι

312 2032 482 2109 μηδὲν
514 2031 799 2108 μελλήσας
828 2028 1086 2087 ἀπεδίδου
1111 2029 1179 2084 τὰ
1234 2029 1408 2106 λύτρα
1459 2029 1532 2091 ὡς
1587 2030 1967 2106 προϋπέσχετο

309 2125 421 2180 Κᾶν
479 2122 715 2196 ἒνὲμεινε
770 2120 858 2176 κσὶ
915 2119 968 2184 ἐς
1019 2119 1179 2182 τέλος
1236 2116 1544 2182 ἐνσπόνδως
1613 2115 1758 2195 ἔχων
1831 2118 1968 2193 πρὸς

310 2213 619 2286 Ῥωμαίους
678 2213 758 2283 τῷ
813 2216 914 2280 τῆς
961 2207 1240 2283 Ῥωμαίος
1298 2205 1658 2282 κλεϊζόμενος
1706 2205 1969 2284 όφφικίῳ,

315 2301 359 2357 εἶ
395 2303 471 2376 μή
528 2321 588 2376 γε
619 2301 646 2354 ὁ
676 2301 901 2363 πάππας
957 2297 1212 2367 ἀκούσας,
1243 2296 1594 2375 παροξυνθεὶς
1653 2297 1739 2351 καὶ
1801 2299 1968 2352 ταῦτα

319 2391 458 2468 πρὸς
514 2393 610 2446 τοῦ
658 2387 844 2467 ῥηγὸς,
877 2389 967 2444 καὶ
1026 2388 1190 2443 αὐτοῦ
1249 2408 1307 2461 γε
1363 2384 1816 2462 προσδραμόντος
1875 2384 1966 2440 καὶ

317 2478 688 2540 ἱκετεύσαντος
714 2477 801 2554 (ού
858 2478 962 2554 γὰρ
1017 2476 1094 2539 εἰς
1152 2481 1399 2532 συνοῖσον
1450 2471 1623 2530 ἐδόκει
1657 2475 1709 2529 οἱ
1758 2474 1818 2528 τὸ
1878 2470 1967 2528 διὰ

315 2568 508 2632 τέλους
568 2565 881 2632 σπένδεσθαι
940 2567 1075 2642 πρὸς
1127 2563 1478 2638 Ῥωμαίους),
1534 2563 1628 2625 τὰς
1698 2567 1966 2633 συνθήκας

316 2657 517 2719 ἐκείνας
575 2659 655 2730 [Ρ.
688 2655 778 2728 53]
841 2652 1021 2709 διέλυε
1072 2654 1160 2708 καὶ
1219 2653 1347 2714 τοὺς
1396 2651 1596 2726 ὅρκους
1653 2652 1778 2726 παρ’
1809 2649 1964 2705 οὐδὲν

316 2746 479 2812 ἐτίθει
538 2747 611 2808 ὡς
665 2743 718 2800 ἰν
767 2743 983 2823 φυλακῇ
1033 2742 1122 2797 καὶ
1173 2741 1430 2820 ἀφύκτοις
1475 2739 1718 2815 δεσμοῖς,
1751 2741 1839 2795 καὶ
1883 2741 1958 2812 μὴ

313 2834 594 2907 ἑκουσίως,
647 2833 721 2897 ὡς
780 2832 950 2910 ἐχρῆν
1004 2830 1359 2910 πράττοντος.
1412 2832 1568 2895 Ὀθεν
1623 2830 1707 2885 ira?
1771 2828 1846 2892 εἰς
1898 2829 1960 2885 τὸ

315 3022 770 3081 conventionum
802 3021 957 3078 inter
979 3035 1076 3078 eos
1103 3019 1352 3076 istarum
1376 3016 1567 3090 capita
1607 3016 1729 3073 haec
1772 3019 1961 3085 erant,

2071 1849 2194 1924 περὶ
2223 1849 2323 1917 τὴν
2349 1849 2692 1926 Τριχόρφυον
2717 1856 2836 1913 τοῖς
2866 1851 3008 1926 ἀμφὶ
3027 1851 3122 1906 τὸν
3150 1851 3510 1926 Καίσαρα,χαῖ
3537 1853 3736 1926 μάχην

2079 1935 2340 2012 συρῥάεας
2364 1934 2860 2009 δεινὴν,πλείστους
2889 1959 2949 1995 τε
2968 1944 3148 1995 πεσεῖν
3181 1944 3290 1997 τῶν
3322 1938 3565 1996 Νικαέων
3592 1959 3738 2014 παρ·

2081 2026 2350 2096 εσκεύασε,
2381 2025 2672 2091 πλείστους
2701 2048 2760 2083 τε
2784 2027 2872 2084 καὶ
2898 2026 3106 2092 ἄλλους
3153 2029 3246 2091 οὓς
3299 2030 3394 2102 μὶν
3444 2028 3739 2106 φονεύσας,

2080 2114 2172 2178 οὓς
2205 2112 2262 2171 δὲ
2287 2114 2564 2193 περισχὼν
2589 2116 2679 2172 καὶ
2710 2116 2870 2174 αὐτὸν
2904 2117 3048 2190 αἱρεῖ
3070 2117 3340 2193 Καίσαρα.
3379 2119 3468 2180 Ὠς
3501 2115 3549 2174 δ’
3580 2117 3741 2180 αὖθις

2080 2201 2325 2260 σπονδῶν
2377 2207 2686 2280 γενομένων
2744 2205 2958 2279 ἐλύετο,
2986 2207 3110 2263 τότε
3170 2209 3266 2280 μὶν
3315 2209 3384 2264 τά
3439 2209 3578 2264 κατὰ
3632 2208 3745 2274 τήν

2076 2293 2240 2349 πόλιν
2291 2295 2650 2368 συμπράττει,
2698 2294 2824 2368 περὶ
2881 2296 2955 2350 ὧν
2997 2295 3190 2352 αὐτίκα
3222 2295 3546 2372 ῥηθήσεται,
3579 2295 3746 2352 ὕστε-

2078 2403 2172 2458 ρον
2206 2380 2253 2436 δ’
2283 2381 2434 2448 αὖθις
2466 2389 2584 2448 τοῖς
2625 2381 2866 2447 δυτικοῖς
2922 2383 3012 2440 καὶ
3070 2380 3439 2458 προσϐάλλων
3500 2387 3746 2461 αἱρεῖται

2078 2471 2240 2528 πάλιν
2275 2473 2362 2526 καὶ
2394 2472 2517 2528 τότε
2547 2474 2694 2549 παρὰ
2721 2477 2818 2529 τοῦ
2846 2471 3110 2530 δεσπότου
3142 2474 3408 2549 Μιχαὴλ,
3446 2474 3536 2531 καὶ
3599 2475 3744 2532 ἀπο-

2078 2561 2358 2619 στέλλεται
2405 2564 2542 2639 πρὸς
2583 2562 2676 2620 τὸν
2727 2563 2871 2640 ρῆγα
2919 2563 3163 2629 Πουλίας
3190 2566 3282 2622 τὸν
3314 2565 3525 2642 Haupt,
3555 2565 3648 2621 καί
3681 2586 3745 2639 γε

2074 2657 2152 2724 τῷ
2182 2655 2310 2726 παρ’
2343 2652 2528 2725 ἐκείνῳ
2559 2650 2765 2708 δίδοται
2807 2658 3050 2732 φυΛᾳχῇ,
3077 2651 3268 2730 χρόνῳ
3300 2652 3345 2709 δ’
3377 2654 3602 2728 ὕστερον
3633 2662 3742 2724 τῆς

2077 2741 2366 2814 δεσποίνης
2395 2745 2594 2813 "vap:
2651 2741 2894 2818 ἀδελφῆς
2954 2741 3122 2814 οὔσης
3175 2745 3369 2822 Μαφρὶ
3413 2740 3743 2818 ἀνταμείϐε-

2071 2852 2181 2889 ται.
2217 2831 2396 2889 Ἀλλὰ
2423 2835 2592 2887 ταῦτα
2624 2833 2719 2906 μὲν
2748 2832 2964 2897 ἐσαῦθις
2993 2832 3246 2908 ἀροῦμεν.

2073 3016 2324 3073 vinculis
2353 3017 2694 3085 constricto,
2733 3035 2799 3076 ac
2827 3035 2929 3090 per
2959 3020 3067 3078 hoc
3098 3037 3216 3078 non
3271 3020 3364 3077 sui
3399 3022 3596 3094 juris,
3626 3038 3744 3079 nec

316 3113 643 3188 principem
699 3113 903 3171 cedere
962 3109 1244 3168 Romanis
1298 3112 1356 3166 et
1399 3105 1765 3180 imperatori,
1827 3106 1963 3177 jure
1993 3123 2036 3192 ο
2075 3105 2206 3176 ejus
2263 3104 2552 3163 libertatis
2595 3123 2661 3163 ac
2711 3107 2934 3178 proprii
2990 3109 3222 3166 arbitrii
3273 3109 3373 3166 89
3434 3113 3740 3182 compote,

317 3220 492 3275 quam
524 3203 749 3275 optimo
779 3201 1142 3276 possidenda
1169 3203 1226 3255 ct
1256 3199 1316 3254 in
1341 3200 1689 3271 perpetuum
1713 3195 1844 3267 ejus
1867 3195 1965 3250 do-

320 3293 571 3350 minium
603 3308 672 3349 ex
719 3307 877 3347 nunc
926 3289 1270 3359 transitura,
1305 3287 1423 3342 haec
1471 3285 1530 3341 in
1562 3283 1962 3356 Peloponneso

321 3381 455 3451 sita,
489 3378 973 3447 Monemhasiam,
1020 3375 1297 3442 Mainam,
1355 3373 1710 3445 Hieracium,
1777 3376 1962 3444 Myze-

319 3470 537 3526 thram.
569 3466 876 3538 Anaplium
908 3479 1040 3521 vero
1066 3467 1124 3520 et
1151 3469 1340 3535 Argos
1389 3467 1453 3519 ut
1502 3466 1887 3518 controversa.
1905 3465 1962 3517 et

319 3556 473 3630 juris
505 3554 670 3612 dubii
701 3553 908 3611 relicta
933 3551 995 3608 in
1027 3549 1493 3619 mediosunt,uti
1507 3553 1564 3606 et
1583 3553 1808 3606 tractus
1825 3550 1960 3606 uni-

317 3661 524 3703 versus
552 3643 708 3700 circa
731 3643 1100 3700 Cinsternam
1121 3639 1288 3697 valde
1320 3641 1378 3695 in
1411 3639 1647 3711 longum
1668 3644 1875 3712 patens
1903 3643 1962 3695 et

318 3733 525 3792 multis
554 3737 788 3792 scatens
813 3731 1007 3788 bonis.
1030 3729 1218 3788 Princi
1225 3745 1361 3803 pem
1383 3733 1582 3786 autem
1608 3727 1806 3801 ipsum
1829 3744 1961 3800 per-

318 3827 563 3897 petuum
594 3823 718 3880 lore
746 3821 1146 3880 Romanorum
1171 3824 1232 3877 et
1255 3817 1629 3892 imperatoris
1661 3817 1958 3888 clientem,

318 3917 376 3974 et
401 3914 462 3971 in
474 3911 859 3985 subjectionis
871 3909 1109 3984 signum
1123 3907 1382 3968 ofﬁcium
1405 3907 1540 3965 inde
1555 3911 1956 3981 sumpturum.

316 4003 590 4063 Vicissim
621 4001 698 4060 ab
727 4001 1074 4074 imperatore
1105 3998 1432 4073 principem
1464 4001 1739 4055 ornatum
1765 3995 1956 4068 digni-

319 4091 651 4166 tatemagni
679 4089 988 4148 domestici
1007 4087 1328 4146 honorifice
1343 4086 1762 4144 dimittendum
1819 4085 1960 4142 libe-

320 4199 475 4251 rum,
506 4197 645 4241 cum
676 4180 751 4237 iis
773 4195 1021 4237 suorum
1051 4177 1154 4251 qui
1187 4182 1328 4236 tunc
1384 4177 1738 4249 superstites
1791 4190 1962 4248 repe-

318 4271 596 4327 rirentur.
654 4271 718 4326 In
747 4267 872 4325 haec
929 4267 1142 4325 laedere
1181 4268 1332 4323 facto
1363 4265 1590 4322 dimisit
1635 4265 1960 4338 principem

319 4361 640 4432 imperator
693 4373 761 4416 eo
790 4373 908 4431 quo
955 4374 1064 4431 par
1119 4361 1243 4414 erat
1281 4355 1524 4427 honore,
1549 4353 1748 4412 missis
1780 4353 1961 4412 simul

317 4464 454 4509 cum
484 4446 585 4506 illo
614 4447 716 4520 qui
746 4447 936 4520 pretia
964 4445 1273 4513 libertatis,
1305 4445 1378 4502 de
1409 4445 1628 4518 quibus
1681 4459 1965 4502 convene-

315 4542 428 4609 rat,
476 4513 826 4612 reciperent.
873 4535 1066 4593 Rediit
1121 4535 1303 4608 igitur
1359 4513 1597 4592 domum
1666 4533 1965 4613 princeps,
1998 4513 2044 4578 Ῑ)

312 4627 545 4685 Achaia:
579 4625 868 4700 principis
887 4624 1158 4698 etmagni
1177 4623 1800 4682 domesticiRomanie
1827 4623 1965 4680 titu-

314 4718 404 4776 los
431 4715 713 4787 referens,
746 4731 851 4773 nec
881 4714 1210 4787 quidquam
1224 4717 1536 4771 cunctatus
1557 4717 1690 4786 post
1711 4713 1966 4771 reditum

315 4810 529 4865 cuncta
543 4822 671 4880 quas
682 4803 1054 4878 promiserat.
1071 4802 1486 4875 redemptionis
1498 4803 1686 4876 pretia
1697 4801 1963 4862 exsolvit.

315 4895 742 4968 Mausissetque
785 4897 1067 4966 perpetuo
1106 4893 1166 4950 in
1194 4892 1308 4950 ﬁde
1366 4896 1696 4965 pactorum,
1747 4893 1966 4965 quippe

316 4988 650 5044 auctoratus
689 4982 973 5040 Romanis
1029 4985 1352 5040 memorato
1402 4982 1600 5055 magni
1656 4981 1964 5040 domestici

316 5074 532 5145 ofﬁcio,
563 5072 679 5132 nisi
708 5087 862 5146 papa
890 5087 952 5129 re
981 5070 1206 5141 audita,
1229 5087 1491 5144 cumper
1509 5086 1574 5128 se
1597 5071 1964 5144 indignatus,

317 5170 446 5223 tum
488 5163 550 5221 in
591 5162 655 5220 id
683 5162 884 5234 ipsum
905 5159 1200 5235 impulsus
1230 5160 1505 5236 precibus
1530 5160 1688 5234 regis
1717 5159 1964 5232 Apulia,

316 5269 568 5327 quorum
596 5250 866 5310 neutrius
895 5249 1229 5309 rationibus
1259 5250 1773 5308 accommodatum
1803 5249 1963 5306 vide-

313 5344 491 5402 batur
516 5345 748 5400 tantum
769 5355 1013 5398 suarum
1039 5339 1325 5397 hactenus
1351 5337 1609 5412 partium
1638 5338 1964 5411 principem

312 5431 764 5506 stipendiarium
790 5429 1072 5489 Romanis
1092 5444 1460 5502 permanere,
1519 5432 1759 5499 pactum
1816 5426 1964 5484 illud

313 5521 701 5590 dissolvisset,
721 5521 1187 5592 juramentaque
1216 5517 1378 5574 irrita
1409 5515 1769 5575 declarasset
1793 5517 1966 5589 quasi

314 5606 928 5668 extortainelnctahili
961 5607 1014 5662 vi
1045 5605 1413 5664 necessitatis
1454 5605 1525 5662 ab
1559 5605 1795 5664 homine
1825 5605 1971 5665 diris

2073 3210 2200 3266 quae
2231 3195 2685 3266 requirebantur
2712 3197 2784 3254 ad
2807 3196 2918 3254 hoc
2952 3201 3018 3254 ut
3048 3198 3353 3256 conventio
3411 3205 3544 3256 rata
3600 3199 3740 3255 vali-

2073 3283 2260 3354 daque
2289 3287 2466 3354 esset,
2495 3284 2650 3341 unde
2681 3285 3014 3344 consecutis
3035 3286 3172 3343 inde
3187 3287 3560 3358 temporibus
3591 3305 3740 3345 con-

2073 3371 2237 3429 tinua
2265 3377 2325 3430 et
2356 3389 2565 3444 magna
2595 3373 2750 3431 inter
2778 3379 3061 3447 utrosque
3115 3382 3391 3434 arserunt
3430 3376 3592 3435 bella
3624 3395 3643 3432 :
3672 3382 3736 3434 et

2071 3477 2136 3518 ea
2165 3461 2401 3533 quidem
2427 3463 2512 3519 sic
2542 3479 2606 3520 se
2628 3462 2984 3522 habuerunt.

2141 3632 2228 3687 32.
2243 3633 2303 3690 Ut
2317 3633 2548 3690 Michael
2562 3633 2786 3704 demota
2807 3634 3075 3762 Romaqttos
3106 3636 3323 3693 vicerit.
3367 3641 3421 3695 ct
3453 3638 3738 3697 Caesarem

2745 3722 2994 3762 acceven
3029 3749 3040 3760 .

2745 3722 3040 3781 acceperit.

2137 3821 2212 3876 At
2234 3821 2477 3892 despota
2504 3820 2748 3878 Michael
2781 3821 2841 3879 in
2875 3837 3130 3894 praesens
3145 3823 3387 3896 quidem
3417 3825 3494 3881 ob
3522 3831 3735 3883 eventa

2072 3914 2300 3966 narrata
2331 3910 2599 3968 minutus
2619 3911 2828 3984 c0piis,
2860 3927 2991 3983 qua:
3021 3911 3110 3969 illi
3140 3912 3435 3985 plerasque
3457 3931 3733 3972 accesse-

2072 4002 2204 4056 rant
2233 3998 2505 4056 societate
2530 3998 2817 4072 principis
2855 4000 3108 4070 Achaie,
3161 4007 3444 4074 praeterea
3474 4020 3508 4061 a
3556 4005 3734 4061 seba-

2071 4092 2389 4146 stocratore
2417 4088 2642 4146 Joanne
2671 4087 2990 4162 Palaeologo
3019 4089 3314 4162 plurimus
3328 4101 3528 4164 postea
3558 4093 3736 4150 dam-

2075 4177 2165 4234 nis
2205 4177 2473 4246 ati'ectus,
2504 4178 2648 4236 adeo
2681 4181 2747 4235 ut
2769 4177 3026 4236 multum
3056 4179 3119 4237 iu
3149 4185 3308 4238 arcto
3341 4181 3458 4254 ipsi
3515 4198 3613 4239 res
3641 4199 3737 4240 es-

2072 4270 2204 4324 sent
2231 4282 2365 4323 cum
2398 4266 2832 4338 provinciarum
2864 4273 2991 4326 tum
3022 4269 3735 4341 exercitus,missiseads

2073 4371 2133 4412 re
2159 4353 2362 4426 legatis
2391 4355 2463 4411 ad
2497 4354 3312 4428 regemApuliaeManfrsdum
3327 4375 3505 4417 suum
3538 4375 3734 4432 gene-

2072 4461 2224 4512 rum,
2257 4448 2315 4500 et
2345 4459 2593 4516 magnas
2623 4445 2697 4502 ab
2725 4461 2794 4502 eo
2842 4445 3152 4505 auxiliares
3200 4448 3400 4520 copias
3455 4449 3736 4522 adeptus,

2077 4550 2173 4591 eas
2200 4533 2439 4590 tradidit
2467 4549 2575 4590 suo
2614 4532 2734 4591 (ilio
2778 4534 3128 4608 Nicephoro,
3177 4553 3318 4594 suas
3371 4542 3617 4596 strenue
3673 4540 3735 4596 in

2078 4623 2230 4681 idem
2262 4624 2626 4696 propositum
2659 4627 2718 4682 et
2747 4641 2889 4698 opes
2916 4630 2973 4683 et
2996 4643 3234 4698 operam
3254 4629 3605 4686 conferenti.
3630 4629 3739 4686 Hic

2077 4730 2211 4771 cum
2243 4717 2463 4772 Caesare
2493 4715 2648 4772 circa
2705 4715 3136 4789 Tricoryphum
3193 4716 3313 4774 acri
3340 4718 3542 4791 prelis
3596 4736 3741 4777 con-

2076 4819 2316 4876 gressus
2332 4803 2647 4862 maximam
2663 4809 2920 4876 stragem
2974 4805 3366 4865 Nicaensinm
3388 4807 3738 4879 dedit,alios

2076 4893 2364 4965 plurimos
2395 4893 2608 4966 partim
2629 4893 2866 4962 occidit,
2883 4895 3099 4966 partim
3131 4895 3310 4968 cepit,
3334 4897 3534 4968 ipsum
3568 4898 3738 4956 deni-

2075 4999 2185 5054 que
2214 4983 2508 5056 captivum
2539 4981 2784 5040 abduxit
2811 4985 3095 5043 Casuram
3126 5004 3142 5053 ;
3175 4985 3278 5056 qui
3322 5002 3463 5058 pace
3519 4987 3741 5044 deinde

2076 5072 2228 5129 facta
2272 5071 2422 5129 liber
2480 5071 2769 5131 dimissus
2826 5088 2894 5131 ea
2950 5089 3081 5144 quis
3129 5090 3269 5131 mos
3295 5076 3624 5134 referemus
3661 5077 3736 5132 ad

2079 5159 2281 5218 urbem
2305 5161 2511 5233 gessit,
2541 5164 2600 5219 et
2637 5177 2875 5219 rursum
2905 5177 3044 5220 cum
3093 5161 3578 5221 Occidentalibus
3633 5181 3740 5237 pu-

2076 5264 2190 5321 gna
2235 5249 2382 5308 inita
2416 5255 2626 5322 captus
2655 5250 2874 5308 iterum
2907 5256 3001 5309 est
3027 5268 3060 5308 a
3081 5251 3331 5309 Michael
3362 5253 3636 5326 despota,
3677 5259 3742 5311 et

2077 5339 2149 5396 ad
2179 5355 2379 5411 regem
2401 5338 3012 5412 ApuliaiManfredum
3028 5339 3252 5398 missus
3269 5342 3342 5398 ab
3364 5359 3431 5398 eo
3450 5344 3741 5400 custodia

2079 5428 2325 5486 traditus
2355 5433 2467 5498 est,
2499 5429 2764 5487 insecuto
2795 5428 3007 5486 deinde
3030 5434 3294 5502 tempore
3323 5447 3459 5488 cum
3491 5433 3739 5492 domina

2073 5519 2238 5574 Anna
2266 5533 2466 5576 sorore
2495 5518 2780 5575 Manl‘redi
2826 5523 3221 5590 permutatus.
3274 5520 3386 5577 Sed
3421 5521 3545 5578 haec
3604 5522 3736 5580 suis

2075 5605 2219 5666 locis
2244 5607 2453 5664 deinde
2485 5607 2832 5664 referemus.
