4034 6200
238 310 346 369 525
1315 321 1412 373 ΒΕ
1451 315 1820 374 MICHABLB
1858 313 1914 369 ΡΑ

2023 311 2285 372 ζΟΙιΟΘΟ
2320 317 2452 370 LIB.
2496 320 2569 370 II.

1880 464 1979 558 Β,

240 626 270 659 α
313 607 506 669 Ὅπως
532 607 561 663 ὁ
592 610 937 686 πατριάρχης
986 611 1260 689 ἰχρσὲνιος
1291 612 1342 668 tv
1376 611 1649 689 φροντίσιν
1679 613 1744 679 ἦν
1776 610 1898 682 περὶ
1928 619 1983 687 Α
2014 605 2377 681 ἐπιστήσομεν
2424 612 2493 683 τῇ
2552 608 2670 682 νηΐ.
2728 609 3063 670 Κινδυνεύειν
3122 612 3168 671 δ’
3226 614 3368 673 οὕτω
3424 620 3512 675 καὶ
3570 619 3663 676 τὸν

892 689 991 753 τῆς
1022 683 1225 761 ἆρχῆς.
1389 683 1427 689 Η
1928 683 1982 687 η
2014 694 2227 772 μᾶλλον
2260 696 2568 773 καθάρσεως
2602 699 2699 757 εἴτ’
2731 699 2820 757 οὖν
2877 700 3209 766 παιδεύσεως
3240 703 3317 770 εἷς
3370 707 3431 763 τὸ
3474 705 3658 772 καλῶς

308 788 395 858 μ’.
452 788 545 860 57]
606 788 872 864 Ἀρσενίῳ
951 787 1009 847 δὴ
1064 794 1142 861 τῷ
1206 792 1522 866 πατριάρχῃ
1579 787 1713 847 νέων
1770 787 1901 865 ἦρξε
2015 786 2320 863 βασιλεύειν
2370 785 2624 863 δεόμενον
2678 790 2977 867 ἀκάθαρτον
3028 793 3161 851 εἶναι
3213 794 3489 870 μάλιστα,
3547 799 3660 871 ἅμα

235 872 541 951 φροντίδων
589 879 624 947 ἡ
671 884 772 948 τῆς
817 877 905 935 ἐπὶ
953 883 1023 953 τῇ
1078 879 1330 955 βασιλείᾳ
1377 880 1749 940 καταστάσεως
1803 880 1899 933 τοῦ
2011 875 2333 951 γεννηθέντα
2388 877 2478 933 καὶ
2538 880 2650 952 ἅμα
2705 886 2932 959 τρυφαῖς
2989 882 3078 939 καὶ
3136 882 3434 949 σπατάλαις
3483 890 3660 962 παρὰ.

233 962 628 1042 υαλαιολόγου
677 966 907 1043 ἀνάγκη,
942 966 1156 1044 μεγάλη
1208 990 1292 1034 τις
1345 969 1477 1026 οὖσα
1528 969 1615 1025 καὶ
1663 966 1896 1041 ἀπαραί-
2015 963 2291 1042 ληφθέντα
2342 965 2674 1040 βασιλικαῖς,
2740 966 3136 1048 ὑφεδρευούσης
3198 973 3291 1046 μὲν
3348 971 3662 1049 κολακείας,

230 1074 423 1123 τητος.
504 1052 660 1125 Πλὴν
724 1058 826 1132 γὰρ
882 1056 1109 1132 ὀλίγων,
1165 1059 1255 1115 καὶ
1312 1063 1502 1115 τοῦτο)
1562 1057 1750 1131 καιρὸν
1805 1054 1903 1110 οὐκ
2015 1051 2259 1111 ἐκποδὼν
2313 1052 2358 1109 δ’
2399 1053 2566 1125 ούσης
2621 1056 2900 1131 ἀληθείας,
2952 1062 3037 1116 καὶ
3098 1066 3205 1118 τῶν
3265 1063 3531 1120 κακίστων
3587 1066 3665 1130 ὡς

230 1139 480 1219 ἑχόντων
511 1141 601 1200 διὰ
626 1146 727 1216 τὴν
759 1150 865 1201 τῶν
896 1144 1086 1203 ἄλλων
1120 1146 1347 1204 πολλῶν
1375 1147 1464 1202 καὶ
1511 1145 1759 1221 μεγάλων
1812 1141 1905 1200 ὅν-
2014 1142 2326 1202 καλλίστων
2404 1146 2922 1223 ὡποκοριζομὲνων,
2989 1152 3064 1215 ὡς
3120 1153 3147 1207 ὁ
3208 1150 3441 1218 παλαιὸς
3500 1153 3667 1232 λόγος

224 1254 338 1289 των
376 1232 647 1306 βούλησιν
680 1234 763 1312 ἐφ’
802 1236 848 1308 ᾧ
872 1235 1175 1313 ὖπίσχοιεν,
1210 1242 1455 1313 φανερῶς
1488 1239 1540 1293 οἱ
1573 1234 1738 1293 ἄλλοι
1769 1233 1905 1291 πάν·
2016 1231 2156 1309 ἔχει,
2190 1234 2278 1289 ὅτε
2307 1234 2396 1291 καὶ
2423 1235 2486 1290 τὸ
2517 1234 2756 1310 ἰμμελὶς
2790 1239 3005 1315 βήττειν
3039 1239 3256 1299 ἀκούειν
3299 1243 3367 1313 ἦν
3393 1242 3452 1299 ἐκ
3497 1241 3665 1299 κολά-

224 1342 315 1385 τες
374 1328 507 1395 μιᾶς
564 1322 773 1398 βουλῆς
814 1326 951 1395 ἦσαν
984 1326 1075 1382 καὶ
1106 1328 1358 1402 γνώμης,
1392 1326 1685 1403 ἀγαπητῶς
1736 1323 1903 1398 ἔχον.
2017 1344 2125 1380 κων
2175 1328 2254 1395 τῷ
2300 1320 2414 1397 ἅμα
2469 1326 2564 1397 μὲν
2605 1326 2837 1405 ἄρχοντι
2867 1329 2982 1403 ἅμα
3012 1325 3069 1384 δὲ
3095 1327 3382 1405 πάσχοντι,
3431 1330 3525 1388 κᾶν
3585 1352 3670 1395 τις

228 1432 315 1475 τες
349 1410 405 1469 εἴ
457 1411 838 1487 βασιλεύοιντο
884 1416 973 1472 ὑπ’
1024 1415 1237 1489 ἐκεινῳ.
1289 1416 1545 1491 Ἀρίστην
1593 1416 1698 1491 γάρ
1752 1415 1904 1487 βασι-

230 1501 385 1557 λείαν
420 1502 557 1559 εἶναι
586 1504 656 1560 οὐ
681 1504 780 1574 τήν
827 1502 1153 1583 κληρωτὴν,
1203 1507 1262 1576 ἢν
1319 1504 1525 1577 ὀλίσθῳ
1570 1503 1747 1579 τύχης
1796 1503 1902 1557 τινὶ

227 1586 345 1648 ἔπι
379 1588 683 1667 λαγχάνειν
716 1593 919 1649 καὶτὸν
952 1592 1190 1664 ἀνάξιον,
1244 1590 1464 1669 ούδὲςγε
1510 1594 1609 1662 τὴν
1659 1591 1765 1648 ἀπὸ
1812 1590 1901 1666 γέ-

226 1700 383 1753 νους,
437 1679 516 1743 είς
560 1681 620 1750 ἣν
689 1684 1175 1760 παρεισφθαρέντες
1236 1681 1511 1744 πολλάκις
1569 1680 1890 1737 λανθάνουσι

225 1769 319 1825 καὶ
392 1770 445 1826 οἱ
516 1769 785 1841 κάκιστοι,
834 1770 929 1833 οὓς
972 1769 1040 1841 δὴ
1096 1772 1185 1827 καὶ
1241 1769 1692 1845 ἀποδοκιμάσειεν
1752 1770 1810 1825 ἂν
1871 1772 1900 1826 ὁ
2021 1765 2284 1843 ἄρχοντα,
2316 1768 2407 1825 καὶ
2479 1770 2570 1825 τὸν
2643 1772 2809 1847 τῦφον
2886 1772 3252 1847 συναύξουσιν.
3321 1777 3553 1834 Ἐκεῖνοι
3610 1775 3669 1834 Si

227 1858 443 1933 ἀγαθὸς
502 1857 692 1936 ἄρχων
749 1860 839 1917 καὶ
894 1859 947 1918 ἰν
1006 1859 1268 1932 ὑπηκόων
1330 1861 1660 1935 ἐξετάζεσθαι
1717 1860 1905 1934 μοίρᾳ,
2024 1856 2205 1931 ὥσπερ
2282 1857 2370 1914 ἰπὶ
2446 1865 2653 1930 σκηνῆς
2730 1857 2961 1939 διάφορα
3031 1869 3349 1938 προσωπεῖα
3399 1863 3676 1941 περιτιθὲ-

229 1946 388 2005 ἆλλᾶ
431 1949 534 2018 τὴν
581 1948 633 2020 ιε
677 1951 874 2027 ἀρετῆς
923 1949 1013 2007 καί
1065 1948 1393 2024 δοκιμασίας
1444 1948 1668 2028 ἀρίστης
1700 1950 1775 2005 ὡν
1808 1946 1909 2023 ἄρ·
1940 1998 1985 2063 Β
2027 1966 2201 2019 μενοι,
2233 1947 2371 2017 πρὸς
2396 1947 2459 2003 τὸ
2489 1946 2721 2022 ἀρίστως
2757 1947 3060 2023 βασιλεύειν
3103 1953 3165 2010 τὸ
3212 1952 3363 2029 γένος
3410 1952 3670 2030 ἐχέγγυον

229 2057 351 2063 ----κ.
415 2037 605 2063 --ΞἸἿ-Α
698 2039 796 2063 ις’-
910 2039 941 2063 ,3
965 2060 977 2063 -
1016 2061 1023 2063 Α
1060 2041 1102 2063 ,,\
1142 2038 1186 2063 Ἰν
1224 2061 1243 2063 -
1276 2039 1350 2063 ,-\
1382 2042 1395 2063 \
1425 2061 1435 2063 _
1470 2044 1583 2063 7-1‘-
1616 2038 1877 2063 __\_ln___r.
2019 2034 2217 2063 -Ἶ--.-...
2324 2034 2499 2063 .'!__--
2581 2036 2632 2063 Συ.
2704 2043 2820 2063 ---“ΐ-
2886 2041 3053 2063 --ννκκ
3216 2045 3244 2057 ~
3388 2062 3405 2063 η
3460 2062 3467 2063 ,
3542 2042 3553 2061 Ι

226 2057 353 2111 χειν
413 2037 634 2111 μᾶλλει.
683 2039 834 2111 Αὕτη
883 2039 983 2117 γὰρ
1014 2041 1105 2098 καὶ
1142 2038 1351 2097 λυσιτε)
1370 2042 1436 2111 ἠς
1466 2044 1585 2103 τοῖς
1611 2038 1902 2109 πλήθεσιν,
1940 2034 1985 2063 υ
2017 2034 2245 2109 οἸονται,
2322 2034 2502 2112 ὥσπερ
2580 2036 2633 2094 ἐν
2702 2043 2820 2101 ταῖς
2880 2041 3124 2117 πρώταις
3178 2045 3287 2098 τῶν
3347 2042 3669 2119 σπερμάτων

228 2124 465 2185 εἰδότων
525 2132 633 2185 τῶν
691 2127 771 2193 εἷς
826 2129 1006 2205 ἀρχὴν
1072 2130 1449 2187 καταστάντων
1509 2127 1596 2185 ἐπὶ
1653 2127 1757 2184 τίνι
1810 2127 1898 2185 καὶ
2010 2120 2343 2189 καταϐολαῖς
2402 2124 2701 2200 βασιλικῶν
2753 2149 2915 2186 τινων
2976 2127 3256 2205 δυνάμεων
3316 2129 3395 2196 εἷς
3444 2131 3670 2205 ἀρίστην

226 2214 719 2291 προσεκλήθησαν.
755 2217 955 2292 Ἰατρόν
1005 2217 1104 2294 γάρ
1140 2216 1263 2274 οὔτε
1304 2219 1397 2273 τὸν
1445 2216 1506 2273 ἐκ
1546 2216 1725 2292 τύχης
1776 2212 1900 2271 οὔτε
2010 2212 2303 2289 ἡγεμονίαν
2356 2213 2611 2273 ἐνουσῶν.
2658 2220 2833 2272 Ταῦτα
2883 2215 3131 2292 λέγοντες
3170 2219 3444 2275 ἐπέκειντο
3501 2219 3669 2276 πλέον

222 2307 318 2363 τὸν
349 2304 417 2363 ἐκ
444 2308 636 2385 γένους
666 2306 743 2371 είς
770 2308 831 2364 τὸ
862 2313 1038 2365 ποιεῖν
1065 2306 1243 2384 ὑγείαν
1293 2312 1411 2373 τοῖς
1455 2310 1699 2364 νοσοῦσιν
1749 2305 1901 2379 asta.
2013 2300 2145 2359 ἰδεῖν
2178 2304 2270 2359 τόν
2305 2301 2570 2375 δεσπότην
2601 2304 2691 2361 καὶ
2730 2308 3097 2386 στεφηφόρον,
3126 2308 3217 2365 καὶ
3248 2305 3448 2380 ἤνυτον
3494 2328 3674 2385 προσ-

224 2414 419 2471 χρεων
472 2393 741 2471 εἴποιμεν·
789 2397 875 2453 καὶ
925 2394 975 2452 εἲ
1027 2395 1087 2454 ἐκ
1134 2398 1325 2473 γένους
1360 2397 1452 2455 τὸν
1495 2392 1903 2471 κυϐερνήσοντα
2014 2392 2397 2469 αναγκάζοντες
2450 2398 2720 2471 συνεχῶς.
2781 2398 2865 2471 [Ρ.
2898 2400 2991 2471 58]
3040 2400 3138 2458 Ἦν
3181 2397 3284 2477 γὰρ
3332 2399 3426 2455 καί
3485 2400 3512 2454 ὁ
3570 2403 3676 2456 Πα-

228 2484 638 2561 ἒγκρινοῦμεν,
703 2486 1132 2555 καταποντιστήν
1197 2486 1411 2562 μᾶλλον
1468 2487 1502 2558 ἢ
1562 2479 1899 2562 κυϐερνήτην
2013 2481 2313 2559 λαιολόγος
2350 2482 2585 2547 ἐντεῦθεν
2634 2486 3021 2563 συγκροτηθεὶς
3053 2486 3119 2543 τὰ
3148 2487 3281 2544 αὐτὰ
3325 2484 3527 2565 λέγων,
3582 2509 3679 2578 και

1902 2637 2018 2733 Π.

228 2784 281 2840 1.
323 2784 398 2841 Ut
428 2781 700 2839 Arrenius
727 2782 1056 2866 patriarcha
1085 2783 1147 2839 in
1201 2782 1579 2869 sollicitudine
1635 2784 1806 2853 fuerit
1837 2782 1900 2838 ob
2012 2781 2342 2854 parentium
2394 2786 2607 2855 pestes,
2642 2784 3017 2844 adulatorum
3066 2802 3299 2861 greges,
3333 2786 3413 2845 ita
3463 2789 3678 2864 depra-

891 2870 979 2913 νεδ
1004 2870 1255 2927 "7'11""-
2011 2874 2604 2931 vantutnecsensum
2638 2874 2853 2932 habere
2888 2876 3150 2934 veritatis
3185 2878 3680 2936 assentationibus

2016 2960 2286 3029 exclusae,
2316 2976 2421 3017 nec
2446 2962 2739 3033 judicium
2786 2964 2927 3021 recti
2981 2970 3037 3021 et
3073 2965 3248 3038 sequi,
3278 2968 3381 3022 aut
3424 2966 3677 3023 formam

233 3068 393 3109 num
426 3049 664 3106 initium
697 3048 897 3106 attulit
919 3066 1135 3123 magna
1153 3054 1212 3106 et
1230 3049 1628 3107 ineluctabilis
1650 3050 1907 3107 necessi-
2020 3066 2229 3123 capere
2281 3051 2567 3107 moderati
2616 3051 2924 3123 regiminis
2970 3052 3219 3122 valeant,
3270 3053 3476 3125 utique
3536 3070 3673 3111 cum

232 3146 332 3197 tas
368 3138 697 3195 imminens
729 3139 1011 3197 evehendi
1032 3138 1425 3212 Palaaologum
1457 3140 1530 3197 ad
1562 3138 1902 3211 imperium.
1935 3174 1977 3212 ρ
2018 3139 2121 3211 qui
2157 3154 2360 3197 eorum
2401 3144 2457 3196 et
2486 3140 2666 3196 latera
2691 3141 2961 3197 obsident
2978 3145 3035 3197 et
3052 3142 3296 3200 auribus
3316 3142 3675 3211 insidiantur

232 3231 395 3287 Nam
418 3237 629 3300 praeter
649 3244 870 3300 paucos
893 3235 1259 3285 momentum
1283 3245 1399 3285 non
1426 3228 1731 3297 habentes,
1747 3229 1902 3300 quod
1938 3227 1979 3245 ν
2017 3227 2299 3285 individui
2332 3230 2597 3300 comites,
2625 3230 2696 3285 ad
2728 3231 2979 3303 gratiam
3020 3231 3182 3304 loqui
3213 3232 3414 3291 omnia
3459 3233 3672 3306 parati,

233 3334 453 3377 eorum
488 3317 776 3390 suffragia
803 3317 1186 3375 multitudine
1229 3317 1662 3376 contrariorum
1696 3318 1907 3373 obruc-
2014 3317 2272 3391 pessima
2318 3334 2587 3389 quaeque,
2636 3323 2701 3374 ut
2756 3325 2923 3377 vetus
2979 3321 3221 3377 verbum
3291 3321 3487 3393 habet,
3536 3322 3675 3394 pul-

234 3412 477 3479 rentur,
510 3406 786 3465 concordi
826 3423 1032 3464 omnes
1082 3406 1276 3464 studio
1326 3407 1385 3465 in
1440 3423 1622 3465 unam
1671 3410 1909 3464 senten-
2017 3406 2442 3465 cherrimarum
2476 3423 2673 3463 rerum
2705 3408 3099 3480 appellatione
3129 3409 3676 3481 cohonestent,usu

235 3499 403 3554 tiam
428 3495 913 3569 desideriumque
933 3496 1355 3568 conspirabant
1375 3495 1696 3569 Palaaologo
1722 3499 1787 3552 ut
1808 3495 1911 3552 im-
2018 3496 2281 3553 subactis
2313 3496 2646 3569 principum
2684 3497 2900 3554 animis
2933 3499 3005 3555 ad
3038 3499 3154 3554 ista
3205 3503 3263 3556 et
3291 3498 3597 3557 toleranda
3624 3505 3682 3559 et

3551 322 3658 380 526

2017 1412 2283 1469 νουθετῶν
2347 1413 2666 1491 ὑπογρύξῃ,
2726 1416 2802 1479 ὡς
2860 1414 3086 1481 δύσνους
3136 1418 3227 1473 καὶ
3278 1419 3534 1483 κάκιστος
3591 1417 3671 1475 δι-

2020 1498 2310 1574 εϐάλλετο,
2344 1502 2417 1564 ὡς
2474 1505 2574 1573 τήν
2632 1503 2948 1579 παραίνεσιν
2994 1506 3284 1582 πρόσταξιν
3317 1508 3578 1584 ἐχόντων.
3608 1508 3673 1565 Οἱ

2021 1589 2078 1647 δὲ
2108 1591 2197 1647 καὶ
2226 1593 2293 1647 τά
2321 1592 2580 1667 γινόμενα
2614 1590 3059 1671 δυσχεραίνοντες
3109 1594 3259 1654 οὐδὲν
3292 1599 3458 1669 ἧττον
3499 1596 3671 1656 κολα-

2019 1677 2289 1749 κεύουσιν,
2363 1679 2821 1753 ἀποσεμνύνοντες
2897 1681 3062 1739 πλέον
3137 1689 3233 1740 τοῦ
3308 1687 3530 1762 μετρίου
3580 1688 3670 1744 τὸν

302 2962 420 3018 90
440 2963 515 3019 At
544 2960 792 3017 Arsenio
823 2960 1173 3033 patriarcha
1227 2977 1512 3018 novarum
1546 2960 1905 3018 sollicitudi-

236 3585 511 3660 peratori
548 3584 863 3643 serviendi.
896 3585 1086 3659 Vulgo
1140 3591 1207 3644 ut
1253 3586 1538 3658 optimam
1590 3585 1911 3643 laudabant

240 3693 385 3733 eam
441 3675 686 3731 demum
735 3674 1104 3747 principatus
1160 3674 1433 3743 formam,
1468 3691 1596 3746 quae
1628 3674 1911 3747 principis

238 3764 552 3822 delectum
606 3780 723 3821 non
768 3764 1165 3838 praerogativa
1214 3765 1446 3838 generis
1496 3765 1812 3834 addiceret,
1845 3779 1910 3820 ac

240 3856 336 3912 sic
367 3854 741 3926 permitteret
767 3853 1010 3909 arbitrio
1040 3852 1239 3921 sortis,
1271 3854 1443 3925 cujus
1474 3852 1785 3911 temerario
1812 3853 1914 3923 ju-

242 3942 412 4001 dicio
440 3941 604 3999 velut
634 3958 785 4002 osco
834 3942 971 3999 alea
1018 3960 1158 4001 casu
1211 3960 1327 4000 non
1378 3943 1573 4001 solum
1630 3941 1911 4013 indignus

241 4032 557 4091 interdum
589 4033 1004 4104 praeficeretur,
1032 4032 1136 4090 sed
1182 4033 1241 4089 in
1291 4048 1593 4091 summum
1643 4047 1795 4104 saepe
1822 4030 1911 4087 lo-

242 4138 394 4180 cum
424 4122 753 4195 irreperent
779 4120 1027 4194 pessimi
1057 4121 1350 4194 homines,
1381 4125 1439 4179 et
1486 4121 1725 4180 omnino
1763 4118 1912 4177 tales

242 4228 407 4284 quos
436 4210 491 4268 si
521 4210 666 4268 satis
703 4209 1035 4283 exploraret
1080 4210 1271 4282 gravis
1317 4215 1375 4268 et
1419 4216 1728 4269 accurrata
1776 4225 1915 4267 cen-

244 4317 420 4367 sura,
444 4299 545 4355 vix
572 4298 634 4355 in
667 4298 937 4356 inﬁmum
974 4298 1351 4356 subditorum
1406 4299 1653 4372 gradum
1700 4299 1914 4357 admit-

246 4388 827 4446 teret.Tutissimum
844 4404 975 4444 esse
988 4387 1157 4444 illum
1174 4387 1358 4459 igitur
1378 4388 1630 4459 eligendi
1646 4390 1914 4457 modum,

252 4495 384 4552 quo
410 4477 536 4535 vita
563 4477 695 4548 ejus
724 4480 779 4533 et
802 4492 997 4533 mores
1021 4476 1125 4548 qui
1158 4477 1592 4550 promovendus
1612 4481 1724 4546 est,
1756 4476 1917 4549 ipso-

2018 3584 2329 3649 credenda,
2352 3584 2493 3639 adeo
2521 3585 2783 3641 utetiam
2807 3584 3058 3643 libenter
3078 3586 3319 3643 audiant
3339 3585 3483 3644 viles
3502 3586 3677 3647 istius

2019 3673 2176 3729 faecis
2200 3672 2508 3729 hominum
2526 3673 2954 3747 voces,quibus
2978 3674 3342 3733 modulatam
3366 3676 3542 3733 etiam
3564 3675 3677 3733 sibi

2019 3760 2200 3815 videri
2232 3759 2568 3832 aagrotantis
2589 3761 2874 3833 principis
2904 3762 3117 3818 tussim
3144 3762 3520 3835 putidissime
3542 3778 3679 3836 gar-

2021 3849 2201 3905 riunt.
2236 3848 2462 3914 Quibus
2501 3848 2550 3904 si
2601 3849 2813 3905 audeat
2840 3849 3193 3907 intervenire
3222 3851 3519 3923 quispiam
3568 3868 3673 3908 sa-

2022 3937 2212 4008 piens,
2240 3939 2297 3991 et
2327 3952 2455 4006 qua
2483 3952 2619 3993 vera
2648 3940 2707 3991 et
2727 3938 2894 4008 justa
2924 3942 3068 3996 sunt
3112 3937 3363 4007 hiscere,
3396 3938 3671 3997 continuo

2020 4024 2479 4083 utdefectionem
2493 4025 2783 4083 meditans
2800 4026 3045 4084 ethomo
3058 4026 3673 4098 nequissimustradu-

2020 4113 2278 4180 citur,iis
2308 4113 2602 4186 siquidem
2625 4114 2725 4186 qui
2746 4115 2831 4172 sic
2859 4115 3155 4187 imperant
3175 4115 3369 4173 omnis
3398 4116 3670 4173 admoni-

2020 4203 2200 4262 tionis
2241 4203 2367 4260 loco
2388 4201 2659 4261 absoluta
2677 4207 2735 4261 et
2752 4202 3058 4262 liberrime
3080 4203 3315 4275 quidvis
3336 4204 3669 4277 imperandi

2022 4292 2256 4350 licentia
2275 4296 2383 4365 est,
2407 4308 2543 4349 cum
2563 4292 2797 4350 interim
2820 4292 2934 4368 ipsi
2958 4308 3195 4366 quoque
3216 4293 3315 4366 qui
3338 4310 3406 4351 ea
3427 4292 3672 4354 moleste

2021 4383 2237 4455 ferunt,
2269 4381 2534 4441 accinere
2580 4383 3022 4441 assentantibus
3070 4387 3381 4457 cogantur,
3409 4389 3471 4440 et
3518 4382 3675 4441 ultra

2021 4488 2257 4530 omnem
2289 4471 2533 4529 modum
2560 4470 2962 4546 qualicunque
2991 4472 3245 4545 principi
3273 4472 3540 4530 encomia
3586 4470 3675 4530 vel

248 4548 394 4625 rum
425 4567 644 4639 quibas
675 4570 766 4624 est
803 4548 1174 4639 prefuturus'
1197 4565 1596 4637 subjiciuntur
1625 4548 1919 4623 examini:
1952 4548 1999 4618 Β
2030 4562 2290 4621 maxima
2320 4562 3030 4635 dicere,quibusscillicet
3058 4564 3250 4635 magis
3268 4562 3678 4635 magisquetu-

247 4658 375 4715 ista
416 4656 578 4716 enim
631 4655 917 4713 rationem
970 4658 1029 4712 et
1084 4653 1319 4728 populis
1376 4669 1541 4727 aeque
1596 4654 1802 4711 utilem
1857 4658 1916 4713 et

250 4746 408 4819 ipsis
439 4744 832 4818 principibus,
864 4744 1069 4817 utique
1111 4760 1219 4816 per
1264 4758 1395 4801 eam
1442 4743 1914 4816 intelligentibus

2022 4653 2219 4710 midus
2250 4652 2377 4723 ejus
2398 4652 2633 4709 animus
2654 4651 2915 4709 inﬂatur.
2950 4655 3144 4723 Atque
3164 4651 3274 4708 hoc
3298 4667 3488 4724 genus
3510 4652 3665 4725 prin-

2022 4742 2200 4815 cipes.
2234 4740 2497 4798 diversas
2526 4740 2640 4798 sibi
2669 4740 2861 4798 larvas
2881 4739 3042 4797 velut
3070 4740 3131 4797 in
3159 4756 3334 4798 scena
3362 4741 3674 4814 imponen-

250 4840 455 4893 curet
498 4836 572 4892 ad
632 4834 776 4906 quid
833 4834 1011 4891 officii
1069 4837 1370 4892 vocentur.
1402 4838 1552 4891 Sane
1609 4848 1914 4907 nunquam
2021 4836 2131 4898 tes,
2168 4829 2902 4903 adcptimeimperandum
2925 4829 3671 4901 abundeputantsut‘ﬂoere

254 4924 591 4983 dixerimus
637 4922 1019 4996 aptissimum
1066 4924 1188 4981 fore
1232 4921 1401 4982 illum
1445 4940 1597 4996 egro
1654 4922 1917 4981 curando

255 5015 585 5083 medicum,
607 5030 781 5087 quem
812 5029 1003 5086 genus
1031 5017 1133 5071 aut
1160 5014 1394 5071 fortuna
1413 5012 1915 5070 commendarinti

255 5110 318 5161 et
350 5104 402 5161 si
432 5120 503 5161 ex
536 5119 751 5177 genere
778 5104 1236 5176 gubernatorem
1271 5103 1615 5176 navigantes
1653 5101 1917 5159 adscive-

257 5195 479 5264 rimus,
508 5194 908 5252 demersorem
933 5193 1135 5265 potius
1167 5209 1346 5265 quam
1378 5192 1586 5251 utilem
1629 5194 1916 5249 rectorem

258 5286 639 5357 imponemus
696 5283 856 5341 navi.
887 5282 1224 5340 Periculum
1278 5298 1451 5355 porro
1510 5297 1638 5339 esse
1695 5297 1769 5339 ne
1824 5280 1922 5353 qui

258 5379 404 5431 sunt
431 5373 492 5430 in
522 5389 703 5447 regno
732 5372 853 5430 nati
883 5373 1152 5430 omnium
1177 5371 1670 5445 sintineptissimi
1699 5371 1770 5428 ad
1791 5386 1923 5442 per-

259 5463 599 5535 cipiendam
619 5463 995 5520 institutione
1016 5463 1112 5519 9|
1142 5461 1516 5531 disciplinam
1545 5465 1718 5534 atque
1739 5465 1924 5519 artem

258 5557 415 5609 recte
476 5552 964 5611 administranda
1022 5550 1379 5622 reipublicm,
1414 5551 1632 5624 quippe
1666 5566 1812 5623 quos
1870 5554 1929 5609 et

261 5641 487 5700 delicia:
519 5643 579 5698 in
611 5658 867 5714 quarum
904 5642 1035 5698 sinu
1073 5640 1506 5709 nutriuntur,et
1535 5640 1785 5699 assidue
1810 5640 1927 5698 im.

2024 4918 2255 4991 generis
2286 4918 2431 4991 regii
2461 4917 2807 4987 claritatem,
2837 4918 3007 4990 quasi
3037 4918 3404 4977 nascentium
3435 4918 3495 4977 in
3528 4937 3673 4993 pur-

2027 5025 2176 5081 pura
2204 5006 2557 5080 primigenia
2613 5008 2746 5080 ipsa
2774 5007 3005 5067 semina
3033 5008 3132 5064 vin
3158 5010 3473 5079 quamdam
3508 5027 3672 5068 arca-

2028 5114 2167 5155 nam
2197 5113 2398 5155 secum
2430 5098 2668 5166 ferrent,
2698 5097 2926 5156 dotium
2958 5097 3035 5156 ad
3068 5097 3341 5170 praeclare
3371 5099 3672 5172 imperan-

2029 5188 2173 5245 dum
2231 5187 2635 5244 necessarium
2720 5186 3133 5260 presbitrirem.
3192 5186 3325 5245 Haec
3408 5188 3673 5245 dicentes

2032 5275 2492 5334 exardescebant
2520 5276 2581 5332 in
2612 5276 3017 5349 impatientem
3064 5276 3409 5335 instantiam
3438 5275 3676 5333 videndi

2034 5364 2417 5438 praepositum
2463 5365 2636 5422 rebus
2686 5381 2890 5422 verum
2921 5365 3229 5422 dominum
3261 5370 3321 5422 et
3345 5382 3561 5424 corona
3588 5365 3680 5420 di-

2034 5470 2243 5529 gnum,
2277 5470 2457 5527 seque
2486 5459 2785 5526 compotes
2811 5460 3103 5523 votorum,
3148 5459 3352 5527 utpote
3382 5455 3683 5525 subjectos

2035 5544 2287 5618 principi
2321 5545 2451 5615 ejus
2482 5546 2679 5603 formae
2704 5562 2883 5617 quam
2905 5545 3357 5615 descripserant.
3381 5544 3436 5601 Is
3454 5559 3684 5615 quoque

2037 5635 2161 5707 ipse
2197 5651 2368 5705 quem
2412 5635 2543 5692 istis
2590 5636 2826 5692 vocibus
2875 5633 3278 5704 designabant,
3329 5631 3687 5706 Palaeologus
