3944 6202
406 327 512 380 527

410 452 483 511 ὡς
512 447 555 502 εἰ
593 448 667 518 μὴ
701 445 843 514 ἄξιος
875 446 976 507 τῆς
1007 435 1301 513 ἡγεμονίας
1331 433 1540 511 κριθείη
1573 433 1662 486 καὶ
1708 433 1736 485 ὁ
1769 430 1820 501 ἐξ
1868 426 2056 496 αύτοῦ,

409 538 568 598 αὐτὸς
644 531 876 587 ἐντεῦθεν
956 526 1155 583 ἐκεῖνον
1233 521 1658 600 ἀποψηφίζεται.
1739 519 1890 587 Πλὴν
1966 518 2055 572 καὶ

408 619 594 678 πολλά
622 641 742 674 τινα
771 618 1066 692 κατορθοῦν
1129 616 1469 688 ὑπισχνεῖτο,
1528 611 1626 680 τὴν
1675 609 1770 682 μὲν
1823 605 2057 676 Ἐκκλη-

409 712 524 766 σίαν
559 711 792 782 ἀνυψοῦν
827 709 975 774 ὅσον,
1006 703 1132 765 τοὺς
1163 701 1208 758 δ’
1241 700 1574 777 ἱερωμένους
1626 699 1715 752 καὶ
1759 696 1930 753 ττλὲον
1962 700 2058 750 τοῦ

411 798 632 873 μετρίου
659 801 842 871 τιμᾷν,
891 795 1060 868 ἀξίαις
1114 814 1172 847 τε
1219 792 1500 865 μεγίσταις
1546 789 1635 843 καὶ
1693 786 1820 848 τοὺς
1877 785 2055 855 ἀξίους

406 872 597 944 τῶνέν
639 887 785 942 τὲλει
830 877 1205 961 προϐιϐἀζειν.
1253 881 1341 934 καὶ
1402 878 1605 955 κρίσεις
1658 872 2058 950 ὑπεραποδέχε-

405 991 524 1043 σθαι
581 965 819 1046 δδικαίας,
879 973 968 1028 καὶ
1027 971 1156 1033 τοὺς
1206 969 1455 1046 ἆῤῥεπῶς
1502 970 1818 1040 κρινοῦντας
1871 965 2058 1039 ἐγκαθ·

409 1071 582 1140 ισθᾷν,
615 1068 686 1119 ὦν
735 1064 824 1119 καὶ
879 1062 1026 1135 μάλα
1072 1062 1160 1114 καὶ
1219 1059 1524 1133 πρώτιστον
1575 1055 1666 1109 τὸν
1720 1055 1893 1110 Κακὸν
1949 1054 2058 1108 Μι-

412 1155 562 1231 χαὴλ
595 1156 684 1210 καὶ
719 1150 1069 1228 Σεναχηρεῖμ
1103 1146 1558 1220 ἐπικεκλημένον,
1619 1144 1674 1198 εὗ
1719 1148 1826 1197 τῶν
1878 1140 2056 1217 λόγων

409 1247 500 1301 καὶ
551 1250 659 1300 τῶν
702 1243 884 1316 νόμων
931 1238 1150 1316 ἔχοντα,
1198 1238 1248 1293 ἐν
1279 1242 1359 1309 τῷ
1389 1233 1570 1291 δοῦναί
1619 1236 1674 1287 οἱ
1723 1233 1812 1288 καὶ
1840 1251 2060 1306 πρωτο-

408 1341 707 1409 ασηκρῆτις
781 1329 942 1385 πάλει
1021 1325 1236 1392 σϐεσθέν
1315 1325 1548 1398 ἀξίωμα,
1607 1324 1693 1377 καὶ
1771 1323 1822 1376 οἱ
1882 1319 2056 1383 θέλειν

409 1423 707 1498 ἆσηκρῆτις
741 1419 1019 1490 ὑποτάξαι,
1053 1416 1134 1493 ἐφ’
1183 1418 1228 1488 ᾧ
1277 1415 1586 1475 ἀδεκάστως
1634 1411 1724 1465 καὶ
1779 1409 2060 1484 ἀνεριοεύ-

406 1534 516 1574 τως
556 1496 830 1585 κρίνοιεν.
893 1510 1010 1562 Ἔτι
1067 1528 1124 1561 τε
1182 1505 1348 1580 λόγον
1407 1509 1637 1574 τιμῆσαι
1695 1501 1781 1554 καὶ
1833 1497 1959 1558 τοὺς
2006 1496 2058 1551 ἐν

408 1598 562 1676 λὸγῳ
615 1584 742 1675 περὶ
803 1599 1065 1653 πλείστου
1125 1599 1230 1649 τῶν
1289 1591 1475 1648 ἄλλων
1529 1594 1726 1644 ποιεῖν.
1786 1588 1861 1644 Τὸ
1896 1584 1950 1640 δὲ
1999 1607 2060 1659 γε

411 1689 798 1764 στρατιωτικὸν
848 1689 1214 1762 ὑπεραγαπᾷν,
1260 1683 1350 1737 καὶ
1399 1681 1494 1742 τὰς
1540 1678 1754 1734 ἐκείνων
1783 1674 2060 1752 προνοίας,

408 1779 503 1834 κᾶν
557 1777 609 1832 ἐν
660 1776 892 1849 πολέμῳ
941 1775 1190 1829 πίπτοιεν
1240 1771 1334 1826 κᾶν
1378 1769 1793 1839 ἆποΟνήσκοιεν,
1840 1764 2060 1841 γονικᾶς

408 1869 720 1942 ἐγκαθιστᾷν
773 1872 888 1927 τοῖς
947 1865 1130 1932 παισὶ,
1183 1861 1277 1918 κᾶν
1331 1883 1470 1916 τισιν
1530 1862 1582 1914 αἱ
1633 1863 1879 1934 γυναῖκες
1924 1851 2058 1908 κατᾶ

407 1959 640 2033 γαστρὸς
688 1954 892 2031 ἔχοιεῖν
949 1956 1011 2010 τὸ
1070 1952 1547 2030 κυοφορούμενον,
1610 1947 1954 2021 Εἰσπράξεων
2012 1940 2058 1996 δ’

406 2028 606 2102 ἆδίκῴν
641 2028 770 2119 μηδ-⁸
803 2040 980 2117 ὄνομα
1010 2044 1163 2111 εἶναι,
1188 2028 1343 2114 μηδὲ
1372 2043 1559 2116 χώραν
1612 2035 1818 2092 διδόναι
1870 2028 2057 2088 81160-

407 2136 554 2206 λαῖς,
614 2135 911 2211 ἀργοῦντος
980 2134 1073 2206 μὲν
1131 2135 1226 2186 τοῦ
1283 2129 1369 2184 ἐπὶ
1417 2128 1635 2188 ταύταις
1687 2122 2055 2200 μονομαχίου,

412 2319 614 2376 eadem
669 2317 770 2373 illa
799 2315 1173 2388 loquebatur,
1231 2315 1453 2371 addens
1484 2313 1656 2370 etiam
1706 2326 1788 2379 se,
1821 2309 1869 2366 si
1917 2308 2063 2364 forte

414 2408 733 2480 imperaret
763 2409 819 2461 et
848 2404 1037 2460 ﬁlium
1077 2405 1318 2460 haberet
1349 2419 1462 2458 non
1497 2401 1803 2474 praeditum
1827 2397 2064 2454 dotibus

413 2497 764 2566 artibusque
796 2495 867 2549 ad
898 2494 1044 2549 bene
1082 2494 1403 2564 regendum
1437 2492 1612 2564 aptis,
1647 2489 1800 2545 ultro
1833 2487 2064 2542 abdica-

418 2590 620 2640 turum
658 2582 1154 2651 redacturumque
1208 2581 1265 2635 in
1317 2579 1603 2635 ordinem.
1638 2577 1738 2632 His
1772 2574 2064 2630 inserebat

414 2671 835 2744 promissienes
867 2668 1210 2741 magnificas
1242 2667 1751 2740 perﬁciendarum,
1785 2663 1834 2718 si
1867 2662 2062 2718 decla-

415 2763 643 2816 raretur
671 2759 772 2815 92
806 2757 1147 2830 imperator,
1180 2756 1552 2812 laudatarum
1585 2757 1643 2811 et
1689 2751 1916 2808 cunctis
1963 2766 2062 2806 ex-

417 2848 733 2922 petitarum
767 2863 960 2904 rerum
993 2846 1305 2903 Ecclesiam
1340 2844 1578 2917 quidem
1628 2859 1757 2900 sese
1809 2843 1869 2896 in
1899 2840 2062 2896 altis-

411 2938 631 2996 simum
683 2935 985 3010 fastigium
1043 2939 1404 3003 evecturum,
1440 2949 1640 2990 sacros
1700 2947 1835 2987 vero
1884 2928 2060 2986 mini-

412 3031 567 3084 stros
618 3027 1038 3084 honoratorum
1097 3023 1578 3097 exquisitissime.
1606 3023 1888 3077 Praeterea
1938 3035 2060 3075 ma-

417 3118 697 3190 gistratus
727 3120 784 3173 et
814 3117 1188 3188 prefecturas
1220 3131 1335 3170 non
1365 3113 1476 3170 nisi
1510 3111 1703 3185 dignis
1753 3127 1822 3168 ex
1871 3109 2060 3182 primo

413 3207 618 3263 ordine
670 3205 1055 3262 tributurum.
1086 3203 1449 3260 Judiciorum
1507 3218 1709 3260 curam
1743 3203 2059 3271 susceptu-

417 3311 572 3364 rum,
606 3295 858 3364 utjuste
905 3309 972 3349 ac
1005 3294 1132 3349 sine
1182 3291 1480 3348 calumnia
1537 3291 1766 3356 fierent,
1799 3289 2068 3359 aequique

420 3390 656 3440 tenaces
695 3387 754 3438 et
796 3382 1146 3437 inﬂexibiles
1174 3382 1244 3436 ad
1283 3381 1535 3453 gratiam
1578 3378 1900 3435 eireiviros
1925 3393 2067 3448 pre:-

413 3472 730 3528 fecturum.
761 3470 945 3539 Cujus
977 3469 1059 3524 rei
1084 3470 1210 3539 jam
1255 3485 1412 3523 nunc
1461 3467 1759 3539 specimen
1808 3469 1864 3521 et
1895 3465 2065 3535 quasi

416 3559 632 3632 pignus
649 3557 811 3613 dedit
831 3557 891 3611 in
920 3571 1175 3628 quopam
1207 3555 1516 3612 notissimo
1547 3559 1686 3610 tunc
1714 3558 1771 3611 et
1799 3553 2063 3611 omnium

420 3644 849 3720 primojudice,
874 3645 1147 3717 perdocto
1170 3643 1268 3700 illo
1287 3643 1523 3717 quidem
1546 3648 1603 3700 et
1627 3641 2065 3701 consultissima

412 3735 593 3808 juris,
617 3734 718 3790 sed
743 3733 1038 3806 injustitia
1068 3733 1295 3801 infami,
1329 3733 1668 3790 undeillum
1704 3732 1930 3790 Malum
1959 3733 2064 3788 Mi-

416 3823 679 3882 chaelem
722 3822 798 3896 et]
826 3823 1283 3880 Senacheribum
1323 3824 1496 3895 vulgo
1517 3823 2063 3887 vocitabant.0uem

421 3915 616 3990 specie
667 3912 909 3971 honoris
966 3911 1024 3968 in
1075 3916 1374 3986 posterum
1424 3913 1714 3968 coercuit:
1749 3910 2062 3969 extinctam

414 4006 572 4062 enim
605 4004 770 4078 prius
801 4002 1149 4076 dignitatem
1181 4002 1356 4074 primi
1377 4019 1412 4059 a
1443 4002 1678 4058 secretis
1703 4001 2062 4058 resuscitans

416 4095 468 4150 ei
518 4093 782 4162 tradidit,
817 4093 1139 4163 subjiciens
1188 4091 1272 4148 sic
1329 4091 1414 4147 illi
1465 4107 1794 4149 assessores
1845 4090 2062 4147 multos

417 4186 632 4255 probos
663 4183 817 4239 viros
849 4200 881 4239 a
913 4183 1173 4250 secretis,
1205 4182 1314 4240 hoc
1367 4186 1456 4239 est
1485 4181 1717 4239 arcanis
1764 4179 2060 4252 suffragiis

406 4273 802 4342 judicaturos,
837 4276 894 4326 et
925 4272 1009 4328 sic
1040 4272 1188 4327 citra
1233 4288 1616 4344 personarum
1661 4271 2058 4343 acceptionem

411 4363 540 4418 sine
572 4360 752 4417 ullius
798 4365 1062 4433 respectu
1113 4377 1177 4416 ac
1225 4361 1592 4432 verecundia,
1626 4361 1779 4432 quod
1825 4360 2056 4430 justum

411 4453 567 4508 esset
597 4451 956 4506 decreturos.
993 4449 1376 4506 Pollicebatur
1404 4451 1580 4507 etiam
1615 4466 1739 4506 sese
1770 4449 2059 4505 litteratos

1703 309 2001 365 GEORGII
2041 307 2504 361 PACHYMERIE

3623 305 3704 357 528

2091 435 2144 502 Α
2174 427 2466 501 ἀργοῦντος
2500 423 2555 480 δὲ
2584 425 2673 480 καὶ
2722 428 2818 480 τοῦ
2869 421 3115 498 σιδήρου,
3163 425 3230 484 ὼς
3275 422 3599 497 ἐπηρτημένου
3638 419 3706 479 καὶ

2166 514 2417 571 κινδύνου
2477 514 2753 590 μεγίστου,
2805 512 2858 568 εἷ’
2907 534 2990 576 τις
3044 511 3261 584 τολμῴη
3317 516 3414 565 τῶν
3461 509 3706 584 δυναμένων

2165 605 2254 659 καὶ
2303 603 2354 659 ἐν
2416 606 2614 679 ἀρχαῖς
2685 603 2906 677 ὑπέχειν
2962 602 3052 656 τὸν
3113 597 3299 675 μύδρον
3347 601 3708 672 καταναγκάζειν,

2166 695 2245 752 Τὰ
2274 691 2329 748 δὲ
2360 701 2459 763 τῆς
2489 693 2767 754 πολιτείας
2792 691 2964 752 οὕτως
3013 683 3224 766 ἀφόϐως
3270 687 3317 742 ἐν
3363 687 3524 762 εἰρήνῃ
3566 685 3711 756 διατη-

2169 790 2398 855 ρεῖσθαι,
2458 783 2597 838 ὥστε
2651 783 2740 836 καὶ
2786 780 2913 842 τοὺς
2974 780 3295 852 ἀποροῦντας
3340 777 3420 831 καὶ
3445 778 3609 840 ἱκανῶς
3640 785 3712 846 τῆς

2167 873 2481 947 περιουσίας
2557 868 2789 946 ἔχοντας
2852 867 3310 940 ἐπιδεικνυμένους
3360 866 3420 921 τὰ
3468 865 3712 940 ὑπάρχοντα

2167 960 2490 1034 κυδροῦσῦαι
2536 961 2626 1015 καὶ
2671 963 2732 1015 τὸ
2781 960 3031 1033 παράπαν
3081 958 3155 1030 μή
3205 953 3432 1010 δεδιέναι.
3467 954 3713 1010 Ἐπὶπᾶσιν

2170 1051 2458 1106 ὑπακούειν
2514 1057 2614 1119 τῆς
2669 1049 3024 1119 Ἐκκλησίας,
3073 1046 3161 1101 καὶ
3219 1045 3409 1119 μητερα
3448 1042 3612 1110 ταύτην
3657 1043 3711 1102 ὡς

2169 1141 2310 1202 εἶκὸς
2375 1142 2658 1214 ἡγεῖσθαι,
2723 1139 2811 1194 καὶ
2867 1143 2973 1192 πᾶν
3024 1137 3087 1190 τὸ
3143 1135 3216 1197 είς
3269 1133 3553 1188 κατάστασιν
3593 1132 3717 1197 αὐτῆς

2168 1228 2672 1303 πραγματεύεσθαι.
2727 1232 2900 1282 Ταῦτα
2957 1224 3013 1280 δὲ
3069 1222 3404 1300 προσετίθει,
3452 1221 3522 1276 ὅτι
3569 1219 3639 1273 καὶ
3680 1217 3719 1272 ἓν

2171 1318 2451 1380 ὑπονοίαις
2485 1320 2512 1371 ὁ
2569 1313 2982 1391 προϐασιλεύων
3041 1315 3108 1384 ἧν
3157 1311 3248 1368 τοὺ
3293 1314 3599 1387 καταιρρονεῖν
3644 1312 3719 1361 τῶν

2169 1405 2378 1477 ἐκείνης
2462 1409 2781 1482 προνομίων
2859 1405 2948 1460 καὶ
3021 1405 3313 1479 βασιλικῶς
3364 1397 3719 1472 κατεπαίρεσθαι,

2170 1496 2307 1551 ὥστε
2353 1498 2440 1550 καὶ
2501 1496 2585 1551 ἐπὶ
2623 1494 2857 1557 πολλοῖς
2907 1495 2996 1549 τὸν
3029 1491 3366 1568 πατριάρχην
3393 1488 3636 1550 λυπεῖσθαι
3657 1485 3722 1538 καὶ

2168 1587 2266 1653 τήν
2322 1590 2418 1640 τοῦ
2470 1585 2604 1640 λαοῦ
2655 1584 2980 1660 προστασίαν
3036 1582 3546 1655 ὰποπροσποιεῖσθαι,
3598 1571 3722 1646 μηδὲν

2170 1674 2264 1730 κᾶν
2317 1673 2538 1738 δικαίως
2598 1675 2728 1749 ὑπὲρ
2780 1696 2941 1729 τινων
3001 1671 3156 1746 λέγοι
3217 1668 3607 1740 εἰσακουόμενον.
3654 1663 3726 1718 Ἠν

2171 1762 2262 1818 οὖν
2321 1764 2443 1819 τότε
2501 1765 2579 1832 τῷ
2631 1766 2968 1839 πατριάρχῃ,
3025 1762 3110 1816 καὶ
3175 1763 3258 1820 οἷς
3287 1762 3387 1813 τῶν
3416 1751 3730 1830 ἀρχιερέωντὸ

2167 1853 2241 1914 εἷς
2272 1854 2332 1908 τὸ
2396 1852 2600 1925 μέλλον
2660 1838 2942 1928 προμηθὲς
2981 1852 3071 1918 ἦν,
3134 1846 3306 1904 διττοί
3350 1865 3476 1906 τινες
3529 1838 3730 1928 λογισμοὶ

2170 1941 2306 2014 πρὸς
2361 1943 2640 2020 ἀμφότερα
2695 1942 2984 2018 κρούοντες
3041 1939 3132 1994 καὶ
3191 1935 3492 2008 ἑκατέρωθεν
3544 1926 3731 2003 ἴσχυροί.

2167 2013 2293 2088 ιΟτε
2321 2013 2420 2107 γᾶῥ
2453 2013 2591 2105 λιτρὸέ
2633 2013 2743 2101 τὴν.
2781 2038 2881 2101 τῆς
2935 2027 3216 2106 βασιλείας
3256 2023 3500 2082 ἐντέλιιαν
3547 2013 3731 2074 ἀποϐλέ-

2167 2123 2340 2194 ψαιενι
2372 2120 2547 2176 καὶτὸ
2580 2124 2705 2195 παρ’
2760 2122 2962 2198 ἀμφοῖν
2997 2115 3297 2196 βασιλέοιν,
3343 2117 3431 2169 τοῦ
3479 2111 3560 2184 μὶν
3597 2125 3735 2161 νεοκο·

2092 1813 2136 1878 Β

2173 2306 2517 2377 decertaret,
2538 2322 2708 2363 nemo
2741 2308 3009 2362 contactu
3041 2303 3183 2360 ferri
3203 2297 3488 2359 candentis
3516 2295 3740 2350 innocen-

2174 2395 2313 2451 tiam
2349 2396 2621 2468 probaret
2674 2395 2819 2452 satis
2867 2411 3048 2468 gnaro
3100 2403 3445 2464 unoquoque
3490 2380 3734 2454 magistra-

2173 2495 2341 2547 tuum
2376 2506 2655 2563 magnum
2686 2489 2820 2546 mali
2849 2487 3186 2561 gravissimi
3215 2483 3323 2542 sibi
3350 2477 3633 2554 periculum
3655 2473 3736 2563 im-

2175 2580 2446 2650 pendere,
2482 2561 2531 2634 ἐι
2585 2577 2674 2634 vel
2734 2581 2958 2633 tantum
2988 2575 3338 2638 conniveret,
3370 2576 3429 2626 ut
3472 2565 3631 2640 quivis
3660 2561 3736 2616 de-

2175 2668 2330 2724 latus
2363 2669 2432 2724 ad
2465 2667 2928 2740 experimentum
2964 2681 3177 2722 massas
3207 2659 3496 2720 candentis
3536 2653 3739 2723 adigere-

2171 2762 2287 2812 tur.
2317 2757 2653 2829 Spondebat
2701 2755 2842 2828 quin
2873 2754 3050 2811 etiam
3099 2765 3395 2809 summam
3440 2740 3740 2829 securitatem

2172 2846 2333 2918 Pacis
2359 2823 2634 2918 publicae,
2656 2823 2760 2918 per
2788 2861 2964 2917 quam
2997 2843 3180 2900 etiam
3213 2847 3413 2898 tenues
3441 2839 3492 2892 et
3519 2823 3736 2918 prius”

2170 2914 2405 3008 egentes
2423 2937 2544 3008 jam
2569 2914 3213 3002 tantum—abundarent,
3231 2935 3405 2987 utnec
3426 2923 3556 2997 ipsis
3576 2914 3740 2974 deferet

2170 3023 2418 3080 facultas
2449 3025 2933 3081 ostentandarum
2966 3037 3148 3094 opum
3200 3025 3258 3078 et
3304 3034 3364 3074 se
3413 3009 3740 3076 familiamque

2172 3113 2494 3170 domestica
2537 3115 2703 3187 copia
2750 3111 3123 3178 bonestandi,
3159 3109 3322 3167 omni
3369 3117 3586 3180 prorsus
3627 3097 3742 3150 metu

2178 3202 2394 3259 vacuis.
2428 3204 2615 3275 Super
2645 3202 2842 3259 omnia
2870 3199 3417 3257 obedientissimum
3447 3205 3578 3256 sese,
3605 3188 3744 3275 utpar

2175 3297 2284 3362 est,
2327 3273 2593 3350 Ecclesiae
2652 3291 3060 3364 praebiturum,
3101 3294 3163 3346 et
3221 3285 3424 3344 matris
3471 3281 3613 3338 illam
3653 3273 3744 3329 loco

2176 3384 2514 3452 ducturum,
2547 3385 2814 3456 nihilque
2845 3399 2961 3438 non
2994 3380 3342 3438 moliturum
3382 3373 3526 3448 quod
3553 3367 3612 3425 ad

2176 3480 2394 3530 statum
2411 3449 3093 3546 pacemqueservandam
3111 3470 3412 3526 videretur
3431 3449 3746 3550 conducibile.

2177 3582 2238 3632 In
2271 3582 2386 3636 Quo
2421 3570 2484 3620 ut
2530 3562 2932 3620 abundantius
2963 3561 3312 3633 religionem
3361 3549 3663 3612 ostentaret,
3686 3549 3750 3636 ul-

2175 3627 2467 3708 citabatur
2494 3669 2599 3724 spe
2628 3627 3152 3722 comparationis—a
3184 3643 3400 3721 populo
3448 3627 3753 3724 instituenda?

2176 3741 2462 3798 factorum
2515 3757 2758 3797 suorum
2821 3739 2951 3810 ejus
3006 3740 3243 3810 generis
3310 3748 3442 3789 cum
3507 3725 3751 3814 000ml?”

2173 3829 2454 3902 exemplis
2484 3828 2857 3901 imperatoris
2888 3841 3076 3898 nuper
3105 3820 3394 3889 defuncti,
3420 3818 3488 3874 de
3514 3818 3753 3902 quasue-

2174 3919 2276 3974 bat
2304 3897 2625 3976 invaluisse
2652 3897 3045 3989 suspicionem
3073 3915 3232 3971 haud
3260 3909 3454 3983 magni
3475 3918 3593 3963 cum
3613 3897 3752 3989 falce?“

2175 4008 2436 4066 Ecclesiae
2467 4008 2900 4077 auctoritatem,
2931 4005 3227 4076 eﬁ‘creque
3266 4018 3331 4059 se
3376 4000 3432 4055 in
3481 4007 3597 4052 eam
3639 3984 3754 4077 fastu

2172 4098 2352 4170 regio.
2389 4098 2547 4154 Unde
2575 4101 2633 4153 et
2661 4068 2986 4169 contigerat
3014 4111 3080 4151 eo
3124 4068 3422 4166 regnante
3469 4080 3656 4170 multas
3687 4068 3755 4170 ρι’·

2172 4188 2464 4245 fensiones
2495 4191 2552 4244 et
2581 4187 2815 4244 dolendi
2848 4201 3061 4242 causas
3082 4180 3428 4256 patriarchae
3458 4160 3753 4256 oﬂ'erriadcv

2170 4281 2236 4332 ut
2258 4279 2382 4348 jam
2416 4293 2529 4333 non
2559 4276 2798 4332 auderet
2823 4247 3122 4346 suscipere
3155 4265 3544 4344 patrocinium
3581 4247 3755 4348 populi.

2169 4381 2274 4421 nec
2304 4365 2738 4438 deprecatorem
2771 4379 2834 4419 se
2881 4343 3237 4433 ingerereiin
3272 4350 3542 4431 periculis
3565 4343 3756 4402 misero-

2169 4471 2324 4524 rum,
2359 4454 2635 4527 quoniam
2668 4470 2783 4510 non
2815 4456 3080 4524 speraret
3111 4467 3172 4507 se
3207 4449 3476 4506 auditum
3511 4439 3594 4504 iri,
3621 4444 3757 4527 (ιιι-δυ’

2092 3161 2134 3229 C

409 4538 623 4594 eximie
652 4536 950 4594 cultorum
1002 4537 1495 4611 praelaturumque
1538 4539 1785 4596 cunctis-
1820 4539 1907 4594 Ad
1937 4537 2055 4594 hmc
2087 4533 2136 4600 D
2164 4518 2573 4616 tumidaeque
2603 4518 3013 4599 diceretf‘l‘unc
3037 4556 3210 4612 porro
3234 4531 3560 4612 patriarcha
3587 4528 3637 4580 et
3661 4518 3691 4573 ii
3708 4530 3758 4613 cf

406 4627 683 4684 eximiam
715 4644 856 4700 erga
889 4627 1205 4684 militarem
1252 4627 1515 4685 ordinem
1561 4628 1892 4685 caritatem'
1923 4645 2056 4700 pro-

413 4717 701 4787 mittebat,
735 4717 1046 4790 stipendiis
1073 4718 1142 4774 ad
1177 4719 1331 4774 diem
1364 4719 1746 4774 numerandis
1770 4718 2057 4775 donativis

412 4807 923 4878 reprmsentandis,
956 4821 1158 4863 eorum
1206 4823 1342 4863 vero
1374 4809 1473 4881 qui
1525 4809 1584 4863 in
1617 4807 1765 4864 bello
1810 4809 2056 4864 cecidis-

413 4901 546 4951 sent
593 4899 650 4952 et
701 4895 760 4950 in
793 4895 1074 4968 obsequio
1097 4897 1429 4970 reipublicae
1451 4897 1630 4954 vitam
1657 4896 2056 4970 profudissent

407 4983 632 5055 liberis,
665 4984 713 5041 si
746 5001 893 5057 quos
944 4983 1342 5058 reliquissent,
1377 4987 1574 5043 debita
1623 4987 1770 5059 patri
1817 4987 2055 5058 praemia

404 5074 739 5130 reddendo:
773 5075 830 5128 in
864 5090 1048 5147 eoque
1075 5078 1194 5130 tam
1227 5074 1569 5148 diligentem
1604 5077 1742 5144 fore,
1777 5081 1841 5132 ut
1871 5076 1919 5132 si
1953 5093 2052 5131 cu-

397 5164 500 5234 jus
527 5161 700 5218 occisi
735 5161 940 5219 militis
973 5179 1116 5219 uxor
1147 5179 1456 5237 praegnans
1511 5169 1866 5238 superesset,
1899 5167 2051 5221 fetus

400 5250 460 5307 in
493 5268 563 5308 ea
592 5251 857 5324 concepti
889 5252 1313 5323 providentiam
1364 5262 1586 5326 gereret
1619 5253 1789 5324 eique
1832 5255 2050 5310 servari

402 5341 618 5398 mortui
677 5341 935 5414 parentis
995 5341 1308 5398 honoraria
1375 5347 1624 5398 curaret.
1684 5342 2046 5411 Injustarum

398 5448 570 5503 porro
601 5431 969 5488 exactionum
1003 5449 1073 5488 ne
1106 5449 1314 5488 nomen
1347 5431 1584 5504 quidem
1617 5431 1805 5487 audiri
1841 5449 2046 5504 passu-

397 5540 549 5580 rum.
615 5523 727 5582 Nec
787 5523 982 5581 locum
1043 5525 1318 5580 daturum
1352 5524 1698 5594 calumniis;
1732 5525 1888 5581 unde
1917 5527 2044 5596 jam

393 5628 566 5669 nemo
599 5615 666 5670 ad
697 5629 896 5672 earum
935 5613 1340 5688 depulsionem
1384 5614 1669 5685 singulari
1727 5616 2042 5674 certamine

2169 4633 2530 4690 antistitibus
2551 4633 2650 4704 qui
2674 4633 2853 4688 futuri
2880 4628 3310 4702 providentiam
3333 4619 3761 4704 habebant,cogl'

2167 4723 2490 4780 tationibus
2521 4722 2765 4778 invicem
2813 4719 3076 4776 adversis
3107 4723 3166 4774 et
3205 4716 3398 4773 valide
3445 4707 3695 4773 utrinqu"
3716 4707 3759 4748 1”

2167 4813 2461 4870 contraria
2516 4809 2953 4868 incurrentibus
3011 4805 3518 4863 distrahebantur.
3566 4781 3762 4858 Quaado

2169 4904 2324 4960 enim
2358 4903 2576 4958 bonum
2617 4900 2847 4974 imperii
2891 4901 3111 4955 statum
3167 4892 3541 4968 reputabant,
3570 4876 3760 4976 ρξἀείξίιξ·

2164 5009 2293 5049 rum
2326 4991 2472 5064 ipsis
2521 4994 2579 5046 et
2631 4971 2846 5062 populo
2896 4986 3153 5044 salutare
3199 4984 3531 5046 videbatur,
3559 4971 3763 5061 admini-

2162 5081 2333 5138 strari
2395 5079 2756 5153 republicam
2817 5077 3054 5135 nomine
3084 5081 3263 5148 atque
3323 5067 3763 5153 auctoritate-“3|:

2162 5170 2283 5226 mul
2311 5141 2530 5240 junctis
2563 5168 2896 5241 principum
2918 5141 3209 5234 duorum';
3242 5160 3488 5219 alterius
3516 5141 3764 5243 pupilliet

2159 5258 2218 5314 in
2243 5239 2808 5331 perfectam—aetatem
2838 5255 3036 5312 debita
3061 5270 3201 5310 cura
3220 5246 3512 5310 educandi
3537 5239 3764 5328 “lteri-Its

2159 5364 2262 5421 per
2293 5363 2353 5404 se
2383 5346 2630 5403 valentis
2663 5361 2872 5417 resque
2925 5359 3100 5418 opera
3150 5339 3511 5410 consilioque
3557 5335 3764 5405 propr”

2155 5437 2427 5510 gerentis.
2459 5437 2687 5492 Rursus
2707 5452 2840 5492 cum
2871 5433 3267 5490 extendebant
3287 5429 3554 5487 animum
3581 5421 3632 5475 in
3661 5427 3762 5486 Ρτο·

2152 5527 2436 5583 visionem
2472 5542 2667 5582 rerum
2713 5525 3068 5593 futurarum,
3101 5522 3239 5578 hinc
3271 5519 3507 5590 quidem
3538 5513 3766 5596 occurre-

2159 5619 2257 5673 bat
2297 5621 2577 5690 quantum
2641 5615 2928 5688 expectari
2992 5613 3127 5669 boni
3184 5613 3389 5684 posset
3443 5621 3510 5662 ex
3563 5601 3769 5667 imperio
