4034 6200
277 311 383 366 529
1349 313 1446 365 DE
1485 312 1854 366 MICHAELE

2004 310 2337 369 LEOLOGO
2374 316 2505 369 LIB.
2547 316 2617 367 II.
3591 316 3699 370 530

286 436 558 508 μουμένου
617 440 715 489 τοῦ
775 433 820 488 δ’
874 434 1246 509 ένιργοῦντος,
1306 431 1567 508 ἄρχεσθαι
1636 436 1709 496 ὡς
1766 433 2231 504 καλὸνΑλιστον
2284 434 2531 494 ἀδικεῖν.
2606 440 2767 495 Ταῦτ’
2820 436 3043 500 ἐκείνοις
3114 436 3496 512 λογιζομένοις
3576 438 3695 504 δέος

2044 524 2198 598 ἐπῄει
2234 543 2249 559 ·
2324 527 2414 581 καὶ
2492 529 2638 602 παρᾶ
2704 532 2872 582 ταῦτα
2950 528 3042 599 μὲν
3105 525 3338 593 πλησίον
3392 528 3525 596 ἦσαν
3597 534 3694 584 τοῦ

2040 615 2318 687 πράττειν.
2348 615 2555 670 τούτων
2608 614 2665 671 δὲ
2713 618 3163 691 προσκρουόντων
3210 616 3336 677 τοὺς
3388 615 3690 692 λογισμοὺς

2040 702 2199 777 ἀργοὶ
2231 704 2367 776 πρὸς
2396 705 2457 759 τὸ
2509 702 2635 780 δρᾷν
2688 706 2842 775 ἦσαν,
2892 705 2987 759 κᾶν
3038 704 3155 759 ὅσοι
3206 705 3295 759 καὶ
3345 704 3546 780 ὥρμων
3600 705 3691 761 λέ-

2035 811 2169 866 γειν.
2204 797 2341 863 Νικᾷ
2398 789 2445 845 δ’
2497 794 2649 864 ὅμως
2698 793 2760 847 τὸ
2815 794 3106 868 μόρσιμον.
3143 793 3240 847 Καὶ
3268 796 3366 847 τοῦ
3428 794 3522 865 μὲν
3580 795 3680 862 τήν

2034 879 2213 954 ἀρχὴν
2292 879 2619 955 ἐγχειρίζειν
2698 881 2889 953 ἐκείνῳ
2971 881 3327 937 οἱπλεῖστοι
3394 881 3679 958 γίνονται,

2032 970 2120 1023 καὶ
2156 968 2350 1045 σχεδὸν
2399 970 2610 1035 πάντες·
2646 970 2800 1043 ὅμως
2833 970 2880 1024 δ’
2912 968 3179 1043 ἐμπεδοῦν
3230 977 3347 1033 τοῖς
3408 970 3681 1049 φρικώδε-

2032 1080 2113 1113 σιν
2166 1058 2372 1132 ὅρκοις,
2420 1060 2607 1133 ἀραῖον
2661 1057 2807 1134 ἔχειν
2857 1061 2988 1134 ὑπὲρ
3038 1060 3263 1135 θατέρου
3307 1062 3525 1135 θάτερον
3583 1067 3679 1115 τοῦ

2032 1150 2107 1220 μή
2153 1169 2203 1201 τι
2258 1146 2430 1202 δεινὸν
2485 1147 2873 1222 βουλεύσασθαι
2928 1150 3044 1203 κατ’
3094 1148 3359 1219 ἀλλήλων
3407 1148 3536 1212 τοὺς
3582 1152 3676 1224 βα-

2028 1236 2233 1305 σιλέας,
2265 1240 2373 1291 τῶν
2405 1236 2628 1292 εἰκότων
2659 1236 2936 1311 ἐνόμισαν.

278 527 416 597 ὁμοῦ
448 524 537 579 καὶ
564 528 647 595 τῷ
684 523 914 595 ὑπηκόῳ
942 525 1212 598 σωτήριον
1237 525 1549 581 κατενόουν.
1584 527 1642 597 [Ρ
1674 526 1765 596 29]
1785 526 1929 599 ΙΙρὸς

278 611 334 668 δὲ
363 613 455 668 καὶ
504 614 572 668 τὰ
628 610 905 685 μέλλοντα
952 616 1440 689 προσγενήσεσοαι,
1483 616 1595 686 ἅμα
1646 614 1739 685 μὲν
1774 613 1823 685 ἐξ
1855 614 1926 667 ὧν

268 707 371 773 τὴν
423 704 617 771 ἱκανὴν
668 701 1052 779 πληροφορίαν
1112 702 1198 757 ἐπὶ
1246 700 1435 778 τάνδρὶ
1480 704 1627 779 εἶχον
1675 701 1732 757 ἐκ
1778 702 1927 757 πλεί-

270 815 426 861 στου,
487 793 603 865 ’ἁμα
664 789 840 846 δὲκαὶ
886 790 937 862 ἐξ
971 793 1045 846 ὧν
1101 793 1222 847 τότε
1284 793 1723 866 ὑπισχνουμένου
1797 814 1924 848 κατ-

270 885 502 952 ήκουον,
561 879 1133 957 ὑπεραποδεχομένοις
1187 880 1417 953 ἐῴκεσαν
1458 882 1523 935 τὰ
1554 882 1689 936 κατὰ
1719 883 1926 957 βουλὴν

264 970 728 1045 πραχθησόμενα.
761 972 890 1027 "Ore
934 967 980 1024 δ’
1011 970 1075 1024 αὑ
1115 970 1278 1024 πάλιν
1320 972 1455 1044 πρὸς
1487 992 1544 1025 τε
1572 971 1634 1025 τὸ
1663 975 1760 1025 τοῦ
1809 970 1924 1034 ἐνὸς

260 1057 699 1131 ἀφιλονέικητόν
752 1079 811 1112 τε
853 1056 943 1111 καὶ
1001 1058 1341 1133 ἀνερίθευτον
1403 1058 1489 1113 καὶ
1535 1060 1597 1113 τὸ
1656 1057 1741 1112 ἐπὶ
1801 1056 1920 1112 δυσὶ

260 1146 646 1201 στασιαστικόν
725 1167 783 1201 τε
856 1146 944 1202 καὶ
1017 1146 1267 1221 μάχιμον
1341 1146 1666 1217 ἐνοήσαιεν,
1716 1146 1813 1201 τάσ
1872 1148 1916 1199 0'

257 1234 595 1311 ἑκατέρωθεν
640 1231 940 1297 ίπιϐουλὰς
990 1237 1079 1290 καὶ
1122 1238 1217 1298 τὰς
1270 1236 1502 1310 ὑποψίας
1552 1237 1667 1297 ἑνὸς
1700 1235 1784 1290 ἐπὶ
1819 1236 1915 1290 61'-

248 1346 413 1400 τερον
442 1327 532 1380 καὶ
566 1324 727 1388 τέλος
772 1326 864 1379 τὸν
916 1323 996 1399 ἐφ’
1036 1325 1112 1379 ἐνὶ
1148 1323 1393 1380 κίνδυνον
1444 1325 1589 1400 παρὰ
1631 1329 1727 1380 τοῦ
1778 1346 1911 1399 κρα-

246 1419 549 1485 τῆσαντος,
603 1413 893 1489 διεφώνουν
939 1416 1025 1469 καὶ
1069 1414 1431 1490 ἀπηγόρευον.
1486 1416 1630 1471 Εἶναι
1676 1415 1777 1489 γὰρ
1808 1417 1908 1485 τὴν

248 1501 543 1579 βασιλείαν
598 1503 688 1559 καὶ
749 1502 937 1565 ἄλλως
995 1511 1190 1578 χρῆμα
1250 1505 1343 1576 μὶν
1397 1504 1614 1577 ὀρεκτὸν
1666 1506 1751 1559 καὶ
1808 1509 1906 1559 τοῦ

242 1594 458 1655 παντὸς
492 1591 660 1663 ἄξιον,
695 1593 990 1647 ὑποπτικόν
1035 1591 1079 1646 δ’
1126 1590 1340 1661 ἄΛλως,
1374 1592 1512 1647 ὣστε
1558 1594 1646 1647 καὶ
1702 1595 1777 1665 μή
1812 1595 1905 1647 οὑ-

242 1704 340 1738 σαν
376 1682 574 1737 κακίαν
606 1679 1037 1751 εἶδωλοποιῆσαι
1071 1680 1159 1736 διὰ
1187 1683 1287 1751 τήν
1323 1682 1551 1755 ὑποψίαν
1597 1682 1685 1737 καὶ
1718 1684 1900 1753 οὖσαν,

244 1772 496 1845 μετιέναι
545 1770 931 1847 παρασκεάζειν
980 1772 1072 1826 τὸν
1126 1770 1211 1827 ἐπὶ
1252 1778 1351 1841 τῆς
1390 1771 1604 1851 ἀρχῆς,
1638 1772 1711 1833 ὡς
1759 1771 1901 1826 οὕτω
1934 1819 1978 1884 Β
2012 1772 2147 1846 πρὸς
2170 1773 2259 1827 τὸν
2291 1774 2509 1827 πάππον
2542 1776 2638 1826 τοῦ
2674 1768 2943 1845 βασιλέως
2988 1772 3075 1826 καὶ
3128 1772 3182 1825 αἱ
3232 1768 3301 1825 δι’
3332 1771 3655 1850 ἀφορισμῶν

298 1863 314 1884 Ι
365 1882 417 1884 Α-
486 1860 698 1884 ,A_,__‘,",
789 1859 1172 1884 D___.‘_,’__,_H
1274 1859 1326 1884 ’λη
1379 1860 1467 1884 -.με
1517 1861 1576 1884 ,3.
1694 1862 1707 1884 ἲ
1780 1857 1883 1884 ",_,
2014 1860 2028 1884 Ῑ
2109 1859 2285 1884 ,-'.",A
2337 1883 2343 1884 κ
2397 1863 2423 1884 τ
2516 1862 2566 1884 ⁸,
2621 1862 2671 1884 ΔγΙ
2699 1881 2740 1884 _.
2772 1859 3169 1884 -.n___\___r‘,',,!,.__
3251 1864 3339 1884 m_."
3373 1860 3608 1884 D___\,’-

241 1863 418 1933 μόνος
477 1860 738 1938 ἀσφαλῶς
789 1859 1209 1935 βασιλεύσοντα,
1272 1859 1329 1914 ἃν
1378 1860 1470 1915 καὶ
1512 1861 1579 1915 τὰ
1640 1862 1715 1933 μή
1777 1857 1900 1915 ὅντα
1934 1857 1978 1884 ³³
2011 1859 2369 1934 ἐμπεδώσεις,
2391 1863 2425 1930 ἦ
2463 1862 2569 1934 μὴν
2598 1862 2671 1934 μή
2695 1881 2746 1915 τι
2772 1860 2907 1915 κατᾶ
2926 1864 3016 1915 τοῦ
3033 1859 3221 1933 γένους
3247 1864 3343 1915 τοῦ
3372 1860 3652 1935 βασιλείου

234 1950 429 2023 μετίῃ.
481 1956 546 2027 ’ῼ
596 1948 652 2005 δέ
699 1971 781 2012 τις
832 1951 965 2024 πρὸς
1015 1954 1182 2004 ταῦτα
1239 1951 1327 2004 καὶ
1381 1948 1763 2005 ὑποστέλλοιτ’
1809 1949 1892 2019 ἄν,
2010 1950 2427 2027 βουλεύσασθαι,
2454 1950 2598 2025 παρά
2634 1971 2741 2004 των
2783 1949 3184 2022 προὺτείνοντο,
3227 1950 3299 2010 ὡς
3347 1950 3493 2005 ἱστὸν
3542 1950 3642 2024 ἀρ-

226 2043 309 2109 τῷ
346 2040 429 2109 μή
458 2058 597 2093 τισιν
642 2035 827 2100 ἄδικος
888 2034 1037 2108 δόξαι
1092 2041 1160 2110 τῇ
1220 2037 1494 2112 μοναρχίᾳ
1553 2036 1890 2111 ἐπιθέμενος.
2003 2041 2231 2115 ἀχνηςὸ
2258 2044 2365 2093 τῶν
2401 2039 2701 2114 ἀρχιερέων
2751 2036 3024 2114 συλλογος
3071 2038 3167 2101 τὰς
3196 2039 3456 2109 συνθήκας
3499 2037 3641 2092 ἐκεί-

2001 2151 2093 2191 νας
2156 2127 2389 2185 διέλυον.
2444 2130 2532 2197 Μὴ
2582 2128 2683 2204 γὰρ
2743 2127 2876 2181 εἶναι
2935 2128 2995 2182 τὸ
3052 2130 3298 2181 τοιοῦτον
3355 2125 3488 2181 κατᾶ
3546 2130 3644 2180 τοῦ

227 2126 405 2203 σοφόν
455 2148 578 2181 τινα
642 2125 809 2202 λόγον
858 2127 947 2181 καὶ
999 2125 1233 2181 παλαιὸν
1286 2125 1345 2180 ἐκ
1399 2124 1703 2200 τραγῳδίας
1759 2128 1890 2182 εἶναι

222 2218 317 2271 τὸν
356 2216 676 2291 ἐξαιροῦντα
722 2215 813 2270 τὸν
867 2214 954 2270 ἰπὶ
1002 2218 1071 2289 τῇ
1112 2212 1239 2289 δόξῃ
1284 2222 1382 2284 τῆς
1419 2215 1629 2291 ἀγικίας
1673 2220 1886 2289 μῶμον,
2004 2217 2418 2293 βασιλευὸοντος
2450 2217 2700 2273 κάκιστον
2739 2215 3039 2292 βούλευμα,
3074 2213 3219 2271 ὀλλὰ
3267 2214 3479 2289 μᾶλλον
3529 2237 3649 2269 συν-

223 2302 506 2381 λέγοντα,
568 2303 719 2380 εἷ’περ
770 2302 973 2361 ἀδικεῖν
1020 2303 1155 2375 δέοι,
1209 2306 1342 2380 ὑπὲρ
1388 2303 1704 2380 τυραννίδος
1750 2305 1885 2361 καλο
1998 2307 2176 2384 εργίαν
2208 2311 2306 2373 τῆς
2348 2307 2629 2382 βασιλείας
2681 2306 2771 2361 καὶ
2808 2307 3137 2380 συντήρησιν
3164 2302 3486 2379 ἀδιάδοχον,
3516 2304 3653 2359 κατὰ

2431 1343 2638 1398 ἀνίεσαν
2717 1345 2814 1419 τὸν
2892 1343 3273 1419 Παλαιολόγον

2709 1417 2982 1471 ὑπέκειτο.

2092 1506 2175 1576 [Ρ.
2208 1507 2296 1577 60]
2319 1504 2587 1576 Ἑτοίμως
2612 1502 2658 1558 δ’
2681 1505 2923 1579 ἀφῄρουν
2948 1504 3035 1559 καὶ
3058 1506 3119 1559 τὸ
3143 1501 3335 1559 δοκοῦν
3362 1508 3477 1567 τοῖς
3499 1525 3667 1578 πρατ-

2015 1594 2271 1665 τομένοις
2328 1593 2715 1668 προσίστασθαι
2775 1594 2951 1667 ἐφέσει
3015 1597 3111 1649 τοῦ
3180 1597 3347 1648 ταῦτα
3402 1593 3665 1667 γενέσθαι.

2012 1684 2101 1744 Ὠς
2158 1684 2256 1758 γὰρ
2317 1684 2370 1737 αἱ
2427 1688 2700 1759 γεγονυῖαι
2770 1681 3037 1737 συνθεσίαι
3106 1687 3203 1737 τοῦ
3278 1682 3661 1757 ΙΙαΑαιολόγου

2081 1386 2093 1398 .
2161 1345 2348 1405 Ὅπως
2431 1345 2638 1398 ἀνίεσαν
2719 1345 2814 1418 τὸν
2892 1345 3273 1418 Παλαιολόγον
3365 1345 3508 1418 ἀρῶν
3587 1347 3669 1405 αἷς

2006 2505 2335 2562 subsidium
2367 2505 2706 2562 ambitionis
2738 2510 2941 2561 contra
2969 2504 3393 2561 humanitatem
3428 2508 3594 2561 vetus
3624 2522 3653 2562 e

2004 2596 2287 2667 tragoedia
2318 2594 2643 2663 oraculum,
2667 2612 2783 2667 quo
2813 2596 3085 2667 edicitur,
3104 2597 3153 2652 si
3177 2596 3281 2667 jus
3308 2594 3650 2652 violandum

2003 2701 2264 2755 unquam
2296 2685 2393 2750 sit,
2419 2684 2658 2739 minime
2681 2684 3130 2757 vituperabilem
3152 2690 3209 2741 et
3231 2685 3481 2740 maxime
3507 2688 3652 2740 tem-

1999 2774 2284 2846 pestivam
2316 2774 2443 2845 ejus
2474 2772 2729 2830 violandi
2762 2790 3001 2830 causam
3033 2790 3161 2830 esse
3194 2773 3424 2845 plenam
3458 2773 3517 2827 in
3550 2790 3646 2828 so—

1996 2863 2182 2918 lidum
2232 2863 2681 2935 acquisitionem
2732 2879 3016 2933 suprema:
3061 2861 3425 2918 auctoritatis
3459 2878 3473 2916 :
3508 2860 3645 2916 talia

222 2504 571 2577 Palreologi,
598 2505 669 2561 de
700 2505 871 2577 cujus
905 2510 961 2561 et
992 2505 1284 2577 sapientia
1314 2510 1372 2561 et
1410 2505 1669 2561 bonitate
1692 2510 1749 2562 et
1780 2506 1894 2561 for-

218 2596 491 2651 titudine
548 2594 719 2666 plene
768 2595 881 2651 sibi
940 2595 1205 2667 persuasi
1264 2595 1656 2662 videbantur;
1710 2610 1893 2666 eoque

221 2688 539 2740 momento
572 2684 729 2739 haud
749 2682 923 2739 dubie
945 2684 1386 2757 propendebant
1410 2684 1467 2738 in
1491 2699 1619 2740 eam
1642 2688 1888 2756 partem,

217 2789 356 2845 qua:
419 2772 521 2827 tali
552 2776 795 2844 tamque
850 2774 1091 2846 probato
1146 2778 1204 2829 et
1262 2777 1465 2846 parato
1526 2773 1888 2845 imperatori,

218 2867 352 2919 tam
390 2862 587 2917 fausta
608 2866 666 2918 et
689 2862 967 2934 Optabilia
990 2866 1115 2917 tum
1144 2863 1502 2935 promittenti
1522 2866 1649 2918 tum
1675 2862 1885 2919 idoneo

216 2955 535 3025 praestare,
561 2955 785 3007 certam
816 2956 873 3007 et
901 2955 1241 3023 perpetuam
1267 2951 1461 3008 collati
1484 2952 1611 3021 jam
1643 2951 1883 3007 honoris
1994 2958 2357 3025 reputantes,
2385 2958 2440 3008 et
2472 2969 2596 3023 qua:
2628 2968 2696 3006 ex
2728 2951 2859 3006 istis
2890 2968 3141 3023 pronum
3173 2956 3297 3005 erat
3326 2949 3489 3020 sequi
3521 2965 3641 3003 me-

210 3040 666 3112 possessionem
689 3040 1134 3113 optabat.Iidem
1150 3046 1346 3097 tamen
1368 3041 1467 3096 ubi
1491 3041 1698 3096 deinde
1714 3057 1881 3114 repu-
1992 3044 2242 3109 tuentes,
2268 3040 2646 3097 ecclesiastici
2678 3056 2941 3109 proceres
2969 3038 3193 3111 impelli
3226 3055 3289 3094 se
3310 3037 3641 3093 sentiebant

207 3130 427 3185 labant
459 3144 661 3185 secum
695 3145 873 3200 quam
905 3128 1528 3201 tranquilla,concors,
1551 3147 1585 3185 a
1614 3129 1877 3187 dissidiis
1908 3155 1952 3220 ο
1993 3130 2063 3183 ad
2096 3129 2408 3183 fovendum
2440 3126 2747 3182 ambitioni
2779 3125 3084 3197 Palmologi
3110 3143 3123 3179 :
3152 3141 3360 3179 rursus
3391 3141 3525 3179 vero
3556 3122 3642 3178 in-

209 3224 266 3275 et
313 3218 688 3286 factionibus
727 3235 938 3275 secura
977 3219 1361 3290 sejunctaque
1390 3219 1465 3273 sit
1496 3218 1875 3288 singular-itas

202 3307 563 3381 imperantis
590 3333 605 3376 ;
628 3323 659 3363 e
681 3307 971 3363 contrario
991 3324 1169 3379 quam
1195 3309 1297 3364 94
1328 3308 1527 3379 infida,
1560 3307 1877 3377 instabilis,

206 3400 277 3455 ad
338 3399 633 3467 rixarum,
667 3398 1025 3455 seditionum
1074 3404 1132 3455 et
1190 3398 1449 3455 civilium
1507 3398 1873 3455 tumultuum

205 3506 483 3561 prmseus
508 3488 837 3560 periculum
868 3488 1135 3561 exposita
1157 3489 1234 3544 sit
1255 3490 1508 3545 duorum
1531 3489 1589 3544 in
1622 3506 1739 3545 uno
1763 3490 1875 3544 im-

206 3580 381 3652 perio
415 3578 690 3647 societas,
725 3596 855 3650 quae
906 3579 1183 3652 utrinque
1226 3579 1476 3645 insidiae,
1509 3596 1635 3651 qua
1679 3580 1872 3651 suspi-

203 3668 440 3733 ciones,
462 3684 591 3738 quas
614 3667 1081 3724 machinationes
1111 3669 1582 3740 uniuscujusque
1614 3668 1671 3723 in
1696 3685 1874 3723 aemu-

211 3755 372 3827 lum,
408 3757 480 3812 ad
514 3761 838 3813 extremum
861 3775 985 3829 quae
1033 3758 1229 3815 clades
1279 3774 1578 3829 quamque
1616 3758 1875 3829 tragicus

212 3847 417 3902 exitus
450 3852 684 3903 maneat
726 3846 1190 3916 imbecilliorem,
1226 3864 1515 3919 posquam
1564 3846 1874 3919 potentiori

214 3940 320 3991 aut
356 3934 608 3990 feliciori
650 3935 1042 4003 succubuerit,
1077 3935 1219 4005 haec,
1252 3937 1519 4007 inquam,
1549 3935 1876 4008 cogitantes

210 4024 579 4080 revocabant
608 4024 1087 4096 damnabantque
1125 4032 1257 4080 vota
1278 4023 1379 4079 illa
1408 4041 1516 4079 sua
1544 4028 1601 4079 et
1631 4022 1877 4080 consilia

214 4113 447 4187 priora,
482 4112 590 4168 toti
620 4112 885 4169 videlicet
915 4113 1088 4168 deﬁxi
1119 4113 1178 4168 in
1210 4113 1466 4185 imagine
1498 4112 1873 4168 miseriarum

216 4202 460 4275 imperii
495 4202 800 4257 discordis.
834 4202 1170 4258 Existimari
1211 4203 1427 4275 quippe
1476 4202 1644 4274 vulgo
1690 4202 1875 4275 impe-

218 4294 382 4347 rium
419 4307 545 4345 rem
580 4291 635 4345 in
669 4290 874 4362 primis
906 4291 1274 4363 expetibilem
1307 4298 1363 4347 et
1390 4294 1696 4363 quantovis
1728 4295 1873 4350 bene

217 4380 412 4453 pretio
447 4380 790 4452 parandam,
821 4381 1141 4452 praesertim
1196 4381 1267 4436 iis
1312 4381 1411 4452 qui
1459 4383 1586 4453 ejus
1630 4388 1869 4454 gustum

213 4470 578 4543 experiendo
611 4471 991 4542 perceperint.
1027 4472 1181 4526 Idem
1226 4488 1397 4542 porro
1428 4487 1555 4527 esse
1586 4473 1873 4543 suspicio-

216 4560 535 4615 sissimum
562 4559 891 4627 negotium;
916 4577 1020 4615 nec
1044 4560 1341 4631 quiescere
1364 4578 1621 4631 unquam
1648 4562 1873 4618 animos

217 4648 589 4719 collegarum
629 4649 685 4702 in
718 4666 995 4721 suprema
1030 4653 1330 4719 potestate,
1365 4649 1504 4717 quin
1550 4668 1607 4705 se
1640 4652 1870 4723 inquie-

218 4735 458 4791 tissime
491 4740 805 4807 torqueant
834 4737 991 4792 curis
1023 4737 1210 4792 anxiis
1264 4737 1325 4792 in
1358 4754 1420 4793 se
1448 4738 1631 4793 vicem
1683 4740 1870 4795 inten-

216 4827 296 4879 tis
360 4824 723 4895 imaginante
782 4842 1131 4896 unoquoque
1188 4827 1259 4881 de
1318 4825 1430 4880 alio
1490 4828 1872 4883 infestissima

216 4929 496 4985 quaeque,
528 4919 585 4968 et
632 4931 794 4984 aeque
841 4915 1131 4970 ambobus
1162 4921 1279 4971 tam
1330 4933 1482 4987 smpe
1531 4917 1659 4971 sine
1692 4935 1869 4973 causa

218 5019 403 5075 quam
460 5019 693 5074 semper
724 5002 848 5057 sine
875 5005 1039 5058 venia
1087 5020 1213 5059 sese
1245 5004 1493 5060 invicem
1524 5005 1869 5062 insidiarum

218 5092 570 5163 capitalium
630 5096 933 5162 suspectos
987 5093 1103 5148 imo
1159 5109 1287 5149 reos
1343 5099 1400 5149 et
1447 5094 1739 5151 convictos
1772 5096 1871 5153 has

219 5183 522 5249 bentibus,
558 5186 732 5253 atque
762 5183 906 5238 adeo
937 5182 994 5236 in
1038 5183 1149 5237 ista
1200 5183 1632 5255 inquietissima
1673 5186 1873 5257 vigilia

214 5271 1019 5344 suspicionumanxiarumet
1061 5272 1565 5344 iniquissimarum
1600 5292 1762 5345 apem
1805 5294 1870 5332 ac

218 5362 513 5417 rationem
548 5378 743 5417 secure
776 5362 1057 5433 regnandi
1091 5368 1263 5417 sitam
1313 5380 1440 5418 esse
1496 5365 1865 5422 ducentibus.

219 5452 387 5515 Quod
420 5452 473 5506 si
505 5452 680 5521 cujus
711 5451 859 5506 forte
886 5468 917 5506 a
940 5453 989 5505 vi
1024 5456 1305 5506 scelerata
1338 5454 1692 5527 perlidisque
1720 5456 1869 5511 frau-

217 5542 395 5596 dibus
448 5541 507 5595 in
571 5539 856 5611 collegam
911 5541 1221 5595 abhorreat
1254 5542 1507 5609 animus,
1540 5548 1596 5598 et
1653 5544 1862 5599 famam

220 5628 594 5684 crudelitatis
638 5628 867 5699 injustas
920 5633 1205 5693 vereatur,
1239 5636 1502 5685 occurret
1555 5631 1751 5686 statim
1806 5633 1861 5687 in

1993 3215 2363 3271 currentibus
2395 3231 2463 3269 ex
2510 3214 2750 3269 adverso
2804 3214 3179 3269 miseratione
3210 3210 3417 3283 pupilli
3477 3211 3638 3283 prin-

1984 3304 2130 3376 cipis
2184 3321 2249 3359 ac
2310 3304 2423 3359 fide
2480 3302 2539 3359 in
2600 3304 2839 3358 domum
2899 3304 3247 3373 Augustam,
3306 3316 3516 3372 segnes
3568 3302 3639 3356 ad

1984 3393 2299 3465 agendum,
2355 3392 2529 3461 muti)
2555 3391 2730 3447 etiam
2776 3390 2850 3447 ad
2899 3389 3263 3461 loquendum
3318 3403 3444 3459 quas
3489 3404 3637 3459 opus

1984 3487 2151 3537 erant
2181 3481 2599 3536 reddebantur.
2650 3478 2805 3535 Vicit
2843 3482 3041 3533 tamen
3093 3476 3290 3532 divina
3336 3474 3637 3547 praedesti-

1984 3573 2142 3627 natio
2166 3587 2292 3643 quae
2316 3570 2628 3642 imperium
2652 3566 2918 3625 Michaeli
2944 3567 3365 3639 desponderat:
3394 3581 3531 3621 nam
3563 3565 3635 3620 ad

1984 3661 2121 3717 huic
2141 3661 2455 3733 imperium
2480 3659 2912 3716 decernendum
2931 3655 3346 3728 plerorumque
3368 3670 3435 3711 ac
3452 3655 3634 3710 ferme

1984 3749 2181 3805 omniu
2194 3766 2247 3804 m
2262 3748 2562 3804 sententiae.
2577 3742 3422 3818 conspirarunt.Appositumid
3439 3749 3632 3797 tamen

1983 3838 2041 3894 in
2076 3844 2344 3894 mutuam
2376 3837 2662 3893 cautelam
2692 3835 2986 3892 communi
3016 3849 3308 3890 consensu
3340 3837 3630 3903 tempera-

1983 3933 2249 3984 mentum
2265 3928 2361 3982 91
2381 3931 2488 3994 est,
2506 3930 2571 3981 ut
2589 3928 2760 3982 ambo
2774 3920 3433 3997 principesjuramentis
3453 3936 3631 3991 quam

1984 4018 2238 4072 maxime
2286 4015 2618 4083 horrendis,
2646 4014 2789 4069 diris
2822 4014 2996 4069 etiam
3030 4010 3487 4067 exsecrabilibus
3538 4008 3633 4063 ad-

1983 4106 2144 4174 ditis,
2161 4104 2565 4176 obligarentur
2586 4104 2657 4158 ad
2680 4103 2855 4158 ﬁdem
2880 4101 3129 4157 invicem
3170 4097 3633 4167 cbaritatemque

1983 4198 2377 4270 praestandam
2403 4194 2939 4263 abstinendumque
2972 4210 3004 4248 a
3033 4192 3087 4246 vi
3122 4190 3281 4246 omni
3306 4207 3371 4245 ac
3403 4189 3629 4260 fraude,

1980 4304 2105 4357 quae
2139 4287 2196 4341 in
2229 4285 2568 4342 alterutrius
2601 4282 2917 4355 perniciem
2952 4282 3237 4338 tenderet.

2051 4462 2104 4513 2.
2143 4460 2207 4515 Ut
2241 4458 2582 4525 Palwlogum
2610 4453 2889 4509 antisti/es
2919 4451 3181 4509 solverint
3214 4451 3547 4523 juramentis
3578 4455 3627 4505 et

2452 4528 2591 4582 diris
2620 4526 2819 4598 quibus
2846 4525 3152 4580 tenebatur.

2053 4643 2210 4704 Sacri
2243 4664 2413 4718 porro
2446 4644 2759 4711 antistites,
2790 4643 2911 4698 huc
2942 4642 3066 4698 ﬁeri
3093 4641 3258 4697 valde
3286 4642 3624 4698 desideran-

1981 4743 2091 4807 tes,
2126 4737 2294 4791 facile
2343 4735 2738 4790 dissolverunt
2768 4750 2895 4805 quae
2950 4732 3214 4803 ipsorum
3267 4731 3624 4787 exsecutioni

1982 4828 2215 4883 obstare
2271 4824 2658 4879 videbantur:
2719 4821 3011 4893 siquidem
3072 4837 3143 4875 ne
3201 4836 3413 4876 novum
3459 4820 3624 4890 jura-

1984 4920 2247 4972 mentum
2317 4915 2424 4968 rite
2496 4930 2529 4967 a
2596 4910 2915 4980 Palmologo
2985 4911 3409 4982 conciperetur,
3468 4910 3625 4966 vide-

1983 5006 2155 5061 batur
2199 5004 2432 5059 obsture
2483 5002 2675 5057 adhuc
2705 5002 2906 5071 vigens
2952 4999 3152 5071 religio
3201 5000 3410 5055 veteris
3444 5000 3629 5070 juris-

1981 5093 2239 5166 jurandi,
2269 5109 2383 5163 quo
2431 5091 2525 5147 ille
2580 5106 2686 5145 avo
2722 5089 2883 5162 pueri
2941 5089 3225 5161 principis
3280 5089 3507 5143 dudum
3539 5107 3626 5144 sa-

1982 5190 2281 5239 cramento
2342 5183 2513 5238 ﬁdem
2574 5181 2897 5248 addixerat,
2956 5197 3069 5234 non
3128 5180 3185 5233 in
3246 5178 3433 5249 ipsius
3492 5185 3621 5234 tan-

1981 5275 2285 5330 tummodo
2319 5289 2650 5345 personam,
2684 5272 2785 5326 sed
2845 5270 2904 5324 in
2962 5269 3203 5339 stirpem
3261 5270 3523 5339 ejusdem
3558 5286 3623 5322 ac

1980 5368 2263 5435 posteros,
2298 5362 2517 5418 additis
2557 5362 2734 5417 etiam
2793 5358 3258 5419 auathematum.
3293 5358 3341 5411 si
3376 5357 3619 5419 falleret,

1978 5453 2468 5508 incurrcndorum
2514 5449 2917 5505 devotionibus
2952 5463 3017 5501 ac
3066 5446 3234 5500 dzris.
3270 5448 3401 5509 Quae
3462 5461 3617 5498 nunc

1979 5543 2175 5597 omnia
2210 5548 2396 5597 cmtus
2430 5540 2745 5613 proesulum
2780 5542 2843 5592 ut
2874 5536 3016 5591 telas
3046 5551 3389 5589 aranearum
3423 5534 3614 5586 disru-

1978 5631 2062 5703 pit
2121 5648 2184 5685 ac
2244 5631 2370 5686 fecit
2426 5630 2607 5696 irrita,
2670 5644 2876 5695 magno
2934 5640 3221 5678 consensu
3290 5620 3616 5690 declarans,
