4034 6200
268 307 374 364 533

1342 310 1438 363 DE
1479 308 1849 364 MICHAELE
1889 310 2332 367 PALJEOLOGO
2368 315 2501 367 LIB.
2546 317 2615 368 II.

3584 317 3693 375 534

273 434 363 489 καὶ
393 432 611 509 κρότοις
661 431 807 509 παρᾶ
844 431 1053 489 πάντων
1110 430 1475 509 ἐμεγαλύνετό
1532 453 1589 487 τε
1646 431 1733 487 καὶ
1792 431 1921 509 ἔφη·
1954 435 2007 504 Α
2037 432 2293 490 ἀπολύων
2326 434 2453 499 τοὺς
2487 436 2834 515 ὠφληκότας,
2887 438 3288 515 ἆπορουμὲνοις
3337 462 3395 497 τε
3435 441 3500 498 τὰ
3554 444 3694 520 πρὸς

275 524 485 597 μίζετο.

270 632 327 687 ε’.
378 631 575 688 "Ome:
627 633 654 686 ὁ
689 629 1071 707 [Ι-αλαιολόγος
1104 632 1369 707 καταστὰς
1421 630 1497 693 εἷς
1528 632 1624 701 τήν
1658 629 1935 707 βασιλείαν

724 700 1102 777 ἐφιλοτιμεῖτο
1132 706 1199 758 τὰ
1233 700 1481 778 μὲγιστα.

344 795 431 867 [P.
466 794 557 861 6‘3]
589 792 668 849 Τὸ
701 788 746 846 δ’
776 792 1014 857 ἐντεῦθεν
1046 794 1097 848 οἱ
1134 792 1228 866 μὲν
1278 794 1379 861 τῆς
1426 792 1710 868 γερουσίας
1763 813 1931 869 προσ-

270 883 498 951 ήκουσιν
557 880 1360 959 όφφικίοιςηένεσεμνύνοντο,
1432 880 1522 937 καὶ
1580 880 1774 944 ἄλλοις
1838 884 1934 956 μὶν

266 970 417 1025 ἄλλα
448 970 514 1025 τὰ
548 972 641 1044 μὶν
676 967 918 1026 ἐδίδοντο
949 972 1015 1027 τὰ
1042 969 1086 1027 δ’
1124 970 1174 1027 ἒν
1230 973 1580 1047 ὑποσχέσεσιν
1630 973 1786 1041 ἦσαν’
1836 974 1929 1029 τὸν

268 1057 315 1113 δ’
366 1056 705 1138 αὐτάδελφον
760 1059 1036 1131 Ἰωάννην,
1092 1063 1260 1137 μέγαν
1312 1058 1629 1134 δομὲστικον
1664 1059 1811 1129 ὄντα,
1859 1067 1927 1137 τῇ

257 1154 361 1204 τοῦ
432 1150 714 1224 Τορνικίου
774 1149 1179 1207 Κωνσταντίνου
1250 1152 1499 1225 θυγατέρι
1560 1150 1695 1225 πρὸς
1748 1151 1927 1224 γάμου

257 1238 554 1294 κοινωνίαν
591 1242 923 1316 συνήρμοσε,
970 1237 1066 1295 κᾶν
1118 1238 1169 1295 ἐν
1217 1234 1508 1301 ἀναϐολαῖς
1541 1238 1607 1308 ἦν
1655 1242 1716 1294 τὸ
1767 1240 1925 1312 ἀξίω-

262 1350 362 1401 μα.
446 1328 680 1405 Θάτερον
758 1326 815 1385 δὲ
885 1333 992 1385 τῶν
1068 1327 1319 1403 ἀδελφῶν
1370 1335 1799 1398 Κωνσταντῖνον,
1847 1324 1925 1383 ἔτι

258 1415 471 1493 ἔχοντα
520 1417 572 1474 ἐν
618 1417 886 1491 ἰδιώταις,
942 1420 1078 1474 κατὰ
1125 1419 1312 1495 καιρὸν
1373 1423 1535 1491 τιμᾷν
1590 1417 1745 1479 αὐτὸς
1788 1417 1923 1476 Καί-

260 1529 404 1582 σαρα
447 1509 927 1585 προθυμούμενος,
989 1510 1328 1583 συνήρμοττε
1371 1506 1426 1562 δὲ
1465 1508 1553 1562 καὶ
1611 1507 1755 1578 αύτῷ
1785 1509 1920 1580 πρὸς

254 1595 445 1670 γάμον
499 1600 600 1666 τὴν
650 1602 745 1653 τοῦ
791 1601 969 1671 Βρανᾶ
1015 1594 1183 1651 παῖδα
1232 1598 1421 1673 εὐγενῆ
1456 1596 1634 1665 οὖσαν,
1672 1594 1835 1673 σοφόν
1866 1618 1919 1651 τι

254 1692 440 1741 ποιῶν
500 1689 589 1742 καὶ
643 1687 771 1749 τοὺς
829 1686 879 1741 ἐν
929 1684 1074 1741 τέλει
1122 1690 1239 1747 τοῖς
1292 1683 1481 1755 κήδεσι
1513 1687 1919 1761 προσποιούμε-

2045 525 2188 593 ζωῆι
2241 521 2423 587 διδοὺς
2480 527 2853 605 ἀφθονώτερα,
2902 530 2991 583 καί
3042 550 3104 603 γε
3163 535 3279 592 τοῖς
3336 526 3699 605 ἠδικημένοις

2041 612 2261 686 ἀμύνων
2290 615 2379 669 καὶ
2411 615 2831 693 φιλοτιμότερον
2865 616 3121 693 προχέων
3152 618 3215 673 τὸ
3265 615 3513 694 δαψιλὲς,
3565 618 3694 675 ὥστ’

2042 702 2172 757 εἶναι
2250 702 2360 776 ἅμα
2421 706 2515 777 μὲν
2571 706 2871 781 ἀνενεγκεῖν
2931 709 3053 781 περί
3112 705 3211 762 τού
3262 728 3384 762 τινα
3434 709 3524 763 καὶ
3580 709 3694 783 ἅμα

2039 788 2352 866 προϐαίνειν
2428 796 2657 870 γράμμα
2738 792 3021 871 βασιλικὸν
3093 798 3433 869 προστάσσον
3504 796 3693 872 ἐκείνῳ

2036 883 2098 936 τὸ
2153 884 2288 937 κατά
2340 880 2625 957 βούλησιν,
2654 874 2723 938 ἐι
2771 884 2859 939 καὶ
2892 882 3009 939 δυσὶ
3044 885 3265 960 χρόνοις
3322 883 3540 963 ὕστερον
3594 887 3693 941 ἆν-

2040 967 2309 1045 ελάμϐανε
2351 971 2417 1028 τὰ
2462 972 2917 1048 προστεταγμένα.
2972 972 3079 1032 Κᾶν
3130 976 3237 1031 πού
3267 998 3349 1039 τις
3383 976 3463 1055 ἐφ’
3494 978 3575 1039 οἷς
3610 977 3686 1031 εἶ-

2038 1082 2132 1136 χεν
2165 1058 2509 1137 ὀχλούμενος
2540 1063 2600 1116 τὸ
2649 1060 2881 1137 γράμμα
2928 1070 3026 1133 τῆς
3079 1064 3308 1139 χάριτος
3353 1061 3695 1140 προῦτεινεν,

2038 1150 2189 1215 εὐθὺς
2249 1153 2405 1228 φανὲν
2461 1150 2707 1225 δευτέρας
2760 1149 3095 1215 ἶνδικτιῶνος
3145 1154 3223 1225 ὅν,
3254 1153 3351 1222 τήν
3382 1150 3530 1209 δόσιν
3586 1156 3690 1211 ἄπο

2036 1240 2352 1315 εψηφίζετο,
2411 1242 2485 1304 ὠς
2532 1240 2583 1295 ἐν
2636 1244 2811 1317 καιρῷ
2859 1238 3026 1313 μηδὲν
3074 1238 3349 1317 ἀκριϐείας
3400 1244 3488 1297 καὶ
3520 1263 3691 1316 προσ-

2035 1335 2180 1404 οχῆς
2215 1327 2342 1404 ἔχον
2374 1330 2434 1384 τὸ
2489 1331 2733 1405 γεγονός.
2784 1330 2923 1387 Τότε
2954 1328 3010 1385 δὶ
3039 1328 3129 1385 καί
3184 1327 3352 1387 πόλλ’
3404 1328 3535 1387 ἅττα
3590 1334 3686 1386 τοῦ

2032 1423 2217 1472 κοινοῦ
2274 1417 2524 1491 ταμιείου
2559 1418 2819 1496 ἐξεφόρει,
2849 1419 2938 1473 καὶ
2974 1416 3317 1495 δημηγορῶν
3358 1423 3476 1483 τοῖς
3520 1440 3698 1474 συνει-

2034 1504 2325 1582 λεγμένοις
2357 1509 2492 1582 πρὸς
2534 1508 2692 1582 χάριν
2742 1507 2972 1577 ἅπασαν,
3026 1508 3116 1563 εἴτ’
3170 1507 3503 1585 ἀμφοτέραις
3554 1507 3697 1564 ἐκεί-

2029 1616 2143 1658 νοις
2174 1595 2417 1666 ἐξήντλει
2449 1597 2516 1650 τὰ
2567 1599 2849 1672 χρήματα,
2906 1594 3080 1671 χύδην
3134 1595 3399 1672 ἐκρίπτων
3449 1594 3682 1667 κυνηδὸν

2030 1683 2408 1759 συλλέγουσιν·

249 1798 371 1839 νος.
439 1777 535 1831 Καὶ
596 1777 722 1839 τοὺς
781 1776 874 1850 μὲν
908 1782 1007 1845 τῆς
1040 1775 1327 1851 γερουσίας
1373 1776 1513 1830 οὕτω
1575 1772 2092 1880 μεγαλοπρε-Βέ,
2146 1795 2328 1855 Ὅπως
2402 1795 2498 1855 τὰς
2556 1792 2719 1855 ἄκρας
2786 1793 2907 1868 ὠχύ
2948 1814 3008 1846 ου
3069 1794 3157 1848 καὶ
3218 1794 3387 1866 μήπω
3448 1794 3688 1870 στεφθεῖς

249 1871 377 1921 πῶς
408 1864 998 1921 ἐθεσάπευε.ποονοίας
1046 1862 1263 1921 τούτοις
1321 1863 1560 1921 ἐπαύξων
1611 1864 1698 1919 καὶ
1747 1885 1918 1921 ποοσ-
2623 1813 3094 1921 δΠαλαιοξόγος.

248 1871 377 1929 πῶς
408 1864 717 1942 ἐθεράπευε,
742 1866 998 1940 προνοίας
1046 1862 1263 1927 τούτοις
1321 1863 1560 1937 ἐπαύξων
1611 1864 1698 1919 καὶ
1747 1885 1918 1939 προσ-

249 1955 430 2019 τιθεὶς
496 1953 585 2009 καὶ
656 1954 867 2029 χαίρειν
920 1952 1097 2033 ἀφιεὶς
1156 1958 1272 2015 τοῖς
1328 1957 1478 2025 πᾶσι,
1541 1959 1647 2007 τῶν
1706 1953 1915 2027 ἀγαθῶν

246 2045 314 2098 τὰ
376 2045 473 2117 μὲν
522 2039 886 2117 λαμϐάνουσι,
934 2043 1000 2098 τὰ
1049 2040 1096 2097 δ’
1126 2040 1435 2112 ἐλπίζουσι·
1471 2041 1533 2097 τὸ
1565 2040 1621 2097 δὲ
1653 2062 1921 2117 στρατιω-

246 2134 413 2188 τικόν
442 2154 503 2188 τε
534 2136 620 2188 καὶ
654 2133 753 2201 τήν
778 2130 1016 2203 πληθὺν,
1067 2130 1195 2193 τοὺς
1248 2134 1341 2204 μὲν
1386 2136 1779 2207 καθημεριναῖς
1832 2153 1921 2208 φι-

242 2221 542 2296 λοτιμίαις
574 2220 814 2297 ὤφελλε,
845 2222 933 2278 καὶ
966 2217 1413 2298 χρυσοϐούλλοις
1443 2221 1511 2277 τὰ
1560 2222 1769 2297 ὑπεσχη
1784 2222 1918 2293 μένα

238 2312 475 2376 τούτοις
505 2310 772 2384 ἐπλήρου,
822 2312 909 2366 καὶ
958 2313 1095 2385 πρὸς
1141 2312 1202 2366 τὸ
1253 2309 1458 2384 μέλλον
1514 2311 1915 2387 εὐθυμοτέρους

240 2399 490 2457 καθίστα
527 2398 603 2462 ὡς
659 2400 956 2461 ἀϐανᾶτους
1012 2399 1109 2461 τὰς
1165 2406 1267 2468 τῆς
1320 2404 1466 2469 ζωῆς
1522 2400 1783 2474 προνοίας
1824 2402 1911 2454 καὶ

241 2488 309 2543 τὰ
373 2484 636 2561 διδόμενα
686 2490 968 2565 σινηρὲσεα
1014 2493 1129 2550 τοῖς
1177 2490 1361 2544 παισὶν
1412 2486 1651 2560 ἕξοντας,
1691 2488 1816 2550 τοὺς
1870 2486 1916 2543 δ’

245 2574 618 2651 ἐθεράπευεν,
670 2577 921 2652 ἀνοιγνῦς
971 2578 1215 2654 φυλακὰς
1263 2580 1349 2633 καὶ
1404 2582 1581 2652 χρεῶν
1632 2575 1912 2651 δημοσίων

239 2791 550 2860 sublatus,
578 2790 1100 2848 acclamationibus
1124 2796 1180 2847 et
1212 2792 1445 2864 plausu,
1479 2792 1694 2864 quibus
1726 2793 1908 2865 excipi

241 2882 392 2939 novi
423 2881 813 2954 imperatores
844 2880 1052 2952 solent,
1086 2882 1157 2937 ab
1191 2881 1480 2939 universis
1530 2881 1822 2939 salutatus
1853 2886 1909 2938 et

236 2974 558 3045 Augustus
590 2969 925 3028 declaratus
958 2974 1065 3027 est.

234 3082 285 3135 5.
333 3079 403 3136 Ut
431 3077 779 3149 Palwologus
808 3085 1016 3135 erectus
1048 3080 1104 3134 in
1138 3080 1436 3151 imperium
1482 3082 1642 3151 regia
1699 3083 1901 3137 libera-

680 3151 837 3206 litale
865 3154 1084 3206 cunctos
1115 3150 1469 3208 demeruer‘it.

308 3240 466 3297 Inde
501 3242 805 3295 senatores
837 3239 1077 3311 quidem
1100 3240 1309 3298 officiis
1331 3258 1434 3313 pro
1459 3243 1746 3315 cujusque
1772 3258 1897 3298 me-

230 3329 376 3385 ritis
395 3328 861 3395 honorabantur,
892 3332 947 3385 et
988 3328 1117 3385 aliis
1187 3328 1299 3385 alia
1343 3332 1555 3403 partim
1598 3331 1898 3388 donaban-

230 3417 590 3491 tur,partim
623 3417 1135 3491 promittebantur.
1174 3419 1435 3475 Fratrem
1459 3437 1590 3476 vero
1612 3422 1897 3477 Joannem

230 3514 371 3564 tum
406 3506 599 3563 adhuc
643 3522 927 3578 magnum
980 3507 1367 3565 domesticum
1414 3510 1898 3567 sebastocraloris

233 3611 454 3654 ornare
479 3596 765 3669 dignitate
793 3614 1033 3669 aequum
1070 3598 1324 3669 censuit,
1358 3602 1415 3655 et
1449 3598 1499 3655 ei
1528 3600 1897 3656 Constantini

228 3686 501 3743 Tornicii
535 3684 714 3741 ﬁliam
747 3687 1122 3743 matrimonio
1159 3687 1478 3758 conjunxit,
1540 3689 1895 3745 destinatam

231 3774 595 3850 dignitatem
628 3775 686 3830 in
718 3778 951 3847 tempus
983 3775 1138 3832 aliud
1173 3776 1733 3835 difi‘ereus.Alterum
1765 3796 1897 3835 vero

231 3867 495 3921 fratrum
516 3864 973 3921 Constantinum
989 3865 1044 3920 in
1061 3865 1437 3938 privatatunc
1453 3868 1690 3939 quidem
1706 3868 1897 3924 adhuc

232 3956 485 4028 reliquit
506 3957 685 4025 sorte,
718 3970 825 4009 suo
854 3958 1114 4027 tempore
1137 3971 1333 4012 creare
1363 3954 1559 4028 ipsum
1612 3960 1895 4013 Caesarem

232 4044 554 4102 habensin
611 4042 829 4099 animo.
889 4043 1057 4099 Dedit
1112 4048 1307 4100 autem
1365 4049 1422 4101 et
1475 4044 1613 4101 huic
1655 4061 1894 4101 uxorem

234 4136 447 4191 Branze
486 4132 667 4188 filiam
702 4149 843 4188 sane
887 4134 1287 4205 praenobilem,
1337 4135 1588 4207 sapienti
1650 4134 1894 4191 consilio

233 4222 635 4281 alflnitatibus
665 4222 944 4294 patricios
973 4222 1082 4278 sibi
1108 4223 1464 4279 devinciens.
1498 4229 1564 4280 Et
1595 4229 1894 4281 senatores

234 4315 487 4387 quidem
520 4314 578 4367 in
612 4312 769 4367 hunc
802 4312 1040 4367 modum
1068 4312 1379 4385 magniﬁce
1411 4315 1721 4380 demeruit,
1754 4332 1893 4386 pen-

235 4405 441 4461 siones
473 4402 547 4457 iis
572 4402 892 4473 adaugens,
926 4406 981 4455 et
1016 4402 1188 4457 donis
1233 4404 1628 4475 superadditis
1686 4422 1895 4459 cumuv

231 4490 749 4561 lans,cunctisque
780 4491 1075 4562 gaudendi
1110 4492 1415 4547 materiam
1440 4494 1687 4550 offerens
1710 4492 1893 4549 hono-

2623 1844 3094 1939 innatae“;

2103 1956 2187 2027 [P.
2221 1957 2311 2029 63]
2357 1957 2456 2011 Ἦν
2506 1958 2693 2027 ταῦτα,
2736 1954 2985 2016 κάκεῖνος
3038 1956 3133 2027 μὲν
3179 1957 3523 2029 καταχυροῦν
3580 1955 3675 2017 τὰς

2031 2042 2195 2119 ἄκρας
2227 2043 2507 2121 προῦργου
2538 2043 2885 2117 ποιούμενος,
2938 2042 3048 2118 ἅμα
3093 2041 3150 2099 δὶ
3196 2043 3285 2099 καὶ
3338 2040 3677 2113 δηλοποιού-

2034 2154 2191 2205 μενος
2233 2132 2380 2206 αὖτῷ
2429 2134 2711 2210 προσώπῳ
2762 2136 2861 2203 τὴν
2902 2139 3001 2203 τῆς
3035 2130 3313 2209 βασιλείας
3357 2131 3673 2207 ἀνάρρησιν,

2030 2221 2115 2276 ἐπὶ
2166 2220 2566 2301 Φιλαδελφείας
2619 2219 2759 2298 ἔγνω
2819 2228 3049 2298 χωρεῖν,
3103 2221 3277 2277 λιπὼν
3326 2221 3420 2276 τὸν
3470 2222 3587 2275 νὲον
3622 2221 3674 2275 ἐν

2029 2310 2340 2387 Μαγνησίᾳ,
2429 2310 2765 2385 βασιλικῶς,
2850 2314 2923 2374 ὡς
3006 2305 3135 2380 ἔδει,
3223 2310 3675 2386 θεραπευόμενον.

2030 2400 2317 2455 Συνείπετο
2371 2397 2426 2454 δέ
2477 2401 2527 2454 οἱ
2576 2401 2663 2455 καὶ
2712 2402 2848 2455 ἅπαν
2875 2401 2937 2456 τὸ
2969 2399 3357 2476 στρατιωτικὸν
3406 2397 3678 2475 προασπί-

2030 2495 2118 2558 ζον
2199 2492 2295 2543 τοῦ
2356 2488 2623 2564 βασιλέως
2703 2491 2819 2562 μεθ’
2876 2488 2958 2544 ὅτι
3010 2486 3271 2561 πλείστης
3326 2486 3532 2550 εὐνοίας
3586 2486 3677 2542 καὶ

2025 2579 2160 2654 πρὸς
2217 2579 2278 2633 τὸ
2308 2584 2488 2633 πονεῖν
2524 2579 2699 2654 ὁρμῆς
2749 2579 2991 2651 ἑτοῖμον,
3047 2578 3183 2633 ὅπου
3239 2598 3299 2653 γε
3328 2576 3415 2633 καὶ
3447 2578 3566 2632 καθ’
3597 2577 3671 2632 ὧν

2022 2792 2309 2866 condigne
2341 2792 2632 2867 supplicio
2667 2792 3026 2850 multatis.Et
3056 2793 3247 2851 inerat
3276 2792 3463 2850 multa
3480 2810 3666 2866 popu-

2020 2882 2221 2939 laritas
2253 2885 2311 2940 in
2347 2884 2521 2939 modo
2548 2883 2667 2939 haec
2692 2883 2924 2956 agendi,
2959 2882 3236 2939 facilitate
3264 2885 3321 2938 et
3364 2882 3662 2940 amabilis-

2019 2972 2167 3028 sima
2184 2972 2538 3046 benignitate
2559 2972 2862 3045 largientis
2894 2973 3046 3028 dona
3077 2989 3180 3045 per
3201 2989 3263 3029 se
3294 2976 3457 3044 grata
3474 2970 3660 3029 multo

2017 3062 2291 3118 reddente
2323 3063 2597 3134 gratiora.
2631 3062 2854 3135 Quippe
2888 3078 2999 3117 non
3034 3078 3161 3118 raro
3196 3061 3391 3117 statim
3423 3078 3489 3117 ac
3520 3060 3653 3132 quis

1932 3179 1974 3248 Ο
2014 3151 2083 3251 de
2115 3167 2222 3250 sua
2249 3150 2525 3251 quapiam
2543 3150 2886 3251 necessitate
2912 3149 3191 3251 retulerat
3212 3150 3281 3251 ad
3308 3147 3657 3251 principem,

2011 3239 2060 3296 is
2096 3240 2220 3296 sine
2255 3256 2417 3295 mora
2438 3239 2695 3311 diploma
2728 3238 2955 3311 regium
2988 3238 3098 3311 ipsi
3129 3238 3283 3310 quod
3317 3236 3659 3310 postulabat

2008 3346 2277 3385 asserens
2301 3329 2357 3384 in
2392 3344 2631 3383 manum
2658 3328 3013 3395 dabat,unde
3040 3328 3090 3384 is
3115 3326 3282 3383 laetus
3317 3326 3651 3399 abibat,etsi

2008 3435 2433 3491 nonnunquam
2458 3435 2571 3474 non
2598 3418 2711 3473 nisi
2738 3422 2871 3490 post
2892 3416 3197 3473 biennium
3221 3416 3423 3489 pensio
3452 3433 3656 3473 nume-

2009 3509 2193 3564 randa
2227 3506 2875 3579 prescriberetur.Quod
2908 3504 2959 3562 si
2983 3520 3179 3579 quem,
3214 3504 3315 3560 ubi
3363 3503 3653 3578 scriptum

2007 3599 2248 3670 legerat,
2280 3598 2517 3653 taederet
2549 3613 2722 3652 morae
2747 3596 3099 3667 referretque
3147 3594 3402 3667 diploma
3436 3597 3492 3650 et
3521 3611 3651 3668 gra-

2006 3688 2145 3743 tiam
2172 3685 2574 3760 reprzesentari
2608 3684 3174 3758 posceret,placidus
3206 3682 3303 3739 ille
3369 3702 3435 3740 ac
3492 3682 3651 3740 reni-

2007 3778 2150 3833 dens
2182 3776 2633 3849 recognoscebat
2665 3776 2975 3847 scriptum,
3008 3778 3064 3830 et
3095 3773 3193 3829 ubi
3252 3790 3449 3830 revera
3504 3772 3652 3829 dila-

2004 3871 2129 3922 tum
2162 3866 2219 3921 in
2252 3866 2569 3921 secundam
2601 3864 2979 3919 indictionem
3012 3864 3230 3919 donum
3272 3862 3527 3932 videbat,
3562 3863 3652 3918 ul-

2006 3959 2094 4010 tro
2126 3954 2446 4010 damnabat
2478 3953 2830 4027 scripturam
2864 3952 3033 4025 quasi
3065 3971 3099 4009 a
3156 3968 3365 4024 parum
3424 3954 3646 4007 attento

2006 4044 2360 4114 minimeque
2384 4047 2651 4099 assecuto
2686 4045 2939 4098 mentem
2972 4059 3140 4098 suam
3166 4039 3406 4096 librario
3431 4040 3648 4095 forma-

2004 4138 2145 4204 tam,
2173 4132 2535 4204 jubebatque
2566 4131 2797 4204 corrigi.
2831 4130 2932 4187 His
2964 4136 3021 4187 et
3052 4129 3347 4187 similibus
3403 4130 3475 4184 de
3513 4146 3649 4184 cau-

2004 4224 2085 4279 sis
2117 4221 2763 4294 profundebatlargiter
2793 4220 2995 4276 aerario
3028 4220 3192 4293 prius
3239 4218 3395 4292 regio
3442 4218 3647 4275 condi-

2002 4317 2091 4367 tas
2124 4331 2282 4385 opes.
2309 4314 2374 4368 Et
2398 4312 2470 4367 ab
2502 4311 2839 4367 concionem
2874 4311 3094 4382 passim
3145 4309 3391 4381 loquens
3450 4308 3651 4365 omnia

2003 4402 2074 4456 ad
2121 4401 2461 4473 popularem
2521 4400 2771 4473 gratiam
2816 4398 3159 4471 composita,
3216 4402 3465 4470 utraque
3516 4415 3649 4455 mox

2004 4507 2184 4546 manu
2217 4490 2522 4546 hauriebat
2552 4494 2606 4547 et
2638 4487 2871 4561 publico
2910 4488 3187 4545 thesauro
3219 4488 3333 4543 vim
3388 4487 3644 4559 pecunias

232 4599 372 4638 rum
403 4582 495 4637 vel
528 4581 876 4638 collatorum
905 4582 1179 4655 praesenti
1213 4584 1404 4639 fructu
1436 4584 1523 4641 vel
1556 4590 1712 4641 certa
1766 4604 1893 4658 pro-
1927 4562 1971 4629 Ῐ)
2004 4581 2324 4653 ingentem,
2366 4580 2717 4636 effusissime
2766 4578 3080 4651 projioieas
3138 4594 3263 4650 qua:
3307 4576 3644 4635 avidissime

232 4672 587 4728 mitssorum
620 4673 1068 4743 exspectatione.
1099 4672 1225 4729 Jam
1244 4673 1561 4729 exercitum
1580 4692 1644 4730 ac
1660 4676 1887 4748 plebem

228 4761 395 4817 varie
428 4759 701 4816 delinivit
733 4776 746 4815 :
783 4778 916 4816 nam
952 4766 1009 4817 et
1040 4762 1351 4835 plerosque
1383 4763 1743 4834 quotidianis
1783 4766 1889 4820 do-

233 4850 460 4907 nativis
484 4849 639 4921 juvit
668 4853 724 4904 et
755 4850 969 4922 quibus
997 4868 1098 4923 per
1122 4851 1444 4923 diplomata
1473 4852 1653 4908 bullis
1697 4854 1889 4911 aureis

234 4941 473 4995 munita
488 4937 846 5012 promissum
864 4939 1083 5013 aliquid
1104 4942 1451 5010 fuerat,cum
1474 4941 1587 4996 ﬁde
1603 4958 1889 5013 repraesen

232 5026 497 5097 tavit,sic
530 5026 663 5082 illos
689 5028 746 5082 in
775 5026 1036 5084 futurum
1072 5044 1309 5086 securos
1336 5033 1391 5085 et
1425 5031 1567 5086 bene
1600 5031 1890 5087 animatos

232 5118 867 5189 efficiens,utpotejam
901 5123 1090 5175 certos
1123 5136 1472 5191 processura
1494 5120 1639 5192 ipsis
1664 5125 1720 5177 et
1744 5120 1889 5177 libe—

236 5207 320 5262 ris
338 5205 604 5261 eorumin
623 5222 797 5262 omne
815 5208 1132 5279 tempusad
1150 5209 1368 5265 victum
1386 5210 1613 5265 decreta
1628 5209 1893 5267 subsidia

237 5299 291 5351 et
325 5295 425 5350 98
485 5294 763 5351 frumenti
790 5298 1065 5353 demensn
1101 5299 1436 5354 constituta.
1471 5299 1700 5354 Plebem
1759 5317 1890 5355 vero

240 5384 532 5456 praecipue
563 5385 844 5440 demulsit
877 5387 1209 5459 aperiendis
1240 5387 1545 5453 custodiis,
1587 5392 1642 5443 et
1676 5388 1748 5443 iis
1793 5390 1891 5460 qui

241 5474 382 5528 fisco
422 5473 562 5544 quid
614 5473 886 5529 deberent
946 5492 1049 5530 nec
1080 5476 1354 5531 solvendo
1420 5480 1631 5543 essent,
1690 5477 1892 5533 liberis

238 5561 927 5634 dimittendis,pr:eterea
945 5563 1248 5635 largiendo
1266 5566 1888 5635 liberaliteralimenta,

241 5656 297 5707 et
334 5668 535 5723 passos
568 5650 842 5724 injuriam
877 5654 1643 5721 consolandn,vexatoribus
1688 5672 1889 5714 eorum

2001 4670 2448 4742 colligebantur.

1996 4826 2051 4878 6.
2090 4826 2150 4880 Ut
2182 4838 2329 4877 arces
2360 4822 2627 4877 munierit
2672 4822 2914 4877 nondum
2944 4827 3237 4878 coronatus
3267 4822 3638 4895 Palwologus.

2072 4941 2199 4995 llaec
2228 4938 2466 5011 quidem
2499 4937 2581 4993 sic
2610 4954 2671 4993 se
2701 4937 3310 4996 habebant.Ca:terum
3342 4938 3440 4996 ille
3494 4958 3639 5014 ope-

2001 5047 2072 5084 ras
2101 5028 2355 5101 pretium
2390 5045 2450 5083 se
2483 5028 2773 5083 facturum
2808 5031 2991 5099 ratus,
3026 5028 3075 5083 si
3133 5044 3294 5085 arces
3358 5026 3659 5099 muniret,

2000 5118 2178 5174 simul
2210 5121 2267 5173 et
2296 5117 2566 5190 praesenti
2594 5122 2914 5189 conspectu
2966 5117 3334 5174 exhibiturus
3379 5120 3639 5191 pepulis,

2000 5207 2100 5278 qui
2132 5207 2259 5278 ejus
2290 5204 2698 5262 acclamationi
2731 5224 2845 5262 non
2902 5206 3309 5274 interfuerant,
3343 5209 3638 5280 specimen

2000 5295 2111 5351 sibi
2145 5295 2374 5352 creditae
2408 5313 2693 5367 supremae
2717 5294 3508 5368 potestatis,Philad‘elphiam
3544 5299 3640 5353 de-

2001 5386 2184 5442 crevit
2214 5386 2529 5458 proficisci,
2576 5384 2774 5441 relicto
2828 5403 3007 5458 puero
3058 5386 3282 5457 collega
3326 5385 3631 5457 Magnesia:

2001 5494 2134 5531 cum
2168 5475 2344 5548 regio,
2378 5475 2460 5531 uti
2494 5492 2600 5547 par
2650 5480 2795 5543 erat,
2846 5472 3137 5529 satellitio.
3198 5476 3443 5529 Secutus
3501 5490 3635 5529 eum

2001 5570 2090 5621 est
2121 5564 2429 5621 universus
2461 5566 2745 5621 exercitus
2780 5562 3634 5633 circumdansprincipemcum

2001 5656 2271 5711 omnibus
2302 5660 2358 5711 et
2390 5655 2537 5710 veris
2570 5654 2910 5710 indiciis!!!)
2929 5650 3339 5707 benevolentia:
3364 5666 3635 5719 summm,
